  <div class='ocr_page' id='page_1' title='image "/cluster/home/n/w/nwhite01/storage/ocr_20150623/43:no.3/coo.31924054869429/183.png"; bbox 0 0 3988 6464; ppageno 0'>
   <div class='ocr_carea' id='block_1_1' title="bbox 446 329 543 386">
    <p class='ocr_par' dir='ltr' id='par_1_1' title="bbox 446 329 543 386">
     <span class='ocr_line' id='line_1_1' title="bbox 446 329 543 386; baseline 0 0"><span class='ocrx_word' id='word_1_1' title='bbox 446 329 543 386; x_wconf 75' lang='grc'><strong>351</strong></span> 
     </span>
    </p>
   </div>
   <div class='ocr_carea' id='block_1_2' title="bbox 1721 326 3686 393">
    <p class='ocr_par' dir='ltr' id='par_1_2' title="bbox 1721 326 3686 393">
     <span class='ocr_line' id='line_1_2' title="bbox 1721 326 3686 393; baseline 0.007 -14"><span class='ocrx_word' id='word_1_2' title='bbox 1721 326 1896 380; x_wconf 68' lang='lat' dir='ltr'><strong>Lll‘slll</strong></span> <span class='ocrx_word' id='word_1_3' title='bbox 1941 328 2026 381; x_wconf 73' lang='lat' dir='ltr'><strong>or.</strong></span> <span class='ocrx_word' id='word_1_4' title='bbox 2065 331 2154 383; x_wconf 70' lang='lat' dir='ltr'><strong>xu</strong></span> <span class='ocrx_word' id='word_1_5' title='bbox 2196 329 2456 383; x_wconf 69' lang='lat' dir='ltr'><strong>smnus</strong></span> <span class='ocrx_word' id='word_1_6' title='bbox 2881 344 2894 356; x_wconf 84' lang='lat'><strong>-</strong></span> <span class='ocrx_word' id='word_1_7' title='bbox 3594 331 3686 393; x_wconf 73' lang='lat'><strong>359.</strong></span> 
     </span>
    </p>
   </div>
   <div class='ocr_carea' id='block_1_3' title="bbox 371 435 3691 515">
    <p class='ocr_par' dir='ltr' id='par_1_3' title="bbox 371 435 3691 515">
     <span class='ocr_line' id='line_1_3' title="bbox 371 435 3691 515; baseline 0.002 -19"><span class='ocrx_word' id='word_1_8' title='bbox 371 435 379 478; x_wconf 57' lang='lat'><strong>&#39;-</strong></span> <span class='ocrx_word' id='word_1_9' title='bbox 446 439 744 514; x_wconf 66' lang='lat' dir='ltr'><strong>253l55]</strong></span> <span class='ocrx_word' id='word_1_10' title='bbox 777 446 832 494; x_wconf 90' lang='lat' dir='ltr'><strong>et</strong></span> <span class='ocrx_word' id='word_1_11' title='bbox 875 439 1137 508; x_wconf 87' lang='lat' dir='ltr'><strong>deinceps</strong></span> <span class='ocrx_word' id='word_1_12' title='bbox 1171 438 1264 509; x_wconf 88' lang='lat' dir='ltr'><strong>qui</strong></span> <span class='ocrx_word' id='word_1_13' title='bbox 1300 448 1626 510; x_wconf 90' lang='lat' dir='ltr'><strong>sequuntur,</strong></span> <span class='ocrx_word' id='word_1_14' title='bbox 1667 447 1724 494; x_wconf 89' lang='lat' dir='ltr'><strong>et</strong></span> <span class='ocrx_word' id='word_1_15' title='bbox 1765 455 2033 510; x_wconf 82' lang='lat' dir='ltr'><strong>nusquam</strong></span> <span class='ocrx_word' id='word_1_16' title='bbox 2067 449 2108 502; x_wconf 71' lang='grc' dir='ltr'>Α</span> <span class='ocrx_word' id='word_1_17' title='bbox 2142 443 2380 496; x_wconf 87' lang='lat' dir='ltr'><strong>sollicita</strong></span> <span class='ocrx_word' id='word_1_18' title='bbox 2413 457 2640 508; x_wconf 82' lang='lat' dir='ltr'><strong>prorsus</strong></span> <span class='ocrx_word' id='word_1_19' title='bbox 2676 441 2982 498; x_wconf 81' lang='lat' dir='ltr'><strong>intentione</strong></span> <span class='ocrx_word' id='word_1_20' title='bbox 3024 441 3389 512; x_wconf 85' lang='lat' dir='ltr'><strong>pervenimus,</strong></span> <span class='ocrx_word' id='word_1_21' title='bbox 3419 453 3473 498; x_wconf 89' lang='lat' dir='ltr'><strong>et</strong></span> <span class='ocrx_word' id='word_1_22' title='bbox 3505 445 3691 515; x_wconf 89' lang='lat' dir='ltr'><strong>reperi-</strong></span> 
     </span>
    </p>
   </div>
   <div class='ocr_carea' id='block_1_4' title="bbox 451 530 1134 588">
    <p class='ocr_par' dir='ltr' id='par_1_4' title="bbox 451 530 1134 588">
     <span class='ocr_line' id='line_1_4' title="bbox 451 530 1134 588; baseline 0 -2"><span class='ocrx_word' id='word_1_23' title='bbox 451 531 581 588; x_wconf 89' lang='lat' dir='ltr'><strong>Levi</strong></span> <span class='ocrx_word' id='word_1_24' title='bbox 611 533 818 586; x_wconf 89' lang='lat' dir='ltr'><strong>mentio</strong></span> <span class='ocrx_word' id='word_1_25' title='bbox 851 530 996 586; x_wconf 82' lang='lat' dir='ltr'><strong>facta</strong></span> <span class='ocrx_word' id='word_1_26' title='bbox 1031 539 1134 586; x_wconf 88' lang='lat' dir='ltr'><strong>est.</strong></span> 
     </span>
    </p>
   </div>
   <div class='ocr_carea' id='block_1_5' title="bbox 523 622 2033 694">
    <p class='ocr_par' dir='ltr' id='par_1_5' title="bbox 523 622 2033 694">
     <span class='ocr_line' id='line_1_5' title="bbox 523 622 2033 694; baseline 0.001 -16"><span class='ocrx_word' id='word_1_27' title='bbox 523 622 901 679; x_wconf 82' lang='lat' dir='ltr'><strong>Transeuntes</strong></span> <span class='ocrx_word' id='word_1_28' title='bbox 963 623 1126 694; x_wconf 81' lang='lat' dir='ltr'><strong>igitur</strong></span> <span class='ocrx_word' id='word_1_29' title='bbox 1181 623 1246 677; x_wconf 91' lang='lat' dir='ltr'><strong>ad</strong></span> <span class='ocrx_word' id='word_1_30' title='bbox 1311 638 1511 678; x_wconf 89' lang='lat' dir='ltr'><strong>nonam</strong></span> <span class='ocrx_word' id='word_1_31' title='bbox 1565 625 1928 691; x_wconf 83' lang='lat' dir='ltr'><strong>divisionem,</strong></span> <span class='ocrx_word' id='word_1_32' title='bbox 1979 635 2033 679; x_wconf 83' lang='lat' dir='ltr'><strong>et</strong></span> 
     </span>
    </p>
   </div>
   <div class='ocr_carea' id='block_1_6' title="bbox 451 712 2033 786">
    <p class='ocr_par' dir='ltr' id='par_1_6' title="bbox 451 712 2033 786">
     <span class='ocr_line' id='line_1_6' title="bbox 451 712 2033 786; baseline -0.003 -16"><span class='ocrx_word' id='word_1_33' title='bbox 451 717 625 786; x_wconf 84' lang='lat' dir='ltr'><strong>ipsam</strong></span> <span class='ocrx_word' id='word_1_34' title='bbox 650 713 1065 785; x_wconf 78' lang='lat' dir='ltr'><strong>conspeximus,</strong></span> <span class='ocrx_word' id='word_1_35' title='bbox 1097 730 1221 784; x_wconf 59' lang='lat' dir='ltr'><strong>qua!</strong></span> <span class='ocrx_word' id='word_1_36' title='bbox 1246 714 1390 767; x_wconf 82' lang='lat' dir='ltr'><strong>facta</strong></span> <span class='ocrx_word' id='word_1_37' title='bbox 1425 723 1597 768; x_wconf 87' lang='lat' dir='ltr'><strong>estex</strong></span> <span class='ocrx_word' id='word_1_38' title='bbox 1625 723 1896 783; x_wconf 65' lang='lat' dir='ltr'><strong>praecepto</strong></span> <span class='ocrx_word' id='word_1_39' title='bbox 1930 712 2033 766; x_wconf 83' lang='lat' dir='ltr'><strong>Do-</strong></span> 
     </span>
    </p>
   </div>
   <div class='ocr_carea' id='block_1_7' title="bbox 450 806 2032 874">
    <p class='ocr_par' dir='ltr' id='par_1_7' title="bbox 450 806 2032 874">
     <span class='ocr_line' id='line_1_7' title="bbox 450 806 2032 874; baseline -0.001 -13"><span class='ocrx_word' id='word_1_40' title='bbox 450 807 608 870; x_wconf 85' lang='lat' dir='ltr'><strong>mini,</strong></span> <span class='ocrx_word' id='word_1_41' title='bbox 636 808 780 862; x_wconf 89' lang='lat' dir='ltr'><strong>sicut</strong></span> <span class='ocrx_word' id='word_1_42' title='bbox 804 807 859 861; x_wconf 90' lang='lat' dir='ltr'><strong>in</strong></span> <span class='ocrx_word' id='word_1_43' title='bbox 883 809 1023 862; x_wconf 89' lang='lat' dir='ltr'><strong>libro</strong></span> <span class='ocrx_word' id='word_1_44' title='bbox 1043 808 1358 861; x_wconf 76' lang='lat' dir='ltr'><strong>continetur</strong></span> <span class='ocrx_word' id='word_1_45' title='bbox 1387 806 1780 870; x_wconf 81' lang='lat' dir='ltr'><strong>Numerorum,</strong></span> <span class='ocrx_word' id='word_1_46' title='bbox 1813 807 2032 874; x_wconf 83' lang='lat' dir='ltr'><strong>quando</strong></span> 
     </span>
    </p>
   </div>
   <div class='ocr_carea' id='block_1_8' title="bbox 453 899 2032 970">
    <p class='ocr_par' dir='ltr' id='par_1_8' title="bbox 453 899 2032 970">
     <span class='ocr_line' id='line_1_8' title="bbox 453 899 2032 970; baseline -0.001 -18"><span class='ocrx_word' id='word_1_47' title='bbox 453 899 605 954; x_wconf 87' lang='lat' dir='ltr'><strong>missi</strong></span> <span class='ocrx_word' id='word_1_48' title='bbox 642 909 768 954; x_wconf 91' lang='lat' dir='ltr'><strong>sunt</strong></span> <span class='ocrx_word' id='word_1_49' title='bbox 804 899 1082 970; x_wconf 79' lang='lat' dir='ltr'><strong>principes</strong></span> <span class='ocrx_word' id='word_1_50' title='bbox 1126 899 1391 963; x_wconf 90' lang='lat' dir='ltr'><strong>tribuum,</strong></span> <span class='ocrx_word' id='word_1_51' title='bbox 1429 910 1487 953; x_wconf 91' lang='lat' dir='ltr'><strong>ut</strong></span> <span class='ocrx_word' id='word_1_52' title='bbox 1525 909 1678 954; x_wconf 91' lang='lat' dir='ltr'><strong>sorte</strong></span> <span class='ocrx_word' id='word_1_53' title='bbox 1726 899 2032 953; x_wconf 74' lang='lat' dir='ltr'><strong>dividerent</strong></span> 
     </span>
    </p>
   </div>
   <div class='ocr_carea' id='block_1_9' title="bbox 453 993 2033 1064">
    <p class='ocr_par' dir='ltr' id='par_1_9' title="bbox 453 993 2033 1064">
     <span class='ocr_line' id='line_1_9' title="bbox 453 993 2033 1064; baseline -0.002 -17"><span class='ocrx_word' id='word_1_54' title='bbox 453 1001 660 1048; x_wconf 87' lang='lat' dir='ltr'><strong>terram</strong></span> <span class='ocrx_word' id='word_1_55' title='bbox 701 994 1090 1064; x_wconf 85' lang='lat' dir='ltr'><strong>promissionis</strong></span> <span class='ocrx_word' id='word_1_56' title='bbox 1129 994 1256 1048; x_wconf 87' lang='lat' dir='ltr'><strong>liliis</strong></span> <span class='ocrx_word' id='word_1_57' title='bbox 1302 993 1467 1047; x_wconf 90' lang='lat' dir='ltr'><strong>Israel</strong></span> <span class='ocrx_word' id='word_1_58' title='bbox 1494 1009 1508 1058; x_wconf 88' lang='lat'><strong>;</strong></span> <span class='ocrx_word' id='word_1_59' title='bbox 1537 1001 1592 1047; x_wconf 91' lang='lat' dir='ltr'><strong>et</strong></span> <span class='ocrx_word' id='word_1_60' title='bbox 1625 1009 1723 1047; x_wconf 88' lang='lat' dir='ltr'><strong>nec</strong></span> <span class='ocrx_word' id='word_1_61' title='bbox 1764 993 1921 1047; x_wconf 81' lang='lat' dir='ltr'><strong>istam</strong></span> <span class='ocrx_word' id='word_1_62' title='bbox 1958 993 2033 1047; x_wconf 83' lang='lat' dir='ltr'><strong>si-</strong></span> 
     </span>
    </p>
   </div>
   <div class='ocr_carea' id='block_1_10' title="bbox 451 1081 2032 1152">
    <p class='ocr_par' dir='ltr' id='par_1_10' title="bbox 451 1081 2032 1152">
     <span class='ocr_line' id='line_1_10' title="bbox 451 1081 2032 1152; baseline -0.003 -16"><span class='ocrx_word' id='word_1_63' title='bbox 451 1083 654 1137; x_wconf 89' lang='lat' dir='ltr'><strong>militer</strong></span> <span class='ocrx_word' id='word_1_64' title='bbox 688 1083 754 1135; x_wconf 90' lang='lat' dir='ltr'><strong>ad</strong></span> <span class='ocrx_word' id='word_1_65' title='bbox 793 1084 1242 1152; x_wconf 85' lang='lat' dir='ltr'><strong>consequentiam</strong></span> <span class='ocrx_word' id='word_1_66' title='bbox 1287 1081 1526 1152; x_wconf 91' lang='lat' dir='ltr'><strong>lapidum</strong></span> <span class='ocrx_word' id='word_1_67' title='bbox 1573 1091 1830 1150; x_wconf 85' lang='lat' dir='ltr'><strong>coaptare</strong></span> <span class='ocrx_word' id='word_1_68' title='bbox 1859 1081 2032 1134; x_wconf 88' lang='lat' dir='ltr'><strong>valui-</strong></span> 
     </span>
    </p>
   </div>
   <div class='ocr_carea' id='block_1_11' title="bbox 451 1171 2028 1242">
    <p class='ocr_par' dir='ltr' id='par_1_11' title="bbox 451 1171 2028 1242">
     <span class='ocr_line' id='line_1_11' title="bbox 451 1171 2028 1242; baseline -0.002 -15"><span class='ocrx_word' id='word_1_69' title='bbox 451 1188 595 1228; x_wconf 88' lang='lat' dir='ltr'><strong>mus.</strong></span> <span class='ocrx_word' id='word_1_70' title='bbox 643 1172 989 1228; x_wconf 87' lang='lat' dir='ltr'><strong>lnvenientes</strong></span> <span class='ocrx_word' id='word_1_71' title='bbox 1038 1173 1184 1227; x_wconf 89' lang='lat' dir='ltr'><strong>enim</strong></span> <span class='ocrx_word' id='word_1_72' title='bbox 1234 1171 1428 1226; x_wconf 85' lang='lat' dir='ltr'><strong>Judam</strong></span> <span class='ocrx_word' id='word_1_73' title='bbox 1479 1173 1717 1242; x_wconf 87' lang='lat' dir='ltr'><strong>primum</strong></span> <span class='ocrx_word' id='word_1_74' title='bbox 1767 1173 2028 1242; x_wconf 89' lang='lat' dir='ltr'><strong>positum,</strong></span> 
     </span>
    </p>
   </div>
   <div class='ocr_carea' id='block_1_12' title="bbox 449 1263 2031 1335">
    <p class='ocr_par' dir='ltr' id='par_1_12' title="bbox 449 1263 2031 1335">
     <span class='ocr_line' id='line_1_12' title="bbox 449 1263 2031 1335; baseline -0.001 -17"><span class='ocrx_word' id='word_1_75' title='bbox 449 1265 572 1319; x_wconf 90' lang='lat' dir='ltr'><strong>dein</strong></span> <span class='ocrx_word' id='word_1_76' title='bbox 604 1264 936 1328; x_wconf 80' lang='lat' dir='ltr'><strong>Simeonem,</strong></span> <span class='ocrx_word' id='word_1_77' title='bbox 973 1273 1025 1318; x_wconf 91' lang='lat' dir='ltr'><strong>et</strong></span> <span class='ocrx_word' id='word_1_78' title='bbox 1050 1273 1234 1335; x_wconf 88' lang='lat' dir='ltr'><strong>postea</strong></span> <span class='ocrx_word' id='word_1_79' title='bbox 1279 1263 1560 1332; x_wconf 83' lang='lat' dir='ltr'><strong>Benjamin</strong></span> <span class='ocrx_word' id='word_1_80' title='bbox 1590 1283 1604 1328; x_wconf 86' lang='lat'><strong>;</strong></span> <span class='ocrx_word' id='word_1_81' title='bbox 1641 1264 1752 1317; x_wconf 90' lang='lat' dir='ltr'><strong>Dan</strong></span> <span class='ocrx_word' id='word_1_82' title='bbox 1813 1280 2031 1333; x_wconf 90' lang='lat' dir='ltr'><strong>quoque</strong></span> 
     </span>
    </p>
   </div>
   <div class='ocr_carea' id='block_1_13' title="bbox 447 1355 2031 1425">
    <p class='ocr_par' dir='ltr' id='par_1_13' title="bbox 447 1355 2031 1425">
     <span class='ocr_line' id='line_1_13' title="bbox 447 1355 2031 1425; baseline 0 -14"><span class='ocrx_word' id='word_1_83' title='bbox 447 1366 502 1412; x_wconf 89' lang='lat' dir='ltr'><strong>et</strong></span> <span class='ocrx_word' id='word_1_84' title='bbox 549 1357 857 1420; x_wconf 84' lang='lat' dir='ltr'><strong>Manassen,</strong></span> <span class='ocrx_word' id='word_1_85' title='bbox 931 1372 1141 1412; x_wconf 82' lang='lat' dir='ltr'><strong>necnon</strong></span> <span class='ocrx_word' id='word_1_86' title='bbox 1185 1364 1238 1410; x_wconf 89' lang='lat' dir='ltr'><strong>et</strong></span> <span class='ocrx_word' id='word_1_87' title='bbox 1293 1355 1526 1425; x_wconf 86' lang='lat' dir='ltr'><strong>Ephrem</strong></span> <span class='ocrx_word' id='word_1_88' title='bbox 1579 1367 1633 1411; x_wconf 90' lang='lat' dir='ltr'><strong>et</strong></span> <span class='ocrx_word' id='word_1_89' title='bbox 1677 1356 1944 1418; x_wconf 86' lang='lat' dir='ltr'><strong>Zabulon,</strong></span> <span class='ocrx_word' id='word_1_90' title='bbox 1978 1367 2031 1412; x_wconf 90' lang='lat' dir='ltr'><strong>et</strong></span> 
     </span>
    </p>
   </div>
   <div class='ocr_carea' id='block_1_14' title="bbox 446 1448 2033 1519">
    <p class='ocr_par' dir='ltr' id='par_1_14' title="bbox 446 1448 2033 1519">
     <span class='ocr_line' id='line_1_14' title="bbox 446 1448 2033 1519; baseline 0.001 -16"><span class='ocrx_word' id='word_1_91' title='bbox 446 1450 706 1519; x_wconf 79' lang='lat' dir='ltr'><strong>deinceps</strong></span> <span class='ocrx_word' id='word_1_92' title='bbox 763 1449 1034 1516; x_wconf 74' lang='lat' dir='ltr'><strong>lssacliar,</strong></span> <span class='ocrx_word' id='word_1_93' title='bbox 1083 1449 1209 1502; x_wconf 74' lang='lat' dir='ltr'><strong>exin</strong></span> <span class='ocrx_word' id='word_1_94' title='bbox 1265 1448 1401 1502; x_wconf 83' lang='lat' dir='ltr'><strong>Aser</strong></span> <span class='ocrx_word' id='word_1_95' title='bbox 1456 1457 1508 1502; x_wconf 90' lang='lat' dir='ltr'><strong>et</strong></span> <span class='ocrx_word' id='word_1_96' title='bbox 1581 1451 1880 1504; x_wconf 85' lang='lat' dir='ltr'><strong>novissime</strong></span> <span class='ocrx_word' id='word_1_97' title='bbox 1927 1450 2033 1505; x_wconf 83' lang='lat' dir='ltr'><strong>Ne-</strong></span> 
     </span>
    </p>
   </div>
   <div class='ocr_carea' id='block_1_15' title="bbox 450 1542 2033 1613">
    <p class='ocr_par' dir='ltr' id='par_1_15' title="bbox 450 1542 2033 1613">
     <span class='ocr_line' id='line_1_15' title="bbox 450 1542 2033 1613; baseline 0.001 -19"><span class='ocrx_word' id='word_1_98' title='bbox 450 1544 659 1611; x_wconf 87' lang='lat' dir='ltr'><strong>ptalim,</strong></span> <span class='ocrx_word' id='word_1_99' title='bbox 707 1551 762 1597; x_wconf 93' lang='lat' dir='ltr'><strong>et</strong></span> <span class='ocrx_word' id='word_1_100' title='bbox 799 1558 996 1598; x_wconf 90' lang='lat' dir='ltr'><strong>rursus</strong></span> <span class='ocrx_word' id='word_1_101' title='bbox 1065 1544 1270 1598; x_wconf 87' lang='lat' dir='ltr'><strong>tribum</strong></span> <span class='ocrx_word' id='word_1_102' title='bbox 1321 1542 1450 1598; x_wconf 83' lang='lat' dir='ltr'><strong>Levi</strong></span> <span class='ocrx_word' id='word_1_103' title='bbox 1491 1545 1830 1613; x_wconf 79' lang='lat' dir='ltr'><strong>reperientes</strong></span> <span class='ocrx_word' id='word_1_104' title='bbox 1864 1544 2033 1597; x_wconf 88' lang='lat' dir='ltr'><strong>omis-</strong></span> 
     </span>
    </p>
   </div>
   <div class='ocr_carea' id='block_1_16' title="bbox 447 1633 2030 1704">
    <p class='ocr_par' dir='ltr' id='par_1_16' title="bbox 447 1633 2030 1704">
     <span class='ocr_line' id='line_1_16' title="bbox 447 1633 2030 1704; baseline -0.002 -16"><span class='ocrx_word' id='word_1_105' title='bbox 447 1649 586 1699; x_wconf 86' lang='lat' dir='ltr'><strong>sam,</strong></span> <span class='ocrx_word' id='word_1_106' title='bbox 619 1643 672 1688; x_wconf 90' lang='lat' dir='ltr'><strong>et</strong></span> <span class='ocrx_word' id='word_1_107' title='bbox 699 1633 902 1704; x_wconf 84' lang='lat' dir='ltr'><strong>Joseph</strong></span> <span class='ocrx_word' id='word_1_108' title='bbox 934 1634 1228 1703; x_wconf 83' lang='lat' dir='ltr'><strong>dupliciter</strong></span> <span class='ocrx_word' id='word_1_109' title='bbox 1267 1642 1645 1688; x_wconf 87' lang='lat' dir='ltr'><strong>enumeratum</strong></span> <span class='ocrx_word' id='word_1_110' title='bbox 1683 1635 1734 1687; x_wconf 92' lang='lat' dir='ltr'><strong>in</strong></span> <span class='ocrx_word' id='word_1_111' title='bbox 1770 1633 2030 1702; x_wconf 87' lang='lat' dir='ltr'><strong>Ephrem,</strong></span> 
     </span>
    </p>
   </div>
   <div class='ocr_carea' id='block_1_17' title="bbox 445 1724 2033 1793">
    <p class='ocr_par' dir='ltr' id='par_1_17' title="bbox 445 1724 2033 1793">
     <span class='ocr_line' id='line_1_17' title="bbox 445 1724 2033 1793; baseline 0 -15"><span class='ocrx_word' id='word_1_112' title='bbox 445 1735 500 1778; x_wconf 86' lang='lat' dir='ltr'><strong>et</strong></span> <span class='ocrx_word' id='word_1_113' title='bbox 526 1724 857 1789; x_wconf 89' lang='lat' dir='ltr'><strong>Manassem,</strong></span> <span class='ocrx_word' id='word_1_114' title='bbox 893 1724 1035 1778; x_wconf 90' lang='lat' dir='ltr'><strong>hanc</strong></span> <span class='ocrx_word' id='word_1_115' title='bbox 1075 1725 1241 1778; x_wconf 91' lang='lat' dir='ltr'><strong>etiam</strong></span> <span class='ocrx_word' id='word_1_116' title='bbox 1276 1725 1748 1793; x_wconf 64' lang='lat' dir='ltr'><strong>praetermisimus,</strong></span> <span class='ocrx_word' id='word_1_117' title='bbox 1775 1725 1908 1778; x_wconf 89' lang='lat' dir='ltr'><strong>etin</strong></span> <span class='ocrx_word' id='word_1_118' title='bbox 1940 1725 2033 1778; x_wconf 87' lang='lat' dir='ltr'><strong>de-</strong></span> 
     </span>
    </p>
   </div>
   <div class='ocr_carea' id='block_1_18' title="bbox 2138 523 3690 604">
    <p class='ocr_par' dir='ltr' id='par_1_18' title="bbox 2138 523 3690 604">
     <span class='ocr_line' id='line_1_18' title="bbox 2138 523 3690 604; baseline 0.005 -19"><span class='ocrx_word' id='word_1_119' title='bbox 2138 549 2263 586; x_wconf 87' lang='lat' dir='ltr'><strong>mus</strong></span> <span class='ocrx_word' id='word_1_120' title='bbox 2289 523 2378 586; x_wconf 85' lang='lat' dir='ltr'><strong>ubi</strong></span> <span class='ocrx_word' id='word_1_121' title='bbox 2410 535 2670 604; x_wconf 69' lang='lat' dir='ltr'><strong>praecepit</strong></span> <span class='ocrx_word' id='word_1_122' title='bbox 2703 533 2934 604; x_wconf 77' lang='lat' dir='ltr'><strong>Moyses,</strong></span> <span class='ocrx_word' id='word_1_123' title='bbox 2971 542 3030 586; x_wconf 93' lang='lat' dir='ltr'><strong>ut</strong></span> <span class='ocrx_word' id='word_1_124' title='bbox 3054 533 3338 588; x_wconf 86' lang='lat' dir='ltr'><strong>duodecim</strong></span> <span class='ocrx_word' id='word_1_125' title='bbox 3365 537 3533 592; x_wconf 88' lang='lat' dir='ltr'><strong>tribus</strong></span> <span class='ocrx_word' id='word_1_126' title='bbox 3561 545 3690 592; x_wconf 89' lang='lat' dir='ltr'><strong>stent</strong></span> 
     </span>
    </p>
   </div>
   <div class='ocr_carea' id='block_1_19' title="bbox 2138 624 3692 688">
    <p class='ocr_par' dir='ltr' id='par_1_19' title="bbox 2138 624 3692 688">
     <span class='ocr_line' id='line_1_19' title="bbox 2138 624 3692 688; baseline 0.005 -12"><span class='ocrx_word' id='word_1_127' title='bbox 2138 624 2205 676; x_wconf 91' lang='lat' dir='ltr'><strong>ad</strong></span> <span class='ocrx_word' id='word_1_128' title='bbox 2242 624 2675 678; x_wconf 83' lang='lat' dir='ltr'><strong>benedicendum</strong></span> <span class='ocrx_word' id='word_1_129' title='bbox 2707 633 2761 677; x_wconf 90' lang='lat' dir='ltr'><strong>et</strong></span> <span class='ocrx_word' id='word_1_130' title='bbox 2803 624 3266 688; x_wconf 88' lang='lat' dir='ltr'><strong>maledicendum,</strong></span> <span class='ocrx_word' id='word_1_131' title='bbox 3310 642 3400 681; x_wconf 91' lang='lat' dir='ltr'><strong>sex</strong></span> <span class='ocrx_word' id='word_1_132' title='bbox 3441 626 3494 680; x_wconf 91' lang='lat' dir='ltr'><strong>in</strong></span> <span class='ocrx_word' id='word_1_133' title='bbox 3528 636 3692 684; x_wconf 88' lang='lat' dir='ltr'><strong>monte</strong></span> 
     </span>
    </p>
   </div>
   <div class='ocr_carea' id='block_1_20' title="bbox 2133 715 3690 783">
    <p class='ocr_par' dir='ltr' id='par_1_20' title="bbox 2133 715 3690 783">
     <span class='ocr_line' id='line_1_20' title="bbox 2133 715 3690 783; baseline 0.003 -14"><span class='ocrx_word' id='word_1_134' title='bbox 2133 715 2372 769; x_wconf 85' lang='lat' dir='ltr'><strong>Garizim</strong></span> <span class='ocrx_word' id='word_1_135' title='bbox 2419 726 2473 770; x_wconf 91' lang='lat' dir='ltr'><strong>et</strong></span> <span class='ocrx_word' id='word_1_136' title='bbox 2511 733 2606 771; x_wconf 89' lang='lat' dir='ltr'><strong>sex</strong></span> <span class='ocrx_word' id='word_1_137' title='bbox 2655 717 2708 770; x_wconf 91' lang='lat' dir='ltr'><strong>in</strong></span> <span class='ocrx_word' id='word_1_138' title='bbox 2759 727 2942 771; x_wconf 84' lang='lat' dir='ltr'><strong>monte</strong></span> <span class='ocrx_word' id='word_1_139' title='bbox 2967 716 3160 783; x_wconf 88' lang='lat' dir='ltr'><strong>Gebal,</strong></span> <span class='ocrx_word' id='word_1_140' title='bbox 3194 718 3337 771; x_wconf 82' lang='lat' dir='ltr'><strong>sicut</strong></span> <span class='ocrx_word' id='word_1_141' title='bbox 3368 719 3423 771; x_wconf 92' lang='lat' dir='ltr'><strong>in</strong></span> <span class='ocrx_word' id='word_1_142' title='bbox 3450 717 3690 774; x_wconf 89' lang='lat' dir='ltr'><strong>Deutero-</strong></span> 
     </span>
    </p>
   </div>
   <div class='ocr_carea' id='block_1_21' title="bbox 2135 806 3693 876">
    <p class='ocr_par' dir='ltr' id='par_1_21' title="bbox 2135 806 3693 876">
     <span class='ocr_line' id='line_1_21' title="bbox 2135 806 3693 876; baseline 0.004 -18"><span class='ocrx_word' id='word_1_143' title='bbox 2135 807 2320 858; x_wconf 90' lang='lat' dir='ltr'><strong>nomio</strong></span> <span class='ocrx_word' id='word_1_144' title='bbox 2369 807 2630 874; x_wconf 77' lang='lat' dir='ltr'><strong>probatur</strong></span> <span class='ocrx_word' id='word_1_145' title='bbox 2680 808 3000 876; x_wconf 88' lang='lat' dir='ltr'><strong>ascriptum,</strong></span> <span class='ocrx_word' id='word_1_146' title='bbox 3064 821 3297 874; x_wconf 87' lang='lat' dir='ltr'><strong>quarum</strong></span> <span class='ocrx_word' id='word_1_147' title='bbox 3344 806 3538 862; x_wconf 84' lang='lat' dir='ltr'><strong>divisio</strong></span> <span class='ocrx_word' id='word_1_148' title='bbox 3581 807 3693 865; x_wconf 86' lang='lat' dir='ltr'><strong>talis</strong></span> 
     </span>
    </p>
   </div>
   <div class='ocr_carea' id='block_1_22' title="bbox 2137 897 3694 966">
    <p class='ocr_par' dir='ltr' id='par_1_22' title="bbox 2137 897 3694 966">
     <span class='ocr_line' id='line_1_22' title="bbox 2137 897 3694 966; baseline 0.003 -16"><span class='ocrx_word' id='word_1_149' title='bbox 2137 909 2220 952; x_wconf 91' lang='lat' dir='ltr'><strong>cst</strong></span> <span class='ocrx_word' id='word_1_150' title='bbox 2251 917 2262 950; x_wconf 93' lang='lat'>:</span> <span class='ocrx_word' id='word_1_151' title='bbox 2312 897 2564 958; x_wconf 83' lang='lat' dir='ltr'><strong>Stabunt,</strong></span> <span class='ocrx_word' id='word_1_152' title='bbox 2616 899 2815 966; x_wconf 82' lang='lat' dir='ltr'><strong>inquit,</strong></span> <span class='ocrx_word' id='word_1_153' title='bbox 2845 900 2897 950; x_wconf 86' lang='lat' dir='ltr'><strong>in</strong></span> <span class='ocrx_word' id='word_1_154' title='bbox 2923 909 3098 952; x_wconf 84' lang='lat' dir='ltr'><strong>monte</strong></span> <span class='ocrx_word' id='word_1_155' title='bbox 3143 899 3378 952; x_wconf 76' lang='lat' dir='ltr'><strong>Garizim</strong></span> <span class='ocrx_word' id='word_1_156' title='bbox 3414 901 3481 952; x_wconf 84' lang='lat' dir='ltr'><strong>ad</strong></span> <span class='ocrx_word' id='word_1_157' title='bbox 3509 901 3694 954; x_wconf 83' lang='lat' dir='ltr'><strong>benedi-</strong></span> 
     </span>
    </p>
   </div>
   <div class='ocr_carea' id='block_1_23' title="bbox 2135 985 3693 1058">
    <p class='ocr_par' dir='ltr' id='par_1_23' title="bbox 2135 985 3693 1058">
     <span class='ocr_line' id='line_1_23' title="bbox 2135 985 3693 1058; baseline 0.004 -20"><span class='ocrx_word' id='word_1_158' title='bbox 2135 986 2357 1040; x_wconf 84' lang='lat' dir='ltr'><strong>cendum</strong></span> <span class='ocrx_word' id='word_1_159' title='bbox 2409 986 2642 1047; x_wconf 83' lang='lat' dir='ltr'><strong>Simeou,</strong></span> <span class='ocrx_word' id='word_1_160' title='bbox 2687 985 2831 1048; x_wconf 81' lang='lat' dir='ltr'><strong>Levi,</strong></span> <span class='ocrx_word' id='word_1_161' title='bbox 2874 985 3070 1051; x_wconf 71' lang='lat' dir='ltr'><strong>ludas,</strong></span> <span class='ocrx_word' id='word_1_162' title='bbox 3108 986 3380 1052; x_wconf 81' lang='lat' dir='ltr'><strong>Issaclmr,</strong></span> <span class='ocrx_word' id='word_1_163' title='bbox 3419 988 3602 1058; x_wconf 74' lang='lat' dir='ltr'><strong>Ioseph</strong></span> <span class='ocrx_word' id='word_1_164' title='bbox 3651 1001 3693 1045; x_wconf 84' lang='lat' dir='ltr'><strong>et</strong></span> 
     </span>
    </p>
   </div>
   <div class='ocr_carea' id='block_1_24' title="bbox 2135 1078 3696 1146">
    <p class='ocr_par' dir='ltr' id='par_1_24' title="bbox 2135 1078 3696 1146">
     <span class='ocr_line' id='line_1_24' title="bbox 2135 1078 3696 1146; baseline 0.004 -17"><span class='ocrx_word' id='word_1_165' title='bbox 2135 1078 2455 1146; x_wconf 84' lang='lat' dir='ltr'><strong>Benjamin;</strong></span> <span class='ocrx_word' id='word_1_166' title='bbox 2488 1089 2536 1132; x_wconf 86' lang='lat' dir='ltr'><strong>et</strong></span> <span class='ocrx_word' id='word_1_167' title='bbox 2562 1080 2615 1130; x_wconf 78' lang='lat' dir='ltr'><strong>lii</strong></span> <span class='ocrx_word' id='word_1_168' title='bbox 2645 1080 2861 1131; x_wconf 82' lang='lat' dir='ltr'><strong>stabunt</strong></span> <span class='ocrx_word' id='word_1_169' title='bbox 2903 1080 2971 1131; x_wconf 88' lang='lat' dir='ltr'><strong>ad</strong></span> <span class='ocrx_word' id='word_1_170' title='bbox 3009 1079 3420 1133; x_wconf 84' lang='lat' dir='ltr'><strong>maledicendum</strong></span> <span class='ocrx_word' id='word_1_171' title='bbox 3451 1083 3505 1134; x_wconf 87' lang='lat' dir='ltr'><strong>in</strong></span> <span class='ocrx_word' id='word_1_172' title='bbox 3543 1090 3696 1135; x_wconf 86' lang='lat' dir='ltr'><strong>monte</strong></span> 
     </span>
    </p>
   </div>
   <div class='ocr_carea' id='block_1_25' title="bbox 2137 1168 3697 1242">
    <p class='ocr_par' dir='ltr' id='par_1_25' title="bbox 2137 1168 3697 1242">
     <span class='ocr_line' id='line_1_25' title="bbox 2137 1168 3697 1242; baseline 0.004 -21"><span class='ocrx_word' id='word_1_173' title='bbox 2137 1168 2322 1235; x_wconf 80' lang='lat' dir='ltr'><strong>Cebal,</strong></span> <span class='ocrx_word' id='word_1_174' title='bbox 2355 1168 2553 1234; x_wconf 82' lang='lat' dir='ltr'><strong>Ruben,</strong></span> <span class='ocrx_word' id='word_1_175' title='bbox 2601 1168 2738 1233; x_wconf 81' lang='lat' dir='ltr'><strong>Gad,</strong></span> <span class='ocrx_word' id='word_1_176' title='bbox 2771 1170 2926 1232; x_wconf 80' lang='lat' dir='ltr'><strong>Aser,</strong></span> <span class='ocrx_word' id='word_1_177' title='bbox 2974 1168 3250 1234; x_wconf 82' lang='lat' dir='ltr'><strong>Zabulon,</strong></span> <span class='ocrx_word' id='word_1_178' title='bbox 3293 1170 3446 1234; x_wconf 87' lang='lat' dir='ltr'><strong>Dan,</strong></span> <span class='ocrx_word' id='word_1_179' title='bbox 3491 1183 3536 1226; x_wconf 89' lang='lat' dir='ltr'><strong>et</strong></span> <span class='ocrx_word' id='word_1_180' title='bbox 3581 1171 3697 1242; x_wconf 75' lang='lat' dir='ltr'><strong>Nep-</strong></span> 
     </span>
    </p>
   </div>
   <div class='ocr_carea' id='block_1_26' title="bbox 2136 1259 3693 1333">
    <p class='ocr_par' dir='ltr' id='par_1_26' title="bbox 2136 1259 3693 1333">
     <span class='ocr_line' id='line_1_26' title="bbox 2136 1259 3693 1333; baseline 0.003 -22"><span class='ocrx_word' id='word_1_181' title='bbox 2136 1261 2289 1312; x_wconf 71' lang='lat' dir='ltr'><strong>talim</strong></span> <span class='ocrx_word' id='word_1_182' title='bbox 2339 1262 2378 1312; x_wconf 88' lang='grc'>¹.</span> <span class='ocrx_word' id='word_1_183' title='bbox 2428 1259 2748 1314; x_wconf 87' lang='lat' dir='ltr'><strong>Liberarum</strong></span> <span class='ocrx_word' id='word_1_184' title='bbox 2788 1261 2882 1314; x_wconf 88' lang='lat' dir='ltr'><strong>lilii</strong></span> <span class='ocrx_word' id='word_1_185' title='bbox 2911 1261 3210 1329; x_wconf 77' lang='lat' dir='ltr'><strong>probantur</strong></span> <span class='ocrx_word' id='word_1_186' title='bbox 3232 1261 3320 1316; x_wconf 93' lang='lat' dir='ltr'><strong>hic</strong></span> <span class='ocrx_word' id='word_1_187' title='bbox 3342 1278 3463 1317; x_wconf 86' lang='lat' dir='ltr'><strong>esse</strong></span> <span class='ocrx_word' id='word_1_188' title='bbox 3487 1265 3693 1333; x_wconf 64' lang='lat' dir='ltr'><strong>praelati,</strong></span> 
     </span>
    </p>
   </div>
   <div class='ocr_carea' id='block_1_27' title="bbox 2135 1351 3695 1425">
    <p class='ocr_par' dir='ltr' id='par_1_27' title="bbox 2135 1351 3695 1425">
     <span class='ocr_line' id='line_1_27' title="bbox 2135 1351 3695 1425; baseline 0.004 -21"><span class='ocrx_word' id='word_1_189' title='bbox 2135 1368 2371 1422; x_wconf 84' lang='lat' dir='ltr'><strong>cumque</strong></span> <span class='ocrx_word' id='word_1_190' title='bbox 2427 1361 2480 1407; x_wconf 92' lang='lat' dir='ltr'><strong>et</strong></span> <span class='ocrx_word' id='word_1_191' title='bbox 2530 1353 2633 1408; x_wconf 87' lang='lat' dir='ltr'><strong>ista</strong></span> <span class='ocrx_word' id='word_1_192' title='bbox 2687 1353 2888 1407; x_wconf 82' lang='lat' dir='ltr'><strong>divisio</strong></span> <span class='ocrx_word' id='word_1_193' title='bbox 2925 1351 3142 1406; x_wconf 84' lang='lat' dir='ltr'><strong>videtur</strong></span> <span class='ocrx_word' id='word_1_194' title='bbox 3189 1355 3602 1425; x_wconf 84' lang='lat' dir='ltr'><strong>inconsequens,</strong></span> <span class='ocrx_word' id='word_1_195' title='bbox 3638 1357 3695 1410; x_wconf 86' lang='lat' dir='ltr'><strong>ad</strong></span> 
     </span>
    </p>
   </div>
   <div class='ocr_carea' id='block_1_28' title="bbox 2135 1446 3696 1515">
    <p class='ocr_par' dir='ltr' id='par_1_28' title="bbox 2135 1446 3696 1515">
     <span class='ocr_line' id='line_1_28' title="bbox 2135 1446 3696 1515; baseline 0.003 -17"><span class='ocrx_word' id='word_1_196' title='bbox 2135 1446 2462 1515; x_wconf 86' lang='lat' dir='ltr'><strong>quadratum</strong></span> <span class='ocrx_word' id='word_1_197' title='bbox 2495 1447 2778 1500; x_wconf 87' lang='lat' dir='ltr'><strong>rationalis</strong></span> <span class='ocrx_word' id='word_1_198' title='bbox 2810 1446 3063 1503; x_wconf 82' lang='lat' dir='ltr'><strong>ordinem</strong></span> <span class='ocrx_word' id='word_1_199' title='bbox 3090 1464 3197 1503; x_wconf 90' lang='lat' dir='ltr'><strong>non</strong></span> <span class='ocrx_word' id='word_1_200' title='bbox 3229 1463 3291 1504; x_wconf 89' lang='lat' dir='ltr'><strong>ea</strong></span> <span class='ocrx_word' id='word_1_201' title='bbox 3314 1450 3430 1503; x_wconf 89' lang='lat' dir='ltr'><strong>visa</strong></span> <span class='ocrx_word' id='word_1_202' title='bbox 3455 1457 3534 1504; x_wconf 88' lang='lat' dir='ltr'><strong>est</strong></span> <span class='ocrx_word' id='word_1_203' title='bbox 3557 1463 3696 1503; x_wconf 87' lang='lat' dir='ltr'><strong>assu-</strong></span> 
     </span>
    </p>
   </div>
   <div class='ocr_carea' id='block_1_29' title="bbox 2137 1539 3699 1595">
    <p class='ocr_par' dir='ltr' id='par_1_29' title="bbox 2137 1539 3699 1595">
     <span class='ocr_line' id='line_1_29' title="bbox 2137 1539 3699 1595; baseline 0 -3"><span class='ocrx_word' id='word_1_204' title='bbox 2137 1539 2354 1592; x_wconf 80' lang='lat' dir='ltr'><strong>menda.</strong></span> <span class='ocrx_word' id='word_1_205' title='bbox 2392 1540 2777 1593; x_wconf 69' lang='lat' dir='ltr'><strong>Verumtamen</strong></span> <span class='ocrx_word' id='word_1_206' title='bbox 2815 1539 2958 1593; x_wconf 82' lang='lat' dir='ltr'><strong>lianc</strong></span> <span class='ocrx_word' id='word_1_207' title='bbox 2982 1541 3230 1595; x_wconf 91' lang='lat' dir='ltr'><strong>eamdem</strong></span> <span class='ocrx_word' id='word_1_208' title='bbox 3263 1540 3599 1594; x_wconf 87' lang='lat' dir='ltr'><strong>undecimam</strong></span> <span class='ocrx_word' id='word_1_209' title='bbox 3627 1539 3699 1594; x_wconf 92' lang='lat' dir='ltr'><strong>di-</strong></span> 
     </span>
    </p>
   </div>
   <div class='ocr_carea' id='block_1_30' title="bbox 2137 1630 3699 1703">
    <p class='ocr_par' dir='ltr' id='par_1_30' title="bbox 2137 1630 3699 1703">
     <span class='ocr_line' id='line_1_30' title="bbox 2137 1630 3699 1703; baseline 0.004 -21"><span class='ocrx_word' id='word_1_210' title='bbox 2137 1630 2402 1684; x_wconf 77' lang='lat' dir='ltr'><strong>visionem</strong></span> <span class='ocrx_word' id='word_1_211' title='bbox 2439 1631 2674 1685; x_wconf 88' lang='lat' dir='ltr'><strong>sollicite</strong></span> <span class='ocrx_word' id='word_1_212' title='bbox 2708 1641 3060 1695; x_wconf 88' lang='lat' dir='ltr'><strong>eontuentes,</strong></span> <span class='ocrx_word' id='word_1_213' title='bbox 3102 1649 3222 1703; x_wconf 66' lang='lat' dir='ltr'><strong>quae</strong></span> <span class='ocrx_word' id='word_1_214' title='bbox 3273 1634 3328 1687; x_wconf 92' lang='lat' dir='ltr'><strong>in</strong></span> <span class='ocrx_word' id='word_1_215' title='bbox 3367 1633 3505 1687; x_wconf 84' lang='lat' dir='ltr'><strong>duas</strong></span> <span class='ocrx_word' id='word_1_216' title='bbox 3533 1639 3699 1702; x_wconf 85' lang='lat' dir='ltr'><strong>partes</strong></span> 
     </span>
    </p>
   </div>
   <div class='ocr_carea' id='block_1_31' title="bbox 2139 1721 3697 1788">
    <p class='ocr_par' dir='ltr' id='par_1_31' title="bbox 2139 1721 3697 1788">
     <span class='ocr_line' id='line_1_31' title="bbox 2139 1721 3697 1788; baseline 0.004 -16"><span class='ocrx_word' id='word_1_217' title='bbox 2139 1721 2354 1774; x_wconf 68' lang='lat' dir='ltr'><strong>videtur</strong></span> <span class='ocrx_word' id='word_1_218' title='bbox 2383 1737 2505 1775; x_wconf 85' lang='lat' dir='ltr'><strong>esse</strong></span> <span class='ocrx_word' id='word_1_219' title='bbox 2555 1721 2822 1788; x_wconf 86' lang='lat' dir='ltr'><strong>discreta,</strong></span> <span class='ocrx_word' id='word_1_220' title='bbox 2860 1739 2957 1778; x_wconf 91' lang='lat' dir='ltr'><strong>sex</strong></span> <span class='ocrx_word' id='word_1_221' title='bbox 2999 1725 3053 1778; x_wconf 89' lang='lat' dir='ltr'><strong>in</strong></span> <span class='ocrx_word' id='word_1_222' title='bbox 3095 1740 3204 1778; x_wconf 90' lang='lat' dir='ltr'><strong>uno</strong></span> <span class='ocrx_word' id='word_1_223' title='bbox 3240 1734 3424 1779; x_wconf 89' lang='lat' dir='ltr'><strong>monte</strong></span> <span class='ocrx_word' id='word_1_224' title='bbox 3450 1733 3501 1779; x_wconf 89' lang='lat' dir='ltr'><strong>et</strong></span> <span class='ocrx_word' id='word_1_225' title='bbox 3538 1737 3622 1777; x_wconf 82' lang='lat' dir='ltr'><strong>sex</strong></span> <span class='ocrx_word' id='word_1_226' title='bbox 3651 1723 3697 1778; x_wconf 89' lang='lat' dir='ltr'><strong>in</strong></span> 
     </span>
    </p>
   </div>
   <div class='ocr_carea' id='block_1_32' title="bbox 447 1797 3700 1883">
    <p class='ocr_par' dir='ltr' id='par_1_32' title="bbox 447 1797 3700 1883">
     <span class='ocr_line' id='line_1_32' title="bbox 447 1797 3700 1883; baseline -0.002 -12"><span class='ocrx_word' id='word_1_227' title='bbox 447 1819 647 1871; x_wconf 89' lang='lat' dir='ltr'><strong>cimam</strong></span> <span class='ocrx_word' id='word_1_228' title='bbox 706 1817 1031 1871; x_wconf 87' lang='lat' dir='ltr'><strong>divisionem</strong></span> <span class='ocrx_word' id='word_1_229' title='bbox 1087 1818 1448 1871; x_wconf 87' lang='lat' dir='ltr'><strong>intentionem</strong></span> <span class='ocrx_word' id='word_1_230' title='bbox 1500 1816 1703 1871; x_wconf 89' lang='lat' dir='ltr'><strong>mentis</strong></span> <span class='ocrx_word' id='word_1_231' title='bbox 1747 1816 2035 1869; x_wconf 88' lang='lat' dir='ltr'><strong>admonni-</strong></span> <span class='ocrx_word' id='word_1_232' title='bbox 2071 1797 2112 1852; x_wconf 78' lang='grc' dir='ltr'><strong>Β</strong></span> <span class='ocrx_word' id='word_1_233' title='bbox 2143 1813 2337 1875; x_wconf 88' lang='lat' dir='ltr'><strong>altero,</strong></span> <span class='ocrx_word' id='word_1_234' title='bbox 2389 1812 2530 1866; x_wconf 89' lang='lat' dir='ltr'><strong>hanc</strong></span> <span class='ocrx_word' id='word_1_235' title='bbox 2582 1813 2832 1867; x_wconf 89' lang='lat' dir='ltr'><strong>arbitrati</strong></span> <span class='ocrx_word' id='word_1_236' title='bbox 2880 1830 3073 1871; x_wconf 90' lang='lat' dir='ltr'><strong>sumus</strong></span> <span class='ocrx_word' id='word_1_237' title='bbox 3124 1817 3429 1883; x_wconf 62' lang='lat' dir='ltr'><strong>congruere</strong></span> <span class='ocrx_word' id='word_1_238' title='bbox 3479 1813 3700 1868; x_wconf 86' lang='lat' dir='ltr'><strong>numeris</strong></span> 
     </span>
    </p>
   </div>
   <div class='ocr_carea' id='block_1_33' title="bbox 449 1909 2035 1980">
    <p class='ocr_par' dir='ltr' id='par_1_33' title="bbox 449 1909 2035 1980">
     <span class='ocr_line' id='line_1_33' title="bbox 449 1909 2035 1980; baseline -0.001 -16"><span class='ocrx_word' id='word_1_239' title='bbox 449 1925 576 1964; x_wconf 88' lang='lat' dir='ltr'><strong>mus</strong></span> <span class='ocrx_word' id='word_1_240' title='bbox 624 1909 761 1980; x_wconf 76' lang='lat'><strong>(50),</strong></span> <span class='ocrx_word' id='word_1_241' title='bbox 797 1925 898 1963; x_wconf 89' lang='lat' dir='ltr'><strong>nec</strong></span> <span class='ocrx_word' id='word_1_242' title='bbox 935 1912 1108 1978; x_wconf 83' lang='lat' dir='ltr'><strong>ipsam</strong></span> <span class='ocrx_word' id='word_1_243' title='bbox 1154 1911 1434 1980; x_wconf 90' lang='lat' dir='ltr'><strong>quivimus</strong></span> <span class='ocrx_word' id='word_1_244' title='bbox 1476 1909 1719 1963; x_wconf 88' lang='lat' dir='ltr'><strong>invenire</strong></span> <span class='ocrx_word' id='word_1_245' title='bbox 1761 1909 2035 1978; x_wconf 84' lang='lat' dir='ltr'><strong>lapidibus</strong></span> 
     </span>
    </p>
   </div>
   <div class='ocr_carea' id='block_1_34' title="bbox 451 2000 2033 2070">
    <p class='ocr_par' dir='ltr' id='par_1_34' title="bbox 451 2000 2033 2070">
     <span class='ocr_line' id='line_1_34' title="bbox 451 2000 2033 2070; baseline 0 -17"><span class='ocrx_word' id='word_1_246' title='bbox 451 2009 888 2066; x_wconf 89' lang='lat' dir='ltr'><strong>consonantem;</strong></span> <span class='ocrx_word' id='word_1_247' title='bbox 927 2003 1128 2056; x_wconf 90' lang='lat' dir='ltr'><strong>etenim</strong></span> <span class='ocrx_word' id='word_1_248' title='bbox 1181 2001 1402 2070; x_wconf 90' lang='lat' dir='ltr'><strong>quando</strong></span> <span class='ocrx_word' id='word_1_249' title='bbox 1443 2001 1721 2054; x_wconf 79' lang='lat' dir='ltr'><strong>lene-dixit</strong></span> <span class='ocrx_word' id='word_1_250' title='bbox 1753 2000 1931 2056; x_wconf 86' lang='lat' dir='ltr'><strong>Moses</strong></span> <span class='ocrx_word' id='word_1_251' title='bbox 1970 2002 2033 2053; x_wconf 87' lang='lat' dir='ltr'><strong>ti-</strong></span> 
     </span>
    </p>
   </div>
   <div class='ocr_carea' id='block_1_35' title="bbox 451 2093 2030 2163">
    <p class='ocr_par' dir='ltr' id='par_1_35' title="bbox 451 2093 2030 2163">
     <span class='ocr_line' id='line_1_35' title="bbox 451 2093 2030 2163; baseline -0.001 -16"><span class='ocrx_word' id='word_1_252' title='bbox 451 2094 540 2148; x_wconf 75' lang='lat' dir='ltr'><strong>Iiis</strong></span> <span class='ocrx_word' id='word_1_253' title='bbox 575 2094 736 2148; x_wconf 85' lang='lat' dir='ltr'><strong>Israel</strong></span> <span class='ocrx_word' id='word_1_254' title='bbox 776 2109 1087 2162; x_wconf 81' lang='lat' dir='ltr'><strong>proponens</strong></span> <span class='ocrx_word' id='word_1_255' title='bbox 1127 2093 1409 2162; x_wconf 86' lang='lat' dir='ltr'><strong>Benjamin</strong></span> <span class='ocrx_word' id='word_1_256' title='bbox 1437 2103 1692 2162; x_wconf 87' lang='lat' dir='ltr'><strong>quartum</strong></span> <span class='ocrx_word' id='word_1_257' title='bbox 1724 2102 1848 2163; x_wconf 81' lang='lat' dir='ltr'><strong>post</strong></span> <span class='ocrx_word' id='word_1_258' title='bbox 1880 2093 2030 2156; x_wconf 84' lang='lat' dir='ltr'><strong>Levi,</strong></span> 
     </span>
    </p>
   </div>
   <div class='ocr_carea' id='block_1_36' title="bbox 449 2183 2032 2254">
    <p class='ocr_par' dir='ltr' id='par_1_36' title="bbox 449 2183 2032 2254">
     <span class='ocr_line' id='line_1_36' title="bbox 449 2183 2032 2254; baseline 0.001 -18"><span class='ocrx_word' id='word_1_259' title='bbox 449 2185 575 2239; x_wconf 90' lang='lat' dir='ltr'><strong>dein</strong></span> <span class='ocrx_word' id='word_1_260' title='bbox 599 2183 824 2254; x_wconf 83' lang='lat' dir='ltr'><strong>Joseph,</strong></span> <span class='ocrx_word' id='word_1_261' title='bbox 853 2193 905 2238; x_wconf 91' lang='lat' dir='ltr'><strong>et</strong></span> <span class='ocrx_word' id='word_1_262' title='bbox 939 2200 1062 2238; x_wconf 92' lang='lat' dir='ltr'><strong>cum</strong></span> <span class='ocrx_word' id='word_1_263' title='bbox 1105 2183 1379 2238; x_wconf 90' lang='lat' dir='ltr'><strong>Simeonis</strong></span> <span class='ocrx_word' id='word_1_264' title='bbox 1413 2185 1618 2237; x_wconf 89' lang='lat' dir='ltr'><strong>nullam</strong></span> <span class='ocrx_word' id='word_1_265' title='bbox 1653 2184 1834 2236; x_wconf 68' lang='lat' dir='ltr'><strong>intulit</strong></span> <span class='ocrx_word' id='word_1_266' title='bbox 1873 2199 2032 2237; x_wconf 86' lang='lat' dir='ltr'><strong>men-</strong></span> 
     </span>
    </p>
   </div>
   <div class='ocr_carea' id='block_1_37' title="bbox 451 2273 2036 2344">
    <p class='ocr_par' dir='ltr' id='par_1_37' title="bbox 451 2273 2036 2344">
     <span class='ocr_line' id='line_1_37' title="bbox 451 2273 2036 2344; baseline 0 -18"><span class='ocrx_word' id='word_1_267' title='bbox 451 2274 1041 2342; x_wconf 87' lang='lat' dir='ltr'><strong>tionem,impossibile</strong></span> <span class='ocrx_word' id='word_1_268' title='bbox 1065 2273 1159 2326; x_wconf 76' lang='lat' dir='ltr'><strong>fuit</strong></span> <span class='ocrx_word' id='word_1_269' title='bbox 1189 2290 1306 2326; x_wconf 88' lang='lat' dir='ltr'><strong>eam</strong></span> <span class='ocrx_word' id='word_1_270' title='bbox 1327 2283 1587 2344; x_wconf 84' lang='lat' dir='ltr'><strong>coaptare</strong></span> <span class='ocrx_word' id='word_1_271' title='bbox 1608 2274 1898 2344; x_wconf 88' lang='lat' dir='ltr'><strong>lapidibus.</strong></span> <span class='ocrx_word' id='word_1_272' title='bbox 1930 2273 2036 2326; x_wconf 86' lang='lat' dir='ltr'><strong>Ila-</strong></span> 
     </span>
    </p>
   </div>
   <div class='ocr_carea' id='block_1_38' title="bbox 454 2363 2033 2434">
    <p class='ocr_par' dir='ltr' id='par_1_38' title="bbox 454 2363 2033 2434">
     <span class='ocr_line' id='line_1_38' title="bbox 454 2363 2033 2434; baseline -0.001 -15"><span class='ocrx_word' id='word_1_273' title='bbox 454 2366 546 2419; x_wconf 90' lang='lat' dir='ltr'><strong>bet</strong></span> <span class='ocrx_word' id='word_1_274' title='bbox 574 2374 754 2418; x_wconf 90' lang='lat' dir='ltr'><strong>autem</strong></span> <span class='ocrx_word' id='word_1_275' title='bbox 777 2366 848 2418; x_wconf 90' lang='lat' dir='ltr'><strong>ita</strong></span> <span class='ocrx_word' id='word_1_276' title='bbox 876 2384 888 2417; x_wconf 91' lang='lat'><strong>:</strong></span> <span class='ocrx_word' id='word_1_277' title='bbox 916 2363 1131 2426; x_wconf 78' lang='lat' dir='ltr'><strong>Ruben,</strong></span> <span class='ocrx_word' id='word_1_278' title='bbox 1163 2363 1359 2431; x_wconf 80' lang='lat' dir='ltr'><strong>.Iudas,</strong></span> <span class='ocrx_word' id='word_1_279' title='bbox 1385 2365 1535 2428; x_wconf 79' lang='lat' dir='ltr'><strong>Levi,</strong></span> <span class='ocrx_word' id='word_1_280' title='bbox 1563 2365 1874 2434; x_wconf 87' lang='lat' dir='ltr'><strong>Benjamin;</strong></span> <span class='ocrx_word' id='word_1_281' title='bbox 1907 2367 2033 2420; x_wconf 91' lang='lat' dir='ltr'><strong>dein</strong></span> 
     </span>
    </p>
   </div>
   <div class='ocr_carea' id='block_1_39' title="bbox 455 2454 2035 2526">
    <p class='ocr_par' dir='ltr' id='par_1_39' title="bbox 455 2454 2035 2526">
     <span class='ocr_line' id='line_1_39' title="bbox 455 2454 2035 2526; baseline -0.001 -16"><span class='ocrx_word' id='word_1_282' title='bbox 455 2455 691 2526; x_wconf 80' lang='lat' dir='ltr'><strong>Josepli,</strong></span> <span class='ocrx_word' id='word_1_283' title='bbox 729 2454 974 2508; x_wconf 87' lang='lat' dir='ltr'><strong>Zabulon</strong></span> <span class='ocrx_word' id='word_1_284' title='bbox 1004 2463 1057 2508; x_wconf 89' lang='lat' dir='ltr'><strong>et</strong></span> <span class='ocrx_word' id='word_1_285' title='bbox 1085 2455 1373 2520; x_wconf 85' lang='lat' dir='ltr'><strong>lssachar;</strong></span> <span class='ocrx_word' id='word_1_286' title='bbox 1416 2456 1612 2509; x_wconf 91' lang='lat' dir='ltr'><strong>deinde</strong></span> <span class='ocrx_word' id='word_1_287' title='bbox 1647 2455 1783 2518; x_wconf 88' lang='lat' dir='ltr'><strong>Gad,</strong></span> <span class='ocrx_word' id='word_1_288' title='bbox 1818 2456 1910 2524; x_wconf 90' lang='lat' dir='ltr'><strong>qui</strong></span> <span class='ocrx_word' id='word_1_289' title='bbox 1951 2464 2035 2509; x_wconf 91' lang='lat' dir='ltr'><strong>est</strong></span> 
     </span>
    </p>
   </div>
   <div class='ocr_carea' id='block_1_40' title="bbox 456 2546 2034 2616">
    <p class='ocr_par' dir='ltr' id='par_1_40' title="bbox 456 2546 2034 2616">
     <span class='ocr_line' id='line_1_40' title="bbox 456 2546 2034 2616; baseline -0.001 -16"><span class='ocrx_word' id='word_1_290' title='bbox 456 2548 671 2600; x_wconf 69' lang='lat' dir='ltr'><strong>ancilla:</strong></span> <span class='ocrx_word' id='word_1_291' title='bbox 719 2547 974 2600; x_wconf 78' lang='lat' dir='ltr'><strong>secunda:</strong></span> <span class='ocrx_word' id='word_1_292' title='bbox 1014 2546 1178 2607; x_wconf 79' lang='lat' dir='ltr'><strong>liius,</strong></span> <span class='ocrx_word' id='word_1_293' title='bbox 1235 2553 1568 2614; x_wconf 64' lang='lat' dir='ltr'><strong>praepostere</strong></span> <span class='ocrx_word' id='word_1_294' title='bbox 1613 2548 1862 2616; x_wconf 89' lang='lat' dir='ltr'><strong>positus;</strong></span> <span class='ocrx_word' id='word_1_295' title='bbox 1909 2547 2034 2601; x_wconf 87' lang='lat' dir='ltr'><strong>dein</strong></span> 
     </span>
    </p>
   </div>
   <div class='ocr_carea' id='block_1_41' title="bbox 456 2636 2034 2706">
    <p class='ocr_par' dir='ltr' id='par_1_41' title="bbox 456 2636 2034 2706">
     <span class='ocr_line' id='line_1_41' title="bbox 456 2636 2034 2706; baseline 0 -14"><span class='ocrx_word' id='word_1_296' title='bbox 456 2639 570 2692; x_wconf 86' lang='lat' dir='ltr'><strong>Dan</strong></span> <span class='ocrx_word' id='word_1_297' title='bbox 597 2648 650 2692; x_wconf 86' lang='lat' dir='ltr'><strong>et</strong></span> <span class='ocrx_word' id='word_1_298' title='bbox 680 2637 980 2706; x_wconf 86' lang='lat' dir='ltr'><strong>Neptaliin;</strong></span> <span class='ocrx_word' id='word_1_299' title='bbox 1027 2636 1153 2690; x_wconf 85' lang='lat' dir='ltr'><strong>dein</strong></span> <span class='ocrx_word' id='word_1_300' title='bbox 1182 2636 1319 2689; x_wconf 78' lang='lat' dir='ltr'><strong>Aser</strong></span> <span class='ocrx_word' id='word_1_301' title='bbox 1363 2638 1611 2689; x_wconf 87' lang='lat' dir='ltr'><strong>omnium</strong></span> <span class='ocrx_word' id='word_1_302' title='bbox 1672 2638 2034 2701; x_wconf 84' lang='lat' dir='ltr'><strong>novissimus,</strong></span> 
     </span>
    </p>
   </div>
   <div class='ocr_carea' id='block_1_42' title="bbox 451 2727 2037 2800">
    <p class='ocr_par' dir='ltr' id='par_1_42' title="bbox 451 2727 2037 2800">
     <span class='ocr_line' id='line_1_42' title="bbox 451 2727 2037 2800; baseline -0.001 -17"><span class='ocrx_word' id='word_1_303' title='bbox 451 2730 547 2800; x_wconf 85' lang='lat' dir='ltr'><strong>qui</strong></span> <span class='ocrx_word' id='word_1_304' title='bbox 593 2737 645 2783; x_wconf 89' lang='lat' dir='ltr'><strong>et</strong></span> <span class='ocrx_word' id='word_1_305' title='bbox 697 2730 815 2798; x_wconf 86' lang='lat' dir='ltr'><strong>ipse</strong></span> <span class='ocrx_word' id='word_1_306' title='bbox 862 2727 1120 2783; x_wconf 72' lang='lat' dir='ltr'><strong>secunda:</strong></span> <span class='ocrx_word' id='word_1_307' title='bbox 1164 2727 1377 2781; x_wconf 66' lang='lat' dir='ltr'><strong>ancilla?</strong></span> <span class='ocrx_word' id='word_1_308' title='bbox 1424 2728 1566 2782; x_wconf 73' lang='lat' dir='ltr'><strong>(ilius</strong></span> <span class='ocrx_word' id='word_1_309' title='bbox 1601 2728 1894 2781; x_wconf 88' lang='lat' dir='ltr'><strong>invenitur.</strong></span> <span class='ocrx_word' id='word_1_310' title='bbox 1939 2727 2037 2781; x_wconf 91' lang='lat' dir='ltr'><strong>llic</strong></span> 
     </span>
    </p>
   </div>
   <div class='ocr_carea' id='block_1_43' title="bbox 452 2819 2039 2892">
    <p class='ocr_par' dir='ltr' id='par_1_43' title="bbox 452 2819 2039 2892">
     <span class='ocr_line' id='line_1_43' title="bbox 452 2819 2039 2892; baseline -0.001 -16"><span class='ocrx_word' id='word_1_311' title='bbox 452 2823 641 2885; x_wconf 88' lang='lat' dir='ltr'><strong>etiam,</strong></span> <span class='ocrx_word' id='word_1_312' title='bbox 680 2823 810 2892; x_wconf 87' lang='lat' dir='ltr'><strong>quia</strong></span> <span class='ocrx_word' id='word_1_313' title='bbox 842 2837 1108 2876; x_wconf 89' lang='lat' dir='ltr'><strong>numerus</strong></span> <span class='ocrx_word' id='word_1_314' title='bbox 1149 2823 1473 2876; x_wconf 81' lang='lat' dir='ltr'><strong>imminutus</strong></span> <span class='ocrx_word' id='word_1_315' title='bbox 1503 2829 1606 2882; x_wconf 88' lang='lat' dir='ltr'><strong>est,</strong></span> <span class='ocrx_word' id='word_1_316' title='bbox 1637 2819 1751 2892; x_wconf 71' lang='grc' dir='ltr'><strong>[ὗὶ]</strong></span> <span class='ocrx_word' id='word_1_317' title='bbox 1785 2820 2039 2875; x_wconf 85' lang='lat' dir='ltr'><strong>Simeone</strong></span> 
     </span>
    </p>
   </div>
   <div class='ocr_carea' id='block_1_44' title="bbox 455 2913 2040 2985">
    <p class='ocr_par' dir='ltr' id='par_1_44' title="bbox 455 2913 2040 2985">
     <span class='ocr_line' id='line_1_44' title="bbox 455 2913 2040 2985; baseline -0.003 -17"><span class='ocrx_word' id='word_1_318' title='bbox 455 2915 850 2985; x_wconf 65' lang='lat' dir='ltr'><strong>prmtcrmisso,</strong></span> <span class='ocrx_word' id='word_1_319' title='bbox 884 2915 967 2970; x_wconf 78' lang='lat' dir='ltr'><strong>fas</strong></span> <span class='ocrx_word' id='word_1_320' title='bbox 1011 2932 1118 2969; x_wconf 90' lang='lat' dir='ltr'><strong>non</strong></span> <span class='ocrx_word' id='word_1_321' title='bbox 1165 2923 1284 2969; x_wconf 89' lang='lat' dir='ltr'><strong>erat</strong></span> <span class='ocrx_word' id='word_1_322' title='bbox 1327 2914 1655 2968; x_wconf 84' lang='lat' dir='ltr'><strong>divisionem</strong></span> <span class='ocrx_word' id='word_1_323' title='bbox 1703 2913 1863 2967; x_wconf 89' lang='lat' dir='ltr'><strong>istam</strong></span> <span class='ocrx_word' id='word_1_324' title='bbox 1905 2913 2040 2982; x_wconf 87' lang='lat' dir='ltr'><strong>lapi-</strong></span> 
     </span>
    </p>
   </div>
   <div class='ocr_carea' id='block_1_45' title="bbox 454 3007 1482 3076">
    <p class='ocr_par' dir='ltr' id='par_1_45' title="bbox 454 3007 1482 3076">
     <span class='ocr_line' id='line_1_45' title="bbox 454 3007 1482 3076; baseline -0.002 -15"><span class='ocrx_word' id='word_1_325' title='bbox 454 3007 619 3062; x_wconf 90' lang='lat' dir='ltr'><strong>dibus</strong></span> <span class='ocrx_word' id='word_1_326' title='bbox 646 3007 931 3061; x_wconf 88' lang='lat' dir='ltr'><strong>rationalis</strong></span> <span class='ocrx_word' id='word_1_327' title='bbox 966 3021 1129 3076; x_wconf 90' lang='lat' dir='ltr'><strong>posse</strong></span> <span class='ocrx_word' id='word_1_328' title='bbox 1159 3020 1482 3074; x_wconf 77' lang='lat' dir='ltr'><strong>congruere.</strong></span> 
     </span>
    </p>
   </div>
   <div class='ocr_carea' id='block_1_46' title="bbox 528 3096 2036 3170">
    <p class='ocr_par' dir='ltr' id='par_1_46' title="bbox 528 3096 2036 3170">
     <span class='ocr_line' id='line_1_46' title="bbox 528 3096 2036 3170; baseline -0.003 -17"><span class='ocrx_word' id='word_1_329' title='bbox 528 3099 747 3156; x_wconf 79' lang='lat' dir='ltr'><strong>Rursus</strong></span> <span class='ocrx_word' id='word_1_330' title='bbox 787 3109 841 3155; x_wconf 91' lang='lat' dir='ltr'><strong>et</strong></span> <span class='ocrx_word' id='word_1_331' title='bbox 890 3100 1031 3155; x_wconf 88' lang='lat' dir='ltr'><strong>hanc</strong></span> <span class='ocrx_word' id='word_1_332' title='bbox 1071 3101 1548 3170; x_wconf 61' lang='lat' dir='ltr'><strong>praetermittentes</strong></span> <span class='ocrx_word' id='word_1_333' title='bbox 1591 3099 1644 3152; x_wconf 93' lang='lat' dir='ltr'><strong>in</strong></span> <span class='ocrx_word' id='word_1_334' title='bbox 1690 3096 2036 3151; x_wconf 88' lang='lat' dir='ltr'><strong>undecimam</strong></span> 
     </span>
    </p>
   </div>
   <div class='ocr_carea' id='block_1_47' title="bbox 527 3213 1093 3284">
    <p class='ocr_par' dir='ltr' id='par_1_47' title="bbox 527 3213 1093 3284">
     <span class='ocr_line' id='line_1_47' title="bbox 527 3213 1093 3284; baseline 0 -17"><span class='ocrx_word' id='word_1_335' title='bbox 527 3215 541 3244; x_wconf 82' lang='lat'>&#39;</span> <span class='ocrx_word' id='word_1_336' title='bbox 573 3213 731 3270; x_wconf 86' lang='lat' dir='ltr'><strong>Deut.</strong></span> <span class='ocrx_word' id='word_1_337' title='bbox 770 3232 842 3275; x_wconf 78' lang='grc' dir='ltr'><strong>ιι,</strong></span> <span class='ocrx_word' id='word_1_338' title='bbox 876 3213 947 3267; x_wconf 78' lang='lat'><strong>‘29</strong></span> <span class='ocrx_word' id='word_1_339' title='bbox 972 3230 1093 3284; x_wconf 87' lang='lat' dir='ltr'><strong>sqq.</strong></span> 
     </span>
    </p>
   </div>
   <div class='ocr_carea' id='block_1_48' title="bbox 527 3324 2038 3396">
    <p class='ocr_par' dir='ltr' id='par_1_48' title="bbox 527 3324 2038 3396">
     <span class='ocr_line' id='line_1_48' title="bbox 527 3324 2038 3396; baseline -0.002 -15"><span class='ocrx_word' id='word_1_340' title='bbox 527 3327 641 3396; x_wconf 79' lang='grc'><strong>(50)</strong></span> <span class='ocrx_word' id='word_1_341' title='bbox 669 3327 762 3381; x_wconf 89' lang='lat' dir='ltr'><strong>Sic</strong></span> <span class='ocrx_word' id='word_1_342' title='bbox 803 3327 1048 3392; x_wconf 88' lang='lat' dir='ltr'><strong>cod.,sed</strong></span> <span class='ocrx_word' id='word_1_343' title='bbox 1091 3326 1230 3381; x_wconf 83' lang='lat' dir='ltr'><strong>forte</strong></span> <span class='ocrx_word' id='word_1_344' title='bbox 1268 3324 1668 3380; x_wconf 87' lang='lat' dir='ltr'><strong>restituendum</strong></span> <span class='ocrx_word' id='word_1_345' title='bbox 1708 3334 1811 3386; x_wconf 83' lang='lat' dir='ltr'><strong>est,</strong></span> <span class='ocrx_word' id='word_1_346' title='bbox 1847 3324 2038 3378; x_wconf 84' lang='lat' dir='ltr'><strong>admo-</strong></span> 
     </span>
    </p>
   </div>
   <div class='ocr_carea' id='block_1_49' title="bbox 450 3415 643 3452">
    <p class='ocr_par' dir='ltr' id='par_1_49' title="bbox 450 3415 643 3452">
     <span class='ocr_line' id='line_1_49' title="bbox 450 3415 643 3452; baseline 0 0"><span class='ocrx_word' id='word_1_347' title='bbox 450 3415 498 3452; x_wconf 72' lang='grc' dir='ltr'><strong>ῑί</strong></span> <span class='ocrx_word' id='word_1_348' title='bbox 508 3415 643 3452; x_wconf 86' lang='lat' dir='ltr'><strong>mus.</strong></span> 
     </span>
    </p>
   </div>
   <div class='ocr_carea' id='block_1_50' title="bbox 525 3465 2034 3537">
    <p class='ocr_par' dir='ltr' id='par_1_50' title="bbox 525 3465 2034 3537">
     <span class='ocr_line' id='line_1_50' title="bbox 525 3465 2034 3537; baseline -0.004 -15"><span class='ocrx_word' id='word_1_349' title='bbox 525 3468 638 3537; x_wconf 86' lang='lat'><strong>(5|)</strong></span> <span class='ocrx_word' id='word_1_350' title='bbox 673 3468 746 3520; x_wconf 84' lang='lat' dir='ltr'><strong>De</strong></span> <span class='ocrx_word' id='word_1_351' title='bbox 770 3465 878 3519; x_wconf 89' lang='lat' dir='ltr'><strong>situ</strong></span> <span class='ocrx_word' id='word_1_352' title='bbox 911 3466 1116 3520; x_wconf 89' lang='lat' dir='ltr'><strong>montis</strong></span> <span class='ocrx_word' id='word_1_353' title='bbox 1161 3466 1401 3537; x_wconf 85' lang='lat' dir='ltr'><strong>Garizim</strong></span> <span class='ocrx_word' id='word_1_354' title='bbox 1445 3465 1665 3537; x_wconf 78' lang='lat' dir='ltr'><strong>copiose</strong></span> <span class='ocrx_word' id='word_1_355' title='bbox 1711 3474 1877 3533; x_wconf 80' lang='lat' dir='ltr'><strong>agunt</strong></span> <span class='ocrx_word' id='word_1_356' title='bbox 1921 3465 2034 3537; x_wconf 73' lang='lat' dir='ltr'><strong>An-</strong></span> 
     </span>
    </p>
   </div>
   <div class='ocr_carea' id='block_1_51' title="bbox 455 3535 2036 3605">
    <p class='ocr_par' dir='ltr' id='par_1_51' title="bbox 455 3535 2036 3605">
     <span class='ocr_line' id='line_1_51' title="bbox 455 3535 2036 3605; baseline -0.003 -13"><span class='ocrx_word' id='word_1_357' title='bbox 455 3535 620 3592; x_wconf 83' lang='lat' dir='ltr'><strong>dreas</strong></span> <span class='ocrx_word' id='word_1_358' title='bbox 652 3537 857 3592; x_wconf 82' lang='lat' dir='ltr'><strong>Masius</strong></span> <span class='ocrx_word' id='word_1_359' title='bbox 883 3537 934 3588; x_wconf 89' lang='lat' dir='ltr'><strong>in</strong></span> <span class='ocrx_word' id='word_1_360' title='bbox 955 3551 1075 3605; x_wconf 86' lang='lat' dir='ltr'><strong>cap.</strong></span> <span class='ocrx_word' id='word_1_361' title='bbox 1101 3552 1196 3605; x_wconf 80' lang='lat' dir='ltr'><strong>vin</strong></span> <span class='ocrx_word' id='word_1_362' title='bbox 1223 3536 1407 3599; x_wconf 88' lang='lat' dir='ltr'><strong>.losue,</strong></span> <span class='ocrx_word' id='word_1_363' title='bbox 1438 3535 1604 3589; x_wconf 88' lang='lat' dir='ltr'><strong>Critic</strong></span> <span class='ocrx_word' id='word_1_364' title='bbox 1650 3552 1789 3588; x_wconf 84' lang='lat' dir='ltr'><strong>sacr.</strong></span> <span class='ocrx_word' id='word_1_365' title='bbox 1815 3544 1946 3589; x_wconf 91' lang='lat' dir='ltr'><strong>tom.</strong></span> <span class='ocrx_word' id='word_1_366' title='bbox 1975 3535 2036 3598; x_wconf 87' lang='lat' dir='ltr'><strong>ll,</strong></span> 
     </span>
    </p>
   </div>
   <div class='ocr_carea' id='block_1_52' title="bbox 466 3604 2036 3674">
    <p class='ocr_par' dir='ltr' id='par_1_52' title="bbox 466 3604 2036 3674">
     <span class='ocr_line' id='line_1_52' title="bbox 466 3604 2036 3674; baseline -0.001 -13"><span class='ocrx_word' id='word_1_367' title='bbox 466 3609 575 3662; x_wconf 91' lang='lat' dir='ltr'><strong>col.</strong></span> <span class='ocrx_word' id='word_1_368' title='bbox 641 3608 769 3673; x_wconf 62' lang='lat' dir='ltr'><strong>ill,</strong></span> <span class='ocrx_word' id='word_1_369' title='bbox 822 3604 1036 3659; x_wconf 85' lang='lat' dir='ltr'><strong>necnon</strong></span> <span class='ocrx_word' id='word_1_370' title='bbox 1105 3604 1392 3659; x_wconf 30' lang='lat' dir='ltr'><strong>llolai‘dus</strong></span> <span class='ocrx_word' id='word_1_371' title='bbox 1441 3605 1669 3658; x_wconf 78' lang='lat' dir='ltr'><strong>Miscell.</strong></span> <span class='ocrx_word' id='word_1_372' title='bbox 1725 3622 1775 3674; x_wconf 93' lang='lat' dir='ltr'><strong>p.</strong></span> <span class='ocrx_word' id='word_1_373' title='bbox 1821 3623 1857 3670; x_wconf 88' lang='grc' dir='ltr'><strong>ι,</strong></span> <span class='ocrx_word' id='word_1_374' title='bbox 1896 3605 2036 3660; x_wconf 83' lang='lat' dir='ltr'><strong>lliss.</strong></span> 
     </span>
    </p>
   </div>
   <div class='ocr_carea' id='block_1_53' title="bbox 462 3674 2036 3749">
    <p class='ocr_par' dir='ltr' id='par_1_53' title="bbox 462 3674 2036 3749">
     <span class='ocr_line' id='line_1_53' title="bbox 462 3674 2036 3749; baseline -0.003 -16"><span class='ocrx_word' id='word_1_375' title='bbox 462 3679 516 3749; x_wconf 60' lang='grc' dir='ltr'>ᾖ,</span> <span class='ocrx_word' id='word_1_376' title='bbox 551 3678 785 3749; x_wconf 41' lang='grc' dir='ltr'><strong>ἓῦηριίξ.</strong></span> <span class='ocrx_word' id='word_1_377' title='bbox 827 3676 998 3749; x_wconf 64' lang='lat' dir='ltr'><strong>l’rout</strong></span> <span class='ocrx_word' id='word_1_378' title='bbox 1031 3676 1316 3749; x_wconf 75' lang='lat' dir='ltr'><strong>liic__seutit</strong></span> <span class='ocrx_word' id='word_1_379' title='bbox 1342 3674 1698 3749; x_wconf 79' lang='lat' dir='ltr'><strong>Epiphanius,</strong></span> <span class='ocrx_word' id='word_1_380' title='bbox 1730 3677 2036 3749; x_wconf 84' lang='lat' dir='ltr'><strong>necnoniu</strong></span> 
     </span>
    </p>
   </div>
   <div class='ocr_carea' id='block_1_54' title="bbox 459 3745 2036 3817">
    <p class='ocr_par' dir='ltr' id='par_1_54' title="bbox 459 3745 2036 3817">
     <span class='ocr_line' id='line_1_54' title="bbox 459 3745 2036 3817; baseline 0 -18"><span class='ocrx_word' id='word_1_381' title='bbox 459 3745 599 3802; x_wconf 71' lang='lat' dir='ltr'><strong>Pan.</strong></span> <span class='ocrx_word' id='word_1_382' title='bbox 655 3748 708 3800; x_wconf 83' lang='lat' dir='ltr'><strong>li.</strong></span> <span class='ocrx_word' id='word_1_383' title='bbox 740 3747 794 3807; x_wconf 85' lang='lat'><strong>9,</strong></span> <span class='ocrx_word' id='word_1_384' title='bbox 829 3746 936 3817; x_wconf 67' lang='lat'><strong>§2,</strong></span> <span class='ocrx_word' id='word_1_385' title='bbox 975 3763 1028 3815; x_wconf 77' lang='grc' dir='ltr'>ιι.</span> <span class='ocrx_word' id='word_1_386' title='bbox 1070 3745 1161 3812; x_wconf 62' lang='lat'><strong>95,</strong></span> <span class='ocrx_word' id='word_1_387' title='bbox 1179 3761 1411 3817; x_wconf 75' lang='lat' dir='ltr'><strong>sensere</strong></span> <span class='ocrx_word' id='word_1_388' title='bbox 1463 3748 1626 3817; x_wconf 70' lang='lat' dir='ltr'><strong>etiam</strong></span> <span class='ocrx_word' id='word_1_389' title='bbox 1674 3758 1882 3817; x_wconf 74' lang='lat' dir='ltr'><strong>auctor</strong></span> <span class='ocrx_word' id='word_1_390' title='bbox 1919 3748 2036 3799; x_wconf 86' lang='lat' dir='ltr'><strong>libri</strong></span> 
     </span>
    </p>
   </div>
   <div class='ocr_carea' id='block_1_55' title="bbox 456 3815 2037 3885">
    <p class='ocr_par' dir='ltr' id='par_1_55' title="bbox 456 3815 2037 3885">
     <span class='ocr_line' id='line_1_55' title="bbox 456 3815 2037 3885; baseline -0.001 -14"><span class='ocrx_word' id='word_1_391' title='bbox 456 3818 535 3872; x_wconf 86' lang='lat' dir='ltr'><strong>De</strong></span> <span class='ocrx_word' id='word_1_392' title='bbox 563 3819 665 3871; x_wconf 82' lang='lat' dir='ltr'><strong>lor.</strong></span> <span class='ocrx_word' id='word_1_393' title='bbox 693 3815 849 3872; x_wconf 46' lang='lat' dir='ltr'><strong>sacr.</strong></span> <span class='ocrx_word' id='word_1_394' title='bbox 871 3818 1072 3884; x_wconf 68' lang='grc' dir='ltr'><strong>ὅςνῦν..</strong></span> <span class='ocrx_word' id='word_1_395' title='bbox 1105 3826 1159 3870; x_wconf 90' lang='lat' dir='ltr'><strong>et</strong></span> <span class='ocrx_word' id='word_1_396' title='bbox 1179 3815 1478 3885; x_wconf 79' lang='lat' dir='ltr'><strong>Procopius</strong></span> <span class='ocrx_word' id='word_1_397' title='bbox 1511 3815 1740 3870; x_wconf 74' lang='lat' dir='ltr'><strong>Gazaeus</strong></span> <span class='ocrx_word' id='word_1_398' title='bbox 1766 3818 1818 3868; x_wconf 87' lang='lat' dir='ltr'><strong>in</strong></span> <span class='ocrx_word' id='word_1_399' title='bbox 1858 3815 2037 3877; x_wconf 85' lang='lat' dir='ltr'><strong>Deut.,</strong></span> 
     </span>
    </p>
   </div>
   <div class='ocr_carea' id='block_1_56' title="bbox 459 3885 2043 3957">
    <p class='ocr_par' dir='ltr' id='par_1_56' title="bbox 459 3885 2043 3957">
     <span class='ocr_line' id='line_1_56' title="bbox 459 3885 2043 3957; baseline -0.003 -15"><span class='ocrx_word' id='word_1_400' title='bbox 459 3904 670 3942; x_wconf 87' lang='lat' dir='ltr'><strong>necnon</strong></span> <span class='ocrx_word' id='word_1_401' title='bbox 719 3890 859 3942; x_wconf 87' lang='lat' dir='ltr'><strong>inter</strong></span> <span class='ocrx_word' id='word_1_402' title='bbox 897 3887 1234 3941; x_wconf 81' lang='lat' dir='ltr'><strong>recentiores</strong></span> <span class='ocrx_word' id='word_1_403' title='bbox 1258 3885 1530 3954; x_wconf 62' lang='lat' dir='ltr'><strong>Iosephus</strong></span> <span class='ocrx_word' id='word_1_404' title='bbox 1576 3887 1819 3957; x_wconf 79' lang='lat' dir='ltr'><strong>Scaliger</strong></span> <span class='ocrx_word' id='word_1_405' title='bbox 1854 3889 1904 3939; x_wconf 88' lang='lat' dir='ltr'><strong>in</strong></span> <span class='ocrx_word' id='word_1_406' title='bbox 1939 3886 2043 3939; x_wconf 81' lang='lat' dir='ltr'><strong>Eu-</strong></span> 
     </span>
    </p>
   </div>
   <div class='ocr_carea' id='block_1_57' title="bbox 458 3957 2042 4028">
    <p class='ocr_par' dir='ltr' id='par_1_57' title="bbox 458 3957 2042 4028">
     <span class='ocr_line' id='line_1_57' title="bbox 458 3957 2042 4028; baseline -0.001 -16"><span class='ocrx_word' id='word_1_407' title='bbox 458 3960 585 4012; x_wconf 80' lang='lat' dir='ltr'><strong>sebii</strong></span> <span class='ocrx_word' id='word_1_408' title='bbox 629 3959 949 4020; x_wconf 71' lang='lat' dir='ltr'><strong>(Ilirmiicon,</strong></span> <span class='ocrx_word' id='word_1_409' title='bbox 989 3973 1108 4028; x_wconf 81' lang='lat' dir='ltr'><strong>pag.</strong></span> <span class='ocrx_word' id='word_1_410' title='bbox 1131 3957 1256 4028; x_wconf 63' lang='grc' dir='ltr'>ηδ,</span> <span class='ocrx_word' id='word_1_411' title='bbox 1287 3957 1420 4028; x_wconf 78' lang='lat' dir='ltr'><strong>edit.</strong></span> <span class='ocrx_word' id='word_1_412' title='bbox 1453 3959 1762 4028; x_wconf 26' lang='lat' dir='ltr'><strong>Amstaau.</strong></span> <span class='ocrx_word' id='word_1_413' title='bbox 1795 3957 1953 4018; x_wconf 75' lang='grc'>1658,</span> <span class='ocrx_word' id='word_1_414' title='bbox 1987 3965 2042 4010; x_wconf 90' lang='lat' dir='ltr'><strong>et</strong></span> 
     </span>
    </p>
   </div>
   <div class='ocr_carea' id='block_1_58' title="bbox 457 4025 2040 4098">
    <p class='ocr_par' dir='ltr' id='par_1_58' title="bbox 457 4025 2040 4098">
     <span class='ocr_line' id='line_1_58' title="bbox 457 4025 2040 4098; baseline -0.002 -15"><span class='ocrx_word' id='word_1_415' title='bbox 457 4030 777 4083; x_wconf 81' lang='lat' dir='ltr'><strong>Gerhardns</strong></span> <span class='ocrx_word' id='word_1_416' title='bbox 813 4025 1083 4082; x_wconf 76' lang='lat' dir='ltr'><strong>Mercator</strong></span> <span class='ocrx_word' id='word_1_417' title='bbox 1119 4027 1262 4098; x_wconf 89' lang='lat' dir='ltr'><strong>apud</strong></span> <span class='ocrx_word' id='word_1_418' title='bbox 1306 4027 1578 4081; x_wconf 86' lang='lat' dir='ltr'><strong>Andream</strong></span> <span class='ocrx_word' id='word_1_419' title='bbox 1637 4025 1886 4080; x_wconf 86' lang='lat' dir='ltr'><strong>Masium.</strong></span> <span class='ocrx_word' id='word_1_420' title='bbox 1918 4028 2040 4083; x_wconf 79' lang='lat' dir='ltr'><strong>Cri—</strong></span> 
     </span>
    </p>
   </div>
   <div class='ocr_carea' id='block_1_59' title="bbox 459 4099 2036 4169">
    <p class='ocr_par' dir='ltr' id='par_1_59' title="bbox 459 4099 2036 4169">
     <span class='ocr_line' id='line_1_59' title="bbox 459 4099 2036 4169; baseline 0 -17"><span class='ocrx_word' id='word_1_421' title='bbox 459 4101 551 4153; x_wconf 90' lang='lat' dir='ltr'><strong>tici</strong></span> <span class='ocrx_word' id='word_1_422' title='bbox 599 4102 917 4169; x_wconf 86' lang='lat' dir='ltr'><strong>opinionem</strong></span> <span class='ocrx_word' id='word_1_423' title='bbox 968 4099 1107 4152; x_wconf 91' lang='lat' dir='ltr'><strong>hanc</strong></span> <span class='ocrx_word' id='word_1_424' title='bbox 1171 4099 1425 4154; x_wconf 82' lang='lat' dir='ltr'><strong>falsitatis</strong></span> <span class='ocrx_word' id='word_1_425' title='bbox 1473 4099 1775 4153; x_wconf 87' lang='lat' dir='ltr'><strong>luculenter</strong></span> <span class='ocrx_word' id='word_1_426' title='bbox 1813 4101 2036 4167; x_wconf 80' lang='lat' dir='ltr'><strong>coargui</strong></span> 
     </span>
    </p>
   </div>
   <div class='ocr_carea' id='block_1_60' title="bbox 457 4169 2040 4240">
    <p class='ocr_par' dir='ltr' id='par_1_60' title="bbox 457 4169 2040 4240">
     <span class='ocr_line' id='line_1_60' title="bbox 457 4169 2040 4240; baseline -0.002 -17"><span class='ocrx_word' id='word_1_427' title='bbox 457 4172 876 4225; x_wconf 75' lang='lat' dir='ltr'><strong>arbitranturex</strong></span> <span class='ocrx_word' id='word_1_428' title='bbox 908 4169 1035 4224; x_wconf 82' lang='lat' dir='ltr'><strong>Jud.</strong></span> <span class='ocrx_word' id='word_1_429' title='bbox 1065 4186 1188 4240; x_wconf 84' lang='lat' dir='ltr'><strong>cap.</strong></span> <span class='ocrx_word' id='word_1_430' title='bbox 1254 4186 1330 4234; x_wconf 87' lang='grc' dir='ltr'><strong>ιι,</strong></span> <span class='ocrx_word' id='word_1_431' title='bbox 1386 4170 1418 4223; x_wconf 85' lang='lat'><strong>6</strong></span> <span class='ocrx_word' id='word_1_432' title='bbox 1480 4176 1534 4224; x_wconf 90' lang='lat' dir='ltr'><strong>et</strong></span> <span class='ocrx_word' id='word_1_433' title='bbox 1581 4169 1630 4230; x_wconf 89' lang='lat'><strong>7,</strong></span> <span class='ocrx_word' id='word_1_434' title='bbox 1669 4169 1758 4220; x_wconf 90' lang='lat' dir='ltr'><strong>ubi</strong></span> <span class='ocrx_word' id='word_1_435' title='bbox 1810 4169 2040 4240; x_wconf 75' lang='lat' dir='ltr'><strong>legimus</strong></span> 
     </span>
    </p>
   </div>
   <div class='ocr_carea' id='block_1_61' title="bbox 454 4237 2041 4304">
    <p class='ocr_par' dir='ltr' id='par_1_61' title="bbox 454 4237 2041 4304">
     <span class='ocr_line' id='line_1_61' title="bbox 454 4237 2041 4304; baseline -0.001 -11"><span class='ocrx_word' id='word_1_436' title='bbox 454 4241 707 4304; x_wconf 80' lang='lat' dir='ltr'><strong>Joatham</strong></span> <span class='ocrx_word' id='word_1_437' title='bbox 744 4240 1015 4295; x_wconf 86' lang='lat' dir='ltr'><strong>Gedeonis</strong></span> <span class='ocrx_word' id='word_1_438' title='bbox 1075 4237 1244 4295; x_wconf 68' lang='lat' dir='ltr'><strong>lilium</strong></span> <span class='ocrx_word' id='word_1_439' title='bbox 1281 4258 1310 4294; x_wconf 90' lang='lat' dir='ltr'><strong>e</strong></span> <span class='ocrx_word' id='word_1_440' title='bbox 1342 4240 1542 4294; x_wconf 84' lang='lat' dir='ltr'><strong>vertice</strong></span> <span class='ocrx_word' id='word_1_441' title='bbox 1579 4240 1815 4292; x_wconf 85' lang='lat' dir='ltr'><strong>Garizim</strong></span> <span class='ocrx_word' id='word_1_442' title='bbox 1863 4237 2041 4293; x_wconf 90' lang='lat' dir='ltr'><strong>Sichi-</strong></span> 
     </span>
    </p>
   </div>
   <div class='ocr_carea' id='block_1_62' title="bbox 456 4312 2036 4367">
    <p class='ocr_par' dir='ltr' id='par_1_62' title="bbox 456 4312 2036 4367">
     <span class='ocr_line' id='line_1_62' title="bbox 456 4312 2036 4367; baseline 0.001 -4"><span class='ocrx_word' id='word_1_443' title='bbox 456 4314 620 4366; x_wconf 74' lang='lat' dir='ltr'><strong>ll‘lll‘JS</strong></span> <span class='ocrx_word' id='word_1_444' title='bbox 650 4313 716 4365; x_wconf 88' lang='lat' dir='ltr'><strong>ad</strong></span> <span class='ocrx_word' id='word_1_445' title='bbox 759 4313 961 4365; x_wconf 87' lang='lat' dir='ltr'><strong>montis</strong></span> <span class='ocrx_word' id='word_1_446' title='bbox 1014 4313 1225 4367; x_wconf 87' lang='lat' dir='ltr'><strong>radices</strong></span> <span class='ocrx_word' id='word_1_447' title='bbox 1262 4319 1547 4365; x_wconf 87' lang='lat' dir='ltr'><strong>versantes</strong></span> <span class='ocrx_word' id='word_1_448' title='bbox 1568 4312 1861 4363; x_wconf 89' lang='lat' dir='ltr'><strong>allocutum</strong></span> <span class='ocrx_word' id='word_1_449' title='bbox 1893 4325 2036 4364; x_wconf 90' lang='lat' dir='ltr'><strong>csse.</strong></span> 
     </span>
    </p>
   </div>
   <div class='ocr_carea' id='block_1_63' title="bbox 456 4379 2042 4450">
    <p class='ocr_par' dir='ltr' id='par_1_63' title="bbox 456 4379 2042 4450">
     <span class='ocr_line' id='line_1_63' title="bbox 456 4379 2042 4450; baseline -0.002 -16"><span class='ocrx_word' id='word_1_450' title='bbox 456 4379 732 4437; x_wconf 58' lang='lat' dir='ltr'><strong>Praeterea</strong></span> <span class='ocrx_word' id='word_1_451' title='bbox 762 4383 902 4449; x_wconf 88' lang='lat' dir='ltr'><strong>apud</strong></span> <span class='ocrx_word' id='word_1_452' title='bbox 924 4381 1213 4444; x_wconf 81' lang='lat' dir='ltr'><strong>Joannem,</strong></span> <span class='ocrx_word' id='word_1_453' title='bbox 1257 4398 1381 4450; x_wconf 90' lang='lat' dir='ltr'><strong>cap.</strong></span> <span class='ocrx_word' id='word_1_454' title='bbox 1421 4399 1494 4443; x_wconf 85' lang='lat' dir='ltr'><strong>iv,</strong></span> <span class='ocrx_word' id='word_1_455' title='bbox 1531 4383 1876 4434; x_wconf 80' lang='lat' dir='ltr'><strong>Samaritana</strong></span> <span class='ocrx_word' id='word_1_456' title='bbox 1928 4396 2042 4432; x_wconf 89' lang='lat' dir='ltr'><strong>mu-</strong></span> 
     </span>
    </p>
   </div>
   <div class='ocr_carea' id='block_1_64' title="bbox 458 4450 2036 4520">
    <p class='ocr_par' dir='ltr' id='par_1_64' title="bbox 458 4450 2036 4520">
     <span class='ocr_line' id='line_1_64' title="bbox 458 4450 2036 4520; baseline -0.001 -16"><span class='ocrx_word' id='word_1_457' title='bbox 458 4452 560 4505; x_wconf 89' lang='lat' dir='ltr'><strong>lier</strong></span> <span class='ocrx_word' id='word_1_458' title='bbox 593 4454 659 4506; x_wconf 89' lang='lat' dir='ltr'><strong>ad</strong></span> <span class='ocrx_word' id='word_1_459' title='bbox 716 4461 937 4520; x_wconf 85' lang='lat' dir='ltr'><strong>puteum</strong></span> <span class='ocrx_word' id='word_1_460' title='bbox 998 4455 1288 4520; x_wconf 88' lang='lat' dir='ltr'><strong>quemdam</strong></span> <span class='ocrx_word' id='word_1_461' title='bbox 1326 4468 1433 4505; x_wconf 90' lang='lat' dir='ltr'><strong>non</strong></span> <span class='ocrx_word' id='word_1_462' title='bbox 1481 4453 1635 4519; x_wconf 69' lang='lat' dir='ltr'><strong>longe</strong></span> <span class='ocrx_word' id='word_1_463' title='bbox 1680 4454 1748 4503; x_wconf 90' lang='lat' dir='ltr'><strong>ab</strong></span> <span class='ocrx_word' id='word_1_464' title='bbox 1785 4450 1919 4502; x_wconf 84' lang='lat' dir='ltr'><strong>urbe</strong></span> <span class='ocrx_word' id='word_1_465' title='bbox 1956 4451 2036 4502; x_wconf 89' lang='lat' dir='ltr'><strong>Si-</strong></span> 
     </span>
    </p>
   </div>
   <div class='ocr_carea' id='block_1_65' title="bbox 2139 1904 3700 1976">
    <p class='ocr_par' dir='ltr' id='par_1_65' title="bbox 2139 1904 3700 1976">
     <span class='ocr_line' id='line_1_65' title="bbox 2139 1904 3700 1976; baseline 0.002 -20"><span class='ocrx_word' id='word_1_466' title='bbox 2139 1904 2558 1971; x_wconf 79' lang='lat' dir='ltr'><strong>coinpositiouis</strong></span> <span class='ocrx_word' id='word_1_467' title='bbox 2595 1905 2836 1975; x_wconf 90' lang='lat' dir='ltr'><strong>lapidum</strong></span> <span class='ocrx_word' id='word_1_468' title='bbox 2869 1905 3164 1976; x_wconf 79' lang='lat' dir='ltr'><strong>smaragdi,</strong></span> <span class='ocrx_word' id='word_1_469' title='bbox 3200 1907 3292 1976; x_wconf 88' lang='lat' dir='ltr'><strong>qui</strong></span> <span class='ocrx_word' id='word_1_470' title='bbox 3327 1906 3590 1961; x_wconf 89' lang='lat' dir='ltr'><strong>catenulis</strong></span> <span class='ocrx_word' id='word_1_471' title='bbox 3617 1919 3700 1959; x_wconf 89' lang='lat' dir='ltr'><strong>ne-</strong></span> 
     </span>
    </p>
   </div>
   <div class='ocr_carea' id='block_1_66' title="bbox 2137 1996 3700 2068">
    <p class='ocr_par' dir='ltr' id='par_1_66' title="bbox 2137 1996 3700 2068">
     <span class='ocr_line' id='line_1_66' title="bbox 2137 1996 3700 2068; baseline 0.001 -20"><span class='ocrx_word' id='word_1_472' title='bbox 2137 1996 2454 2058; x_wconf 89' lang='lat' dir='ltr'><strong>ctebantur,</strong></span> <span class='ocrx_word' id='word_1_473' title='bbox 2481 1997 2726 2050; x_wconf 89' lang='lat' dir='ltr'><strong>ordinati</strong></span> <span class='ocrx_word' id='word_1_474' title='bbox 2761 2014 2854 2066; x_wconf 87' lang='lat' dir='ltr'><strong>per</strong></span> <span class='ocrx_word' id='word_1_475' title='bbox 2889 2007 3182 2068; x_wconf 90' lang='lat' dir='ltr'><strong>utrumque</strong></span> <span class='ocrx_word' id='word_1_476' title='bbox 3217 1999 3493 2068; x_wconf 82' lang='lat' dir='ltr'><strong>pontiﬁcis</strong></span> <span class='ocrx_word' id='word_1_477' title='bbox 3533 1998 3700 2051; x_wconf 88' lang='lat' dir='ltr'><strong>hume-</strong></span> 
     </span>
    </p>
   </div>
   <div class='ocr_carea' id='block_1_67' title="bbox 2137 2090 3698 2162">
    <p class='ocr_par' dir='ltr' id='par_1_67' title="bbox 2137 2090 3698 2162">
     <span class='ocr_line' id='line_1_67' title="bbox 2137 2090 3698 2162; baseline 0.001 -20"><span class='ocrx_word' id='word_1_478' title='bbox 2137 2105 2280 2153; x_wconf 90' lang='lat' dir='ltr'><strong>rum,</strong></span> <span class='ocrx_word' id='word_1_479' title='bbox 2320 2106 2455 2145; x_wconf 91' lang='lat' dir='ltr'><strong>auro</strong></span> <span class='ocrx_word' id='word_1_480' title='bbox 2499 2099 2553 2145; x_wconf 90' lang='lat' dir='ltr'><strong>et</strong></span> <span class='ocrx_word' id='word_1_481' title='bbox 2590 2092 2938 2162; x_wconf 78' lang='lat' dir='ltr'><strong>hyacinthina</strong></span> <span class='ocrx_word' id='word_1_482' title='bbox 2984 2093 3117 2146; x_wconf 88' lang='lat' dir='ltr'><strong>vitta</strong></span> <span class='ocrx_word' id='word_1_483' title='bbox 3160 2093 3427 2157; x_wconf 89' lang='lat' dir='ltr'><strong>conserti,</strong></span> <span class='ocrx_word' id='word_1_484' title='bbox 3465 2093 3535 2146; x_wconf 91' lang='lat' dir='ltr'><strong>ita</strong></span> <span class='ocrx_word' id='word_1_485' title='bbox 3576 2100 3628 2145; x_wconf 90' lang='lat' dir='ltr'><strong>ut</strong></span> <span class='ocrx_word' id='word_1_486' title='bbox 3653 2090 3698 2144; x_wconf 91' lang='lat' dir='ltr'><strong>in</strong></span> 
     </span>
    </p>
   </div>
   <div class='ocr_carea' id='block_1_68' title="bbox 2137 2182 3701 2256">
    <p class='ocr_par' dir='ltr' id='par_1_68' title="bbox 2137 2182 3701 2256">
     <span class='ocr_line' id='line_1_68' title="bbox 2137 2182 3701 2256; baseline 0.002 -21"><span class='ocrx_word' id='word_1_487' title='bbox 2137 2182 2222 2237; x_wconf 89' lang='lat' dir='ltr'><strong>bis</strong></span> <span class='ocrx_word' id='word_1_488' title='bbox 2251 2184 2463 2238; x_wconf 91' lang='lat' dir='ltr'><strong>duobus</strong></span> <span class='ocrx_word' id='word_1_489' title='bbox 2493 2185 2802 2256; x_wconf 82' lang='lat' dir='ltr'><strong>smaragdis</strong></span> <span class='ocrx_word' id='word_1_490' title='bbox 2845 2187 3286 2241; x_wconf 89' lang='lat' dir='ltr'><strong>inscriberentur</strong></span> <span class='ocrx_word' id='word_1_491' title='bbox 3327 2187 3546 2240; x_wconf 90' lang='lat' dir='ltr'><strong>nomina</strong></span> <span class='ocrx_word' id='word_1_492' title='bbox 3581 2185 3701 2239; x_wconf 86' lang='lat' dir='ltr'><strong>lilio-</strong></span> 
     </span>
    </p>
   </div>
   <div class='ocr_carea' id='block_1_69' title="bbox 2137 2275 3702 2350">
    <p class='ocr_par' dir='ltr' id='par_1_69' title="bbox 2137 2275 3702 2350">
     <span class='ocr_line' id='line_1_69' title="bbox 2137 2275 3702 2350; baseline 0.001 -21"><span class='ocrx_word' id='word_1_493' title='bbox 2137 2292 2256 2330; x_wconf 89' lang='lat' dir='ltr'><strong>rum</strong></span> <span class='ocrx_word' id='word_1_494' title='bbox 2288 2275 2471 2339; x_wconf 84' lang='lat' dir='ltr'><strong>Israel,</strong></span> <span class='ocrx_word' id='word_1_495' title='bbox 2503 2293 2568 2332; x_wconf 90' lang='lat' dir='ltr'><strong>eo</strong></span> <span class='ocrx_word' id='word_1_496' title='bbox 2598 2279 2743 2348; x_wconf 92' lang='lat' dir='ltr'><strong>quod</strong></span> <span class='ocrx_word' id='word_1_497' title='bbox 2783 2295 2927 2334; x_wconf 88' lang='lat' dir='ltr'><strong>unus</strong></span> <span class='ocrx_word' id='word_1_498' title='bbox 2961 2281 3288 2350; x_wconf 80' lang='lat' dir='ltr'><strong>smaragdos</strong></span> <span class='ocrx_word' id='word_1_499' title='bbox 3315 2281 3388 2334; x_wconf 92' lang='lat' dir='ltr'><strong>ob</strong></span> <span class='ocrx_word' id='word_1_500' title='bbox 3414 2278 3702 2333; x_wconf 84' lang='lat' dir='ltr'><strong>rotundita-</strong></span> 
     </span>
    </p>
   </div>
   <div class='ocr_carea' id='block_1_70' title="bbox 2139 2369 3701 2442">
    <p class='ocr_par' dir='ltr' id='par_1_70' title="bbox 2139 2369 3701 2442">
     <span class='ocr_line' id='line_1_70' title="bbox 2139 2369 3701 2442; baseline 0.002 -22"><span class='ocrx_word' id='word_1_501' title='bbox 2139 2376 2245 2421; x_wconf 85' lang='lat' dir='ltr'><strong>tem</strong></span> <span class='ocrx_word' id='word_1_502' title='bbox 2270 2371 2352 2422; x_wconf 88' lang='lat' dir='ltr'><strong>sui</strong></span> <span class='ocrx_word' id='word_1_503' title='bbox 2385 2369 2671 2424; x_wconf 88' lang='lat' dir='ltr'><strong>duodecim</strong></span> <span class='ocrx_word' id='word_1_504' title='bbox 2705 2371 2926 2425; x_wconf 90' lang='lat' dir='ltr'><strong>nomina</strong></span> <span class='ocrx_word' id='word_1_505' title='bbox 2959 2387 3156 2441; x_wconf 88' lang='lat' dir='ltr'><strong>capere</strong></span> <span class='ocrx_word' id='word_1_506' title='bbox 3180 2389 3286 2425; x_wconf 94' lang='lat' dir='ltr'><strong>non</strong></span> <span class='ocrx_word' id='word_1_507' title='bbox 3317 2380 3521 2442; x_wconf 76' lang='lat' dir='ltr'><strong>posset.</strong></span> <span class='ocrx_word' id='word_1_508' title='bbox 3547 2369 3701 2441; x_wconf 88' lang='lat' dir='ltr'><strong>Opor-</strong></span> 
     </span>
    </p>
   </div>
   <div class='ocr_carea' id='block_1_71' title="bbox 2138 2461 3703 2534">
    <p class='ocr_par' dir='ltr' id='par_1_71' title="bbox 2138 2461 3703 2534">
     <span class='ocr_line' id='line_1_71' title="bbox 2138 2461 3703 2534; baseline 0.001 -22"><span class='ocrx_word' id='word_1_509' title='bbox 2138 2461 2287 2514; x_wconf 88' lang='lat' dir='ltr'><strong>tehat</strong></span> <span class='ocrx_word' id='word_1_510' title='bbox 2331 2471 2540 2526; x_wconf 89' lang='lat' dir='ltr'><strong>autem,</strong></span> <span class='ocrx_word' id='word_1_511' title='bbox 2573 2471 2646 2528; x_wconf 90' lang='lat' dir='ltr'><strong>et,</strong></span> <span class='ocrx_word' id='word_1_512' title='bbox 2701 2464 2744 2516; x_wconf 89' lang='lat' dir='ltr'><strong>si</strong></span> <span class='ocrx_word' id='word_1_513' title='bbox 2801 2480 2997 2534; x_wconf 86' lang='lat' dir='ltr'><strong>capere</strong></span> <span class='ocrx_word' id='word_1_514' title='bbox 3038 2471 3278 2534; x_wconf 87' lang='lat' dir='ltr'><strong>poterat,</strong></span> <span class='ocrx_word' id='word_1_515' title='bbox 3323 2464 3546 2518; x_wconf 82' lang='lat' dir='ltr'><strong>dextros</strong></span> <span class='ocrx_word' id='word_1_516' title='bbox 3586 2463 3703 2516; x_wconf 89' lang='lat' dir='ltr'><strong>sini-</strong></span> 
     </span>
    </p>
   </div>
   <div class='ocr_carea' id='block_1_72' title="bbox 2140 2553 3703 2626">
    <p class='ocr_par' dir='ltr' id='par_1_72' title="bbox 2140 2553 3703 2626">
     <span class='ocr_line' id='line_1_72' title="bbox 2140 2553 3703 2626; baseline -0.001 -19"><span class='ocrx_word' id='word_1_517' title='bbox 2140 2567 2398 2622; x_wconf 81' lang='lat' dir='ltr'><strong>strosque</strong></span> <span class='ocrx_word' id='word_1_518' title='bbox 2429 2553 2717 2624; x_wconf 80' lang='lat' dir='ltr'><strong>distingui,</strong></span> <span class='ocrx_word' id='word_1_519' title='bbox 2745 2563 2797 2609; x_wconf 90' lang='lat' dir='ltr'><strong>et</strong></span> <span class='ocrx_word' id='word_1_520' title='bbox 2822 2556 2943 2609; x_wconf 89' lang='lat' dir='ltr'><strong>ideo</strong></span> <span class='ocrx_word' id='word_1_521' title='bbox 2970 2556 3023 2608; x_wconf 91' lang='lat' dir='ltr'><strong>in</strong></span> <span class='ocrx_word' id='word_1_522' title='bbox 3059 2563 3295 2625; x_wconf 89' lang='lat' dir='ltr'><strong>utroque</strong></span> <span class='ocrx_word' id='word_1_523' title='bbox 3322 2556 3521 2626; x_wconf 91' lang='lat' dir='ltr'><strong>lapide,</strong></span> <span class='ocrx_word' id='word_1_524' title='bbox 3545 2553 3703 2624; x_wconf 89' lang='lat' dir='ltr'><strong>posito</strong></span> 
     </span>
    </p>
   </div>
   <div class='ocr_carea' id='block_1_73' title="bbox 2139 2642 3703 2714">
    <p class='ocr_par' dir='ltr' id='par_1_73' title="bbox 2139 2642 3703 2714">
     <span class='ocr_line' id='line_1_73' title="bbox 2139 2642 3703 2714; baseline 0.001 -19"><span class='ocrx_word' id='word_1_525' title='bbox 2139 2642 2192 2696; x_wconf 93' lang='lat' dir='ltr'><strong>in</strong></span> <span class='ocrx_word' id='word_1_526' title='bbox 2231 2643 2458 2696; x_wconf 77' lang='lat' dir='ltr'><strong>dextera</strong></span> <span class='ocrx_word' id='word_1_527' title='bbox 2498 2645 2707 2698; x_wconf 82' lang='lat' dir='ltr'><strong>scilicet</strong></span> <span class='ocrx_word' id='word_1_528' title='bbox 2741 2653 2794 2697; x_wconf 88' lang='lat' dir='ltr'><strong>ct</strong></span> <span class='ocrx_word' id='word_1_529' title='bbox 2833 2646 3081 2709; x_wconf 89' lang='lat' dir='ltr'><strong>sinistra,</strong></span> <span class='ocrx_word' id='word_1_530' title='bbox 3114 2646 3436 2714; x_wconf 89' lang='lat' dir='ltr'><strong>conscripta</strong></span> <span class='ocrx_word' id='word_1_531' title='bbox 3477 2651 3598 2699; x_wconf 88' lang='lat' dir='ltr'><strong>sunt</strong></span> <span class='ocrx_word' id='word_1_532' title='bbox 3624 2657 3703 2696; x_wconf 85' lang='lat' dir='ltr'><strong>no-</strong></span> 
     </span>
    </p>
   </div>
   <div class='ocr_carea' id='block_1_74' title="bbox 2141 2732 3703 2805">
    <p class='ocr_par' dir='ltr' id='par_1_74' title="bbox 2141 2732 3703 2805">
     <span class='ocr_line' id='line_1_74' title="bbox 2141 2732 3703 2805; baseline 0.002 -21"><span class='ocrx_word' id='word_1_533' title='bbox 2141 2733 2310 2797; x_wconf 90' lang='lat' dir='ltr'><strong>mina,</strong></span> <span class='ocrx_word' id='word_1_534' title='bbox 2348 2733 2510 2786; x_wconf 84' lang='lat' dir='ltr'><strong>sicuti</strong></span> <span class='ocrx_word' id='word_1_535' title='bbox 2546 2733 2658 2805; x_wconf 72' lang='grc'><strong>[55]</strong></span> <span class='ocrx_word' id='word_1_536' title='bbox 2703 2736 2753 2788; x_wconf 92' lang='lat' dir='ltr'><strong>in</strong></span> <span class='ocrx_word' id='word_1_537' title='bbox 2783 2745 3017 2804; x_wconf 86' lang='lat' dir='ltr'><strong>utroque</strong></span> <span class='ocrx_word' id='word_1_538' title='bbox 3051 2744 3234 2790; x_wconf 91' lang='lat' dir='ltr'><strong>monte</strong></span> <span class='ocrx_word' id='word_1_539' title='bbox 3265 2734 3506 2789; x_wconf 82' lang='lat' dir='ltr'><strong>Garizim</strong></span> <span class='ocrx_word' id='word_1_540' title='bbox 3537 2742 3588 2788; x_wconf 88' lang='lat' dir='ltr'><strong>ct</strong></span> <span class='ocrx_word' id='word_1_541' title='bbox 3611 2732 3703 2787; x_wconf 86' lang='lat' dir='ltr'><strong>Ge-</strong></span> 
     </span>
    </p>
   </div>
   <div class='ocr_carea' id='block_1_75' title="bbox 2141 2823 3704 2892">
    <p class='ocr_par' dir='ltr' id='par_1_75' title="bbox 2141 2823 3704 2892">
     <span class='ocr_line' id='line_1_75' title="bbox 2141 2823 3704 2892; baseline 0 -16"><span class='ocrx_word' id='word_1_542' title='bbox 2141 2823 2232 2876; x_wconf 49' lang='lat' dir='ltr'><strong>bal’</strong></span> <span class='ocrx_word' id='word_1_543' title='bbox 2265 2825 2439 2878; x_wconf 89' lang='lat' dir='ltr'><strong>tribus</strong></span> <span class='ocrx_word' id='word_1_544' title='bbox 2478 2825 2708 2879; x_wconf 80' lang='lat' dir='ltr'><strong>filiorum</strong></span> <span class='ocrx_word' id='word_1_545' title='bbox 2759 2826 2924 2881; x_wconf 83' lang='lat' dir='ltr'><strong>Israel</strong></span> <span class='ocrx_word' id='word_1_546' title='bbox 2972 2828 3242 2881; x_wconf 76' lang='lat' dir='ltr'><strong>ordinata:</strong></span> <span class='ocrx_word' id='word_1_547' title='bbox 3269 2835 3422 2882; x_wconf 88' lang='lat' dir='ltr'><strong>sunt.</strong></span> <span class='ocrx_word' id='word_1_548' title='bbox 3449 2827 3546 2892; x_wconf 84' lang='lat' dir='ltr'><strong>Qui</strong></span> <span class='ocrx_word' id='word_1_549' title='bbox 3579 2839 3704 2878; x_wconf 90' lang='lat' dir='ltr'><strong>mon-</strong></span> 
     </span>
    </p>
   </div>
   <div class='ocr_carea' id='block_1_76' title="bbox 2143 2916 3704 2987">
    <p class='ocr_par' dir='ltr' id='par_1_76' title="bbox 2143 2916 3704 2987">
     <span class='ocr_line' id='line_1_76' title="bbox 2143 2916 3704 2987; baseline 0.001 -20"><span class='ocrx_word' id='word_1_550' title='bbox 2143 2923 2224 2968; x_wconf 84' lang='lat' dir='ltr'><strong>tes</strong></span> <span class='ocrx_word' id='word_1_551' title='bbox 2258 2931 2321 2968; x_wconf 84' lang='lat' dir='ltr'><strong>ex</strong></span> <span class='ocrx_word' id='word_1_552' title='bbox 2365 2916 2605 2971; x_wconf 88' lang='lat' dir='ltr'><strong>adverso</strong></span> <span class='ocrx_word' id='word_1_553' title='bbox 2645 2918 2747 2972; x_wconf 89' lang='lat' dir='ltr'><strong>sibi</strong></span> <span class='ocrx_word' id='word_1_554' title='bbox 2795 2928 3102 2972; x_wconf 90' lang='lat' dir='ltr'><strong>cernuntur</strong></span> <span class='ocrx_word' id='word_1_555' title='bbox 3137 2919 3377 2987; x_wconf 88' lang='lat' dir='ltr'><strong>oppositi</strong></span> <span class='ocrx_word' id='word_1_556' title='bbox 3415 2920 3468 2972; x_wconf 91' lang='lat' dir='ltr'><strong>in</strong></span> <span class='ocrx_word' id='word_1_557' title='bbox 3501 2916 3704 2971; x_wconf 86' lang='lat' dir='ltr'><strong>orientis</strong></span> 
     </span>
    </p>
   </div>
   <div class='ocr_carea' id='block_1_77' title="bbox 2144 3004 3705 3076">
    <p class='ocr_par' dir='ltr' id='par_1_77' title="bbox 2144 3004 3705 3076">
     <span class='ocr_line' id='line_1_77' title="bbox 2144 3004 3705 3076; baseline -0.001 -19"><span class='ocrx_word' id='word_1_558' title='bbox 2144 3018 2318 3074; x_wconf 89' lang='lat' dir='ltr'><strong>parte,</strong></span> <span class='ocrx_word' id='word_1_559' title='bbox 2348 3007 2438 3060; x_wconf 90' lang='lat' dir='ltr'><strong>ubi</strong></span> <span class='ocrx_word' id='word_1_560' title='bbox 2508 3006 2726 3060; x_wconf 89' lang='lat' dir='ltr'><strong>Jericbo</strong></span> <span class='ocrx_word' id='word_1_561' title='bbox 2768 3009 2870 3060; x_wconf 89' lang='lat' dir='ltr'><strong>sita</strong></span> <span class='ocrx_word' id='word_1_562' title='bbox 2918 3017 3000 3062; x_wconf 89' lang='lat' dir='ltr'><strong>est</strong></span> <span class='ocrx_word' id='word_1_563' title='bbox 3040 3008 3173 3076; x_wconf 80' lang='grc'><strong>(51),</strong></span> <span class='ocrx_word' id='word_1_564' title='bbox 3208 3008 3349 3060; x_wconf 86' lang='lat' dir='ltr'><strong>ultra</strong></span> <span class='ocrx_word' id='word_1_565' title='bbox 3387 3009 3557 3060; x_wconf 89' lang='lat' dir='ltr'><strong>locum</strong></span> <span class='ocrx_word' id='word_1_566' title='bbox 3599 3004 3705 3058; x_wconf 62' lang='lat' dir='ltr'><strong>Gaio</strong></span> 
     </span>
    </p>
   </div>
   <div class='ocr_carea' id='block_1_78' title="bbox 2145 3095 3702 3168">
    <p class='ocr_par' dir='ltr' id='par_1_78' title="bbox 2145 3095 3702 3168">
     <span class='ocr_line' id='line_1_78' title="bbox 2145 3095 3702 3168; baseline 0.001 -21"><span class='ocrx_word' id='word_1_567' title='bbox 2145 3098 2301 3165; x_wconf 48' lang='lat' dir='ltr'><strong>galea,</strong></span> <span class='ocrx_word' id='word_1_568' title='bbox 2339 3098 2522 3166; x_wconf 70' lang='lat' dir='ltr'><strong>ilaique</strong></span> <span class='ocrx_word' id='word_1_569' title='bbox 2573 3096 2888 3153; x_wconf 79' lang='lat' dir='ltr'><strong>referuntur</strong></span> <span class='ocrx_word' id='word_1_570' title='bbox 2940 3097 3052 3168; x_wconf 77' lang='grc'><strong>[56]</strong></span> <span class='ocrx_word' id='word_1_571' title='bbox 3090 3097 3442 3153; x_wconf 76' lang='lat' dir='ltr'><strong>benedixisse</strong></span> <span class='ocrx_word' id='word_1_572' title='bbox 3471 3095 3624 3150; x_wconf 88' lang='lat' dir='ltr'><strong>Israel</strong></span> <span class='ocrx_word' id='word_1_573' title='bbox 3655 3096 3702 3158; x_wconf 90' lang='lat' dir='ltr'><strong>ii,</strong></span> 
     </span>
    </p>
   </div>
   <div class='ocr_carea' id='block_1_79' title="bbox 2141 3330 3702 3400">
    <p class='ocr_par' dir='ltr' id='par_1_79' title="bbox 2141 3330 3702 3400">
     <span class='ocr_line' id='line_1_79' title="bbox 2141 3330 3702 3400; baseline -0.002 -18"><span class='ocrx_word' id='word_1_574' title='bbox 2141 3347 2258 3400; x_wconf 76' lang='lat' dir='ltr'><strong>quw</strong></span> <span class='ocrx_word' id='word_1_575' title='bbox 2318 3348 2453 3383; x_wconf 80' lang='lat' dir='ltr'><strong>nunc</strong></span> <span class='ocrx_word' id='word_1_576' title='bbox 2516 3331 2770 3399; x_wconf 67' lang='lat' dir='ltr'><strong>Neapolis</strong></span> <span class='ocrx_word' id='word_1_577' title='bbox 2821 3332 3135 3397; x_wconf 79' lang='lat' dir='ltr'><strong>appellatur,</strong></span> <span class='ocrx_word' id='word_1_578' title='bbox 3172 3342 3308 3384; x_wconf 71' lang='lat' dir='ltr'><strong>ctex</strong></span> <span class='ocrx_word' id='word_1_579' title='bbox 3340 3339 3510 3391; x_wconf 68' lang='lat' dir='ltr'><strong>[utere</strong></span> <span class='ocrx_word' id='word_1_580' title='bbox 3538 3330 3702 3383; x_wconf 74' lang='lat' dir='ltr'><strong>montis</strong></span> 
     </span>
    </p>
   </div>
   <div class='ocr_carea' id='block_1_80' title="bbox 2146 3401 3704 3470">
    <p class='ocr_par' dir='ltr' id='par_1_80' title="bbox 2146 3401 3704 3470">
     <span class='ocr_line' id='line_1_80' title="bbox 2146 3401 3704 3470; baseline -0.004 -16"><span class='ocrx_word' id='word_1_581' title='bbox 2146 3401 2386 3454; x_wconf 74' lang='lat' dir='ltr'><strong>Cariz-im</strong></span> <span class='ocrx_word' id='word_1_582' title='bbox 2439 3412 2784 3456; x_wconf 68' lang='lat' dir='ltr'><strong>exstructam.</strong></span> <span class='ocrx_word' id='word_1_583' title='bbox 2845 3402 2921 3454; x_wconf 73' lang='lat' dir='ltr'><strong>Ne.</strong></span> <span class='ocrx_word' id='word_1_584' title='bbox 2963 3403 3086 3470; x_wconf 90' lang='lat' dir='ltr'><strong>quis</strong></span> <span class='ocrx_word' id='word_1_585' title='bbox 3124 3411 3304 3456; x_wconf 88' lang='lat' dir='ltr'><strong>autem</strong></span> <span class='ocrx_word' id='word_1_586' title='bbox 3372 3409 3591 3455; x_wconf 74' lang='lat' dir='ltr'><strong>miretur</strong></span> <span class='ocrx_word' id='word_1_587' title='bbox 3620 3413 3704 3451; x_wconf 88' lang='lat' dir='ltr'><strong>cur</strong></span> 
     </span>
    </p>
   </div>
   <div class='ocr_carea' id='block_1_81' title="bbox 2145 3471 3704 3542">
    <p class='ocr_par' dir='ltr' id='par_1_81' title="bbox 2145 3471 3704 3542">
     <span class='ocr_line' id='line_1_81' title="bbox 2145 3471 3704 3542; baseline -0.002 -18"><span class='ocrx_word' id='word_1_588' title='bbox 2145 3471 2484 3542; x_wconf 86' lang='lat' dir='ltr'><strong>Epiphanius</strong></span> <span class='ocrx_word' id='word_1_589' title='bbox 2513 3475 2848 3526; x_wconf 91' lang='lat' dir='ltr'><strong>contrarium</strong></span> <span class='ocrx_word' id='word_1_590' title='bbox 2881 3474 3133 3534; x_wconf 85' lang='lat' dir='ltr'><strong>senserit,</strong></span> <span class='ocrx_word' id='word_1_591' title='bbox 3172 3473 3345 3526; x_wconf 83' lang='lat' dir='ltr'><strong>errori</strong></span> <span class='ocrx_word' id='word_1_592' title='bbox 3394 3488 3576 3526; x_wconf 88' lang='lat' dir='ltr'><strong>ansam</strong></span> <span class='ocrx_word' id='word_1_593' title='bbox 3601 3484 3704 3542; x_wconf 77' lang='lat' dir='ltr'><strong>esse</strong></span> 
     </span>
    </p>
   </div>
   <div class='ocr_carea' id='block_1_82' title="bbox 2144 3540 3702 3612">
    <p class='ocr_par' dir='ltr' id='par_1_82' title="bbox 2144 3540 3702 3612">
     <span class='ocr_line' id='line_1_82' title="bbox 2144 3540 3702 3612; baseline -0.003 -17"><span class='ocrx_word' id='word_1_594' title='bbox 2144 3540 2326 3596; x_wconf 83' lang='lat' dir='ltr'><strong>datam</strong></span> <span class='ocrx_word' id='word_1_595' title='bbox 2367 3544 2700 3597; x_wconf 77' lang='lat' dir='ltr'><strong>crcditurex</strong></span> <span class='ocrx_word' id='word_1_596' title='bbox 2732 3559 2877 3597; x_wconf 84' lang='lat' dir='ltr'><strong>vers.</strong></span> <span class='ocrx_word' id='word_1_597' title='bbox 2931 3543 3000 3597; x_wconf 76' lang='lat'><strong>50</strong></span> <span class='ocrx_word' id='word_1_598' title='bbox 3049 3559 3170 3612; x_wconf 90' lang='lat' dir='ltr'><strong>cap.</strong></span> <span class='ocrx_word' id='word_1_599' title='bbox 3201 3559 3254 3596; x_wconf 79' lang='grc' dir='ltr'><strong>ιι</strong></span> <span class='ocrx_word' id='word_1_600' title='bbox 3299 3540 3702 3612; x_wconf 85' lang='lat' dir='ltr'><strong>Deuteronomii,</strong></span> 
     </span>
    </p>
   </div>
   <div class='ocr_carea' id='block_1_83' title="bbox 2143 3610 3700 3681">
    <p class='ocr_par' dir='ltr' id='par_1_83' title="bbox 2143 3610 3700 3681">
     <span class='ocr_line' id='line_1_83' title="bbox 2143 3610 3700 3681; baseline -0.003 -16"><span class='ocrx_word' id='word_1_601' title='bbox 2143 3629 2304 3678; x_wconf 87' lang='lat' dir='ltr'><strong>quem</strong></span> <span class='ocrx_word' id='word_1_602' title='bbox 2361 3613 2592 3666; x_wconf 75' lang='lat' dir='ltr'><strong>inferius</strong></span> <span class='ocrx_word' id='word_1_603' title='bbox 2639 3614 2966 3680; x_wconf 79' lang='lat' dir='ltr'><strong>doscriptnri</strong></span> <span class='ocrx_word' id='word_1_604' title='bbox 3024 3610 3217 3667; x_wconf 77' lang='lat' dir='ltr'><strong>smnus</strong></span> <span class='ocrx_word' id='word_1_605' title='bbox 3258 3620 3312 3668; x_wconf 88' lang='lat' dir='ltr'><strong>et</strong></span> <span class='ocrx_word' id='word_1_606' title='bbox 3380 3610 3700 3681; x_wconf 67' lang='lat' dir='ltr'><strong>explicaturi.</strong></span> 
     </span>
    </p>
   </div>
   <div class='ocr_carea' id='block_1_84' title="bbox 2143 3682 3702 3752">
    <p class='ocr_par' dir='ltr' id='par_1_84' title="bbox 2143 3682 3702 3752">
     <span class='ocr_line' id='line_1_84' title="bbox 2143 3682 3702 3752; baseline 0 -18"><span class='ocrx_word' id='word_1_607' title='bbox 2143 3682 2439 3735; x_wconf 83' lang='lat' dir='ltr'><strong>Enimvero</strong></span> <span class='ocrx_word' id='word_1_608' title='bbox 2489 3685 2654 3736; x_wconf 83' lang='lat' dir='ltr'><strong>etiam</strong></span> <span class='ocrx_word' id='word_1_609' title='bbox 2697 3685 2748 3737; x_wconf 90' lang='lat' dir='ltr'><strong>in</strong></span> <span class='ocrx_word' id='word_1_610' title='bbox 2782 3682 3019 3735; x_wconf 85' lang='lat' dir='ltr'><strong>Panario</strong></span> <span class='ocrx_word' id='word_1_611' title='bbox 3058 3684 3114 3736; x_wconf 90' lang='lat' dir='ltr'><strong>S.</strong></span> <span class='ocrx_word' id='word_1_612' title='bbox 3155 3682 3496 3752; x_wconf 82' lang='lat' dir='ltr'><strong>Epiphanius</strong></span> <span class='ocrx_word' id='word_1_613' title='bbox 3529 3682 3702 3734; x_wconf 74' lang='lat' dir='ltr'><strong>Deute-</strong></span> 
     </span>
    </p>
   </div>
   <div class='ocr_carea' id='block_1_85' title="bbox 2143 3753 3706 3820">
    <p class='ocr_par' dir='ltr' id='par_1_85' title="bbox 2143 3753 3706 3820">
     <span class='ocr_line' id='line_1_85' title="bbox 2143 3753 3706 3820; baseline -0.002 -14"><span class='ocrx_word' id='word_1_614' title='bbox 2143 3753 2375 3806; x_wconf 89' lang='lat' dir='ltr'><strong>rouomii</strong></span> <span class='ocrx_word' id='word_1_615' title='bbox 2433 3753 2765 3808; x_wconf 87' lang='lat' dir='ltr'><strong>auctoritate</strong></span> <span class='ocrx_word' id='word_1_616' title='bbox 2817 3769 2875 3807; x_wconf 86' lang='lat' dir='ltr'><strong>se</strong></span> <span class='ocrx_word' id='word_1_617' title='bbox 2921 3761 3124 3815; x_wconf 86' lang='lat' dir='ltr'><strong>tuetur,</strong></span> <span class='ocrx_word' id='word_1_618' title='bbox 3173 3769 3279 3807; x_wconf 89' lang='lat' dir='ltr'><strong>non</strong></span> <span class='ocrx_word' id='word_1_619' title='bbox 3310 3753 3706 3820; x_wconf 77' lang='lat' dir='ltr'><strong>przrtermittens</strong></span> 
     </span>
    </p>
   </div>
   <div class='ocr_carea' id='block_1_86' title="bbox 2145 3822 3700 3888">
    <p class='ocr_par' dir='ltr' id='par_1_86' title="bbox 2145 3822 3700 3888">
     <span class='ocr_line' id='line_1_86' title="bbox 2145 3822 3700 3888; baseline -0.003 -12"><span class='ocrx_word' id='word_1_620' title='bbox 2145 3832 2324 3877; x_wconf 89' lang='lat' dir='ltr'><strong>tamen</strong></span> <span class='ocrx_word' id='word_1_621' title='bbox 2359 3824 2522 3877; x_wconf 89' lang='lat' dir='ltr'><strong>etiam</strong></span> <span class='ocrx_word' id='word_1_622' title='bbox 2580 3825 2965 3877; x_wconf 86' lang='lat' dir='ltr'><strong>auctoritatem</strong></span> <span class='ocrx_word' id='word_1_623' title='bbox 2999 3825 3118 3876; x_wconf 91' lang='lat' dir='ltr'><strong>libri</strong></span> <span class='ocrx_word' id='word_1_624' title='bbox 3151 3824 3280 3879; x_wconf 80' lang='lat' dir='ltr'><strong>Jesu</strong></span> <span class='ocrx_word' id='word_1_625' title='bbox 3315 3823 3487 3885; x_wconf 84' lang='lat' dir='ltr'><strong>Nave,</strong></span> <span class='ocrx_word' id='word_1_626' title='bbox 3518 3822 3579 3875; x_wconf 85' lang='lat' dir='ltr'><strong>de</strong></span> <span class='ocrx_word' id='word_1_627' title='bbox 3611 3834 3700 3888; x_wconf 79' lang='lat' dir='ltr'><strong>qua</strong></span> 
     </span>
    </p>
   </div>
   <div class='ocr_carea' id='block_1_87' title="bbox 2146 3893 3704 3964">
    <p class='ocr_par' dir='ltr' id='par_1_87' title="bbox 2146 3893 3704 3964">
     <span class='ocr_line' id='line_1_87' title="bbox 2146 3893 3704 3964; baseline -0.003 -18"><span class='ocrx_word' id='word_1_628' title='bbox 2146 3894 2353 3964; x_wconf 84' lang='lat' dir='ltr'><strong>pariter</strong></span> <span class='ocrx_word' id='word_1_629' title='bbox 2385 3894 2521 3964; x_wconf 73' lang='lat' dir='ltr'><strong>alias</strong></span> <span class='ocrx_word' id='word_1_630' title='bbox 2569 3893 2860 3948; x_wconf 89' lang='lat' dir='ltr'><strong>dicendum</strong></span> <span class='ocrx_word' id='word_1_631' title='bbox 2901 3902 3005 3956; x_wconf 85' lang='lat' dir='ltr'><strong>est,</strong></span> <span class='ocrx_word' id='word_1_632' title='bbox 3039 3894 3127 3947; x_wconf 92' lang='lat' dir='ltr'><strong>ubi</strong></span> <span class='ocrx_word' id='word_1_633' title='bbox 3179 3895 3443 3948; x_wconf 88' lang='lat' dir='ltr'><strong>nimirum</strong></span> <span class='ocrx_word' id='word_1_634' title='bbox 3484 3909 3604 3964; x_wconf 85' lang='lat' dir='ltr'><strong>eam</strong></span> <span class='ocrx_word' id='word_1_635' title='bbox 3625 3906 3704 3964; x_wconf 84' lang='lat' dir='ltr'><strong>pro</strong></span> 
     </span>
    </p>
   </div>
   <div class='ocr_carea' id='block_1_88' title="bbox 2146 3962 3703 4031">
    <p class='ocr_par' dir='ltr' id='par_1_88' title="bbox 2146 3962 3703 4031">
     <span class='ocr_line' id='line_1_88' title="bbox 2146 3962 3703 4031; baseline -0.004 -14"><span class='ocrx_word' id='word_1_636' title='bbox 2146 3962 2204 4017; x_wconf 72' lang='grc' dir='ltr'>εθ</span> <span class='ocrx_word' id='word_1_637' title='bbox 2237 3972 2410 4030; x_wconf 75' lang='lat' dir='ltr'><strong>urget.</strong></span> <span class='ocrx_word' id='word_1_638' title='bbox 2444 3962 2548 4016; x_wconf 86' lang='lat' dir='ltr'><strong>Sed</strong></span> <span class='ocrx_word' id='word_1_639' title='bbox 2589 3965 2674 4016; x_wconf 84' lang='lat' dir='ltr'><strong>hic</strong></span> <span class='ocrx_word' id='word_1_640' title='bbox 2733 3964 2882 4016; x_wconf 82' lang='lat' dir='ltr'><strong>addit</strong></span> <span class='ocrx_word' id='word_1_641' title='bbox 2925 3973 3206 4031; x_wconf 63' lang='lat' dir='ltr'><strong>praetcrea,</strong></span> <span class='ocrx_word' id='word_1_642' title='bbox 3238 3975 3456 4017; x_wconf 85' lang='lat' dir='ltr'><strong>montes</strong></span> <span class='ocrx_word' id='word_1_643' title='bbox 3491 3963 3703 4014; x_wconf 78' lang='lat' dir='ltr'><strong>Gariziin</strong></span> 
     </span>
    </p>
   </div>
   <div class='ocr_carea' id='block_1_89' title="bbox 2145 4033 3702 4102">
    <p class='ocr_par' dir='ltr' id='par_1_89' title="bbox 2145 4033 3702 4102">
     <span class='ocr_line' id='line_1_89' title="bbox 2145 4033 3702 4102; baseline -0.002 -16"><span class='ocrx_word' id='word_1_644' title='bbox 2145 4033 2410 4097; x_wconf 85' lang='lat' dir='ltr'><strong>ctGebal,</strong></span> <span class='ocrx_word' id='word_1_645' title='bbox 2440 4051 2578 4102; x_wconf 79' lang='lat' dir='ltr'><strong>quos</strong></span> <span class='ocrx_word' id='word_1_646' title='bbox 2629 4036 2770 4088; x_wconf 87' lang='lat' dir='ltr'><strong>inter</strong></span> <span class='ocrx_word' id='word_1_647' title='bbox 2812 4033 2985 4087; x_wconf 84' lang='lat' dir='ltr'><strong>media</strong></span> <span class='ocrx_word' id='word_1_648' title='bbox 3021 4047 3137 4087; x_wconf 84' lang='lat' dir='ltr'><strong>erat</strong></span> <span class='ocrx_word' id='word_1_649' title='bbox 3177 4034 3455 4102; x_wconf 74' lang='lat' dir='ltr'><strong>Neapolis.</strong></span> <span class='ocrx_word' id='word_1_650' title='bbox 3498 4034 3570 4084; x_wconf 90' lang='lat' dir='ltr'><strong>ita</strong></span> <span class='ocrx_word' id='word_1_651' title='bbox 3597 4044 3702 4102; x_wconf 71' lang='lat' dir='ltr'><strong>esse</strong></span> 
     </span>
    </p>
   </div>
   <div class='ocr_carea' id='block_1_90' title="bbox 2145 4100 3702 4173">
    <p class='ocr_par' dir='ltr' id='par_1_90' title="bbox 2145 4100 3702 4173">
     <span class='ocr_line' id='line_1_90' title="bbox 2145 4100 3702 4173; baseline -0.003 -16"><span class='ocrx_word' id='word_1_652' title='bbox 2145 4105 2432 4165; x_wconf 86' lang='lat' dir='ltr'><strong>sublimes,</strong></span> <span class='ocrx_word' id='word_1_653' title='bbox 2462 4100 2527 4157; x_wconf 85' lang='lat' dir='ltr'><strong>ut</strong></span> <span class='ocrx_word' id='word_1_654' title='bbox 2564 4107 2784 4158; x_wconf 75' lang='lat' dir='ltr'><strong>minime</strong></span> <span class='ocrx_word' id='word_1_655' title='bbox 2815 4106 2924 4173; x_wconf 87' lang='lat' dir='ltr'><strong>apti</strong></span> <span class='ocrx_word' id='word_1_656' title='bbox 2961 4121 3082 4158; x_wconf 81' lang='lat' dir='ltr'><strong>esse</strong></span> <span class='ocrx_word' id='word_1_657' title='bbox 3115 4100 3415 4173; x_wconf 78' lang='lat' dir='ltr'><strong>potuerint,</strong></span> <span class='ocrx_word' id='word_1_658' title='bbox 3446 4117 3501 4156; x_wconf 91' lang='lat' dir='ltr'><strong>nt</strong></span> <span class='ocrx_word' id='word_1_659' title='bbox 3531 4104 3614 4171; x_wconf 92' lang='lat' dir='ltr'><strong>qui</strong></span> <span class='ocrx_word' id='word_1_660' title='bbox 3647 4100 3702 4173; x_wconf 82' lang='lat' dir='ltr'><strong>ad</strong></span> 
     </span>
    </p>
   </div>
   <div class='ocr_carea' id='block_1_91' title="bbox 2144 4170 3702 4244">
    <p class='ocr_par' dir='ltr' id='par_1_91' title="bbox 2144 4170 3702 4244">
     <span class='ocr_line' id='line_1_91' title="bbox 2144 4170 3702 4244; baseline -0.004 -18"><span class='ocrx_word' id='word_1_661' title='bbox 2144 4175 2362 4228; x_wconf 77' lang='lat' dir='ltr'><strong>radices</strong></span> <span class='ocrx_word' id='word_1_662' title='bbox 2385 4185 2501 4228; x_wconf 88' lang='lat' dir='ltr'><strong>erat</strong></span> <span class='ocrx_word' id='word_1_663' title='bbox 2553 4175 2785 4244; x_wconf 70' lang='lat' dir='ltr'><strong>populus</strong></span> <span class='ocrx_word' id='word_1_664' title='bbox 2816 4170 3164 4244; x_wconf 71' lang='lat' dir='ltr'><strong>responderet</strong></span> <span class='ocrx_word' id='word_1_665' title='bbox 3203 4175 3516 4228; x_wconf 87' lang='lat' dir='ltr'><strong>hominibus</strong></span> <span class='ocrx_word' id='word_1_666' title='bbox 3544 4187 3631 4244; x_wconf 47' lang='lat' dir='ltr'><strong>se}</strong></span> <span class='ocrx_word' id='word_1_667' title='bbox 3659 4170 3702 4244; x_wconf 82' lang='lat' dir='ltr'><strong>iu</strong></span> 
     </span>
    </p>
   </div>
   <div class='ocr_carea' id='block_1_92' title="bbox 2143 4240 3704 4309">
    <p class='ocr_par' dir='ltr' id='par_1_92' title="bbox 2143 4240 3704 4309">
     <span class='ocr_line' id='line_1_92' title="bbox 2143 4240 3704 4309; baseline -0.003 -13"><span class='ocrx_word' id='word_1_668' title='bbox 2143 4245 2347 4297; x_wconf 82' lang='lat' dir='ltr'><strong>vertice</strong></span> <span class='ocrx_word' id='word_1_669' title='bbox 2392 4240 2774 4299; x_wconf 78' lang='lat' dir='ltr'><strong>clamantibus.</strong></span> <span class='ocrx_word' id='word_1_670' title='bbox 2816 4240 2988 4306; x_wconf 80' lang='lat' dir='ltr'><strong>Porro</strong></span> <span class='ocrx_word' id='word_1_671' title='bbox 3021 4263 3142 4297; x_wconf 89' lang='lat' dir='ltr'><strong>cum</strong></span> <span class='ocrx_word' id='word_1_672' title='bbox 3205 4245 3421 4298; x_wconf 75' lang='lat' dir='ltr'><strong>libellus</strong></span> <span class='ocrx_word' id='word_1_673' title='bbox 3477 4244 3560 4296; x_wconf 87' lang='lat' dir='ltr'><strong>hic</strong></span> <span class='ocrx_word' id='word_1_674' title='bbox 3599 4240 3704 4309; x_wconf 77' lang='lat' dir='ltr'><strong>Epi-</strong></span> 
     </span>
    </p>
   </div>
   <div class='ocr_carea' id='block_1_93' title="bbox 2142 4313 3703 4383">
    <p class='ocr_par' dir='ltr' id='par_1_93' title="bbox 2142 4313 3703 4383">
     <span class='ocr_line' id='line_1_93' title="bbox 2142 4313 3703 4383; baseline -0.003 -18"><span class='ocrx_word' id='word_1_675' title='bbox 2142 4315 2328 4380; x_wconf 87' lang='lat' dir='ltr'><strong>plianii</strong></span> <span class='ocrx_word' id='word_1_676' title='bbox 2362 4316 2537 4368; x_wconf 80' lang='lat' dir='ltr'><strong>media</strong></span> <span class='ocrx_word' id='word_1_677' title='bbox 2588 4317 2687 4368; x_wconf 83' lang='lat' dir='ltr'><strong>hac</strong></span> <span class='ocrx_word' id='word_1_678' title='bbox 2745 4316 2861 4383; x_wconf 83' lang='lat' dir='ltr'><strong>ipsa</strong></span> <span class='ocrx_word' id='word_1_679' title='bbox 2889 4315 2954 4368; x_wconf 88' lang='lat' dir='ltr'><strong>de</strong></span> <span class='ocrx_word' id='word_1_680' title='bbox 2979 4317 3083 4367; x_wconf 89' lang='lat' dir='ltr'><strong>situ</strong></span> <span class='ocrx_word' id='word_1_681' title='bbox 3111 4317 3377 4369; x_wconf 86' lang='lat' dir='ltr'><strong>montium</strong></span> <span class='ocrx_word' id='word_1_682' title='bbox 3412 4313 3634 4367; x_wconf 85' lang='lat' dir='ltr'><strong>Garizim</strong></span> <span class='ocrx_word' id='word_1_683' title='bbox 3660 4321 3703 4361; x_wconf 92' lang='lat' dir='ltr'><strong>ct</strong></span> 
     </span>
    </p>
   </div>
   <div class='ocr_carea' id='block_1_94' title="bbox 2144 4385 3700 4455">
    <p class='ocr_par' dir='ltr' id='par_1_94' title="bbox 2144 4385 3700 4455">
     <span class='ocr_line' id='line_1_94' title="bbox 2144 4385 3700 4455; baseline -0.004 -19"><span class='ocrx_word' id='word_1_684' title='bbox 2144 4385 2310 4455; x_wconf 70' lang='lat' dir='ltr'><strong>Gelial</strong></span> <span class='ocrx_word' id='word_1_685' title='bbox 2337 4386 2968 4454; x_wconf 64' lang='lat' dir='ltr'><strong>disputationeuleliciat,</strong></span> <span class='ocrx_word' id='word_1_686' title='bbox 3003 4403 3069 4439; x_wconf 91' lang='lat' dir='ltr'><strong>ne</strong></span> <span class='ocrx_word' id='word_1_687' title='bbox 3089 4388 3256 4455; x_wconf 90' lang='lat' dir='ltr'><strong>liquet</strong></span> <span class='ocrx_word' id='word_1_688' title='bbox 3285 4388 3503 4454; x_wconf 65' lang='lat' dir='ltr'><strong>quidem</strong></span> <span class='ocrx_word' id='word_1_689' title='bbox 3541 4392 3700 4455; x_wconf 82' lang='lat' dir='ltr'><strong>utrum</strong></span> 
     </span>
    </p>
   </div>
   <div class='ocr_carea' id='block_1_95' title="bbox 2147 4451 3702 4524">
    <p class='ocr_par' dir='ltr' id='par_1_95' title="bbox 2147 4451 3702 4524">
     <span class='ocr_line' id='line_1_95' title="bbox 2147 4451 3702 4524; baseline -0.005 -16"><span class='ocrx_word' id='word_1_690' title='bbox 2147 4457 2204 4508; x_wconf 86' lang='lat' dir='ltr'><strong>S.</strong></span> <span class='ocrx_word' id='word_1_691' title='bbox 2241 4451 2442 4508; x_wconf 75' lang='lat' dir='ltr'><strong>Doctor</strong></span> <span class='ocrx_word' id='word_1_692' title='bbox 2473 4457 2634 4508; x_wconf 85' lang='lat' dir='ltr'><strong>etiam</strong></span> <span class='ocrx_word' id='word_1_693' title='bbox 2665 4458 2767 4508; x_wconf 86' lang='lat' dir='ltr'><strong>alia</strong></span> <span class='ocrx_word' id='word_1_694' title='bbox 2800 4473 2896 4524; x_wconf 86' lang='lat' dir='ltr'><strong>pro</strong></span> <span class='ocrx_word' id='word_1_695' title='bbox 2944 4473 3043 4510; x_wconf 89' lang='lat' dir='ltr'><strong>sua</strong></span> <span class='ocrx_word' id='word_1_696' title='bbox 3089 4451 3355 4511; x_wconf 79' lang='lat' dir='ltr'><strong>sententia</strong></span> <span class='ocrx_word' id='word_1_697' title='bbox 3390 4451 3702 4524; x_wconf 79' lang='lat' dir='ltr'><strong>proposuerit</strong></span> 
     </span>
    </p>
   </div>
   <div class='ocr_carea' id='block_1_96' title="bbox 458 4521 3696 4602">
    <p class='ocr_par' dir='ltr' id='par_1_96' title="bbox 458 4521 3696 4602">
     <span class='ocr_line' id='line_1_96' title="bbox 458 4521 3696 4602; baseline 0 -30"><span class='ocrx_word' id='word_1_698' title='bbox 458 4522 879 4602; x_wconf 51' lang='lat' dir='ltr'><strong>c‘hempositum</strong></span> <span class='ocrx_word' id='word_1_699' title='bbox 910 4523 976 4574; x_wconf 89' lang='lat' dir='ltr'><strong>de</strong></span> <span class='ocrx_word' id='word_1_700' title='bbox 1005 4524 1204 4602; x_wconf 80' lang='lat' dir='ltr'><strong>templo</strong></span> <span class='ocrx_word' id='word_1_701' title='bbox 1241 4537 1342 4574; x_wconf 89' lang='lat' dir='ltr'><strong>suo</strong></span> <span class='ocrx_word' id='word_1_702' title='bbox 1395 4523 1832 4602; x_wconf 52' lang='lat' dir='ltr'><strong>lt’)(|ll(3-l-ES‘.-(]ll_0til</strong></span> <span class='ocrx_word' id='word_1_703' title='bbox 1875 4529 2039 4602; x_wconf 71' lang='lat' dir='ltr'><strong>super</strong></span> <span class='ocrx_word' id='word_1_704' title='bbox 2071 4521 2116 4576; x_wconf 91' lang='lat' dir='ltr'><strong>D</strong></span> <span class='ocrx_word' id='word_1_705' title='bbox 2145 4535 2464 4602; x_wconf 71' lang='lat' dir='ltr'><strong>argumenta</strong></span> <span class='ocrx_word' id='word_1_706' title='bbox 2510 4528 2562 4579; x_wconf 89' lang='lat' dir='ltr'><strong>in</strong></span> <span class='ocrx_word' id='word_1_707' title='bbox 2626 4528 2693 4580; x_wconf 91' lang='lat' dir='ltr'><strong>iis</strong></span> <span class='ocrx_word' id='word_1_708' title='bbox 2724 4521 2844 4595; x_wconf 60' lang='lat' dir='ltr'><strong>quin</strong></span> <span class='ocrx_word' id='word_1_709' title='bbox 2891 4527 3293 4588; x_wconf 79' lang='lat' dir='ltr'><strong>desiderantur,</strong></span> <span class='ocrx_word' id='word_1_710' title='bbox 3337 4521 3696 4580; x_wconf 69' lang='lat' dir='ltr'><strong>desideranda.</strong></span> 
     </span>
    </p>
   </div>
   <div class='ocr_carea' id='block_1_97' title="bbox 459 4589 2040 4658">
    <p class='ocr_par' dir='ltr' id='par_1_97' title="bbox 459 4589 2040 4658">
     <span class='ocr_line' id='line_1_97' title="bbox 459 4589 2040 4658; baseline -0.001 -14"><span class='ocrx_word' id='word_1_711' title='bbox 459 4589 700 4644; x_wconf 86' lang='lat' dir='ltr'><strong>Garizim</strong></span> <span class='ocrx_word' id='word_1_712' title='bbox 743 4592 911 4644; x_wconf 81' lang='lat' dir='ltr'><strong>fuisse</strong></span> <span class='ocrx_word' id='word_1_713' title='bbox 958 4589 1296 4658; x_wconf 82' lang='lat' dir='ltr'><strong>exploratum</strong></span> <span class='ocrx_word' id='word_1_714' title='bbox 1326 4599 1411 4645; x_wconf 88' lang='lat' dir='ltr'><strong>est</strong></span> <span class='ocrx_word' id='word_1_715' title='bbox 1453 4589 1515 4644; x_wconf 85' lang='lat' dir='ltr'><strong>ex</strong></span> <span class='ocrx_word' id='word_1_716' title='bbox 1545 4591 1584 4642; x_wconf 97' lang='lat' dir='ltr'><strong>lI</strong></span> <span class='ocrx_word' id='word_1_717' title='bbox 1625 4589 1872 4644; x_wconf 79' lang='lat' dir='ltr'><strong>Maenali.</strong></span> <span class='ocrx_word' id='word_1_718' title='bbox 1905 4591 2040 4644; x_wconf 90' lang='lat' dir='ltr'><strong>libro</strong></span> 
     </span>
    </p>
   </div>
   <div class='ocr_carea' id='block_1_98' title="bbox 459 4659 2038 4731">
    <p class='ocr_par' dir='ltr' id='par_1_98' title="bbox 459 4659 2038 4731">
     <span class='ocr_line' id='line_1_98' title="bbox 459 4659 2038 4731; baseline 0.001 -17"><span class='ocrx_word' id='word_1_719' title='bbox 459 4677 583 4731; x_wconf 88' lang='lat' dir='ltr'><strong>cap.</strong></span> <span class='ocrx_word' id='word_1_720' title='bbox 623 4677 695 4722; x_wconf 71' lang='lat' dir='ltr'><strong>va,</strong></span> <span class='ocrx_word' id='word_1_721' title='bbox 746 4661 800 4725; x_wconf 75' lang='lat'><strong>2,</strong></span> <span class='ocrx_word' id='word_1_722' title='bbox 841 4669 895 4714; x_wconf 89' lang='lat' dir='ltr'><strong>et</strong></span> <span class='ocrx_word' id='word_1_723' title='bbox 953 4677 1017 4714; x_wconf 81' lang='lat' dir='ltr'><strong>ex</strong></span> <span class='ocrx_word' id='word_1_724' title='bbox 1052 4659 1312 4729; x_wconf 82' lang='lat' dir='ltr'><strong>.Iosepho,</strong></span> <span class='ocrx_word' id='word_1_725' title='bbox 1342 4663 1525 4730; x_wconf 76' lang='lat' dir='ltr'><strong>Antiq.</strong></span> <span class='ocrx_word' id='word_1_726' title='bbox 1575 4661 1667 4713; x_wconf 89' lang='lat' dir='ltr'><strong>lib.</strong></span> <span class='ocrx_word' id='word_1_727' title='bbox 1705 4677 1781 4725; x_wconf 83' lang='grc' dir='ltr'><strong>ιι,</strong></span> <span class='ocrx_word' id='word_1_728' title='bbox 1817 4675 1938 4727; x_wconf 89' lang='lat' dir='ltr'><strong>cap.</strong></span> <span class='ocrx_word' id='word_1_729' title='bbox 1983 4661 2038 4724; x_wconf 88' lang='lat'><strong>8,</strong></span> 
     </span>
    </p>
   </div>
   <div class='ocr_carea' id='block_1_99' title="bbox 456 4731 2042 4804">
    <p class='ocr_par' dir='ltr' id='par_1_99' title="bbox 456 4731 2042 4804">
     <span class='ocr_line' id='line_1_99' title="bbox 456 4731 2042 4804; baseline 0 -19"><span class='ocrx_word' id='word_1_730' title='bbox 456 4731 486 4804; x_wconf 63' lang='grc' dir='ltr'>ς</span> <span class='ocrx_word' id='word_1_731' title='bbox 510 4735 564 4798; x_wconf 73' lang='lat'><strong>2,</strong></span> <span class='ocrx_word' id='word_1_732' title='bbox 589 4733 664 4785; x_wconf 89' lang='lat' dir='ltr'><strong>ait</strong></span> <span class='ocrx_word' id='word_1_733' title='bbox 683 4747 826 4804; x_wconf 80' lang='lat' dir='ltr'><strong>vers.</strong></span> <span class='ocrx_word' id='word_1_734' title='bbox 856 4731 926 4786; x_wconf 74' lang='lat'><strong>&#39;20</strong></span> <span class='ocrx_word' id='word_1_735' title='bbox 958 4748 974 4785; x_wconf 90' lang='lat'><strong>:</strong></span> <span class='ocrx_word' id='word_1_736' title='bbox 1002 4731 1190 4786; x_wconf 79' lang='lat' dir='ltr'><strong>Patres</strong></span> <span class='ocrx_word' id='word_1_737' title='bbox 1213 4735 1377 4804; x_wconf 81' lang='lat' dir='ltr'><strong>nostri</strong></span> <span class='ocrx_word' id='word_1_738' title='bbox 1399 4733 1450 4784; x_wconf 82' lang='lat' dir='ltr'><strong>in</strong></span> <span class='ocrx_word' id='word_1_739' title='bbox 1471 4742 1641 4804; x_wconf 81' lang='lat' dir='ltr'><strong>monte</strong></span> <span class='ocrx_word' id='word_1_740' title='bbox 1665 4731 1761 4804; x_wconf 68' lang='lat' dir='ltr'><strong>hoc</strong></span> <span class='ocrx_word' id='word_1_741' title='bbox 1787 4731 2042 4804; x_wconf 70' lang='lat' dir='ltr'><strong>adorare-</strong></span> 
     </span>
    </p>
   </div>
   <div class='ocr_carea' id='block_1_100' title="bbox 458 4801 2041 4872">
    <p class='ocr_par' dir='ltr' id='par_1_100' title="bbox 458 4801 2041 4872">
     <span class='ocr_line' id='line_1_100' title="bbox 458 4801 2041 4872; baseline -0.001 -15"><span class='ocrx_word' id='word_1_742' title='bbox 458 4801 624 4866; x_wconf 71' lang='lat' dir='ltr'><strong>runt,‘</strong></span> <span class='ocrx_word' id='word_1_743' title='bbox 662 4812 717 4856; x_wconf 86' lang='lat' dir='ltr'><strong>et</strong></span> <span class='ocrx_word' id='word_1_744' title='bbox 767 4803 1018 4857; x_wconf 90' lang='lat' dir='ltr'><strong>Christus</strong></span> <span class='ocrx_word' id='word_1_745' title='bbox 1051 4803 1332 4872; x_wconf 83' lang='lat' dir='ltr'><strong>rcSpondit</strong></span> <span class='ocrx_word' id='word_1_746' title='bbox 1363 4803 1582 4856; x_wconf 82' lang='lat' dir='ltr'><strong>vers.‘2l</strong></span> <span class='ocrx_word' id='word_1_747' title='bbox 1637 4820 1649 4854; x_wconf 95' lang='lat'><strong>:</strong></span> <span class='ocrx_word' id='word_1_748' title='bbox 1713 4801 1857 4855; x_wconf 70' lang='lat' dir='ltr'><strong>Venit</strong></span> <span class='ocrx_word' id='word_1_749' title='bbox 1914 4803 2041 4855; x_wconf 79' lang='lat' dir='ltr'><strong>liora</strong></span> 
     </span>
    </p>
   </div>
   <div class='ocr_carea' id='block_1_101' title="bbox 456 4873 2038 4944">
    <p class='ocr_par' dir='ltr' id='par_1_101' title="bbox 456 4873 2038 4944">
     <span class='ocr_line' id='line_1_101' title="bbox 456 4873 2038 4944; baseline -0.001 -18"><span class='ocrx_word' id='word_1_750' title='bbox 456 4873 669 4944; x_wconf 84' lang='lat' dir='ltr'><strong>quando</strong></span> <span class='ocrx_word' id='word_1_751' title='bbox 709 4890 872 4944; x_wconf 85' lang='lat' dir='ltr'><strong>neque</strong></span> <span class='ocrx_word' id='word_1_752' title='bbox 894 4875 949 4926; x_wconf 85' lang='lat' dir='ltr'><strong>in</strong></span> <span class='ocrx_word' id='word_1_753' title='bbox 986 4884 1158 4927; x_wconf 84' lang='lat' dir='ltr'><strong>monte</strong></span> <span class='ocrx_word' id='word_1_754' title='bbox 1205 4875 1320 4936; x_wconf 80' lang='lat' dir='ltr'><strong>hoc,</strong></span> <span class='ocrx_word' id='word_1_755' title='bbox 1357 4882 1462 4944; x_wconf 84' lang='lat' dir='ltr'><strong>etc.</strong></span> <span class='ocrx_word' id='word_1_756' title='bbox 1505 4891 1518 4927; x_wconf 90' lang='lat'><strong>:</strong></span> <span class='ocrx_word' id='word_1_757' title='bbox 1551 4889 1612 4926; x_wconf 76' lang='lat' dir='ltr'><strong>ex</strong></span> <span class='ocrx_word' id='word_1_758' title='bbox 1645 4889 1752 4941; x_wconf 91' lang='lat' dir='ltr'><strong>quo</strong></span> <span class='ocrx_word' id='word_1_759' title='bbox 1787 4874 2038 4942; x_wconf 88' lang='lat' dir='ltr'><strong>loquendi</strong></span> 
     </span>
    </p>
   </div>
   <div class='ocr_carea' id='block_1_102' title="bbox 457 4943 2043 5014">
    <p class='ocr_par' dir='ltr' id='par_1_102' title="bbox 457 4943 2043 5014">
     <span class='ocr_line' id='line_1_102' title="bbox 457 4943 2043 5014; baseline -0.002 -15"><span class='ocrx_word' id='word_1_760' title='bbox 457 4943 621 4999; x_wconf 87' lang='lat' dir='ltr'><strong>modo</strong></span> <span class='ocrx_word' id='word_1_761' title='bbox 657 4943 896 4999; x_wconf 84' lang='lat' dir='ltr'><strong>montem</strong></span> <span class='ocrx_word' id='word_1_762' title='bbox 956 4947 1007 4998; x_wconf 91' lang='lat' dir='ltr'><strong>in</strong></span> <span class='ocrx_word' id='word_1_763' title='bbox 1041 4953 1338 5014; x_wconf 88' lang='lat' dir='ltr'><strong>conspectu</strong></span> <span class='ocrx_word' id='word_1_764' title='bbox 1382 4943 1551 4998; x_wconf 79' lang='lat' dir='ltr'><strong>fuisse</strong></span> <span class='ocrx_word' id='word_1_765' title='bbox 1579 4945 1735 4998; x_wconf 75' lang='lat' dir='ltr'><strong>facile</strong></span> <span class='ocrx_word' id='word_1_766' title='bbox 1771 4955 1855 4998; x_wconf 89' lang='lat' dir='ltr'><strong>est</strong></span> <span class='ocrx_word' id='word_1_767' title='bbox 1891 4943 2043 4998; x_wconf 90' lang='lat' dir='ltr'><strong>intel-</strong></span> 
     </span>
    </p>
   </div>
   <div class='ocr_carea' id='block_1_103' title="bbox 457 5014 2040 5084">
    <p class='ocr_par' dir='ltr' id='par_1_103' title="bbox 457 5014 2040 5084">
     <span class='ocr_line' id='line_1_103' title="bbox 457 5014 2040 5084; baseline 0 -16"><span class='ocrx_word' id='word_1_768' title='bbox 457 5016 645 5084; x_wconf 76' lang='lat' dir='ltr'><strong>ligere.</strong></span> <span class='ocrx_word' id='word_1_769' title='bbox 681 5015 903 5069; x_wconf 84' lang='lat' dir='ltr'><strong>Deuunn</strong></span> <span class='ocrx_word' id='word_1_770' title='bbox 928 5016 1131 5072; x_wconf 78' lang='lat' dir='ltr'><strong>diserte</strong></span> <span class='ocrx_word' id='word_1_771' title='bbox 1157 5017 1319 5070; x_wconf 90' lang='lat' dir='ltr'><strong>etiam</strong></span> <span class='ocrx_word' id='word_1_772' title='bbox 1349 5014 1617 5083; x_wconf 76' lang='lat' dir='ltr'><strong>Josrphus</strong></span> <span class='ocrx_word' id='word_1_773' title='bbox 1642 5015 1823 5084; x_wconf 69' lang='grc' dir='ltr'><strong>Αιιέὶᾳ.</strong></span> <span class='ocrx_word' id='word_1_774' title='bbox 1846 5015 1936 5084; x_wconf 62' lang='grc' dir='ltr'>ιιι),</span> <span class='ocrx_word' id='word_1_775' title='bbox 1968 5031 2040 5076; x_wconf 85' lang='lat' dir='ltr'><strong>iv,</strong></span> 
     </span>
    </p>
   </div>
   <div class='ocr_carea' id='block_1_104' title="bbox 459 5083 2040 5206">
    <p class='ocr_par' dir='ltr' id='par_1_104' title="bbox 459 5083 2040 5206">
     <span class='ocr_line' id='line_1_104' title="bbox 459 5083 2040 5206; baseline 0 -70"><span class='ocrx_word' id='word_1_776' title='bbox 459 5083 580 5154; x_wconf 78' lang='lat' dir='ltr'><strong>cap.</strong></span> <span class='ocrx_word' id='word_1_777' title='bbox 616 5083 784 5154; x_wconf 79' lang='lat' dir='ltr'><strong>ult.,§</strong></span> <span class='ocrx_word' id='word_1_778' title='bbox 813 5085 903 5147; x_wconf 56' lang='lat' dir='ltr'><strong>1H,</strong></span> <span class='ocrx_word' id='word_1_779' title='bbox 942 5088 1034 5140; x_wconf 88' lang='lat' dir='ltr'><strong>lib.</strong></span> <span class='ocrx_word' id='word_1_780' title='bbox 1069 5103 1122 5148; x_wconf 85' lang='lat' dir='ltr'><strong>v,</strong></span> <span class='ocrx_word' id='word_1_781' title='bbox 1175 5103 1294 5154; x_wconf 88' lang='lat' dir='ltr'><strong>cap.</strong></span> <span class='ocrx_word' id='word_1_782' title='bbox 1327 5085 1376 5149; x_wconf 56' lang='lat' dir='ltr'><strong>&#39;l,</strong></span> <span class='ocrx_word' id='word_1_783' title='bbox 1411 5086 1437 5156; x_wconf 85' lang='lat'><strong>§</strong></span> <span class='ocrx_word' id='word_1_784' title='bbox 1477 5089 1624 5149; x_wconf 74' lang='lat' dir='ltr'><strong>19,et</strong></span> <span class='ocrx_word' id='word_1_785' title='bbox 1655 5083 1863 5153; x_wconf 25' lang='lat' dir='ltr'><strong>cap.’7,</strong></span> <span class='ocrx_word' id='word_1_786' title='bbox 1907 5083 1934 5206; x_wconf 47' lang='grc' dir='ltr'>ᾗ</span> <span class='ocrx_word' id='word_1_787' title='bbox 1975 5086 2040 5149; x_wconf 69' lang='lat'><strong>2;</strong></span> 
     </span>
     <span class='ocr_line' id='line_1_105' title="bbox 461 5154 2040 5206; baseline 0 0"><span class='ocrx_word' id='word_1_788' title='bbox 461 5154 553 5206; x_wconf 89' lang='lat' dir='ltr'><strong>lib.</strong></span> <span class='ocrx_word' id='word_1_789' title='bbox 587 5171 644 5206; x_wconf 83' lang='grc' dir='ltr'><strong>ι’.</strong></span> <span class='ocrx_word' id='word_1_790' title='bbox 680 5170 800 5206; x_wconf 89' lang='lat' dir='ltr'><strong>can.</strong></span> <span class='ocrx_word' id='word_1_791' title='bbox 860 5157 928 5206; x_wconf 89' lang='lat' dir='ltr'><strong>ull</strong></span> <span class='ocrx_word' id='word_1_792' title='bbox 963 5156 1013 5206; x_wconf 65' lang='grc' dir='ltr'><strong>,Ξ</strong></span> <span class='ocrx_word' id='word_1_793' title='bbox 1047 5159 1098 5206; x_wconf 79' lang='lat' dir='ltr'><strong>ti.</strong></span> <span class='ocrx_word' id='word_1_794' title='bbox 1135 5165 1187 5206; x_wconf 87' lang='lat' dir='ltr'><strong>ct</strong></span> <span class='ocrx_word' id='word_1_795' title='bbox 1223 5157 1294 5206; x_wconf 74' lang='lat' dir='ltr'><strong>lib</strong></span> <span class='ocrx_word' id='word_1_796' title='bbox 1344 5172 1464 5206; x_wconf 76' lang='lat' dir='ltr'><strong>xm.</strong></span> <span class='ocrx_word' id='word_1_797' title='bbox 1500 5173 1620 5206; x_wconf 88' lang='lat' dir='ltr'><strong>can.</strong></span> <span class='ocrx_word' id='word_1_798' title='bbox 1653 5158 1706 5206; x_wconf 78' lang='lat'><strong>9.</strong></span> <span class='ocrx_word' id='word_1_799' title='bbox 1755 5155 1781 5206; x_wconf 72' lang='lat'>8</span> <span class='ocrx_word' id='word_1_800' title='bbox 1813 5157 1862 5206; x_wconf 83' lang='grc'><strong>1.</strong></span> <span class='ocrx_word' id='word_1_801' title='bbox 1931 5157 2040 5206; x_wconf 82' lang='grc' dir='ltr'><strong>ἰὐ-</strong></span> 
     </span>
    </p>
   </div>
   <div class='ocr_carea' id='block_1_105' title="bbox 461 5154 2040 5226">
    <p class='ocr_par' dir='ltr' id='par_1_105' title="bbox 461 5154 2040 5226">
     <span class='ocr_line' id='line_1_106' title="bbox 461 5154 2040 5226; baseline 0.001 -19"><span class='ocrx_word' id='word_1_802' title='bbox 461 5154 553 5207; x_wconf 89' lang='lat' dir='ltr'><strong>lib.</strong></span> <span class='ocrx_word' id='word_1_803' title='bbox 587 5171 644 5218; x_wconf 83' lang='lat' dir='ltr'><strong>i&#39;,</strong></span> <span class='ocrx_word' id='word_1_804' title='bbox 680 5170 800 5226; x_wconf 84' lang='lat' dir='ltr'><strong>cap.</strong></span> <span class='ocrx_word' id='word_1_805' title='bbox 860 5157 928 5206; x_wconf 87' lang='lat' dir='ltr'><strong>ull</strong></span> <span class='ocrx_word' id='word_1_806' title='bbox 963 5156 1014 5225; x_wconf 57' lang='grc' dir='ltr'>,ᾗ</span> <span class='ocrx_word' id='word_1_807' title='bbox 1047 5159 1098 5217; x_wconf 81' lang='grc' dir='ltr'>ϋ,</span> <span class='ocrx_word' id='word_1_808' title='bbox 1135 5165 1187 5206; x_wconf 86' lang='lat' dir='ltr'><strong>ct</strong></span> <span class='ocrx_word' id='word_1_809' title='bbox 1223 5157 1294 5209; x_wconf 72' lang='lat' dir='ltr'><strong>lib</strong></span> <span class='ocrx_word' id='word_1_810' title='bbox 1344 5154 1464 5219; x_wconf 75' lang='lat' dir='ltr'><strong>xui,</strong></span> <span class='ocrx_word' id='word_1_811' title='bbox 1500 5173 1620 5224; x_wconf 90' lang='lat' dir='ltr'><strong>cap.</strong></span> <span class='ocrx_word' id='word_1_812' title='bbox 1653 5158 1706 5217; x_wconf 78' lang='lat'><strong>9,</strong></span> <span class='ocrx_word' id='word_1_813' title='bbox 1755 5155 1781 5226; x_wconf 62' lang='grc' dir='ltr'>ᾗ</span> <span class='ocrx_word' id='word_1_814' title='bbox 1813 5157 1862 5209; x_wconf 84' lang='grc'><strong>1.</strong></span> <span class='ocrx_word' id='word_1_815' title='bbox 1909 5154 2040 5208; x_wconf 80' lang='lat' dir='ltr'><strong>l’ro-</strong></span> 
     </span>
    </p>
   </div>
   <div class='ocr_carea' id='block_1_106' title="bbox 460 5225 2040 5296">
    <p class='ocr_par' dir='ltr' id='par_1_106' title="bbox 460 5225 2040 5296">
     <span class='ocr_line' id='line_1_107' title="bbox 460 5225 2040 5296; baseline 0 -20"><span class='ocrx_word' id='word_1_816' title='bbox 460 5226 652 5296; x_wconf 75' lang='lat' dir='ltr'><strong>c0pips</strong></span> <span class='ocrx_word' id='word_1_817' title='bbox 683 5225 1060 5296; x_wconf 72' lang='lat' dir='ltr'><strong>Gtcs_ariensi~,</strong></span> <span class='ocrx_word' id='word_1_818' title='bbox 1083 5227 1156 5279; x_wconf 84' lang='lat' dir='ltr'><strong>De</strong></span> <span class='ocrx_word' id='word_1_819' title='bbox 1190 5228 1454 5293; x_wconf 74' lang='lat' dir='ltr'><strong>adificiis,</strong></span> <span class='ocrx_word' id='word_1_820' title='bbox 1481 5236 1612 5290; x_wconf 80' lang='lat' dir='ltr'><strong>etc.,</strong></span> <span class='ocrx_word' id='word_1_821' title='bbox 1641 5228 1734 5277; x_wconf 91' lang='lat' dir='ltr'><strong>lih.</strong></span> <span class='ocrx_word' id='word_1_822' title='bbox 1756 5225 1806 5285; x_wconf 86' lang='lat' dir='ltr'><strong>v,</strong></span> <span class='ocrx_word' id='word_1_823' title='bbox 1840 5241 1961 5293; x_wconf 90' lang='lat' dir='ltr'><strong>cap.</strong></span> <span class='ocrx_word' id='word_1_824' title='bbox 1991 5225 2040 5287; x_wconf 86' lang='lat'><strong>7,</strong></span> 
     </span>
    </p>
   </div>
   <div class='ocr_carea' id='block_1_107' title="bbox 461 5294 2044 5352">
    <p class='ocr_par' dir='ltr' id='par_1_107' title="bbox 461 5294 2044 5352">
     <span class='ocr_line' id='line_1_108' title="bbox 461 5294 2044 5352; baseline 0.002 -6"><span class='ocrx_word' id='word_1_825' title='bbox 461 5294 676 5348; x_wconf 83' lang='lat' dir='ltr'><strong>necnon</strong></span> <span class='ocrx_word' id='word_1_826' title='bbox 734 5294 1080 5350; x_wconf 86' lang='lat' dir='ltr'><strong>Adriconiius</strong></span> <span class='ocrx_word' id='word_1_827' title='bbox 1139 5306 1192 5350; x_wconf 89' lang='lat' dir='ltr'><strong>et</strong></span> <span class='ocrx_word' id='word_1_828' title='bbox 1263 5297 1567 5352; x_wconf 74' lang='lat' dir='ltr'><strong>ltroi-ardus</strong></span> <span class='ocrx_word' id='word_1_829' title='bbox 1627 5297 1828 5348; x_wconf 84' lang='lat' dir='ltr'><strong>oculati</strong></span> <span class='ocrx_word' id='word_1_830' title='bbox 1877 5302 2044 5349; x_wconf 84' lang='lat' dir='ltr'><strong>testes</strong></span> 
     </span>
    </p>
   </div>
   <div class='ocr_carea' id='block_1_108' title="bbox 464 5364 2041 5434">
    <p class='ocr_par' dir='ltr' id='par_1_108' title="bbox 464 5364 2041 5434">
     <span class='ocr_line' id='line_1_109' title="bbox 464 5364 2041 5434; baseline 0.003 -18"><span class='ocrx_word' id='word_1_831' title='bbox 464 5366 764 5434; x_wconf 59' lang='lat' dir='ltr'><strong>Sichimam</strong></span> <span class='ocrx_word' id='word_1_832' title='bbox 818 5364 1006 5418; x_wconf 91' lang='lat' dir='ltr'><strong>urbem</strong></span> <span class='ocrx_word' id='word_1_833' title='bbox 1031 5366 1186 5432; x_wconf 82' lang='lat' dir='ltr'><strong>juxta</strong></span> <span class='ocrx_word' id='word_1_834' title='bbox 1238 5365 1475 5420; x_wconf 84' lang='lat' dir='ltr'><strong>Garizim</strong></span> <span class='ocrx_word' id='word_1_835' title='bbox 1508 5369 1749 5434; x_wconf 79' lang='lat' dir='ltr'><strong>jacuisse</strong></span> <span class='ocrx_word' id='word_1_836' title='bbox 1792 5373 2041 5421; x_wconf 87' lang='lat' dir='ltr'><strong>narrant.</strong></span> 
     </span>
    </p>
   </div>
   <div class='ocr_carea' id='block_1_109' title="bbox 461 5433 2043 5503">
    <p class='ocr_par' dir='ltr' id='par_1_109' title="bbox 461 5433 2043 5503">
     <span class='ocr_line' id='line_1_110' title="bbox 461 5433 2043 5503; baseline 0 -17"><span class='ocrx_word' id='word_1_837' title='bbox 461 5433 810 5488; x_wconf 81' lang='lat' dir='ltr'><strong>Talmudicos</strong></span> <span class='ocrx_word' id='word_1_838' title='bbox 866 5445 1118 5488; x_wconf 83' lang='lat' dir='ltr'><strong>auctores</strong></span> <span class='ocrx_word' id='word_1_839' title='bbox 1158 5437 1296 5490; x_wconf 88' lang='lat' dir='ltr'><strong>duos</strong></span> <span class='ocrx_word' id='word_1_840' title='bbox 1336 5454 1364 5489; x_wconf 92' lang='lat' dir='ltr'><strong>a</strong></span> <span class='ocrx_word' id='word_1_841' title='bbox 1405 5433 1572 5490; x_wconf 62' lang='lat' dir='ltr'><strong>l‘lll‘iiU</strong></span> <span class='ocrx_word' id='word_1_842' title='bbox 1635 5435 1906 5496; x_wconf 87' lang='lat' dir='ltr'><strong>laudatos,</strong></span> <span class='ocrx_word' id='word_1_843' title='bbox 1953 5437 2043 5503; x_wconf 88' lang='lat' dir='ltr'><strong>qui</strong></span> 
     </span>
    </p>
   </div>
   <div class='ocr_carea' id='block_1_110' title="bbox 463 5503 2042 5575">
    <p class='ocr_par' dir='ltr' id='par_1_110' title="bbox 463 5503 2042 5575">
     <span class='ocr_line' id='line_1_111' title="bbox 463 5503 2042 5575; baseline 0.003 -21"><span class='ocrx_word' id='word_1_844' title='bbox 463 5512 680 5575; x_wconf 80' lang='lat' dir='ltr'><strong>montes</strong></span> <span class='ocrx_word' id='word_1_845' title='bbox 713 5503 952 5557; x_wconf 85' lang='lat' dir='ltr'><strong>Garizim</strong></span> <span class='ocrx_word' id='word_1_846' title='bbox 980 5515 1034 5559; x_wconf 86' lang='lat' dir='ltr'><strong>et</strong></span> <span class='ocrx_word' id='word_1_847' title='bbox 1059 5505 1226 5558; x_wconf 82' lang='lat' dir='ltr'><strong>Gebal</strong></span> <span class='ocrx_word' id='word_1_848' title='bbox 1250 5507 1470 5560; x_wconf 88' lang='lat' dir='ltr'><strong>circiter</strong></span> <span class='ocrx_word' id='word_1_849' title='bbox 1499 5524 1563 5561; x_wconf 73' lang='grc' dir='ltr'><strong>ιι</strong></span> <span class='ocrx_word' id='word_1_850' title='bbox 1597 5507 1743 5560; x_wconf 68' lang='lat' dir='ltr'><strong>mille</strong></span> <span class='ocrx_word' id='word_1_851' title='bbox 1779 5522 2042 5575; x_wconf 85' lang='lat' dir='ltr'><strong>passuum</strong></span> 
     </span>
    </p>
   </div>
   <div class='ocr_carea' id='block_1_111' title="bbox 464 5572 2041 5644">
    <p class='ocr_par' dir='ltr' id='par_1_111' title="bbox 464 5572 2041 5644">
     <span class='ocr_line' id='line_1_112' title="bbox 464 5572 2041 5644; baseline 0.004 -20"><span class='ocrx_word' id='word_1_852' title='bbox 464 5572 790 5644; x_wconf 26' lang='lat' dir='ltr'><strong>abAJordane</strong></span> <span class='ocrx_word' id='word_1_853' title='bbox 817 5576 1009 5630; x_wconf 84' lang='lat' dir='ltr'><strong>abesse</strong></span> <span class='ocrx_word' id='word_1_854' title='bbox 1029 5583 1272 5640; x_wconf 89' lang='lat' dir='ltr'><strong>narrant,</strong></span> <span class='ocrx_word' id='word_1_855' title='bbox 1299 5578 1381 5630; x_wconf 79' lang='lat' dir='ltr'><strong>his</strong></span> <span class='ocrx_word' id='word_1_856' title='bbox 1409 5593 1699 5630; x_wconf 80' lang='lat' dir='ltr'><strong>accenscre</strong></span> <span class='ocrx_word' id='word_1_857' title='bbox 1720 5572 2041 5644; x_wconf 55' lang='lat' dir='ltr'><strong>passuunts:</strong></span> 
     </span>
    </p>
   </div>
   <div class='ocr_carea' id='block_1_112' title="bbox 465 5640 2046 5715">
    <p class='ocr_par' dir='ltr' id='par_1_112' title="bbox 465 5640 2046 5715">
     <span class='ocr_line' id='line_1_113' title="bbox 465 5640 2046 5715; baseline 0.003 -24"><span class='ocrx_word' id='word_1_858' title='bbox 465 5640 708 5715; x_wconf 82' lang='lat' dir='ltr'><strong>quinimo</strong></span> <span class='ocrx_word' id='word_1_859' title='bbox 730 5643 846 5715; x_wconf 77' lang='lat' dir='ltr'><strong>ipse</strong></span> <span class='ocrx_word' id='word_1_860' title='bbox 874 5647 1038 5699; x_wconf 88' lang='lat' dir='ltr'><strong>etiam</strong></span> <span class='ocrx_word' id='word_1_861' title='bbox 1075 5645 1437 5715; x_wconf 77' lang='lat' dir='ltr'><strong>Hieronymus</strong></span> <span class='ocrx_word' id='word_1_862' title='bbox 1463 5649 1513 5700; x_wconf 91' lang='lat' dir='ltr'><strong>in</strong></span> <span class='ocrx_word' id='word_1_863' title='bbox 1541 5640 1821 5715; x_wconf 75' lang='lat' dir='ltr'><strong>Epitaphio</strong></span> <span class='ocrx_word' id='word_1_864' title='bbox 1861 5640 2046 5700; x_wconf 67' lang='lat' dir='ltr'><strong>Paula:</strong></span> 
     </span>
    </p>
   </div>
   <div class='ocr_carea' id='block_1_113' title="bbox 468 5711 2046 5784">
    <p class='ocr_par' dir='ltr' id='par_1_113' title="bbox 468 5711 2046 5784">
     <span class='ocr_line' id='line_1_114' title="bbox 468 5711 2046 5784; baseline 0.003 -22"><span class='ocrx_word' id='word_1_865' title='bbox 468 5711 657 5784; x_wconf 58' lang='lat' dir='ltr'><strong>matris</strong></span> <span class='ocrx_word' id='word_1_866' title='bbox 684 5714 751 5784; x_wconf 79' lang='lat' dir='ltr'><strong>ad</strong></span> <span class='ocrx_word' id='word_1_867' title='bbox 795 5713 1137 5768; x_wconf 79' lang='lat' dir='ltr'><strong>Eustochium</strong></span> <span class='ocrx_word' id='word_1_868' title='bbox 1170 5711 1480 5784; x_wconf 43' lang='lat' dir='ltr'><strong>hoe&#39;ipsum</strong></span> <span class='ocrx_word' id='word_1_869' title='bbox 1500 5711 1761 5769; x_wconf 77' lang='lat' dir='ltr'><strong>docuerat</strong></span> <span class='ocrx_word' id='word_1_870' title='bbox 1791 5735 1801 5768; x_wconf 93' lang='lat'>:</span> <span class='ocrx_word' id='word_1_871' title='bbox 1849 5715 2046 5767; x_wconf 72' lang='lat' dir='ltr'><strong>Traus-</strong></span> 
     </span>
    </p>
   </div>
   <div class='ocr_carea' id='block_1_114' title="bbox 476 5778 2041 5857">
    <p class='ocr_par' dir='ltr' id='par_1_114' title="bbox 476 5778 2041 5857">
     <span class='ocr_line' id='line_1_115' title="bbox 476 5778 2041 5857; baseline 0.004 -25"><span class='ocrx_word' id='word_1_872' title='bbox 476 5778 564 5832; x_wconf 77' lang='lat' dir='ltr'><strong>it&#39;it</strong></span> <span class='ocrx_word' id='word_1_873' title='bbox 596 5778 821 5847; x_wconf 81' lang='lat' dir='ltr'><strong>Sichcm,</strong></span> <span class='ocrx_word' id='word_1_874' title='bbox 873 5801 972 5837; x_wconf 85' lang='lat' dir='ltr'><strong>non</strong></span> <span class='ocrx_word' id='word_1_875' title='bbox 1001 5797 1052 5838; x_wconf 76' lang='lat' dir='ltr'><strong>ut</strong></span> <span class='ocrx_word' id='word_1_876' title='bbox 1085 5778 1337 5853; x_wconf 55' lang='lat' dir='ltr'><strong>p&#39;eriq-te&#39;</strong></span> <span class='ocrx_word' id='word_1_877' title='bbox 1361 5800 1595 5840; x_wconf 79' lang='lat' dir='ltr'><strong>errantes</strong></span> <span class='ocrx_word' id='word_1_878' title='bbox 1629 5787 1800 5857; x_wconf 69' lang='lat' dir='ltr'><strong>legunt</strong></span> <span class='ocrx_word' id='word_1_879' title='bbox 1834 5786 2041 5853; x_wconf 73' lang='lat' dir='ltr'><strong>Sic/tur,</strong></span> 
     </span>
    </p>
   </div>
   <div class='ocr_carea' id='block_1_115' title="bbox 2147 4595 3702 4666">
    <p class='ocr_par' dir='ltr' id='par_1_115' title="bbox 2147 4595 3702 4666">
     <span class='ocr_line' id='line_1_116' title="bbox 2147 4595 3702 4666; baseline -0.003 -19"><span class='ocrx_word' id='word_1_880' title='bbox 2147 4595 2346 4649; x_wconf 89' lang='lat' dir='ltr'><strong>Verum</strong></span> <span class='ocrx_word' id='word_1_881' title='bbox 2373 4613 2495 4650; x_wconf 85' lang='lat' dir='ltr'><strong>cum</strong></span> <span class='ocrx_word' id='word_1_882' title='bbox 2525 4598 2576 4649; x_wconf 90' lang='lat' dir='ltr'><strong>in</strong></span> <span class='ocrx_word' id='word_1_883' title='bbox 2614 4597 2847 4649; x_wconf 82' lang='lat' dir='ltr'><strong>l’anario</strong></span> <span class='ocrx_word' id='word_1_884' title='bbox 2873 4597 3001 4648; x_wconf 88' lang='lat' dir='ltr'><strong>illml</strong></span> <span class='ocrx_word' id='word_1_885' title='bbox 3038 4613 3200 4649; x_wconf 89' lang='lat' dir='ltr'><strong>unum</strong></span> <span class='ocrx_word' id='word_1_886' title='bbox 3224 4604 3511 4666; x_wconf 86' lang='lat' dir='ltr'><strong>proponat,</strong></span> <span class='ocrx_word' id='word_1_887' title='bbox 3538 4606 3702 4666; x_wconf 72' lang='lat' dir='ltr'><strong>nempe</strong></span> 
     </span>
    </p>
   </div>
   <div class='ocr_carea' id='block_1_116' title="bbox 2144 4659 3700 4735">
    <p class='ocr_par' dir='ltr' id='par_1_116' title="bbox 2144 4659 3700 4735">
     <span class='ocr_line' id='line_1_117' title="bbox 2144 4659 3700 4735; baseline -0.005 -16"><span class='ocrx_word' id='word_1_888' title='bbox 2144 4666 2217 4719; x_wconf 91' lang='lat' dir='ltr'><strong>ita</strong></span> <span class='ocrx_word' id='word_1_889' title='bbox 2262 4681 2384 4719; x_wconf 87' lang='lat' dir='ltr'><strong>esse</strong></span> <span class='ocrx_word' id='word_1_890' title='bbox 2449 4671 2718 4735; x_wconf 84' lang='lat' dir='ltr'><strong>scriptum</strong></span> <span class='ocrx_word' id='word_1_891' title='bbox 2779 4669 2831 4720; x_wconf 88' lang='lat' dir='ltr'><strong>in</strong></span> <span class='ocrx_word' id='word_1_892' title='bbox 2882 4659 3339 4728; x_wconf 51' lang='lat' dir='ltr'><strong>Deuteronomiof</strong></span> <span class='ocrx_word' id='word_1_893' title='bbox 3359 4675 3414 4718; x_wconf 88' lang='lat' dir='ltr'><strong>et</strong></span> <span class='ocrx_word' id='word_1_894' title='bbox 3465 4666 3553 4717; x_wconf 88' lang='lat' dir='ltr'><strong>lib.</strong></span> <span class='ocrx_word' id='word_1_895' title='bbox 3590 4659 3700 4714; x_wconf 81' lang='lat' dir='ltr'><strong>Jesu</strong></span> 
     </span>
    </p>
   </div>
   <div class='ocr_carea' id='block_1_117' title="bbox 2145 4735 3704 4808">
    <p class='ocr_par' dir='ltr' id='par_1_117' title="bbox 2145 4735 3704 4808">
     <span class='ocr_line' id='line_1_118' title="bbox 2145 4735 3704 4808; baseline -0.006 -19"><span class='ocrx_word' id='word_1_896' title='bbox 2145 4737 2313 4796; x_wconf 82' lang='lat' dir='ltr'><strong>Nave,</strong></span> <span class='ocrx_word' id='word_1_897' title='bbox 2353 4737 2455 4792; x_wconf 90' lang='lat' dir='ltr'><strong>hoc</strong></span> <span class='ocrx_word' id='word_1_898' title='bbox 2475 4743 2651 4806; x_wconf 88' lang='lat' dir='ltr'><strong>ipsum</strong></span> <span class='ocrx_word' id='word_1_899' title='bbox 2685 4753 2782 4806; x_wconf 91' lang='lat' dir='ltr'><strong>pro</strong></span> <span class='ocrx_word' id='word_1_900' title='bbox 2815 4738 3100 4806; x_wconf 87' lang='lat' dir='ltr'><strong>potissimo</strong></span> <span class='ocrx_word' id='word_1_901' title='bbox 3121 4745 3444 4808; x_wconf 78' lang='lat' dir='ltr'><strong>argumento</strong></span> <span class='ocrx_word' id='word_1_902' title='bbox 3474 4735 3704 4808; x_wconf 79' lang='lat' dir='ltr'><strong>habuisse</strong></span> 
     </span>
    </p>
   </div>
   <div class='ocr_carea' id='block_1_118' title="bbox 2141 4806 3703 4880">
    <p class='ocr_par' dir='ltr' id='par_1_118' title="bbox 2141 4806 3703 4880">
     <span class='ocr_line' id='line_1_119' title="bbox 2141 4806 3703 4880; baseline -0.003 -21"><span class='ocrx_word' id='word_1_903' title='bbox 2141 4808 2264 4880; x_wconf 85' lang='lat' dir='ltr'><strong>jure</strong></span> <span class='ocrx_word' id='word_1_904' title='bbox 2325 4815 2379 4858; x_wconf 90' lang='lat' dir='ltr'><strong>ct</strong></span> <span class='ocrx_word' id='word_1_905' title='bbox 2419 4810 2611 4880; x_wconf 86' lang='lat' dir='ltr'><strong>merito</strong></span> <span class='ocrx_word' id='word_1_906' title='bbox 2669 4809 2941 4880; x_wconf 84' lang='lat' dir='ltr'><strong>conjicere</strong></span> <span class='ocrx_word' id='word_1_907' title='bbox 2974 4806 3272 4880; x_wconf 35' lang='lat' dir='ltr'><strong>licetaSed</strong></span> <span class='ocrx_word' id='word_1_908' title='bbox 3297 4808 3422 4880; x_wconf 84' lang='lat' dir='ltr'><strong>ejus</strong></span> <span class='ocrx_word' id='word_1_909' title='bbox 3460 4806 3703 4880; x_wconf 70' lang='lat' dir='ltr'><strong>sententia</strong></span> 
     </span>
    </p>
   </div>
   <div class='ocr_carea' id='block_1_119' title="bbox 2147 4874 3704 4948">
    <p class='ocr_par' dir='ltr' id='par_1_119' title="bbox 2147 4874 3704 4948">
     <span class='ocr_line' id='line_1_120' title="bbox 2147 4874 3704 4948; baseline -0.006 -16"><span class='ocrx_word' id='word_1_910' title='bbox 2147 4874 2322 4932; x_wconf 82' lang='lat' dir='ltr'><strong>adhuc</strong></span> <span class='ocrx_word' id='word_1_911' title='bbox 2353 4879 2649 4947; x_wconf 52' lang='lat' dir='ltr'><strong>probabilis</strong></span> <span class='ocrx_word' id='word_1_912' title='bbox 2676 4874 2844 4932; x_wconf 77' lang='lat' dir='ltr'><strong>videri</strong></span> <span class='ocrx_word' id='word_1_913' title='bbox 2870 4888 3055 4948; x_wconf 58' lang='lat' dir='ltr'><strong>posset.</strong></span> <span class='ocrx_word' id='word_1_914' title='bbox 3098 4879 3187 4931; x_wconf 90' lang='lat' dir='ltr'><strong>ubi</strong></span> <span class='ocrx_word' id='word_1_915' title='bbox 3217 4874 3345 4946; x_wconf 81' lang='lat' dir='ltr'><strong>quis</strong></span> <span class='ocrx_word' id='word_1_916' title='bbox 3379 4874 3704 4948; x_wconf 73' lang='lat' dir='ltr'><strong>probabiliter</strong></span> 
     </span>
    </p>
   </div>
   <div class='ocr_carea' id='block_1_120' title="bbox 2145 4945 3697 5019">
    <p class='ocr_par' dir='ltr' id='par_1_120' title="bbox 2145 4945 3697 5019">
     <span class='ocr_line' id='line_1_121' title="bbox 2145 4945 3697 5019; baseline -0.006 -17"><span class='ocrx_word' id='word_1_917' title='bbox 2145 4958 2195 5002; x_wconf 85' lang='lat' dir='ltr'><strong>et</strong></span> <span class='ocrx_word' id='word_1_918' title='bbox 2262 4945 2502 5017; x_wconf 80' lang='lat' dir='ltr'><strong>legitime</strong></span> <span class='ocrx_word' id='word_1_919' title='bbox 2557 4945 2884 5008; x_wconf 55' lang='lat' dir='ltr'><strong>testaret-r,</strong></span> <span class='ocrx_word' id='word_1_920' title='bbox 2928 4945 3323 5019; x_wconf 81' lang='lat' dir='ltr'><strong>duosmontes</strong></span> <span class='ocrx_word' id='word_1_921' title='bbox 3374 4945 3697 5019; x_wconf 25' lang='lat' dir='ltr'><strong>Garizimacl</strong></span> 
     </span>
    </p>
   </div>
   <div class='ocr_carea' id='block_1_121' title="bbox 2145 5018 3701 5089">
    <p class='ocr_par' dir='ltr' id='par_1_121' title="bbox 2145 5018 3701 5089">
     <span class='ocr_line' id='line_1_122' title="bbox 2145 5018 3701 5089; baseline -0.006 -17"><span class='ocrx_word' id='word_1_922' title='bbox 2145 5019 2285 5072; x_wconf 88' lang='lat' dir='ltr'><strong>duos</strong></span> <span class='ocrx_word' id='word_1_923' title='bbox 2323 5028 2539 5089; x_wconf 72' lang='lat' dir='ltr'><strong>montes</strong></span> <span class='ocrx_word' id='word_1_924' title='bbox 2569 5019 2737 5072; x_wconf 82' lang='lat' dir='ltr'><strong>Gebal</strong></span> <span class='ocrx_word' id='word_1_925' title='bbox 2770 5019 2938 5073; x_wconf 78' lang='lat' dir='ltr'><strong>fuisse</strong></span> <span class='ocrx_word' id='word_1_926' title='bbox 2969 5021 3023 5074; x_wconf 91' lang='lat' dir='ltr'><strong>in</strong></span> <span class='ocrx_word' id='word_1_927' title='bbox 3075 5018 3384 5080; x_wconf 71' lang='lat' dir='ltr'><strong>Palaestina,</strong></span> <span class='ocrx_word' id='word_1_928' title='bbox 3423 5025 3547 5068; x_wconf 84' lang='lat' dir='ltr'><strong>tum:</strong></span> <span class='ocrx_word' id='word_1_929' title='bbox 3576 5018 3701 5089; x_wconf 70' lang='lat' dir='ltr'><strong>enim</strong></span> 
     </span>
    </p>
   </div>
   <div class='ocr_carea' id='block_1_122' title="bbox 2148 5083 3703 5147">
    <p class='ocr_par' dir='ltr' id='par_1_122' title="bbox 2148 5083 3703 5147">
     <span class='ocr_line' id='line_1_123' title="bbox 2148 5083 3703 5147; baseline -0.003 -5"><span class='ocrx_word' id='word_1_930' title='bbox 2148 5090 2286 5142; x_wconf 89' lang='lat' dir='ltr'><strong>alios</strong></span> <span class='ocrx_word' id='word_1_931' title='bbox 2339 5091 2406 5143; x_wconf 91' lang='lat' dir='ltr'><strong>ad</strong></span> <span class='ocrx_word' id='word_1_932' title='bbox 2459 5087 2778 5143; x_wconf 80' lang='lat' dir='ltr'><strong>.Iericliuula</strong></span> <span class='ocrx_word' id='word_1_933' title='bbox 2837 5108 2936 5145; x_wconf 89' lang='lat' dir='ltr'><strong>suo</strong></span> <span class='ocrx_word' id='word_1_934' title='bbox 2966 5092 3184 5144; x_wconf 75' lang='lat' dir='ltr'><strong>nomine</strong></span> <span class='ocrx_word' id='word_1_935' title='bbox 3225 5092 3297 5143; x_wconf 90' lang='lat' dir='ltr'><strong>ita</strong></span> <span class='ocrx_word' id='word_1_936' title='bbox 3341 5090 3532 5147; x_wconf 85' lang='lat' dir='ltr'><strong>dictos,</strong></span> <span class='ocrx_word' id='word_1_937' title='bbox 3584 5083 3703 5133; x_wconf 77' lang='lat' dir='ltr'><strong>alios</strong></span> 
     </span>
    </p>
   </div>
   <div class='ocr_carea' id='block_1_123' title="bbox 2148 5159 3697 5219">
    <p class='ocr_par' dir='ltr' id='par_1_123' title="bbox 2148 5159 3697 5219">
     <span class='ocr_line' id='line_1_124' title="bbox 2148 5159 3697 5219; baseline -0.006 -10"><span class='ocrx_word' id='word_1_938' title='bbox 2148 5175 2277 5212; x_wconf 83' lang='lat' dir='ltr'><strong>vero</strong></span> <span class='ocrx_word' id='word_1_939' title='bbox 2304 5159 2366 5212; x_wconf 86' lang='lat' dir='ltr'><strong>ad</strong></span> <span class='ocrx_word' id='word_1_940' title='bbox 2392 5160 2686 5213; x_wconf 72' lang='lat' dir='ltr'><strong>Sicliimam</strong></span> <span class='ocrx_word' id='word_1_941' title='bbox 2720 5159 2909 5219; x_wconf 79' lang='lat' dir='ltr'><strong>fuisse.</strong></span> <span class='ocrx_word' id='word_1_942' title='bbox 2939 5169 2991 5214; x_wconf 87' lang='lat' dir='ltr'><strong>et</strong></span> <span class='ocrx_word' id='word_1_943' title='bbox 3030 5161 3109 5214; x_wconf 76' lang='lat' dir='ltr'><strong>sit:</strong></span> <span class='ocrx_word' id='word_1_944' title='bbox 3141 5160 3599 5213; x_wconf 84' lang='lat' dir='ltr'><strong>Samaritanorum</strong></span> <span class='ocrx_word' id='word_1_945' title='bbox 3629 5164 3697 5202; x_wconf 63' lang='lat' dir='ltr'><strong>ero</strong></span> 
     </span>
    </p>
   </div>
   <div class='ocr_carea' id='block_1_124' title="bbox 2151 5224 3700 5300">
    <p class='ocr_par' dir='ltr' id='par_1_124' title="bbox 2151 5224 3700 5300">
     <span class='ocr_line' id='line_1_125' title="bbox 2151 5224 3700 5300; baseline -0.008 -17"><span class='ocrx_word' id='word_1_946' title='bbox 2151 5231 2612 5298; x_wconf 76' lang='lat' dir='ltr'><strong>I‘orcappellatos,</strong></span> <span class='ocrx_word' id='word_1_947' title='bbox 2652 5248 3004 5286; x_wconf 79' lang='lat' dir='ltr'><strong>censeremus</strong></span> <span class='ocrx_word' id='word_1_948' title='bbox 3036 5250 3048 5284; x_wconf 89' lang='lat'><strong>:</strong></span> <span class='ocrx_word' id='word_1_949' title='bbox 3077 5231 3168 5284; x_wconf 77' lang='lat' dir='ltr'><strong>St‘d</strong></span> <span class='ocrx_word' id='word_1_950' title='bbox 3190 5231 3313 5300; x_wconf 89' lang='lat' dir='ltr'><strong>quis</strong></span> <span class='ocrx_word' id='word_1_951' title='bbox 3347 5224 3700 5300; x_wconf 70' lang='lat' dir='ltr'><strong>unquamlnec</strong></span> 
     </span>
    </p>
   </div>
   <div class='ocr_carea' id='block_1_125' title="bbox 2153 5290 3704 5368">
    <p class='ocr_par' dir='ltr' id='par_1_125' title="bbox 2153 5290 3704 5368">
     <span class='ocr_line' id='line_1_126' title="bbox 2153 5290 3704 5368; baseline -0.007 -16"><span class='ocrx_word' id='word_1_952' title='bbox 2153 5290 2418 5354; x_wconf 72' lang='lat' dir='ltr'><strong>tradidit?</strong></span> <span class='ocrx_word' id='word_1_953' title='bbox 2452 5290 2765 5368; x_wconf 84' lang='lat' dir='ltr'><strong>Quidquod</strong></span> <span class='ocrx_word' id='word_1_954' title='bbox 2806 5318 2963 5355; x_wconf 85' lang='lat' dir='ltr'><strong>mons</strong></span> <span class='ocrx_word' id='word_1_955' title='bbox 3009 5290 3228 5368; x_wconf 76' lang='lat' dir='ltr'><strong>quidam</strong></span> <span class='ocrx_word' id='word_1_956' title='bbox 3257 5316 3286 5353; x_wconf 89' lang='lat' dir='ltr'><strong>e</strong></span> <span class='ocrx_word' id='word_1_957' title='bbox 3320 5290 3521 5366; x_wconf 71' lang='lat' dir='ltr'><strong>regiont</strong></span> <span class='ocrx_word' id='word_1_958' title='bbox 3581 5290 3704 5343; x_wconf 82' lang='lat' dir='ltr'><strong>Jeri-</strong></span> 
     </span>
    </p>
   </div>
   <div class='ocr_carea' id='block_1_126' title="bbox 2150 5370 3697 5440">
    <p class='ocr_par' dir='ltr' id='par_1_126' title="bbox 2150 5370 3697 5440">
     <span class='ocr_line' id='line_1_127' title="bbox 2150 5370 3697 5440; baseline -0.003 -19"><span class='ocrx_word' id='word_1_959' title='bbox 2150 5372 2371 5424; x_wconf 85' lang='lat' dir='ltr'><strong>cliuntis</strong></span> <span class='ocrx_word' id='word_1_960' title='bbox 2400 5371 2539 5425; x_wconf 87' lang='lat' dir='ltr'><strong>situs</strong></span> <span class='ocrx_word' id='word_1_961' title='bbox 2590 5373 2782 5425; x_wconf 71' lang='lat' dir='ltr'><strong>Abaris</strong></span> <span class='ocrx_word' id='word_1_962' title='bbox 2818 5372 3020 5424; x_wconf 83' lang='lat' dir='ltr'><strong>dicitur</strong></span> <span class='ocrx_word' id='word_1_963' title='bbox 3051 5388 3079 5424; x_wconf 90' lang='lat' dir='ltr'><strong>a</strong></span> <span class='ocrx_word' id='word_1_964' title='bbox 3109 5370 3345 5439; x_wconf 80' lang='lat' dir='ltr'><strong>Joseplio</strong></span> <span class='ocrx_word' id='word_1_965' title='bbox 3370 5371 3459 5422; x_wconf 87' lang='lat' dir='ltr'><strong>lib.</strong></span> <span class='ocrx_word' id='word_1_966' title='bbox 3499 5383 3566 5424; x_wconf 85' lang='lat' dir='ltr'><strong>iv,</strong></span> <span class='ocrx_word' id='word_1_967' title='bbox 3594 5375 3697 5440; x_wconf 67' lang='lat' dir='ltr'><strong>cap.</strong></span> 
     </span>
    </p>
   </div>
   <div class='ocr_carea' id='block_1_127' title="bbox 2148 5441 3700 5515">
    <p class='ocr_par' dir='ltr' id='par_1_127' title="bbox 2148 5441 3700 5515">
     <span class='ocr_line' id='line_1_128' title="bbox 2148 5441 3700 5515; baseline -0.006 -21"><span class='ocrx_word' id='word_1_968' title='bbox 2148 5441 2201 5503; x_wconf 90' lang='lat'><strong>8,</strong></span> <span class='ocrx_word' id='word_1_969' title='bbox 2244 5442 2403 5512; x_wconf 54' lang='grc' dir='ltr'><strong>ΗΞὶῖ</strong></span> <span class='ocrx_word' id='word_1_970' title='bbox 2429 5442 2746 5495; x_wconf 84' lang='lat' dir='ltr'><strong>Gerliardus</strong></span> <span class='ocrx_word' id='word_1_971' title='bbox 2782 5443 3048 5495; x_wconf 80' lang='lat' dir='ltr'><strong>Mercator</strong></span> <span class='ocrx_word' id='word_1_972' title='bbox 3084 5454 3370 5510; x_wconf 87' lang='lat' dir='ltr'><strong>utramque</strong></span> <span class='ocrx_word' id='word_1_973' title='bbox 3402 5443 3700 5515; x_wconf 66' lang='lat' dir='ltr'><strong>sentientium</strong></span> 
     </span>
    </p>
   </div>
   <div class='ocr_carea' id='block_1_128' title="bbox 2149 5505 3700 5581">
    <p class='ocr_par' dir='ltr' id='par_1_128' title="bbox 2149 5505 3700 5581">
     <span class='ocr_line' id='line_1_129' title="bbox 2149 5505 3700 5581; baseline -0.007 -17"><span class='ocrx_word' id='word_1_974' title='bbox 2149 5505 2546 5566; x_wconf 58' lang='lat' dir='ltr'><strong>conciliandam</strong></span> <span class='ocrx_word' id='word_1_975' title='bbox 2583 5513 2983 5581; x_wconf 69' lang='lat' dir='ltr'><strong>pltla\‘it,&#39;q::utl</strong></span> <span class='ocrx_word' id='word_1_976' title='bbox 3030 5505 3391 5566; x_wconf 71' lang='lat' dir='ltr'><strong>arbitrabatur</strong></span> <span class='ocrx_word' id='word_1_977' title='bbox 3424 5507 3572 5581; x_wconf 78' lang='lat' dir='ltr'><strong>facile</strong></span> <span class='ocrx_word' id='word_1_978' title='bbox 3591 5505 3700 5581; x_wconf 70' lang='lat' dir='ltr'><strong>licl&#39;l</strong></span> 
     </span>
    </p>
   </div>
   <div class='ocr_carea' id='block_1_129' title="bbox 2149 5573 3694 5650">
    <p class='ocr_par' dir='ltr' id='par_1_129' title="bbox 2149 5573 3694 5650">
     <span class='ocr_line' id='line_1_130' title="bbox 2149 5573 3694 5650; baseline -0.008 -15"><span class='ocrx_word' id='word_1_979' title='bbox 2149 5596 2332 5650; x_wconf 87' lang='lat' dir='ltr'><strong>posse,</strong></span> <span class='ocrx_word' id='word_1_980' title='bbox 2357 5584 2401 5635; x_wconf 88' lang='lat' dir='ltr'><strong>si</strong></span> <span class='ocrx_word' id='word_1_981' title='bbox 2432 5573 2670 5636; x_wconf 80' lang='lat' dir='ltr'><strong>Gariiini</strong></span> <span class='ocrx_word' id='word_1_982' title='bbox 2710 5573 2869 5636; x_wconf 72' lang='lat' dir='ltr'><strong>fuerit</strong></span> <span class='ocrx_word' id='word_1_983' title='bbox 2902 5593 3108 5637; x_wconf 87' lang='lat' dir='ltr'><strong>tractus</strong></span> <span class='ocrx_word' id='word_1_984' title='bbox 3145 5583 3405 5636; x_wconf 88' lang='lat' dir='ltr'><strong>montium</strong></span> <span class='ocrx_word' id='word_1_985' title='bbox 3439 5579 3500 5632; x_wconf 91' lang='lat' dir='ltr'><strong>ad</strong></span> <span class='ocrx_word' id='word_1_986' title='bbox 3518 5573 3694 5650; x_wconf 62' lang='lat' dir='ltr'><strong>urbem</strong></span> 
     </span>
    </p>
   </div>
   <div class='ocr_carea' id='block_1_130' title="bbox 2155 5639 3699 5724">
    <p class='ocr_par' dir='ltr' id='par_1_130' title="bbox 2155 5639 3699 5724">
     <span class='ocr_line' id='line_1_131' title="bbox 2155 5639 3699 5724; baseline -0.002 -22"><span class='ocrx_word' id='word_1_987' title='bbox 2155 5639 2250 5724; x_wconf 58' lang='lat' dir='ltr'><strong>lini</strong></span> <span class='ocrx_word' id='word_1_988' title='bbox 2291 5639 2357 5724; x_wconf 73' lang='lat' dir='ltr'><strong>et</strong></span> <span class='ocrx_word' id='word_1_989' title='bbox 2383 5653 2555 5721; x_wconf 85' lang='lat' dir='ltr'><strong>ipsam</strong></span> <span class='ocrx_word' id='word_1_990' title='bbox 2586 5671 2804 5722; x_wconf 84' lang='lat' dir='ltr'><strong>quoque</strong></span> <span class='ocrx_word' id='word_1_991' title='bbox 2836 5653 3154 5707; x_wconf 82' lang='lat' dir='ltr'><strong>Jerichuuta</strong></span> <span class='ocrx_word' id='word_1_992' title='bbox 3192 5661 3450 5706; x_wconf 80' lang='lat' dir='ltr'><strong>extensus</strong></span> <span class='ocrx_word' id='word_1_993' title='bbox 3483 5646 3545 5724; x_wconf 75' lang='lat' dir='ltr'><strong>ab</strong></span> <span class='ocrx_word' id='word_1_994' title='bbox 3583 5639 3699 5724; x_wconf 56' lang='grc' dir='ltr'>ιιιἸξς</span> 
     </span>
    </p>
   </div>
   <div class='ocr_carea' id='block_1_131' title="bbox 2155 5719 3698 5791">
    <p class='ocr_par' dir='ltr' id='par_1_131' title="bbox 2155 5719 3698 5791">
     <span class='ocr_line' id='line_1_132' title="bbox 2155 5719 3698 5791; baseline -0.008 -15"><span class='ocrx_word' id='word_1_995' title='bbox 2155 5719 2418 5776; x_wconf 70' lang='grc' dir='ltr'>διυιιὶιιιτιῖ</span> <span class='ocrx_word' id='word_1_996' title='bbox 2452 5724 2554 5776; x_wconf 84' lang='lat' dir='ltr'><strong>Sed</strong></span> <span class='ocrx_word' id='word_1_997' title='bbox 2591 5719 2690 5778; x_wconf 79' lang='lat' dir='ltr'><strong>hoc</strong></span> <span class='ocrx_word' id='word_1_998' title='bbox 2720 5719 2914 5791; x_wconf 85' lang='lat' dir='ltr'><strong>utpote</strong></span> <span class='ocrx_word' id='word_1_999' title='bbox 2961 5727 3110 5777; x_wconf 89' lang='lat' dir='ltr'><strong>nullo</strong></span> <span class='ocrx_word' id='word_1_1000' title='bbox 3133 5724 3368 5790; x_wconf 65' lang='lat' dir='ltr'><strong>legitimo</strong></span> <span class='ocrx_word' id='word_1_1001' title='bbox 3413 5719 3698 5791; x_wconf 57' lang='lat' dir='ltr'><strong>tesliiuofrw</strong></span> 
     </span>
    </p>
   </div>
   <div class='ocr_carea' id='block_1_132' title="bbox 2153 5777 3692 5867">
    <p class='ocr_par' dir='ltr' id='par_1_132' title="bbox 2153 5777 3692 5867">
     <span class='ocr_line' id='line_1_133' title="bbox 2153 5777 3692 5867; baseline -0.005 -22"><span class='ocrx_word' id='word_1_1002' title='bbox 2153 5793 2568 5862; x_wconf 69' lang='lat' dir='ltr'><strong>comprobatum</strong></span> <span class='ocrx_word' id='word_1_1003' title='bbox 2636 5777 2801 5848; x_wconf 50' lang='lat' dir='ltr'><strong>facile.</strong></span> <span class='ocrx_word' id='word_1_1004' title='bbox 2866 5794 3126 5867; x_wconf 73' lang='lat' dir='ltr'><strong>I‘cjicitur.</strong></span> <span class='ocrx_word' id='word_1_1005' title='bbox 3183 5777 3324 5858; x_wconf 53' lang='lat' dir='ltr'><strong>Quin</strong></span> <span class='ocrx_word' id='word_1_1006' title='bbox 3375 5790 3552 5845; x_wconf 84' lang='lat' dir='ltr'><strong>etiam.</strong></span> <span class='ocrx_word' id='word_1_1007' title='bbox 3598 5777 3692 5831; x_wconf 71' lang='grc' dir='ltr'><strong>1ίο-</strong></span> 
     </span>
    </p>
   </div>
  </div>
