3988 6422
447 393 557 456 ῧῗΰ

1873 406 1930 466 s.
1984 409 2324 468 emmmu
2424 482 2428 487 η

3598 435 3692 494 376

446 502 807 573 pretationem
841 505 1158 565 ediderunt.
1192 505 1344 568 Binis
1390 528 1520 570 vero
1551 514 1693 572 liber
1743 533 1886 576 unus
1922 527 2031 574 tra-

2138 525 2346 590 κίσκοις
2373 524 2601 589 ἐκείνοις
2632 525 2696 579 ἐκ
2726 525 2831 580 τῶν
2858 527 3052 598 τοίχων
3083 529 3357 602 ἐποίησεν,
3381 534 3484 587 άλλ³
3504 537 3684 596 ἀνωθεν

446 597 596 652 ditus
625 596 827 664 fuerat,
848 599 1102 656 videlicet
1131 603 1250 671 pari
1281 605 1375 658 uni
1407 595 1874 672 liber'Geneseos,
1911 612 2024 678 pari

446 690 605 742 alteri
642 687 863 745 Exodus
912 691 1152 746 filiorum
1197 691 1385 758 Israel,
1433 698 1600 752 tertio
1647 696 1943 763 Leviticus,
1975 709 2030 754 et

443 779 640 848 reliqui
689 780 966 836 similiter.
1017 781 1220 854 Sicque
1270 785 1552 856 Scriptura
1605 789 1816 844 tricies
1853 791 2029 846 sexies

445 884 604 923 versa
639 881 744 926 est.
780 870 918 926 Cum
945 880 1126 928 autem
1159 875 1284 929 libri
1317 877 1555 932 absoluti
1592 877 1852 944 fuissent,
1890 883 2032 938 sedit

444 975 542 1012 rex
566 959 622 1013 in
660 962 881 1016 excelso
909 963 1129 1029 throno,
1151 979 1217 1021 ac
1243 965 1477 1024 lectores
1502 970 1729 1041 triginta
1753 987 1847 1028 sex
1881 973 2030 1028 humi

424 1049 818 1106 ‘i-onsederunt
865 1051 1037 1110 libros
1075 1070 1189 1124 prae
1231 1059 1487 1116 manibus
1526 1061 1837 1120 habentes':
1868 1073 2033 1137 atque

448 1156 559 1194 uno
606 1141 820 1211 legente
864 1146 1076 1199 nullum
1109 1148 1515 1217 deprehensum
1561 1161 1647 1208 est
1708 1156 2030 1213 discrimen.

447 1227 502 1283 Id
539 1246 670 1286 vero
700 1231 795 1287 Dei
835 1248 980 1303 opus
1020 1245 1162 1300 erat,
1193 1246 1254 1291 ut
1300 1241 1478 1306 palam
1537 1253 1686 1298 esset
1717 1247 1872 1304 viros
1907 1250 2033 1305 illos

446 1322 625 1374 sancti
687 1321 928 1392 Spiritus
985 1342 1215 1382 munere
1289 1330 1596 1387 instructos
1660 1335 1854 1392 fuisse.
1929 1338 2031 1393 Ubi

443 1413 723 1482 quidpiam
775 1415 845 1470 ab
895 1416 1005 1477 illis
1052 1418 1365 1490 ademptum
1418 1422 1618 1490 fuerat,
1661 1427 1730 1481 ab
1775 1430 2034 1487 omnibus

445 1505 609 1558 simul
641 1503 958 1576 ademptum
990 1507 1166 1564 fuerat
1194 1529 1207 1564 :
1243 1512 1519 1582 ademptis
1551 1516 1687 1570 nihil
1722 1533 1861 1589 opus
1891 1530 2033 1587 erat,

444 1595 647 1651 additis
693 1611 876 1651 secus.
923 1596 1074 1659 Libri
1122 1601 1307 1670 itaque
1359 1603 1438 1659 illi
1478 1604 1535 1658 in
1572 1605 1814 1662 Griecam
1863 1610 2037 1668 diale-

443 1692 595 1738 rtum
651 1687 932 1752 translati,
963 1689 1019 1743 in
1055 1691 1234 1760 prima
1263 1685 1595 1752 bibliotheca
1624 1701 1852 1768 repositi
1885 1710 2032 1758 sunt.

450 1775 657 1832 Deinde
677 1778 840 1832 aliam
868 1783 1182 1836 construxit
1205 1784 1617 1851 bibliothecam,
1643 1807 1806 1860 quam
1833 1794 2036 1862 prioris

449 1868 611 1922 filiam
643 1871 933 1938 vocabant,
973 1873 1104 1928 olim
1140 1875 1193 1930 in
1229 1874 1458 1946 Serapio
1499 1891 1896 1950 nuncupatam.

2132 614 2194 665 ἐκ
2220 612 2326 666 τῶν
2355 615 2622 684 δωμάτων
2655 616 3003 684 άναφωτίδας
3033 618 3132 682 τὰς
3177 619 3506 693 καλουμένας
3533 627 3685 698 ἀνέῳο

2131 702 2240 770 ξεν.
2272 706 2336 757 Οἱ
2365 705 2422 758 δὲ
2452 705 2623 769 οὕτως
2671 708 2777 762 ἀπὸ
2816 709 2962 778 πρωῒ
2994 709 3101 774 ἕως
3135 711 3374 782 ἑσπέρας
3408 715 3504 768 ὑπὸ
3528 717 3686 788 κλεῖδα

2132 793 2562 866 συγκλειόμενοι,
2592 796 2763 861 οὕτως
2795 799 3168 870 ἠρμήνευσαν.
3215 801 3446 874 Ἐκάστῃ
3480 805 3532 857 δὲ
3564 804 3682 878 ζυγῇ

2133 883 2314 954 βίϐλος
2345 886 2444 955 μία
2488 887 2780 954 ἐπεδίδοτο,
2809 889 2884 953 ὡς
2930 893 3108 945 εἰπεῖν
3146 894 3178 962 ὴ
3233 892 3410 962 βίϐλος
3439 895 3531 964 τῆς
3553 897 3689 949 Γενὲ-

2133 991 2271 1038 σεως
2297 977 2398 1047 μιᾷ
2429 975 2567 1048 ζυγῇ
2590 994 2602 1007 ·
2621 980 2654 1048 ὴ
2689 978 2908 1043 Ἐξοδος
2936 980 3045 1033 τῶν
3065 982 3198 1036 υιῶν
3235 985 3448 1054 Ἰσραὴλ
3474 990 3536 1056 τῇ
3559 987 3677 1058 ἄλλῃ

2134 1062 2294 1135 ζυγῇ,
2333 1065 2617 1119 Λευῖτικὸν
2646 1070 2712 1138 τῇ
2741 1068 2897 1139 ἄλλῃ,
2942 1069 3130 1124 καὶτὰ
3165 1069 3325 1125 λοιπὰ
3360 1073 3579 1143 ὁμοίως·
3611 1076 3690 1130 καὶ

2133 1155 2275 1210 οὕτω
2325 1157 2623 1228 τριάκοντα
2654 1161 2751 1212 καὶ
2799 1157 2987 1227 ἑξάκις
3030 1163 3484 1236 ἑρμηνευθεῖσαὴ
3526 1167 3692 1238 Γραφὴ

2133 1247 2312 1319 ῶφθη.
2349 1249 2479 1302 Ὅτε
2525 1249 2582 1302 δὲ
2629 1250 3025 1323 ἐτελειώθησαν
3059 1255 3116 1307 αἱ
3164 1253 3356 1324 βίϐλοι,
3405 1256 3637 1310 ἐκάθισεν
3669 1262 3694 1310 ό

2138 1341 2388 1410 βασιλεὺς
2435 1341 2528 1394 ἐπὶ
2579 1340 2782 1412 θρόνου·
2819 1343 3050 1414 ὑψηλοῦ,
3109 1346 3202 1398 καὶ
3243 1345 3331 1409 λς’
3379 1347 3694 1415 ἀναγνῶσται

2135 1431 2396 1486 ἐκάθισαν
2425 1432 2804 1503 χαμαιζήλως,
2838 1435 3054 1504 ἔχοντες
3081 1437 3180 1500 τὰς
3218 1436 3433 1506 βίϐλους
3453 1439 3565 1490 καθ’
3586 1437 3696 1491 ἑαυο

2135 1522 2263 1586 τῶν,
2299 1522 2394 1576 καὶ
2429 1523 2898 1591 ἀναγινώσκοντος
2930 1527 3049 1590 ἐνὸς
3079 1527 3176 1596 οὐχ
3209 1528 3411 1598 εὑρέθη
3439 1529 3692 1597 διαφωνία,

2136 1612 2274 1668 ἀλλὰ
2311 1612 2446 1667 Θεοῦ
2477 1613 2781 1684 θαυμάσιον
2817 1615 2976 1686 ἔργον
3003 1620 3084 1680 είς
3123 1618 3183 1673 τὸ
3222 1618 3426 1686 γνῶναι
3448 1620 3524 1671 ὅτι
3551 1617 3698 1671 Πνεύ-

2141 1721 2311 1776 ματος
2342 1704 2498 1773 ἁγίου
2519 1705 2678 1775 ἔσχον
2699 1705 2908 1778 δωρεὰν
2932 1708 2980 1759 οἱ
3003 1707 3195 1778 ἄνδρες
3222 1709 3442 1764 ἐκεῖνοι.
3466 1710 3624 1762 Ὅπου
3649 1709 3697 1760 δὲ

2137 1797 2437 1866 ἀφείλοντο,
2470 1797 2710 1862 ἅπαντες
2736 1797 2878 1869 ὁμοῦ
2915 1798 3218 1868 ἀφείλοντο,
3256 1799 3353 1852 καὶ
3385 1793 3456 1854 ὧν
3493 1800 3582 1870 μὲν
3612 1799 3698 1852 οὐκ

2060 1883 2102 1937 Β
2131 1886 2248 1941 ἐστι
2277 1889 2457 1960 χρεία,
2477 1881 2551 1943 ὧν
2576 1890 2634 1943 δὲ
2671 1889 3021 1961 προσέθηκαν
3047 1890 3225 1962 χρεία.
3262 1889 3448 1955 Οὕτως
3471 1891 3524 1944 αἱ
3549 1889 3697 1960 βίϐλοι

447 1965 527 2058 εἰς
557 1971 656 2037 την
692 1965 970 2037 Ἑλληνίδα
1000 1968 1277 2025 διάλεκτον
1328 1973 1751 2046 μεταϐληθείσαι
1799 1979 2144 2050 ἀπετὲθησαν
2178 1985 2237 2036 ἐν
2265 1988 2330 2056 τῇ
2371 1983 2565 2058 πρώτῃ
2618 1983 2956 2058 βιϐλιοθήκῃ.
2985 1985 3096 2039 Καὶ
3143 1985 3338 2056 ἑτέραν
3389 1986 3502 2056 μετ’
3551 1983 3700 2052 αὐτὴν

447 2055 723 2130 θυγατέρα
772 2061 946 2132 αὐτῆς
991 2063 1402 2135 ἐπικληθεῖσαν,
1451 2067 1660 2122 ἄνωθεν
1715 2071 1776 2124 ἐν
1819 2071 1898 2142 τῷ
1940 2073 2244 2147 Σεραπείῳ.

517 2175 585 2229 Et
612 2175 880 2245 praeteriit
918 2182 1137 2278 tenyius
1165 2177 1442 2236 Ptolemati
1479 2191 1534 2237 et
1559 2183 1890 2255 Cleopatra}.
1927 2186 2035 2240 An-

442 2266 600 2322 nis...
639 2275 944 2338 regnarunt
976 2266 1218 2340 L'agidte.

511 2353 725 2414 Deinde
752 2365 1066 2429 sequuntur
1099 2362 1333 2416 Romani
1367 2363 1749 2434 imperatores.

511 2451 795 2523 Augustus
835 2455 998 2511 annis
1028 2470 1116 2510 ινι
1152 2455 1441 2525 imperavit
1473 2476 1486 2512 :
1523 2458 1683 2528 cujus
1718 2474 1864 2513 anno
1897 2474 2033 2529 qua-

441 2543 759 2615 dragesimo
805 2546 1054 2602 secundo
1103 2546 1362 2604 Christus
1411 2558 1576 2606 natus
1623 2559 1729 2606 est.
1777 2551 2034 2607 Tiberius

442 2633 606 2689 annis
640 2647 776 2688 χχιιι
811 2651 827 2688 :
856 2635 976 2705 eius
1021 2644 1206 2691 autem
1249 2651 1398 2692 anno
1442 2639 1660 2695 decimo
1692 2650 1889 2694 octavo
1922 2639 2031 2694 Do-

443 2725 631 2780 minus
655 2725 956 2782 crucifixus
984 2735 1090 2783 est.
1125 2726 1172 2781 A
1199 2742 1368 2783 cruce
1404 2729 1472 2785 ad
1499 2731 1774 2785 excidium
1803 2729 2028 2786 Jerusa-

442 2818 548 2871 lem
591 2818 722 2872 anni
781 2832 850 2873 ιι.
889 2827 944 2875 et
986 2819 1196 2891 aliquot
1243 2820 1366 2876 dies
1405 2821 1760 2877 efﬂuxeruut.
1803 2823 1888 2877 Ab
1919 2823 2031 2876 Au-

440 2916 606 2975 gusto
636 2924 810 2980 usque
841 2909 910 2965 ad
956 2910 1262 2965 Adrianum
1297 2912 1429 2966 anni
1474 2921 1604 2969 sunt
1635 2928 1833 2968 cun.
1870 2914 2030 2970 Anno

441 3009 626 3054 autem
670 2999 999 3056 duodecimo
1042 3001 1271 3056 Adriani
1317 3002 1503 3058 ﬂoruit
1549 3003 1745 3072 Aquila
1790 3021 1805 3058 :
1848 3005 1922 3058 ita
1970 3012 2029 3059 ut

438 3090 508 3146 ab
532 3106 598 3148 eo
625 3099 872 3164 tempore
904 3109 1014 3164 quo
1041 3109 1148 3148 Lxx
1200 3093 1568 3165 lnterpretum
1592 3095 1775 3152 versio
1806 3105 2029 3166 peracta

2205 2168 2315 2225 Καὶ
2349 2169 2627 2242 παρῆλθεν
2663 2170 2691 2223 6
2738 2168 2929 2242 χρόνος
2979 2169 3321 2240 Πτολεμαίου
3349 2168 3443 2223 καὶ
3477 2169 3702 2222 Κλεοπά-

2133 2277 2288 2333 τρας,
2328 2261 2455 2317 ἔτ...
2488 2262 2912 2316 ὲϐασιλεύσαντο
2937 2263 2988 2316 οἱ
3022 2262 3206 2331 Λάγου
3252 2260 3508 2332 βασιλεῖς.

2206 2347 2342 2408 Εἶτα
2381 2353 2669 2424 Ῥωμαίων
2702 2354 2966 2425 βασιλεῖς.

2209 2445 2519 2515 Αὔγουστος
2543 2446 2636 2517 ἐτη
2677 2452 2763 2511 νς¹
2793 2439 3002 2510 οὗτινος
3036 2444 3116 2516 τῷ
3150 2443 3238 2518 μϐ⁹
3281 2446 3394 2500 έτει
3435 2448 3463 2501 6
3492 2445 3708 2517 Χριστὸς

2136 2537 2422 2608 ἐγεννήθη.
2467 2536 2718 2608 Τιϐέριος
2751 2536 2848 2607 ἐτη
2896 2544 3001 2605 κγ’,
3038 2531 3099 2591 οῦ
3124 2537 3203 2608 τῷ
3239 2545 3307 2610 ιη’
3331 2537 3444 2592 ἐτει
3476 2539 3706 2606 ὁΚύριος
3760 2538 3765 2544 ’

2133 2627 2475 2698 ἐσταυρώθη.
2525 2627 2658 2680 Ἀπὸ
2693 2627 2786 2681 τοῦ
2829 2627 3065 2698 σταυροῦ
3111 2628 3218 2692 ἕως
3247 2629 3348 2700 τῆς
3393 2629 3708 2701 ἐρημώσεως

2140 2719 2500 2792 Ἰερουσαλὴμ
2541 2718 2634 2790 ἐτη
2673 2726 2724 2790 μ’
2756 2720 2851 2772 καὶ
2882 2720 3096 2792 ἡμέρας
3129 2721 3301 2785 τινάς.
3341 2721 3474 2774 Ἀπὸ
3511 2719 3703 2788 Δύγού-

2136 2829 2260 2866 στου
2288 2812 2394 2875 ἓως
2436 2811 2712 2883 Ἀδριανοῦ
2747 2810 2841 2883 έτη
2876 2817 2984 2883 ρπ’.
3015 2810 3220 2882 ιβ’-ἔτει
3257 2811 3536 2884 Ἀδριανοῦ
3571 2809 3707 2865 Ἀκύυ

2132 2903 2230 2967 λας
2261 2902 2618 2974 ἐγνωρίζετο·
2656 2904 2798 2958 ὥστε
2836 2899 2976 2958 εἶναι
3025 2905 3136 2960 άπδ
3183 2905 3377 2976 χρόνου
3415 2906 3515 2975 τῆς
3546 2906 3702 2976 ἐρμηα

2131 2997 2281 3060 νείας
2313 2995 2427 3049 τῶν
2477 2995 2552 3066 οβ’
2586 2996 2692 3060 ἓως
2730 2995 2930 3050 Ἀκύλα
2979 2996 3074 3050 τοῦ
3125 2997 3488 3069 ἐρμηνευτοῦ,
3533 2998 3620 3050 καὶ
3647 2995 3707 3064 ιβ’

2129 3083 2285 3148 ἔτους
2327 3083 2630 3155 Ἀδριανοῦ,
2671 3083 2764 3156 ἐτη
2802 3085 2899 3149 υλν,
2950 3086 3127 3157 μῆνας
3153 3087 3194 3138 δ’
3224 3088 3360 3158 παρ’
3407 3085 3614 3158 ἡμέρας
3648 3083 3704 3137 θ’.

437 3189 525 3236 est
552 3196 731 3252 usque
761 3181 830 3237 ad
865 3183 1122 3253 Aquilam
1149 3182 1524 3252 interpretem,
1553 3196 1617 3237 ac
1641 3181 2026 3238 duodecimum

2138 3171 2305 3242 Οὗτος
2343 3178 2372 3230 6
2401 3177 2684 3248 Ἀδριανὸς
2713 3177 2954 3232 ἀνελθὼν
2981 3180 3064 3241 είς
3098 3179 3454 3250 Ἱεροσόλυμα
3478 3179 3570 3231 καὶ
3604 3177 3708 3245 βους

437 3270 667 3327 Adriani
693 3289 920 3340 annum,
950 3274 1080 3329 anni
1100 3273 1212 3328 sint
1229 3289 1495 3340 ccccxu,
1525 3289 1743 3329 menses
1765 3282 2024 3344 quatuor,

439 3363 682 3435 demptis
709 3382 906 3422 novem
927 3365 1142 3422 diebus.
1172 3366 1453 3420 Adrianus
1469 3381 1602 3421 vero
1629 3364 2027 3436 Jerosolymam

443 3452 746 3522 profectus,
787 3466 914 3509 cum
973 3455 1164 3510 urbem
1215 3463 1531 3510 restaurare
1579 3465 1824 3525 cuperet,
1862 3471 2030 3524 supra

443 3553 748 3599 memorato
787 3543 984 3615 Aquila
1017 3544 1207 3614 gentili
1262 3546 1488 3616 gentilis
1513 3553 1568 3602 et
1601 3547 1718 3615 ipse
1757 3561 1892 3601 usus
1925 3555 2029 3601 est.

445 3626 576 3682 Erat
622 3637 804 3684 autem
857 3631 1059 3700 Aquila
1110 3646 1274 3687 socer
1315 3634 1669 3703 imperatoris
1727 3633 1929 3705 Sinope
1976 3638 2032 3691 in

441 3715 620 3776 Ponto
673 3722 968 3788 oriundus,
1027 3738 1192 3793 quem
1240 3721 1712 3795 Jerosolymorum
1771 3728 2033 3797 operibus

442 3812 713 3883 prafecit,
740 3827 806 3870 ac
832 3829 1035 3870 nomen
1063 3816 1349 3885 proprium
1382 3816 1908 3888 imperatoriamque
1939 3835 2035 3891 ap-

442 3905 796 3968 pellationem
842 3905 968 3962 urbi
1005 3906 1228 3973 indidit,
1272 3907 1589 3980 ﬁliamque
1635 3911 1872 3978 vocavit,
1903 3913 2032 3982 quia

441 3999 562 4068 ipse
585 3997 766 4055 Elius
796 3998 1078 4055 Adrianus
1109 4001 1514 4070 appellabatur.

513 4093 716 4163 Aquila
759 4093 930 4164 igitur
975 4092 1340 4165 Jerosolymis
1385 4095 1610 4166 degens,
1653 4097 2030 4167 apostolorum

442 4184 751 4258 discipulos
781 4186 1023 4250 videbat,
1053 4187 1158 4243 fide
1184 4187 1470 4255 florentes,
1503 4189 1660 4259 signa
1701 4205 1895 4260 magna
1934 4206 2030 4244 cu-

439 4277 718 4333 rationum
768 4285 824 4334 et
873 4279 1252 4349 prodigiorum
1305 4288 1598 4350 operantes
1653 4281 1822 4352 (Pella
1879 4284 2025 4337 enim

439 4368 652 4424 reversi
701 4377 860 4438 erant
902 4369 1327 4442 Jerosolymam,
1379 4372 1565 4442 ibique
1607 4373 1899 4444 degebant.
1937 4374 2028 4427 Si-

439 4459 662 4529 quidem
693 4476 819 4514 cum
869 4463 1027 4517 urbis
1075 4477 1106 4516 a
1147 4462 1415 4519 Romanis
1461 4465 1694 4520 instaret
1729 4466 2028 4530 excidium,

2135 3267 2362 3339 λόμενος
2387 3268 2558 3339 αὐτὴν
2584 3267 2767 3322 κτίσαι
2777 3307 2790 3332 ,
2819 3266 3002 3322 λαϐὼν
3025 3267 3116 3321 τὸν
3141 3270 3541 3340 προειρημένον
3566 3265 3710 3320 Ἀκύ-

2132 3361 2232 3414 λαν
2278 3359 2407 3414 ὄντα
2439 3360 2703 3432 Ἕλληνα,
2736 3360 2812 3424 ώς
2841 3360 2934 3414 καὶ
2985 3361 3148 3423 αὐτὸς
3209 3361 3493 3432 Ἀδριανὸς
3528 3360 3710 3428 Ἕλλην

2136 3451 2399 3522 ὑπῆρξεν.
2432 3447 2540 3505 Ἦν
2564 3451 2620 3505 δὲ
2671 3451 2833 3515 αὐτὸς
2865 3454 2893 3505 6
2920 3451 3152 3512 Ἀκύλας
3184 3452 3277 3506 τοῦ
3319 3453 3420 3521 μὲν
3467 3450 3708 3524 βασιλέως

2135 3542 2473 3612 πενθερίδης,
2513 3542 2622 3596 ἀπὸ
2651 3540 2904 3614 Σινώπης
2932 3543 2987 3596 δὲ
3023 3542 3114 3596 τοῦ
3145 3543 3351 3596 Πόντου
3379 3543 3706 3615 ὁρμώμενος,

2136 3635 2455 3706 καθίστησιν
2485 3635 2647 3690 αὑτὸν
2669 3637 2848 3689 ἐκεῖσε
2883 3637 2940 3688 ἐν
2981 3635 3379 3707 ἰεροσςλύμοις
3412 3633 3706 3689 ἐπιστατεῖν

2134 3729 2247 3790 τοῖς
2277 3726 2478 3799 ἔργοις,
2509 3725 2865 3788 ἐπιτεθεικὼς
2892 3729 2958 3797 τῇ
2990 3727 3141 3780 πόλει
3165 3726 3226 3780 τὸ
3250 3727 3382 3780 ἴδιον
3402 3727 3598 3797 ,6νομα,
3627 3721 3710 3776 καὶ

2134 3818 2228 3872 τοῦ
2278 3817 2560 3889 βασιλικοῦ
2613 3817 2876 3889 ὀνόματος
2926 3819 3012 3871 τὸν
3052 3818 3467 3889 χρηματισμόν·
3495 3818 3568 3879 ὡς
3613 3813 3710 3882 γὰρ

2137 3908 2507 3982 ἐχρημάτιζεν
2557 3909 2742 3974 Αἴλιος
2789 3909 3102 3982 Ἀδριανὸς,
3152 3909 3326 3973 οὕτως
3374 3909 3710 3978 ἐπωνόμασεν

2137 4003 2326 4057 Αἰλίαν
2353 4003 2454 4071 τὴν
2481 4002 2656 4056 πόλιν.

2215 4096 2276 4150 'O
2325 4095 2504 4149 τοίνυν
2546 4096 2778 4159 Ἀκύλας
2817 4095 3018 4163 διάγων
3063 4095 3121 4147 ἐν
3163 4093 3581 4166 Ἱεροσολύμοις,
3624 4087 3712 4142 καὶ

2135 4183 2277 4255 ὁρῶν
2323 4185 2451 4248 τοὺς
2486 4183 2736 4256 μαθητὰς
2783 4183 2893 4235 τῶν
2937 4182 3272 4247 ἀποστόλων,
3317 4181 3611 4242 άνθοῦντας
3648 4179 3708 4248 τῇ

2135 4276 2338 4338 πίστει,
2369 4276 2464 4328 καὶ
2494 4278 2696 4345 σημεῖα
2727 4274 2936 4346 μεγάλα
2970 4274 3370 4345 ἐργαζομένους
3413 4274 3609 4327 ίάσεων
3625 4271 3710 4324 καὶ

2136 4366 2431 4437 θαυμάτων
2454 4361 2615 4436 (ἦσαν
2644 4366 2756 4436 γὰρ
2786 4365 3226 4436 ὑποστρέψαντες
3253 4364 3363 4418 ἀπὸ
3394 4365 3600 4434 Πέλλης
3622 4361 3710 4429 τῆς

2137 4457 2347 4521 πόλεως
2374 4458 2454 4521 εἰς
2492 4457 2665 4528 αὐτὴν
2688 4457 2788 4528 τὴν
2827 4456 3204 4528 Ἰερουσαλὴμ,
3238 4454 3333 4508 καὶ
3368 4457 3428 4509 ἐν
3453 4456 3587 4524 αὐτῇ
3609 4453 3714 4505 δ.α-

441 4550 636 4603 moniti
671 4550 741 4604 ab
771 4551 966 4620 angelo
1003 4566 1197 4607 omnes
1237 4552 1519 4623 discipuli,
1561 4562 1622 4607 ut
1655 4555 1724 4608 ab
1771 4556 1907 4609 urbe
1938 4570 2028 4610 se-

2138 4552 2432 4623 τρίϐοντες.
2475 4550 2672 4604 Ἦνίκα
2715 4547 2824 4620 γὰρ
2869 4547 3102 4619 ἤμελλεν
3135 4550 3169 4617 ἡ
3212 4547 3366 4609 πόλις
3408 4541 3691 4600 ἁλίσκεσθα

444 4637 728 4704 cederent,
769 4637 1005 4708 digressi
1043 4639 1120 4693 illi
1156 4639 1364 4696 Pellam
1399 4656 1462 4696 se
1492 4652 1841 4713 receperunt.
1881 4643 2029 4714 quod

439 4727 701 4799 oppidum
751 4736 908 4784 trans
952 4729 1248 4785 Jordanem
1302 4731 1470 4786 situm
1501 4732 1834 4803 est).ltaque
1881 4749 2034 4789 com-

440 4829 682 4892 punctus
711 4819 882 4876 corde
908 4821 1129 4892 Aquila,
1160 4821 1648 4878 Christianismum
1696 4825 1980 4895 amplexus
2014 4844 2028 4880 :

438 4913 740 4984 elapsoque
779 4924 1027 4986 tempore
1066 4914 1556 4988 Christisigillum
1587 4917 1744 4988 petiit
1767 4926 1823 4974 et
1862 4919 2034 4989 impe-

440 5005 606 5058 travit
639 5023 653 5058 :
689 5021 866 5076 neque
907 5017 1089 5063 tamen
1120 5022 1305 5064 mores
1335 5008 1602 5078 pristinos
1641 5009 1866 5079 quibus,
1900 5010 2030 5064 dum

439 5095 663 5164 gentilis
685 5107 854 5160 esset,
887 5096 1118 5153 affectus
1145 5108 1289 5161 erat,
1318 5098 1570 5153 mutavit.
1590 5097 1882 5154 Enimvero
1905 5113 2031 5154 cum

442 5187 497 5238 iu
527 5200 666 5238 vana
700 5188 1056 5242 astronomia:
1084 5196 1203 5242 arte
1244 5189 1537 5244 institutus
1568 5198 1736 5249 esset.
1773 5205 1843 5244 ne
1875 5189 2034 5242 Chri-

443 5277 660 5331 stiauus
700 5275 925 5345 quidem
962 5275 1213 5345 eﬂ‘ectus,
1251 5294 1282 5334 a
1326 5280 1421 5334 tali
1464 5295 1656 5335 errore
1695 5279 2029 5341 abstinebat,

443 5367 538 5421 sed
579 5367 831 5437 quotidie
875 5369 1098 5438 genesis
1144 5385 1260 5425 sua:
1305 5372 1635 5441 positionem
1680 5370 2030 5427 observabat.

445 5457 865 5530 Increpantibus
906 5476 1039 5516 vero
1077 5463 1360 5532 magistris
1388 5473 1443 5520 et
1473 5464 1695 5520 assidue
1733 5464 2036 5534 objurgan-

442 5549 618 5611 libus,
651 5565 774 5605 eum
806 5552 898 5607 ille
937 5553 1301 5622 pervicaciter
1339 5569 1676 5626 repugnans,
1722 5571 1787 5612 ac
1827 5555 1895 5610 de
1924 5555 2035 5608 fato

441 5635 773 5708 edisserens,
817 5659 926 5699 non
963 5644 1407 5713 obtemperaret:
1440 5648 1508 5700 ah
1540 5649 1626 5709 iis,
1662 5655 1848 5716 utpote
1886 5647 2036 5700 salu-

448 5731 557 5809 tem
601 5741 880 5799 nunquam
923 5742 1353 5801 consecuturus,
1399 5738 1467 5792 ab
1503 5738 1750 5794 Ecclesia
1788 5739 2028 5809 pellitur.

454 5805 552 5866 Ille
589 5821 744 5882 quasi
789 5825 1090 5891 Ignominia
1123 5825 1370 5896 affectus,
1409 5818 1664 5902 vanaque
1699 5831 1891 5901 pulsus
1924 5829 2033 5883 ira-

2133 4645 2238 4700 ὑπὸ
2255 4645 2364 4698 τῶν
2405 4641 2691 4712 Ῥωμαίων
2714 4640 2808 4694 καὶ
2830 4637 3192 4710 ἐρημοῦσθαι,
3219 4654 3462 4710 προεχρη
3473 4633 3713 4709 ματὶσθηο

2135 4755 2234 4791 σαν
2274 4735 2380 4789 ὑπὸ
2417 4733 2652 4803 ἀγγέλου
2692 4733 2894 4794 πάντες
2925 4733 2972 4784 οἱ
3010 4729 3251 4801 μαθηταὶ
3291 4728 3619 4800 μεταστῆναι
3655 4724 3710 4774 ἐκ

2133 4829 2236 4900 τῆς
2275 4827 2503 4890 πόλεως,
2546 4825 2745 4888 οἵτινες
2789 4825 3122 4895 μετανάσται
3165 4821 3468 4892 γενόμενοι,
3503 4818 3711 4889 ᾤκησαν

2134 4921 2191 4974 ἐν
2221 4920 2401 4990 Πέλλα
2425 4921 2490 4990 τῇ
2524 4917 2677 4971 πόλει
2706 4916 2880 4987 πέραν
2906 4915 3001 4968 τοῦ
3033 4913 3345 4986 Ἰορδάνου),
3376 4917 3406 4967 ὁ
3432 4907 3525 4967 οὖν
3563 4905 3710 4962 Ἀκύ-

2133 5011 2233 5076 λας
2277 5012 2606 5078 κατανυγεὶς
2641 5009 2740 5080 τὴν
2776 5007 3018 5062 διάνοιαν
3042 5006 3120 5078 τῷ
3161 5002 3576 5078 Χριστιανισμῷ
3601 4997 3711 5053 ἐπίο

2139 5117 2366 5155 στευσεο
2395 5103 2491 5154 καὶ
2548 5101 2688 5171 μετὰ
2742 5099 2934 5171 χρόνον
2979 5099 3211 5169 αἰτήσας
3248 5095 3349 5166 τὴν
3404 5097 3464 5149 ἐν
3504 5087 3710 5163 Χριστῷ

2137 5193 2427 5262 σφραγῖδα,
2443 5192 2763 5261 ἐκομίσατοο
2779 5190 2886 5244 ἀπὸ
2906 5189 2964 5242 δὲ
2987 5189 3087 5259 τῆς
3103 5187 3330 5258 πρώτης
3352 5184 3515 5241 αὑτοῦ
3536 5183 3708 5248 ἕξεως,

2135 5284 2226 5336 ὅτε
2258 5283 2328 5337 τὰ
2364 5283 2634 5354 Ἐλλήνων
2659 5283 2896 5354 ἐφρόνει,
2919 5283 2982 5335 οὐ
3015 5280 3304 5352 μετέπεσε.
3334 5279 3447 5349 Τὴν
3484 5277 3590 5346 γὰρ
3622 5287 3710 5343 μα-

2136 5374 2294 5427 ταίαν
2326 5374 2690 5445 ἀστρονομίαν
2727 5373 2972 5446 ἀκριϐῶς
3004 5371 3349 5425 ἐπαιδεύετο·
3383 5370 3443 5431 ὃς
3471 5368 3563 5422 καὶ
3588 5365 3709 5433 Χρι-

2140 5463 2355 5525 στιανὸς
2402 5463 2694 5533 γενόμενος
2745 5460 2854 5514 ἀπὸ
2907 5459 3010 5530 τῆς
3064 5457 3318 5527 τοιαύτης
3617 5447 3708 5547 οὐκ

2139 5554 2424 5624 ἀπείχετοο
2455 5553 2592 5606 ἀλλὰ
2633 5551 2755 5606 καθ’
2781 5551 3021 5619 ἑκάστην
3055 5550 3293 5620 ἡμέραν,
3324 5547 3399 5610 ὡς
3427 5544 3587 5614 δῆθεν
3615 5544 3702 5593 τοῦ

2140 5645 2305 5698 αὐτοῦ
2353 5645 2678 5712 γενεσειδίου
2726 5644 2786 5696 τὸ
2839 5642 2982 5712 θέμα
3018 5640 3441 5694 κατεσκέπτετο.
3489 5632 3622 5727 Ἀπό
3649 5627 3703 5727 δέ

2138 5738 2245 5788 τῶν
2271 5735 2607 5788 διδασκάλων
2636 5735 2919 5804 ἠλέγχετο,
2949 5733 3144 5794 οἵτινες
3180 5728 3535 5800 ἐπιτιμῶντες
3565 5719 3701 5785 αὐιῳ

2139 5829 2256 5885 καθ’
2277 5827 2675 5903 ἑκάστην-οὐδὲν
2692 5827 2862 5884 ῶνουν
2877 5843 2888 5856 ·
2917 5826 3030 5882 ἀλλ’
3048 5825 3298 5893 ἀντέλεγε
3312 5821 3440 5893 περὶ
3455 5806 3705 5887 εἱμαρμέτ

3651 6061 3682 6082 ρ
