3988 6418
239 433 344 499 ’ἄη

1333 429 1338 434 ’
1410 442 1498 498 ΠΕ
1539 441 1681 499 Lxx
1726 411 2050 501 meum.
2097 444 2322 500 Lmen.

3456 448 3572 507 378

251 572 345 624 νης
367 555 753 628 διηγούμενος
773 575 784 588 ·
818 561 865 612 οἱ
886 558 964 622 δὲ,
995 558 1068 629 μὴ
1097 558 1393 631 δυναμένου
1417 563 1578 616 αὐτοῦ
1607 565 1863 636 σωθῆναι,

1974 564 2206 629 cundia,
2253 563 2740 626 Christianismum
2785 563 3005 634 ejurat,
3059 573 3390 634 acceptaque
3438 564 3552 619 cir-

259 646 499 709 ἐξέωσαν
533 649 712 703 αὑτὸν
747 651 848 720 τῆς
893 651 1236 722 Ἐκκλησίας.
1285 653 1342 706 '0
1389 655 1444 707 δὲ
1477 655 1548 718 ὡς
1579 657 1862 727 ἠτιμωμέ-

265 757 349 801 νος
376 740 457 803 είς
491 738 665 810 ζῆλον
703 742 931 811 μάταιον
956 743 1170 814 αἴρεται
1200 744 1292 796 καὶ
1320 745 1410 799 τὸν
1440 747 1864 816 Χριστιανισμὸν

269 829 703 900 ἀνᾳθεματίσας,
737 833 1120 904 περιτέμνεται
1161 835 1430 900 Ἰουδαῖος,
1467 838 1562 891 καὶ
1591 839 1865 902 ἐπιπόνως

273 921 798 992 φιλοτιμησάμενος,
847 923 1106 988 ἐξέδωκεν
1155 926 1347 978 ἑαυτὸν
1397 927 1590 997 μαθεῖν
1625 928 1724 998 τὴν
1755 929 1865 982 τῶν

285 1009 553 1078 Ἐϐραίων
583 1010 889 1078 διάλεκτον,
938 1013 1034 1065 καὶ¹
1075 1013 1144 1066 τὰ
1176 1014 1314 1067 αὐτὰ
1365 1019 1624 1086 στοιχεῖα,
1659 1017 1863 1086 ταύτην

272 1099 327 1152 δὲ
355 1100 734 1170 ἀκριϐέστατα
773 1103 1100 1169 παιδευθεὶς,
1139 1105 1437 1176 ἑρμηνείαν
1467 1107 1643 1177 ἑαυτῷ
1683 1109 1864 1180 ἡρμή-

287 1207 494 1243 δευσεν·
522 1193 627 1246 οὐκ
673 1194 818 1265 ὀρθῷ
858 1195 1102 1266 λογισμῷ
1139 1199 1508 1269 χρησάμενος,
1554 1200 1671 1253 ἀλλ’
1714 1202 1863 1263 ὅπως

276 1283 578 1356 διαστρέφῃ
631 1286 754 1340 τινὰ
801 1287 910 1340 τῶν
950 1288 1128 1358 ῥητῶν
1167 1291 1225 1341 ἐν
1263 1291 1460 1360 σκήψει
1499 1291 1600 1359 τῆς
1639 1291 1748 1344 τῶν
1784 1292 1862 1362 οβ’

277 1373 652 1443 ἑρμηνευτῶν,
670 1376 755 1429 ἵνα
777 1375 901 1449 δόξῃ
927 1380 994 1431 τὰ
1011 1380 1386 1451 περὶΧριστοῦ
1401 1385 1518 1444 ταῖς
1541 1381 1710 1446 Θείαις
1733 1384 1864 1456 Γρα-

276 1465 407 1530 φαῖς
457 1467 928 1536 μεμαρτυρημένα
977 1467 1152 1532 ἄλλως
1199 1470 1466 1535 ἐκδοῦναι,
1497 1471 1563 1524 δι’
1596 1473 1662 1545 ἢν
1719 1469 1865 1543 εἶχεν

275 1553 413 1606 αἰδῶ
443 1557 523 1617 είς
547 1555 740 1622 ἄλογον
768 1557 934 1610 αὑτοῦ
965 1558 1282 1626 ἀπολογίαν.

349 1646 464 1698 Καὶ
493 1646 702 1714 γίνεται
736 1646 874 1719 αὕτη
905 1651 937 1719 ἡ
973 1651 1236 1720 ἑρμηνεία
1269 1651 1360 1704 τοῦ
1405 1653 1603 1706 Ἀκύλα
1636 1653 1866 1724 δευτέρα

279 1736 422 1806 μετὰ
450 1737 705 1791 τοσοῦτον
729 1739 939 1809 χρόνον,
966 1741 1133 1811 ἤγουν
1159 1743 1233 1796 υλ¹
1259 1743 1374 1813 ἔτη.
1409 1746 1568 1798 Μετὰ
1603 1745 1661 1797 δὲ
1689 1745 1864 1798 ταῦτα

274 1832 339 1883 ὲν
369 1833 487 1891 τοῖς
513 1832 727 1903 χρόνοις
762 1834 1007 1904 Κομόδου
1047 1835 1290 1907 Σευήρου
1316 1837 1612 1908 Σύμμαχός
1646 1856 1728 1902 τις
1763 1839 1865 1891 Σα-

1966 655 2326 719 cumcisione,
2371 653 2596 710 Judaeus
2637 655 2888 712 ellicitur.
2931 655 3070 710 Tum
3110 657 3201 711 ille
3239 657 3544 712 vehementi

1966 747 2150 800 studio
2176 746 2445 814 percitus,
2474 735 2754 801 llebrafica:
2785 747 2982 817 linguae
3004 747 3233 816 ejusque
3263 747 3549 802 elementis

1966 837 2315 893 addiscendis
2345 847 2516 892 totum
2548 855 2608 894 se
2636 839 2863 902 dedidit,
2899 839 3057 908 cujus
3082 838 3376 908 perfectam
3418 839 3550 892 ade—

1966 933 2092 995 plus
2123 928 2396 992 notitiam,
2426 928 2936 998 interpretationem
2965 945 3032 984 ex
3060 928 3255 984 aﬂ‘ectu
3289 943 3390 983 suo
3412 943 3547 982 con-

1966 1018 2229 1082 cinnavit,
2277 1034 2383 1073 non
2432 1028 2584 1074 recto
2619 1021 2804 1074 animo
2844 1036 3010 1086 usus;
3048 1021 3142 1075 sed
3195 1026 3254 1072 ut
3295 1017 3545 1088 qua‘dam

1967 1107 2266 1179 Scriptura:
2317 1111 2466 1166 dicta
2511 1119 2710 1182 praeter
2754 1128 2856 1166 Lxx
2896 1111 3258 1182 lnterpretum
3305 1118 3546 1164 mentem

1965 1200 2032 1254 ad
2079 1202 2246 1255 alium
2296 1217 2522 1258 sensum
2565 1204 2948 1274 detorqueret;
3001 1213 3060 1257 ut
3113 1203 3426 1259 testimonia
3479 1201 3548 1256 de

1964 1289 2188 1346 Christo
2225 1291 2278 1346 in
2327 1293 2530 1348 divinis
2564 1293 2866 1364 Scripturis
2897 1308 3161 1364 expressa
3203 1293 3312 1346 alio
3374 1292 3544 1347 delle-

1965 1391 2159 1450 cteret,
2199 1395 2253 1438 et
2297 1385 2399 1440 sibi
2440 1386 2861 1457 ignominiaeque
2885 1400 2998 1440 sua:
3025 1385 3323 1439 absurdam
3355 1384 3546 1454 apolo-

1964 1473 2106 1543 giam
2139 1489 2267 1543 para
2277 1481 2378 1529 ret.

2034 1649 2161 1704 Haec
2184 1664 2352 1720 porro
2374 1650 2587 1719 Aquilae
2604 1649 3003 1720 interpretatio,
3026 1607 3150 1720 qua‘z
3171 1658 3256 1706 est
3279 1650 3545 1713 secunda,

1963 1747 2089 1808 post
2155 1747 2516 1795 memoratum
2596 1746 2852 1810 tempus,
2912 1742 3344 1812 quadringentos
3391 1739 3544 1794 vide-

1964 1831 2096 1886 licet
2125 1841 2181 1886 et
2210 1832 2434 1902 triginta
2466 1846 2664 1898 annos,
2706 1833 2854 1888 edita
2884 1841 2990 1888 est.
3024 1833 3221 1887 Postea
3247 1848 3378 1886 vero
3406 1841 3546 1886 tem-

277 1921 548 1992 μαρείτης
577 1924 687 1984 τοῖς
709 1924 840 2000 παρ’
867 1923 1048 1978 αὐτῶν
1085 1929 1270 1995 σοφοῖς
1310 1907 1456 1997 (sic),
1614 1929 1863 1999 τιμηθεὶς

1968 1922 2192 1991 poribus
2225 1922 2512 1978 Commodi
2547 1923 2759 1990 Severi,
2795 1922 3162 1994 Symmachus
3187 1923 3407 1992 quidam
3441 1922 3548 1976 Sa-

415 1984 538 2065 mii
563 1984 944 2080 ίδίουίέθνους,
974 1984 1209 2088 νοσήσας
1247 1984 1571 2090 ιριλαρχίαν,.
1594 1984 1686 2074 καί
1723 1984 1863 2089 ἀγα-ἰ

274 2105 558 2174 νακτήσας
601 2103 745 2158 κατὰ
779 2106 881 2176 τῆς
919 2107 1055 2171 ἰδίας
1095 2108 1290 2179 φυλῆς,
1335 2111 1697 2183 προσέρχεται
1735 2114 1865 2166 Ἰου-

271 2194 450 2258 δαίοις
479 2195 573 2248 καὶ
605 2197 1018 2268 προσηλυτεύει,
1055 2201 1150 2254 καὶ
1185 2202 1574 2272 περιτέμνεται
1607 2204 1866 2274 δευτέραν

274 2286 603 2355 περιτομήν.
651 2287 809 2339 Ὅσοι
858 2287 967 2358 γὰρ
1011 2289 1121 2342 ἀπὸ
1172 2289 1442 2344 Ἰουδαίων
1497 2291 1865 2364 Σαμαρείταις

272 2375 715 2446 προσφεύγουσιν
754 2379 1333 2452 ἀντιπεριτέμνονταιθ
1385 2383 1647 2447 ὡσαύτως
1689 2385 1784 2437 καὶ
1815 2387 1862 2438 οἱ

270 2467 384 2519 ἀπὸ
431 2467 792 2537 Σαμαρειτῶν
841 2471 978 2540 πρὸς
1027 2471 1316 2536 Ἰουδαίους
1362 2474 1664 2544 ἐρχόμενοι.
1705 2475 1864 2528 Ἀλλὰ

271 2559 370 2611 καὶ
391 2558 500 2611 ἀπὸ
517 2559 620 2630 τῆς
639 2563 941 2632 περιτομῆς
966 2561 1291 2634 ἀκρόόυστοι
1312 2565 1553 2633 ἐγίνοντό
1572 2584 1675 2619 τινι
1697 2566 1863 2639 τέχνῃ

161 2685 176 2699 .
275 2652 499 2721 ἰατρικῇ
523 2651 611 2704 διὰ
643 2653 823 2722 ραφῆς
845 2651 942 2706 καὶ
971 2655 1299 2725 φαρμάκων,
1319 2655 1499 2720 καθὼς
1527 2657 1620 2710 καὶ
1643 2661 1670 2710 ό
1704 2657 1864 2710 Ἀπό-

274 2742 464 2806 στολος
501 2744 669 2813 λέγει·
702 2746 1207 2816 Περιτετμημένος
1233 2765 1323 2814 τις
1346 2747 1595 2817 ἐκλήθη,
1617 2747 1703 2818 μὴ
1734 2749 1862 2802 ἐπι-

273 2833 567 2888 σπάσθω·
599 2837 672 2889 ἐν
713 2838 1084 2907 ἀκροϐυστίᾳ
1119 2857 1210 2905 τις
1253 2841 1531 2910 ὑπάρχει,
1565 2841 1653 2911 μὴ
1700 2856 1866 2912 περι-

273 2926 599 2993 τεμνέσθω.
621 2927 758 2979 Φασὶ
777 2926 834 2980 δὲ
853 2928 951 2998 τὴν
971 2927 1230 3000 τοιαύτην
1255 2930 1625 3002 κακοδαίμονα
1655 2929 1862 3004 πλάνην

274 3017 489 3086 πρῶτον
528 3017 620 3072 τὸν
663 3018 835 3072 ἸΙσαῦ
876 3019 1194 3091 εὑρηκέναι.
1229 3014 1399 3085 Οὗτος
1437 3023 1615 3076 τοίνυν
1645 3025 1674 3076 ό
1713 3024 1860 3094 Σύμ·

281 3122 449 3176 μαχος
491 3109 630 3179 πρὸς
672 3108 1004 3181 διαστροφὴν
1036 3111 1144 3167 τῶν
1177 3113 1330 3183 παρὰ
1364 3114 1736 3186 Σαμαρείταις
1773 3116 1862 3186 ἐρ-

278 3199 562 3294 μηνευτῶν
593 3201 959 3273 ἑρμηνεύσας,
1018 3203 1118 3277 τὴν
1142 3206 1335 3278 τρίτην
1369 3205 1630 3272 ἐξέδωκεν
1662 3208 1854 3279 ἑρμη-
1885 3237 1927 3294 C

274 3305 329 3341 νε
338 3288 446 3346 ίαν.

343 3467 500 3522 Μετὰ
517 3468 706 3524 τοῦτον
729 3469 872 3525 κατά
897 3471 1062 3538 πόδας
1085 3473 1177 3528 ἐπὶ
1206 3473 1452 3547 Κομόδου
1479 3474 1740 3546 βασιλέως
1762 3475 1858 3530 τοῦ

273 3557 527 3630 δευτέρου
574 3561 865 3616 Θεοδοτίων
891 3580 976 3626 τις
1023 3565 1282 3628 Ποντικὸς
1326 3565 1433 3619 ἀπὸ
1459 3566 1559 3638 τῆς
1607 3566 1858 3638 διαδοχῆς

273 3651 603 3722 Μαρκίωνος
642 3651 734 3705 τοῦ
770 3653 1146 3726 αίρεσιάρχου,
1179 3653 1272 3709 τοῦ
1302 3657 1410 3710 ἀπὸ
1437 3657 1608 3728 αὐτῆς
1652 3660 1750 3730 τῆς
1771 3661 1860 3712 Σι-

273 3736 465 3810 νώπης
500 3738 839 3812 ὁρμώμενος,
865 3742 961 3794 καὶ
993 3743 1155 3806 αὐτὸς
1183 3744 1391 3816 μηνιῶν
1416 3748 1482 3816 τῇ
1515 3747 1678 3799 αὑτοῦ
1708 3748 1860 3819 αἱρέ-

275 3849 379 3895 σει,
413 3835 496 3896 εἰς
538 3833 868 3904 ’ἰουδαῖσμδν
891 3834 1077 3896 κλίνας
1103 3836 1196 3888 καὶ
1229 3838 1607 3908 περιτμηοεὶς,
1637 3839 1730 3892 καὶ
1760 3839 1858 3911 τὴν

274 3921 382 3974 τῶν
418 3922 682 3992 Ἐϐραίων
713 3923 896 3994 φωνὴν
921 3923 1016 3976 καὶ
1052 3924 1120 3976 τὰ
1143 3923 1337 3978 αύτῶν⁴
1351 3930 1592 3998 στοιχεῖα
1632 3929 1856 3982 παιδευ-

275 4014 408 4077 οεὶς,
459 4013 638 4078 ίδικῶς
661 4016 754 4068 καὶ
779 4015 940 4079 αὐτὸς
983 4014 1232 4080 ἐξέδωκε.
1263 4016 1354 4070 Διὸ
1387 4020 1456 4072 τὰ
1489 4020 1719 4074 πλεῖστα
1748 4021 1857 4074 τῶν

273 4104 351 4173 οβ’
388 4105 721 4175 συνᾳδόντων
767 4106 1017 4172 ἐξέδωκε,
1057 4107 1247 4177 τριϐὰς
1279 4108 1388 4176 γὰρ
1423 4107 1585 4173 αὐτὸς
1613 4106 1730 4180 εἶχε
1759 4112 1857 4176 τὶς

275 4196 540 4258 πλεῖστας
569 4196 675 4250 ἀπὸ
705 4197 802 4266 τῆς
835 4197 1120 4266 συνηθείας
1141 4200 1249 4251 τῶν
1278 4199 1356 4269 οβ’
1379 4199 1747 4272 ἐρμηνευτῶν.

349 4287 487 4357 Περὶ
517 4287 575 4338 δὲ
603 4288 701 4357 τῆς
729 4295 768 4340 ε’
801 4289 895 4341 καὶ
927 4295 976 4352 ς’
1003 4289 1264 4351 ἐκδόσεως
1289 4290 1390 4343 οὐκ
1421 4290 1527 4360 ἔχω
1557 4291 1732 4343 εἰπεῖν
1760 4291 1857 4342 πό-

277 4377 391 4442 θεν,
427 4377 462 4448 ῆ
485 4378 629 4441 τίνες
649 4379 699 4431 οἱ
732 4380 1200 4450 ἑρμηνεύσαντες⁸
1228 4380 1259 4450 ἢ
1296 4381 1453 4450 μόνον
1487 4381 1570 4433 ὅτι
1602 4380 1741 4450 μετὰ
1767 4381 1859 4433 τὸν

275 4469 516 4540 διωγμὸν
551 4470 641 4524 τοῦ
675 4471 935 4541 βασιλέως
964 4473 1222 4543 Σευήρου,
1248 4472 1446 4543 εὑρέθη
1468 4474 1502 4544 ἡ
1532 4479 1570 4525 ε’
1597 4475 1656 4525 ὲν
1681 4472 1859 4534 πίΟοις

1965 2013 2305 2079 maritanus,
2357 2029 2388 2069 e
2435 2028 2666 2069 numero
2724 2013 3035 2083 sapientum
3083 2014 3232 2069 illius
3282 2013 3549 2076 nationis,

1964 2116 2090 2156 cum
2123 2103 2267 2172 apud
2306 2112 2525 2173 gentem
2565 2117 2721 2160 suam
2750 2103 2805 2156 in
2839 2102 3049 2158 honore
3079 2118 3188 2158 non
3217 2104 3547 2170 haberetur,

1964 2193 2287 2248 ambitionis
2317 2201 2372 2248 et
2421 2194 2665 2249 aﬂ‘ectati
2717 2194 2990 2263 primatus
3029 2194 3220 2249 morbo
3264 2195 3547 2260 laborans,

1965 2285 2382 2341 contribulibus
2405 2285 2721 2355 indignatus
2749 2285 2886 2351 suis,
2912 2285 2977 2340 ad
3001 2283 3217 2340 Iudaeos
3239 2287 3550 2358 proselytus

1965 2375 2203 2439 accedit,
2237 2391 2303 2430 ac
2339 2377 2586 2432 secundo
2620 2376 3060 2432 circumciditur.
3093 2375 3375 2446 Quotquot
3398 2378 3547 2432 enim

1964 2478 1994 2518 a
2033 2463 2240 2520 Judaeis
2282 2466 2349 2520 ad
2400 2465 2782 2522 Samaritanos
2820 2465 3184 2537 confugiunt,
3215 2466 3397 2521 denuo
3437 2468 3550 2521 cir-

1963 2557 2376 2623 cumciduntur,
2427 2558 2796 2629 similiterque
2835 2558 2928 2628 qui
2982 2573 3013 2612 a
3064 2556 3429 2613 Samaritanis
3478 2557 3549 2612 ad

1961 2648 2199 2705 Judutos.
2232 2649 2346 2706 lino
2377 2650 2541 2706 etiam
2573 2651 2893 2721 bujusmodi
2935 2650 3238 2721 transfugae
3273 2659 3400 2720 post
3433 2652 3548 2706 cir-

1964 2740 2361 2796 cumcisionem
2387 2781 2402 2807 ,
2433 2740 2668 2812 quadam
2713 2742 2925 2797 medica
2968 2750 3088 2797 arte
3127 2757 3224 2812 per
3262 2751 3537 2807 suturam,

1961 2839 2018 2885 et
2073 2831 2254 2902 aliqua
2284 2833 2524 2887 remedia
2553 2834 2860 2902 przeputiati
2902 2833 3302 2898 efficiebantur,
3347 2848 3546 2902 quem-

1962 2921 2254 2977 admodum
2304 2924 2381 2978 ait
2421 2925 2717 2993 Apostolus
2765 2947 2776 2980 :
2811 2924 3176 2980 Circumcisus
3210 2925 3405 2993 aliquis
3449 2941 3545 2979 vo-

1962 3024 2113 3069 catus
2143 3017 2260 3069 est?
2284 3033 2388 3070 non
2416 3017 2648 3070 adducat
2672 3019 2994 3086 prwputium
3026 3033 3045 3070 :
3077 3018 3131 3070 in
3156 3017 3416 3086 prwputio
3440 3015 3550 3070 ali-

1962 3106 2080 3174 quis
2114 3106 2232 3159 est?
2261 3120 2365 3157 non
2421 3105 2836 3159 circumcidatur
2871 3106 2911 3160 ί.
2957 3104 3195 3159 Narrant
3230 3111 3410 3159 autem
3445 3119 3548 3158 ne-

1963 3193 2190 3250 fandum
2250 3195 2572 3265 hujusmodi
2632 3211 2874 3251 errorem
2937 3196 3005 3251 ab
3061 3195 3206 3251 Esau
3266 3197 3550 3250 inventum

1963 3287 2156 3344 fuisse.
2206 3284 2378 3357 Igitur
2424 3286 2792 3356 Symmachus
2840 3295 2900 3341 ut
2949 3285 3422 3341 Samaritanorum
3455 3285 3550 3340 ln-

1961 3385 2238 3447 terpretes
2267 3388 2565 3446 everteret,
2605 3379 2826 3433 tertiam
2859 3378 3031 3434 edidit
3061 3378 3504 3433 translationem.

2032 3465 2164 3520 Post
2197 3466 2345 3522 hunc
2379 3467 2598 3522 modico
2625 3467 2813 3536 elapso
2838 3473 3087 3537 tempore
3115 3465 3218 3520 sub
3242 3463 3549 3520 Commodo

1960 3557 2211 3613 secundo
2244 3559 2600 3629 imperatore,
2637 3559 2942 3614 Theodotio
2988 3557 3210 3628 quidam
3258 3555 3546 3622 Ponticus,

1959 3663 2024 3702 ex
2059 3649 2417 3704 successione
2448 3649 2748 3706 Marcionis
2783 3649 3168 3704 ltaaresiarchze
3199 3647 3546 3718 Sinopensis,

1961 3752 2088 3792 cum
2123 3739 2318 3794 haeresi
2350 3754 2464 3794 sum
2498 3747 2872 3806 succenseret,
2909 3739 2977 3792 ad
3005 3737 3226 3794 Iudaeos
3264 3737 3463 3793 defecit
3491 3746 3546 3793 et

1961 3833 2327 3886 circumcisus
2375 3839 2460 3886 est
2507 3849 2520 3886 :
2567 3839 2731 3900 atque
2776 3829 3044 3884 llebraica
3110 3831 3294 3902 lingua
3337 3839 3392 3884 et
3433 3830 3547 3884 ele-

1961 3923 2159 3977 mentis
2186 3923 2486 3984 institutus,
2514 3923 2790 3991 prOpriam
2821 3930 2875 3975 ct
2895 3921 3014 3990 ipse
3043 3920 3336 3974 editionem
3359 3935 3546 3988 agres-

1961 4031 2054 4069 sus
2128 4024 2229 4069 est.
2289 4013 2457 4066 Multa
2497 4011 2854 4083 Septuaginta
2900 4011 3296 4082 lnterpretihus
3347 4027 3548 4066 conso-

1961 4107 2150 4160 nantia
2197 4104 2503 4174 expressit,
2549 4103 2820 4173 siquidem
2877 4117 2907 4157 a
2960 4103 3230 4174 frequenti
3297 4102 3542 4174 ipsorum

1960 4214 2062 4252 usu
2096 4197 2162 4252 iis
2193 4202 2447 4252 assuetus
2473 4202 2611 4250 erat.

2033 4289 2189 4356 Quod
2227 4297 2408 4341 autem
2462 4286 2530 4341 ad
2567 4285 2828 4350 Quintam
2879 4295 2933 4342 et
2979 4284 3199 4340 Sextam
3243 4284 3543 4339 editionem

1961 4379 2220 4450 pertinet,
2266 4377 2566 4443 undenam,
2595 4386 2650 4432 et
2693 4377 3029 4447 quibusnam
3071 4375 3390 4430 auctoribus
3440 4375 3546 4429 illa:

1962 4469 2268 4541 prodierint
2301 4468 2486 4524 dicere
2509 4483 2743 4538 nequeo.
2777 4468 2918 4522 Illud
2959 4468 3137 4523 solum
3185 4466 3294 4520 dici
3329 4473 3544 4534 potest;

276 4564 338 4616 ὲν
365 4562 574 4632 ’ῐεριχὼ
587 4563 940 4635 κεκρυμμένη
960 4566 1015 4617 ὲν
1039 4564 1250 4633 χρόνοις
1272 4565 1722 4630 Ἀντωνίνου,τοῦ
1747 4565 1863 4618 υίοῦ

1972 4569 2091 4632 post
2109 4561 2549 4631 persecutionem
2569 4560 2778 4623 Severi,
2810 4561 3111 4630 imperante
3135 4559 3415 4612 Antonino
3439 4557 3547 4612 Ca-

278 4655 518 4724 Σευήρου
533 4654 624 4708 τοῦ
650 4655 1030 4726 Καρακάλ).ου,
1051 4657 1190 4726 μετὰ
1212 4656 1388 4709 ἄλλων
1403 4656 1624 4726 βιϐλίων
1665 4656 1862 4729 Ἑϐρα-

275 4744 434 4797 ῖκῶν.
476 4745 601 4797 Ἐπὶ
623 4745 678 4797 δὲ
711 4745 1060 4815 Ἀλεξάνδρου
1088 4746 1290 4818 Μαμέα
1326 4747 1420 4800 τοῦ
1472 4747 1757 4818 βασιλέως,
1779 4749 1864 4801 εύ-

281 4835 418 4905 ρέοη
449 4837 480 4904 ἡ
509 4834 560 4899 ς’
585 4835 813 4898 ἕκδοσις,
845 4837 938 4888 καὶ
968 4836 1105 4907 αὕτη
1127 4839 1183 4890 ὲν
1214 4838 1390 4903 πίθοις
1413 4839 1768 4912 κεκρυμμένη
1804 4841 1862 4892 ὲν

279 4925 576 4980 Νικοπόλει
605 4928 737 4998 πρὸς
763 4929 1020 4998 ἀρκτίους
1048 4929 1192 5001 (sic).

362 5101 486 5156 Ἐπὶ
537 5101 594 5153 δὲ
630 5101 820 5154 Δεκίου
872 5100 1132 5171 βασιλέως
1177 5101 1458 5172 Ὠριγένης
1512 5101 1853 5172 ὲγνωρίζετο,

280 5193 426 5256 ὅστις
462 5193 762 5264 Ὠριγένης,
811 5192 886 5256 ὡς
922 5194 1014 5246 καὶ
1061 5193 1190 5264 περὶ⁵
1220 5194 1546 5266 ἀστερίσκου
1585 5193 1859 5264 ἐποίησεν,

279 5281 465 5346 καθὼς
510 5284 845 5354 προέφημεν,
881 5282 1054 5348 οὕτως
1102 5285 1195 5340 καὶ
1235 5285 1364 5356 περὶ
1392 5285 1487 5338 τοῦ
1528 5284 1717 5338 όΰελοῦ
1763 5285 1863 5358 τὴν

284 5375 581 5447 σημείωσιν
619 5375 863 5445 ἐποίησε.
906 5375 1016 5438 Τὰς
1049 5375 1157 5447 γὰρ
1204 5377 1264 5442 ἓξ
1305 5377 1600 5448 ἑρμηνείας
1642 5377 1735 5431 καὶ
1765 5376 1862 5448 τὴν

295 5467 586 5540 Ἕϐραῖκὴν
617 5469 801 5538 φωνὴν
837 5467 1141 5539 Ἑϐραϊκοῖς
1163 5470 1341 5538 λόγοις
1369 5470 1462 5523 καὶ
1498 5471 1736 5542 ῥήμασιν
1763 5471 1860 5522 as.

281 5557 393 5619 τοῖς
443 5556 501 5608 ὲν
531 5555 698 5609 σελίδι
744 5557 844 5626 μιᾷ
893 5557 1266 5622 συντεθεικὼς,
1307 5559 1474 5630 ἄλλην
1508 5559 1686 5612 σελίδα
1734 5560 1860 5612 ἀντ-

275 5645 513 5715 εξέθετο,
546 5647 640 5702 καὶ
681 5647 1012 5719 Ἑλληνικῶν
1041 5649 1140 5716 μὲν
1169 5652 1532 5724 γραμμάτων,
1553 5651 1858 5724 Ἑϐραϊκῶν

349 5805 363 5838 ³
404 5805 574 5862 lGor.
606 5820 700 5871 γη,
733 5805 815 5866 18.

1963 4651 2168 4705 racalla
2211 4649 2401 4705 Severi
2441 4650 2574 4715 tilio,
2607 4651 2666 4706 in
2710 4651 2895 4713 doliis,
2931 4665 3058 4705 cum
3102 4649 3230 4703 aliis
3261 4647 3548 4704 Hebraicis

1963 4742 2118 4798 libris
2143 4739 2518 4807 Hierichunte,
2537 4742 2630 4797 ubi
2656 4743 2879 4805 latebat,
2909 4751 3182 4812 repertum
3211 4740 3402 4796 fuisse.
3430 4734 3546 4793 Sub

1960 4831 2276 4887 Alexandro
2325 4843 2508 4888 autem
2544 4833 2782 4888 Mamaea?
2826 4833 2958 4896 tilio,
2997 4840 3213 4901 reperta
3261 4839 3344 4886 est
3378 4829 3545 4882 Nico-

1962 4923 2072 4994 poli
2103 4922 2171 4977 ad
2205 4923 2424 4980 Actium
2469 4921 2635 4979 Sexta
2666 4924 2855 4989 editio,
2887 4938 3010 4993 qua:
3035 4932 3091 4976 et
3123 4922 3240 4991 ipsa
3279 4922 3334 4975 in
3381 4919 3542 4973 doliis

1963 5014 2190 5091 latebat.

2034 5090 2356 5174 lmperante'
2377 5110 2560 5159 autem
2607 5101 2778 5158 Decio
2823 5101 3052 5157 ﬂorebat
3095 5100 3381 5168 Origenes.
3424 5103 3544 5170 qui,

1964 5203 2024 5250 ut
2053 5211 2223 5265 supra
2255 5196 2462 5250 dictum
2500 5203 2608 5255 est,
2646 5195 3108 5264 quemadmodum
3158 5194 3426 5248 asterisco
3460 5197 3546 5246 cst

1964 5305 2121 5353 usus,
2160 5289 2240 5344 sic
2272 5297 2326 5343 et
2368 5288 2508 5344 obeli
2542 5289 2758 5360 signum
2798 5287 3108 5357 usurpavit.
3141 5284 3247 5340 Sex
3274 5284 3419 5340 enim
3456 5281 3543 5336 in-

1966 5379 2410 5448 terpretationes,
2441 5389 2496 5432 et
2520 5378 2843 5433 Hebraieatn
2878 5377 3220 5448 Scripturam
3258 5371 3544 5430 Hebraicis

1967 5474 2152 5528 verbis
2181 5483 2235 5528 et
2263 5472 2602 5528 dictionibus
2635 5471 2693 5524 in
2733 5484 2840 5525 una
2872 5470 3129 5523 columna
3175 5466 3540 5527 coneinn’ans,

1966 5563 2195 5618 alteram
2225 5563 2355 5617 huic
2390 5578 2420 5617 e
2451 5563 2622 5616 latere
2655 5561 2995 5629 adiacentem
3025 5557 3337 5614 columnam
3370 5567 3548 5624 appo-

1966 5654 2099 5720 suit,
2142 5651 2348 5710 Grmcis
2393 5652 2615 5724 quidem
2660 5652 2885 5718 litteris,
2933 5650 3029 5706 sed
3065 5646 3352 5703 Hebraicis
3387 5648 3546 5700 voci-
