3988 6414
482 428 592 485 379

1910 438 1968 492 S.
2006 435 2070 491 ΕΙ

2176 436 2351 491 [ξΑΜι
3617 444 3711 498 Ξδθ

489 541 621 609 bus,
648 550 711 601 nt
742 546 836 617 qui
866 546 1134 607 Hebraica
1169 552 1437 608 elementa
1480 551 1822 621 ignorarent,
1853 550 2068 607 Grzeea-

2176 551 2224 603 Ξὲ
2259 551 2455 616 λέξεων
2490 548 2624 621 πρὸς
2658 548 2963 619 κατάληψιν
2984 546 3089 601 τιῖιν
3126 548 3199 619 μὴ
3229 546 3439 600 εἰδότων
3478 547 3708 621 Ἑϐραϊκὰ

481 652 605 690 rum
654 638 964 695 litterarum
1014 656 1140 711 epe,
1180 642 1579 697 Hebraicorum
1618 643 1911 697 verborum
1956 643 2063 696 vim

489 730 799 801 intelligere
840 745 1087 801 possent.
1120 732 1313 803 itaque
1342 734 1397 788 in
1431 733 1685 801 Hexaplis
1721 743 1776 788 et
1806 734 2065 802 Octaplit,

491 829 551 873 ut
601 822 692 876 ille
739 832 920 891 vocat,
967 823 1263 881 llebraicas
1310 825 1450 880 duas
1499 825 1808 887 columnas,
1860 839 2067 893 sexque

489 914 629 968 alias
668 914 1057 985 interpretum,
1091 932 1122 970 e
1161 919 1384 987 regione
1416 917 1777 981 concinnatus,
1808 931 2060 987 magnam

488 1004 703 1058 notitia:
739 1005 1033 1060 utilitatem
1074 1006 1340 1062 studiosis
1381 1007 1589 1060 attulit.
1625 1006 1806 1076 Atque
1852 1007 2063 1060 utinam

488 1094 543 1148 in
575 1096 796 1163 scriptis
821 1098 937 1151 suis
971 1112 1079 1150 non
1113 1097 1350 1167 turpiter
1383 1098 1715 1161 aberrasset,
1752 1111 1929 1165 neque
1960 1095 2068 1150 sibi

486 1200 551 1238 ac
601 1187 700 1240 toti
749 1196 1023 1241 terrarum
1056 1189 1176 1242 orbi
1226 1187 1489 1243 damnum
1529 1189 1903 1258 importasset,
1938 1204 2065 1243 cum

488 1294 657 1347 prava
693 1279 760 1333 de
805 1280 911 1335 fide
950 1281 1209 1349 dogmata
1244 1281 1433 1343 edidit,
1464 1295 1528 1334 ac
1568 1281 1735 1335 multa
1770 1280 2070 1350 Scriptum

485 1366 604 1420 loca
638 1383 923 1437 perperam
955 1370 1347 1439 interpretatus
1376 1372 1489 1425 est!

554 1457 691 1511 Cum
728 1466 909 1512 autem
943 1459 1202 1525 Quintam
1231 1467 1285 1515 et
1320 1458 1541 1515 Sextam
1572 1461 1871 1515 editionem
1906 1475 2066 1530 repe-

483 1550 670 1615 risset,
724 1566 826 1605 nec
873 1552 1043 1607 sciret
1084 1553 1311 1622 quinam
1367 1561 1557 1607 essent
1608 1554 1730 1623 ejus
1783 1562 2063 1616 auctores,

484 1639 747 1705 Quintam
796 1657 894 1711 per
922 1643 985 1709 ε’,
1021 1651 1077 1696 et
1112 1641 1332 1698 Sextam
1373 1657 1471 1713 per
1513 1650 1565 1709 ς’
1601 1644 1901 1701 denotavit.
1933 1645 2067 1711 Qui-

484 1731 611 1785 dam
649 1748 834 1802 porro,
866 1748 991 1787 cum
1025 1732 1347 1789 Hebraicam
1374 1734 1676 1789 editionem
1716 1735 1951 1803 primam
1985 1736 2067 1790 vi-

484 1822 637 1885 dent,
669 1823 969 1877 secundam
1006 1824 1238 1893 Aquilae,
1267 1824 1467 1880 deinde
1508 1825 1841 1896 Symmachi,
1876 1836 2065 1897 postea

2170 644 2427 711 στοιχεῖα,
2484 644 2564 704 εἰς
2614 641 2674 694 τὸ
2722 641 2810 696 διὰ
2860 640 2969 693 τῶν
3020 639 3342 710 Ἑλληνικῶν
3397 640 3579 693 εἰδέναι
3620 646 3710 696 τῶν

2178 732 2482 803 Ἐϐραῖκῶν
2519 732 2717 799 λογίων
2764 731 2860 801 τὴν
2888 730 3138 801 δύναμιν.
3176 731 3284 783 Καὶ
3320 729 3482 793 οὕτως
3513 734 3613 794 τοῖς
3637 733 3708 784 λε-

2167 822 2419 893 γομένοις
2469 823 2559 874 ὑπ’
2599 821 2765 875 αὑτοῦ
2802 821 3122 887 Ἐεαπλοῒς
3177 822 3210 891 ἢ
3248 821 3576 885 Ὀκτακλοῐς
3622 821 3707 885 τὰς

2172 914 2269 984 μὲν
2305 912 2398 966 δύο
2432 914 2724 981 Ἐὁραῖκὰς
2754 914 2987 976 σελίδας,
3020 914 3115 966 καὶ
3139 913 3238 975 τὰς
3267 912 3326 976 ἓξ
3348 912 3452 964 τῶν
3480 913 3712 983 ἑρμηνευ-

2166 1008 2276 1061 τῶν
2306 1010 2371 1061 ὲκ
2400 1007 2748 1077 παραλλήλου
2776 1005 3191 1075 ἀντιπαραθεὶς,
3223 1004 3458 1073 μεγάλην
3479 1002 3714 1069 ὼιρέλειαν

2166 1097 2366 1150 δέδωκε
2391 1096 2645 1164 γνώσεως
2685 1098 2798 1159 τοῖς
2825 1093 3155 1163 φιλοκάλοις.
3187 1092 3314 1146 Εἴθε
3341 1092 3395 1145 δὲ
3419 1094 3474 1143 ἐν
3502 1094 3603 1157 τοῖς
3628 1093 3714 1146 αὒ-

2168 1187 2262 1242 τοῦ
2285 1188 2608 1258 γράμμασιν
2640 1186 2702 1239 οὑ
2734 1184 3014 1257 παρέπεσε
3046 1184 3141 1238 καὶ
3168 1183 3259 1237 τὸν
3284 1182 3480 1251 κόσμσν
3504 1183 3591 1235 καὶ
3613 1184 3719 1234 ἑαυ-

2167 1279 2261 1332 τὸν
2287 1278 2534 1348 ἠδίκησε,
2565 1276 2751 1339 κακῶς
2776 1275 3111 1345 δογματίσας
3132 1273 3200 1327 τὰ
3221 1290 3289 1325 ’κε
3300 1273 3354 1342 pl.
3380 1273 3617 1335 πίστεως,
3642 1274 3720 1325 καὶ

2167 1372 2237 1425 τὰ
2274 1369 2501 1423 πλεῖστα
2528 1368 2637 1421 τῶν
2662 1366 2895 1437 Γραφῶν
2930 1366 3117 1428 κακῶς
3144 1366 3357 1437 φράσας
3383 1366 3397 1418 l

2239 1456 2407 1522 Οὗτος
2437 1458 2613 1530 εὑρὼν
2661 1458 2758 1527 τὴν
2790 1457 2829 1509 ε’
2859 1457 2955 1509 καὶ
3002 1454 3055 1520 ς’
3080 1456 3310 1518 ἔκδοσιν,
3354 1457 3446 1508 καὶ
3476 1455 3546 1524 μὴ
3592 1453 3721 1513 εἰδὼς

2168 1554 2311 1616 τίνες
2338 1554 2474 1605 εἰσὶν
2509 1554 2557 1604 οἰ
2587 1549 2763 1603 ταῦτα
2801 1548 3185 1613 συντάξαντες,
3214 1547 3491 1617 ἐπέγραψε
3525 1548 3615 1618 τὴν
3640 1548 3721 1616 μὲν

2170 1646 2425 1716 πέμπτην
2469 1642 2559 1697 διὰ
2585 1642 2679 1695 τοῦ
2706 1650 2767 1704 ε’,
2802 1642 2903 1712 τὴν
2946 1642 3002 1694 δὲ
3037 1641 3205 1709 ἕκτην
3249 1638 3338 1691 διὰ
3369 1638 3462 1691 τοῦ
3493 1645 3561 1701 ς’.
3592 1638 3724 1698 Τινὲς

2166 1733 2259 1791 οὖν
2286 1737 2537 1807 εὑρόντες
2566 1734 2665 1804 τὴν
2702 1733 2994 1805 Ἐϐραῖκὴν
3023 1731 3248 1803 πρώτην
3282 1730 3493 1784 ἔκδοσιν
3517 1729 3604 1782 καὶ
3626 1729 3726 1781 δευ-

2167 1828 2330 1899 τέραν
2360 1826 2453 1880 τοῦ
2499 1826 2722 1888 Ἀκύλα,
2756 1823 2873 1877 εἶτα
2902 1824 2995 1877 τοῦ
3022 1822 3342 1893 Συμμάχω,
3373 1816 3489 1873 εἶτα
3521 1820 3619 1873 τῶν
3639 1820 3727 1889 οβ’,

487 1927 639 1968 uxn
675 1932 688 1966 :
722 1913 853 1971 hinc
904 1913 1324 1981 Theodotionis,
1360 1932 1429 1971 ae
1475 1926 1882 1987 consequenter
1899 1919 2067 1985 Quin.

2176 1916 2292 1973 εἶτα
2330 1918 2427 1971 τοῦ
2470 1917 2847 1979 Θεοδοτίωνος,
2876 1916 3067 1968 ἔπειτα
3095 1914 3193 1984 τὴν
3224 1919 3287 1977 ε’,
3318 1914 3413 1985 καὶ
3439 1911 3532 1982 τὴν
3563 1917 3632 1975 ς’.
3651 1928 3725 1963 νο-

486 2009 600 2057 tam
634 2009 689 2056 et
736 2002 981 2071 Sextam,
1034 2012 1231 2075 putant
1267 2007 1522 2075 Aquilam
1574 2015 1628 2061 et
1678 2006 2067 2078 Symmachum

488 2094 662 2151 fuisse
709 2104 837 2150 ante
878 2094 1233 2169 Septuaginta
1281 2097 1634 2169 lnterpretes,
1679 2099 1775 2153 sed
1826 2099 2061 2153 halluci-

486 2195 710 2240 nantur.
741 2187 876 2241 Nam
924 2187 1185 2260 Origenes
1226 2191 1338 2245 haec
1387 2191 1459 2243 ita
1494 2190 1795 2259 disposuit,
1824 2190 2060 2260 jureque

486 2294 552 2332 ac
590 2280 787 2333 merito
814 2296 963 2335 uxu
992 2282 1218 2336 editioni
1246 2284 1486 2338 medium
1517 2285 1698 2339 locum
1730 2283 1914 2337 dedit:
1944 2284 2067 2337 ideo

485 2369 631 2423 enim
665 2372 911 2426 mediam
934 2374 1136 2443 posuit,
1173 2383 1231 2427 ut
1265 2389 1360 2430 eas
1390 2390 1511 2445 qua:
1539 2391 1567 2428 a
1600 2374 1865 2429 lateribus
1897 2381 2057 2429 erant

486 2458 779 2517 refelleret.

2179 2011 2391 2084 μίζουσι
2423 2011 2530 2082 πρὸ
2555 2009 2663 2063 τῶν
2693 2010 2772 2079 οβ’
2806 2004 2947 2061 εἶναι
2976 2006 3067 2059 τὸν
3098 2005 3332 2060 Ἀκύλαν
3363 2003 3455 2056 καὶ
3488 2003 3575 2055 τὸν
3606 2001 3727 2072 Σύμ-

2172 2119 2361 2173 μαχον·
2383 2100 2800 2170 διασφάλλονται
2815 2099 2891 2157 δέ.
2921 2099 2976 2149 ’0
2990 2097 3098 2169 γὰρ
3114 2096 3395 2168 Ὡριγένης
3409 2092 3731 2157 οὕτωςταῦτα

2174 2189 2451 2257 συνέταξε,
2480 2193 2546 2261 τῇ
2581 2191 2719 2261 μέσῃ
2743 2188 2894 2255 τάξει
2918 2189 3041 2252 δοὺς
3071 2187 3170 2258 τὴν
3201 2186 3500 2257 ἑρμηνείαν
3520 2184 3620 2238 τῶν
3645 2184 3730 2251 οβ’,

2177 2282 2361 2345 καλῶς
2402 2283 2559 2336 τοῦτο
2593 2282 2958 2352 ποιησάμενος
2979 2298 2994 2311 υ
3035 2281 3205 2349 μέσην
3240 2278 3351 2349 γὰρ
3385 2279 3551 2349 αὐτὴν
3580 2277 3732 2329 τέθει-

2179 2390 2299 2438 κεν,
2334 2374 2483 2436 ὅπως
2511 2372 2580 2425 τὰ
2615 2371 2764 2425 ἐνθεν
2800 2372 2893 2424 καὶ
2922 2370 3073 2424 ἔνθεν
3097 2368 3331 2439 ἐλέγχοι.

512 2610 3701 2645 __________________________________________

1444 2768 1964 2884 SANCTI
2058 2769 2811 2889 EPlPHANII

1850 2988 2160 3047 EPISCOPI
2196 2989 2399 3047 CYPRI

1022 3141 1414 3202 EPISTOLA
1451 3143 1557 3202 AD
1591 3144 1973 3206 JOANNEM
2013 3144 2451 3206 EPISCOPUM
2487 3145 3230 3208 JEROSOLYMORUM.

1368 3306 1520 3358 DWO
1562 3308 1941 3359 HIERONYMO
1974 3308 2396 3363 PRESBYTERO
2440 3311 2861 3381 INTERPRETE.

1457 3460 1553 3521 (Ex
1580 3460 1705 3509 edit.
1730 3459 1961 3521 Vallarsl,
1988 3458 2115 3522 Opp.
2141 3458 2368 3516 Ηίενοη..
2396 3457 2609 3509 Veronae
2634 3459 2795 3513 ιτηι.

494 3665 730 3721 Excusat
756 3680 810 3719 se
836 3663 975 3735 quod
1010 3662 1394 3722 Paulinianum
1424 3668 1792 3739 presbyterum
1826 3669 2124 3792 ordingsset
2141 3672 2259 3795 [ipso
2284 3673 2607 3729 inconsulto.
2640 3672 2840 3727 Deinde
2873 3686 3185 3741 commonet,
3218 3684 3277 3729 ut
3309 3677 3375 3730 ab
3409 3676 3643 3746 Origem's
3673 3690 3744 3728 er-

1862 3756 1972 3793 ror:
2012 3758 2073 3795 us
2104 3760 2135 3795 α
2173 3752 2385 3795 timeat.

1862 3752 2073 3796 roribus
2104 3752 2385 3799 abstineat.

561 3851 725 3922 259
764 3849 991 3905 Domino
1029 3851 1387 3907 dilectissimo
1422 3851 1578 3908 fratri
1629 3850 1826 3909 Joanni
1855 3858 2071 3927 episco—
2105 3864 2148 3922 C
2184 3866 2363 3923 terrae,
2397 3869 2456 3914 ut
2486 3860 2607 3915 loca
2647 3863 3067 3931 provinciasque
3108 3876 3215 3915 non
3252 3861 3552 3915 nominem.
3585 3859 3641 3913 Et
3667 3856 3749 3912 ubi

502 3961 603 4015 pus
643 3943 999 4014 Epiphanius.

566 4034 603 4089 1.
651 4033 949 4104 Oportebat
977 4049 1099 4100 nos,
1125 4033 1505 4104 dilectissime,
1543 4037 1840 4093 clericatus
1868 4038 2077 4094 honore

494 4143 605 4183 non
646 4127 797 4181 abuti
833 4128 891 4182 in
927 4128 1242 4198 superbiam
1280 4126 1416 4198 (88),
1446 4128 1540 4184 sed
1569 4129 1819 4184 custodia
1853 4132 2078 4184 manda-

491 4229 676 4277 torum
714 4219 830 4285 Dei,
868 4228 923 4275 et
949 4219 1335 4275 observatione
1364 4218 1787 4291 diligentissima
1817 4219 1922 4274 hoc
1951 4237 2075 4276 esse

492 4312 637 4383 quod
666 4311 921 4365 dicimur.
960 4310 1019 4363 Si
1058 4310 1201 4366 enim
1240 4318 1427 4364 sancta
1457 4309 1741 4379 Scriptura
1776 4312 2017 4379 loquitur
2049 4331 2062 4366 :

500 4420 519 4453 ι
563 4401 707 4455 Cleri
742 4416 932 4455 eorum
962 4417 1070 4454 non
1103 4400 1403 4471 proderunt
1434 4401 1513 4455 eis
1547 4402 1598 4456 ἐ
1628 4420 1645 4452 ι
1665 4416 1788 4471 quae
1808 4416 2071 4471 arrogan-

495 4492 572 4544 tia
603 4491 895 4546 clericatus
926 4493 1232 4547 conducere
1271 4492 1431 4545 nobis
1460 4493 1681 4561 poterit,
1712 4492 1806 4562 qui
1837 4508 1944 4547 non
1973 4508 2061 4548 so-

500 4582 613 4634 lum
658 4582 1013 4649 cogitatione,
1068 4590 1121 4636 et
1157 4597 1345 4646 sensu,
1380 4597 1568 4637 verum
1618 4584 1782 4637 etiam
1830 4600 2082 4640 sermone

495 4687 791 4742 peccamus
814 4674 838 4726 ?
864 4673 1063 4727 Audivi
1094 4673 1296 4743 quippe
1324 4673 1471 4743 quod
1496 4682 1707 4728 tumeas
1732 4682 1924 4728 contra
1960 4691 2078 4741 nos,

496 4774 551 4819 et
578 4764 859 4829 irascaris,
883 4773 938 4820 et
961 4765 1236 4819 miniteris
1270 4764 1515 4823 scribere
1544 4765 1598 4819 in
1638 4772 1915 4822 extremos
1944 4766 2079 4827 ﬁnes

574 4882 588 4911 ¹
631 4879 834 4938 Jercm.
878 4898 980 4945 xu,
1016 4882 1105 4937 15.
1181 4883 1202 4913 ³
1244 4880 1434 4936 Matth.
1468 4899 1523 4950 v,
1550 4882 1644 4940 2‘2.

569 5034 682 5115 (88)
723 5035 960 5092 Consule
990 5034 1305 5109 Hieronymi
1339 5035 1503 5105 epist.
1541 5038 1607 5117 5']
1655 5035 1727 5089 De
1756 5038 1953 5105 optimo
1986 5053 2090 5157 gem

570 5121 625 5157 re
656 5106 1060 5157 interpretandi.
1089 5121 1196 5157 nua
1227 5122 1288 5157 se
1321 5114 1505 5157 tuetur
1537 5106 1684 5157 liter.
1743 5115 1934 5157 contra
1965 5106 1985 5157 Ι
2014 5123 2078 5157 ιι-

2014 5123 2078 5159 υ-

501 5121 625 5176 nere
656 5106 1060 5174 interpretandi,
1089 5106 1288 5176 quase
1321 5114 1505 5160 tuetur
1537 5106 1684 5160 llier.
1743 5115 1934 5161 contra
1965 5106 1985 5157 Ι

497 5244 564 5326 in
585 5242 777 5299 ϐινεςο
802 5242 1205 5316 ειιιιι,ἔδει’γὰρ
1232 5247 1312 5369 ig;

497 5331 606 5365 των
636 5314 852 5369 κλήρων
884 5314 1205 5369 φέρεσθαῌι
1297 5354 1311 5369 .

496 5314 606 5385 τῶν
636 5314 852 5385 κλήρων
884 5314 1205 5385 φέρεσθαι,ὲι
1249 5314 1311 5369 S.

494 5382 555 5437 in
582 5382 863 5437 Latinum.

570 5452 682 5525 (259)
730 5454 788 5506 In
824 5452 1057 5525 Hebraeo
1092 5452 1552 5525 lsaigeutextuest
1588 5462 1712 5515 una
1744 5438 1889 5516 753:1,
1923 5455 2073 5525 quod

498 5528 583 5576 est
607 5522 663 5574 ia
693 5525 834 5577 vasis
867 5522 1079 5592 papyri,
1110 5531 1166 5575 at
1198 5521 1343 5575 LXX
1384 5524 1547 5579 aliam
1575 5536 1614 5582 τι
1648 5528 1887 5581 litteram
1923 5521 2019 5596 pro
2045 5539 2077 5584 .3

499 5625 624 5687 quae
638 5612 918 5687 facillime
955 5622 1395 5687 commutantur,
1428 5617 1667 5687 legentes
1694 5626 1825 5676 97:3
1858 5619 2078 5670 ἐπιστο-

1314 5249 1399 5318 ἄς,
1418 5246 1693 5316 ἀγαπητὲ,
1715 5246 1789 5317 μὴ
1811 5249 1877 5318 τῇ
1904 5249 2079 5316 οἰήσει

1366 5316 1597 5370 vectore
1635 5316 1783 5369 male
1814 5316 2080 5371 cenversa

500 5676 605 5738 th;
637 5679 874 5745 βιϐλίνας
904 5682 1329 5754 transtulerunt,
1362 5676 1693 5754 accipientes
1723 5698 1841 5748 um
1865 5702 1958 5741 seu
1990 5703 2081 5754 pa-

503 5759 693 5825 pyrum
728 5752 1019 5825 pro_epi_st.
1051 5751 1201 5825 quod
1238 5751 1497 5825 videlicet
1524 5756 1578 5807 in
1619 5770 1827 5825 papyro
1868 5751 2079 5811 scribe-

500 5816 1032 5877 rentur.’Videndus
1054 5816 1267 5881 Plinius
1300 5823 1395 5881 lib.
1432 5838 1550 5894 xm,
1583 5816 1709 5895 cap:
1731 5816 1827 5894 Ἠ,
1861 5836 1914 5883 et
1943 5826 2081 5885 Cas-

2080 5164 2098 5181 ο

499 5175 672 5247 tinum
696 5178 1044 5247 cavillantem
1076 5175 1258 5247 priora
1292 5178 1407 5231 haec
1429 5176 1715 5247 Epiphanii
1742 5178 1929 5247 verba,
1959 5191 2081 5243 quae

2179 3959 2265 4005 est
2306 3950 2398 4005 Dei
2432 3953 2616 4016 timor,
2660 3954 2755 4023 qui
2806 3970 2907 4007 nos
2944 3953 3101 4008 debet
3148 3952 3241 4005 illo
3273 3950 3515 4006 tremore
3553 3966 3740 4005 concu-

2181 4050 2317 4107 tere,
2355 4045 2447 4113 qui
2481 4044 2661 4099 dictus
2691 4053 2777 4099 est
2808 4061 2837 4097 a
2868 4044 3103 4098 Domino
3141 4061 3154 4096 :
3196 4060 3213 4094 t
3263 4040 3321 4096 Si
3347 4043 3477 4112 quis
3514 4040 3749 4096 irascitur

2183 4134 2335 4189 fratri
2399 4152 2500 4191 suo
2548 4138 2666 4193 sine
2718 4153 2906 4203 causa,
2945 4152 3074 4191 rcus
3120 4134 3225 4189 erit
3267 4134 3566 4204 judicio’?
3602 4154 3617 4185 ι
3650 4130 3751 4187 Non

2182 4226 2327 4294 quod
2357 4240 2690 4295 magnopere
2722 4240 2910 4279 curem
2943 4225 2989 4279 si
3048 4222 3260 4278 scribas
3295 4221 3445 4290 quod
3488 4216 3748 4290 placuerit.

2185 4315 2579 4371 Scribebantur
2619 4318 2787 4379 enim,
2823 4324 2878 4371 et
2922 4313 3037 4386 (89)
3064 4314 3310 4384 epistolae
3360 4313 3584 4369 biblina:
3616 4308 3751 4377 juxta

2185 4400 2377 4455 Isaiam
2405 4422 2416 4455 :
2445 4410 2498 4456 et
2530 4404 2886 4457 mittebantur
2920 4418 3087 4472 super
3122 4416 3317 4471 aquas,
3358 4417 3483 4471 quae
3516 4402 3621 4456 cite
3644 4408 3752 4453 cum

2186 4494 2384 4549 saaculo
2410 4503 2718 4551 transeunt.
2743 4495 2883 4549 Nihil
2911 4496 3009 4549 tibi
3040 4494 3355 4556 nocuimus,
3391 4493 3531 4548 nihil
3562 4488 3753 4560 injuria:

2190 4586 2437 4651 fecimus,
2484 4602 2588 4642 nec
2636 4589 2929 4658 quicquam
2977 4586 3248 4641 violenter
3302 4586 3652 4640 extorsimus.
3704 4580 3750 4629 lu

2190 4680 2524 4735 monasterio
2556 4680 2808 4743 fratrum,
2838 4687 2893 4735 et
2933 4679 3163 4733 fratrum
3197 4678 3642 4747 Peregrinorum.
3668 4672 3746 4741 qui

2188 4772 2482 4840 provinciae
2539 4773 2672 4827 nihil
2742 4780 2849 4827 tua:
2899 4771 3161 4826 deberent
3218 4770 3330 4840 (90)
3376 4784 3392 4821 :
3444 4776 3499 4824 et
3552 4772 3752 4837 propter

2173 5038 2379 5095 δίοδον.
2412 5035 2506 5091 lib.
2540 5051 2616 5101 ιι,
2654 5042 2815 5107 epist.
2853 5041 2943 5097 '58.
2982 5038 3119 5094 Hinc
3161 5040 3449 5097 Aldelmus
3473 5040 3545 5095 de
3578 5033 3751 5105 Nycti-

2112 5144 2156 5198 Β
2186 5127 2402 5177 corace,

2331 5205 2603 5261 Romuleis
2632 5205 2839 5260 scribor
2872 5202 3050 5267 biblis,
3086 5202 3178 5256 sed
3204 5218 3323 5255 voce
3345 5200 3597 5268 Pelasga.

2189 5296 2256 5351 Et
2285 5296 2568 5351 Ennorlins
2589 5316 2604 5351 :

2330 5387 2456 5442 Otia
2487 5388 2717 5441 Niliacis
2752 5402 2857 5439 non
2892 5400 3083 5453 passus
3114 5381 3356 5435 carmina
3386 5378 3544 5433 bibit's

2325 5458 2561 5523 Sulcavi,
2588 5466 2697 5513 etc.

2258 5548 2365 5603 Sed
2388 5548 2454 5601 de
2478 5547 2738 5616 penitieri
2760 5543 3056 5616 hujusloci
3080 5557 3245 5616 sensu
3274 5548 3447 5616 atque
3465 5552 3589 5616 usu,
3613 5532 3751 5616 plura

2183 5618 2414 5691 dicenda
2448 5608 2605 5691 nobis
2637 5624 2801 5691 erunt
2832 5608 2887 5671 in
2914 5615 3010 5691 li_b.
3047 5629 3085 5667 ιι
3148 5608 3364 5691 Advers.
3407 5608 3751 5691 Pelagnlnte-

2186 5688 2288 5758 rint
2321 5687 2660 5758 superiorem
2688 5686 2783 5758 tibi
2808 5685 3058 5758 voculam
3080 5685 3456 5758 reposuimus
3483 5694 3512 5731 e
3542 5689 3710 5758 mss.“-

2258 5756 2371 5821 (90)
2394 5751 2532 5808 'Duo
2583 5756 2918 5810 vetustiores
2955 5752 3118 5807 codd.
3151 5751 3327 5805 Vatic.
3364 5751 3750 5821 quipnorincuf

2258 5763 2371 5821 (90)
2416 5763 2532 5808 lino
2583 5763 2918 5810 vetustiores
2955 5763 3118 5807 codd.
3158 5763 3327 5805 Valle.
3400 5764 3455 5800 ιιι
3528 5763 3748 5797 normam

2189 5826 2320 5880 nihil
2346 5824 2584 5879 debuere.
2619 5825 2747 5880 Erat
2770 5832 2951 5881 autem
2983 5822 3334 5878 Paulinianus
3454 5763 3748 5880 lﬁeroeynd
