3988 6426
258 453 345 513 581

1134 447 1474 506 EPISTOLA
1513 453 1604 508 AD
1640 453 1834 512 JOAN.
1879 457 2096 518 EPlSC.
2140 424 2515 518 manesce.

3348 469 3457 528 589.

255 565 462 612 nostram
491 555 821 626 parvitatem,
846 566 908 613 et
945 558 1175 622 litteras.
1202 579 1338 632 quas
1364 565 1430 619 ad
1455 580 1549 620 eos
1580 567 1775 621 crebro

1900 580 2160 628 :rameuta
2185 573 2613 639 conﬁcerent,ct
2640 573 2790 629 illum
2817 587 3006 630 omnes
3033 586 3134 629 suo
3159 582 3449 642 poscerent

252 645 543 709 direximus,
595 648 990 704 communionis
1053 666 1266 722 quoque
1321 659 1430 709 tute
1490 666 1776 726 carperunt

253 734 423 789 habere
451 735 786 804 discordiam,
827 755 895 792 ne
933 739 1252 796 viderentur
1281 745 1518 814 quadam
1545 747 1774 814 duritia,

251 834 295 878 et
326 826 633 880 conscientia
685 836 894 892 nostra,
954 831 1188 902 antiquae
1245 834 1369 889 ﬁdei
1417 835 1485 890 ab
1532 835 1778 893 Ecclesia

253 917 479 985 separari,
509 918 874 978 ordinavimus
903 921 1195 980 Diaconum
1226 943 1238 978 :
1275 935 1328 980 et
1359 934 1650 998 postquam
1676 930 1779 984 mi-

252 1010 488 1076 nistravit,
513 1027 722 1066 rursum
749 1016 1148 1084 presbyterum,
1172 1032 1336 1088 super
1367 1033 1477 1087 quo
1507 1017 1777 1075 debueras

251 1101 498 1170 gratulari,
529 1101 831 1175 intelligens
855 1107 1000 1176 quod
1029 1108 1099 1161 ob
1131 1107 1224 1162 Dei
1262 1109 1518 1166 timorem
1549 1110 1656 1164 hoc
1684 1126 1780 1166 su-

256 1207 350 1246 mus
383 1193 550 1249 facere
583 1196 846 1264 compulsi
888 1215 901 1250 :
939 1197 1176 1253 maxime
1223 1215 1346 1256 cum
1382 1201 1530 1255 nulla
1579 1201 1650 1256 sit
1695 1201 1780 1256 di-

254 1285 446 1338 versitas
473 1284 527 1338 in
557 1286 863 1342 sacerdotio
888 1286 1005 1353 Dei,
1043 1297 1097 1345 et
1127 1290 1215 1346 ubi
1253 1290 1477 1346 utilitati
1524 1290 1780 1348 Ecclesia:

251 1373 542 1442 providetur.
571 1373 726 1439 Nam,
750 1385 803 1431 et
828 1377 874 1432 si
903 1379 1105 1450 singuli
1136 1379 1508 1436 Ecclesiarum
1536 1382 1778 1454 episcopi

250 1466 418 1521 habent
467 1467 573 1538 (9l)
616 1469 720 1524 sub
770 1485 831 1526 se
869 1469 1166 1538 Ecclesias,
1206 1472 1408 1543 quibus
1459 1487 1648 1528 curam
1700 1475 1783 1529 vi-

249 1551 416 1608 dentur
442 1555 745 1625 impendere
774 1577 787 1612 :
820 1565 874 1613 et
928 1573 1088 1616 nemo
1140 1575 1306 1629 super
1355 1561 1590 1618 alienam
1631 1577 1782 1616 men-

249 1658 403 1698 suram
431 1646 748 1714 extenditur,
789 1655 974 1703 tamen
1007 1651 1342 1719 prmponitur
1369 1651 1622 1706 omnibus
1651 1651 1782 1705 cha-

250 1732 363 1786 ritas
392 1732 609 1799 Christi,
648 1735 702 1789 in
731 1751 840 1806 qua
875 1738 1025 1791 nulla
1055 1739 1334 1793 simulatio
1364 1748 1448 1795 est
1479 1757 1492 1792 :
1526 1755 1626 1794 nec
1649 1755 1784 1794 eon-

249 1826 556 1882 siderandum
590 1829 721 1900 quid
752 1829 954 1886 factum
983 1831 1076 1894 sit,
1125 1830 1221 1886 sed
1273 1846 1383 1901 quo
1426 1840 1689 1901 tempore.
1727 1839 1782 1886 et

1878 662 2227 730 testimonio,
2281 673 2335 718 et
2379 664 2639 736 grandem
2698 664 2989 718 utilitatem
3044 663 3101 717 in
3158 677 3450 718 commune

1880 753 2196 807 monasterii
2225 761 2562 808 testarentur
2593 767 2607 807 :
2641 767 2812 824 quare
2841 761 2974 807 tunc
3003 761 3216 822 reperta
3249 767 3452 822 oppor-

1877 844 2115 896 tunitate
2154 858 2261 898 non
2304 844 2656 912 scripsissent
2688 844 2865 909 nobis,
2897 859 3076 913 neque
3110 858 3273 913 super
3305 843 3450 896 ordi-

1878 930 2099 985 natione
2133 931 2254 1000 ejus
2287 931 2492 1001 aliquid
2531 932 2929 1001 poposcissent.

1951 1017 2010 1074 ll.
2053 1018 2178 1074 Haec
2209 1021 2282 1073 ita
2313 1031 2429 1074 acta
2461 1028 2609 1086 sunt,
2641 1028 2700 1073 ut
2743 1020 2958 1076 locutus
2998 1033 3142 1080 sum,
3180 1018 3237 1072 in
3271 1017 3455 1071 chari-

1879 1117 1990 1165 tate
2038 1110 2240 1166 Christi
2298 1126 2460 1180 quam
2545 1118 2598 1164 te
2654 1125 2781 1180 erga
2832 1111 3154 1180 parvitatem
3208 1115 3450 1163 nostram

1879 1200 2078 1256 habere
2123 1201 2410 1256 credebam
2444 1219 2457 1254 :
2493 1215 2806 1270 quanquam
2837 1201 2892 1254 in
2929 1199 3265 1253 monasterio
3301 1197 3454 1252 ordi-

1879 1294 2145 1358 naverim,
2180 1301 2234 1347 et
2281 1307 2390 1346 non
2424 1291 2480 1346 in
2512 1293 2770 1362 parmcia,
2803 1307 2925 1362 quae
2953 1291 3054 1347 tibi
3074 1291 3324 1360 subjecta
3357 1290 3450 1344 sit.

1880 1384 1924 1438 Ο
1964 1399 2090 1438 vere
2129 1383 2416 1439 benedicta
2465 1383 2848 1453 episcoporum
2897 1382 3061 1452 Cypri
3092 1380 3456 1435 mansuetudo

1881 1481 1934 1528 et
1975 1474 2212 1540 bonitas,
2253 1481 2307 1530 et
2337 1483 2528 1532 nostra
2569 1475 2850 1530 rusticitas
2876 1489 3042 1530 sensu
3077 1481 3170 1526 tuo
3199 1481 3254 1527 et
3302 1471 3456 1526 arhi-‘

1881 1573 2028 1618 tratu
2062 1565 2224 1635 digna
2259 1565 2634 1621 misericordia
2679 1565 2804 1620 Dei!
2844 1564 2979 1618 Nam
3023 1564 3180 1617 multi
3209 1561 3453 1634 episcopi

1881 1656 2285 1712 communionis
2331 1665 2536 1710 nostra:
2576 1655 2923 1725 presbyteros
2979 1653 3035 1708 in
3087 1659 3274 1708 nostra
3309 1653 3458 1708 ordi-

1882 1758 2151 1802 naverunt
2176 1748 2479 1818 provincia,
2511 1761 2651 1815 quos
2681 1746 2842 1816 am
2865 1758 2968 1800 nos
2999 1743 3460 1814 comprehendere

1883 1851 1992 1891 non
2052 1846 2386 1907 poteramus,
2436 1843 2491 1889 et
2531 1835 2802 1889 miserunt
2829 1833 2898 1887 ad
2945 1847 3049 1890 nos
3097 1832 3356 1886 diaconos
3404 1837 3460 1884 et

249 1931 340 1986 quo
369 1918 533 1982 modo,
557 1927 610 1974 et
644 1921 698 1975 in
729 1922 951 1992 quibus,
995 1931 1049 1977 et
1073 1939 1244 1994 quare
1284 1923 1486 1978 factum
1518 1925 1612 1979 sit.
1647 1923 1780 1978 Cum
1812 1901 1856 1956 Β
1885 1901 2312 1998 hypodiaconos,
2339 1940 2479 1996 quos
2507 1923 2855 1994 suscepimus
2879 1937 3003 1978 cum
3026 1923 3222 1992 gratia.
3249 1921 3315 1976 Et
3345 1923 3461 1991 ipse

246 2008 367 2062 enim
398 2009 672 2076 vidissem,
701 2013 826 2082 quia
871 2013 1164 2068 multitudo
1206 2021 1520 2069 sanctorum
1555 2011 1780 2068 fratrum

248 2097 292 2151 in
341 2102 661 2156 monasterio
716 2103 1074 2166 consisteret.
1135 2110 1190 2158 et
1246 2102 1422 2158 sancti
1481 2099 1783 2171 presbyteri

247 2187 592 2262 Hieronymus,
649 2198 705 2250 et
754 2191 1076 2248 Vincentius
1120 2200 1342 2264 propter
1373 2190 1783 2254 verecundiam,

245 2287 288 2333 et
317 2280 662 2337 humilitatem
696 2282 903 2337 nollent
933 2281 1113 2337 debita
1135 2265 1138 2272 ’
1160 2280 1368 2335 nomini
1401 2293 1503 2333 suo
1530 2293 1786 2335 exercere

247 2371 500 2436 sacriﬁcia,
532 2380 584 2427 et
615 2373 871 2428 laborare
901 2371 954 2425 in
987 2371 1092 2425 hac
1129 2380 1283 2441 parte
1319 2368 1629 2434 ministerii,
1665 2369 1786 2439 quae

246 2459 646 2518 Christianorum
676 2463 948 2534 praecipua
977 2462 1128 2518 salus
1154 2467 1238 2516 est
1264 2477 1279 2513 :
1311 2460 1557 2518 invenire
1581 2466 1784 2526 autem,

244 2559 288 2606 et
325 2553 775 2623 comprehendere
827 2569 1045 2610 servum
1099 2551 1196 2609 Dei
1250 2566 1361 2606 non
1423 2565 1650 2624 posses,
1692 2549 1784 2620 qui

245 2649 290 2694 te
317 2643 434 2711 (92),
463 2658 525 2698 eo
547 2647 698 2714 quod
729 2659 894 2714 grave
924 2659 1065 2700 onus
1094 2640 1386 2699 sacerdotii
1414 2642 1586 2697 nollet
1612 2641 1788 2697 susci-

245 2749 367 2801 pere,
396 2750 529 2805 smpe
566 2735 851 2804 fugiebat;
887 2733 984 2792 sed
1013 2749 1114 2790 nec
1154 2735 1296 2790 alius
1326 2733 1450 2804 quis
1495 2733 1786 2806 episcopo-

245 2839 342 2876 rum
383 2824 531 2879 facile
574 2839 704 2878 eum
760 2824 1042 2893 reperiret.
1101 2821 1259 2878 Unde
1290 2829 1342 2882 et
1363 2822 1502 2878 satis
1556 2823 1790 2877 miratus

246 2928 362 2976 sum,
395 2915 667 2984 quomodo
722 2913 1129 2984 dispensatione
1174 2912 1269 2969 Dei
1317 2913 1383 2968 ad
1436 2928 1538 2968 nos
1579 2912 1791 2968 venerit

246 3018 344 3057 cum
386 3004 625 3060 diaconis
679 3004 1022 3066 monasterii,
1065 3013 1115 3057 et
1154 3002 1355 3059 caeteris
1395 3002 1678 3072 fratribus,
1731 3009 1791 3056 ut

248 3093 351 3147 mihi
382 3095 741 3158 satisfaceret,
775 3096 898 3166 quia
946 3094 1130 3150 nescio
1171 3093 1299 3165 quid
1348 3093 1638 3149 adversum
1682 3108 1776 3148 eos

251 3183 470 3240 habebam
497 3187 757 3241 tristitiae.
785 3184 920 3239 Cum
945 3184 1109 3256 igitur
1141 3184 1508 3239 celebraretur
1540 3184 1782 3238 Collecta

247 3273 289 3328 in
317 3276 526 3332 ecclesia
558 3276 726 3342 villae,
775 3292 896 3346 quae
928 3283 1013 3330 cst
1050 3274 1206 3346 juxta
1253 3273 1640 3328 monasterium
1687 3288 1790 3328 no-

247 3375 410 3428 strum,
442 3367 789 3437 ignorantem
817 3380 964 3429 eum,
1003 3373 1056 3419 et
1102 3365 1305 3418 nullam
1340 3365 1558 3434 penitus
1589 3364 1791 3417 haben-

246 3462 330 3507 tem
358 3456 743 3526 suspicionem,
781 3470 874 3524 per
919 3455 1122 3509 multos
1151 3453 1425 3510 Diaconos
1453 3453 1786 3524 apprehendi

243 3544 494 3612 jussimus,
537 3555 590 3602 et
633 3546 818 3600 teneri
869 3559 933 3600 os
979 3547 1119 3615 ejus,
1179 3560 1242 3600 ne
1288 3545 1430 3601 forte
1470 3545 1686 3599 liberari
1736 3559 1795 3598 se

245 3637 459 3705 cupiens,
489 3639 777 3708 adjuraret
811 3652 909 3692 nos
941 3651 1037 3707 per
1073 3652 1270 3691 nomen
1302 3635 1507 3690 Christi
1539 3655 1550 3689 :
1589 3645 1643 3690 et
1681 3634 1796 3705 pri-

246 3739 366 3780 mum
401 3727 694 3784 diaconum
720 3727 1117 3796 ordinavimus,
1149 3733 1517 3797 proponeutes
1548 3725 1596 3781 ei
1629 3725 1794 3779 timo-

244 3830 339 3870 rem
376 3817 487 3885 Dei,
528 3829 582 3875 et
631 3818 1048 3888 compellentes,
1104 3825 1160 3871 ut
1213 3817 1583 3882 minisuaret;
1641 3817 1798 3872 valde

245 3907 415 3977 quippe
456 3910 826 3976 obnitebatur,
877 3907 1160 3977 indignum
1197 3922 1256 3962 se
1303 3921 1429 3962 esse
1482 3906 1794 3969 clamitans,

247 4001 290 4048 et
311 4011 457 4066 grave
482 4014 620 4056 onus
657 3999 804 4053 ultra
829 3998 974 4053 vires
1004 4011 1132 4052 suas
1162 4011 1287 4052 esse
1316 4002 1634 4051 contestans
1661 3994 1798 4065 (93).

246 4085 330 4142 Vix
357 4105 478 4162 ergo
495 4090 869 4162 compulimus
902 4104 1049 4153 eum,
1081 4096 1134 4144 et
1160 4086 1492 4158 persuadere
1519 4086 1799 4156 potuimus

246 4181 544 4237 testimoniis
591 4180 1034 4250 Scripturarum,
1078 4186 1134 4233 et
1168 4179 1540 4250 propositione
1573 4175 1802 4230 manda-

245 4275 403 4326 torum
435 4273 544 4328 Dei.
582 4271 655 4328 Et
705 4285 832 4326 cum
873 4269 1242 4325 ministrasset
1289 4267 1388 4340 [αι.
1445 4266 1798 4339 ministraret]

247 4361 294 4414 in
323 4365 514 4420 sanctis
558 4363 875 4427 sacriﬁciis,
908 4377 1103 4417 rursus
1147 4376 1273 4416 cum
1319 4359 1528 4430 ingenti
1573 4357 1795 4412 difﬁcul-

245 4459 341 4508 tate
383 4463 528 4511 tento
575 4472 677 4512 ore
707 4455 848 4522 ejus,
891 4452 1268 4516 ordinavimus
1299 4450 1678 4521 presbyterum
1707 4466 1720 4502 :
1751 4456 1804 4502 et

1884 2017 2202 2072 cohortatus
2246 2031 2367 2072 sum
2400 2017 2571 2072 beatae
2615 2015 2892 2071 memoria:
2927 2012 3210 2069 Philonem
3241 2013 3459 2082 episco-

1885 2122 2035 2177 pum,
2066 2117 2121 2162 et
2144 2116 2394 2163 sanctum
2427 2105 2812 2176 Theoprepum
2848 2103 2997 2175 (94),
3031 2111 3089 2158 ut
3120 2103 3178 2160 in
3209 2102 3460 2157 ecclesiis

1884 2198 2072 2270 Cypri,
2106 2213 2227 2269 quae
2251 2196 2407 2265 juxta
2438 2211 2501 2252 se
2533 2203 2712 2260 erant,
2739 2196 2807 2250 ad
2834 2210 2970 2250 meae
2991 2203 3174 2254 autem
3208 2193 3461 2262 parmciae

1885 2290 2211 2346 videbantur
2260 2289 2552 2344 ecclesiam
2604 2287 2898 2358 pertinere,
2932 2300 2998 2344 eo
3048 2285 3194 2354 quod
3236 2284 3460 2355 grandis

1887 2391 2052 2447 esset,
2084 2389 2138 2438 et
2166 2382 2277 2436 late
2308 2387 2508 2451 patens
2536 2379 2846 2450 provincia,
2877 2377 3200 2433 ordiuarent
3233 2375 3461 2446 presby~

1887 2477 2054 2535 teros,
2099 2475 2154 2522 et
2189 2468 2394 2524 Christi
2442 2467 2702 2524 Ecclesia:
2748 2466 3122 2537 providerent.
3171 2463 3461 2534 Nunquam

1887 2567 2068 2614 autem
2101 2574 2203 2630 ego
2225 2559 2472 2614 ordinavi
2515 2558 2877 2622 diaconissas,
2913 2564 2970 2612 et
3005 2557 3073 2611 ad
3101 2556 3309 2612 alienas
3337 2555 3462 2610 misi
3495 2601 3497 2604 .

1887 2649 2220 2719 provincias,
2248 2663 2424 2718 neque
2450 2647 2552 2703 feci
2577 2647 2876 2718 quidquam
2906 2654 2965 2702 ut
3001 2645 3295 2704 Ecclesiam
3325 2644 3467 2704 scin-

1888 2741 2094 2798 derem.
2123 2741 2268 2808 Quid
2299 2755 2430 2811 ergo
2463 2740 2563 2796 tibi
2590 2740 2768 2794 visum
2809 2748 2915 2804 est,
2947 2739 3026 2794 sic
3052 2736 3290 2808 graviter
3317 2735 3468 2796 intu-

1888 2847 2136 2889 mescere
2166 2841 2220 2888 et
2245 2831 2445 2902 jactari
2476 2837 2666 2886 contra
2698 2845 2800 2885 nos
2847 2844 2948 2901 pro
2976 2843 3141 2899 opere
3169 2827 3288 2893 Dei,
3321 2825 3467 2894 quod

1890 2921 1948 2976 in
1968 2920 2405 2982 aediﬁcationem,
2441 2925 2496 2974 et
2543 2933 2652 2972 non
2684 2918 2741 2972 in
2771 2917 3201 2972 destructionem
3236 2913 3467 2968 fratrum

1892 3009 2095 3069 factum
2146 3009 2272 3064 est?
2322 3007 2429 3063 Sed
2480 3013 2535 3062 et
2577 3006 2714 3062 illud
2771 3006 3119 3061 vehementer
3165 3002 3468 3056 admiratus

1892 3114 2038 3166 sum,
2077 3097 2224 3168 quod
2273 3093 2412 3152 meis
2464 3096 2682 3150 locutus
2715 3109 2776 3150 es
2824 3091 3066 3157 clericis.
3116 3105 3370 3146 asserens
3417 3099 3470 3146 te

1893 3203 1990 3259 per
2020 3195 2268 3242 sanctum
2299 3186 2677 3258 presbyterum
2702 3191 2755 3239 et
2782 3183 3034 3238 abbatem
3073 3182 3466 3236 monachorum

1893 3275 2213 3347 Gregorium
2251 3274 2543 3330 mandasse
2569 3273 2724 3336 mihi,
2775 3286 2844 3328 ne
2885 3285 3214 3341 quemquam
3245 3269 3468 3324 ordina-

1895 3383 2007 3424 rem
2042 3384 2056 3420 :
2094 3375 2149 3422 et
2173 3381 2274 3436 ego
2309 3367 2415 3420 hoc
2455 3363 2731 3435 pollicitus
2762 3363 2890 3426 sim,
2945 3362 3136 3416 dicens
3165 3378 3178 3413 :
3211 3359 3470 3428 Nunquid

1891 3457 2110 3527 juvenis
2141 3445 2286 3518 sum,
2318 3465 2412 3509 aut
2453 3469 2696 3509 canones
2741 3453 2976 3522 ignoro?
3000 3451 3143 3506 Audi
3177 3451 3344 3522 igitur
3374 3465 3470 3505 ve-

1896 3550 2115 3606 ritatem
2148 3548 2204 3602 in
2239 3561 2491 3604 sermone
2535 3543 2653 3608 Dei,
2686 3561 2772 3601 me
2812 3544 2917 3598 hoc
2946 3558 3047 3599 nec
3095 3541 3338 3606 audisse,
3370 3555 3474 3595 nec

1899 3656 2088 3706 nosse,
2131 3656 2232 3696 nec
2263 3639 2424 3696 istius
2453 3637 2726 3694 sermonis
2785 3635 3006 3706 penitus
3035 3633 3336 3694 recordari.
3371 3630 3475 3686 Su-

1901 3733 2143 3804 spicatus
2175 3741 2353 3786 autem
2383 3745 2538 3795 sum,
2561 3743 2628 3783 ne
2659 3727 2886 3781 forsitan
2919 3726 3060 3781 inter
3093 3724 3283 3788 multa,
3316 3721 3474 3792 quasi

1901 3825 2064 3879 homo
2095 3807 2299 3877 oblitus
2339 3836 2518 3876 essem
2547 3838 2559 3874 :
2591 3826 2644 3874 et
2679 3820 2749 3873 ob
2779 3819 2918 3874 hanc
2948 3830 3173 3872 causam
3220 3821 3474 3870 sanctum

1900 3913 2221 3984 Gregorium
2257 3912 2570 3972 sciscitatus
2601 3925 2742 3971 sum,
2792 3917 2845 3964 et
2893 3907 3166 3965 Zenonem
3199 3904 3480 3974 presbyte-

1904 4020 2047 4067 rum,
2084 4004 2177 4072 qui
2225 4018 2347 4058 eum
2380 4017 2446 4056 eo
2483 4009 2588 4056 est.
2644 3999 2686 4052 Ε
2723 4001 2926 4070 quibus
2977 3998 3147 4056 abbas
3185 3995 3480 4066 Gregorius

1904 4093 2193 4164 respondit
2240 4107 2300 4148 se
2354 4092 2458 4146 hoc
2491 4089 2710 4160 penitus
2760 4091 3036 4160 ignorare.
3077 4085 3266 4149 Zenon
3297 4092 3481 4163 autem

1906 4187 2066 4250 dixit,
2097 4183 2226 4254 quia
2252 4199 2378 4238 cum
2431 4182 2479 4238 ei
2512 4179 2798 4252 presbyter
2845 4178 3076 4236 Ruﬁnus
3119 4175 3309 4232 nescio
3360 4189 3481 4244 quae

1905 4277 2010 4329 alia
2063 4271 2383 4328 transitoric
2433 4270 2784 4338 loqueretur,
2841 4268 3004 4320 etiam
3062 4264 3164 4316 hoc
3221 4260 3419 4314 dixerit
3464 4277 3480 4314 :

1908 4365 2148 4420 Putasne
2189 4363 2402 4431 aliquos
2433 4357 2792 4414 ordinaturus
2821 4362 2906 4410 est
2940 4361 3169 4408 sanctus
3191 4351 3485 4421 episcopus

1910 4454 2009 4528 [αι.
2038 4448 2438 4524 Epiphanius]?
2479 4457 2533 4503 et
2562 4447 2848 4516 hucusque
2901 4443 3118 4500 stetisse
3149 4455 3482 4498 sermonem.

249 4542 414 4598 “idem
451 4548 656 4612 verbiS.
711 4545 913 4633 quibus
965 4551 1126 4598 antea
1171 4555 1548 4601 suasel'ﬂmus.
1585 4538 1804 4608 impuli-
1835 4567 1882 4625 υ
1910 4548 2024 4616 Ego
2057 4554 2240 4599 autem
2293 4539 2632 4611 Epiphanius
2661 4553 2763 4593 nec
2795 4535 2982 4592 audivi
3030 4535 3351 4604 quidquam,
3382 4545 3488 4586 nec

248 4650 352 4692 mus
393 4647 452 4693 ut
495 4638 718 4694 sederet
758 4631 826 4691 in
875 4635 1069 4690 ordine
1121 4633 1467 4704 presbyterii.
1505 4631 1636 4686 Post
1687 4632 1804 4685 haec

250 4727 546 4798 scripsimus
585 4729 656 4785 ad
707 4735 932 4784 sanctos
965 4727 1304 4789 monasterii,
1338 4734 1389 4779 et
1432 4734 1662 4779 caeteros
1695 4723 1805 4778 fra-

249 4823 378 4886 tres;
411 4829 464 4876 et
500 4821 911 4891 increpavimus
945 4833 1060 4883 eos,
1096 4832 1267 4887 quare
1295 4832 1404 4870 non
1454 4817 1809 4886 scripsissent

253 4921 398 4978 super
433 4926 518 4977 eo,
553 4927 684 4968 cum
726 4918 854 4966 ante
893 4925 1097 4973 annum
1151 4908 1353 4963 multos
1406 4921 1600 4962 eorum
1652 4906 1809 4977 queri

253 4999 523 5068 audissem,
559 5017 666 5058 cur
716 5016 828 5056 non
858 5001 1142 5064 haberent,
1177 4999 1271 5068 qui
1305 4998 1410 5054 sibi
1463 4996 1679 5052 Domini
1722 5012 1810 5052 sa-

255 5131 421 5208 frater,
442 5153 615 5208 quem
654 5137 979 5208 diaconum1
1007 5141 1061 5188 et
1089 5147 1212 5208 mox
1245 5131 1623 5202 presbyterum
1661 5129 1811 5208 ordi-

256 5206 386 5277 navit
408 5200 415 5203 ’
434 5200 772 5277 Epiphanius
795 5207 900 5277 ,_Ain
949 5200 1392 5277 Peregrinoi‘um.
1414 5200 1772 5277 monasterio
1795 5237 1810 5262 ,

257 5274 382 5352 quod
415 5267 493 5352 ad'
521 5267 755 5330 Ioannis
789 5275 1051 5352 dicecesin
1088 5267 1208 5326 'non
1255 5269 1586 5352 pertinebat.
1638 5267 1811 5352 Porro

258 5337 592 5402 Cisterciens.
638 5361 746 5400 ms.
797 5342 879 5397 Ne
924 5345 1221 5397 uiderentur
1249 5337 1496 5409 quadarn
1526 5337 1730 5409 duritia
1762 5346 1812 5409 et

261 5415 554 5482 {cadentia
579 5414 706 5481 fidei
741 5414 992 5482 antiquis,
1029 5427 1188 5482 quam
1216 5405 1379 5482 simul
1405 5406 1708 5482 habuimus,
1747 5405 1812 5459 ab

265 5474 478 5536 Ecclesia
513 5474 778 5551 separari.
822 5474 929 5536 sed
975 5474 1324 5551 Ambrosiam
1365 5479 1529 5546 paulo
1559 5483 1684 5551 ante
1712 5491 1815 5551 cm-

259 5559 424 5630 ρςςιίιιι
459 5544 651 5607 habere
679 5552 970 5617 consortia,
1002 5567 1065 5604 ne
1122 5544 1424 5603 viderentur
1449 5544 1680 5617 quadam
1711 5545 1813 5597 du-

260 5626 388 5673 n‘tia.
421 5631 523 5678 etc.

322 5685 806 5811 (9lg5Praepostero
840 5688 1032 5768 ordine
1075 5685 1358 5742 vetustiss.
1403 5682 1581 5737 Vatic.
1626 5697 1814 5738 exem-

322 5768 368 5807 tr
467 5759 519 5811 5.
555 5760 782 5811 smaulaz
813 5757 1060 5811 Ecclesnz
1079 5757 1441 5811 episcooorum
1465 5752 1676 5811 habent,
1707 5760 1813 5806 etc.

263 5752 368 5820 plar
396 5752 519 5828 $55,
555 5752 782 5828 singula:
813 5757 1060 5812 Ecclesiae
1079 5757 1441 5828 episcoporum
1465 5752 1676 5828 habent,
1707 5760 1813 5828 etc.

270 5821 711 5889 quemadmodum
749 5828 909 5883 etiam
955 5829 1010 5883 in
1046 5821 1214 5883 veteri
1253 5821 1430 5897 prima
1462 5821 1700 5879 editione
1734 5821 1813 5878 lc-

1909 4637 2189 4708 respondi.
2228 4633 2406 4696 Unde,
2439 4630 2821 4697 dilectissime,
2853 4642 2962 4682 non
2993 4629 3045 4681 te
3074 4623 3368 4696 praaveniat
3402 4621 3490 4676 fu-

1908 4747 2022 4797 ror,
2059 4744 2160 4784 nec
2200 4733 2428 4797 occupet
2452 4723 2776 4795 indignatio,
2811 4735 2911 4775 nec
2943 4719 3146 4773 frustra
3176 4715 3487 4772 movearis:

1910 4831 1966 4879 et
1995 4821 2143 4876 aliud
2185 4820 2396 4880 dolens,
2433 4825 2486 4870 te
2511 4826 2695 4870 vertas
2724 4814 2793 4867 ad
2825 4814 2951 4875 alia,
2991 4819 3052 4865 ut
3098 4807 3358 4879 peccandi
3394 4821 3493 4860 oe-
3561 4841 3574 4850 .

1912 4911 2194 4966 casionem
2227 4905 2503 4961 invenisse
2545 4901 2807 4957 videaris.
2845 4899 2998 4964 Quod
3043 4897 3305 4967 propheta
3339 4893 3491 4948 devi-

1913 5011 2058 5066 tans,
2112 4997 2402 5051 Dominum
2457 4997 2736 5061 precatur,
2792 4988 3030 5042 dicens:
3083 4983 3206 5039 Non
3262 4979 3492 5035 declines

1915 5128 2293 5199 gendum_est.
2317 5121 2439 5199 Mox
2474 5120 2732 5199 Ambros.
2762 5133 2917 5199 super
2949 5133 3108 5170 unam
3130 5130 3455 5199 mensuram.

1987 5198 2097 5268 (92)
2139 5194 2368 5249 Rectius
2393 5193 2534 5268 forte
2553 5190 2908 5243 Ambrosian.
2931 5187 3210 5256 exemplar
3240 5195 3288 5237 te
3320 5198 3492 5238 vocu-

1912 5263 2022 5323 lam
2050 5263 2183 5336 non
2201 5263 2467 5336 agnoscit.

1985 5321 2098 5408 (93)
2139 5321 2318 5390 Vera
2364 5331 2667 5408 clamitans,
2702 5336 2751 5381 et
2810 5341 2964 5408 grape
2996 5341 3126 5408 opus
3168 5323 3312 5408 ultra
3358 5321 3492 5408 vires

1915 5391 2041 5462 suas
2070 5391 2206 5468 esse,
2237 5420 2360 5476 quae
2394 5404 2450 5455 in
2484 5401 2772 5468 hucusque
2803 5391 2969 5452 editis
3010 5395 3237 5449 deerant
3272 5391 3492 5460 supple-

1914 5481 2094 5532 vimus
2122 5491 2186 5528 ex
2219 5474 2471 5527 Ambros.
2501 5483 2604 5523 ms.

1990 5529 2103 5614 (94’)
2146 5543 2239 5597 Sic
2273 5539 2690 5614 emendavimus
2719 5551 2786 5591 ex
2824 5533 3119 5614 antiquiss.
3151 5529 3496 5614 Ya'geanoet

1917 5597 2284 5668 Ambrosiam
2313 5607 2648 5678 exemplari,
2680 5621 2805 5678 cum
2835 5597 3008 5678 _ante'a
3040 5608 3191 5678 esset
3226 5597 3494 5678 Theopro-

1918 5665 2052 5738 ἶιῶἶ
2065 5665 2258 5736 Latino
2288 5665 2490 5750 partim.
2512 5686 2567 5730 et
2600 5665 2798 5748 partim
2825 5675 3016 5750 Graeco
3048 5669 3289 5750 nomine.
3317 5665 3497 5750 Paulo

1920 5769 2085 5825 supra
2123 5739 2310 5806 vocem
2341 5739 2839 5804 diaconos'vctusta
2870 5743 3000 5798 edit.
3032 5754 3141 5794 non
3174 5739 3360 5793 habet.

1951 5937 1971 5945 Α
1989 5940 2074 5947 ...οδ-
