3988 6444
480 448 588 505 583

1851 448 1908 505 S.
1952 449 2300 507 LPI'PHANII

3610 447 3701 503 38$

465 580 556 619 cor
591 581 762 619 meum
798 565 852 618 in
909 565 1063 620 verba
1093 567 1314 622 malitia:
1347 583 1364 620 :
1398 567 1467 621 ad
1511 571 1843 626 excusandas
1889 587 2052 626 excu-
2087 579 2129 633 Α
2159 571 2286 625 dum
2321 570 2466 641 quod
2493 568 2754 639 scriptum
2783 574 2886 631 est,
2913 581 3011 621 nec
3038 565 3198 620 oculo
3222 569 3406 622 nostro
3437 569 3705 637 parcimus,

464 661 695 712 sationes
729 659 783 711 in
816 658 1045 722 peccatis
1092 659 1130 712 ί.

461 787 465 792 .
544 740 633 796 ΙΙΙ.
677 741 812 796 lllud
841 758 1060 812 quoque
1105 745 1335 801 audiens
1373 746 1675 801 admiratus
1723 749 1863 815 sein,
1910 750 2054 820 quod

468 832 716 903 quidam,
754 835 847 903 qui
898 836 1077 890 solent
1118 837 1264 890 ultro
1305 839 1556 907 citroque
1590 851 1808 908 portare
1839 856 2058 896 rumus-

469 926 646 989 culos,
691 934 744 979 et
791 925 876 980 his
913 941 1034 996 quae
1082 926 1374 982 audierunt
1421 945 1635 998 semper
1711 931 1917 1000 aliquid
1961 931 2058 986 ad-

469 1015 620 1081 dere,
651 1025 712 1070 ut
760 1017 1013 1071 tristitias
1041 1023 1095 1071 et
1128 1018 1277 1072 rixas
1327 1019 1468 1072 inter
1513 1020 1710 1075 fratres
1760 1023 2054 1088 concitent,

469 1115 524 1160 te
552 1121 768 1176 quoque
795 1107 1174 1173 turbaverunt,
1226 1117 1280 1163 et
1327 1109 1607 1178 dixerunt,
1657 1114 1802 1181 quod
1837 1115 1889 1167 in
1933 1130 2058 1169 ora-

471 1198 622 1252 tione
666 1199 889 1267 quando
940 1199 1222 1254 oderimus
1272 1201 1544 1256 sacrificia
1595 1202 1725 1268 Deo,
1780 1207 2056 1261 soleamus

473 1305 574 1358 pro
631 1298 680 1344 te
733 1289 963 1344 dicere:
1000 1291 1242 1355 Domine,
1291 1302 1490 1361 praesta
1552 1293 1774 1360 Joanni,
1819 1305 1876 1349 ut
1921 1307 2059 1351 recte

471 1381 673 1434 credat.
714 1381 834 1434 Noli
869 1397 971 1437 nos
1001 1383 1053 1436 in
1085 1393 1300 1437 tantum
1334 1394 1526 1453 putare
1550 1387 1814 1450 rusticos,
1855 1396 1912 1442 ut
1954 1389 2058 1443 hoc

471 1475 580 1526 tam
617 1481 802 1542 aperte
826 1473 1006 1528 dicere
1035 1475 1395 1543 potuerimus.
1427 1476 1746 1547 Quanquam
1778 1479 1922 1534 enim
1955 1481 2059 1534 hoc

471 1564 525 1616 in
565 1565 732 1618 corde
763 1579 884 1618 meo
936 1580 1149 1634 semper
1195 1581 1370 1633 orem,
1414 1575 1598 1622 tamen
1637 1576 1693 1620 ut
1739 1569 2061 1638 simpliciter

473 1654 670 1720 fatear,
720 1671 1003 1725 nunquam
1042 1658 1096 1709 in
1151 1656 1360 1711 alienas
1413 1672 1574 1712 aures
1621 1660 1847 1728 protuli,
1888 1675 1958 1714 ne
2006 1669 2060 1716 te

473 1745 693 1800 viderer
725 1747 1144 1817 parvipeudere,
1178 1746 1555 1802 dilectissime.
1606 1749 1837 1814 Quando
1881 1761 2058 1806 autem

474 1839 813 1908 eomplemus
847 1840 1144 1893 orationem
1198 1840 1500 1894 secundum
1557 1842 1722 1894 ritum
1775 1844 2058 1912 mysterio-

2161 671 2350 716 utnon
2378 660 2705 716 ell‘odiamus
2733 673 2880 722 eum,
2913 658 2956 713 si
2989 673 3086 712 nos
3128 657 3597 724 scandalizaverit;
3627 675 3712 713 nec

2159 753 2365 816 manui,
2398 767 2574 821 neque
2618 750 2762 820 pedi,
2795 749 2841 804 si
2872 748 3029 803 nobis
3070 748 3384 802 scandalum
3426 747 3626 804 fecerit.
3661 747 3713 803 Et

2158 858 2257 898 vos
2289 858 2419 913 ergo
2456 843 2573 898 sive
2606 842 2750 895 oculi
2791 841 2988 906 nostri,
3025 839 3138 894 sive
3171 854 3385 902 manus,
3429 839 3537 893 sive
3569 839 3712 906 pedes

2159 933 2398 997 fueritis,
2431 932 2632 988 similia
2686 930 3049 987 sustinebitis.
3081 929 3217 995 Quis
3264 929 3405 983 enim
3443 927 3714 982 catholico-

2158 1040 2279 1080 rum
2336 1025 2509 1094 possit
2557 1038 2714 1093 aequo
2741 1023 2927 1077 animo
2972 1020 3268 1083 sustinere,
3316 1027 3370 1074 et
3421 1034 3598 1073 eorum
3634 1019 3714 1088 qui

2158 1114 2318 1168 fidem
2365 1128 2520 1168 suam
2577 1112 2738 1167 bonis
2777 1111 3039 1181 operibus
3085 1118 3375 1169 exornant.
3418 1117 3476 1161 ut
3518 1107 3716 1160 audiant

2155 1204 2414 1274 Origenis
2456 1203 2764 1257 doctrinam
2798 1211 2960 1272 atque
3009 1201 3322 1262 consilium,
3355 1198 3570 1252 credant
3594 1215 3715 1267 pra:-

2157 1296 2321 1350 clarze
2353 1295 2499 1348 illius
2529 1291 2898 1364 prtedicationi
2932 1311 2945 1347 :
2979 1290 3098 1346 Non
3141 1297 3320 1362 potest
3363 1287 3528 1343 Filius
3553 1289 3717 1344 videre

2158 1383 2391 1450 Patrem,
2448 1398 2626 1452 neque
2681 1382 2919 1452 Spiritus
2987 1388 3214 1436 sanctus
3275 1379 3459 1432 videre
3511 1376 3720 1431 Filium?

2159 1476 2285 1531 Ilaec
2318 1475 2372 1528 in
2405 1475 2560 1530 libris
2609 1473 2747 1542 Περὶ
2809 1472 3012 1542 ἀρχῶν
3046 1471 3386 1533 scribuntur,
3439 1469 3522 1523 his
3558 1469 3718 1523 verbis

2160 1568 2411 1638 legimus,
2461 1575 2516 1622 et
2550 1566 2626 1619 ita
2673 1566 2888 1620 locutus
2938 1570 3022 1618 est
3066 1562 3329 1632 Origenes
3363 1581 3376 1616 :
3417 1560 3558 1614 Sicut
3599 1560 3717 1613 enim

2160 1659 2507 1728 incongruum
2537 1667 2612 1711 est
2642 1657 2839 1718 dicere,
2867 1654 3004 1725 quod
3031 1655 3198 1724 possit
3237 1653 3413 1708 Filius
3437 1653 3598 1706 videre
3628 1651 3718 1704 Pa-

2161 1764 2311 1817 trem,
2365 1755 2441 1807 sic
2501 1754 2876 1821 inconsequens
2929 1759 3006 1803 est
3050 1749 3281 1817 opinari,
3336 1747 3474 1816 quod
3511 1739 3716 1815 Spiritus

2159 1855 2374 1898 sanctus
2419 1845 2585 1912 possit
2643 1842 2815 1896 ridere
2868 1839 3093 1896 Filium.
3161 1838 3298 1892 lllud
3354 1823 3566 1907 quoque
3608 1837 3716 1905 quis

477 1944 622 1993 rum,
657 1937 710 1984 et
735 1944 834 1998 pro
862 1931 1120 1984 omnibus
1167 1940 1219 1984 et
1266 1947 1366 2002 pro
1416 1942 1467 1987 te
1515 1947 1734 2002 quoque
1770 1933 2005 1989 dicimus
2038 1954 2050 1989 :
2087 1935 2129 1989 B
2159 1937 2446 2007 Origenem
2501 1935 2772 1989 dicentem
2810 1933 3074 2003 patiatur,
3113 1931 3260 2001 quod
3298 1929 3516 1991 animm,
3565 1927 3718 1997 angeli

477 2015 700 2071 Custodi
725 2017 875 2070 illum
899 2018 990 2086 qui
1016 2017 1272 2087 praedicat
1301 2020 1570 2072 veritatem
1602 2035 1620 2074 :
1653 2020 1734 2073 vel
1767 2027 1915 2074 certe
1951 2021 2054 2074 ita:

481 2108 561 2162 Tu
585 2118 805 2177 pra'sta,
845 2109 1085 2174 Domine,
1129 2117 1178 2163 et
1205 2110 1435 2172 custodi,
1467 2119 1524 2162 ut
1559 2110 1649 2163 ille
1677 2111 1885 2164 verbum
1922 2126 2059 2178 pra:-

475 2200 612 2254 dicet
658 2201 894 2254 veritatis
927 2217 946 2254 :
977 2202 1120 2256 sicut
1167 2201 1388 2256 occasio
1423 2202 1693 2257 sermonis
1740 2218 1798 2257 se
1852 2203 2056 2266 tulerit,

476 2303 531 2349 et
572 2293 827 2349 habuerit
857 2294 1038 2347 oratio
1077 2295 1546 2365 consequentiam.
1587 2293 1931 2364 Quapropter
1959 2295 2058 2347 ob—

479 2399 638 2440 secro
690 2393 759 2448 te,
816 2385 1199 2449 dilectissime,
1232 2393 1286 2440 et
1338 2385 1631 2440 advolutus
1680 2385 1907 2455 pedibus
1951 2386 2058 2442 tuis

480 2491 693 2545 precor,
727 2485 924 2547 praesta
955 2476 1086 2530 mihi
1113 2483 1168 2530 et
1212 2476 1330 2541 tibi,
1368 2484 1427 2531 ut
1449 2477 1701 2540 salveris,
1736 2473 1896 2532 sic'uti
1923 2477 2062 2532 scri-

477 2574 631 2636 ptum
676 2575 760 2623 est
800 2570 843 2633 ',
879 2585 911 2620 a
943 2567 1278 2636 generatione
1325 2582 1606 2635 perversa;
1659 2575 1712 2623 et
1751 2569 1943 2623 recede
1992 2569 2059 2622 ab

446 2727 451 2732 _
483 2657 677 2711 Imresi
722 2657 998 2728 Origenis,
1030 2664 1086 2711 et
1117 2672 1147 2710 a
1199 2659 1416 2715 cunctis
1460 2658 1784 2720 lia-resibus.
1821 2660 2056 2716 dilectis-

482 2752 641 2804 sime.
665 2748 840 2804 Video
866 2749 1012 2803 enim
1042 2749 1187 2818 quod
1223 2756 1444 2818 propter
1462 2749 1605 2802 hanc
1630 2764 1852 2803 causam
1883 2751 2061 2806 omnis

482 2848 664 2896 vestra
709 2837 808 2909 [al.
867 2828 1081 2909 nostra]
1131 2837 1430 2908 indignatio
1479 2839 1749 2894 concitata
1789 2840 1881 2902 sit,
1917 2841 2062 2910 quod

482 2931 713 2986 dixerim
754 2929 912 2986 vobis
957 2929 1070 2983 Arii
1116 2937 1325 2999 patrem
1355 2929 1490 3000 (95),
1533 2942 1588 2986 et
1627 2930 1857 2985 aliarum
1892 2933 2062 2988 haere-

483 3037 615 3078 seon
643 3021 905 3084 radicem,
939 3029 992 3075 et
1023 3029 1302 3091 parentem
1328 3021 1556 3077 laudare
1585 3037 1695 3077 non
1740 3022 1967 3079 debetis.
2001 3024 2065 3079 Et

481 3127 608 3168 cum
635 3126 732 3166 vos
782 3124 1054 3182 rogarem,
1097 3124 1166 3164 ne
1212 3109 1286 3163 ita
1329 3111 1610 3174 erraretis,
1657 3117 1711 3165 et
1762 3125 2060 3176 monerem,

482 3201 916 3266 contradixistis,
962 3209 1018 3256 et
1054 3215 1143 3255 me
1191 3201 1258 3255 ad
1309 3200 1422 3272 (96)
1467 3202 1749 3256 tristitiam
1797 3210 1960 3272 atque
1988 3204 2067 3257 la-

481 3307 698 3364 crymas
731 3291 1062 3346 adduxistis.
1113 3289 1233 3346 Non
1275 3293 1454 3347 solum
1503 3299 1685 3348 autem
1727 3309 1834 3358 me,
1883 3292 2066 3348 sedet

483 3385 622 3440 alios
662 3385 934 3454 plurimos
980 3383 1285 3439 catholicos
1321 3385 1416 3454 qui
1451 3385 1774 3440 intererant.
1818 3385 1965 3451 Inde,
2007 3391 2067 3438 ut

483 3479 748 3547 intelligo,
794 3478 909 3531 haec
939 3484 1023 3530 est
1067 3477 1245 3530 omnis
1289 3477 1608 3546 indignatio,
1648 3489 1702 3533 et
1739 3478 1844 3532 iste
1876 3477 2049 3531 furor.

485 3569 553 3624 Et
601 3569 807 3622 idcirco
846 3567 1275 3631 comminamini,
1302 3568 1448 3637 quod
1494 3569 1720 3624 mittatis
1765 3569 2060 3623 adversum

487 3674 575 3714 me
604 3658 889 3728 epistolas,
918 3667 979 3713 ut
1023 3659 1130 3712 huc
1159 3657 1395 3726 illucque
1432 3673 1614 3714 sermo
1643 3668 1824 3714 vester
1855 3660 2070 3714 discur-

487 3757 604 3814 rat',
628 3756 682 3804 et
723 3757 945 3819 propter
964 3747 1333 3802 defensionem
1360 3749 1630 3805 haereseos
1657 3750 1948 3804 adversum
1982 3763 2080 3825 me.

486 3841 611 3896 odia
651 3841 998 3905 suscitantes,
1043 3839 1296 3910 rumpitis
1323 3841 1642 3894 charitatem
1678 3856 1844 3910 quam
1881 3842 1935 3894 in
1971 3856 2066 3895 vos

488 3932 778 3986 habuimus
809 3950 820 3985 :
859 3932 912 3986 in
947 3940 1156 3985 tantum
1191 3938 1248 3984 ut
1281 3931 1519 3986 feceritis
1556 3945 1655 3986 nos
1679 3932 1843 3986 etiam
1889 3932 2068 4002 poeni-

489 4024 712 4078 tentiam
754 4037 932 4094 agere,
959 4037 1129 4093 quare
1170 4023 1326 4076 vobis
1348 4022 1955 4086 communicaverimus,
1989 4021 2062 4075 ita

489 4117 740 4186 O'rigenis
791 4133 1005 4172 errores
1036 4124 1089 4170 et
1135 4117 1388 4186 dagmata
1435 4115 1788 4171 defendentes
1823 4114 1961 4186 (97).

561 4203 648 4260 IV.
690 4205 1020 4278 Simpliciter
1047 4206 1240 4276 loquor
1273 4204 1372 4276 (at.
1421 4202 1637 4276 loquar]
1672 4221 1686 4258 :
1725 4202 1834 4258 Nos
1877 4217 2074 4258 secun-

560 4344 578 4376 ¹
622 4343 916 4408 Psal.cx1.,
945 4346 1000 4399 4.
1078 4347 1098 4376 ⁸
1139 4344 1294 4398 Deut.
1330 4361 1506 4410 xxxii,
1540 4345 1592 4398 5.

565 4457 677 4526 (95)
709 4457 824 4512 Duo
843 4458 1008 4511 verba
1034 4458 1306 4527 Origenem
1328 4459 1548 4523 scilicet,
1568 4467 1689 4527 post
1711 4461 1750 4511 Α
1762 4460 1826 4511 rii
1848 4470 2071 4525 patrem,

495 4526 584 4579 hic
599 4527 1014 4590 inseruntediti,
1034 4526 1153 4594 qu.e
1168 4538 1348 4581 tamen
1371 4529 1502 4580 nulli
1521 4526 1655 4580 IIISS.
1679 4539 2003 4597 agnoscunt,
2020 4538 2076 4582 et

2161 2026 2365 2081 fuerint
2402 2026 2454 2079 in
2496 2026 2654 2080 etelis
2687 2042 2700 2078 :
2733 2031 2790 2079 et
2835 2031 3119 2094 postquam
3160 2022 3512 2094 peccaverint
3554 2020 3601 2071 in
3641 2036 3721 2072 su-

2160 2117 2367 2187 peruis.
2393 2116 2636 2185 dejectas
2657 2130 2781 2171 esse
2818 2115 2872 2169 in
2905 2113 3070 2168 istum
3101 2111 3391 2175 mundum,
3423 2119 3474 2166 et
3507 2109 3648 2179 quasi
3679 2110 3722 2160 in

2161 2207 2400 2260 tumulos
2436 2215 2491 2260 et
2524 2205 2796 2276 sepulcra,
2833 2204 2914 2259 sic
2945 2204 2998 2259 in
3041 2217 3273 2273 corpora
3311 2202 3419 2258 ista
3461 2204 3723 2272 relegatus,

2161 2315 2351 2370 pomus
2367 2299 2720 2368 antiquorum
2741 2297 2891 2351 luere
2913 2294 3302 2366 peccatorum?
3321 2301 3376 2349 et
3393 2308 3610 2362 corpora
3628 2306 3725 2345 cre-

2159 2387 2404 2442 dentium
2440 2401 2548 2440 non
2583 2385 2781 2454 templa
2804 2384 3006 2438 Christi
3031 2399 3176 2447 esse,
3204 2381 3298 2437 sed
3318 2397 3566 2436 carceres
3586 2381 3722 2434 dam-

2161 2477 2459 2532 natorum?
2493 2475 2703 2531 Exinde
2747 2475 3029 2530 veritatem
3063 2474 3328 2538 historiae,
3349 2472 3614 2542 allegoria:
3645 2471 3723 2523 dc-

2161 2584 2397 2640 pravans
2448 2566 2735 2622 mendacio
2764 2607 2778 2633 ,
2817 2566 3031 2620 infinita
3080 2566 3244 2618 verba
3300 2563 3648 2632 multiplicat;
3680 2566 3726 2614 et

2162 2660 2440 2730 simplices
2479 2673 2727 2728 quosque
2763 2657 2914 2711 varia
2967 2658 3324 2726 persuasione
3370 2655 3724 2724 supplantans,

2161 2766 2311 2805 nunc
2349 2749 2548 2806 asserit
2583 2749 2820 2812 animas,
2865 2747 3022 2817 juxta
3070 2745 3316 2800 Graecam
3371 2743 3724 2815 etymologiam

2161 2843 2340 2914 ψυχὰς
2370 2842 2479 2895 ἀπὸ
2503 2840 2598 2894 τοῦ
2626 2838 2897 2911 ψύχεσθαι
2927 2838 3038 2908 (98)
3072 2838 3280 2891 idcirco
3310 2837 3591 2895 voritatas,
3618 2836 3724 2901 quia

2162 2935 2232 2989 de
2261 2932 2579 2988 cmlestibus
2605 2931 2670 2985 ad
2697 2929 2957 2987 inferiora
2983 2929 3283 2990 venientes,
3306 2929 3541 2980 calorem
3563 2923 3728 2994 pristi-

2163 3043 2293 3082 num
2317 3025 2628 3080 amiserint:
2655 3037 2803 3077 nunc
2825 3036 3028 3092 corpus
3047 3019 3172 3083 hoc,
3200 3019 3272 3072 ob
3289 3018 3344 3071 id
3363 3018 3517 3087 juxta
3534 3015 3727 3068 Griecos

2162 3119 2354 3189 δέμας,
2394 3115 2446 3170 id
2487 3122 2591 3182 est,
2620 3112 2910 3178 vinculum,
2946 3111 3061 3167 sive
3079 3109 3235 3178 juxta
3262 3107 3426 3161 aliam
3457 3105 3728 3176 proprieta-

2167 3215 2299 3270 tem,
2325 3206 2560 3262 cadaver
2582 3204 2688 3259 dici
2708 3201 2822 3274 (99)
2848 3217 2861 3254 :
2895 3201 3022 3271 quia
3044 3199 3237 3252 animae
3257 3195 3325 3252 de
3347 3197 3488 3250 caelo
3510 3191 3724 3248 ruerint:

2172 3298 2330 3369 261
2363 3312 2394 3350 a
2439 3295 2717 3366 plerisque
2760 3302 2941 3347 autem
2994 3288 3298 3345 secundum
3335 3287 3538 3341 variam
3579 3279 3727 3337 Cruci

2173 3388 2446 3446 sermonis
2497 3385 2893 3458 supellectilem
2956 3381 3150 3452 σῶμα,
3214 3377 3281 3446 id
3343 3386 3464 3444 est,
3526 3388 3728 3442 corpus,

2174 3477 2345 3549 σῆμα,
2397 3476 2449 3530 id
2497 3483 2582 3530 est
2643 3480 3042 3527 monumentum
3086 3467 3468 3538 interpretari,
3505 3480 3568 3520 eo
3600 3464 3725 3533 quod

2175 3571 2250 3625 ita
2297 3569 2538 3623 animam
2595 3566 2652 3620 in
2688 3582 2749 3622 se
2792 3565 3037 3620 clausam
3089 3563 3307 3625 habeat,
3357 3557 3624 3632 quomodo
3659 3570 3731 3610 se-

2177 3661 2371 3732 pulcra
2401 3668 2458 3715 et
2493 3659 2687 3714 tumuli
2736 3657 3006 3712 cadavera
3047 3664 3414 3708 mortuorum.
3462 3649 3529 3704 Et
3569 3649 3611 3704 si
3643 3647 3733 3700 hoc

2175 3767 2364 3808 verum
2392 3758 2498 3816 est,
2551 3749 2642 3806 ubi
2695 3757 2781 3805 est
2822 3747 2957 3804 ﬁdes
3009 3746 3237 3802 nostra?
3278 3746 3373 3800 ubi
3427 3739 3731 3815 praeconium

2177 3842 2642 3899 resurrectionis?
2693 3841 2786 3895 ubi
2837 3839 3141 3909 apostolica
3191 3836 3480 3898 doctrina,
3531 3845 3642 3900 quae
3685 3827 3732 3880 in

2179 3932 2445 3987 Ecclesiis
2477 3931 2682 3985 Christi
2738 3930 3023 3998 hucusque
3058 3926 3359 3998 perdurat?
3410 3924 3500 3980 ubi
3543 3922 3627 3975 illa
3662 3918 3734 3971 bc-

2181 4025 2420 4080 nedictio
2450 4022 2517 4076 ad
2546 4022 2720 4076 Adam
2767 4027 2822 4074 et
2853 4019 2920 4074 ad
2959 4034 3144 4074 semen
3185 4017 3329 4085 ejus,
3363 4024 3417 4071 et
3447 4013 3510 4068 ad
3560 4010 3662 4066 Noe
3687 4015 3733 4062 et

2175 4117 2242 4170 ad
2276 4115 2416 4169 filios
2443 4114 2564 4182 ejus
2599 4112 2618 4143 ³
2643 4129 2656 4164 :
2681 4109 2910 4166 Crescite
2936 4119 2985 4163 et
3012 4108 3468 4176 multiplicamini,
3494 4114 3540 4157 et
3570 4099 3734 4169 replete

2179 4213 2373 4261 terram
2401 4207 2424 4260 ?
2465 4201 2586 4258 Jam
2615 4202 2760 4257 enim
2792 4216 2902 4255 non
2931 4199 3037 4254 erit
3085 4196 3417 4262 benedictio,
3469 4191 3560 4250 sed
3590 4189 3734 4245 male-

1673 4345 1694 4376 ³
1733 4343 1867 4398 Gen.
1904 4359 1944 4408 ι,
1992 4344 2096 4412 28;
2132 4362 2208 4413 ιιι,
2239 4346 2293 4400 7.

2183 4459 2378 4513 afferre
2422 4458 2597 4512 satius
2636 4463 2774 4518 erat,
2822 4463 2882 4508 ut
2929 4466 3092 4522 supra
3130 4451 3221 4510 sit,
3256 4458 3422 4525 atque
3457 4443 3590 4525 infra
3619 4459 3630 4495 :

2184 4540 2364 4582 tamen
2398 4527 2570 4581 Vatic.
2603 4534 2656 4580 et
2689 4515 2941 4579 Ambros.
2989 4515 3122 4576 t'uss.
3175 4515 3444 4575 vocabulo
3492 4515 3658 4582 σῶμαῩ
3690 4515 3735 4557 et

496 4578 1160 4667 host-orumauctoriiate
1184 4578 1500 4664 tanquamm
2109 4578 2154 4636 Ι)
2481 4578 2914 4667 est—expunctis,
2937 4585 3442 4667 cetttinlto_legutit,
3478 4578 3735 4667 secundat-tif

497 4665 746 4734 profecta
777 4665 1164 4734 expttnximtls.

569 4733 934 4855 (96.)jbsuut
972 4749 1001 4786 a
1058 4733 1239 4788 Vatie.
1277 4733 1486 4787 voculae
1531 4750 1610 4787 me
1665 4733 1756 4793 ad.
1810 4746 1862 4790 et
1910 4738 2074 4806 paulo

573 4815 621 4855 st
650 4821 703 4855 m
743 4820 791 4855 e.
1217 4851 1223 4855 .

573 4815 621 4858 ει
650 4815 791 4857 tilde.
1217 4851 1223 4856 .

499 4819 862 4944 po(597‘)"al7lud
915 4851 1249 4943 defendentes
1298 4872 1364 4926 ad
1414 4890 1508 4927 nos
1552 4873 1840 4930 commode
1882 4875 2076 4930 referri

502 4953 716 5016 potest:
750 4945 1096 5016 Arnbrosian.
1136 4960 1256 5012 qua:
1282 4951 1463 5016 tamen
1483 4944 1762 5012 exemplar
1791 4961 1914 4999 eum
1936 4945 2079 5016 legat

499 5013 922 5082 defendentibus,
955 5014 1125 5068 refert
1151 5016 1216 5067 ad
1249 5013 1414 5069 vobis.

573 5085 689 5154 (98)
730 5083 1074 5154 Vetustiores
1100 5085 1230 5138 editi
1266 5084 1374 5138 ἀπὸ
1398 5081 1882 5154 τοῦἑψυχρίζεσοαι
1910 5083 1964 5135 id
2001 5093 2079 5136 est

503 5171 537 5205 a
557 5152 909 5223 frigescendq,
939 5155 1156 5210 idcirco.
1189 5165 1295 5208 etc.
1329 5154 1414 5208 Al.
1454 5151 1519 5205 ab
1545 5151 1940 5223 angelescendo,
1976 5154 2077 5220 leg.

505 5219 1080 5292 algescendoawtiose
1120 5223 1300 5276 Vatia.
1346 5223 1509 5290 juxta
1561 5219 1801 5292 ercam
1833 5219 2083 5290 etymolo-

506 5290 668 5362 giam,
722 5290 862 5362 quod
907 5308 1129 5360 corpora
1175 5309 1407 5347 carceres
1450 5292 1633 5356 dicas,
1681 5291 1913 5362 idcirco,
1965 5302 2074 5344 etc.

505 5348 678 5414 ἴδοιτε
710 5348 1036 5416 sententiam
1064 5363 1208 5415 hanc
1239 5378 1266 5415 a
1289 5362 1601 5431 Pythagora
1621 5348 1756 5429 'post
1777 5348 2080 5425 Platonem,

507 5430 796 5498 Origeuem
823 5431 1092 5496 hausisse,
1126 5441 1209 5486 est
1235 5433 1391 5500 longe
1426 5430 1794 5485 notissimum.

580 5501 692 5568 (99)
739 5500 952 5554 Mallem
1004 5502 1182 5568 ipsum
1239 5499 1402 5554 etiam
1439 5501 1688 5555 Graecum
1741 5515 1940 5553 nomen
1995 5499 2080 5551 in-

509 5571 640 5639 seri,
667 5577 719 5622 et
748 5571 852 5639 legi
883 5569 1047 5639 juagta
1083 5571 1248 5623 aliam
1281 5572 1648 5639 proprietatem
1689 5569 1892 5639 πτῶμα
1925 5569 1976 5620 id
2007 5577 2084 5622 est

509 5634 753 5708 cadauer,
800 5634 926 5708 nam
960 5637 1146 5695 Graece
1176 5634 1385 5708 corpus
1415 5638 1667 5692 exanime
1709 5634 1912 5708 πτῶμα,
1955 5639 2087 5690 diei-

512 5711 623 5758 l-UI'.
655 5705 761 5772 ᾇπδ
791 5707 886 5760 τοῦ
929 5709 1171 5772 πίπτειν,
1210 5705 1290 5762 αι’
1319 5706 1510 5759 Latine
1543 5709 1766 5760 cadaver
1793 5705 2086 5761 deducitur

511 5771 844 5855 tendendo,
879 5777 1147 5855 siquidem
1186 5779 1358 5846 ipsam
1394 5774 1637 5855 Grzccam
1665 5776 2084 5855 etymologiam,

521 5847 686 5903 quam
727 5845 792 5898 ad
831 5845 1084 5901 hant‘csim
1138 5843 1294 5904 suam
1326 5843 1617 5912 torquebat
1660 5843 1944 5913 Origenes,
1998 5846 2086 5901 hic

2175 4649 2383 4720 uarium
2410 4649 2609 4720 (nec;
2644 4649 2900 4717 sier-monis,
2955 4649 3325 4730 supellectilem
3377 4670 3562 4730 corpus
3609 4649 3733 4730 si)!“

2177 4737 2230 4788 id
2275 4745 2378 4797 cst,
2437 4734 2747 4788 memoriam
2795 4725 3356 4803 (alamonumenturn)
3408 4725 3732 4803 interpretati:

2175 4806 2331 4859 Plato
2368 4795 2436 4859 ex
2477 4805 2637 4872 cujus
2683 4795 2954 4857 sententia
2993 4800 3264 4872 Origenes
3306 4795 3522 4872 loeutus
3549 4795 3735 4872 ἐει-[τι

2178 4874 2422 4944 δναιυίοι
2465 4886 2518 4930 ει
2545 4865 2782 4946 'Gorgia,
2814 4865 3300 4946 corpora_aiiiniis
3352 4865 3737 4946 deservire“?-

2175 4937 2874 5017 pulcrorumhvice;dixit,
2908 4937 2978 5017 ἐι
3013 4938 3195 5017 adipe.
3235 4937 3396 5017 quasi
3435 4937 3736 5017 ξῖῆιέηαὼηξξξ

2179 5002 2462 5084 cupatutn.
2495 5013 2605 5084 Ka).
2639 5002 2747 5082 τὰρ
2778 5002 3110 5084 trima-eivs;
3137 5002 3302 5084 φξσῐν
3335 5002 3465 5084 aii-5‘0
3494 5002 3621 5084 sive:

2179 5073 2357 5154 ψυᾶίῆς
2392 5073 2893 5154 ὼςρτεορὰμμὲνῆς
2925 5081 2984 5131 ἐν
3150 5073 3246 5154 Way
3288 5073 3536 5153 πᾳρόνῖι.
3558 5075 3737 5154 ει

2182 5143 2920 5221 ίειῖῖιῆιιιειλιίἰιείξιιεςιίτιι
2948 5143 3160 5201 audire.
3195 5143 3404 5196 Etenim
3437 5143 3595 5221 Cit—olm
3621 5144 3735 5221 "2T

2183 5223 2320 5276 nulli
2346 5210 2507 5275 'aiunt
2542 5237 2653 5274 esse
2697 5210 2864 5272 animi
2907 5221 3078 5287 σῆμα,
3120 5211 3474 5287 tanquuntcd
3510 5210 3600 5287 hoc

2183 5275 2300 5345 dem
2330 5302 2529 5359 tempus
2561 5293 2744 5343 anima
2782 5289 2847 5360 sit
2891 5287 2943 5339 in
2963 5275 3479 5360 'corpofeiisePIEl‘m
3499 5275 3735 5360 ,τειηῖῗίξξ

2183 5363 2298 5415 ideo
2329 5373 2408 5415 est
2433 5345 2627 5430 ’σῆμαν
2672 5359 2923 5428 quoniam
2966 5345 3538 5430 certioris}ministerio
3576 5345 3735 5430 ,εέέίέἓτ

2184 5432 2368 5483 anima
2403 5429 2470 5482 ad
2498 5415 2588 5483 éas
2615 5415 2730 5500 ires,
2783 5443 2915 5500 quas
2953 5415 3099 5500 sibi“
3123 5419 3422 5500 obsignat-it
3459 5415 3734 5500 signiﬁcat)?"

2185 5501 2306 5563 das,
2350 5487 2825 5568 explicandaque.
2855 5495 2918 5547 Et
2953 5494 3021 5568 in
3058 5487 3272 5568 Gorgia,
3327 5488 3435 5540 Καὶ

2185 5550 2306 5622 ὅντί
2331 5550 2458 5632 icui;
2485 5550 2774 5635 τὲΟναμέν,
2801 5565 2937 5634 ὅπερ
2965 5563 3064 5633 ἤδη
3100 5550 3200 5614 mi)
3231 5560 3404 5624 ἔγωγε
3434 5550 3523 5606 καὶ
3551 5550 3732 5669 flaccum

2192 5638 2302 5669 ...τω
2347 5637 2527 5669 πωλέ’...
2565 5637 2639 5669 ,ειρ
2847 5635 3006 5669 ὗιηεῖι·
3062 5631 3349 5669 θέην-γαῖν-
3401 5625 3491 5669 καὶ
3537 5636 3564 5667 τ
3649 5608 3732 5669 μὲν

2192 5638 2302 5692 τῶν
2347 5608 2527 5705 σοβῶν
2565 5637 2639 5698 ὼς
2654 5608 2788 5687 Γνῦῖθ
2816 5608 3364 5705 ,ἡᾷεῖὲ-Ιτέθναμὲννι
3401 5625 3491 5675 καὶ

2191 5691 2351 5776 σῶμά
2391 5691 2539 5758 ὲέιτιν
2587 5691 2746 5776 ἡμῶν
2780 5691 2948 5776 σῆῥῖα,
2988 5691 3071 5756 Ει
3095 5716 3210 5776 nos
3233 5691 3440 5749 'revera
3477 5691 3729 5776 91992“:

2191 5750 2351 5776 *νη-’ν-
2392 5750 2533 5784 "."'
2594 5750 2738 5782 'u—"x
2785 5750 2948 5771 -π--Ἷ
3007 5750 3070 5756 ην
3477 5775 3490 5788 ,
3631 5751 3641 5760 -
3687 5750 3732 5798 ει

2190 5778 2324 5829 lllud
2366 5791 2511 5829 ειιιιη
2547 5791 2577 5827 a
2615 5775 2960 5842 sapientibus
3005 5770 3188 5842 audtvr
3223 5781 3322 5819 nos
3352 5777 3490 5842 nunc
3521 5766 3664 5842 tuo".

2190 5854 2442 5900 nostrum
2470 5843 2628 5913 σῶμα
2662 5831 2888 5912 corpus,
2919 5856 3032 5897 esse
3061 5841 3232 5907 σῆμα,
3259 5831 3580 5904 sepulcrum.
