3988 6426
274 246 391 308 382$

1241 284 1579 345 EPISTOLA
1619 290 1711 346 AD
1746 289 1944 350 JOAN.
1986 292 2204 352 EPlSC.
2246 295 2611 355 lllEROSOL.

3440 292 3548 352 586

284 397 482 464 dictio,
504 396 667 469 juxta
699 399 1011 472 Origenem,
1048 400 1142 473 qui
1190 407 1414 477 angelos
1456 403 1617 465 vertit
1644 412 1704 466 in
1749 413 1864 466 ani-
1893 419 1937 474 Α
1964 428 2090 469 vere
2119 430 2133 465 :
2174 414 2285 469 Hoc
2310 432 2448 470 nunc
2472 434 2529 471 os
2550 431 2616 471 ex
2640 414 2845 471 ossibus
2881 415 3029 483 meis,
3062 424 3112 471 et
3143 431 3269 471 caro
3292 414 3356 471 de
3379 431 3542 475 carne

286 505 442 557 mas,
481 499 539 547 et
565 492 639 548 de
678 493 897 550 sublimi
942 492 1162 566 fastigio
1201 497 1483 568 dignitatis
1515 501 1644 558 facit
1680 507 1748 559 ad
1782 506 1865 560 in-

286 581 491 637 feriora
520 582 879 649 descendere,
903 586 1063 668 quasi
1092 584 1237 642 Deus
1266 590 1454 659 generi
1479 591 1721 648 humano
1754 610 1864 649 non

286 669 466 738 possit
492 669 710 727 animas
745 684 842 740 per
865 670 1300 729 benedictionem
1335 676 1492 743 dare,
1547 680 1655 736 nisi
1683 682 1864 753 angeli

287 760 674 828 peccaverint;
717 771 772 816 et
802 769 900 816 .tot
936 762 993 817 in
1026 763 1169 819 coelo
1217 765 1330 820 sint
1378 768 1575 834 ruinae,
1628 781 1765 841 quot
1805 773 1864 829 in

288 861 438 906 terra
494 852 828 908 nativitates.
890 851 1218 910 Dimittenda
1267 871 1399 928 ergo
1436 859 1596 916 nobis
1630 869 1719 918 est
1762 862 1865 918 do-

287 942 471 996 ctrina
517 942 888 1013 apostolorum
937 952 995 999 et
1043 946 1459 1016 prophetarum,
1517 958 1574 1006 et
1624 952 1760 1022 legis
1810 962 1866 1009 ct

289 1033 466 1101 ipsius
498 1031 714 1087 Domini
743 1033 1047 1091 Salvatoris
1072 1037 1129 1092 in
1162 1038 1460 1111 Evangelio
1497 1047 1860 1113 pertonantis.

232 1165 239 1170 .
288 1120 333 1174 Ε
351 1123 634 1176 contrario
662 1122 922 1194 Origenes
944 1126 1210 1197 praecipit,
1240 1138 1294 1184 et
1321 1130 1495 1201 legem
1523 1132 1637 1198 dat,
1672 1144 1729 1189 ut
1753 1149 1865 1190 non

290 1211 469 1266 dicam
497 1214 822 1284 constringit
867 1215 1167 1287 discipulos
1200 1234 1354 1288 suos,
1410 1237 1478 1278 ne
1503 1225 1628 1294 quls
1657 1234 1777 1281 oret
1805 1227 1860 1281 in

289 1302 489 1357 caelum
536 1305 850 1370 ascendere,
892 1321 962 1362 ne
1004 1307 1160 1378 pejus
1192 1308 1390 1366 iterum
1429 1328 1664 1382 peccans
1701 1330 1864 1386 quam

287 1395 342 1450 in
373 1396 538 1450 terris
564 1405 690 1457 ante
719 1408 1061 1466 peccaverat,
1077 1402 1459 1472 praecipitetur
1491 1406 1547 1461 in
1580 1408 1863 1464 mundum.

287 1483 614 1555 Quanquam
659 1485 971 1555 istiusmodi
1005 1505 1182 1561 nugas
1204 1499 1261 1547 et
1285 1493 1647 1550 deliramenta
1690 1499 1865 1553 soleat

286 1574 381 1630 ille
409 1573 819 1644 Scripturarum
850 1577 1300 1648 interpretatione
1330 1598 1593 1652 perversa
1621 1593 1675 1641 et
1714 1587 1863 1642 aliud

286 1663 659 1735 signiﬁcante,
703 1681 868 1739 quam
898 1670 1044 1739 quod
1100 1685 1286 1727 verum
1326 1681 1431 1738 est,
1465 1674 1754 1740 allirmare,
1784 1676 1867 1731 di—

1966 517 2078 556 mea
2109 504 2148 555 ⁸.
2180 504 2287 557 Aut
2316 503 2462 560 unde
2491 513 2832 574 assumptum
2852 511 2936 560 est
2961 505 3115 568 illud,
3138 508 3282 576 quod
3316 506 3540 561 divinus

1965 605 2147 646 sermo
2177 599 2453 647 testatur:
2488 592 2558 647 Et
2602 593 2782 658 injecit
2814 593 2955 648 Deus
2993 609 3224 663 soporem
3258 596 3315 648 in
3339 595 3534 663 Adam,

1964 670 2014 735 et
2065 680 2357 735 dormivit:
2389 691 2441 736 et
2480 685 2703 751 sumpsit
2753 698 2916 737 unam
2966 683 3033 739 de
3081 686 3243 738 costis
3290 685 3439 753 ejus;
3485 694 3537 739 et

1966 771 2269 840 adimplevit
2319 788 2415 841 pro
2469 788 2532 827 ea
2587 788 2820 840 carnem,
2872 783 2921 827 et
2974 772 3253 839 adiﬁcauit
3313 782 3535 836 costam,

1964 879 2123 933 quam
2158 863 2352 917 tulerat
2388 878 2453 918 ex
2478 878 2560 926 eo,
2593 863 2679 916 illi
2711 865 2767 917 in
2793 879 3010 918 uxorem
3046 864 3104 916 ‘?
3129 864 3235 916 Aut
3270 877 3390 933 quae
3416 876 3541 916 cor-

1964 969 2097 1024 pora
2149 934 2468 1026 contegebat
2522 954 2692 1009 Adam
2729 966 2792 1010 et
2830 954 2938 1009 Eva
2993 954 3139 1009 loliis
3180 954 3336 1018 licus,
3390 959 3541 1022 post-

1962 1060 2129 1115 quam
2183 1045 2538 1100 comederunt
2592 1045 2662 1100 de
2711 1045 2905 1100 arbore
2952 1043 3151 1099 vetita?
3190 1043 3324 1109 Quis
3360 1051 3540 1097 autem

1964 1138 2237 1206 patienter
2276 1135 2416 1191 ferat
2446 1134 2738 1206 Origenem
2776 1134 3004 1189 lubricis
3048 1129 3542 1203 argumentationi-

1964 1228 2069 1282 bus
2100 1227 2560 1282 resurrectionem
2607 1225 2794 1280 carnis
2846 1225 3010 1292 hujus
3053 1230 3363 1292 negantem,
3398 1221 3543 1275 sicut

1965 1318 2213 1373 declarat
2258 1315 2714 1373 manifestissime
2755 1317 2813 1370 in
2856 1306 3141 1369 volumine
3188 1310 3544 1382 Explanatio-

1964 1422 2096 1462 num
2143 1406 2306 1477 primi
2357 1406 2577 1477 psalmi,
2610 1412 2667 1461 et
2707 1408 2765 1460 in
2812 1404 2935 1460 aliis
2984 1401 3175 1457 multis
3222 1400 3397 1455 locis?
3431 1397 3545 1452 Aut

1967 1498 2091 1567 quis
2122 1497 2311 1551 audiat
2354 1497 2412 1551 in
2459 1497 2631 1550 tertio
2654 1493 2797 1550 caslo
2834 1493 3128 1547 donantem
3161 1489 3323 1545 nobis
3354 1485 3538 1556 Orige-

1966 1602 2090 1642 ncm
2129 1586 2471 1658 paradisum,
2503 1592 2559 1641 et
2592 1586 2744 1639 illum
2780 1597 2941 1652 quem
2981 1580 3263 1650 Scriptura
3292 1592 3541 1633 comme-

1966 1685 2166 1743 morat,
2227 1676 2296 1731 de
2349 1683 2497 1729 terra
2551 1675 2618 1729 ad
2667 1672 2912 1729 coelestia
2973 1669 3442 1725 transferentem:
3488 1679 3547 1726 et
3650 1664 3655 1669 ’

283 1768 421 1810 cens
451 1753 823 1826 :_Priusquam
871 1773 906 1811 a
956 1759 1167 1815 malitia
1219 1761 1535 1818 humiliarer
1583 1780 1679 1834 ego
1720 1764 1864 1819 deli-
1896 1782 1940 1838 Β
1966 1780 2161 1820 omnes
2196 1766 2422 1820 arbores
2453 1779 2576 1834 quae
2600 1763 2923 1819 scribuntur
2964 1761 3020 1815 iu
3048 1758 3268 1824 Genesi,
3301 1759 3384 1813 sic
3412 1759 3548 1815 alle-

283 1845 373 1914 qui
413 1844 469 1911 ’;
503 1854 559 1900 et
584 1845 718 1901 illud
754 1865 768 1901 :
802 1846 1095 1916 Revertere,
1145 1853 1327 1906 anima
1370 1870 1507 1918 mea,
1546 1856 1599 1908 in
1634 1856 1865 1926 requiem

283 1946 437 1990 tuam
466 1937 521 2003 ²;
568 1952 780 1993 necnon
807 1948 862 1994 et
890 1939 1023 1994 illud
1051 1962 1064 1997 :
1100 1939 1252 1995 Educ
1295 1942 1359 1998 de
1388 1960 1598 2000 carcere
1631 1948 1866 2002 animam

287 2038 463 2076 meam
494 2022 518 2054 ⁸
537 2041 553 2089 ;
593 2033 648 2079 et
674 2024 732 2079 in
767 2025 877 2081 alio
908 2026 1028 2082 loco
1054 2046 1069 2081 :
1099 2027 1400 2099 Conﬁtebor
1427 2032 1656 2089 Domino
1695 2037 1748 2091 in
1791 2053 1867 2093 re-

280 2113 439 2182 gione
482 2114 801 2184 vivorum‘;
848 2131 973 2171 cum
1028 2119 1171 2176 alius
1219 2123 1410 2191 procul
1458 2123 1625 2179 dubio
1673 2140 1866 2183 sensus

249 2203 588 2274 'Scripturaa
633 2205 832 2261 divina:
877 2208 969 2274 sit,
1009 2224 1173 2278 quam
1204 2211 1294 2275 ille
1334 2212 1391 2267 in
1426 2213 1677 2270 haeresim
1708 2232 1862 2273 suam

284 2295 523 2366 maligna
558 2297 1016 2367 interpretatione
1046 2301 1355 2372 detorquet.
1390 2302 1546 2370 Quod
1577 2305 1785 2362 faciunt
1811 2317 1863 2364 et

284 2386 591 2451 Manichmi,
624 2397 681 2444 et
718 2389 990 2456 Gnostici,
1043 2400 1099 2447 et
1140 2391 1428 2460 Ebionitaa,
1472 2403 1529 2451 et
1574 2396 1867 2455 Marcionis

282 2485 606 2545 sectatores,
641 2486 697 2534 et
741 2480 860 2535 alia:
906 2481 1146 2538 haereses
1182 2500 1411 2540 numero
1450 2489 1731 2559 octoginta
1763 2489 1783 2555 (
1793 2489 1862 2560 1),

282 2584 406 2638 quae
434 2569 503 2626 de
543 2571 842 2640 purissimo
874 2572 1284 2644 Scripturarum
1335 2575 1485 2634 fonte
1523 2587 1864 2638 assu‘mentes

282 2660 623 2723 testimonia,
653 2677 763 2716 non
799 2663 873 2717 ita
908 2664 1358 2736 interpretantur,
1391 2675 1448 2723 ut
1480 2671 1685 2739 scripta
1711 2681 1861 2739 sunt,

281 2749 380 2805 sed
417 2750 819 2822 simplicitatem
869 2757 1139 2813 sermonis
1189 2758 1548 2815 ecclesiastici
1589 2761 1645 2816 id
1674 2763 1865 2819 volunt

280 2841 621 2911 signiﬁcare,
656 2845 802 2914 quod
834 2847 939 2917 ipsi
967 2849 1230 2904 sentiunt.

353 2928 417 2983 V.
461 2930 599 2986 Illud
625 2947 844 3003 quoque
869 2934 1016 3004 quod
1058 2950 1308 2994 asserere
1332 2939 1544 3008 nititur,
1576 2939 1864 2999 doleamne

283 3035 355 3075 an
398 3020 608 3078 rideam
659 3025 871 3081 nescio.
912 3025 1115 3081 Doctor
1159 3030 1412 3100 egregius
1455 3030 1532 3102 (2)
1561 3031 1726 3087 audet
1765 3031 1863 3087 do-

1964 1852 2152 1921 gorice
2202 1850 2619 1921 intelligentem,
2668 1849 2815 1920 quod
2862 1848 3073 1903 scilicet
3103 1846 3329 1903 arbores
3383 1862 3549 1918 ange-

1966 1939 2084 1993 lica:
2118 1937 2470 1994 fortitudines
2519 1938 2654 2003 sint,
2706 1954 2832 1992 cum
2869 1938 2973 1991 hoc
3002 1935 3206 1991 veritas
3248 1951 3356 1990 non
3406 1937 3549 1991 reci-

1967 2030 2117 2099 piat?
2142 2028 2331 2099 Neque
2356 2031 2503 2086 enim
2535 2029 2673 2084 dixit
2711 2028 2995 2097 Scriptura
3031 2026 3215 2081 divina
3243 2045 3256 2081 :
3289 2026 3551 2097 anosuit

1966 2120 2111 2177 Deus
2141 2120 2316 2175 Adam
2351 2129 2413 2176 et
2439 2119 2606 2174 Evam
2648 2121 2705 2175 in
2735 2128 2937 2175 terram
2967 2136 2982 2173 :
3013 2118 3131 2181 sed,
3162 2118 3311 2186 ejecit
3346 2134 3436 2173 eos
3483 2119 3550 2173 de

1965 2209 2239 2279 paradiso,
2261 2208 2658 2288 (3)etltab‘itare
2672 2211 2893 2281 feciteos
2924 2218 3111 2262 contra
3141 2210 3454 2277 paradisum
3497 2212 3544 2264 ⁷.

1963 2302 2084 2359 Non
2113 2302 2210 2369 ait,
2241 2301 2345 2359 sub
2382 2300 2659 2370 paradiso.
2698 2298 2768 2353 Et
2793 2300 2969 2369 posuit
3018 2303 3337 2369 romphwam
3384 2301 3549 2369 ﬂam-

1965 2409 2160 2455 meam,
2187 2401 2236 2447 et
2263 2390 2550 2448 Clterubim
2576 2390 2842 2445 custodire
2874 2392 3154 2445 introitum
3185 2392 3315 2461 ligni
3359 2393 3478 2447 vita
3501 2392 3545 2448 '.

1963 2482 2085 2538 Non
2134 2483 2290 2548 dixit,
2343 2494 2659 2538 ascensum.
2712 2479 2783 2534 Et
2831 2480 3024 2548 ﬂuuius
3070 2483 3434 2552 egrediebatur
3481 2499 3550 2539 ea:

1966 2574 2117 2630 Eden
2145 2576 2203 2642 ’;
2255 2588 2364 2628 non
2396 2572 2556 2638 dixit,
2586 2571 2870 2628 descendit
2912 2587 2981 2626 ex
3013 2571 3184 2627 Eden.
3214 2573 3326 2627 Iste
3357 2574 3550 2629 dividi-

1967 2676 2053 2723 tur
2082 2665 2138 2718 in
2188 2673 2417 2735 quatuor
2447 2661 2708 2730 principia
2735 2675 2755 2715 :
2784 2676 2970 2716 nomen
3000 2662 3093 2715 uni
3123 2659 3345 2727 Phison,
3375 2672 3425 2717 et
3454 2680 3551 2718 no-

1968 2771 2085 2809 men
2110 2754 2328 2808 secundi
2359 2752 2538 2807 Gehon
2569 2752 2638 2809 ¹⁶.
2665 2751 2781 2823 Ego
2808 2751 2917 2807 vidi
2946 2766 3118 2823 aquas
3142 2750 3355 2818 Gehon,
3379 2768 3552 2824 aquas

1963 2862 2102 2917 quas
2125 2847 2209 2902 his
2222 2846 2437 2901 carneis
2463 2845 2640 2911 oculis
2670 2844 2884 2915 aspexi.
2904 2843 3012 2899 Iste
3046 2853 3132 2899 est
3157 2842 3549 2916 Gehon,quem

1960 2937 2227 2995 Jeretnias
2285 2938 2627 3001 demonstrat
2674 2935 2909 2995 dicens:
2944 2934 3087 3002 Quid
3142 2937 3285 2991 vobis
3352 2948 3404 2992 et
3453 2938 3552 2993 rite

1962 3030 2206 3099 lEgypti,
2237 3040 2293 3083 ut
2333 3029 2526 3083 bibatis
2569 3044 2762 3098 aquam
2795 3026 2970 3083 Gelton
2997 3027 3266 3082 turbidam
3296 3029 3384 3083 “?
3431 3028 3549 3083 Bibi

286 3131 433 3183 cere,
473 3116 756 3173 diabolum
791 3119 843 3174 id
878 3134 1100 3175 rursum
1144 3118 1391 3177 futurum
1420 3138 1546 3180 esse
1572 3124 1719 3195 quod
1748 3124 1861 3181 fue-
1892 3120 1934 3176 C
1967 3129 2022 3178 et
2049 3121 2117 3176 de
2155 3136 2356 3193 magno
2395 3121 2618 3176 ﬂumine
2649 3120 2742 3191 (4).
2759 3120 3037 3191 Euphrate
3070 3134 3242 3190 aquas
3286 3121 3553 3191 simplici-

284 3214 460 3272 rat,et
476 3208 544 3263 ad
566 3208 814 3266 eamdem
833 3211 1133 3267 rediturum
1157 3212 1502 3283 dignitatem,
1520 3221 1575 3269 et
1592 3231 1862 3271 conscen-

281 3310 474 3352 surum
500 3313 669 3369 regna
698 3302 983 3356 caelorum.
1011 3300 1156 3357 Proh
1177 3300 1331 3358 nefas
1356 3305 1370 3357 ι
1395 3304 1518 3375 quis
1541 3314 1651 3360 tam
1673 3322 1864 3363 vecors

280 3396 339 3442 et
388 3390 644 3455 stolidus,
675 3402 735 3446 ut
757 3391 864 3446 hoc
894 3394 1143 3463 recipiat,
1183 3396 1331 3466 quod
1369 3404 1596 3452 sanctus
1626 3395 1864 3455 Joannes

280 3478 616 3549 Baptista,et
642 3480 855 3546 Petrus,
882 3490 935 3538 et
967 3482 1208 3542 Joannes
1237 3488 1520 3556 apostolus
1551 3496 1607 3542 et
1632 3503 1868 3560 evange-

278 3569 430 3636 lista,
455 3570 622 3627 Isaias
650 3587 888 3643 quoque,
918 3582 972 3629 et
999 3573 1265 3633 Jeremias
1297 3587 1351 3633 et
1372 3577 1567 3648 reliqui
1587 3580 1866 3649 prophetae

280 3661 600 3719 coheredes
644 3664 775 3718 ﬁant
820 3664 1025 3721 diaboli
1062 3667 1121 3721 in
1171 3682 1342 3739 regno
1371 3670 1677 3724 cmlorum?
1719 3669 1868 3727 Prte-

281 3761 435 3810 tereo
467 3755 720 3812 frivolam
750 3757 871 3828 ejus
902 3759 1301 3830 expositionem
1333 3776 1495 3832 super
1520 3762 1723 3827 tunicis
1754 3763 1868 3834 pel-

284 3847 467 3923 liceis,
497 3859 703 3921 quanto
734 3858 956 3914 conatu,
1003 3853 1331 3923 quantisque
1364 3855 1536 3925 egerit
1576 3870 1869 3926 argumen-

285 3936 377 4003 tis,
407 3944 470 3991 ut
500 3938 716 3992 tunicas
750 3940 1004 4009 pelliceas
1047 3941 1282 3995 humana
1315 3957 1440 3999 esse
1476 3958 1709 4015 corpora
1743 3960 1866 4000 cre-

282 4027 563 4084 deremus.
597 4029 702 4096 Qui
751 4031 895 4085 inter
939 4031 1109 4086 multa
1157 4031 1236 4085 ait
1267 4051 1281 4086 :
1314 4031 1572 4105 Nunquid
1604 4036 1865 4089 coriarius

280 4127 377 4173 aut
401 4120 757 4175 sordiscarius
794 4119 893 4192 [al.
926 4122 1292 4195 stortisarius]
1319 4131 1435 4178 erat
1467 4123 1626 4189 Deus,
1659 4135 1715 4179 ut
1744 4142 1868 4179 con-

280 4209 463 4278 ﬁceret
490 4210 648 4278 pelles
683 4211 1019 4275 animalium,
1045 4220 1094 4269 et
1126 4222 1398 4267 consueret
1444 4229 1509 4268 ea;
1538 4215 1614 4268 eis
1657 4215 1865 4269 tunicas

277 4300 530 4364 pelliceas
580 4301 751 4355 Adam
796 4310 845 4356 et
893 4300 1056 4358 Eme?
1095 4300 1444 4373 Manifestum
1487 4313 1739 4375 estergo,
1783 4306 1865 4359 in-

279 4389 438 4458 quit,
484 4390 623 4459 quod
667 4392 730 4444 de
784 4393 1095 4458 corporibus
1148 4393 1345 4446 nostris
1399 4393 1667 4463 loquatur.
1718 4393 1782 4447 lit
1817 4394 1862 4448 si

283 4479 389 4541 hoc
420 4472 505 4534 ita
528 4489 635 4547 est,
687 4483 966 4551 quomodo
997 4480 1228 4554 legimus
1258 4491 1384 4538 ante
1418 4484 1671 4553 pelliceas
1708 4483 1861 4538 tuni-

278 4590 400 4641 cas,
444 4583 497 4630 et
535 4583 661 4631 ante
710 4575 1150 4639 inobedientiam,
1179 4583 1232 4628 et
1261 4575 1328 4628 de
1357 4576 1613 4644 paradiso
1645 4576 1859 4630 ruinam

281 4669 458 4721 Adam
501 4668 809 4739 loquentem
861 4684 969 4723 non
1022 4667 1324 4723 secundum
1373 4669 1711 4739 allegoriam,
1764 4670 1860 4725 sed

358 4781 374 4812 ¹
418 4780 769 4845 Psal.cxvut,
805 4782 894 4837 67.
971 4782 993 4812 ’
1030 4779 1174 4835 Psal.
1204 4793 1350 4845 CXIV,
1389 4781 1439 4834 7.
1520 4782 1540 4813 ³
1579 4781 1725 4838 Psal.
1757 4779 1980 4841 cxtt,8.
2060 4779 2081 4809 ‘
2120 4777 2266 4833 Psal.
2305 4792 2454 4837 cxtv,
2480 4775 2533 4830 9.
2568 4772 2631 4845 ψ’
2672 4771 2901 4845 (ἶβῃζιι,
2926 4769 3015 4824 ‘25.

1006 4850 1027 4882 ’
1066 4834 1201 4908 Gen.
1261 4834 1349 4916 11,,
1376 4853 1461 4908 10.
1544 4853 1584 4883 “’
1627 4834 1864 4907 ibim”!

1970 4850 2052 4904 l3.
2132 4850 2174 4879 “
2213 4847 2415 4903 Jcrcm.
2442 4834 2522 4909 in,
2558 4844 2643 4896 lO.
2724 4843 2767 4872 ¹²
2805 4838 2943 4895 Gen.
2990 4853 3050 4905 ll,
3095 4834 3183 4888 16.
3262 4836 3304 4865 ’³
3344 4835 3386 4887 ιι
3426 4834 3553 4888 Cor.

279 4849 303 4879 ⁷
344 4851 503 4912 ibid.,
552 4851 641 4905 2i.
714 4852 737 4883 ⁸
776 4851 907 4907 ibid.

285 4933 382 4984 xu,
417 4919 473 4983 2,
502 4919 555 4972 b.

361 5033 437 5099 (Ι)
478 5032 822 5104 Ambrosian.
870 5035 1089 5104 triginta
1120 5041 1393 5099 numerat,
1427 5033 1523 5104 alii
1558 5045 1692 5104 mss.
1727 5047 1862 5098 qua-

286 5102 539 5174 draginta
556 5117 573 5164 ;
601 5103 695 5174 sed
734 5105 877 5170 quod
910 5101 1116 5174 optime
1140 5118 1267 5159 ante
1293 5119 1396 5158 nos
1426 5101 1705 5174 Victorius
1728 5115 1860 5174 quo-

329 5187 397 5243 ue
430 5172 963 5243 animadverterat,’
985 5182 1268 5243 propterea
1314 5173 1584 5241 octoginta
1613 5172 1868 5243 nominat

335 5240 648 5312 piphanius,
696 5241 856 5310 cujus
893 5240 1009 5296 haec
1058 5240 1143 5297 est
1191 5240 1449 5312 epistola,
1480 5241 1625 5311 quod
1671 5248 1867 5293 contra

290 5311 516 5364 totidem
529 5310 780 5382 haereses
804 5312 1112 5382 scripserit,
1140 5310 1265 5382 quas
1292 5312 1361 5366 ad
1392 5310 1697 5380 sua'usque
1727 5317 1865 5364 tem-

297 5393 422 5447 pora
453 5380 808 5448 pullularant.

271 5475 275 5479 ~
365 5449 443 5518 (2)
478 5448 621 5521 llinc
654 5450 901 5521 Origenis
937 5462 1161 5521 nomen,
1193 5450 1340 5521 quod
1373 5465 1552 5519 neque
1596 5463 1731 5504 mss.
1768 5462 1869 5504 nc-

294 5532 400 5588 que
430 5519 557 5589 editi
597 5518 933 5575 vetustiores
963 5518 1185 5589 habent,
1212 5518 1609 5589 'expunxiiuus.

357 5589 439 5656 (ὃ)
479 5587 656 5653 Vatjc.
695 5596 750 5643 et
801 5595 959 5642 vetus
1005 5588 1175 5643 editio
1222 5587 1463 5643 habitare
1486 5588 1636 5710 [πίε
1683 5595 1873 5641 contra

358 5659 620 5710 mdium.
663 5668 714 5710 et
743 5673 849 5710 non
881 5657 1073 5710 adiecit
1103 5674 1190 5710 eos
1226 5660 1321 5710 sub
1351 5674 1483 5710 vara
1523 5659 1624 5710 iso.

358 5659 620 5728 mdium,
663 5668 714 5714 et
743 5673 849 5712 non
881 5657 1073 5727 adjecit
1103 5674 1190 5713 eos
1226 5660 1321 5715 sub
1350 5657 1624 5729 paradiso.

1969 3221 2074 3279 ter,
2114 3228 2254 3283 quas
2304 3227 2469 3266 manu
2502 3218 2658 3281 potes
2704 3218 2950 3280 tangere,
2991 3224 3087 3265 ore
3136 3211 3384 3274 sorbere,
3437 3227 3549 3267 non

1969 3320 2141 3375 aquas
2184 3303 2483 3374 spiritales.
2524 3302 2625 3358 Ubi
2664 3312 2849 3358 autem
2898 3301 3122 3356 ﬂumina
3156 3314 3304 3367 sunt,
3334 3319 3458 3373 quae
3495 3311 3551 3360 ct

1965 3397 2224 3451 videntur
2266 3402 2323 3450 et
2372 3396 2664 3460 bibuntur,
2698 3394 2773 3450 ibi
2818 3409 3166 3464 consequens
3203 3402 3291 3449 est
3322 3395 3469 3463 quod
3497 3403 3553 3450 et

1969 3486 2104 3543 licus
2133 3494 2189 3542 et
2229 3486 2336 3541 alia
2366 3486 2509 3558 ligna
2555 3485 2667 3542 sint
2694 3503 2708 3540 :
2735 3485 2805 3540 de
2842 3484 3043 3555 quibus
3078 3485 3212 3540 dicit
3246 3484 3429 3541 Deus:
3464 3484 3552 3540 Ea:

1968 3578 2111 3635 omni
2150 3578 2292 3649 ligno
2333 3577 2472 3649 quod
2504 3586 2583 3632 est
2618 3578 2671 3633 iu
2694 3575 2949 3645 paradiso
2981 3575 3217 3631 comedas
3254 3578 3300 3609 ⁸³
3330 3594 3345 3631 :
3389 3577 3552 3648 262

1968 3669 2169 3727 similia
2205 3677 2335 3725 sunt
2377 3669 2539 3739 lignis
2571 3668 2697 3723 aliis
2736 3675 2791 3730 et
2820 3667 3110 3723 arboribus
3140 3666 3240 3738 (5),
3283 3666 3429 3722 sicut
3450 3667 3555 3722 llu-

1969 3762 2117 3817 mina
2162 3761 2366 3816 similia
2412 3768 2542 3816 sunt
2588 3759 2905 3814 ﬂuminibus
2951 3765 3007 3814 et
3053 3758 3233 3828 aquis.
3280 3756 3339 3811 Si
3371 3770 3552 3813 autem

1968 3868 2111 3924 aqua
2138 3869 2261 3923 quae
2306 3854 2571 3918 cernitur,
2608 3867 2733 3907 vere
2779 3865 2923 3921 aqua
2975 3860 3078 3915 est,
3112 3865 3342 3907 necesse
3378 3858 3460 3905 est
3489 3856 3553 3904 ut

1967 3953 2023 4001 et
2051 3945 2188 3999 licus
2217 3958 2345 3999 vera
2378 3944 2472 4009 sit,
2505 3951 2562 3998 et
2590 3943 2695 3996 alia
2730 3941 2875 4010 ligna
2904 3956 2917 3992 :
2951 3947 3008 3996 et
3042 3940 3213 3996 Adam
3243 3957 3408 3997 verus
3433 3950 3550 3996 sta-

1969 4032 2067 4085 tim
2100 4046 2130 4083 a
2161 4030 2428 4099 principio
2450 4031 2755 4099 plasmatus
2782 4029 2838 4083 in
2865 4043 3112 4097 corpore,
3146 4030 3290 4085 sicut
3319 4038 3374 4085 et
3408 4029 3542 4095 Eva,

1968 4130 2023 4174 et
2083 4135 2193 4173 non
2246 4118 2301 4172 in
2349 4118 2753 4188 phantasmate,
2801 4127 2856 4171 et
2900 4126 3024 4186 post
3065 4118 3280 4172 ruinam
3309 4118 3393 4188 (ut
3437 4118 3553 4172 vult

1972 4207 2257 4278 Origenes)
2289 4215 2508 4278 propter
2542 4214 2826 4277 peccatum
2860 4214 3050 4276 postea
3081 4221 3283 4276 corpus
3325 4220 3552 4276 accepe-

1983 4299 2079 4353 rit.
2114 4297 2220 4353 Sed
2251 4297 2390 4353 dicis
2420 4316 2432 4352 :
2469 4296 2725 4367 Legimus
2770 4295 2913 4365 quod
2955 4304 3180 4349 sanctus
3215 4293 3416 4348 Paulus
3462 4307 3554 4348 ra—

1975 4398 2100 4458 ptus
2127 4389 2199 4444 sit
2230 4404 2405 4458 usque
2431 4387 2497 4442 ad
2530 4386 2752 4440 tertium
2787 4384 3007 4450 cmlum,
3034 4391 3088 4439 et
3114 4398 3285 4454 usque
3310 4383 3362 4437 in
3392 4399 3554 4452 para-

1969 4480 2149 4535 disum
2184 4480 2247 4533 ¹³.
2273 4479 2418 4535 Bene
2446 4477 2588 4533 dicis
2613 4496 2625 4531 :
2649 4476 2880 4544 Quando
2903 4476 3054 4546 ponit
3079 4474 3298 4545 tertium
3326 4475 3552 4535 caelum.

1970 4581 2024 4628 et
2076 4580 2266 4643 postea
2314 4570 2485 4635 addit,
2540 4576 2594 4624 et
2637 4570 2692 4624 in
2742 4569 3081 4641 paradisum,
3136 4566 3376 4619 ostendit
3427 4565 3556 4619 alibi

1972 4680 2094 4720 esse
2128 4664 2350 4727 cmlum,
2384 4670 2439 4718 et
2472 4661 2602 4717 alibi
2654 4657 3156 4731 paradisum..lllas
3186 4670 3315 4710 vero
3357 4655 3558 4726 praesti-

3120 4765 3140 4797 ⁸
3179 4765 3310 4821 ibid.
3340 4766 3431 4827 2i.
3462 4765 3559 4821 22.

2044 5027 2120 5096 (τι)
2161 5026 2346 5096 Antea
2379 5036 2546 5096 penes
2587 5018 2841 5096 Martian.
2885 5017 3165 5096 aliosque,
3206 5015 3406 5096 hoc
3445 5032 3559 5069 ma-

1972 5084 2114 5163 gnis]
2150 5094 2268 5148 Mox
2317 5084 2438 5146 dua:
2467 5087 3005 5163 prioreseditiones,
3043 5084 3132 5163 ac.
3154 5084 3379 5138 totidem
3412 5101 3554 5163 mss.

1971 5154 2199 5230 ﬁumina
2227 5172 2351 5217 sunt
2396 5173 2446 5216 et
2468 5154 2643 5226 'uqua:
2677 5158 2926 5211 bibuntur
2967 5166 3017 5209 et
3048 5154 3295 5209 uidentur
3321 5172 3340 5209 :
3374 5157 3561 5209 rectis-

1974 5251 2133 5293 Sillle.

2049 5301 2540 5374 (5)“Duosversus
2582 5297 2742 5374 istos,
2785 5295 2985 5374 similia
3033 5303 3156 5374 sunt
3203 5292 3365 5363 lignis
3410 5293 3559 5355 aliis,

1977 5363 2086 5429 etc.
2108 5363 2714 5439 'Victorius'expunxit,
2759 5363 2905 5432 quod
2960 5365 3015 5419 in
3048 5367 3167 5421 suis
3204 5378 3336 5439 mss.
3369 5377 3559 5439 exeat:

1981 5443 2228 5514 plaribus
2259 5430 2723 5514 non‘invénisset,
2760 5430 2817 5514 et
2848 5450 3071 5489 sensum
3101 5435 3422 5514 perturbare
3453 5430 3559 5484 sibi

1980 5502 2320 5567 viderentur.
2371 5509 2545 5581 hobis
2589 5523 2640 5581 e‘
2662 5511 2854 5559 contra
2890 5519 3015 5581 eum
3052 5502 3189 5558 satis
3234 5502 3403 5581 probe
3435 5514 3555 5581 sen-

1981 5598 2104 5639 sum
2154 5578 2407 5650 perscqui
2449 5579 2550 5631 visi
2597 5576 2730 5650 sint,
2759 5589 2825 5629 ex
2859 5575 3040 5650 tribus
3073 5587 3208 5627 mss.
3236 5571 3557 5642 antiquissi-

1984 5655 2111 5719 mis,
2145 5642 2309 5721 atque
2333 5642 2503 5705 editis
2535 5646 2791 5701 omnibus
2823 5642 3192 5713 reposuimus.
