  <div class='ocr_page' id='page_1' title='image "/cluster/home/n/w/nwhite01/storage/ocr_20150623/43:no.3/coo.31924054869429/201.png"; bbox 0 0 3988 6438; ppageno 0'>
   <div class='ocr_carea' id='block_1_1' title="bbox 513 300 620 356">
    <p class='ocr_par' dir='ltr' id='par_1_1' title="bbox 513 300 620 356">
     <span class='ocr_line' id='line_1_1' title="bbox 513 300 620 356; baseline 0 -1"><span class='ocrx_word' id='word_1_1' title='bbox 513 300 620 356; x_wconf 79' lang='grc'><strong>587</strong></span> 
     </span>
    </p>
   </div>
   <div class='ocr_carea' id='block_1_2' title="bbox 1892 260 2339 322">
    <p class='ocr_par' dir='ltr' id='par_1_2' title="bbox 1892 260 2339 322">
     <span class='ocr_line' id='line_1_2' title="bbox 1892 260 2339 322; baseline -0.002 -4"><span class='ocrx_word' id='word_1_2' title='bbox 1892 262 1957 322; x_wconf 81' lang='lat' dir='ltr'><strong>S.</strong></span> <span class='ocrx_word' id='word_1_3' title='bbox 1998 260 2339 318; x_wconf 79' lang='lat' dir='ltr'><strong>EPIPHANII</strong></span> 
     </span>
    </p>
   </div>
   <div class='ocr_carea' id='block_1_3' title="bbox 3634 263 3726 322">
    <p class='ocr_par' dir='ltr' id='par_1_3' title="bbox 3634 263 3726 322">
     <span class='ocr_line' id='line_1_3' title="bbox 3634 263 3726 322; baseline 0.022 -2"><span class='ocrx_word' id='word_1_4' title='bbox 3634 263 3726 322; x_wconf 72' lang='lat'><strong>388</strong></span> 
     </span>
    </p>
   </div>
   <div class='ocr_carea' id='block_1_4' title="bbox 508 384 3740 463">
    <p class='ocr_par' dir='ltr' id='par_1_4' title="bbox 508 384 3740 463">
     <span class='ocr_line' id='line_1_4' title="bbox 508 384 3740 463; baseline 0 -20"><span class='ocrx_word' id='word_1_5' title='bbox 508 394 635 461; x_wconf 86' lang='lat' dir='ltr'><strong>gias</strong></span> <span class='ocrx_word' id='word_1_6' title='bbox 689 392 813 463; x_wconf 90' lang='lat' dir='ltr'><strong>quis</strong></span> <span class='ocrx_word' id='word_1_7' title='bbox 860 405 970 446; x_wconf 88' lang='lat' dir='ltr'><strong>non</strong></span> <span class='ocrx_word' id='word_1_8' title='bbox 1023 389 1209 445; x_wconf 92' lang='lat' dir='ltr'><strong>statim</strong></span> <span class='ocrx_word' id='word_1_9' title='bbox 1262 388 1485 459; x_wconf 87' lang='lat' dir='ltr'><strong>abjieiat</strong></span> <span class='ocrx_word' id='word_1_10' title='bbox 1528 396 1690 458; x_wconf 86' lang='lat' dir='ltr'><strong>atque</strong></span> <span class='ocrx_word' id='word_1_11' title='bbox 1741 393 2093 443; x_wconf 72' lang='lat' dir='ltr'><strong>contemnat:</strong></span> <span class='ocrx_word' id='word_1_12' title='bbox 2123 385 2172 444; x_wconf 73' lang='grc' dir='ltr'>Α</span> <span class='ocrx_word' id='word_1_13' title='bbox 2200 387 2378 443; x_wconf 90' lang='lat' dir='ltr'><strong>hostis</strong></span> <span class='ocrx_word' id='word_1_14' title='bbox 2404 385 2657 442; x_wconf 77' lang='lat' dir='ltr'><strong>exstitit?</strong></span> <span class='ocrx_word' id='word_1_15' title='bbox 2691 385 2839 441; x_wconf 91' lang='lat' dir='ltr'><strong>lnter</strong></span> <span class='ocrx_word' id='word_1_16' title='bbox 2879 384 3051 440; x_wconf 88' lang='lat' dir='ltr'><strong>multa</strong></span> <span class='ocrx_word' id='word_1_17' title='bbox 3075 384 3223 441; x_wconf 84' lang='lat' dir='ltr'><strong>enim</strong></span> <span class='ocrx_word' id='word_1_18' title='bbox 3263 384 3405 440; x_wconf 88' lang='lat' dir='ltr'><strong>mala</strong></span> <span class='ocrx_word' id='word_1_19' title='bbox 3448 385 3602 441; x_wconf 81' lang='lat' dir='ltr'><strong>etiam</strong></span> <span class='ocrx_word' id='word_1_20' title='bbox 3628 385 3740 443; x_wconf 76' lang='lat' dir='ltr'><strong>illud</strong></span> 
     </span>
    </p>
   </div>
   <div class='ocr_carea' id='block_1_5' title="bbox 514 479 2099 551">
    <p class='ocr_par' dir='ltr' id='par_1_5' title="bbox 514 479 2099 551">
     <span class='ocr_line' id='line_1_5' title="bbox 514 479 2099 551; baseline -0.003 -15"><span class='ocrx_word' id='word_1_21' title='bbox 514 481 737 540; x_wconf 80' lang='lat' dir='ltr'><strong>dicente</strong></span> <span class='ocrx_word' id='word_1_22' title='bbox 768 482 1002 551; x_wconf 77' lang='lat' dir='ltr'><strong>Origene</strong></span> <span class='ocrx_word' id='word_1_23' title='bbox 1036 482 1106 537; x_wconf 87' lang='lat' dir='ltr'><strong>de</strong></span> <span class='ocrx_word' id='word_1_24' title='bbox 1152 481 1313 551; x_wconf 91' lang='lat' dir='ltr'><strong>aquis</strong></span> <span class='ocrx_word' id='word_1_25' title='bbox 1342 496 1463 551; x_wconf 67' lang='lat' dir='ltr'><strong>quae</strong></span> <span class='ocrx_word' id='word_1_26' title='bbox 1501 496 1665 551; x_wconf 88' lang='lat' dir='ltr'><strong>super</strong></span> <span class='ocrx_word' id='word_1_27' title='bbox 1694 479 2099 534; x_wconf 87' lang='lat' dir='ltr'><strong>ﬁrmamentum</strong></span> 
     </span>
    </p>
   </div>
   <div class='ocr_carea' id='block_1_6' title="bbox 519 570 2102 643">
    <p class='ocr_par' dir='ltr' id='par_1_6' title="bbox 519 570 2102 643">
     <span class='ocr_line' id='line_1_6' title="bbox 519 570 2102 643; baseline -0.003 -15"><span class='ocrx_word' id='word_1_28' title='bbox 519 582 672 638; x_wconf 86' lang='lat' dir='ltr'><strong>sunt,</strong></span> <span class='ocrx_word' id='word_1_29' title='bbox 703 589 810 630; x_wconf 89' lang='lat' dir='ltr'><strong>non</strong></span> <span class='ocrx_word' id='word_1_30' title='bbox 832 588 955 629; x_wconf 84' lang='lat' dir='ltr'><strong>esse</strong></span> <span class='ocrx_word' id='word_1_31' title='bbox 987 588 1179 643; x_wconf 88' lang='lat' dir='ltr'><strong>aquas,</strong></span> <span class='ocrx_word' id='word_1_32' title='bbox 1204 572 1300 629; x_wconf 88' lang='lat' dir='ltr'><strong>sed</strong></span> <span class='ocrx_word' id='word_1_33' title='bbox 1331 572 1682 628; x_wconf 88' lang='lat' dir='ltr'><strong>fortitudines</strong></span> <span class='ocrx_word' id='word_1_34' title='bbox 1712 570 1978 642; x_wconf 88' lang='lat' dir='ltr'><strong>quasdam</strong></span> <span class='ocrx_word' id='word_1_35' title='bbox 2005 584 2102 624; x_wconf 88' lang='lat' dir='ltr'><strong>an-</strong></span> 
     </span>
    </p>
   </div>
   <div class='ocr_carea' id='block_1_7' title="bbox 520 667 2100 737">
    <p class='ocr_par' dir='ltr' id='par_1_7' title="bbox 520 667 2100 737">
     <span class='ocr_line' id='line_1_7' title="bbox 520 667 2100 737; baseline -0.002 -16"><span class='ocrx_word' id='word_1_36' title='bbox 520 667 707 737; x_wconf 66' lang='lat' dir='ltr'><strong>gelicae</strong></span> <span class='ocrx_word' id='word_1_37' title='bbox 744 668 1057 737; x_wconf 80' lang='lat' dir='ltr'><strong>potestatis,</strong></span> <span class='ocrx_word' id='word_1_38' title='bbox 1081 677 1137 723; x_wconf 91' lang='lat' dir='ltr'><strong>et</strong></span> <span class='ocrx_word' id='word_1_39' title='bbox 1180 682 1402 722; x_wconf 86' lang='lat' dir='ltr'><strong>rursum</strong></span> <span class='ocrx_word' id='word_1_40' title='bbox 1434 681 1607 737; x_wconf 83' lang='lat' dir='ltr'><strong>aquas</strong></span> <span class='ocrx_word' id='word_1_41' title='bbox 1632 681 1755 735; x_wconf 72' lang='lat' dir='ltr'><strong>quae</strong></span> <span class='ocrx_word' id='word_1_42' title='bbox 1787 680 1956 734; x_wconf 84' lang='lat' dir='ltr'><strong>super</strong></span> <span class='ocrx_word' id='word_1_43' title='bbox 1986 672 2100 719; x_wconf 90' lang='lat' dir='ltr'><strong>ter-</strong></span> 
     </span>
    </p>
   </div>
   <div class='ocr_carea' id='block_1_8' title="bbox 522 756 2101 823">
    <p class='ocr_par' dir='ltr' id='par_1_8' title="bbox 522 756 2101 823">
     <span class='ocr_line' id='line_1_8' title="bbox 522 756 2101 823; baseline 0 -11"><span class='ocrx_word' id='word_1_44' title='bbox 522 774 640 813; x_wconf 90' lang='lat' dir='ltr'><strong>ram</strong></span> <span class='ocrx_word' id='word_1_45' title='bbox 673 769 827 823; x_wconf 90' lang='lat' dir='ltr'><strong>sunt,</strong></span> <span class='ocrx_word' id='word_1_46' title='bbox 877 759 982 815; x_wconf 91' lang='lat' dir='ltr'><strong>hoc</strong></span> <span class='ocrx_word' id='word_1_47' title='bbox 1014 767 1121 819; x_wconf 89' lang='lat' dir='ltr'><strong>est,</strong></span> <span class='ocrx_word' id='word_1_48' title='bbox 1157 758 1261 813; x_wconf 90' lang='lat' dir='ltr'><strong>sub</strong></span> <span class='ocrx_word' id='word_1_49' title='bbox 1295 759 1663 821; x_wconf 85' lang='lat' dir='ltr'><strong>ﬁrmamento,</strong></span> <span class='ocrx_word' id='word_1_50' title='bbox 1714 772 1837 812; x_wconf 85' lang='lat' dir='ltr'><strong>esse</strong></span> <span class='ocrx_word' id='word_1_51' title='bbox 1874 756 2101 812; x_wconf 80' lang='lat' dir='ltr'><strong>virtutes</strong></span> 
     </span>
    </p>
   </div>
   <div class='ocr_carea' id='block_1_9' title="bbox 519 847 2099 918">
    <p class='ocr_par' dir='ltr' id='par_1_9' title="bbox 519 847 2099 918">
     <span class='ocr_line' id='line_1_9' title="bbox 519 847 2099 918; baseline -0.003 -13"><span class='ocrx_word' id='word_1_52' title='bbox 519 850 851 913; x_wconf 88' lang='lat' dir='ltr'><strong>contrarias,</strong></span> <span class='ocrx_word' id='word_1_53' title='bbox 886 849 941 904; x_wconf 89' lang='lat' dir='ltr'><strong>id</strong></span> <span class='ocrx_word' id='word_1_54' title='bbox 968 857 1074 913; x_wconf 88' lang='lat' dir='ltr'><strong>est,</strong></span> <span class='ocrx_word' id='word_1_55' title='bbox 1109 850 1425 905; x_wconf 71' lang='lat' dir='ltr'><strong>daemones?</strong></span> <span class='ocrx_word' id='word_1_56' title='bbox 1452 847 1518 901; x_wconf 82' lang='lat' dir='ltr'><strong>Et</strong></span> <span class='ocrx_word' id='word_1_57' title='bbox 1543 848 1818 918; x_wconf 85' lang='lat' dir='ltr'><strong>quomodo</strong></span> <span class='ocrx_word' id='word_1_58' title='bbox 1848 848 2099 918; x_wconf 76' lang='lat' dir='ltr'><strong>legimus,</strong></span> 
     </span>
    </p>
   </div>
   <div class='ocr_carea' id='block_1_10' title="bbox 526 917 2102 1007">
    <p class='ocr_par' dir='ltr' id='par_1_10' title="bbox 526 917 2102 1007">
     <span class='ocr_line' id='line_1_10' title="bbox 526 917 2102 1007; baseline 0 -16"><span class='ocrx_word' id='word_1_59' title='bbox 526 938 581 992; x_wconf 92' lang='lat' dir='ltr'><strong>in</strong></span> <span class='ocrx_word' id='word_1_60' title='bbox 614 938 819 993; x_wconf 89' lang='lat' dir='ltr'><strong>diluvio</strong></span> <span class='ocrx_word' id='word_1_61' title='bbox 847 948 1065 1007; x_wconf 89' lang='lat' dir='ltr'><strong>apertas</strong></span> <span class='ocrx_word' id='word_1_62' title='bbox 1091 946 1398 995; x_wconf 79' lang='lat' dir='ltr'><strong>cataractas</strong></span> <span class='ocrx_word' id='word_1_63' title='bbox 1425 938 1549 993; x_wconf 68' lang='lat' dir='ltr'><strong>caeli</strong></span> <span class='ocrx_word' id='word_1_64' title='bbox 1580 940 1623 1003; x_wconf 80' lang='grc'><strong>⁸,</strong></span> <span class='ocrx_word' id='word_1_65' title='bbox 1655 945 1709 992; x_wconf 92' lang='lat' dir='ltr'><strong>et</strong></span> <span class='ocrx_word' id='word_1_66' title='bbox 1736 917 1916 1006; x_wconf 74' lang='lat' dir='ltr'><strong>aquas</strong></span> <span class='ocrx_word' id='word_1_67' title='bbox 1941 938 2102 991; x_wconf 89' lang='lat' dir='ltr'><strong>inuu-</strong></span> 
     </span>
    </p>
   </div>
   <div class='ocr_carea' id='block_1_11' title="bbox 522 1024 2103 1097">
    <p class='ocr_par' dir='ltr' id='par_1_11' title="bbox 522 1024 2103 1097">
     <span class='ocr_line' id='line_1_11' title="bbox 522 1024 2103 1097; baseline 0.001 -21"><span class='ocrx_word' id='word_1_68' title='bbox 522 1024 687 1079; x_wconf 85' lang='lat' dir='ltr'><strong>dasse</strong></span> <span class='ocrx_word' id='word_1_69' title='bbox 717 1025 946 1079; x_wconf 85' lang='lat' dir='ltr'><strong>diluvii?</strong></span> <span class='ocrx_word' id='word_1_70' title='bbox 992 1025 1135 1079; x_wconf 89' lang='lat' dir='ltr'><strong>unde</strong></span> <span class='ocrx_word' id='word_1_71' title='bbox 1182 1026 1357 1096; x_wconf 84' lang='lat' dir='ltr'><strong>aperti</strong></span> <span class='ocrx_word' id='word_1_72' title='bbox 1400 1034 1532 1080; x_wconf 88' lang='lat' dir='ltr'><strong>sunt</strong></span> <span class='ocrx_word' id='word_1_73' title='bbox 1582 1024 1761 1081; x_wconf 85' lang='lat' dir='ltr'><strong>fontes</strong></span> <span class='ocrx_word' id='word_1_74' title='bbox 1810 1026 2017 1097; x_wconf 81' lang='lat' dir='ltr'><strong>abyssi,</strong></span> <span class='ocrx_word' id='word_1_75' title='bbox 2048 1032 2103 1079; x_wconf 92' lang='lat' dir='ltr'><strong>et</strong></span> 
     </span>
    </p>
   </div>
   <div class='ocr_carea' id='block_1_12' title="bbox 524 1114 1509 1185">
    <p class='ocr_par' dir='ltr' id='par_1_12' title="bbox 524 1114 1509 1185">
     <span class='ocr_line' id='line_1_12' title="bbox 524 1114 1509 1185; baseline 0.003 -20"><span class='ocrx_word' id='word_1_76' title='bbox 524 1121 673 1170; x_wconf 91' lang='lat' dir='ltr'><strong>totus</strong></span> <span class='ocrx_word' id='word_1_77' title='bbox 700 1114 943 1170; x_wconf 88' lang='lat' dir='ltr'><strong>mundus</strong></span> <span class='ocrx_word' id='word_1_78' title='bbox 970 1123 1196 1185; x_wconf 84' lang='lat' dir='ltr'><strong>epertus</strong></span> <span class='ocrx_word' id='word_1_79' title='bbox 1220 1123 1304 1170; x_wconf 89' lang='lat' dir='ltr'><strong>est</strong></span> <span class='ocrx_word' id='word_1_80' title='bbox 1332 1116 1509 1184; x_wconf 88' lang='lat' dir='ltr'><strong>aquis.</strong></span> 
     </span>
    </p>
   </div>
   <div class='ocr_carea' id='block_1_13' title="bbox 594 1204 2104 1275">
    <p class='ocr_par' dir='ltr' id='par_1_13' title="bbox 594 1204 2104 1275">
     <span class='ocr_line' id='line_1_13' title="bbox 594 1204 2104 1275; baseline 0.001 -17"><span class='ocrx_word' id='word_1_81' title='bbox 594 1204 682 1260; x_wconf 81' lang='lat' dir='ltr'><strong>VI.</strong></span> <span class='ocrx_word' id='word_1_82' title='bbox 724 1206 768 1261; x_wconf 90' lang='grc' dir='ltr'><strong>Ο</strong></span> <span class='ocrx_word' id='word_1_83' title='bbox 797 1206 947 1261; x_wconf 89' lang='lat' dir='ltr'><strong>furor</strong></span> <span class='ocrx_word' id='word_1_84' title='bbox 978 1206 1265 1260; x_wconf 88' lang='lat' dir='ltr'><strong>hominum</strong></span> <span class='ocrx_word' id='word_1_85' title='bbox 1290 1207 1520 1274; x_wconf 80' lang='lat' dir='ltr'><strong>junctus</strong></span> <span class='ocrx_word' id='word_1_86' title='bbox 1559 1205 1827 1270; x_wconf 71' lang='lat' dir='ltr'><strong>stultitiae,</strong></span> <span class='ocrx_word' id='word_1_87' title='bbox 1854 1206 1946 1275; x_wconf 89' lang='lat' dir='ltr'><strong>qui</strong></span> <span class='ocrx_word' id='word_1_88' title='bbox 1978 1206 2104 1260; x_wconf 81' lang='lat' dir='ltr'><strong>reli-</strong></span> 
     </span>
    </p>
   </div>
   <div class='ocr_carea' id='block_1_14' title="bbox 520 1296 2102 1367">
    <p class='ocr_par' dir='ltr' id='par_1_14' title="bbox 520 1296 2102 1367">
     <span class='ocr_line' id='line_1_14' title="bbox 520 1296 2102 1367; baseline -0.002 -16"><span class='ocrx_word' id='word_1_89' title='bbox 520 1305 761 1367; x_wconf 87' lang='lat' dir='ltr'><strong>querunt</strong></span> <span class='ocrx_word' id='word_1_90' title='bbox 816 1297 949 1351; x_wconf 86' lang='lat' dir='ltr'><strong>illud</strong></span> <span class='ocrx_word' id='word_1_91' title='bbox 999 1297 1144 1366; x_wconf 91' lang='lat' dir='ltr'><strong>quod</strong></span> <span class='ocrx_word' id='word_1_92' title='bbox 1204 1297 1260 1351; x_wconf 88' lang='lat' dir='ltr'><strong>in</strong></span> <span class='ocrx_word' id='word_1_93' title='bbox 1306 1296 1617 1351; x_wconf 84' lang='lat' dir='ltr'><strong>Proverbiis</strong></span> <span class='ocrx_word' id='word_1_94' title='bbox 1664 1297 1904 1351; x_wconf 81' lang='lat' dir='ltr'><strong>dicitur:</strong></span> <span class='ocrx_word' id='word_1_95' title='bbox 1937 1296 2102 1361; x_wconf 81' lang='lat' dir='ltr'><strong>Audi,</strong></span> 
     </span>
    </p>
   </div>
   <div class='ocr_carea' id='block_1_15' title="bbox 520 1384 2104 1455">
    <p class='ocr_par' dir='ltr' id='par_1_15' title="bbox 520 1384 2104 1455">
     <span class='ocr_line' id='line_1_15' title="bbox 520 1384 2104 1455; baseline 0.003 -22"><span class='ocrx_word' id='word_1_96' title='bbox 520 1384 624 1454; x_wconf 74' lang='lat' dir='ltr'><strong>ﬁli,</strong></span> <span class='ocrx_word' id='word_1_97' title='bbox 655 1400 947 1439; x_wconf 76' lang='lat' dir='ltr'><strong>sermnem</strong></span> <span class='ocrx_word' id='word_1_98' title='bbox 974 1386 1146 1454; x_wconf 85' lang='lat' dir='ltr'><strong>patris</strong></span> <span class='ocrx_word' id='word_1_99' title='bbox 1180 1385 1278 1450; x_wconf 82' lang='lat' dir='ltr'><strong>tui,</strong></span> <span class='ocrx_word' id='word_1_100' title='bbox 1296 1393 1345 1440; x_wconf 88' lang='lat' dir='ltr'><strong>et</strong></span> <span class='ocrx_word' id='word_1_101' title='bbox 1370 1401 1433 1439; x_wconf 84' lang='lat' dir='ltr'><strong>ne</strong></span> <span class='ocrx_word' id='word_1_102' title='bbox 1461 1384 1686 1453; x_wconf 83' lang='lat' dir='ltr'><strong>abjicias</strong></span> <span class='ocrx_word' id='word_1_103' title='bbox 1719 1386 1882 1455; x_wconf 83' lang='lat' dir='ltr'><strong>legem</strong></span> <span class='ocrx_word' id='word_1_104' title='bbox 1918 1386 2104 1438; x_wconf 86' lang='lat' dir='ltr'><strong>matris</strong></span> 
     </span>
    </p>
   </div>
   <div class='ocr_carea' id='block_1_16' title="bbox 520 1475 2085 1540">
    <p class='ocr_par' dir='ltr' id='par_1_16' title="bbox 520 1475 2085 1540">
     <span class='ocr_line' id='line_1_16' title="bbox 520 1475 2085 1540; baseline 0.002 -13"><span class='ocrx_word' id='word_1_105' title='bbox 520 1484 626 1528; x_wconf 70' lang='lat' dir='ltr'><strong>tute</strong></span> <span class='ocrx_word' id='word_1_106' title='bbox 664 1477 708 1539; x_wconf 78' lang='lat'><strong>&#39;,</strong></span> <span class='ocrx_word' id='word_1_107' title='bbox 756 1485 811 1529; x_wconf 90' lang='lat' dir='ltr'><strong>et</strong></span> <span class='ocrx_word' id='word_1_108' title='bbox 860 1475 1123 1529; x_wconf 84' lang='lat' dir='ltr'><strong>conversi</strong></span> <span class='ocrx_word' id='word_1_109' title='bbox 1171 1483 1302 1530; x_wconf 85' lang='lat' dir='ltr'><strong>sunt</strong></span> <span class='ocrx_word' id='word_1_110' title='bbox 1359 1475 1426 1530; x_wconf 86' lang='lat' dir='ltr'><strong>ad</strong></span> <span class='ocrx_word' id='word_1_111' title='bbox 1471 1490 1739 1540; x_wconf 86' lang='lat' dir='ltr'><strong>errorem,</strong></span> <span class='ocrx_word' id='word_1_112' title='bbox 1795 1486 1850 1530; x_wconf 91' lang='lat' dir='ltr'><strong>et</strong></span> <span class='ocrx_word' id='word_1_113' title='bbox 1893 1475 2085 1530; x_wconf 89' lang='lat' dir='ltr'><strong>dicunt</strong></span> 
     </span>
    </p>
   </div>
   <div class='ocr_carea' id='block_1_17' title="bbox 519 1566 2105 1635">
    <p class='ocr_par' dir='ltr' id='par_1_17' title="bbox 519 1566 2105 1635">
     <span class='ocr_line' id='line_1_17' title="bbox 519 1566 2105 1635; baseline 0.001 -15"><span class='ocrx_word' id='word_1_114' title='bbox 519 1567 708 1631; x_wconf 90' lang='lat' dir='ltr'><strong>stulto,</strong></span> <span class='ocrx_word' id='word_1_115' title='bbox 740 1573 801 1620; x_wconf 89' lang='lat' dir='ltr'><strong>ut</strong></span> <span class='ocrx_word' id='word_1_116' title='bbox 836 1566 1091 1635; x_wconf 86' lang='lat' dir='ltr'><strong>princeps</strong></span> <span class='ocrx_word' id='word_1_117' title='bbox 1121 1566 1209 1621; x_wconf 79' lang='lat' dir='ltr'><strong>sui</strong></span> <span class='ocrx_word' id='word_1_118' title='bbox 1248 1567 1356 1632; x_wconf 89' lang='lat' dir='ltr'><strong>sit;</strong></span> <span class='ocrx_word' id='word_1_119' title='bbox 1388 1581 1490 1622; x_wconf 88' lang='lat' dir='ltr'><strong>nec</strong></span> <span class='ocrx_word' id='word_1_120' title='bbox 1515 1575 1882 1622; x_wconf 83' lang='lat' dir='ltr'><strong>contemnunt</strong></span> <span class='ocrx_word' id='word_1_121' title='bbox 1908 1582 1996 1622; x_wconf 85' lang='lat' dir='ltr'><strong>res</strong></span> <span class='ocrx_word' id='word_1_122' title='bbox 2020 1567 2105 1621; x_wconf 83' lang='lat' dir='ltr'><strong>la-</strong></span> 
     </span>
    </p>
   </div>
   <div class='ocr_carea' id='block_1_18' title="bbox 521 1655 2106 1726">
    <p class='ocr_par' dir='ltr' id='par_1_18' title="bbox 521 1655 2106 1726">
     <span class='ocr_line' id='line_1_18' title="bbox 521 1655 2106 1726; baseline 0.001 -16"><span class='ocrx_word' id='word_1_123' title='bbox 521 1664 724 1719; x_wconf 87' lang='lat' dir='ltr'><strong>tuatas,</strong></span> <span class='ocrx_word' id='word_1_124' title='bbox 754 1672 876 1726; x_wconf 71' lang='lat' dir='ltr'><strong>quae</strong></span> <span class='ocrx_word' id='word_1_125' title='bbox 915 1657 1181 1712; x_wconf 82' lang='lat' dir='ltr'><strong>dicuntur</strong></span> <span class='ocrx_word' id='word_1_126' title='bbox 1230 1670 1260 1709; x_wconf 92' lang='lat' dir='ltr'><strong>a</strong></span> <span class='ocrx_word' id='word_1_127' title='bbox 1294 1655 1465 1721; x_wconf 85' lang='lat' dir='ltr'><strong>fatuo,</strong></span> <span class='ocrx_word' id='word_1_128' title='bbox 1519 1657 1665 1712; x_wconf 87' lang='lat' dir='ltr'><strong>sicut</strong></span> <span class='ocrx_word' id='word_1_129' title='bbox 1708 1655 1991 1726; x_wconf 83' lang='lat' dir='ltr'><strong>Scriptura</strong></span> <span class='ocrx_word' id='word_1_130' title='bbox 2020 1667 2106 1712; x_wconf 83' lang='lat' dir='ltr'><strong>te-</strong></span> 
     </span>
    </p>
   </div>
   <div class='ocr_carea' id='block_1_19' title="bbox 521 1746 2108 1817">
    <p class='ocr_par' dir='ltr' id='par_1_19' title="bbox 521 1746 2108 1817">
     <span class='ocr_line' id='line_1_19' title="bbox 521 1746 2108 1817; baseline -0.001 -14"><span class='ocrx_word' id='word_1_131' title='bbox 521 1755 703 1803; x_wconf 78' lang='lat' dir='ltr'><strong>statur</strong></span> <span class='ocrx_word' id='word_1_132' title='bbox 733 1766 747 1803; x_wconf 90' lang='lat'><strong>:</strong></span> <span class='ocrx_word' id='word_1_133' title='bbox 782 1746 989 1800; x_wconf 81' lang='lat' dir='ltr'><strong>Fatuus</strong></span> <span class='ocrx_word' id='word_1_134' title='bbox 1041 1756 1216 1801; x_wconf 82' lang='lat' dir='ltr'><strong>autem</strong></span> <span class='ocrx_word' id='word_1_135' title='bbox 1252 1748 1403 1817; x_wconf 78' lang='lat' dir='ltr'><strong>fatuo</strong></span> <span class='ocrx_word' id='word_1_136' title='bbox 1457 1748 1711 1817; x_wconf 74' lang='lat' dir='ltr'><strong>loquitur,</strong></span> <span class='ocrx_word' id='word_1_137' title='bbox 1765 1758 1817 1802; x_wconf 89' lang='lat' dir='ltr'><strong>et</strong></span> <span class='ocrx_word' id='word_1_138' title='bbox 1860 1765 1952 1803; x_wconf 87' lang='lat' dir='ltr'><strong>cor</strong></span> <span class='ocrx_word' id='word_1_139' title='bbox 1996 1750 2108 1813; x_wconf 86' lang='lat' dir='ltr'><strong>ejus</strong></span> 
     </span>
    </p>
   </div>
   <div class='ocr_carea' id='block_1_20' title="bbox 520 1837 2108 1907">
    <p class='ocr_par' dir='ltr' id='par_1_20' title="bbox 520 1837 2108 1907">
     <span class='ocr_line' id='line_1_20' title="bbox 520 1837 2108 1907; baseline 0.004 -21"><span class='ocrx_word' id='word_1_140' title='bbox 520 1851 660 1893; x_wconf 82' lang='lat' dir='ltr'><strong>uana</strong></span> <span class='ocrx_word' id='word_1_141' title='bbox 705 1839 949 1907; x_wconf 83' lang='lat' dir='ltr'><strong>intelligit</strong></span> <span class='ocrx_word' id='word_1_142' title='bbox 984 1838 1027 1891; x_wconf 82' lang='grc'><strong>⁸.</strong></span> <span class='ocrx_word' id='word_1_143' title='bbox 1080 1837 1237 1893; x_wconf 86' lang='lat' dir='ltr'><strong>Unde</strong></span> <span class='ocrx_word' id='word_1_144' title='bbox 1265 1840 1497 1893; x_wconf 90' lang='lat' dir='ltr'><strong>obsecro</strong></span> <span class='ocrx_word' id='word_1_145' title='bbox 1527 1846 1600 1903; x_wconf 91' lang='lat' dir='ltr'><strong>te,</strong></span> <span class='ocrx_word' id='word_1_146' title='bbox 1647 1838 2023 1907; x_wconf 88' lang='lat' dir='ltr'><strong>dilectissime,</strong></span> <span class='ocrx_word' id='word_1_147' title='bbox 2053 1849 2108 1894; x_wconf 91' lang='lat' dir='ltr'><strong>et</strong></span> 
     </span>
    </p>
   </div>
   <div class='ocr_carea' id='block_1_21' title="bbox 519 1930 2105 1999">
    <p class='ocr_par' dir='ltr' id='par_1_21' title="bbox 519 1930 2105 1999">
     <span class='ocr_line' id='line_1_21' title="bbox 519 1930 2105 1999; baseline -0.001 -14"><span class='ocrx_word' id='word_1_148' title='bbox 519 1931 682 1997; x_wconf 81' lang='lat' dir='ltr'><strong>quasi</strong></span> <span class='ocrx_word' id='word_1_149' title='bbox 738 1930 1001 1985; x_wconf 84' lang='lat' dir='ltr'><strong>membris</strong></span> <span class='ocrx_word' id='word_1_150' title='bbox 1053 1930 1190 1984; x_wconf 86' lang='lat' dir='ltr'><strong>meis</strong></span> <span class='ocrx_word' id='word_1_151' title='bbox 1217 1945 1473 1999; x_wconf 84' lang='lat' dir='ltr'><strong>parcens,</strong></span> <span class='ocrx_word' id='word_1_152' title='bbox 1509 1938 1732 1999; x_wconf 85' lang='lat' dir='ltr'><strong>propter</strong></span> <span class='ocrx_word' id='word_1_153' title='bbox 1781 1931 2105 1986; x_wconf 80' lang='lat' dir='ltr'><strong>cltaritstem</strong></span> 
     </span>
    </p>
   </div>
   <div class='ocr_carea' id='block_1_22' title="bbox 521 2020 2107 2092">
    <p class='ocr_par' dir='ltr' id='par_1_22' title="bbox 521 2020 2107 2092">
     <span class='ocr_line' id='line_1_22' title="bbox 521 2020 2107 2092; baseline -0.001 -17"><span class='ocrx_word' id='word_1_154' title='bbox 521 2037 688 2092; x_wconf 71' lang='lat' dir='ltr'><strong>quam</strong></span> <span class='ocrx_word' id='word_1_155' title='bbox 732 2021 788 2075; x_wconf 90' lang='lat' dir='ltr'><strong>in</strong></span> <span class='ocrx_word' id='word_1_156' title='bbox 822 2029 876 2075; x_wconf 91' lang='lat' dir='ltr'><strong>te</strong></span> <span class='ocrx_word' id='word_1_157' title='bbox 925 2020 1120 2085; x_wconf 84' lang='lat' dir='ltr'><strong>habeo,</strong></span> <span class='ocrx_word' id='word_1_158' title='bbox 1172 2035 1366 2089; x_wconf 89' lang='lat' dir='ltr'><strong>precor</strong></span> <span class='ocrx_word' id='word_1_159' title='bbox 1414 2021 1662 2075; x_wconf 87' lang='lat' dir='ltr'><strong>scribens</strong></span> <span class='ocrx_word' id='word_1_160' title='bbox 1705 2031 1760 2075; x_wconf 87' lang='lat' dir='ltr'><strong>et</strong></span> <span class='ocrx_word' id='word_1_161' title='bbox 1806 2037 1995 2086; x_wconf 85' lang='lat' dir='ltr'><strong>orans,</strong></span> <span class='ocrx_word' id='word_1_162' title='bbox 2049 2028 2107 2075; x_wconf 92' lang='lat' dir='ltr'><strong>ut</strong></span> 
     </span>
    </p>
   </div>
   <div class='ocr_carea' id='block_1_23' title="bbox 521 2112 2108 2184">
    <p class='ocr_par' dir='ltr' id='par_1_23' title="bbox 521 2112 2108 2184">
     <span class='ocr_line' id='line_1_23' title="bbox 521 2112 2108 2184; baseline -0.001 -16"><span class='ocrx_word' id='word_1_163' title='bbox 521 2115 754 2184; x_wconf 84' lang='lat' dir='ltr'><strong>impleas</strong></span> <span class='ocrx_word' id='word_1_164' title='bbox 784 2113 917 2167; x_wconf 86' lang='lat' dir='ltr'><strong>illud</strong></span> <span class='ocrx_word' id='word_1_165' title='bbox 941 2113 1088 2181; x_wconf 84' lang='lat' dir='ltr'><strong>quod</strong></span> <span class='ocrx_word' id='word_1_166' title='bbox 1119 2112 1325 2165; x_wconf 81' lang='lat' dir='ltr'><strong>dicitur</strong></span> <span class='ocrx_word' id='word_1_167' title='bbox 1354 2130 1366 2165; x_wconf 90' lang='lat'>:</span> <span class='ocrx_word' id='word_1_168' title='bbox 1408 2112 1597 2167; x_wconf 72' lang='lat' dir='ltr'><strong>Nonne</strong></span> <span class='ocrx_word' id='word_1_169' title='bbox 1627 2114 1870 2167; x_wconf 66' lang='lat' dir='ltr'><strong>clientes</strong></span> <span class='ocrx_word' id='word_1_170' title='bbox 1898 2122 1966 2175; x_wconf 84' lang='lat' dir='ltr'><strong>te,</strong></span> <span class='ocrx_word' id='word_1_171' title='bbox 2006 2112 2108 2167; x_wconf 81' lang='lat' dir='ltr'><strong>Do-</strong></span> 
     </span>
    </p>
   </div>
   <div class='ocr_carea' id='block_1_24' title="bbox 520 2203 2107 2271">
    <p class='ocr_par' dir='ltr' id='par_1_24' title="bbox 520 2203 2107 2271">
     <span class='ocr_line' id='line_1_24' title="bbox 520 2203 2107 2271; baseline 0 -12"><span class='ocrx_word' id='word_1_172' title='bbox 520 2208 679 2271; x_wconf 83' lang='lat' dir='ltr'><strong>mine,</strong></span> <span class='ocrx_word' id='word_1_173' title='bbox 697 2204 855 2269; x_wconf 73' lang='lat' dir='ltr'><strong>ortivi,</strong></span> <span class='ocrx_word' id='word_1_174' title='bbox 884 2214 933 2258; x_wconf 87' lang='lat' dir='ltr'><strong>et</strong></span> <span class='ocrx_word' id='word_1_175' title='bbox 962 2219 1118 2271; x_wconf 82' lang='lat' dir='ltr'><strong>super</strong></span> <span class='ocrx_word' id='word_1_176' title='bbox 1420 2213 1539 2259; x_wconf 84' lang='lat' dir='ltr'><strong>tuos</strong></span> <span class='ocrx_word' id='word_1_177' title='bbox 1560 2205 1889 2259; x_wconf 61' lang='lat' dir='ltr'><strong>noscebant</strong></span> <span class='ocrx_word' id='word_1_178' title='bbox 1910 2206 1971 2260; x_wconf 61' lang='grc' dir='ltr'><strong>ιτ</strong></span> <span class='ocrx_word' id='word_1_179' title='bbox 1995 2205 2107 2259; x_wconf 86' lang='lat' dir='ltr'><strong>lni-</strong></span> 
     </span>
    </p>
   </div>
   <div class='ocr_carea' id='block_1_25' title="bbox 518 2292 2111 2365">
    <p class='ocr_par' dir='ltr' id='par_1_25' title="bbox 518 2292 2111 2365">
     <span class='ocr_line' id='line_1_25' title="bbox 518 2292 2111 2365; baseline -0.001 -15"><span class='ocrx_word' id='word_1_180' title='bbox 518 2298 663 2351; x_wconf 84' lang='lat' dir='ltr'><strong>rnica</strong></span> <span class='ocrx_word' id='word_1_181' title='bbox 711 2302 767 2350; x_wconf 87' lang='lat' dir='ltr'><strong>et</strong></span> <span class='ocrx_word' id='word_1_182' title='bbox 801 2294 965 2365; x_wconf 84' lang='lat' dir='ltr'><strong>digna</strong></span> <span class='ocrx_word' id='word_1_183' title='bbox 1007 2294 1137 2348; x_wconf 90' lang='lat' dir='ltr'><strong>odio</strong></span> <span class='ocrx_word' id='word_1_184' title='bbox 1184 2292 1439 2364; x_wconf 82' lang='lat' dir='ltr'><strong>Origenis</strong></span> <span class='ocrx_word' id='word_1_185' title='bbox 1474 2296 1644 2349; x_wconf 85' lang='lat' dir='ltr'><strong>verba</strong></span> <span class='ocrx_word' id='word_1_186' title='bbox 1696 2304 1845 2361; x_wconf 88' lang='lat' dir='ltr'><strong>sunt,</strong></span> <span class='ocrx_word' id='word_1_187' title='bbox 1892 2305 1948 2352; x_wconf 88' lang='lat' dir='ltr'><strong>et</strong></span> <span class='ocrx_word' id='word_1_188' title='bbox 1998 2296 2111 2351; x_wconf 86' lang='lat' dir='ltr'><strong>Deo</strong></span> 
     </span>
    </p>
   </div>
   <div class='ocr_carea' id='block_1_26' title="bbox 518 2383 2109 2457">
    <p class='ocr_par' dir='ltr' id='par_1_26' title="bbox 518 2383 2109 2457">
     <span class='ocr_line' id='line_1_26' title="bbox 518 2383 2109 2457; baseline 0.003 -20"><span class='ocrx_word' id='word_1_189' title='bbox 518 2384 907 2453; x_wconf 77' lang='lat' dir='ltr'><strong>repugnantia,</strong></span> <span class='ocrx_word' id='word_1_190' title='bbox 940 2390 995 2436; x_wconf 90' lang='lat' dir='ltr'><strong>et</strong></span> <span class='ocrx_word' id='word_1_191' title='bbox 1024 2384 1233 2437; x_wconf 82' lang='lat' dir='ltr'><strong>sanctis</strong></span> <span class='ocrx_word' id='word_1_192' title='bbox 1263 2383 1405 2452; x_wconf 83' lang='lat' dir='ltr'><strong>ejus,</strong></span> <span class='ocrx_word' id='word_1_193' title='bbox 1446 2392 1500 2438; x_wconf 89' lang='lat' dir='ltr'><strong>et</strong></span> <span class='ocrx_word' id='word_1_194' title='bbox 1548 2399 1657 2438; x_wconf 92' lang='lat' dir='ltr'><strong>non</strong></span> <span class='ocrx_word' id='word_1_195' title='bbox 1690 2386 1795 2438; x_wconf 80' lang='lat' dir='ltr'><strong>ista</strong></span> <span class='ocrx_word' id='word_1_196' title='bbox 1836 2386 1955 2441; x_wconf 84' lang='lat' dir='ltr'><strong>sola</strong></span> <span class='ocrx_word' id='word_1_197' title='bbox 1986 2401 2109 2457; x_wconf 75' lang='lat' dir='ltr'><strong>qua:</strong></span> 
     </span>
    </p>
   </div>
   <div class='ocr_carea' id='block_1_27' title="bbox 519 2472 2109 2546">
    <p class='ocr_par' dir='ltr' id='par_1_27' title="bbox 519 2472 2109 2546">
     <span class='ocr_line' id='line_1_27' title="bbox 519 2472 2109 2546; baseline 0.003 -18"><span class='ocrx_word' id='word_1_198' title='bbox 519 2474 661 2537; x_wconf 88' lang='lat' dir='ltr'><strong>dixi,</strong></span> <span class='ocrx_word' id='word_1_199' title='bbox 691 2474 788 2528; x_wconf 87' lang='lat' dir='ltr'><strong>sed</strong></span> <span class='ocrx_word' id='word_1_200' title='bbox 827 2480 882 2527; x_wconf 90' lang='lat' dir='ltr'><strong>et</strong></span> <span class='ocrx_word' id='word_1_201' title='bbox 922 2472 1030 2526; x_wconf 88' lang='lat' dir='ltr'><strong>alia</strong></span> <span class='ocrx_word' id='word_1_202' title='bbox 1074 2473 1520 2529; x_wconf 81' lang='lat' dir='ltr'><strong>innumerabilia.</strong></span> <span class='ocrx_word' id='word_1_203' title='bbox 1552 2476 1740 2546; x_wconf 79' lang='lat' dir='ltr'><strong>Neque</strong></span> <span class='ocrx_word' id='word_1_204' title='bbox 1776 2477 1924 2531; x_wconf 89' lang='lat' dir='ltr'><strong>enim</strong></span> <span class='ocrx_word' id='word_1_205' title='bbox 1959 2493 2109 2533; x_wconf 80' lang='lat' dir='ltr'><strong>nunc</strong></span> 
     </span>
    </p>
   </div>
   <div class='ocr_carea' id='block_1_28' title="bbox 519 2565 2109 2639">
    <p class='ocr_par' dir='ltr' id='par_1_28' title="bbox 519 2565 2109 2639">
     <span class='ocr_line' id='line_1_28' title="bbox 519 2565 2109 2639; baseline 0.003 -19"><span class='ocrx_word' id='word_1_206' title='bbox 519 2567 654 2621; x_wconf 82' lang='lat' dir='ltr'><strong>mihi</strong></span> <span class='ocrx_word' id='word_1_207' title='bbox 690 2565 1031 2635; x_wconf 87' lang='lat' dir='ltr'><strong>propositum</strong></span> <span class='ocrx_word' id='word_1_208' title='bbox 1060 2576 1146 2620; x_wconf 85' lang='lat' dir='ltr'><strong>est.</strong></span> <span class='ocrx_word' id='word_1_209' title='bbox 1194 2566 1460 2623; x_wconf 84' lang='lat' dir='ltr'><strong>adversus</strong></span> <span class='ocrx_word' id='word_1_210' title='bbox 1503 2568 1687 2622; x_wconf 87' lang='lat' dir='ltr'><strong>omnia</strong></span> <span class='ocrx_word' id='word_1_211' title='bbox 1730 2568 1982 2639; x_wconf 89' lang='lat' dir='ltr'><strong>Origenis</strong></span> <span class='ocrx_word' id='word_1_212' title='bbox 2007 2570 2109 2624; x_wconf 84' lang='lat' dir='ltr'><strong>do-</strong></span> 
     </span>
    </p>
   </div>
   <div class='ocr_carea' id='block_1_29' title="bbox 519 2655 2106 2730">
    <p class='ocr_par' dir='ltr' id='par_1_29' title="bbox 519 2655 2106 2730">
     <span class='ocr_line' id='line_1_29' title="bbox 519 2655 2106 2730; baseline 0.004 -21"><span class='ocrx_word' id='word_1_213' title='bbox 519 2665 706 2728; x_wconf 86' lang='lat' dir='ltr'><strong>gmata</strong></span> <span class='ocrx_word' id='word_1_214' title='bbox 751 2657 1055 2726; x_wconf 85' lang='lat' dir='ltr'><strong>disputare.</strong></span> <span class='ocrx_word' id='word_1_215' title='bbox 1106 2655 1255 2709; x_wconf 87' lang='lat' dir='ltr'><strong>Nihil</strong></span> <span class='ocrx_word' id='word_1_216' title='bbox 1298 2657 1434 2711; x_wconf 81' lang='lat' dir='ltr'><strong>mihi</strong></span> <span class='ocrx_word' id='word_1_217' title='bbox 1492 2658 1770 2730; x_wconf 85' lang='lat' dir='ltr'><strong>subripuit</strong></span> <span class='ocrx_word' id='word_1_218' title='bbox 1823 2659 2106 2730; x_wconf 74' lang='lat' dir='ltr'><strong>Origenes,</strong></span> 
     </span>
    </p>
   </div>
   <div class='ocr_carea' id='block_1_30' title="bbox 518 2748 2109 2822">
    <p class='ocr_par' dir='ltr' id='par_1_30' title="bbox 518 2748 2109 2822">
     <span class='ocr_line' id='line_1_30' title="bbox 518 2748 2109 2822; baseline 0.003 -19"><span class='ocrx_word' id='word_1_219' title='bbox 518 2763 626 2804; x_wconf 86' lang='lat' dir='ltr'><strong>nec</strong></span> <span class='ocrx_word' id='word_1_220' title='bbox 659 2748 717 2802; x_wconf 88' lang='lat' dir='ltr'><strong>in</strong></span> <span class='ocrx_word' id='word_1_221' title='bbox 750 2764 870 2802; x_wconf 87' lang='lat' dir='ltr'><strong>mea</strong></span> <span class='ocrx_word' id='word_1_222' title='bbox 910 2749 1267 2818; x_wconf 83' lang='lat' dir='ltr'><strong>generatione</strong></span> <span class='ocrx_word' id='word_1_223' title='bbox 1294 2748 1400 2803; x_wconf 86' lang='lat' dir='ltr'><strong>fuit</strong></span> <span class='ocrx_word' id='word_1_224' title='bbox 1435 2766 1447 2803; x_wconf 94' lang='lat'>:</span> <span class='ocrx_word' id='word_1_225' title='bbox 1491 2765 1594 2805; x_wconf 87' lang='lat' dir='ltr'><strong>nec</strong></span> <span class='ocrx_word' id='word_1_226' title='bbox 1638 2759 1862 2821; x_wconf 85' lang='lat' dir='ltr'><strong>propter</strong></span> <span class='ocrx_word' id='word_1_227' title='bbox 1895 2753 2109 2822; x_wconf 88' lang='lat' dir='ltr'><strong>aliquas</strong></span> 
     </span>
    </p>
   </div>
   <div class='ocr_carea' id='block_1_31' title="bbox 523 2838 2107 2910">
    <p class='ocr_par' dir='ltr' id='par_1_31' title="bbox 523 2838 2107 2910">
     <span class='ocr_line' id='line_1_31' title="bbox 523 2838 2107 2910; baseline 0.002 -16"><span class='ocrx_word' id='word_1_228' title='bbox 523 2856 618 2896; x_wconf 84' lang='lat' dir='ltr'><strong>res</strong></span> <span class='ocrx_word' id='word_1_229' title='bbox 651 2840 843 2894; x_wconf 87' lang='lat' dir='ltr'><strong>mundi</strong></span> <span class='ocrx_word' id='word_1_230' title='bbox 874 2848 929 2895; x_wconf 93' lang='lat' dir='ltr'><strong>et</strong></span> <span class='ocrx_word' id='word_1_231' title='bbox 954 2840 1354 2905; x_wconf 72' lang='lat' dir='ltr'><strong>hmreditatem,</strong></span> <span class='ocrx_word' id='word_1_232' title='bbox 1385 2838 1575 2896; x_wconf 82' lang='lat' dir='ltr'><strong>odium</strong></span> <span class='ocrx_word' id='word_1_233' title='bbox 1608 2843 1898 2897; x_wconf 86' lang='lat' dir='ltr'><strong>adversum</strong></span> <span class='ocrx_word' id='word_1_234' title='bbox 1932 2844 2107 2910; x_wconf 91' lang='lat' dir='ltr'><strong>illum,</strong></span> 
     </span>
    </p>
   </div>
   <div class='ocr_carea' id='block_1_32' title="bbox 521 2932 2106 3005">
    <p class='ocr_par' dir='ltr' id='par_1_32' title="bbox 521 2932 2106 3005">
     <span class='ocr_line' id='line_1_32' title="bbox 521 2932 2106 3005; baseline 0.001 -19"><span class='ocrx_word' id='word_1_235' title='bbox 521 2947 843 3003; x_wconf 81' lang='lat' dir='ltr'><strong>pugnasque</strong></span> <span class='ocrx_word' id='word_1_236' title='bbox 892 2933 1113 3002; x_wconf 80' lang='lat' dir='ltr'><strong>suscepi</strong></span> <span class='ocrx_word' id='word_1_237' title='bbox 1158 2950 1171 2986; x_wconf 89' lang='lat'><strong>:</strong></span> <span class='ocrx_word' id='word_1_238' title='bbox 1223 2932 1355 2997; x_wconf 84' lang='lat' dir='ltr'><strong>sed,</strong></span> <span class='ocrx_word' id='word_1_239' title='bbox 1409 2940 1470 2987; x_wconf 85' lang='lat' dir='ltr'><strong>ut</strong></span> <span class='ocrx_word' id='word_1_240' title='bbox 1525 2934 1853 3005; x_wconf 87' lang='lat' dir='ltr'><strong>simpliciter</strong></span> <span class='ocrx_word' id='word_1_241' title='bbox 1912 2936 2106 2999; x_wconf 85' lang='lat' dir='ltr'><strong>fatear,</strong></span> 
     </span>
    </p>
   </div>
   <div class='ocr_carea' id='block_1_33' title="bbox 518 3022 2111 3094">
    <p class='ocr_par' dir='ltr' id='par_1_33' title="bbox 518 3022 2111 3094">
     <span class='ocr_line' id='line_1_33' title="bbox 518 3022 2111 3094; baseline 0.001 -15"><span class='ocrx_word' id='word_1_242' title='bbox 518 3025 700 3091; x_wconf 90' lang='lat' dir='ltr'><strong>doleo,</strong></span> <span class='ocrx_word' id='word_1_243' title='bbox 742 3034 796 3079; x_wconf 91' lang='lat' dir='ltr'><strong>et</strong></span> <span class='ocrx_word' id='word_1_244' title='bbox 826 3022 989 3078; x_wconf 83' lang='lat' dir='ltr'><strong>valde</strong></span> <span class='ocrx_word' id='word_1_245' title='bbox 1028 3023 1206 3089; x_wconf 79' lang='lat' dir='ltr'><strong>doleo,</strong></span> <span class='ocrx_word' id='word_1_246' title='bbox 1234 3024 1427 3085; x_wconf 86' lang='lat' dir='ltr'><strong>videns</strong></span> <span class='ocrx_word' id='word_1_247' title='bbox 1459 3025 1728 3094; x_wconf 87' lang='lat' dir='ltr'><strong>plurimos</strong></span> <span class='ocrx_word' id='word_1_248' title='bbox 1757 3025 2009 3092; x_wconf 78' lang='lat' dir='ltr'><strong>fratrum,</strong></span> <span class='ocrx_word' id='word_1_249' title='bbox 2057 3035 2111 3081; x_wconf 92' lang='lat' dir='ltr'><strong>et</strong></span> 
     </span>
    </p>
   </div>
   <div class='ocr_carea' id='block_1_34' title="bbox 516 3117 2111 3188">
    <p class='ocr_par' dir='ltr' id='par_1_34' title="bbox 516 3117 2111 3188">
     <span class='ocr_line' id='line_1_34' title="bbox 516 3117 2111 3188; baseline -0.001 -14"><span class='ocrx_word' id='word_1_250' title='bbox 516 3133 711 3175; x_wconf 83' lang='lat' dir='ltr'><strong>eorum</strong></span> <span class='ocrx_word' id='word_1_251' title='bbox 743 3117 1037 3188; x_wconf 62' lang='lat' dir='ltr'><strong>pracipue,</strong></span> <span class='ocrx_word' id='word_1_252' title='bbox 1064 3117 1159 3187; x_wconf 91' lang='lat' dir='ltr'><strong>qui</strong></span> <span class='ocrx_word' id='word_1_253' title='bbox 1189 3117 1590 3187; x_wconf 86' lang='lat' dir='ltr'><strong>professionem</strong></span> <span class='ocrx_word' id='word_1_254' title='bbox 1620 3119 1823 3173; x_wconf 88' lang='lat' dir='ltr'><strong>habent</strong></span> <span class='ocrx_word' id='word_1_255' title='bbox 1854 3135 1962 3173; x_wconf 91' lang='lat' dir='ltr'><strong>non</strong></span> <span class='ocrx_word' id='word_1_256' title='bbox 2003 3120 2111 3173; x_wconf 88' lang='lat' dir='ltr'><strong>mi-</strong></span> 
     </span>
    </p>
   </div>
   <div class='ocr_carea' id='block_1_35' title="bbox 519 3208 2105 3279">
    <p class='ocr_par' dir='ltr' id='par_1_35' title="bbox 519 3208 2105 3279">
     <span class='ocr_line' id='line_1_35' title="bbox 519 3208 2105 3279; baseline 0.001 -15"><span class='ocrx_word' id='word_1_257' title='bbox 519 3211 750 3274; x_wconf 82' lang='lat' dir='ltr'><strong>nimam,</strong></span> <span class='ocrx_word' id='word_1_258' title='bbox 791 3218 847 3264; x_wconf 88' lang='lat' dir='ltr'><strong>et</strong></span> <span class='ocrx_word' id='word_1_259' title='bbox 873 3211 928 3263; x_wconf 91' lang='lat' dir='ltr'><strong>in</strong></span> <span class='ocrx_word' id='word_1_260' title='bbox 957 3208 1187 3279; x_wconf 89' lang='lat' dir='ltr'><strong>gradum</strong></span> <span class='ocrx_word' id='word_1_261' title='bbox 1216 3223 1437 3279; x_wconf 85' lang='lat' dir='ltr'><strong>quoque</strong></span> <span class='ocrx_word' id='word_1_262' title='bbox 1466 3209 1766 3264; x_wconf 86' lang='lat' dir='ltr'><strong>sacerdotii</strong></span> <span class='ocrx_word' id='word_1_263' title='bbox 1800 3211 2105 3265; x_wconf 81' lang='lat' dir='ltr'><strong>maximum</strong></span> 
     </span>
    </p>
   </div>
   <div class='ocr_carea' id='block_1_36' title="bbox 518 3301 2114 3373">
    <p class='ocr_par' dir='ltr' id='par_1_36' title="bbox 518 3301 2114 3373">
     <span class='ocr_line' id='line_1_36' title="bbox 518 3301 2114 3373; baseline -0.001 -16"><span class='ocrx_word' id='word_1_264' title='bbox 518 3309 914 3373; x_wconf 81' lang='lat' dir='ltr'><strong>pervenerunt,</strong></span> <span class='ocrx_word' id='word_1_265' title='bbox 945 3302 1070 3369; x_wconf 84' lang='lat' dir='ltr'><strong>ejus</strong></span> <span class='ocrx_word' id='word_1_266' title='bbox 1110 3301 1570 3371; x_wconf 82' lang='lat' dir='ltr'><strong>persuasionibus</strong></span> <span class='ocrx_word' id='word_1_267' title='bbox 1601 3301 1881 3371; x_wconf 88' lang='lat' dir='ltr'><strong>deceptos,</strong></span> <span class='ocrx_word' id='word_1_268' title='bbox 1912 3311 1967 3357; x_wconf 83' lang='lat' dir='ltr'><strong>et</strong></span> <span class='ocrx_word' id='word_1_269' title='bbox 1996 3318 2114 3372; x_wconf 89' lang='lat' dir='ltr'><strong>per-</strong></span> 
     </span>
    </p>
   </div>
   <div class='ocr_carea' id='block_1_37' title="bbox 519 3393 2111 3449">
    <p class='ocr_par' dir='ltr' id='par_1_37' title="bbox 519 3393 2111 3449">
     <span class='ocr_line' id='line_1_37' title="bbox 519 3393 2111 3449; baseline 0 -2"><span class='ocrx_word' id='word_1_270' title='bbox 519 3395 840 3449; x_wconf 84' lang='lat' dir='ltr'><strong>versissima</strong></span> <span class='ocrx_word' id='word_1_271' title='bbox 890 3393 1143 3447; x_wconf 84' lang='lat' dir='ltr'><strong>doctrina</strong></span> <span class='ocrx_word' id='word_1_272' title='bbox 1193 3394 1349 3447; x_wconf 86' lang='lat' dir='ltr'><strong>cibos</strong></span> <span class='ocrx_word' id='word_1_273' title='bbox 1397 3393 1575 3448; x_wconf 85' lang='lat' dir='ltr'><strong>factos</strong></span> <span class='ocrx_word' id='word_1_274' title='bbox 1605 3409 1732 3449; x_wconf 88' lang='lat' dir='ltr'><strong>esse</strong></span> <span class='ocrx_word' id='word_1_275' title='bbox 1763 3394 1969 3447; x_wconf 85' lang='lat' dir='ltr'><strong>diaboli</strong></span> <span class='ocrx_word' id='word_1_276' title='bbox 2005 3411 2019 3447; x_wconf 90' lang='lat'><strong>:</strong></span> <span class='ocrx_word' id='word_1_277' title='bbox 2055 3394 2111 3447; x_wconf 90' lang='lat' dir='ltr'><strong>in</strong></span> 
     </span>
    </p>
   </div>
   <div class='ocr_carea' id='block_1_38' title="bbox 521 3481 2113 3551">
    <p class='ocr_par' dir='ltr' id='par_1_38' title="bbox 521 3481 2113 3551">
     <span class='ocr_line' id='line_1_38' title="bbox 521 3481 2113 3551; baseline 0.003 -17"><span class='ocrx_word' id='word_1_278' title='bbox 521 3484 724 3551; x_wconf 85' lang='lat' dir='ltr'><strong>quibus</strong></span> <span class='ocrx_word' id='word_1_279' title='bbox 770 3481 1103 3550; x_wconf 90' lang='lat' dir='ltr'><strong>completum</strong></span> <span class='ocrx_word' id='word_1_280' title='bbox 1139 3493 1225 3537; x_wconf 86' lang='lat' dir='ltr'><strong>est</strong></span> <span class='ocrx_word' id='word_1_281' title='bbox 1268 3482 1423 3547; x_wconf 85' lang='lat' dir='ltr'><strong>illud,</strong></span> <span class='ocrx_word' id='word_1_282' title='bbox 1471 3482 1620 3551; x_wconf 83' lang='lat' dir='ltr'><strong>quod</strong></span> <span class='ocrx_word' id='word_1_283' title='bbox 1664 3482 1911 3537; x_wconf 86' lang='lat' dir='ltr'><strong>dicitur:</strong></span> <span class='ocrx_word' id='word_1_284' title='bbox 1945 3484 2113 3551; x_wconf 68' lang='lat' dir='ltr'><strong>Super</strong></span> 
     </span>
    </p>
   </div>
   <div class='ocr_carea' id='block_1_39' title="bbox 520 3573 2113 3643">
    <p class='ocr_par' dir='ltr' id='par_1_39' title="bbox 520 3573 2113 3643">
     <span class='ocr_line' id='line_1_39' title="bbox 520 3573 2113 3643; baseline 0.002 -16"><span class='ocrx_word' id='word_1_285' title='bbox 520 3590 728 3627; x_wconf 89' lang='lat' dir='ltr'><strong>omnem</strong></span> <span class='ocrx_word' id='word_1_286' title='bbox 756 3574 1104 3625; x_wconf 67' lang='lat' dir='ltr'><strong>munitionem</strong></span> <span class='ocrx_word' id='word_1_287' title='bbox 1129 3573 1285 3635; x_wconf 77' lang='lat' dir='ltr'><strong>ludit,</strong></span> <span class='ocrx_word' id='word_1_288' title='bbox 1315 3581 1365 3626; x_wconf 81' lang='lat' dir='ltr'><strong>et</strong></span> <span class='ocrx_word' id='word_1_289' title='bbox 1395 3590 1529 3627; x_wconf 65' lang='lat' dir='ltr'><strong>esca</strong></span> <span class='ocrx_word' id='word_1_290' title='bbox 1550 3574 1663 3643; x_wconf 86' lang='lat' dir='ltr'><strong>ejus</strong></span> <span class='ocrx_word' id='word_1_291' title='bbox 1693 3574 1892 3639; x_wconf 64' lang='lat' dir='ltr'><strong>electae,</strong></span> <span class='ocrx_word' id='word_1_292' title='bbox 1914 3586 1961 3629; x_wconf 89' lang='lat' dir='ltr'><strong>et</strong></span> <span class='ocrx_word' id='word_1_293' title='bbox 1985 3593 2113 3630; x_wconf 80' lang='lat' dir='ltr'><strong>oon-</strong></span> 
     </span>
    </p>
   </div>
   <div class='ocr_carea' id='block_1_40' title="bbox 516 3664 2109 3734">
    <p class='ocr_par' dir='ltr' id='par_1_40' title="bbox 516 3664 2109 3734">
     <span class='ocr_line' id='line_1_40' title="bbox 516 3664 2109 3734; baseline 0.004 -18"><span class='ocrx_word' id='word_1_294' title='bbox 516 3664 754 3734; x_wconf 81' lang='lat' dir='ltr'><strong>gregavit</strong></span> <span class='ocrx_word' id='word_1_295' title='bbox 809 3664 946 3717; x_wconf 80' lang='lat' dir='ltr'><strong>sicut</strong></span> <span class='ocrx_word' id='word_1_296' title='bbox 1005 3679 1224 3717; x_wconf 77' lang='lat' dir='ltr'><strong>arenam</strong></span> <span class='ocrx_word' id='word_1_297' title='bbox 1267 3666 1625 3731; x_wconf 83' lang='lat' dir='ltr'><strong>captivitatem</strong></span> <span class='ocrx_word' id='word_1_298' title='bbox 1681 3668 1723 3718; x_wconf 84' lang='lat'><strong>&#39;.</strong></span> <span class='ocrx_word' id='word_1_299' title='bbox 1780 3666 1856 3722; x_wconf 89' lang='lat' dir='ltr'><strong>Te</strong></span> <span class='ocrx_word' id='word_1_300' title='bbox 1906 3676 2109 3734; x_wconf 87' lang='lat' dir='ltr'><strong>autem,</strong></span> 
     </span>
    </p>
   </div>
   <div class='ocr_carea' id='block_1_41' title="bbox 520 3752 2109 3827">
    <p class='ocr_par' dir='ltr' id='par_1_41' title="bbox 520 3752 2109 3827">
     <span class='ocr_line' id='line_1_41' title="bbox 520 3752 2109 3827; baseline 0.003 -19"><span class='ocrx_word' id='word_1_301' title='bbox 520 3755 713 3819; x_wconf 86' lang='lat' dir='ltr'><strong>frater,</strong></span> <span class='ocrx_word' id='word_1_302' title='bbox 741 3754 937 3809; x_wconf 81' lang='lat' dir='ltr'><strong>liberet</strong></span> <span class='ocrx_word' id='word_1_303' title='bbox 970 3752 1135 3819; x_wconf 88' lang='lat' dir='ltr'><strong>Deus,</strong></span> <span class='ocrx_word' id='word_1_304' title='bbox 1177 3761 1232 3809; x_wconf 84' lang='lat' dir='ltr'><strong>et</strong></span> <span class='ocrx_word' id='word_1_305' title='bbox 1277 3763 1530 3810; x_wconf 83' lang='lat' dir='ltr'><strong>sanctum</strong></span> <span class='ocrx_word' id='word_1_306' title='bbox 1578 3758 1840 3826; x_wconf 86' lang='lat' dir='ltr'><strong>populum</strong></span> <span class='ocrx_word' id='word_1_307' title='bbox 1879 3759 2109 3827; x_wconf 79' lang='lat' dir='ltr'><strong>Christi,</strong></span> 
     </span>
    </p>
   </div>
   <div class='ocr_carea' id='block_1_42' title="bbox 514 3846 2111 3920">
    <p class='ocr_par' dir='ltr' id='par_1_42' title="bbox 514 3846 2111 3920">
     <span class='ocr_line' id='line_1_42' title="bbox 514 3846 2111 3920; baseline 0.004 -21"><span class='ocrx_word' id='word_1_308' title='bbox 514 3846 617 3917; x_wconf 83' lang='lat' dir='ltr'><strong>qui</strong></span> <span class='ocrx_word' id='word_1_309' title='bbox 651 3846 752 3901; x_wconf 88' lang='lat' dir='ltr'><strong>tibi</strong></span> <span class='ocrx_word' id='word_1_310' title='bbox 806 3846 1048 3900; x_wconf 81' lang='lat' dir='ltr'><strong>creditus</strong></span> <span class='ocrx_word' id='word_1_311' title='bbox 1079 3853 1184 3913; x_wconf 83' lang='lat' dir='ltr'><strong>est,</strong></span> <span class='ocrx_word' id='word_1_312' title='bbox 1214 3856 1270 3901; x_wconf 90' lang='lat' dir='ltr'><strong>et</strong></span> <span class='ocrx_word' id='word_1_313' title='bbox 1314 3860 1505 3901; x_wconf 86' lang='lat' dir='ltr'><strong>omnes</strong></span> <span class='ocrx_word' id='word_1_314' title='bbox 1551 3847 1750 3905; x_wconf 86' lang='lat' dir='ltr'><strong>fratres</strong></span> <span class='ocrx_word' id='word_1_315' title='bbox 1787 3850 1880 3920; x_wconf 89' lang='lat' dir='ltr'><strong>qui</strong></span> <span class='ocrx_word' id='word_1_316' title='bbox 1932 3860 2111 3905; x_wconf 86' lang='lat' dir='ltr'><strong>tecum</strong></span> 
     </span>
    </p>
   </div>
   <div class='ocr_carea' id='block_1_43' title="bbox 520 3934 2111 4007">
    <p class='ocr_par' dir='ltr' id='par_1_43' title="bbox 520 3934 2111 4007">
     <span class='ocr_line' id='line_1_43' title="bbox 520 3934 2111 4007; baseline 0.003 -17"><span class='ocrx_word' id='word_1_317' title='bbox 520 3943 673 3999; x_wconf 85' lang='lat' dir='ltr'><strong>sunt,</strong></span> <span class='ocrx_word' id='word_1_318' title='bbox 709 3945 767 3991; x_wconf 90' lang='lat' dir='ltr'><strong>et</strong></span> <span class='ocrx_word' id='word_1_319' title='bbox 808 3935 1047 3990; x_wconf 79' lang='lat' dir='ltr'><strong>maxime</strong></span> <span class='ocrx_word' id='word_1_320' title='bbox 1087 3934 1347 3989; x_wconf 79' lang='lat' dir='ltr'><strong>Ruﬁnum</strong></span> <span class='ocrx_word' id='word_1_321' title='bbox 1382 3939 1762 4007; x_wconf 79' lang='lat' dir='ltr'><strong>presbyterum</strong></span> <span class='ocrx_word' id='word_1_322' title='bbox 1804 3940 1876 3994; x_wconf 89' lang='lat' dir='ltr'><strong>ab</strong></span> <span class='ocrx_word' id='word_1_323' title='bbox 1917 3939 2111 3995; x_wconf 82' lang='lat' dir='ltr'><strong>haeresi</strong></span> 
     </span>
    </p>
   </div>
   <div class='ocr_carea' id='block_1_44' title="bbox 520 4024 2116 4098">
    <p class='ocr_par' dir='ltr' id='par_1_44' title="bbox 520 4024 2116 4098">
     <span class='ocr_line' id='line_1_44' title="bbox 520 4024 2116 4098; baseline 0.001 -16"><span class='ocrx_word' id='word_1_324' title='bbox 520 4027 801 4098; x_wconf 88' lang='lat' dir='ltr'><strong>Origenis,</strong></span> <span class='ocrx_word' id='word_1_325' title='bbox 852 4036 906 4081; x_wconf 90' lang='lat' dir='ltr'><strong>et</strong></span> <span class='ocrx_word' id='word_1_326' title='bbox 950 4024 1021 4080; x_wconf 90' lang='lat' dir='ltr'><strong>ab</strong></span> <span class='ocrx_word' id='word_1_327' title='bbox 1065 4025 1189 4080; x_wconf 88' lang='lat' dir='ltr'><strong>aliis</strong></span> <span class='ocrx_word' id='word_1_328' title='bbox 1224 4024 1528 4079; x_wconf 77' lang='lat' dir='ltr'><strong>haeresibus</strong></span> <span class='ocrx_word' id='word_1_329' title='bbox 1579 4034 1635 4081; x_wconf 90' lang='lat' dir='ltr'><strong>et</strong></span> <span class='ocrx_word' id='word_1_330' title='bbox 1674 4028 1985 4097; x_wconf 86' lang='lat' dir='ltr'><strong>perditione</strong></span> <span class='ocrx_word' id='word_1_331' title='bbox 2023 4044 2116 4084; x_wconf 90' lang='lat' dir='ltr'><strong>ea-</strong></span> 
     </span>
    </p>
   </div>
   <div class='ocr_carea' id='block_1_45' title="bbox 524 4118 2114 4191">
    <p class='ocr_par' dir='ltr' id='par_1_45' title="bbox 524 4118 2114 4191">
     <span class='ocr_line' id='line_1_45' title="bbox 524 4118 2114 4191; baseline 0.003 -19"><span class='ocrx_word' id='word_1_332' title='bbox 524 4135 669 4173; x_wconf 92' lang='lat' dir='ltr'><strong>rum.</strong></span> <span class='ocrx_word' id='word_1_333' title='bbox 709 4120 769 4174; x_wconf 90' lang='lat' dir='ltr'><strong>Si</strong></span> <span class='ocrx_word' id='word_1_334' title='bbox 801 4119 947 4173; x_wconf 80' lang='lat' dir='ltr'><strong>enim</strong></span> <span class='ocrx_word' id='word_1_335' title='bbox 979 4125 1205 4189; x_wconf 87' lang='lat' dir='ltr'><strong>propter</strong></span> <span class='ocrx_word' id='word_1_336' title='bbox 1234 4131 1404 4170; x_wconf 89' lang='lat' dir='ltr'><strong>unum</strong></span> <span class='ocrx_word' id='word_1_337' title='bbox 1438 4118 1690 4183; x_wconf 87' lang='lat' dir='ltr'><strong>verbum,</strong></span> <span class='ocrx_word' id='word_1_338' title='bbox 1725 4127 1820 4173; x_wconf 88' lang='lat' dir='ltr'><strong>aut</strong></span> <span class='ocrx_word' id='word_1_339' title='bbox 1854 4121 1964 4175; x_wconf 89' lang='lat' dir='ltr'><strong>duo</strong></span> <span class='ocrx_word' id='word_1_340' title='bbox 1992 4137 2114 4191; x_wconf 72' lang='lat' dir='ltr'><strong>qua:</strong></span> 
     </span>
    </p>
   </div>
   <div class='ocr_carea' id='block_1_46' title="bbox 522 4212 2114 4285">
    <p class='ocr_par' dir='ltr' id='par_1_46' title="bbox 522 4212 2114 4285">
     <span class='ocr_line' id='line_1_46' title="bbox 522 4212 2114 4285; baseline 0.006 -21"><span class='ocrx_word' id='word_1_341' title='bbox 522 4212 798 4265; x_wconf 87' lang='lat' dir='ltr'><strong>contraria</strong></span> <span class='ocrx_word' id='word_1_342' title='bbox 844 4212 967 4268; x_wconf 89' lang='lat' dir='ltr'><strong>ﬁdei</strong></span> <span class='ocrx_word' id='word_1_343' title='bbox 1015 4221 1167 4280; x_wconf 88' lang='lat' dir='ltr'><strong>sunt,</strong></span> <span class='ocrx_word' id='word_1_344' title='bbox 1204 4216 1394 4269; x_wconf 61' lang='lat' dir='ltr'><strong>multa;</strong></span> <span class='ocrx_word' id='word_1_345' title='bbox 1434 4214 1671 4272; x_wconf 75' lang='lat' dir='ltr'><strong>htereses</strong></span> <span class='ocrx_word' id='word_1_346' title='bbox 1716 4217 1943 4285; x_wconf 82' lang='lat' dir='ltr'><strong>abjectae</strong></span> <span class='ocrx_word' id='word_1_347' title='bbox 1985 4227 2114 4273; x_wconf 91' lang='lat' dir='ltr'><strong>sunt</strong></span> 
     </span>
    </p>
   </div>
   <div class='ocr_carea' id='block_1_47' title="bbox 521 4303 2111 4378">
    <p class='ocr_par' dir='ltr' id='par_1_47' title="bbox 521 4303 2111 4378">
     <span class='ocr_line' id='line_1_47' title="bbox 521 4303 2111 4378; baseline 0.008 -24"><span class='ocrx_word' id='word_1_348' title='bbox 521 4305 592 4358; x_wconf 86' lang='lat' dir='ltr'><strong>ab</strong></span> <span class='ocrx_word' id='word_1_349' title='bbox 625 4303 893 4371; x_wconf 87' lang='lat' dir='ltr'><strong>Ecclesia,</strong></span> <span class='ocrx_word' id='word_1_350' title='bbox 931 4315 1142 4377; x_wconf 84' lang='lat' dir='ltr'><strong>quanto</strong></span> <span class='ocrx_word' id='word_1_351' title='bbox 1173 4309 1348 4378; x_wconf 89' lang='lat' dir='ltr'><strong>magis</strong></span> <span class='ocrx_word' id='word_1_352' title='bbox 1386 4308 1474 4363; x_wconf 91' lang='lat' dir='ltr'><strong>hic</strong></span> <span class='ocrx_word' id='word_1_353' title='bbox 1507 4310 1648 4365; x_wconf 87' lang='lat' dir='ltr'><strong>inter</strong></span> <span class='ocrx_word' id='word_1_354' title='bbox 1678 4310 1966 4366; x_wconf 68' lang='lat' dir='ltr'><strong>haereticos</strong></span> <span class='ocrx_word' id='word_1_355' title='bbox 2010 4313 2111 4366; x_wconf 88' lang='lat' dir='ltr'><strong>ha-</strong></span> 
     </span>
    </p>
   </div>
   <div class='ocr_carea' id='block_1_48' title="bbox 518 4396 2113 4470">
    <p class='ocr_par' dir='ltr' id='par_1_48' title="bbox 518 4396 2113 4470">
     <span class='ocr_line' id='line_1_48' title="bbox 518 4396 2113 4470; baseline 0.006 -23"><span class='ocrx_word' id='word_1_356' title='bbox 518 4396 761 4462; x_wconf 78' lang='lat' dir='ltr'><strong>bebitur,</strong></span> <span class='ocrx_word' id='word_1_357' title='bbox 796 4400 889 4467; x_wconf 92' lang='lat' dir='ltr'><strong>qui</strong></span> <span class='ocrx_word' id='word_1_358' title='bbox 930 4407 1110 4456; x_wconf 89' lang='lat' dir='ltr'><strong>tantas</strong></span> <span class='ocrx_word' id='word_1_359' title='bbox 1152 4404 1562 4470; x_wconf 89' lang='lat' dir='ltr'><strong>perversitates,</strong></span> <span class='ocrx_word' id='word_1_360' title='bbox 1596 4412 1648 4457; x_wconf 91' lang='lat' dir='ltr'><strong>et</strong></span> <span class='ocrx_word' id='word_1_361' title='bbox 1692 4411 1801 4457; x_wconf 90' lang='lat' dir='ltr'><strong>tam</strong></span> <span class='ocrx_word' id='word_1_362' title='bbox 1842 4405 1981 4458; x_wconf 90' lang='lat' dir='ltr'><strong>mala</strong></span> <span class='ocrx_word' id='word_1_363' title='bbox 2018 4404 2113 4457; x_wconf 83' lang='lat' dir='ltr'><strong>do-</strong></span> 
     </span>
    </p>
   </div>
   <div class='ocr_carea' id='block_1_49' title="bbox 517 4491 2111 4566">
    <p class='ocr_par' dir='ltr' id='par_1_49' title="bbox 517 4491 2111 4566">
     <span class='ocr_line' id='line_1_49' title="bbox 517 4491 2111 4566; baseline 0.01 -29"><span class='ocrx_word' id='word_1_364' title='bbox 517 4494 705 4555; x_wconf 73' lang='lat' dir='ltr'><strong>gmata</strong></span> <span class='ocrx_word' id='word_1_365' title='bbox 742 4497 933 4543; x_wconf 85' lang='lat' dir='ltr'><strong>contra</strong></span> <span class='ocrx_word' id='word_1_366' title='bbox 977 4491 1137 4546; x_wconf 89' lang='lat' dir='ltr'><strong>ﬁdem</strong></span> <span class='ocrx_word' id='word_1_367' title='bbox 1172 4494 1471 4557; x_wconf 90' lang='lat' dir='ltr'><strong>adinvenit,</strong></span> <span class='ocrx_word' id='word_1_368' title='bbox 1524 4494 1729 4566; x_wconf 86' lang='lat' dir='ltr'><strong>Deique</strong></span> <span class='ocrx_word' id='word_1_369' title='bbox 1758 4504 1812 4549; x_wconf 91' lang='lat' dir='ltr'><strong>et</strong></span> <span class='ocrx_word' id='word_1_370' title='bbox 1853 4494 2111 4552; x_wconf 73' lang='lat' dir='ltr'><strong>Ecclesia:</strong></span> 
     </span>
    </p>
   </div>
   <div class='ocr_carea' id='block_1_50' title="bbox 603 4602 1574 4669">
    <p class='ocr_par' dir='ltr' id='par_1_50' title="bbox 603 4602 1574 4669">
     <span class='ocr_line' id='line_1_50' title="bbox 603 4602 1574 4669; baseline 0.007 -15"><span class='ocrx_word' id='word_1_371' title='bbox 603 4602 614 4669; x_wconf 52' lang='grc' dir='ltr'>ἲ</span> <span class='ocrx_word' id='word_1_372' title='bbox 661 4602 797 4655; x_wconf 78' lang='lat' dir='ltr'><strong>Gen.</strong></span> <span class='ocrx_word' id='word_1_373' title='bbox 825 4620 922 4668; x_wconf 87' lang='lat' dir='ltr'><strong>vu,</strong></span> <span class='ocrx_word' id='word_1_374' title='bbox 953 4605 1034 4658; x_wconf 83' lang='grc' dir='ltr'><strong>Η.</strong></span> <span class='ocrx_word' id='word_1_375' title='bbox 1113 4608 1133 4636; x_wconf 82' lang='lat'><strong><em>‘</em></strong></span> <span class='ocrx_word' id='word_1_376' title='bbox 1173 4605 1335 4662; x_wconf 85' lang='lat' dir='ltr'><strong>Prov.</strong></span> <span class='ocrx_word' id='word_1_377' title='bbox 1378 4625 1453 4669; x_wconf 75' lang='lat' dir='ltr'><strong>vr,</strong></span> <span class='ocrx_word' id='word_1_378' title='bbox 1483 4609 1574 4663; x_wconf 61' lang='grc' dir='ltr'><strong>δὶα).</strong></span> 
     </span>
    </p>
   </div>
   <div class='ocr_carea' id='block_1_51' title="bbox 522 4606 2109 4697">
    <p class='ocr_par' dir='ltr' id='par_1_51' title="bbox 522 4606 2109 4697">
     <span class='ocr_line' id='line_1_51' title="bbox 603 4606 2109 4675; baseline 0.007 -20"><span class='ocrx_word' id='word_1_379' title='bbox 603 4606 614 4629; x_wconf 79' lang='grc'>⁸</span> <span class='ocrx_word' id='word_1_380' title='bbox 661 4606 797 4655; x_wconf 79' lang='lat' dir='ltr'><strong>Gen.</strong></span> <span class='ocrx_word' id='word_1_381' title='bbox 825 4620 922 4668; x_wconf 87' lang='lat' dir='ltr'><strong>vu,</strong></span> <span class='ocrx_word' id='word_1_382' title='bbox 953 4606 1034 4658; x_wconf 84' lang='grc' dir='ltr'><strong>Η.</strong></span> <span class='ocrx_word' id='word_1_383' title='bbox 1113 4608 1133 4636; x_wconf 82' lang='lat'><strong><em>‘</em></strong></span> <span class='ocrx_word' id='word_1_384' title='bbox 1173 4606 1335 4662; x_wconf 84' lang='lat' dir='ltr'><strong>Prov.</strong></span> <span class='ocrx_word' id='word_1_385' title='bbox 1378 4625 1453 4669; x_wconf 75' lang='lat' dir='ltr'><strong>vr,</strong></span> <span class='ocrx_word' id='word_1_386' title='bbox 1483 4609 1574 4663; x_wconf 61' lang='grc' dir='ltr'><strong>δὶα).</strong></span> <span class='ocrx_word' id='word_1_387' title='bbox 1655 4609 1675 4639; x_wconf 89' lang='grc'><em>³</em></span> <span class='ocrx_word' id='word_1_388' title='bbox 1714 4608 1817 4664; x_wconf 89' lang='lat' dir='ltr'><strong>lsa.</strong></span> <span class='ocrx_word' id='word_1_389' title='bbox 1853 4628 2039 4675; x_wconf 69' lang='grc' dir='ltr'>χχχιι,</span> <span class='ocrx_word' id='word_1_390' title='bbox 2068 4615 2109 4670; x_wconf 48' lang='grc' dir='ltr'><strong>6η</strong></span> 
     </span>
     <span class='ocr_line' id='line_1_52' title="bbox 522 4668 2109 4697; baseline 0 0"><span class='ocrx_word' id='word_1_391' title='bbox 522 4671 544 4697; x_wconf 70' lang='lat'><strong><em>1</em></strong></span> <span class='ocrx_word' id='word_1_392' title='bbox 585 4668 697 4697; x_wconf 55' lang='lat' dir='ltr'><strong>rx...</strong></span> <span class='ocrx_word' id='word_1_393' title='bbox 760 4690 794 4697; x_wconf 87' lang='lat'><strong>--</strong></span> <span class='ocrx_word' id='word_1_394' title='bbox 859 4675 889 4697; x_wconf 71' lang='lat' dir='ltr'><strong>er</strong></span> <span class='ocrx_word' id='word_1_395' title='bbox 990 4674 1011 4697; x_wconf 69' lang='grc' dir='ltr'><strong><em>Ω</em></strong></span> <span class='ocrx_word' id='word_1_396' title='bbox 1052 4676 1161 4697; x_wconf 75' lang='lat' dir='ltr'>n__</span> <span class='ocrx_word' id='word_1_397' title='bbox 1224 4694 1276 4697; x_wconf 83' lang='lat'><strong>__</strong></span> <span class='ocrx_word' id='word_1_398' title='bbox 1378 4679 1393 4697; x_wconf 87' lang='grc' dir='ltr'>ι</span> <span class='ocrx_word' id='word_1_399' title='bbox 1433 4680 1461 4697; x_wconf 79' lang='grc' dir='ltr'><strong>ιο</strong></span> <span class='ocrx_word' id='word_1_400' title='bbox 1560 4679 1580 4697; x_wconf 72' lang='grc' dir='ltr'>ι</span> <span class='ocrx_word' id='word_1_401' title='bbox 1621 4677 1739 4697; x_wconf 49' lang='lat' dir='ltr'><strong>n...</strong></span> <span class='ocrx_word' id='word_1_402' title='bbox 2108 4690 2109 4697; x_wconf 52' lang='grc' dir='ltr'><strong>η</strong></span> 
     </span>
    </p>
   </div>
   <div class='ocr_carea' id='block_1_52' title="bbox 2213 4606 2831 4697">
    <p class='ocr_par' dir='ltr' id='par_1_52' title="bbox 2213 4606 2831 4697">
     <span class='ocr_line' id='line_1_53' title="bbox 2213 4606 2831 4697; baseline -0.016 -30"><span class='ocrx_word' id='word_1_403' title='bbox 2213 4619 2223 4647; x_wconf 68' lang='grc'><strong><em>⁵</em></strong></span> <span class='ocrx_word' id='word_1_404' title='bbox 2260 4611 2408 4667; x_wconf 84' lang='lat' dir='ltr'><strong>Psal.</strong></span> <span class='ocrx_word' id='word_1_405' title='bbox 2445 4623 2710 4697; x_wconf 49' lang='lat' dir='ltr'><strong>cxxxglu,</strong></span> <span class='ocrx_word' id='word_1_406' title='bbox 2742 4606 2831 4659; x_wconf 74' lang='lat'><strong>2|.</strong></span> 
     </span>
    </p>
   </div>
   <div class='ocr_carea' id='block_1_53' title="bbox 584 4668 2159 4748">
    <p class='ocr_par' dir='ltr' id='par_1_53' title="bbox 584 4668 2159 4748">
     <span class='ocr_line' id='line_1_54' title="bbox 584 4668 2159 4748; baseline 0.01 -23"><span class='ocrx_word' id='word_1_407' title='bbox 584 4668 720 4725; x_wconf 82' lang='lat' dir='ltr'><strong>Gen.</strong></span> <span class='ocrx_word' id='word_1_408' title='bbox 760 4690 811 4735; x_wconf 90' lang='lat' dir='ltr'><strong>v,</strong></span> <span class='ocrx_word' id='word_1_409' title='bbox 858 4675 908 4728; x_wconf 83' lang='lat'><strong>‘5.</strong></span> <span class='ocrx_word' id='word_1_410' title='bbox 990 4674 1011 4706; x_wconf 85' lang='grc'><strong><em>⁸</em></strong></span> <span class='ocrx_word' id='word_1_411' title='bbox 1052 4676 1187 4730; x_wconf 89' lang='lat' dir='ltr'><strong>Gen.</strong></span> <span class='ocrx_word' id='word_1_412' title='bbox 1224 4694 1316 4741; x_wconf 83' lang='lat' dir='ltr'><strong>tx,</strong></span> <span class='ocrx_word' id='word_1_413' title='bbox 1367 4679 1484 4733; x_wconf 70' lang='grc'><strong>4-6.</strong></span> <span class='ocrx_word' id='word_1_414' title='bbox 1560 4679 1580 4710; x_wconf 86' lang='grc'><strong>⁹</strong></span> <span class='ocrx_word' id='word_1_415' title='bbox 1619 4677 1762 4734; x_wconf 88' lang='lat' dir='ltr'><strong>Psal.</strong></span> <span class='ocrx_word' id='word_1_416' title='bbox 1819 4668 2159 4748; x_wconf 26' lang='lat' dir='ltr'><strong>xxxvrtt&#39;p&#39;i.</strong></span> 
     </span>
    </p>
   </div>
   <div class='ocr_carea' id='block_1_54' title="bbox 2201 474 3743 549">
    <p class='ocr_par' dir='ltr' id='par_1_54' title="bbox 2201 474 3743 549">
     <span class='ocr_line' id='line_1_55' title="bbox 2201 474 3743 549; baseline -0.003 -15"><span class='ocrx_word' id='word_1_417' title='bbox 2201 493 2370 535; x_wconf 88' lang='lat' dir='ltr'><strong>ausus</strong></span> <span class='ocrx_word' id='word_1_418' title='bbox 2418 487 2504 535; x_wconf 84' lang='lat' dir='ltr'><strong>est</strong></span> <span class='ocrx_word' id='word_1_419' title='bbox 2546 478 2750 543; x_wconf 84' lang='lat' dir='ltr'><strong>dicere,</strong></span> <span class='ocrx_word' id='word_1_420' title='bbox 2784 475 3093 549; x_wconf 84' lang='lat' dir='ltr'><strong>perdidisse</strong></span> <span class='ocrx_word' id='word_1_421' title='bbox 3121 476 3408 548; x_wconf 79' lang='lat' dir='ltr'><strong>imaginem</strong></span> <span class='ocrx_word' id='word_1_422' title='bbox 3447 474 3537 531; x_wconf 78' lang='lat' dir='ltr'><strong>Dei</strong></span> <span class='ocrx_word' id='word_1_423' title='bbox 3574 477 3743 543; x_wconf 75' lang='lat' dir='ltr'><strong>Adam,</strong></span> 
     </span>
    </p>
   </div>
   <div class='ocr_carea' id='block_1_55' title="bbox 2200 568 3744 641">
    <p class='ocr_par' dir='ltr' id='par_1_55' title="bbox 2200 568 3744 641">
     <span class='ocr_line' id='line_1_56' title="bbox 2200 568 3744 641; baseline -0.002 -15"><span class='ocrx_word' id='word_1_424' title='bbox 2200 586 2326 626; x_wconf 89' lang='lat' dir='ltr'><strong>cum</strong></span> <span class='ocrx_word' id='word_1_425' title='bbox 2357 571 2462 626; x_wconf 90' lang='lat' dir='ltr'><strong>hoc</strong></span> <span class='ocrx_word' id='word_1_426' title='bbox 2494 570 2547 624; x_wconf 90' lang='lat' dir='ltr'><strong>in</strong></span> <span class='ocrx_word' id='word_1_427' title='bbox 2599 571 2750 625; x_wconf 92' lang='lat' dir='ltr'><strong>nullo</strong></span> <span class='ocrx_word' id='word_1_428' title='bbox 2775 570 2996 641; x_wconf 86' lang='lat' dir='ltr'><strong>penitus</strong></span> <span class='ocrx_word' id='word_1_429' title='bbox 3022 571 3144 639; x_wconf 84' lang='lat' dir='ltr'><strong>loco</strong></span> <span class='ocrx_word' id='word_1_430' title='bbox 3175 568 3453 639; x_wconf 86' lang='lat' dir='ltr'><strong>Scriptura</strong></span> <span class='ocrx_word' id='word_1_431' title='bbox 3485 568 3744 638; x_wconf 80' lang='lat' dir='ltr'><strong>signiﬁcet.</strong></span> 
     </span>
    </p>
   </div>
   <div class='ocr_carea' id='block_1_56' title="bbox 2203 660 3750 731">
    <p class='ocr_par' dir='ltr' id='par_1_56' title="bbox 2203 660 3750 731">
     <span class='ocr_line' id='line_1_57' title="bbox 2203 660 3750 731; baseline -0.002 -14"><span class='ocrx_word' id='word_1_432' title='bbox 2203 662 2263 717; x_wconf 90' lang='lat' dir='ltr'><strong>Si</strong></span> <span class='ocrx_word' id='word_1_433' title='bbox 2299 662 2447 717; x_wconf 90' lang='lat' dir='ltr'><strong>enim</strong></span> <span class='ocrx_word' id='word_1_434' title='bbox 2496 663 2569 716; x_wconf 87' lang='lat' dir='ltr'><strong>ita</strong></span> <span class='ocrx_word' id='word_1_435' title='bbox 2610 670 2780 728; x_wconf 86' lang='lat' dir='ltr'><strong>esset,</strong></span> <span class='ocrx_word' id='word_1_436' title='bbox 2814 676 3094 731; x_wconf 88' lang='lat' dir='ltr'><strong>nunquam</strong></span> <span class='ocrx_word' id='word_1_437' title='bbox 3127 660 3310 715; x_wconf 88' lang='lat' dir='ltr'><strong>omnia</strong></span> <span class='ocrx_word' id='word_1_438' title='bbox 3338 673 3457 730; x_wconf 72' lang='lat' dir='ltr'><strong>quae</strong></span> <span class='ocrx_word' id='word_1_439' title='bbox 3481 660 3535 713; x_wconf 88' lang='lat' dir='ltr'><strong>in</strong></span> <span class='ocrx_word' id='word_1_440' title='bbox 3569 660 3750 714; x_wconf 86' lang='lat' dir='ltr'><strong>mundo</strong></span> 
     </span>
    </p>
   </div>
   <div class='ocr_carea' id='block_1_57' title="bbox 2203 751 3750 822">
    <p class='ocr_par' dir='ltr' id='par_1_57' title="bbox 2203 751 3750 822">
     <span class='ocr_line' id='line_1_58' title="bbox 2203 751 3750 822; baseline -0.003 -13"><span class='ocrx_word' id='word_1_441' title='bbox 2203 762 2355 818; x_wconf 91' lang='lat' dir='ltr'><strong>sunt,</strong></span> <span class='ocrx_word' id='word_1_442' title='bbox 2386 754 2659 809; x_wconf 80' lang='lat' dir='ltr'><strong>servirent</strong></span> <span class='ocrx_word' id='word_1_443' title='bbox 2702 753 2900 810; x_wconf 89' lang='lat' dir='ltr'><strong>semini</strong></span> <span class='ocrx_word' id='word_1_444' title='bbox 2947 754 3144 818; x_wconf 86' lang='lat' dir='ltr'><strong>Adam,</strong></span> <span class='ocrx_word' id='word_1_445' title='bbox 3177 751 3233 805; x_wconf 88' lang='lat' dir='ltr'><strong>id</strong></span> <span class='ocrx_word' id='word_1_446' title='bbox 3261 758 3369 816; x_wconf 88' lang='lat' dir='ltr'><strong>est,</strong></span> <span class='ocrx_word' id='word_1_447' title='bbox 3400 754 3646 806; x_wconf 82' lang='lat' dir='ltr'><strong>universo</strong></span> <span class='ocrx_word' id='word_1_448' title='bbox 3671 766 3750 822; x_wconf 86' lang='lat' dir='ltr'><strong>ge-</strong></span> 
     </span>
    </p>
   </div>
   <div class='ocr_carea' id='block_1_58' title="bbox 2205 840 3753 911">
    <p class='ocr_par' dir='ltr' id='par_1_58' title="bbox 2205 840 3753 911">
     <span class='ocr_line' id='line_1_59' title="bbox 2205 840 3753 911; baseline -0.004 -12"><span class='ocrx_word' id='word_1_449' title='bbox 2205 844 2324 899; x_wconf 91' lang='lat' dir='ltr'><strong>neri</strong></span> <span class='ocrx_word' id='word_1_450' title='bbox 2368 842 2676 908; x_wconf 88' lang='lat' dir='ltr'><strong>hominum,</strong></span> <span class='ocrx_word' id='word_1_451' title='bbox 2726 843 2875 898; x_wconf 90' lang='lat' dir='ltr'><strong>sicut</strong></span> <span class='ocrx_word' id='word_1_452' title='bbox 2919 848 2973 897; x_wconf 89' lang='lat' dir='ltr'><strong>et</strong></span> <span class='ocrx_word' id='word_1_453' title='bbox 3024 840 3265 896; x_wconf 83' lang='lat' dir='ltr'><strong>Jacobus</strong></span> <span class='ocrx_word' id='word_1_454' title='bbox 3301 841 3574 911; x_wconf 85' lang='lat' dir='ltr'><strong>apostolus</strong></span> <span class='ocrx_word' id='word_1_455' title='bbox 3600 841 3753 909; x_wconf 87' lang='lat' dir='ltr'><strong>loqui-</strong></span> 
     </span>
    </p>
   </div>
   <div class='ocr_carea' id='block_1_59' title="bbox 2205 931 3754 1000">
    <p class='ocr_par' dir='ltr' id='par_1_59' title="bbox 2205 931 3754 1000">
     <span class='ocr_line' id='line_1_60' title="bbox 2205 931 3754 1000; baseline -0.003 -13"><span class='ocrx_word' id='word_1_456' title='bbox 2205 943 2295 989; x_wconf 92' lang='lat' dir='ltr'><strong>tur</strong></span> <span class='ocrx_word' id='word_1_457' title='bbox 2328 954 2341 989; x_wconf 90' lang='lat'>:</span> <span class='ocrx_word' id='word_1_458' title='bbox 2375 934 2574 989; x_wconf 79' lang='lat' dir='ltr'><strong>Omnia</strong></span> <span class='ocrx_word' id='word_1_459' title='bbox 2614 934 2939 997; x_wconf 81' lang='lat' dir='ltr'><strong>domantur,</strong></span> <span class='ocrx_word' id='word_1_460' title='bbox 2991 942 3039 986; x_wconf 87' lang='lat' dir='ltr'><strong>et</strong></span> <span class='ocrx_word' id='word_1_461' title='bbox 3089 932 3325 1000; x_wconf 82' lang='lat' dir='ltr'><strong>subjecta</strong></span> <span class='ocrx_word' id='word_1_462' title='bbox 3381 941 3498 985; x_wconf 82' lang='lat' dir='ltr'><strong>sunt</strong></span> <span class='ocrx_word' id='word_1_463' title='bbox 3539 931 3754 983; x_wconf 72' lang='lat' dir='ltr'><strong>humana</strong></span> 
     </span>
    </p>
   </div>
   <div class='ocr_carea' id='block_1_60' title="bbox 2205 1022 3757 1095">
    <p class='ocr_par' dir='ltr' id='par_1_60' title="bbox 2205 1022 3757 1095">
     <span class='ocr_line' id='line_1_61' title="bbox 2205 1022 3757 1095; baseline -0.005 -15"><span class='ocrx_word' id='word_1_464' title='bbox 2205 1039 2413 1080; x_wconf 67' lang='lat' dir='ltr'><strong>natura</strong></span> <span class='ocrx_word' id='word_1_465' title='bbox 2449 1027 2490 1079; x_wconf 80' lang='grc'><strong>⁸.</strong></span> <span class='ocrx_word' id='word_1_466' title='bbox 2526 1024 2815 1095; x_wconf 81' lang='lat' dir='ltr'><strong>Nunquam</strong></span> <span class='ocrx_word' id='word_1_467' title='bbox 2844 1024 2988 1079; x_wconf 88' lang='lat' dir='ltr'><strong>enim</strong></span> <span class='ocrx_word' id='word_1_468' title='bbox 3020 1024 3276 1078; x_wconf 86' lang='lat' dir='ltr'><strong>universa</strong></span> <span class='ocrx_word' id='word_1_469' title='bbox 3326 1022 3567 1090; x_wconf 87' lang='lat' dir='ltr'><strong>subjecta</strong></span> <span class='ocrx_word' id='word_1_470' title='bbox 3594 1029 3757 1075; x_wconf 86' lang='lat' dir='ltr'><strong>essent</strong></span> 
     </span>
    </p>
   </div>
   <div class='ocr_carea' id='block_1_61' title="bbox 2206 1112 3752 1182">
    <p class='ocr_par' dir='ltr' id='par_1_61' title="bbox 2206 1112 3752 1182">
     <span class='ocr_line' id='line_1_62' title="bbox 2206 1112 3752 1182; baseline -0.005 -10"><span class='ocrx_word' id='word_1_471' title='bbox 2206 1116 2545 1182; x_wconf 81' lang='lat' dir='ltr'><strong>hominibus,</strong></span> <span class='ocrx_word' id='word_1_472' title='bbox 2586 1118 2634 1172; x_wconf 91' lang='lat' dir='ltr'><strong>si</strong></span> <span class='ocrx_word' id='word_1_473' title='bbox 2661 1132 2770 1170; x_wconf 90' lang='lat' dir='ltr'><strong>non</strong></span> <span class='ocrx_word' id='word_1_474' title='bbox 2803 1116 3067 1170; x_wconf 89' lang='lat' dir='ltr'><strong>haberent</strong></span> <span class='ocrx_word' id='word_1_475' title='bbox 3095 1114 3346 1168; x_wconf 81' lang='lat' dir='ltr'><strong>homines</strong></span> <span class='ocrx_word' id='word_1_476' title='bbox 3373 1113 3523 1181; x_wconf 80' lang='lat' dir='ltr'><strong>juxta</strong></span> <span class='ocrx_word' id='word_1_477' title='bbox 3550 1112 3599 1165; x_wconf 87' lang='lat' dir='ltr'><strong>id</strong></span> <span class='ocrx_word' id='word_1_478' title='bbox 3626 1112 3752 1179; x_wconf 86' lang='lat' dir='ltr'><strong>quod</strong></span> 
     </span>
    </p>
   </div>
   <div class='ocr_carea' id='block_1_62' title="bbox 2206 1187 3759 1279">
    <p class='ocr_par' dir='ltr' id='par_1_62' title="bbox 2206 1187 3759 1279">
     <span class='ocr_line' id='line_1_63' title="bbox 2206 1187 3759 1279; baseline -0.004 -14"><span class='ocrx_word' id='word_1_479' title='bbox 2206 1208 2480 1265; x_wconf 79' lang='lat' dir='ltr'><strong>universis</strong></span> <span class='ocrx_word' id='word_1_480' title='bbox 2536 1211 2897 1279; x_wconf 73' lang='lat' dir='ltr'><strong>imperarent,</strong></span> <span class='ocrx_word' id='word_1_481' title='bbox 2944 1208 3236 1277; x_wconf 84' lang='lat' dir='ltr'><strong>imaginem</strong></span> <span class='ocrx_word' id='word_1_482' title='bbox 3280 1205 3396 1260; x_wconf 85' lang='lat' dir='ltr'><strong>Dei.</strong></span> <span class='ocrx_word' id='word_1_483' title='bbox 3440 1187 3759 1272; x_wconf 60' lang='lat' dir='ltr'><strong>ConjungEns</strong></span> 
     </span>
    </p>
   </div>
   <div class='ocr_carea' id='block_1_63' title="bbox 2207 1295 3759 1370">
    <p class='ocr_par' dir='ltr' id='par_1_63' title="bbox 2207 1295 3759 1370">
     <span class='ocr_line' id='line_1_64' title="bbox 2207 1295 3759 1370; baseline -0.006 -15"><span class='ocrx_word' id='word_1_484' title='bbox 2207 1311 2387 1355; x_wconf 88' lang='lat' dir='ltr'><strong>autem</strong></span> <span class='ocrx_word' id='word_1_485' title='bbox 2417 1308 2580 1370; x_wconf 85' lang='lat' dir='ltr'><strong>atque</strong></span> <span class='ocrx_word' id='word_1_486' title='bbox 2630 1299 2959 1353; x_wconf 88' lang='lat' dir='ltr'><strong>consocians</strong></span> <span class='ocrx_word' id='word_1_487' title='bbox 3012 1296 3296 1366; x_wconf 86' lang='lat' dir='ltr'><strong>Scriptura</strong></span> <span class='ocrx_word' id='word_1_488' title='bbox 3338 1295 3520 1348; x_wconf 85' lang='lat' dir='ltr'><strong>divina</strong></span> <span class='ocrx_word' id='word_1_489' title='bbox 3559 1296 3759 1364; x_wconf 80' lang='lat' dir='ltr'><strong>gratiam</strong></span> 
     </span>
    </p>
   </div>
   <div class='ocr_carea' id='block_1_64' title="bbox 2209 1387 3762 1460">
    <p class='ocr_par' dir='ltr' id='par_1_64' title="bbox 2209 1387 3762 1460">
     <span class='ocr_line' id='line_1_65' title="bbox 2209 1387 3762 1460; baseline -0.006 -13"><span class='ocrx_word' id='word_1_490' title='bbox 2209 1390 2630 1457; x_wconf 87' lang='lat' dir='ltr'><strong>benedictionis,</strong></span> <span class='ocrx_word' id='word_1_491' title='bbox 2682 1405 2847 1460; x_wconf 91' lang='lat' dir='ltr'><strong>quam</strong></span> <span class='ocrx_word' id='word_1_492' title='bbox 2881 1388 3052 1442; x_wconf 78' lang='lat' dir='ltr'><strong>Adam</strong></span> <span class='ocrx_word' id='word_1_493' title='bbox 3100 1387 3421 1449; x_wconf 89' lang='lat' dir='ltr'><strong>donaverat,</strong></span> <span class='ocrx_word' id='word_1_494' title='bbox 3457 1392 3513 1440; x_wconf 90' lang='lat' dir='ltr'><strong>et</strong></span> <span class='ocrx_word' id='word_1_495' title='bbox 3563 1398 3762 1454; x_wconf 84' lang='lat' dir='ltr'><strong>genera-</strong></span> 
     </span>
    </p>
   </div>
   <div class='ocr_carea' id='block_1_65' title="bbox 2208 1474 3762 1551">
    <p class='ocr_par' dir='ltr' id='par_1_65' title="bbox 2208 1474 3762 1551">
     <span class='ocr_line' id='line_1_66' title="bbox 2208 1474 3762 1551; baseline -0.006 -16"><span class='ocrx_word' id='word_1_496' title='bbox 2208 1484 2454 1537; x_wconf 83' lang='lat' dir='ltr'><strong>tionibus</strong></span> <span class='ocrx_word' id='word_1_497' title='bbox 2485 1497 2607 1551; x_wconf 71' lang='lat' dir='ltr'><strong>qua:</strong></span> <span class='ocrx_word' id='word_1_498' title='bbox 2638 1498 2702 1537; x_wconf 82' lang='lat' dir='ltr'><strong>es</strong></span> <span class='ocrx_word' id='word_1_499' title='bbox 2727 1482 3018 1543; x_wconf 86' lang='lat' dir='ltr'><strong>eo&#39;erant,</strong></span> <span class='ocrx_word' id='word_1_500' title='bbox 3057 1494 3123 1533; x_wconf 88' lang='lat' dir='ltr'><strong>ne</strong></span> <span class='ocrx_word' id='word_1_501' title='bbox 3152 1478 3246 1548; x_wconf 88' lang='lat' dir='ltr'><strong>qui</strong></span> <span class='ocrx_word' id='word_1_502' title='bbox 3281 1478 3512 1532; x_wconf 86' lang='lat' dir='ltr'><strong>forsitan</strong></span> <span class='ocrx_word' id='word_1_503' title='bbox 3553 1474 3762 1544; x_wconf 85' lang='lat' dir='ltr'><strong>maligna</strong></span> 
     </span>
    </p>
   </div>
   <div class='ocr_carea' id='block_1_66' title="bbox 2209 1566 3761 1644">
    <p class='ocr_par' dir='ltr' id='par_1_66' title="bbox 2209 1566 3761 1644">
     <span class='ocr_line' id='line_1_67' title="bbox 2209 1566 3761 1644; baseline -0.007 -16"><span class='ocrx_word' id='word_1_504' title='bbox 2209 1574 2661 1644; x_wconf 81' lang='lat' dir='ltr'><strong>interpretatione</strong></span> <span class='ocrx_word' id='word_1_505' title='bbox 2693 1571 2959 1626; x_wconf 86' lang='lat' dir='ltr'><strong>auderent</strong></span> <span class='ocrx_word' id='word_1_506' title='bbox 2988 1569 3189 1631; x_wconf 84' lang='lat' dir='ltr'><strong>dicere,</strong></span> <span class='ocrx_word' id='word_1_507' title='bbox 3226 1568 3320 1622; x_wconf 89' lang='lat' dir='ltr'><strong>uni</strong></span> <span class='ocrx_word' id='word_1_508' title='bbox 3348 1567 3529 1621; x_wconf 86' lang='lat' dir='ltr'><strong>datam</strong></span> <span class='ocrx_word' id='word_1_509' title='bbox 3561 1566 3761 1635; x_wconf 85' lang='lat' dir='ltr'><strong>gratiam</strong></span> 
     </span>
    </p>
   </div>
   <div class='ocr_carea' id='block_1_67' title="bbox 2211 1653 3760 1723">
    <p class='ocr_par' dir='ltr' id='par_1_67' title="bbox 2211 1653 3760 1723">
     <span class='ocr_line' id='line_1_68' title="bbox 2211 1653 3760 1723; baseline -0.008 -6"><span class='ocrx_word' id='word_1_510' title='bbox 2211 1663 2305 1719; x_wconf 87' lang='lat' dir='ltr'><strong>Dei</strong></span> <span class='ocrx_word' id='word_1_511' title='bbox 2335 1673 2390 1720; x_wconf 89' lang='lat' dir='ltr'><strong>et</strong></span> <span class='ocrx_word' id='word_1_512' title='bbox 2436 1664 2591 1718; x_wconf 88' lang='lat' dir='ltr'><strong>illum</strong></span> <span class='ocrx_word' id='word_1_513' title='bbox 2620 1662 2798 1718; x_wconf 88' lang='lat' dir='ltr'><strong>solum</strong></span> <span class='ocrx_word' id='word_1_514' title='bbox 2836 1661 3041 1714; x_wconf 81' lang='lat' dir='ltr'><strong>factum</strong></span> <span class='ocrx_word' id='word_1_515' title='bbox 3070 1673 3193 1713; x_wconf 91' lang='lat' dir='ltr'><strong>esse</strong></span> <span class='ocrx_word' id='word_1_516' title='bbox 3224 1657 3290 1711; x_wconf 91' lang='lat' dir='ltr'><strong>ad</strong></span> <span class='ocrx_word' id='word_1_517' title='bbox 3327 1656 3613 1723; x_wconf 80' lang='lat' dir='ltr'><strong>imaginem</strong></span> <span class='ocrx_word' id='word_1_518' title='bbox 3645 1653 3760 1705; x_wconf 89' lang='lat' dir='ltr'><strong>Dei:</strong></span> 
     </span>
    </p>
   </div>
   <div class='ocr_carea' id='block_1_68' title="bbox 2142 1736 3763 1824">
    <p class='ocr_par' dir='ltr' id='par_1_68' title="bbox 2142 1736 3763 1824">
     <span class='ocr_line' id='line_1_69' title="bbox 2142 1736 3763 1824; baseline -0.008 -15"><span class='ocrx_word' id='word_1_519' title='bbox 2142 1736 2339 1824; x_wconf 81' lang='lat' dir='ltr'><strong>Bquia</strong></span> <span class='ocrx_word' id='word_1_520' title='bbox 2383 1753 2686 1823; x_wconf 86' lang='lat' dir='ltr'><strong>plasmatus</strong></span> <span class='ocrx_word' id='word_1_521' title='bbox 2731 1757 2880 1805; x_wconf 86' lang='lat' dir='ltr'><strong>esset</strong></span> <span class='ocrx_word' id='word_1_522' title='bbox 2919 1763 2985 1803; x_wconf 83' lang='lat' dir='ltr'><strong>ex</strong></span> <span class='ocrx_word' id='word_1_523' title='bbox 3036 1747 3223 1811; x_wconf 82' lang='lat' dir='ltr'><strong>homo,</strong></span> <span class='ocrx_word' id='word_1_524' title='bbox 3266 1754 3321 1800; x_wconf 88' lang='lat' dir='ltr'><strong>et</strong></span> <span class='ocrx_word' id='word_1_525' title='bbox 3368 1758 3593 1797; x_wconf 81' lang='lat' dir='ltr'><strong>uxorem</strong></span> <span class='ocrx_word' id='word_1_526' title='bbox 3643 1741 3763 1811; x_wconf 82' lang='lat' dir='ltr'><strong>ejus,</strong></span> 
     </span>
    </p>
   </div>
   <div class='ocr_carea' id='block_1_69' title="bbox 2210 1832 3767 1913">
    <p class='ocr_par' dir='ltr' id='par_1_69' title="bbox 2210 1832 3767 1913">
     <span class='ocr_line' id='line_1_70' title="bbox 2210 1832 3767 1913; baseline -0.01 -14"><span class='ocrx_word' id='word_1_527' title='bbox 2210 1859 2375 1913; x_wconf 87' lang='lat' dir='ltr'><strong>quam</strong></span> <span class='ocrx_word' id='word_1_528' title='bbox 2411 1852 2656 1899; x_wconf 82' lang='lat' dir='ltr'><strong>creasset</strong></span> <span class='ocrx_word' id='word_1_529' title='bbox 2688 1843 2756 1897; x_wconf 93' lang='lat' dir='ltr'><strong>de</strong></span> <span class='ocrx_word' id='word_1_530' title='bbox 2783 1847 2939 1896; x_wconf 80' lang='lat' dir='ltr'><strong>costa</strong></span> <span class='ocrx_word' id='word_1_531' title='bbox 2970 1837 3069 1891; x_wconf 89' lang='lat' dir='ltr'><strong>viri</strong></span> <span class='ocrx_word' id='word_1_532' title='bbox 3095 1854 3109 1903; x_wconf 90' lang='lat'>;</span> <span class='ocrx_word' id='word_1_533' title='bbox 3139 1851 3236 1891; x_wconf 89' lang='lat' dir='ltr'><strong>eos</strong></span> <span class='ocrx_word' id='word_1_534' title='bbox 3264 1848 3394 1889; x_wconf 88' lang='lat' dir='ltr'><strong>vero</strong></span> <span class='ocrx_word' id='word_1_535' title='bbox 3428 1832 3504 1904; x_wconf 86' lang='lat'><strong>(6)</strong></span> <span class='ocrx_word' id='word_1_536' title='bbox 3534 1832 3621 1902; x_wconf 89' lang='lat' dir='ltr'><strong>qui</strong></span> <span class='ocrx_word' id='word_1_537' title='bbox 3652 1846 3767 1884; x_wconf 82' lang='lat' dir='ltr'><strong>con-</strong></span> 
     </span>
    </p>
   </div>
   <div class='ocr_carea' id='block_1_70' title="bbox 2210 1927 3769 2006">
    <p class='ocr_par' dir='ltr' id='par_1_70' title="bbox 2210 1927 3769 2006">
     <span class='ocr_line' id='line_1_71' title="bbox 2210 1927 3769 2006; baseline -0.009 -16"><span class='ocrx_word' id='word_1_538' title='bbox 2210 1940 2528 2006; x_wconf 88' lang='lat' dir='ltr'><strong>ciperentur</strong></span> <span class='ocrx_word' id='word_1_539' title='bbox 2576 1936 2632 1987; x_wconf 88' lang='lat' dir='ltr'><strong>in</strong></span> <span class='ocrx_word' id='word_1_540' title='bbox 2692 1941 2884 1995; x_wconf 89' lang='lat' dir='ltr'><strong>utero,</strong></span> <span class='ocrx_word' id='word_1_541' title='bbox 2944 1940 2998 1985; x_wconf 85' lang='lat' dir='ltr'><strong>et</strong></span> <span class='ocrx_word' id='word_1_542' title='bbox 3047 1944 3155 1982; x_wconf 89' lang='lat' dir='ltr'><strong>non</strong></span> <span class='ocrx_word' id='word_1_543' title='bbox 3207 1927 3283 1980; x_wconf 85' lang='lat' dir='ltr'><strong>ita</strong></span> <span class='ocrx_word' id='word_1_544' title='bbox 3337 1931 3689 1980; x_wconf 87' lang='lat' dir='ltr'><strong>nascerentur</strong></span> <span class='ocrx_word' id='word_1_545' title='bbox 3720 1931 3769 1975; x_wconf 88' lang='lat' dir='ltr'><strong>ut</strong></span> 
     </span>
    </p>
   </div>
   <div class='ocr_carea' id='block_1_71' title="bbox 2210 2016 3769 2095">
    <p class='ocr_par' dir='ltr' id='par_1_71' title="bbox 2210 2016 3769 2095">
     <span class='ocr_line' id='line_1_72' title="bbox 2210 2016 3769 2095; baseline -0.005 -16"><span class='ocrx_word' id='word_1_546' title='bbox 2210 2026 2402 2091; x_wconf 81' lang='lat' dir='ltr'><strong>Adam,</strong></span> <span class='ocrx_word' id='word_1_547' title='bbox 2434 2025 2528 2081; x_wconf 88' lang='lat' dir='ltr'><strong>Dei</strong></span> <span class='ocrx_word' id='word_1_548' title='bbox 2571 2041 2679 2080; x_wconf 91' lang='lat' dir='ltr'><strong>non</strong></span> <span class='ocrx_word' id='word_1_549' title='bbox 2721 2026 2923 2080; x_wconf 88' lang='lat' dir='ltr'><strong>habere</strong></span> <span class='ocrx_word' id='word_1_550' title='bbox 2956 2024 3271 2095; x_wconf 84' lang='lat' dir='ltr'><strong>imaginem,</strong></span> <span class='ocrx_word' id='word_1_551' title='bbox 3311 2021 3499 2077; x_wconf 90' lang='lat' dir='ltr'><strong>statim</strong></span> <span class='ocrx_word' id='word_1_552' title='bbox 3528 2033 3619 2090; x_wconf 87' lang='lat' dir='ltr'><strong>per</strong></span> <span class='ocrx_word' id='word_1_553' title='bbox 3646 2016 3769 2073; x_wconf 87' lang='lat' dir='ltr'><strong>ordi-</strong></span> 
     </span>
    </p>
   </div>
   <div class='ocr_carea' id='block_1_72' title="bbox 2210 2110 3771 2187">
    <p class='ocr_par' dir='ltr' id='par_1_72' title="bbox 2210 2110 3771 2187">
     <span class='ocr_line' id='line_1_73' title="bbox 2210 2110 3771 2187; baseline -0.008 -16"><span class='ocrx_word' id='word_1_554' title='bbox 2210 2133 2334 2171; x_wconf 87' lang='lat' dir='ltr'><strong>nem</strong></span> <span class='ocrx_word' id='word_1_555' title='bbox 2360 2118 2564 2187; x_wconf 85' lang='lat' dir='ltr'><strong>jungit,</strong></span> <span class='ocrx_word' id='word_1_556' title='bbox 2624 2125 2679 2171; x_wconf 91' lang='lat' dir='ltr'><strong>et</strong></span> <span class='ocrx_word' id='word_1_557' title='bbox 2720 2117 2893 2172; x_wconf 85' lang='lat' dir='ltr'><strong>dicit:</strong></span> <span class='ocrx_word' id='word_1_558' title='bbox 2932 2115 2996 2168; x_wconf 80' lang='lat' dir='ltr'><strong>Et</strong></span> <span class='ocrx_word' id='word_1_559' title='bbox 3036 2117 3166 2169; x_wconf 72' lang='lat' dir='ltr'><strong>vixit</strong></span> <span class='ocrx_word' id='word_1_560' title='bbox 3197 2115 3369 2167; x_wconf 85' lang='lat' dir='ltr'><strong>Adam</strong></span> <span class='ocrx_word' id='word_1_561' title='bbox 3412 2112 3654 2166; x_wconf 78' lang='lat' dir='ltr'><strong>ducentos</strong></span> <span class='ocrx_word' id='word_1_562' title='bbox 3698 2110 3771 2161; x_wconf 59' lang='lat' dir='ltr'><strong>tri.</strong></span> 
     </span>
    </p>
   </div>
   <div class='ocr_carea' id='block_1_73' title="bbox 2210 2206 3770 2280">
    <p class='ocr_par' dir='ltr' id='par_1_73' title="bbox 2210 2206 3770 2280">
     <span class='ocr_line' id='line_1_74' title="bbox 2210 2206 3770 2280; baseline -0.006 -18"><span class='ocrx_word' id='word_1_563' title='bbox 2210 2213 2355 2280; x_wconf 83' lang='lat' dir='ltr'><strong>ginta</strong></span> <span class='ocrx_word' id='word_1_564' title='bbox 2386 2226 2573 2273; x_wconf 85' lang='lat' dir='ltr'><strong>annos,</strong></span> <span class='ocrx_word' id='word_1_565' title='bbox 2604 2219 2653 2263; x_wconf 88' lang='lat' dir='ltr'><strong>et</strong></span> <span class='ocrx_word' id='word_1_566' title='bbox 2683 2211 2921 2279; x_wconf 78' lang='lat' dir='ltr'><strong>cognovit</strong></span> <span class='ocrx_word' id='word_1_567' title='bbox 2959 2206 3120 2261; x_wconf 77' lang='lat' dir='ltr'><strong>Eram</strong></span> <span class='ocrx_word' id='word_1_568' title='bbox 3162 2222 3380 2260; x_wconf 75' lang='lat' dir='ltr'><strong>uxorem</strong></span> <span class='ocrx_word' id='word_1_569' title='bbox 3426 2221 3598 2268; x_wconf 86' lang='lat' dir='ltr'><strong>suam,</strong></span> <span class='ocrx_word' id='word_1_570' title='bbox 3632 2212 3676 2255; x_wconf 82' lang='lat' dir='ltr'><strong>et</strong></span> <span class='ocrx_word' id='word_1_571' title='bbox 3704 2217 3770 2269; x_wconf 81' lang='lat' dir='ltr'><strong>pe-</strong></span> 
     </span>
    </p>
   </div>
   <div class='ocr_carea' id='block_1_74' title="bbox 2210 2292 3771 2368">
    <p class='ocr_par' dir='ltr' id='par_1_74' title="bbox 2210 2292 3771 2368">
     <span class='ocr_line' id='line_1_75' title="bbox 2210 2292 3771 2368; baseline -0.008 -15"><span class='ocrx_word' id='word_1_572' title='bbox 2210 2301 2345 2368; x_wconf 80' lang='lat' dir='ltr'><strong>perit</strong></span> <span class='ocrx_word' id='word_1_573' title='bbox 2387 2300 2436 2352; x_wconf 87' lang='lat' dir='ltr'><strong>ei</strong></span> <span class='ocrx_word' id='word_1_574' title='bbox 2484 2299 2659 2368; x_wconf 75' lang='lat' dir='ltr'><strong>ﬁlium</strong></span> <span class='ocrx_word' id='word_1_575' title='bbox 2712 2298 2876 2367; x_wconf 73' lang='lat' dir='ltr'><strong>juxta</strong></span> <span class='ocrx_word' id='word_1_576' title='bbox 2930 2298 3151 2365; x_wconf 77' lang='lat' dir='ltr'><strong>speciem</strong></span> <span class='ocrx_word' id='word_1_577' title='bbox 3213 2305 3261 2349; x_wconf 89' lang='lat' dir='ltr'><strong>et</strong></span> <span class='ocrx_word' id='word_1_578' title='bbox 3312 2294 3477 2363; x_wconf 79' lang='lat' dir='ltr'><strong>juxta</strong></span> <span class='ocrx_word' id='word_1_579' title='bbox 3523 2292 3771 2361; x_wconf 75' lang='lat' dir='ltr'><strong>imaginem</strong></span> 
     </span>
    </p>
   </div>
   <div class='ocr_carea' id='block_1_75' title="bbox 2210 2382 3773 2459">
    <p class='ocr_par' dir='ltr' id='par_1_75' title="bbox 2210 2382 3773 2459">
     <span class='ocr_line' id='line_1_76' title="bbox 2210 2382 3773 2459; baseline -0.006 -16"><span class='ocrx_word' id='word_1_580' title='bbox 2210 2391 2349 2459; x_wconf 80' lang='lat' dir='ltr'><strong>ejus,</strong></span> <span class='ocrx_word' id='word_1_581' title='bbox 2391 2399 2443 2443; x_wconf 85' lang='lat' dir='ltr'><strong>et</strong></span> <span class='ocrx_word' id='word_1_582' title='bbox 2489 2390 2694 2444; x_wconf 63' lang='lat' dir='ltr'><strong>vorarit</strong></span> <span class='ocrx_word' id='word_1_583' title='bbox 2720 2405 2906 2442; x_wconf 80' lang='lat' dir='ltr'><strong>nomen</strong></span> <span class='ocrx_word' id='word_1_584' title='bbox 2954 2388 3068 2456; x_wconf 82' lang='lat' dir='ltr'><strong>ejus</strong></span> <span class='ocrx_word' id='word_1_585' title='bbox 3102 2386 3227 2441; x_wconf 80' lang='lat' dir='ltr'><strong>Setlt</strong></span> <span class='ocrx_word' id='word_1_586' title='bbox 3262 2387 3308 2440; x_wconf 89' lang='lat'><strong>&#39;.</strong></span> <span class='ocrx_word' id='word_1_587' title='bbox 3356 2383 3695 2452; x_wconf 82' lang='lat' dir='ltr'><strong>Rursumque</strong></span> <span class='ocrx_word' id='word_1_588' title='bbox 3728 2382 3773 2434; x_wconf 87' lang='lat' dir='ltr'><strong>in</strong></span> 
     </span>
    </p>
   </div>
   <div class='ocr_carea' id='block_1_76' title="bbox 2210 2474 3774 2551">
    <p class='ocr_par' dir='ltr' id='par_1_76' title="bbox 2210 2474 3774 2551">
     <span class='ocr_line' id='line_1_77' title="bbox 2210 2474 3774 2551; baseline -0.008 -16"><span class='ocrx_word' id='word_1_589' title='bbox 2210 2481 2427 2535; x_wconf 80' lang='lat' dir='ltr'><strong>decima</strong></span> <span class='ocrx_word' id='word_1_590' title='bbox 2466 2482 2819 2551; x_wconf 84' lang='lat' dir='ltr'><strong>generatione</strong></span> <span class='ocrx_word' id='word_1_591' title='bbox 2864 2487 2988 2550; x_wconf 84' lang='lat' dir='ltr'><strong>post</strong></span> <span class='ocrx_word' id='word_1_592' title='bbox 3014 2494 3190 2532; x_wconf 90' lang='lat' dir='ltr'><strong>annos</strong></span> <span class='ocrx_word' id='word_1_593' title='bbox 3224 2476 3308 2531; x_wconf 91' lang='lat' dir='ltr'><strong>bis</strong></span> <span class='ocrx_word' id='word_1_594' title='bbox 3342 2476 3494 2531; x_wconf 89' lang='lat' dir='ltr'><strong>mille</strong></span> <span class='ocrx_word' id='word_1_595' title='bbox 3539 2474 3774 2529; x_wconf 81' lang='lat' dir='ltr'><strong>ducentos</strong></span> 
     </span>
    </p>
   </div>
   <div class='ocr_carea' id='block_1_77' title="bbox 2212 2566 3773 2642">
    <p class='ocr_par' dir='ltr' id='par_1_77' title="bbox 2212 2566 3773 2642">
     <span class='ocr_line' id='line_1_78' title="bbox 2212 2566 3773 2642; baseline -0.006 -16"><span class='ocrx_word' id='word_1_596' title='bbox 2212 2573 2576 2642; x_wconf 82' lang='lat' dir='ltr'><strong>quadraginta</strong></span> <span class='ocrx_word' id='word_1_597' title='bbox 2625 2572 2766 2626; x_wconf 87' lang='lat' dir='ltr'><strong>duos</strong></span> <span class='ocrx_word' id='word_1_598' title='bbox 2817 2571 2917 2640; x_wconf 81' lang='lat'><strong>(7),</strong></span> <span class='ocrx_word' id='word_1_599' title='bbox 2982 2570 3271 2625; x_wconf 88' lang='lat' dir='ltr'><strong>vindicans</strong></span> <span class='ocrx_word' id='word_1_600' title='bbox 3323 2566 3471 2623; x_wconf 90' lang='lat' dir='ltr'><strong>Deus</strong></span> <span class='ocrx_word' id='word_1_601' title='bbox 3515 2566 3773 2636; x_wconf 85' lang='lat' dir='ltr'><strong>imaginem</strong></span> 
     </span>
    </p>
   </div>
   <div class='ocr_carea' id='block_1_78' title="bbox 2212 2656 3775 2731">
    <p class='ocr_par' dir='ltr' id='par_1_78' title="bbox 2212 2656 3775 2731">
     <span class='ocr_line' id='line_1_79' title="bbox 2212 2656 3775 2731; baseline -0.007 -13"><span class='ocrx_word' id='word_1_602' title='bbox 2212 2679 2393 2727; x_wconf 86' lang='lat' dir='ltr'><strong>suam,</strong></span> <span class='ocrx_word' id='word_1_603' title='bbox 2434 2669 2490 2715; x_wconf 91' lang='lat' dir='ltr'><strong>et</strong></span> <span class='ocrx_word' id='word_1_604' title='bbox 2538 2661 2861 2724; x_wconf 84' lang='lat' dir='ltr'><strong>ostendens,</strong></span> <span class='ocrx_word' id='word_1_605' title='bbox 2912 2660 3059 2731; x_wconf 87' lang='lat' dir='ltr'><strong>quod</strong></span> <span class='ocrx_word' id='word_1_606' title='bbox 3112 2659 3290 2729; x_wconf 87' lang='lat' dir='ltr'><strong>gratia</strong></span> <span class='ocrx_word' id='word_1_607' title='bbox 3335 2672 3505 2728; x_wconf 87' lang='lat' dir='ltr'><strong>quam</strong></span> <span class='ocrx_word' id='word_1_608' title='bbox 3561 2656 3775 2710; x_wconf 83' lang='lat' dir='ltr'><strong>dedisset</strong></span> 
     </span>
    </p>
   </div>
   <div class='ocr_carea' id='block_1_79' title="bbox 2212 2745 3774 2823">
    <p class='ocr_par' dir='ltr' id='par_1_79' title="bbox 2212 2745 3774 2823">
     <span class='ocr_line' id='line_1_80' title="bbox 2212 2745 3774 2823; baseline -0.01 -13"><span class='ocrx_word' id='word_1_609' title='bbox 2212 2754 2529 2809; x_wconf 81' lang='lat' dir='ltr'><strong>hominibus</strong></span> <span class='ocrx_word' id='word_1_610' title='bbox 2567 2761 2943 2823; x_wconf 83' lang='lat' dir='ltr'><strong>perseveraret</strong></span> <span class='ocrx_word' id='word_1_611' title='bbox 2984 2751 3038 2804; x_wconf 91' lang='lat' dir='ltr'><strong>in</strong></span> <span class='ocrx_word' id='word_1_612' title='bbox 3069 2753 3170 2814; x_wconf 86' lang='lat' dir='ltr'><strong>eis,</strong></span> <span class='ocrx_word' id='word_1_613' title='bbox 3198 2750 3275 2804; x_wconf 88' lang='lat' dir='ltr'><strong>ait</strong></span> <span class='ocrx_word' id='word_1_614' title='bbox 3306 2768 3317 2802; x_wconf 96' lang='lat'>:</span> <span class='ocrx_word' id='word_1_615' title='bbox 3356 2747 3443 2803; x_wconf 83' lang='lat' dir='ltr'><strong>Ne</strong></span> <span class='ocrx_word' id='word_1_616' title='bbox 3473 2745 3774 2802; x_wconf 63' lang='lat' dir='ltr'><strong>comedenti:</strong></span> 
     </span>
    </p>
   </div>
   <div class='ocr_carea' id='block_1_80' title="bbox 2214 2834 3776 2913">
    <p class='ocr_par' dir='ltr' id='par_1_80' title="bbox 2214 2834 3776 2913">
     <span class='ocr_line' id='line_1_81' title="bbox 2214 2834 3776 2913; baseline -0.008 -15"><span class='ocrx_word' id='word_1_617' title='bbox 2214 2862 2426 2899; x_wconf 87' lang='lat' dir='ltr'><strong>carnem</strong></span> <span class='ocrx_word' id='word_1_618' title='bbox 2467 2845 2523 2896; x_wconf 86' lang='lat' dir='ltr'><strong>in</strong></span> <span class='ocrx_word' id='word_1_619' title='bbox 2556 2844 2865 2913; x_wconf 84' lang='lat' dir='ltr'><strong>sanguinem</strong></span> <span class='ocrx_word' id='word_1_620' title='bbox 2890 2841 2989 2913; x_wconf 80' lang='grc' dir='ltr'><strong>[αι.</strong></span> <span class='ocrx_word' id='word_1_621' title='bbox 3024 2854 3146 2895; x_wconf 89' lang='lat' dir='ltr'><strong>cum</strong></span> <span class='ocrx_word' id='word_1_622' title='bbox 3176 2837 3515 2909; x_wconf 81' lang='lat' dir='ltr'><strong>sanguine];</strong></span> <span class='ocrx_word' id='word_1_623' title='bbox 3550 2853 3637 2907; x_wconf 80' lang='lat' dir='ltr'><strong>ego</strong></span> <span class='ocrx_word' id='word_1_624' title='bbox 3660 2834 3776 2888; x_wconf 76' lang='lat' dir='ltr'><strong>enim</strong></span> 
     </span>
    </p>
   </div>
   <div class='ocr_carea' id='block_1_81' title="bbox 2216 2926 3776 3006">
    <p class='ocr_par' dir='ltr' id='par_1_81' title="bbox 2216 2926 3776 3006">
     <span class='ocr_line' id='line_1_82' title="bbox 2216 2926 3776 3006; baseline -0.008 -17"><span class='ocrx_word' id='word_1_625' title='bbox 2216 2937 2449 2991; x_wconf 70' lang='lat' dir='ltr'><strong>ulciscar</strong></span> <span class='ocrx_word' id='word_1_626' title='bbox 2479 2936 2788 3006; x_wconf 80' lang='lat' dir='ltr'><strong>sanguinem</strong></span> <span class='ocrx_word' id='word_1_627' title='bbox 2812 2944 3044 2989; x_wconf 73' lang='lat' dir='ltr'><strong>uestrum</strong></span> <span class='ocrx_word' id='word_1_628' title='bbox 3075 2931 3140 2985; x_wconf 87' lang='lat' dir='ltr'><strong>de</strong></span> <span class='ocrx_word' id='word_1_629' title='bbox 3182 2947 3343 2984; x_wconf 84' lang='lat' dir='ltr'><strong>manu</strong></span> <span class='ocrx_word' id='word_1_630' title='bbox 3380 2931 3553 2984; x_wconf 82' lang='lat' dir='ltr'><strong>omnis</strong></span> <span class='ocrx_word' id='word_1_631' title='bbox 3582 2926 3776 2979; x_wconf 75' lang='lat' dir='ltr'><strong>hominis</strong></span> 
     </span>
    </p>
   </div>
   <div class='ocr_carea' id='block_1_82' title="bbox 2214 3015 3765 3103">
    <p class='ocr_par' dir='ltr' id='par_1_82' title="bbox 2214 3015 3765 3103">
     <span class='ocr_line' id='line_1_83' title="bbox 2214 3015 3765 3103; baseline -0.014 -14"><span class='ocrx_word' id='word_1_632' title='bbox 2214 3030 2534 3103; x_wconf 75' lang='lat' dir='ltr'><strong>eﬁ&#39;undentis</strong></span> <span class='ocrx_word' id='word_1_633' title='bbox 2581 3028 2760 3089; x_wconf 87' lang='lat' dir='ltr'><strong>illum,</strong></span> <span class='ocrx_word' id='word_1_634' title='bbox 2802 3026 2927 3095; x_wconf 82' lang='lat' dir='ltr'><strong>quia</strong></span> <span class='ocrx_word' id='word_1_635' title='bbox 2959 3024 3027 3076; x_wconf 85' lang='lat' dir='ltr'><strong>ad</strong></span> <span class='ocrx_word' id='word_1_636' title='bbox 3060 3024 3341 3093; x_wconf 83' lang='lat' dir='ltr'><strong>imaginem</strong></span> <span class='ocrx_word' id='word_1_637' title='bbox 3383 3019 3481 3074; x_wconf 85' lang='lat' dir='ltr'><strong>Dei</strong></span> <span class='ocrx_word' id='word_1_638' title='bbox 3510 3019 3607 3088; x_wconf 79' lang='lat' dir='ltr'><strong>feci</strong></span> <span class='ocrx_word' id='word_1_639' title='bbox 3646 3015 3765 3067; x_wconf 75' lang='lat' dir='ltr'><strong>hami</strong></span> 
     </span>
    </p>
   </div>
   <div class='ocr_carea' id='block_1_83' title="bbox 2215 3109 3777 3189">
    <p class='ocr_par' dir='ltr' id='par_1_83' title="bbox 2215 3109 3777 3189">
     <span class='ocr_line' id='line_1_84' title="bbox 2215 3109 3777 3189; baseline -0.014 -9"><span class='ocrx_word' id='word_1_640' title='bbox 2215 3141 2333 3180; x_wconf 87' lang='lat' dir='ltr'><strong>nem</strong></span> <span class='ocrx_word' id='word_1_641' title='bbox 2381 3125 2425 3177; x_wconf 84' lang='lat'><strong>&#39;.</strong></span> <span class='ocrx_word' id='word_1_642' title='bbox 2474 3120 2699 3177; x_wconf 84' lang='lat' dir='ltr'><strong>Necnon</strong></span> <span class='ocrx_word' id='word_1_643' title='bbox 2751 3127 2877 3189; x_wconf 86' lang='lat' dir='ltr'><strong>post</strong></span> <span class='ocrx_word' id='word_1_644' title='bbox 2935 3116 3135 3171; x_wconf 86' lang='lat' dir='ltr'><strong>alteras</strong></span> <span class='ocrx_word' id='word_1_645' title='bbox 3188 3113 3375 3168; x_wconf 88' lang='lat' dir='ltr'><strong>decem</strong></span> <span class='ocrx_word' id='word_1_646' title='bbox 3427 3109 3777 3183; x_wconf 77' lang='lat' dir='ltr'><strong>generationes</strong></span> 
     </span>
    </p>
   </div>
   <div class='ocr_carea' id='block_1_84' title="bbox 2217 3198 3777 3287">
    <p class='ocr_par' dir='ltr' id='par_1_84' title="bbox 2217 3198 3777 3287">
     <span class='ocr_line' id='line_1_85' title="bbox 2217 3198 3777 3287; baseline -0.015 -14"><span class='ocrx_word' id='word_1_647' title='bbox 2217 3232 2395 3287; x_wconf 89' lang='lat' dir='ltr'><strong>usque</strong></span> <span class='ocrx_word' id='word_1_648' title='bbox 2429 3214 2501 3270; x_wconf 85' lang='lat' dir='ltr'><strong>ad</strong></span> <span class='ocrx_word' id='word_1_649' title='bbox 2530 3212 2829 3276; x_wconf 83' lang='lat' dir='ltr'><strong>Abraham,</strong></span> <span class='ocrx_word' id='word_1_650' title='bbox 2858 3217 2913 3264; x_wconf 91' lang='lat' dir='ltr'><strong>et</strong></span> <span class='ocrx_word' id='word_1_651' title='bbox 2958 3208 3028 3263; x_wconf 88' lang='lat' dir='ltr'><strong>ab</strong></span> <span class='ocrx_word' id='word_1_652' title='bbox 3058 3205 3334 3261; x_wconf 83' lang='lat' dir='ltr'><strong>Abraham</strong></span> <span class='ocrx_word' id='word_1_653' title='bbox 3373 3218 3552 3275; x_wconf 88' lang='lat' dir='ltr'><strong>usque</strong></span> <span class='ocrx_word' id='word_1_654' title='bbox 3590 3202 3652 3257; x_wconf 91' lang='lat' dir='ltr'><strong>ad</strong></span> <span class='ocrx_word' id='word_1_655' title='bbox 3697 3198 3777 3251; x_wconf 80' lang='lat' dir='ltr'><strong>Da-</strong></span> 
     </span>
    </p>
   </div>
   <div class='ocr_carea' id='block_1_85' title="bbox 2213 3287 3778 3376">
    <p class='ocr_par' dir='ltr' id='par_1_85' title="bbox 2213 3287 3778 3376">
     <span class='ocr_line' id='line_1_86' title="bbox 2213 3287 3778 3376; baseline -0.014 -13"><span class='ocrx_word' id='word_1_656' title='bbox 2213 3309 2304 3364; x_wconf 93' lang='lat' dir='ltr'><strong>vid</strong></span> <span class='ocrx_word' id='word_1_657' title='bbox 2346 3307 2483 3362; x_wconf 87' lang='lat' dir='ltr'><strong>alias</strong></span> <span class='ocrx_word' id='word_1_658' title='bbox 2526 3302 2910 3376; x_wconf 86' lang='lat' dir='ltr'><strong>generationes</strong></span> <span class='ocrx_word' id='word_1_659' title='bbox 2961 3297 3407 3370; x_wconf 76' lang='lat' dir='ltr'><strong>quattuordecim,</strong></span> <span class='ocrx_word' id='word_1_660' title='bbox 3449 3310 3569 3365; x_wconf 73' lang='lat' dir='ltr'><strong>qua:</strong></span> <span class='ocrx_word' id='word_1_661' title='bbox 3616 3287 3778 3362; x_wconf 83' lang='lat' dir='ltr'><strong>viginti</strong></span> 
     </span>
    </p>
   </div>
   <div class='ocr_carea' id='block_1_86' title="bbox 2215 3379 3775 3471">
    <p class='ocr_par' dir='ltr' id='par_1_86' title="bbox 2215 3379 3775 3471">
     <span class='ocr_line' id='line_1_87' title="bbox 2215 3379 3775 3471; baseline -0.013 -17"><span class='ocrx_word' id='word_1_662' title='bbox 2215 3406 2456 3471; x_wconf 83' lang='lat' dir='ltr'><strong>quatuor</strong></span> <span class='ocrx_word' id='word_1_663' title='bbox 2488 3393 2872 3466; x_wconf 84' lang='lat' dir='ltr'><strong>generationes</strong></span> <span class='ocrx_word' id='word_1_664' title='bbox 2907 3390 3071 3447; x_wconf 89' lang='lat' dir='ltr'><strong>simul</strong></span> <span class='ocrx_word' id='word_1_665' title='bbox 3096 3388 3304 3443; x_wconf 86' lang='lat' dir='ltr'><strong>faciunt</strong></span> <span class='ocrx_word' id='word_1_666' title='bbox 3333 3401 3515 3441; x_wconf 89' lang='lat' dir='ltr'><strong>annos</strong></span> <span class='ocrx_word' id='word_1_667' title='bbox 3542 3384 3623 3439; x_wconf 88' lang='lat' dir='ltr'><strong>bis</strong></span> <span class='ocrx_word' id='word_1_668' title='bbox 3650 3379 3775 3436; x_wconf 91' lang='lat' dir='ltr'><strong>millc</strong></span> 
     </span>
    </p>
   </div>
   <div class='ocr_carea' id='block_1_87' title="bbox 2216 3473 3779 3555">
    <p class='ocr_par' dir='ltr' id='par_1_87' title="bbox 2216 3473 3779 3555">
     <span class='ocr_line' id='line_1_88' title="bbox 2216 3473 3779 3555; baseline -0.013 -10"><span class='ocrx_word' id='word_1_669' title='bbox 2216 3498 2435 3546; x_wconf 86' lang='lat' dir='ltr'><strong>centum</strong></span> <span class='ocrx_word' id='word_1_670' title='bbox 2467 3486 2652 3542; x_wconf 87' lang='lat' dir='ltr'><strong>decem</strong></span> <span class='ocrx_word' id='word_1_671' title='bbox 2699 3493 2754 3541; x_wconf 87' lang='lat' dir='ltr'><strong>et</strong></span> <span class='ocrx_word' id='word_1_672' title='bbox 2788 3494 3034 3555; x_wconf 85' lang='lat' dir='ltr'><strong>septem;</strong></span> <span class='ocrx_word' id='word_1_673' title='bbox 3090 3480 3331 3551; x_wconf 89' lang='lat' dir='ltr'><strong>Spiritus</strong></span> <span class='ocrx_word' id='word_1_674' title='bbox 3366 3486 3597 3533; x_wconf 87' lang='lat' dir='ltr'><strong>sanctus</strong></span> <span class='ocrx_word' id='word_1_675' title='bbox 3626 3477 3675 3530; x_wconf 90' lang='lat' dir='ltr'><strong>in</strong></span> <span class='ocrx_word' id='word_1_676' title='bbox 3705 3473 3779 3528; x_wconf 86' lang='lat' dir='ltr'><strong>tri-</strong></span> 
     </span>
    </p>
   </div>
   <div class='ocr_carea' id='block_1_88' title="bbox 2216 3565 3781 3646">
    <p class='ocr_par' dir='ltr' id='par_1_88' title="bbox 2216 3565 3781 3646">
     <span class='ocr_line' id='line_1_89' title="bbox 2216 3565 3781 3646; baseline -0.013 -8"><span class='ocrx_word' id='word_1_677' title='bbox 2216 3582 2425 3637; x_wconf 88' lang='lat' dir='ltr'><strong>cesimo</strong></span> <span class='ocrx_word' id='word_1_678' title='bbox 2451 3587 2645 3633; x_wconf 91' lang='lat' dir='ltr'><strong>octavo</strong></span> <span class='ocrx_word' id='word_1_679' title='bbox 2676 3577 2908 3646; x_wconf 87' lang='lat' dir='ltr'><strong>psalmo,</strong></span> <span class='ocrx_word' id='word_1_680' title='bbox 2948 3587 3072 3627; x_wconf 90' lang='lat' dir='ltr'><strong>cum</strong></span> <span class='ocrx_word' id='word_1_681' title='bbox 3101 3578 3430 3643; x_wconf 84' lang='lat' dir='ltr'><strong>quereretur</strong></span> <span class='ocrx_word' id='word_1_682' title='bbox 3459 3570 3527 3624; x_wconf 91' lang='lat' dir='ltr'><strong>de</strong></span> <span class='ocrx_word' id='word_1_683' title='bbox 3555 3565 3781 3623; x_wconf 78' lang='lat' dir='ltr'><strong>erunibus</strong></span> 
     </span>
    </p>
   </div>
   <div class='ocr_carea' id='block_1_89' title="bbox 2216 3659 3781 3737">
    <p class='ocr_par' dir='ltr' id='par_1_89' title="bbox 2216 3659 3781 3737">
     <span class='ocr_line' id='line_1_90' title="bbox 2216 3659 3781 3737; baseline -0.011 -12"><span class='ocrx_word' id='word_1_684' title='bbox 2216 3669 2556 3731; x_wconf 88' lang='lat' dir='ltr'><strong>hominibus,</strong></span> <span class='ocrx_word' id='word_1_685' title='bbox 2604 3667 2753 3737; x_wconf 87' lang='lat' dir='ltr'><strong>quod</strong></span> <span class='ocrx_word' id='word_1_686' title='bbox 2804 3666 2862 3719; x_wconf 90' lang='lat' dir='ltr'><strong>in</strong></span> <span class='ocrx_word' id='word_1_687' title='bbox 2910 3664 3151 3717; x_wconf 89' lang='lat' dir='ltr'><strong>vanitate</strong></span> <span class='ocrx_word' id='word_1_688' title='bbox 3189 3659 3559 3720; x_wconf 88' lang='lat' dir='ltr'><strong>ambularent,</strong></span> <span class='ocrx_word' id='word_1_689' title='bbox 3602 3666 3652 3711; x_wconf 89' lang='lat' dir='ltr'><strong>et</strong></span> <span class='ocrx_word' id='word_1_690' title='bbox 3684 3668 3781 3725; x_wconf 87' lang='lat' dir='ltr'><strong>pec-</strong></span> 
     </span>
    </p>
   </div>
   <div class='ocr_carea' id='block_1_90' title="bbox 2215 3744 3781 3822">
    <p class='ocr_par' dir='ltr' id='par_1_90' title="bbox 2215 3744 3781 3822">
     <span class='ocr_line' id='line_1_91' title="bbox 2215 3744 3781 3822; baseline -0.013 -5"><span class='ocrx_word' id='word_1_691' title='bbox 2215 3763 2354 3817; x_wconf 87' lang='lat' dir='ltr'><strong>catis</strong></span> <span class='ocrx_word' id='word_1_692' title='bbox 2414 3766 2602 3816; x_wconf 88' lang='lat' dir='ltr'><strong>essent</strong></span> <span class='ocrx_word' id='word_1_693' title='bbox 2654 3755 2910 3821; x_wconf 87' lang='lat' dir='ltr'><strong>ohnoxii,</strong></span> <span class='ocrx_word' id='word_1_694' title='bbox 2964 3752 3206 3822; x_wconf 89' lang='lat' dir='ltr'><strong>loquitur</strong></span> <span class='ocrx_word' id='word_1_695' title='bbox 3254 3768 3269 3805; x_wconf 87' lang='lat'><strong>:</strong></span> <span class='ocrx_word' id='word_1_696' title='bbox 3328 3748 3692 3802; x_wconf 83' lang='lat' dir='ltr'><strong>Verumtamen</strong></span> <span class='ocrx_word' id='word_1_697' title='bbox 3736 3744 3781 3796; x_wconf 82' lang='lat' dir='ltr'><strong>in</strong></span> 
     </span>
    </p>
   </div>
   <div class='ocr_carea' id='block_1_91' title="bbox 2215 3840 3781 3922">
    <p class='ocr_par' dir='ltr' id='par_1_91' title="bbox 2215 3840 3781 3922">
     <span class='ocr_line' id='line_1_92' title="bbox 2215 3840 3781 3922; baseline -0.01 -15"><span class='ocrx_word' id='word_1_698' title='bbox 2215 3852 2446 3922; x_wconf 83' lang='lat' dir='ltr'><strong>imagine</strong></span> <span class='ocrx_word' id='word_1_699' title='bbox 2515 3847 2847 3917; x_wconf 84' lang='lat' dir='ltr'><strong>perambulat</strong></span> <span class='ocrx_word' id='word_1_700' title='bbox 2892 3845 3063 3897; x_wconf 84' lang='lat' dir='ltr'><strong>omnis</strong></span> <span class='ocrx_word' id='word_1_701' title='bbox 3121 3844 3276 3896; x_wconf 70' lang='lat' dir='ltr'><strong>Iconio</strong></span> <span class='ocrx_word' id='word_1_702' title='bbox 3319 3843 3362 3895; x_wconf 82' lang='lat'><strong>’.</strong></span> <span class='ocrx_word' id='word_1_703' title='bbox 3415 3840 3637 3896; x_wconf 89' lang='lat' dir='ltr'><strong>Necnon</strong></span> <span class='ocrx_word' id='word_1_704' title='bbox 3677 3840 3781 3908; x_wconf 75' lang='lat' dir='ltr'><strong>post</strong></span> 
     </span>
    </p>
   </div>
   <div class='ocr_carea' id='block_1_92' title="bbox 2221 3928 3783 4009">
    <p class='ocr_par' dir='ltr' id='par_1_92' title="bbox 2221 3928 3783 4009">
     <span class='ocr_line' id='line_1_93' title="bbox 2221 3928 3783 4009; baseline -0.012 -11"><span class='ocrx_word' id='word_1_705' title='bbox 2221 3944 2413 4009; x_wconf 89' lang='lat' dir='ltr'><strong>David,</strong></span> <span class='ocrx_word' id='word_1_706' title='bbox 2452 3942 2617 3997; x_wconf 89' lang='lat' dir='ltr'><strong>etiam</strong></span> <span class='ocrx_word' id='word_1_707' title='bbox 2649 3939 2755 3995; x_wconf 87' lang='lat' dir='ltr'><strong>sub</strong></span> <span class='ocrx_word' id='word_1_708' title='bbox 2790 3937 3083 3991; x_wconf 90' lang='lat' dir='ltr'><strong>Salomone</strong></span> <span class='ocrx_word' id='word_1_709' title='bbox 3126 3934 3236 3989; x_wconf 90' lang='lat' dir='ltr'><strong>ﬁlio</strong></span> <span class='ocrx_word' id='word_1_710' title='bbox 3260 3933 3406 4003; x_wconf 86' lang='lat' dir='ltr'><strong>ejus,</strong></span> <span class='ocrx_word' id='word_1_711' title='bbox 3438 3934 3665 4001; x_wconf 90' lang='lat' dir='ltr'><strong>legimus</strong></span> <span class='ocrx_word' id='word_1_712' title='bbox 3694 3928 3783 3981; x_wconf 85' lang='lat' dir='ltr'><strong>tale</strong></span> 
     </span>
    </p>
   </div>
   <div class='ocr_carea' id='block_1_93' title="bbox 2224 4017 3781 4107">
    <p class='ocr_par' dir='ltr' id='par_1_93' title="bbox 2224 4017 3781 4107">
     <span class='ocr_line' id='line_1_94' title="bbox 2224 4017 3781 4107; baseline -0.012 -17"><span class='ocrx_word' id='word_1_713' title='bbox 2224 4035 2487 4107; x_wconf 86' lang='lat' dir='ltr'><strong>quiddam</strong></span> <span class='ocrx_word' id='word_1_714' title='bbox 2512 4047 2679 4103; x_wconf 88' lang='lat' dir='ltr'><strong>super</strong></span> <span class='ocrx_word' id='word_1_715' title='bbox 2706 4030 2799 4084; x_wconf 86' lang='lat' dir='ltr'><strong>Dei</strong></span> <span class='ocrx_word' id='word_1_716' title='bbox 2830 4028 3069 4098; x_wconf 88' lang='lat' dir='ltr'><strong>imagine</strong></span> <span class='ocrx_word' id='word_1_717' title='bbox 3097 4025 3464 4081; x_wconf 88' lang='lat' dir='ltr'><strong>nominatum.</strong></span> <span class='ocrx_word' id='word_1_718' title='bbox 3501 4024 3636 4078; x_wconf 90' lang='lat' dir='ltr'><strong>Dicit</strong></span> <span class='ocrx_word' id='word_1_719' title='bbox 3657 4017 3781 4075; x_wconf 84' lang='lat' dir='ltr'><strong>enim</strong></span> 
     </span>
    </p>
   </div>
   <div class='ocr_carea' id='block_1_94' title="bbox 2232 4110 3784 4197">
    <p class='ocr_par' dir='ltr' id='par_1_94' title="bbox 2232 4110 3784 4197">
     <span class='ocr_line' id='line_1_95' title="bbox 2232 4110 3784 4197; baseline -0.014 -15"><span class='ocrx_word' id='word_1_720' title='bbox 2232 4130 2287 4182; x_wconf 91' lang='lat' dir='ltr'><strong>in</strong></span> <span class='ocrx_word' id='word_1_721' title='bbox 2322 4125 2625 4197; x_wconf 87' lang='lat' dir='ltr'><strong>Sapientia,</strong></span> <span class='ocrx_word' id='word_1_722' title='bbox 2657 4137 2779 4193; x_wconf 61' lang='lat' dir='ltr'><strong>qua;</strong></span> <span class='ocrx_word' id='word_1_723' title='bbox 2825 4121 2988 4175; x_wconf 86' lang='lat' dir='ltr'><strong>titulo</strong></span> <span class='ocrx_word' id='word_1_724' title='bbox 3030 4120 3151 4190; x_wconf 89' lang='lat' dir='ltr'><strong>ejus</strong></span> <span class='ocrx_word' id='word_1_725' title='bbox 3192 4118 3522 4174; x_wconf 87' lang='lat' dir='ltr'><strong>inscribitur</strong></span> <span class='ocrx_word' id='word_1_726' title='bbox 3553 4134 3567 4171; x_wconf 88' lang='lat'>:</span> <span class='ocrx_word' id='word_1_727' title='bbox 3598 4110 3784 4170; x_wconf 83' lang='lat' dir='ltr'><strong>Crenrit</strong></span> 
     </span>
    </p>
   </div>
   <div class='ocr_carea' id='block_1_95' title="bbox 2220 4204 3783 4285">
    <p class='ocr_par' dir='ltr' id='par_1_95' title="bbox 2220 4204 3783 4285">
     <span class='ocr_line' id='line_1_96' title="bbox 2220 4204 3783 4285; baseline -0.011 -11"><span class='ocrx_word' id='word_1_728' title='bbox 2220 4219 2358 4274; x_wconf 85' lang='lat' dir='ltr'><strong>Deus</strong></span> <span class='ocrx_word' id='word_1_729' title='bbox 2390 4220 2755 4285; x_wconf 85' lang='lat' dir='ltr'><strong>incorruptum</strong></span> <span class='ocrx_word' id='word_1_730' title='bbox 2790 4213 3074 4278; x_wconf 80' lang='lat' dir='ltr'><strong>hominem,</strong></span> <span class='ocrx_word' id='word_1_731' title='bbox 3113 4220 3163 4265; x_wconf 86' lang='lat' dir='ltr'><strong>et</strong></span> <span class='ocrx_word' id='word_1_732' title='bbox 3192 4211 3477 4281; x_wconf 83' lang='lat' dir='ltr'><strong>imaginem</strong></span> <span class='ocrx_word' id='word_1_733' title='bbox 3507 4204 3661 4279; x_wconf 74' lang='lat'><strong>263</strong></span> <span class='ocrx_word' id='word_1_734' title='bbox 3693 4215 3783 4257; x_wconf 64' lang='lat' dir='ltr'><strong>sua!</strong></span> 
     </span>
    </p>
   </div>
   <div class='ocr_carea' id='block_1_96' title="bbox 2215 4290 3784 4379">
    <p class='ocr_par' dir='ltr' id='par_1_96' title="bbox 2215 4290 3784 4379">
     <span class='ocr_line' id='line_1_97' title="bbox 2215 4290 3784 4379; baseline -0.012 -18"><span class='ocrx_word' id='word_1_735' title='bbox 2215 4308 2556 4379; x_wconf 83' lang='lat' dir='ltr'><strong>proprietatis</strong></span> <span class='ocrx_word' id='word_1_736' title='bbox 2587 4305 2733 4359; x_wconf 86' lang='lat' dir='ltr'><strong>dedit</strong></span> <span class='ocrx_word' id='word_1_737' title='bbox 2773 4304 2821 4358; x_wconf 84' lang='lat' dir='ltr'><strong>ei</strong></span> <span class='ocrx_word' id='word_1_738' title='bbox 2865 4303 2932 4355; x_wconf 83' lang='grc'><strong>¹⁰.</strong></span> <span class='ocrx_word' id='word_1_739' title='bbox 2963 4302 3027 4356; x_wconf 87' lang='lat' dir='ltr'><strong>Et</strong></span> <span class='ocrx_word' id='word_1_740' title='bbox 3058 4317 3277 4356; x_wconf 87' lang='lat' dir='ltr'><strong>rursum</strong></span> <span class='ocrx_word' id='word_1_741' title='bbox 3316 4308 3445 4370; x_wconf 87' lang='lat' dir='ltr'><strong>post</strong></span> <span class='ocrx_word' id='word_1_742' title='bbox 3482 4312 3651 4353; x_wconf 93' lang='lat' dir='ltr'><strong>annos</strong></span> <span class='ocrx_word' id='word_1_743' title='bbox 3684 4290 3784 4346; x_wconf 89' lang='lat' dir='ltr'><strong>mil-</strong></span> 
     </span>
    </p>
   </div>
   <div class='ocr_carea' id='block_1_97' title="bbox 2231 4383 3784 4463">
    <p class='ocr_par' dir='ltr' id='par_1_97' title="bbox 2231 4383 3784 4463">
     <span class='ocr_line' id='line_1_98' title="bbox 2231 4383 3784 4463; baseline -0.014 -7"><span class='ocrx_word' id='word_1_744' title='bbox 2231 4404 2385 4456; x_wconf 90' lang='lat' dir='ltr'><strong>lenos</strong></span> <span class='ocrx_word' id='word_1_745' title='bbox 2417 4406 2680 4454; x_wconf 86' lang='lat' dir='ltr'><strong>centenos</strong></span> <span class='ocrx_word' id='word_1_746' title='bbox 2713 4396 2963 4451; x_wconf 90' lang='lat' dir='ltr'><strong>undenos</strong></span> <span class='ocrx_word' id='word_1_747' title='bbox 3006 4394 3130 4463; x_wconf 91' lang='lat' dir='ltr'><strong>plus</strong></span> <span class='ocrx_word' id='word_1_748' title='bbox 3185 4392 3371 4447; x_wconf 89' lang='lat' dir='ltr'><strong>minus</strong></span> <span class='ocrx_word' id='word_1_749' title='bbox 3401 4391 3504 4462; x_wconf 90' lang='lat'><strong>(8),</strong></span> <span class='ocrx_word' id='word_1_750' title='bbox 3550 4390 3603 4443; x_wconf 92' lang='lat' dir='ltr'><strong>in</strong></span> <span class='ocrx_word' id='word_1_751' title='bbox 3652 4383 3784 4438; x_wconf 79' lang='lat' dir='ltr'><strong>Novo</strong></span> 
     </span>
    </p>
   </div>
   <div class='ocr_carea' id='block_1_98' title="bbox 2222 4474 3784 4564">
    <p class='ocr_par' dir='ltr' id='par_1_98' title="bbox 2222 4474 3784 4564">
     <span class='ocr_line' id='line_1_99' title="bbox 2222 4474 3784 4564; baseline -0.014 -15"><span class='ocrx_word' id='word_1_752' title='bbox 2222 4495 2456 4564; x_wconf 83' lang='lat' dir='ltr'><strong>legimus</strong></span> <span class='ocrx_word' id='word_1_753' title='bbox 2486 4490 2861 4555; x_wconf 83' lang='lat' dir='ltr'><strong>Testamento,</strong></span> <span class='ocrx_word' id='word_1_754' title='bbox 2892 4489 3037 4559; x_wconf 89' lang='lat' dir='ltr'><strong>quod</strong></span> <span class='ocrx_word' id='word_1_755' title='bbox 3090 4502 3199 4540; x_wconf 91' lang='lat' dir='ltr'><strong>non</strong></span> <span class='ocrx_word' id='word_1_756' title='bbox 3247 4484 3605 4555; x_wconf 87' lang='lat' dir='ltr'><strong>perdiderunt</strong></span> <span class='ocrx_word' id='word_1_757' title='bbox 3638 4474 3784 4533; x_wconf 85' lang='lat' dir='ltr'><strong>benti-</strong></span> 
     </span>
    </p>
   </div>
   <div class='ocr_carea' id='block_1_99' title="bbox 2910 4592 3778 4663">
    <p class='ocr_par' dir='ltr' id='par_1_99' title="bbox 2910 4592 3778 4663">
     <span class='ocr_line' id='line_1_100' title="bbox 2910 4592 3778 4663; baseline -0.015 -5"><span class='ocrx_word' id='word_1_758' title='bbox 2910 4605 2931 4636; x_wconf 86' lang='grc'>⁸</span> <span class='ocrx_word' id='word_1_759' title='bbox 2972 4604 3139 4657; x_wconf 83' lang='lat' dir='ltr'><strong>Abac.</strong></span> <span class='ocrx_word' id='word_1_760' title='bbox 3182 4600 3325 4663; x_wconf 74' lang='lat'><strong>1,16.</strong></span> <span class='ocrx_word' id='word_1_761' title='bbox 3442 4601 3463 4631; x_wconf 84' lang='lat'><strong>‘</strong></span> <span class='ocrx_word' id='word_1_762' title='bbox 3498 4596 3614 4652; x_wconf 79' lang='lat' dir='ltr'><strong>Jac.</strong></span> <span class='ocrx_word' id='word_1_763' title='bbox 3636 4610 3710 4656; x_wconf 86' lang='lat' dir='ltr'><strong>ut,</strong></span> <span class='ocrx_word' id='word_1_764' title='bbox 3733 4592 3778 4645; x_wconf 84' lang='lat'><strong>7.</strong></span> 
     </span>
    </p>
   </div>
   <div class='ocr_carea' id='block_1_100' title="bbox 2241 4678 2671 4749">
    <p class='ocr_par' dir='ltr' id='par_1_100' title="bbox 2241 4678 2671 4749">
     <span class='ocr_line' id='line_1_101' title="bbox 2241 4678 2671 4749; baseline -0.012 -14"><span class='ocrx_word' id='word_1_765' title='bbox 2241 4687 2284 4716; x_wconf 68' lang='grc' dir='ltr'><strong>ιο</strong></span> <span class='ocrx_word' id='word_1_766' title='bbox 2325 4682 2453 4749; x_wconf 84' lang='lat' dir='ltr'><strong>Sap.</strong></span> <span class='ocrx_word' id='word_1_767' title='bbox 2489 4695 2549 4741; x_wconf 91' lang='grc' dir='ltr'><strong>ιι,</strong></span> <span class='ocrx_word' id='word_1_768' title='bbox 2580 4678 2671 4731; x_wconf 72' lang='grc'><strong>25,</strong></span> 
     </span>
    </p>
   </div>
   <div class='ocr_carea' id='block_1_101' title="bbox 598 4782 3780 4863">
    <p class='ocr_par' dir='ltr' id='par_1_101' title="bbox 598 4782 3780 4863">
     <span class='ocr_line' id='line_1_102' title="bbox 598 4782 3780 4863; baseline -0.002 -27"><span class='ocrx_word' id='word_1_769' title='bbox 598 4783 673 4854; x_wconf 88' lang='grc'><strong>(6)</strong></span> <span class='ocrx_word' id='word_1_770' title='bbox 694 4786 866 4841; x_wconf 85' lang='lat' dir='ltr'><strong>Aliter</strong></span> <span class='ocrx_word' id='word_1_771' title='bbox 886 4796 939 4863; x_wconf 84' lang='lat' dir='ltr'><strong>e_t</strong></span> <span class='ocrx_word' id='word_1_772' title='bbox 958 4788 1179 4843; x_wconf 87' lang='lat' dir='ltr'><strong>brevius</strong></span> <span class='ocrx_word' id='word_1_773' title='bbox 1194 4790 1589 4863; x_wconf 85' lang='lat' dir='ltr'><strong>Cistercienses</strong></span> <span class='ocrx_word' id='word_1_774' title='bbox 1603 4791 1824 4859; x_wconf 67' lang='lat' dir='ltr'><strong>chartae,</strong></span> <span class='ocrx_word' id='word_1_775' title='bbox 1856 4796 1945 4863; x_wconf 84' lang='lat' dir='ltr'><strong>qui</strong></span> <span class='ocrx_word' id='word_1_776' title='bbox 1960 4796 2102 4863; x_wconf 85' lang='lat' dir='ltr'><strong>plas-</strong></span> <span class='ocrx_word' id='word_1_777' title='bbox 2139 4801 2183 4855; x_wconf 90' lang='lat' dir='ltr'><strong>D</strong></span> <span class='ocrx_word' id='word_1_778' title='bbox 2214 4791 2573 4854; x_wconf 84' lang='lat' dir='ltr'><strong>etiamnostri</strong></span> <span class='ocrx_word' id='word_1_779' title='bbox 2605 4789 2823 4843; x_wconf 84' lang='lat' dir='ltr'><strong>codices</strong></span> <span class='ocrx_word' id='word_1_780' title='bbox 2857 4786 3247 4863; x_wconf 74' lang='lat' dir='ltr'><strong>suffragantur,</strong></span> <span class='ocrx_word' id='word_1_781' title='bbox 3268 4782 3597 4863; x_wconf 77' lang='lat' dir='ltr'><strong>quibuscum</strong></span> <span class='ocrx_word' id='word_1_782' title='bbox 3630 4784 3679 4829; x_wconf 82' lang='lat' dir='ltr'><strong>et</strong></span> <span class='ocrx_word' id='word_1_783' title='bbox 3698 4788 3780 4863; x_wconf 43' lang='lat' dir='ltr'><strong>tuis</strong></span> 
     </span>
    </p>
   </div>
   <div class='ocr_carea' id='block_1_102' title="bbox 525 4854 2110 4930">
    <p class='ocr_par' dir='ltr' id='par_1_102' title="bbox 525 4854 2110 4930">
     <span class='ocr_line' id='line_1_103' title="bbox 525 4854 2110 4930; baseline 0.008 -24"><span class='ocrx_word' id='word_1_784' title='bbox 525 4864 702 4930; x_wconf 73' lang='lat' dir='ltr'><strong>matus</strong></span> <span class='ocrx_word' id='word_1_785' title='bbox 733 4868 865 4911; x_wconf 80' lang='lat' dir='ltr'><strong>esset</strong></span> <span class='ocrx_word' id='word_1_786' title='bbox 899 4854 1068 4923; x_wconf 85' lang='lat' dir='ltr'><strong>homo,</strong></span> <span class='ocrx_word' id='word_1_787' title='bbox 1091 4870 1140 4913; x_wconf 89' lang='lat' dir='ltr'><strong>et</strong></span> <span class='ocrx_word' id='word_1_788' title='bbox 1173 4875 1389 4914; x_wconf 77' lang='lat' dir='ltr'><strong>uxorem</strong></span> <span class='ocrx_word' id='word_1_789' title='bbox 1422 4862 1656 4930; x_wconf 77' lang='lat' dir='ltr'><strong>ejus,eos</strong></span> <span class='ocrx_word' id='word_1_790' title='bbox 1691 4854 1830 4927; x_wconf 72' lang='lat' dir='ltr'><strong>vero,</strong></span> <span class='ocrx_word' id='word_1_791' title='bbox 1854 4854 2110 4918; x_wconf 53' lang='lat' dir='ltr'><strong>ete&#39;Am—</strong></span> 
     </span>
    </p>
   </div>
   <div class='ocr_carea' id='block_1_103' title="bbox 524 4927 2115 5002">
    <p class='ocr_par' dir='ltr' id='par_1_103' title="bbox 524 4927 2115 5002">
     <span class='ocr_line' id='line_1_104' title="bbox 524 4927 2115 5002; baseline 0.006 -23"><span class='ocrx_word' id='word_1_792' title='bbox 524 4927 794 5002; x_wconf 60' lang='lat' dir='ltr'><strong>lirosianae</strong></span> <span class='ocrx_word' id='word_1_793' title='bbox 813 4939 995 5002; x_wconf 86' lang='lat' dir='ltr'><strong>autem</strong></span> <span class='ocrx_word' id='word_1_794' title='bbox 1010 4932 1089 4984; x_wconf 88' lang='lat' dir='ltr'><strong>sic</strong></span> <span class='ocrx_word' id='word_1_795' title='bbox 1112 4933 1277 4984; x_wconf 88' lang='lat' dir='ltr'><strong>etiam</strong></span> <span class='ocrx_word' id='word_1_796' title='bbox 1297 4932 1351 4984; x_wconf 89' lang='lat' dir='ltr'><strong>in</strong></span> <span class='ocrx_word' id='word_1_797' title='bbox 1371 4927 1751 5002; x_wconf 85' lang='lat' dir='ltr'><strong>superioribus</strong></span> <span class='ocrx_word' id='word_1_798' title='bbox 1769 4934 2002 4998; x_wconf 86' lang='lat' dir='ltr'><strong>variant,</strong></span> <span class='ocrx_word' id='word_1_799' title='bbox 2023 4952 2115 4988; x_wconf 90' lang='lat' dir='ltr'><strong>au-</strong></span> 
     </span>
    </p>
   </div>
   <div class='ocr_carea' id='block_1_104' title="bbox 522 4996 2113 5076">
    <p class='ocr_par' dir='ltr' id='par_1_104' title="bbox 522 4996 2113 5076">
     <span class='ocr_line' id='line_1_105' title="bbox 522 4996 2113 5076; baseline 0.006 -27"><span class='ocrx_word' id='word_1_800' title='bbox 522 4996 699 5076; x_wconf 66' lang='lat' dir='ltr'><strong>derent</strong></span> <span class='ocrx_word' id='word_1_801' title='bbox 726 4999 916 5059; x_wconf 75' lang='lat' dir='ltr'><strong>dicere,</strong></span> <span class='ocrx_word' id='word_1_802' title='bbox 948 5000 1283 5076; x_wconf 30' lang='lat' dir='ltr'><strong>inluuinutam</strong></span> <span class='ocrx_word' id='word_1_803' title='bbox 1306 4996 1536 5071; x_wconf 73' lang='lat' dir='ltr'><strong>gratiam</strong></span> <span class='ocrx_word' id='word_1_804' title='bbox 1554 5003 1672 5076; x_wconf 80' lang='lat' dir='ltr'><strong>Dei,</strong></span> <span class='ocrx_word' id='word_1_805' title='bbox 1692 5013 1739 5057; x_wconf 88' lang='lat' dir='ltr'><strong>et</strong></span> <span class='ocrx_word' id='word_1_806' title='bbox 1764 5004 1917 5058; x_wconf 87' lang='lat' dir='ltr'><strong>illum</strong></span> <span class='ocrx_word' id='word_1_807' title='bbox 1941 4996 2113 5060; x_wconf 85' lang='lat' dir='ltr'><strong>solum</strong></span> 
     </span>
    </p>
   </div>
   <div class='ocr_carea' id='block_1_105' title="bbox 518 5070 2111 5140">
    <p class='ocr_par' dir='ltr' id='par_1_105' title="bbox 518 5070 2111 5140">
     <span class='ocr_line' id='line_1_106' title="bbox 518 5070 2111 5140; baseline 0.006 -23"><span class='ocrx_word' id='word_1_808' title='bbox 518 5070 860 5140; x_wconf 52' lang='lat' dir='ltr'><strong>factumesse</strong></span> <span class='ocrx_word' id='word_1_809' title='bbox 894 5084 959 5140; x_wconf 78' lang='lat' dir='ltr'><strong>ea:</strong></span> <span class='ocrx_word' id='word_1_810' title='bbox 988 5070 1169 5133; x_wconf 84' lang='lat' dir='ltr'><strong>Immo,</strong></span> <span class='ocrx_word' id='word_1_811' title='bbox 1195 5084 1242 5125; x_wconf 88' lang='lat' dir='ltr'><strong>et</strong></span> <span class='ocrx_word' id='word_1_812' title='bbox 1276 5070 1496 5127; x_wconf 72' lang='lat' dir='ltr'><strong>uxorem</strong></span> <span class='ocrx_word' id='word_1_813' title='bbox 1519 5074 1669 5140; x_wconf 81' lang='lat' dir='ltr'><strong>eius;</strong></span> <span class='ocrx_word' id='word_1_814' title='bbox 1697 5091 1785 5127; x_wconf 85' lang='lat' dir='ltr'><strong>eos</strong></span> <span class='ocrx_word' id='word_1_815' title='bbox 1824 5091 1964 5136; x_wconf 81' lang='lat' dir='ltr'><strong>vero,</strong></span> <span class='ocrx_word' id='word_1_816' title='bbox 1998 5084 2111 5129; x_wconf 85' lang='lat' dir='ltr'><strong>etc.</strong></span> 
     </span>
    </p>
   </div>
   <div class='ocr_carea' id='block_1_106' title="bbox 598 5136 2115 5211">
    <p class='ocr_par' dir='ltr' id='par_1_106' title="bbox 598 5136 2115 5211">
     <span class='ocr_line' id='line_1_107' title="bbox 598 5136 2115 5211; baseline 0.009 -26"><span class='ocrx_word' id='word_1_817' title='bbox 598 5137 675 5205; x_wconf 82' lang='lat'><strong>(7)</strong></span> <span class='ocrx_word' id='word_1_818' title='bbox 717 5136 798 5211; x_wconf 58' lang='lat' dir='ltr'><strong>Ab</strong></span> <span class='ocrx_word' id='word_1_819' title='bbox 831 5139 1211 5211; x_wconf 64' lang='lat' dir='ltr'><strong>orbeeondito</strong></span> <span class='ocrx_word' id='word_1_820' title='bbox 1242 5144 1310 5197; x_wconf 86' lang='lat' dir='ltr'><strong>ad</strong></span> <span class='ocrx_word' id='word_1_821' title='bbox 1343 5136 1593 5211; x_wconf 85' lang='lat' dir='ltr'><strong>perditos</strong></span> <span class='ocrx_word' id='word_1_822' title='bbox 1625 5144 1833 5199; x_wconf 90' lang='lat' dir='ltr'><strong>diluvio</strong></span> <span class='ocrx_word' id='word_1_823' title='bbox 1863 5146 2115 5199; x_wconf 80' lang='lat' dir='ltr'><strong>homines</strong></span> 
     </span>
    </p>
   </div>
   <div class='ocr_carea' id='block_1_107' title="bbox 521 5206 2113 5284">
    <p class='ocr_par' dir='ltr' id='par_1_107' title="bbox 521 5206 2113 5284">
     <span class='ocr_line' id='line_1_108' title="bbox 521 5206 2113 5284; baseline 0.008 -29"><span class='ocrx_word' id='word_1_824' title='bbox 521 5206 827 5284; x_wconf 71' lang='lat' dir='ltr'><strong>secundum</strong></span> <span class='ocrx_word' id='word_1_825' title='bbox 876 5206 1039 5271; x_wconf 76' lang='lat' dir='ltr'><strong>LXX,</strong></span> <span class='ocrx_word' id='word_1_826' title='bbox 1096 5211 1181 5266; x_wconf 91' lang='lat' dir='ltr'><strong>bis</strong></span> <span class='ocrx_word' id='word_1_827' title='bbox 1230 5206 1384 5284; x_wconf 63' lang='lat' dir='ltr'><strong>mille</strong></span> <span class='ocrx_word' id='word_1_828' title='bbox 1423 5214 1691 5268; x_wconf 87' lang='lat' dir='ltr'><strong>ducentos</strong></span> <span class='ocrx_word' id='word_1_829' title='bbox 1742 5215 2113 5284; x_wconf 84' lang='lat' dir='ltr'><strong>quadraginta</strong></span> 
     </span>
    </p>
   </div>
   <div class='ocr_carea' id='block_1_108' title="bbox 523 5275 2110 5355">
    <p class='ocr_par' dir='ltr' id='par_1_108' title="bbox 523 5275 2110 5355">
     <span class='ocr_line' id='line_1_109' title="bbox 523 5275 2110 5355; baseline 0.008 -29"><span class='ocrx_word' id='word_1_830' title='bbox 523 5275 663 5355; x_wconf 53' lang='lat' dir='ltr'><strong>tinos</strong></span> <span class='ocrx_word' id='word_1_831' title='bbox 732 5291 911 5355; x_wconf 70' lang='lat' dir='ltr'><strong>annos</strong></span> <span class='ocrx_word' id='word_1_832' title='bbox 975 5289 1299 5355; x_wconf 52' lang='lat' dir='ltr'><strong>supputant</strong></span> <span class='ocrx_word' id='word_1_833' title='bbox 1337 5281 1648 5355; x_wconf 73' lang='lat' dir='ltr'><strong>Eusebius,</strong></span> <span class='ocrx_word' id='word_1_834' title='bbox 1704 5275 2110 5355; x_wconf 9' lang='lat' dir='ltr'><strong>rllieronyinus,</strong></span> 
     </span>
    </p>
   </div>
   <div class='ocr_carea' id='block_1_109' title="bbox 525 5342 2115 5426">
    <p class='ocr_par' dir='ltr' id='par_1_109' title="bbox 525 5342 2115 5426">
     <span class='ocr_line' id='line_1_110' title="bbox 525 5342 2115 5426; baseline 0.008 -30"><span class='ocrx_word' id='word_1_835' title='bbox 525 5342 946 5426; x_wconf 51' lang='lat' dir='ltr'><strong>Betim-aliique.</strong></span> <span class='ocrx_word' id='word_1_836' title='bbox 992 5342 1097 5403; x_wconf 54' lang='grc' dir='ltr'><strong>δῶ</strong></span> <span class='ocrx_word' id='word_1_837' title='bbox 1146 5350 1236 5404; x_wconf 89' lang='lat' dir='ltr'><strong>alii</strong></span> <span class='ocrx_word' id='word_1_838' title='bbox 1289 5342 2001 5426; x_wconf 76' lang='lat' dir='ltr'><strong>itidem_eum_Augustino</strong></span> 
     </span>
    </p>
   </div>
   <div class='ocr_carea' id='block_1_110' title="bbox 524 5414 2115 5495">
    <p class='ocr_par' dir='ltr' id='par_1_110' title="bbox 524 5414 2115 5495">
     <span class='ocr_line' id='line_1_111' title="bbox 524 5414 2115 5495; baseline 0.009 -31"><span class='ocrx_word' id='word_1_839' title='bbox 524 5414 678 5495; x_wconf 64' lang='lat' dir='ltr'><strong>fiuit._</strong></span> <span class='ocrx_word' id='word_1_840' title='bbox 706 5414 849 5495; x_wconf 49' lang='lat' dir='ltr'><strong>Dei.</strong></span> <span class='ocrx_word' id='word_1_841' title='bbox 872 5417 965 5470; x_wconf 88' lang='lat' dir='ltr'><strong>lib.</strong></span> <span class='ocrx_word' id='word_1_842' title='bbox 1004 5432 1418 5495; x_wconf 80' lang='lat' dir='ltr'><strong>xv,_numerant</strong></span> <span class='ocrx_word' id='word_1_843' title='bbox 1446 5423 1609 5477; x_wconf 58' lang='grc' dir='ltr'><strong>Ἦνδὲ.</strong></span> <span class='ocrx_word' id='word_1_844' title='bbox 1644 5414 2001 5495; x_wconf 49' lang='grc' dir='ltr'><strong>(Συιηνίιςιίιυθ</strong></span> <span class='ocrx_word' id='word_1_845' title='bbox 2046 5424 2115 5477; x_wconf 85' lang='lat' dir='ltr'><strong>de</strong></span> 
     </span>
    </p>
   </div>
   <div class='ocr_carea' id='block_1_111' title="bbox 525 5479 2113 5565">
    <p class='ocr_par' dir='ltr' id='par_1_111' title="bbox 525 5479 2113 5565">
     <span class='ocr_line' id='line_1_112' title="bbox 525 5479 2113 5565; baseline 0.005 -26"><span class='ocrx_word' id='word_1_846' title='bbox 525 5479 1046 5565; x_wconf 30' lang='lat' dir='ltr'><strong>l‘lpiphaniiimente</strong></span> <span class='ocrx_word' id='word_1_847' title='bbox 1084 5479 1240 5565; x_wconf 74' lang='lat' dir='ltr'><strong>haud</strong></span> <span class='ocrx_word' id='word_1_848' title='bbox 1287 5500 1588 5565; x_wconf 72' lang='lat' dir='ltr'><strong>constaret,</strong></span> <span class='ocrx_word' id='word_1_849' title='bbox 1644 5502 1812 5565; x_wconf 85' lang='lat' dir='ltr'><strong>atque</strong></span> <span class='ocrx_word' id='word_1_850' title='bbox 1860 5479 2113 5565; x_wconf 75' lang='lat' dir='ltr'><strong>impressi</strong></span> 
     </span>
    </p>
   </div>
   <div class='ocr_carea' id='block_1_112' title="bbox 528 5557 2114 5632">
    <p class='ocr_par' dir='ltr' id='par_1_112' title="bbox 528 5557 2114 5632">
     <span class='ocr_line' id='line_1_113' title="bbox 528 5557 2114 5632; baseline 0.009 -30"><span class='ocrx_word' id='word_1_851' title='bbox 528 5561 689 5632; x_wconf 76' lang='lat' dir='ltr'><strong>antea</strong></span> <span class='ocrx_word' id='word_1_852' title='bbox 732 5557 877 5632; x_wconf 82' lang='lat' dir='ltr'><strong>libri.</strong></span> <span class='ocrx_word' id='word_1_853' title='bbox 911 5574 1050 5632; x_wconf 79' lang='lat' dir='ltr'><strong>quos</strong></span> <span class='ocrx_word' id='word_1_854' title='bbox 1074 5559 1247 5632; x_wconf 74' lang='lat' dir='ltr'><strong>etiam</strong></span> <span class='ocrx_word' id='word_1_855' title='bbox 1284 5561 1633 5619; x_wconf 71' lang='lat' dir='ltr'><strong>Martianmus</strong></span> <span class='ocrx_word' id='word_1_856' title='bbox 1662 5557 1950 5632; x_wconf 40' lang='lat' dir='ltr'><strong>sequitur.—</strong></span> <span class='ocrx_word' id='word_1_857' title='bbox 1974 5563 2114 5632; x_wconf 82' lang='lat' dir='ltr'><strong>lege-</strong></span> 
     </span>
    </p>
   </div>
   <div class='ocr_carea' id='block_1_113' title="bbox 530 5627 2113 5693">
    <p class='ocr_par' dir='ltr' id='par_1_113' title="bbox 530 5627 2113 5693">
     <span class='ocr_line' id='line_1_114' title="bbox 530 5627 2113 5693; baseline 0.01 -23"><span class='ocrx_word' id='word_1_858' title='bbox 530 5630 662 5693; x_wconf 12' lang='lat' dir='ltr'><strong>rent,</strong></span> <span class='ocrx_word' id='word_1_859' title='bbox 681 5628 957 5693; x_wconf 71' lang='lat' dir='ltr'><strong>sexaginta</strong></span> <span class='ocrx_word' id='word_1_860' title='bbox 1011 5627 1166 5687; x_wconf 81' lang='lat' dir='ltr'><strong>duos,</strong></span> <span class='ocrx_word' id='word_1_861' title='bbox 1205 5630 1477 5684; x_wconf 72' lang='lat' dir='ltr'><strong>Victorius</strong></span> <span class='ocrx_word' id='word_1_862' title='bbox 1509 5650 1575 5687; x_wconf 82' lang='lat' dir='ltr'><strong>ex</strong></span> <span class='ocrx_word' id='word_1_863' title='bbox 1613 5634 1715 5687; x_wconf 85' lang='lat' dir='ltr'><strong>fide</strong></span> <span class='ocrx_word' id='word_1_864' title='bbox 1742 5627 1888 5686; x_wconf 52' lang='lat' dir='ltr'><strong>&#39;mss.</strong></span> <span class='ocrx_word' id='word_1_865' title='bbox 1928 5627 2113 5686; x_wconf 59' lang='lat' dir='ltr'><strong>exelu-</strong></span> 
     </span>
    </p>
   </div>
   <div class='ocr_carea' id='block_1_114' title="bbox 532 5690 2113 5772">
    <p class='ocr_par' dir='ltr' id='par_1_114' title="bbox 532 5690 2113 5772">
     <span class='ocr_line' id='line_1_115' title="bbox 532 5690 2113 5772; baseline 0.009 -30"><span class='ocrx_word' id='word_1_866' title='bbox 532 5690 785 5761; x_wconf 81' lang='lat' dir='ltr'><strong>plarium,</strong></span> <span class='ocrx_word' id='word_1_867' title='bbox 807 5690 1043 5763; x_wconf 59' lang='lat' dir='ltr'><strong>praetulit</strong></span> <span class='ocrx_word' id='word_1_868' title='bbox 1065 5700 1599 5772; x_wconf 59' lang='lat' dir='ltr'><strong>qttadt&#39;aginladuos,</strong></span> <span class='ocrx_word' id='word_1_869' title='bbox 1629 5705 1716 5758; x_wconf 90' lang='lat' dir='ltr'><strong>cui</strong></span> <span class='ocrx_word' id='word_1_870' title='bbox 1752 5702 1973 5757; x_wconf 81' lang='lat' dir='ltr'><strong>lectioni</strong></span> <span class='ocrx_word' id='word_1_871' title='bbox 2005 5703 2113 5757; x_wconf 84' lang='lat' dir='ltr'><strong>duo</strong></span> 
     </span>
    </p>
   </div>
   <div class='ocr_carea' id='block_1_115' title="bbox 2218 4845 3778 4920">
    <p class='ocr_par' dir='ltr' id='par_1_115' title="bbox 2218 4845 3778 4920">
     <span class='ocr_line' id='line_1_116' title="bbox 2218 4845 3778 4920; baseline -0.017 0"><span class='ocrx_word' id='word_1_872' title='bbox 2218 4845 2749 4920; x_wconf 23' lang='lat' dir='ltr'><strong>iacimus-Omnium</strong></span> <span class='ocrx_word' id='word_1_873' title='bbox 2770 4867 2949 4912; x_wconf 88' lang='lat' dir='ltr'><strong>autem</strong></span> <span class='ocrx_word' id='word_1_874' title='bbox 2976 4845 3685 4911; x_wconf 45' lang='lat' dir='ltr'><strong>rectismine-Ambrosianus</strong></span> <span class='ocrx_word' id='word_1_875' title='bbox 3702 4845 3778 4897; x_wconf 89' lang='lat' dir='ltr'><strong>lib.</strong></span> 
     </span>
    </p>
   </div>
   <div class='ocr_carea' id='block_1_116' title="bbox 2221 4922 3779 5001">
    <p class='ocr_par' dir='ltr' id='par_1_116' title="bbox 2221 4922 3779 5001">
     <span class='ocr_line' id='line_1_117' title="bbox 2221 4922 3779 5001; baseline -0.016 -12"><span class='ocrx_word' id='word_1_876' title='bbox 2221 4948 2511 5001; x_wconf 87' lang='lat' dir='ltr'><strong>utramque</strong></span> <span class='ocrx_word' id='word_1_877' title='bbox 2554 4932 2843 4984; x_wconf 86' lang='lat' dir='ltr'><strong>lectionem</strong></span> <span class='ocrx_word' id='word_1_878' title='bbox 2878 4928 2979 4980; x_wconf 89' lang='lat' dir='ltr'><strong>hoc</strong></span> <span class='ocrx_word' id='word_1_879' title='bbox 3012 4923 3171 5001; x_wconf 77' lang='lat' dir='ltr'><strong>modo</strong></span> <span class='ocrx_word' id='word_1_880' title='bbox 3207 4922 3443 5001; x_wconf 75' lang='lat' dir='ltr'><strong>exhibet,</strong></span> <span class='ocrx_word' id='word_1_881' title='bbox 3478 4928 3617 5001; x_wconf 37' lang='lat' dir='ltr'><strong>post.</strong></span> <span class='ocrx_word' id='word_1_882' title='bbox 3640 4928 3779 5001; x_wconf 55' lang='lat' dir='ltr'><strong>auriga</strong></span> 
     </span>
    </p>
   </div>
   <div class='ocr_carea' id='block_1_117' title="bbox 2222 4983 3779 5065">
    <p class='ocr_par' dir='ltr' id='par_1_117' title="bbox 2222 4983 3779 5065">
     <span class='ocr_line' id='line_1_118' title="bbox 2222 4983 3779 5065; baseline -0.017 -6"><span class='ocrx_word' id='word_1_883' title='bbox 2529 4983 2783 5054; x_wconf 74' lang='lat' dir='ltr'><strong>ducentos</strong></span> <span class='ocrx_word' id='word_1_884' title='bbox 2815 4997 3149 5065; x_wconf 80' lang='lat' dir='ltr'><strong>septuaginta</strong></span> <span class='ocrx_word' id='word_1_885' title='bbox 3170 4993 3345 5065; x_wconf 64' lang='lat' dir='ltr'><strong>auos,</strong></span> <span class='ocrx_word' id='word_1_886' title='bbox 3379 4983 3487 5043; x_wconf 76' lang='lat' dir='ltr'><strong>sire</strong></span> <span class='ocrx_word' id='word_1_887' title='bbox 3513 4997 3569 5041; x_wconf 85' lang='lat' dir='ltr'><strong>ut</strong></span> <span class='ocrx_word' id='word_1_888' title='bbox 3600 4988 3652 5039; x_wconf 85' lang='lat' dir='ltr'><strong>in</strong></span> <span class='ocrx_word' id='word_1_889' title='bbox 3678 4983 3779 5065; x_wconf 70' lang='lat' dir='ltr'><strong>aliis</strong></span> 
     </span>
    </p>
   </div>
   <div class='ocr_carea' id='block_1_118' title="bbox 2221 5056 3779 5141">
    <p class='ocr_par' dir='ltr' id='par_1_118' title="bbox 2221 5056 3779 5141">
     <span class='ocr_line' id='line_1_119' title="bbox 2221 5056 3779 5141; baseline -0.014 -12"><span class='ocrx_word' id='word_1_890' title='bbox 2221 5056 2615 5141; x_wconf 53' lang='lat' dir='ltr'><strong>ememplaribus</strong></span> <span class='ocrx_word' id='word_1_891' title='bbox 2664 5056 2907 5141; x_wconf 51' lang='lat' dir='ltr'><strong>ponitur,</strong></span> <span class='ocrx_word' id='word_1_892' title='bbox 3082 5063 3227 5141; x_wconf 76' lang='lat' dir='ltr'><strong>mille</strong></span> <span class='ocrx_word' id='word_1_893' title='bbox 3274 5062 3525 5114; x_wconf 81' lang='lat' dir='ltr'><strong>ducentos</strong></span> <span class='ocrx_word' id='word_1_894' title='bbox 3569 5056 3779 5141; x_wconf 47' lang='lat' dir='ltr'><strong>quadra;</strong></span> 
     </span>
    </p>
   </div>
   <div class='ocr_carea' id='block_1_119' title="bbox 2224 5134 3777 5211">
    <p class='ocr_par' dir='ltr' id='par_1_119' title="bbox 2224 5134 3777 5211">
     <span class='ocr_line' id='line_1_120' title="bbox 2224 5134 3777 5211; baseline -0.015 -11"><span class='ocrx_word' id='word_1_895' title='bbox 2224 5134 2380 5211; x_wconf 67' lang='lat' dir='ltr'><strong>ginta</strong></span> <span class='ocrx_word' id='word_1_896' title='bbox 2421 5144 2577 5206; x_wconf 85' lang='lat' dir='ltr'><strong>duos,</strong></span> <span class='ocrx_word' id='word_1_897' title='bbox 2609 5134 2675 5195; x_wconf 71' lang='lat' dir='ltr'><strong>ex</strong></span> <span class='ocrx_word' id='word_1_898' title='bbox 2723 5155 2832 5209; x_wconf 88' lang='lat' dir='ltr'><strong>quo</strong></span> <span class='ocrx_word' id='word_1_899' title='bbox 2886 5136 3062 5191; x_wconf 80' lang='lat' dir='ltr'><strong>facilis</strong></span> <span class='ocrx_word' id='word_1_900' title='bbox 3108 5134 3338 5211; x_wconf 74' lang='lat' dir='ltr'><strong>aliorum</strong></span> <span class='ocrx_word' id='word_1_901' title='bbox 3388 5134 3777 5211; x_wconf 14' lang='lat' dir='ltr'><strong>amanueustgtttil</strong></span> 
     </span>
    </p>
   </div>
   <div class='ocr_carea' id='block_1_120' title="bbox 2225 5198 3776 5285">
    <p class='ocr_par' dir='ltr' id='par_1_120' title="bbox 2225 5198 3776 5285">
     <span class='ocr_line' id='line_1_121' title="bbox 2225 5198 3776 5285; baseline -0.013 -16"><span class='ocrx_word' id='word_1_902' title='bbox 2225 5198 2415 5285; x_wconf 75' lang='lat' dir='ltr'><strong>lapsus</strong></span> <span class='ocrx_word' id='word_1_903' title='bbox 2445 5230 2508 5285; x_wconf 84' lang='lat' dir='ltr'><strong>ex</strong></span> <span class='ocrx_word' id='word_1_904' title='bbox 2542 5198 2907 5285; x_wconf 49' lang='lat' dir='ltr'><strong>vocum-pene</strong></span> <span class='ocrx_word' id='word_1_905' title='bbox 2934 5205 3251 5285; x_wconf 77' lang='lat' dir='ltr'><strong>earumdem</strong></span> <span class='ocrx_word' id='word_1_906' title='bbox 3288 5215 3522 5285; x_wconf 82' lang='lat' dir='ltr'><strong>occursu</strong></span> <span class='ocrx_word' id='word_1_907' title='bbox 3555 5198 3776 5285; x_wconf 37' lang='lat' dir='ltr'><strong>appulit.</strong></span> 
     </span>
    </p>
   </div>
   <div class='ocr_carea' id='block_1_121' title="bbox 2294 5258 3776 5355">
    <p class='ocr_par' dir='ltr' id='par_1_121' title="bbox 2294 5258 3776 5355">
     <span class='ocr_line' id='line_1_122' title="bbox 2294 5258 3776 5355; baseline -0.015 -16"><span class='ocrx_word' id='word_1_908' title='bbox 2294 5258 3161 5355; x_wconf 9' lang='lat' dir='ltr'><strong>vmustiotrc&#39;sﬁeditiones</strong></span> <span class='ocrx_word' id='word_1_909' title='bbox 3206 5273 3327 5326; x_wconf 63' lang='lat' dir='ltr'><strong>dua:</strong></span> <span class='ocrx_word' id='word_1_910' title='bbox 3358 5280 3486 5355; x_wconf 61' lang='lat' dir='ltr'><strong>ante</strong></span> 
     </span>
    </p>
   </div>
   <div class='ocr_carea' id='block_1_122' title="bbox 2221 5344 3777 5423">
    <p class='ocr_par' dir='ltr' id='par_1_122' title="bbox 2221 5344 3777 5423">
     <span class='ocr_line' id='line_1_123' title="bbox 2221 5344 3777 5423; baseline -0.014 -16"><span class='ocrx_word' id='word_1_911' title='bbox 2221 5344 2335 5407; x_wconf 77' lang='lat' dir='ltr'><strong>tum</strong></span> <span class='ocrx_word' id='word_1_912' title='bbox 2356 5344 2702 5423; x_wconf 67' lang='lat' dir='ltr'><strong>Victoriuse</strong></span> <span class='ocrx_word' id='word_1_913' title='bbox 2724 5364 2885 5411; x_wconf 90' lang='lat' dir='ltr'><strong>mss.,</strong></span> <span class='ocrx_word' id='word_1_914' title='bbox 2910 5354 2965 5402; x_wconf 92' lang='lat' dir='ltr'><strong>et</strong></span> <span class='ocrx_word' id='word_1_915' title='bbox 2989 5344 3310 5423; x_wconf 70' lang='lat' dir='ltr'><strong>Vaticanum</strong></span> <span class='ocrx_word' id='word_1_916' title='bbox 3344 5355 3408 5395; x_wconf 88' lang='lat' dir='ltr'><strong>ac</strong></span> <span class='ocrx_word' id='word_1_917' title='bbox 3427 5344 3777 5423; x_wconf 54' lang='grc' dir='ltr'><strong>(ὶῑςξρτειθξὶξθ</strong></span> 
     </span>
    </p>
   </div>
   <div class='ocr_carea' id='block_1_123' title="bbox 2221 5410 3777 5492">
    <p class='ocr_par' dir='ltr' id='par_1_123' title="bbox 2221 5410 3777 5492">
     <span class='ocr_line' id='line_1_124' title="bbox 2221 5410 3777 5492; baseline -0.015 -14"><span class='ocrx_word' id='word_1_918' title='bbox 2221 5424 2499 5492; x_wconf 85' lang='lat' dir='ltr'><strong>exemplar</strong></span> <span class='ocrx_word' id='word_1_919' title='bbox 2531 5438 2599 5492; x_wconf 65' lang='lat' dir='ltr'><strong>ex</strong></span> <span class='ocrx_word' id='word_1_920' title='bbox 2629 5419 2738 5474; x_wconf 88' lang='lat' dir='ltr'><strong>illis</strong></span> <span class='ocrx_word' id='word_1_921' title='bbox 2759 5410 3017 5492; x_wconf 37' lang='lat' dir='ltr'><strong>quentes</strong></span> <span class='ocrx_word' id='word_1_922' title='bbox 3054 5413 3425 5490; x_wconf 78' lang='lat' dir='ltr'><strong>contulimus;</strong></span> <span class='ocrx_word' id='word_1_923' title='bbox 3456 5410 3656 5492; x_wconf 69' lang='lat' dir='ltr'><strong>reliqui</strong></span> <span class='ocrx_word' id='word_1_924' title='bbox 3675 5412 3777 5492; x_wconf 55' lang='lat' dir='ltr'><strong>otii:</strong></span> 
     </span>
    </p>
   </div>
   <div class='ocr_carea' id='block_1_124' title="bbox 2222 5479 3775 5555">
    <p class='ocr_par' dir='ltr' id='par_1_124' title="bbox 2222 5479 3775 5555">
     <span class='ocr_line' id='line_1_125' title="bbox 2222 5479 3775 5555; baseline -0.012 -8"><span class='ocrx_word' id='word_1_925' title='bbox 2222 5510 2320 5548; x_wconf 89' lang='lat' dir='ltr'><strong>nes</strong></span> <span class='ocrx_word' id='word_1_926' title='bbox 2356 5479 2501 5555; x_wconf 79' lang='lat' dir='ltr'><strong>libri,</strong></span> <span class='ocrx_word' id='word_1_927' title='bbox 2535 5491 2751 5545; x_wconf 86' lang='lat' dir='ltr'><strong>Erasm.</strong></span> <span class='ocrx_word' id='word_1_928' title='bbox 2780 5479 2833 5543; x_wconf 76' lang='lat' dir='ltr'><strong>et</strong></span> <span class='ocrx_word' id='word_1_929' title='bbox 2862 5487 3210 5545; x_wconf 62' lang='lat' dir='ltr'><strong>Martianaaus</strong></span> <span class='ocrx_word' id='word_1_930' title='bbox 3262 5481 3458 5549; x_wconf 79' lang='lat' dir='ltr'><strong>supino</strong></span> <span class='ocrx_word' id='word_1_931' title='bbox 3482 5489 3661 5532; x_wconf 81' lang='lat' dir='ltr'><strong>errore</strong></span> <span class='ocrx_word' id='word_1_932' title='bbox 3681 5479 3775 5555; x_wconf 54' lang='lat' dir='ltr'><strong>{tif</strong></span> 
     </span>
    </p>
   </div>
   <div class='ocr_carea' id='block_1_125' title="bbox 2222 5541 3770 5627">
    <p class='ocr_par' dir='ltr' id='par_1_125' title="bbox 2222 5541 3770 5627">
     <span class='ocr_line' id='line_1_126' title="bbox 2222 5541 3770 5627; baseline -0.002 -11"><span class='ocrx_word' id='word_1_933' title='bbox 2356 5541 2815 5617; x_wconf 52' lang='lat' dir='ltr'><strong>Eii’éﬁrééénio&#39;s</strong></span> <span class='ocrx_word' id='word_1_934' title='bbox 2850 5542 3095 5610; x_wconf 71' lang='lat' dir='ltr'><strong>undecim</strong></span> <span class='ocrx_word' id='word_1_935' title='bbox 3146 5541 3454 5627; x_wconf 47' lang='lat' dir='ltr'><strong>numer-am.</strong></span> <span class='ocrx_word' id='word_1_936' title='bbox 3474 5559 3593 5627; x_wconf 59' lang='lat' dir='ltr'><strong>Cl!!!</strong></span> <span class='ocrx_word' id='word_1_937' title='bbox 3621 5541 3770 5627; x_wconf 48' lang='lat' dir='ltr'><strong>PB,ka</strong></span> 
     </span>
    </p>
   </div>
   <div class='ocr_carea' id='block_1_126' title="bbox 2220 5618 3773 5688">
    <p class='ocr_par' dir='ltr' id='par_1_126' title="bbox 2220 5618 3773 5688">
     <span class='ocr_line' id='line_1_127' title="bbox 2220 5618 3773 5688; baseline -0.019 1"><span class='ocrx_word' id='word_1_938' title='bbox 2220 5635 2292 5687; x_wconf 81' lang='lat' dir='ltr'><strong>sit</strong></span> <span class='ocrx_word' id='word_1_939' title='bbox 2318 5648 2383 5687; x_wconf 83' lang='lat' dir='ltr'><strong>ex</strong></span> <span class='ocrx_word' id='word_1_940' title='bbox 2418 5632 2647 5687; x_wconf 85' lang='lat' dir='ltr'><strong>historia</strong></span> <span class='ocrx_word' id='word_1_941' title='bbox 2673 5647 2701 5684; x_wconf 87' lang='lat' dir='ltr'><strong>a</strong></span> <span class='ocrx_word' id='word_1_942' title='bbox 2732 5628 3044 5688; x_wconf 84' lang='lat' dir='ltr'><strong>Salomone,</strong></span> <span class='ocrx_word' id='word_1_943' title='bbox 3073 5625 3216 5679; x_wconf 88' lang='lat' dir='ltr'><strong>unde</strong></span> <span class='ocrx_word' id='word_1_944' title='bbox 3240 5618 3557 5675; x_wconf 82' lang='lat' dir='ltr'><strong>numerandi</strong></span> <span class='ocrx_word' id='word_1_945' title='bbox 3584 5618 3773 5688; x_wconf 75' lang='lat' dir='ltr'><strong>initium</strong></span> 
     </span>
    </p>
   </div>
   <div class='ocr_carea' id='block_1_127' title="bbox 2224 5676 3773 5766">
    <p class='ocr_par' dir='ltr' id='par_1_127' title="bbox 2224 5676 3773 5766">
     <span class='ocr_line' id='line_1_128' title="bbox 2224 5676 3773 5766; baseline -0.017 -8"><span class='ocrx_word' id='word_1_946' title='bbox 2224 5676 2707 5765; x_wconf 60' lang='lat' dir='ltr'><strong>i.i&#39;c&#39;§u$itlié,&quot;ali</strong></span> <span class='ocrx_word' id='word_1_947' title='bbox 2733 5676 2942 5755; x_wconf 73' lang='lat' dir='ltr'><strong>Novum</strong></span> <span class='ocrx_word' id='word_1_948' title='bbox 2972 5676 3145 5766; x_wconf 73' lang='lat' dir='ltr'><strong>usque</strong></span> <span class='ocrx_word' id='word_1_949' title='bbox 3175 5692 3600 5748; x_wconf 82' lang='lat' dir='ltr'><strong>Testamentum,</strong></span> <span class='ocrx_word' id='word_1_950' title='bbox 3623 5689 3670 5736; x_wconf 89' lang='lat' dir='ltr'><strong>ct</strong></span> <span class='ocrx_word' id='word_1_951' title='bbox 3694 5676 3773 5731; x_wconf 77' lang='lat' dir='ltr'><strong>Ja-</strong></span> 
     </span>
    </p>
   </div>
  </div>
