3988 6428
237 276 347 334 589

1209 276 1553 340 EPISTOLA
1598 275 1690 336 AD
1740 275 1938 333 JOAN.
1982 275 2198 333 EPISC.
2242 275 2618 340 IlIEROSOL.

3415 269 3525 328 390

243 410 348 450 nes
367 394 666 465 imaginem
692 393 808 450 Dei.
835 392 1076 450 lacobus
1099 392 1245 449 enim
1277 398 1559 467 apostolus
1588 404 1643 453 et
1665 395 1833 454 frater
1863 403 1910 456 Α
1936 391 2230 450 revelanda
2265 401 2351 452 est
2382 399 2590 454 sanctis
2631 398 2772 470 ejus,
2807 400 3014 458 dictum
3052 410 3169 460 est:
3201 405 3343 462 sicut
3379 414 3440 463 et
3469 408 3525 464 in

245 485 485 550 Domini,
528 486 692 555 cujus
735 492 790 540 et
840 499 1006 555 supra
1038 486 1410 554 meminimus,
1443 489 1668 545 instruit
1709 504 1832 553 nos,

246 593 318 633 ne
369 575 622 649 Origenis
680 579 895 650 laqueis
947 579 1251 649 capiamur,
1302 579 1506 636 habere
1556 581 1833 635 hominem

245 669 542 739 imaginem
575 681 629 724 et
649 670 1066 725 similitudinem
1099 667 1214 725 Dei.
1243 671 1376 726 Nam
1407 685 1533 727 cum
1555 672 1623 728 de
1650 673 1834 744 lingua

249 760 491 814 hominis
525 759 691 815 latius
735 760 1094 830 disputasset,
1129 760 1331 829 adjecit
1364 779 1376 815 :
1414 759 1673 814 Instabile
1711 777 1834 815 ma-

247 851 381 915 lum,
426 851 481 903 in
525 851 641 918 ipsa
675 851 863 919 quippe
908 850 1260 904 benedicimus
1307 851 1476 906 Deum
1515 849 1751 917 Patrem,
1784 861 1833 907 et

244 957 302 994 tu
335 943 454 1010 ipsa
483 939 846 994 maledicimus
883 941 1140 1003 homines,
1184 941 1275 1010 qui
1315 938 1385 994 ad
1427 941 1835 996 similitudinem

247 1031 350 1085 Dei
373 1031 573 1085 conditi
604 1039 730 1084 sunt
761 1032 800 1084 ‘.
830 1029 1035 1086 Paulus
1059 1047 1276 1101 quoque
1307 1047 1406 1088 vas
1444 1032 1753 1098 electionis,
1781 1039 1835 1086 et

248 1122 342 1191 qui
375 1120 683 1174 doctrinam
721 1118 1100 1190 Evangelicam
1131 1138 1228 1177 sua
1261 1121 1651 1190 praedicatione
1683 1137 1834 1176 com-

250 1210 436 1281 plevit,
477 1209 634 1262 docet
675 1225 796 1276 nos,
837 1210 982 1280 quod
1028 1211 1192 1264 homo
1227 1211 1292 1264 ad
1327 1211 1641 1282 imaginem,
1675 1221 1728 1267 et
1764 1213 1835 1269 si-

249 1299 612 1354 militudinem
641 1299 737 1355 Dei
773 1301 1036 1356 conditus
1082 1301 1174 1367 sit,
1209 1301 1400 1356 dicens
1432 1323 1446 1357 :
1491 1303 1583 1357 Vir
1615 1321 1717 1358 non
1751 1305 1836 1359 de-

247 1389 328 1443 bet
367 1390 570 1442 nutrire
602 1405 827 1454 comam,
864 1407 981 1444 cum
1020 1391 1194 1462 gloria
1238 1401 1289 1446 et
1333 1393 1510 1463 imago
1556 1393 1654 1448 Dei
1685 1396 1753 1449 sit
1785 1397 1828 1460 ’,

245 1479 542 1550 imaginem
575 1481 899 1550 simpliciter
933 1482 1215 1552 appellans
1261 1497 1362 1538 suo
1403 1485 1646 1548 nomine,
1683 1486 1834 1540 simi-

245 1570 536 1625 litudinem
568 1581 749 1626 autem
790 1573 976 1643 gloriae
1017 1574 1383 1644 appellatione
1413 1574 1757 1645 signiﬁcans.

320 1661 435 1717 VII.
468 1661 573 1716 Pro
604 1663 781 1718 tribus
817 1663 981 1734 igitur
1011 1666 1362 1730 testimoniis,
1394 1681 1513 1736 quae
1543 1668 1661 1728 tibi,
1685 1668 1731 1722 si
1763 1667 1830 1722 de

244 1750 539 1823 Scriptura
557 1763 747 1808 sancta
775 1757 1095 1826 reperirem,
1113 1757 1338 1812 dicebas
1351 1773 1517 1828 posse
1544 1757 1824 1814 sulllcere:

243 1859 375 1900 ecce
389 1854 595 1914 septem
615 1845 926 1900 testimonia
945 1845 1220 1902 dedimus.
1243 1847 1376 1912 Quis
1390 1863 1521 1918 ergo
1539 1850 1832 1905 sustinebit

245 1935 500 2006 Origenis
556 1935 830 2006 ineptias?
868 1944 926 1989 ut
962 1951 1071 1990 non
1098 1938 1320 2007 gravius
1356 1939 1564 2008 aliquid
1614 1939 1827 2008 loquar,

243 2033 299 2080 et
331 2026 532 2080 similis
566 2025 769 2080 elliciar
819 2027 904 2081 vel
959 2027 1063 2097 ipsi
1099 2027 1183 2082 vel
1228 2029 1514 2098 discipulis
1560 2029 1699 2099 ejus,
1739 2031 1831 2100 qui

245 2118 449 2170 audent
475 2117 528 2170 in
546 2118 791 2188 pericqu
812 2118 1008 2172 animae
1037 2134 1150 2173 sua:
1167 2135 1438 2185 asserere,
1467 2121 1833 2192 quodcunque

250 2209 332 2262 eis
361 2208 418 2262 in
454 2210 680 2262 buccam
703 2209 932 2275 venerit,
967 2217 1020 2264 et
1043 2211 1218 2282 magis
1247 2211 1447 2280 jubere
1484 2211 1614 2277 Deo,
1639 2220 1693 2268 et
1723 2229 1829 2268 non

245 2298 316 2352 ab
341 2313 408 2353 eo
439 2300 520 2353 vel
537 2313 698 2354 orare
726 2300 809 2355 vel
839 2299 1056 2356 discere
1077 2302 1386 2357 veritatem.
1420 2301 1654 2369 Quidam
1685 2305 1831 2360 enim

244 2403 438 2444 eorum
478 2391 692 2455 dicunt,
711 2393 856 2462 quod
889 2393 1072 2464 imago
1097 2392 1214 2458 Dei,
1244 2411 1413 2464 quam
1436 2396 1594 2466 prius
1625 2397 1834 2466 accepit

243 2481 442 2543 Adam,
479 2482 574 2535 illo
606 2491 888 2552 peccante,
926 2485 1175 2554 perierit.
1205 2485 1309 2539 Alii
1343 2486 1834 2557 suspicanturcor-

243 2584 372 2640 pus,
391 2569 540 2639 quod
563 2568 737 2626 Filius
763 2571 853 2627 Dei
876 2574 1326 2630 habiturusesset
1346 2591 1413 2630 ex
1439 2574 1632 2641 Maria,
1653 2577 1831 2647 ipsum

243 2673 369 2713 esse
387 2661 678 2729 imaginem
709 2662 785 2730 (9)
815 2661 1138 2717 conditoris.
1162 2662 1420 2718 Nonnulli
1450 2665 1688 2719 animam
1712 2681 1835 2723 esse

243 2750 564 2822 imaginem,
589 2751 682 2803 alii
701 2765 947 2816 sensum,
981 2751 1073 2806 alii
1109 2753 1400 2807 virtutem:
1424 2754 1515 2808 isti
1540 2754 1830 2825 baptisma:

247 2843 322 2906 bi,
343 2841 490 2911 quod
507 2841 673 2894 homo
703 2841 768 2896 ad
790 2841 1080 2910 imaginem
1099 2840 1194 2896 Dei
1223 2842 1538 2898 dominetur
1553 2845 1831 2908 omnibus,

243 2935 526 2990 ebriorum
559 2948 712 2987 more
737 2934 850 2988 haec
875 2935 954 2989 vel
987 2933 1081 2987 illa
1114 2941 1418 2999 ructantcs,
1453 2949 1593 3005 quos
1615 2945 1834 3005 oporte-

1939 483 2048 537 alio
2104 483 2226 540 loco
2258 486 2493 557 legimus
2520 489 2592 542 :A
2652 489 2824 558 gloria
2871 492 2927 546 in
2981 492 3210 562 gloriam
3244 494 3267 526 ⁸
3307 513 3322 550 :
3359 495 3521 570 cujus

1938 573 2123 644 gloria:
2156 575 2269 644 jam
2309 577 2363 630 in
2432 579 2540 632 isto
2584 579 2788 633 saeculo
2837 582 3016 634 sancti
3077 583 3404 640 arrabonem
3465 596 3523 644 et

1938 667 2342 736 portiunculam
2385 678 2770 740 susceperunt.
2797 669 3014 727 Primus
3038 687 3227 727 eorum
3268 674 3520 748 Moyses,

1937 757 2097 826 cujus
2143 757 2299 813 fulsit
2342 759 2508 816 facies
2541 761 2717 825 valde,
2755 769 2811 818 et
2854 762 3103 816 radiabat
3133 765 3298 818 veluti
3345 766 3523 837 fulgo:-

1936 856 1989 903 et
2033 849 2136 905 sol.
2169 848 2460 906 Secundus
2491 850 2662 915 Elias,
2687 852 2846 922 igneo
2873 867 3038 908 curru
3072 862 3265 924 raptus
3321 857 3376 910 in
3411 872 3522 911 cie-

1935 939 2072 1000 lum,
2105 947 2160 995 et
2204 939 2350 1011 ignis
2373 941 2701 996 detrimenta
2731 955 2840 997 non
2894 943 3158 1000 sentiens.
3212 943 3522 1015 Stephanus

1935 1026 2304 1098 lapidabatur,
2333 1038 2388 1085 et
2420 1029 2613 1085 faciem
2644 1031 2881 1088 habebat
2916 1035 3118 1103 angeli,
3149 1050 3271 1104 quae
3306 1035 3377 1090 ab
3397 1051 3520 1091 om-

1935 1121 2098 1176 nibus
2147 1122 2498 1177 cernebatur.
2537 1121 2652 1177 Hoc
2679 1131 2860 1178 autem
2900 1125 3046 1194 quod
3093 1126 3148 1180 in
3197 1128 3390 1197 paucis
3442 1127 3524 1183 di-

1935 1209 2139 1274 ximus,
2179 1211 2248 1266 de
2289 1212 2542 1268 omnibus
2571 1211 2985 1284 intelligendum
3016 1224 3122 1280 est,
3181 1226 3240 1271 ut
3290 1217 3524 1286 implea-

1932 1307 2023 1355 tur
2057 1302 2190 1357 illud
2243 1304 2387 1373 quod
2434 1305 2701 1373 scriptum
2753 1314 2839 1360 est
2873 1304 3109 1362 :Omnis
3169 1307 3262 1378 qui
3309 1308 3521 1364 sancti-

1933 1391 2062 1445 ﬁcat
2080 1395 2459 1463 semetipsum,
2510 1394 2657 1449 inter
2688 1397 2875 1450 beatos
2907 1398 3291 1452 numerabitur
3324 1417 3337 1452 :
3366 1398 3522 1452 Beati

1934 1483 2080 1537 enim
2137 1485 2331 1536 mundo
2376 1483 2550 1549 corde,
2592 1487 2840 1554 quoniam
2877 1488 2978 1556 ipsi
3003 1487 3167 1542 Deum
3197 1489 3440 1542 videbunt
3470 1487 3515 1544 ⁸.

2008 1569 2143 1626 VIII.
2174 1574 2311 1627 Cum
2367 1576 2480 1628 ha-c
2509 1577 2586 1629 ita
2628 1591 2687 1631 se
2727 1576 2986 1642 habeant,
3015 1577 3393 1642 dilectissime,
3421 1593 3522 1633 cu-

1937 1663 2079 1718 stodi
2110 1665 2346 1717 animam
2371 1673 2546 1728 tuam,
2579 1675 2632 1720 ct
2650 1667 2843 1722 desine
2869 1677 3059 1721 contra
3084 1667 3182 1739 [αι.
3221 1669 3392 1742 circa]
3417 1685 3524 1726 nos

1939 1767 2305 1809 murmurare.
2359 1755 2498 1810 Dicit
2549 1757 2696 1810 enim
2730 1756 3015 1826 Scriptura
3050 1759 3238 1813 divina
3279 1776 3292 1811 :
3335 1759 3526 1815 Nolite

1933 1863 2270 1900 murmurare
2297 1847 2610 1912 adinvicem,
2636 1849 2771 1902 sicut
2795 1848 3010 1919 quidam
3038 1861 3522 1917 murmuraveruut,

1931 1946 1981 1991 ct
2019 1955 2052 1992 a
2079 1939 2408 2008 serpentibus
2460 1942 2727 2008 perierunt
2763 1942 2784 1972 ⁶
2820 1955 2833 1991 :
2868 1941 3042 2012 magis
3069 1941 3360 2011 acquiesce
3388 1942 3525 1996 veri-

1935 2029 2054 2092 tati,
2107 2041 2160 2084 et
2222 2029 2392 2099 dilige
2446 2041 2549 2084 nos
2603 2030 2896 2101 diligentes
2955 2040 3046 2094 te,
3111 2040 3167 2085 et
3210 2035 3521 2086 veritatem.

1935 2121 2080 2177 Deus
2136 2133 2316 2177 autem
2351 2121 2502 2191 pacis
2546 2129 2770 2191 praestet
2821 2120 2983 2176 nobis
3011 2121 3168 2189 juxta
3196 2136 3353 2176 suam
3408 2122 3524 2178 cle-

1935 2211 2224 2274 mentiam,
2256 2217 2318 2264 ut
2345 2218 2668 2266 conteratur
2696 2208 2932 2265 Satanas
2972 2211 3076 2264 sub
3102 2211 3332 2280 pedibus
3359 2209 3523 2265 Chri-

1935 2302 2262 2363 stianorum,
2293 2309 2346 2356 et
2366 2301 2657 2371 abjiciatur
2679 2301 2860 2357 omnis
2884 2301 3108 2356 occasio
3146 2316 3423 2372 perversa,
3455 2316 3524 2356 ne

1935 2394 2222 2448 scindatur
2281 2393 2336 2446 in
2395 2391 2557 2446 nobis
2610 2391 2892 2445 vinculum
2948 2390 3235 2445 charitatis
3264 2398 3318 2444 et
3364 2398 3530 2445 rectm

1934 2481 2060 2537 ﬁdei
2095 2481 2435 2552 praedicatio.

2009 2569 2098 2624 IX.
2133 2569 2388 2624 Notanda
2421 2567 2721 2622 ltistoriola.
2759 2587 2830 2606 -ι-
2867 2565 3135 2621 Praeterea
3169 2567 3350 2620 audivi
3411 2566 3527 2639 (η)

1934 2661 2202 2732 quosdam
2262 2674 2610 2714 murmurare
2655 2665 2846 2713 contra
2886 2674 2994 2722 me,
3028 2659 3156 2728 quia
3188 2657 3412 2728 quando
3450 2661 3528 2712 si-

1936 2751 2048 2804 mul
2084 2751 2450 2821 pergebamus
2499 2749 2568 2803 ad
2623 2757 2874 2804 sanctum
2927 2748 3110 2802 locum
3147 2747 3242 2817 qui
3299 2757 3531 2802 vocatur

1937 2840 2144 2908 Bethel,
2179 2852 2237 2896 ut
2264 2842 2336 2896 ibi
2355 2841 2654 2897 Collectam
2669 2848 2850 2896 tecum
2879 2855 2943 2895 es
2964 2855 3116 2896 more
3143 2839 3526 2894 ecclesiastico

1939 2933 2204 3001 facerem,
2236 2943 2291 2988 et
2338 2933 2612 2988 venissem
2663 2933 2731 2987 ad
2773 2933 2958 2987 villam
2999 2947 3124 3002 qua:
3153 2931 3356 2984 dicitur
3385 2931 3531 2985 Ana-

246 3026 338 3078 hat
369 3032 584 3078 tantum
607 3023 866 3094 ell‘ugere,
903 3025 1222 3088 discrimen,
1258 3040 1358 3079 nec
1382 3041 1582 3096 negare
1600 3041 1721 3096 qua:
1752 3027 1833 3081 lo-
1861 3047 1903 3103 ρ
1937 3023 2146 3091 blatha,
2203 3023 2577 3093 vidisscmque
2617 3024 2691 3078 ibi
2729 3023 3053 3094 praeteriens
3092 3023 3376 3077 lucernam
3437 3036 3530 3072 ar-

251 3117 436 3186 quitur
478 3115 643 3181 Deus,
677 3123 732 3170 et
766 3115 1054 3170 credentes
1111 3116 1438 3188 simpliciter
1476 3118 1660 3173 salvos
1692 3119 1830 3183 lieri,

246 3207 469 3279 Deoque
497 3209 801 3263 concedere
829 3207 1144 3264 donationis
1174 3223 1286 3263 suae
1309 3215 1514 3264 certam
1541 3209 1654 3281 (10)
1672 3216 1726 3264 et
1745 3224 1835 3263 ve-

244 3315 364 3354 ram
402 3300 711 3362 scientiam,
745 3301 800 3354 in
848 3313 954 3370 qua
1013 3299 1360 3366 potissimum
1397 3309 1552 3368 parte
1583 3297 1836 3352 homines

242 3392 561 3446 condiderit
579 3391 645 3444 ad
674 3391 968 3462 imaginem
1000 3397 1054 3445 et
1082 3387 1506 3445 similitudinem
1533 3403 1710 3443 suam.
1731 3385 1833 3454 Qui

245 3485 363 3538 haec
395 3484 789 3552 relinquentes,
827 3482 1018 3535 multis
1050 3496 1110 3536 se
1141 3479 1544 3550 qumstionibus
1585 3479 1839 3549 implica-

245 3582 400 3637 runt,
433 3583 485 3628 et
529 3589 625 3642 per
653 3574 753 3627 has
788 3574 841 3626 in
875 3586 1093 3626 emnum
1134 3571 1373 3626 demersi
1414 3578 1544 3625 sunt
1583 3578 1838 3640 peccato-

245 3682 392 3719 rum.
424 3664 536 3719 Nos
564 3671 768 3724 autem,
789 3663 1164 3726 dilectissime,
1191 3663 1473 3722 credimus
1490 3660 1594 3724 his,
1621 3663 1837 3732 qumlo-

246 3766 413 3813 cutus
446 3767 528 3812 est
563 3757 846 3818 Dominus,
882 3764 936 3810 et
963 3757 1190 3821 scimus,
1226 3753 1373 3825 quod
1406 3754 1462 3809 in
1491 3753 1706 3810 cunctis
1740 3755 1840 3808 ho-

248 3845 494 3902 minibus
531 3847 707 3917 imago
736 3846 829 3901 Dei
863 3854 1204 3916 permaneat,
1233 3845 1448 3916 ipsique
1484 3845 1839 3900 concedimus

251 3954 437 4002 nosse,
464 3939 518 3992 in
555 3954 659 4008 qua
681 3947 836 4008 parte
860 3937 1023 3991 homo
1045 3936 1110 3992 ad
1143 3937 1434 4007 imaginem
1456 3934 1548 3990 Dei
1583 3935 1840 3991 conditus

246 4031 338 4087 sit.
364 4030 476 4084 Sed
501 4045 678 4100 neque
697 4027 1012 4099 illud,quod
1031 4029 1253 4098 quidam
1277 4027 1331 4082 iu
1358 4028 1587 4098 epistola
1613 4027 1841 4081 Joannis

247 4119 496 4190 legentes
553 4135 660 4173 non
698 4119 1034 4190 intelligunt,
1089 4133 1419 4188 quemquam
1459 4116 1718 4187 decipiat,
1749 4116 1840 4169 ubi

248 4212 531 4280 loquitur:
561 4210 719 4264 Nunc
774 4210 876 4280 ﬁlii
926 4211 1018 4264 Dei
1063 4227 1246 4263 sumus
1289 4219 1338 4262 et
1378 4209 1637 4262 nescimus
1660 4207 1840 4277 quales

245 4305 422 4373 futuri
451 4321 633 4358 sumus
663 4303 797 4374 (ll).
830 4301 1086 4355 Nouimus
1115 4311 1309 4364 autem,
1337 4302 1463 4371 quia
1493 4317 1612 4352 cum
1636 4299 1725 4352 ille
1757 4314 1840 4352 re-

1941 3115 2193 3179 dentem,
2251 3127 2306 3172 et
2346 3118 2808 3184 interrogassem,
2856 3116 2980 3184 quis
3035 3115 3189 3170 locus
3242 3121 3412 3174 esset,
3449 3113 3531 3168 di-

1937 3207 2306 3275 dicissemque
2345 3222 2470 3262 esse
2519 3205 2834 3271 ecclesiam,
2889 3212 2944 3262 et
2974 3205 3266 3258 intrassem
3303 3209 3362 3256 ut
3402 3217 3531 3256 ora-

1936 3313 2052 3352 rem
2084 3315 2100 3352 :
2135 3297 2317 3352 inveni
2346 3297 2420 3352 ibi
2450 3297 2630 3352 velum
2659 3295 2908 3366 pendens
2937 3295 2992 3348 in
3035 3294 3251 3348 foribus
3283 3291 3531 3360 ejusdem

1936 3389 2184 3456 ecclesia:
2212 3391 2443 3445 tinctum
2485 3396 2651 3460 atque
2699 3387 3001 3458 depictum,
3050 3392 3105 3439 et
3154 3383 3363 3438 habens
3396 3382 3537 3435 ima-

1934 3482 2121 3554 ginem
2171 3481 2332 3552 quasi
2389 3480 2621 3547 Christi,
2683 3479 2766 3534 vel
2818 3477 3000 3534 sancti
3052 3475 3389 3544 cujusdam;
3422 3489 3534 3528 non

1937 3573 2086 3628 enim
2117 3573 2262 3627 satis
2295 3572 2543 3635 memini,
2574 3570 2737 3640 cujus
2786 3570 2966 3638 imago
3000 3566 3187 3620 fuerit.
3233 3565 3368 3620 Cum
3405 3578 3536 3633 ergo

1940 3665 2226 3726 vidissem,
2259 3671 2316 3720 et
2343 3663 2650 3719 detestatus
2682 3675 2862 3716 essem
2890 3659 3080 3731 (l3jin
3114 3655 3346 3713 ecclesia
3376 3655 3536 3709 Chri-

1941 3755 2010 3809 sti
2044 3763 2238 3810 contra
2261 3754 2648 3810 auctoritatem
2680 3752 3094 3822 Scripturarum
3132 3747 3371 3802 hominis
3395 3761 3535 3814 pen-

1940 3845 2072 3900 dere
2098 3845 2414 3914 imaginem,
2442 3845 2581 3900 seidi
2610 3843 2768 3907 illud,
2793 3852 2848 3898 et
2880 3842 3054 3910 magis
3085 3839 3211 3895 dedi
3239 3835 3535 3892 consilium

1945 3935 2274 3992 custodibus
2305 3936 2552 4006 ejusdem
2573 3935 2702 3998 loci,
2742 3943 2801 3988 ut
2832 3947 3126 4003 pauperem
3159 3937 3435 3983 mortuum
3471 3941 3539 3980 eo

1942 4027 2298 4082 obvolverent
2323 4035 2377 4081 et
2408 4026 2665 4082 eﬂerrent
2699 4045 2710 4078 ε
2747 4025 2944 4097 Illique
2985 4032 3171 4078 contra
3201 4033 3538 4074 murmuran-

1946 4127 2026 4171 tes
2064 4117 2310 4172 dixerunt
2342 4132 2360 4171 :
2392 4116 2454 4172 Si
2497 4117 2733 4171 scindere
2777 4115 3039 4177 voluerat,
3063 4113 3272 4181 justum
3311 4118 3448 4171 erat,
3476 4116 3538 4160 ut

1943 4209 2093 4264 aliud
2125 4209 2277 4263 daret
2306 4209 2474 4264 velum
2502 4219 2658 4278 atque
2719 4214 2968 4262 mutaret.
3003 4202 3159 4269 Quod
3191 4215 3315 4256 cum
3349 4198 3536 4252 audis-

1945 4316 2082 4362 sem.
2123 4317 2210 4356 me
2239 4301 2497 4355 daturum
2527 4315 2652 4356 esse
2682 4297 2962 4368 pollicitus
2989 4311 3134 4359 sum,
3167 4303 3220 4348 et
3244 4291 3389 4344 illico
3413 4302 3538 4343 esse

247 4395 458 4449 uelatus
512 4395 694 4464 fuerit,
730 4395 930 4448 similes
978 4394 1024 4447 ei
1067 4394 1287 4447 erimus.
1343 4391 1641 4446 Videbimus
1704 4391 1840 4442 enim
1880 4375 1920 4427 ί)
1956 4394 2278 4448 missurum.
2307 4392 2596 4446 Paululum
2624 4400 2805 4446 autem
2826 4403 3107 4444 morarum
3134 4383 3312 4440 fuitin
3332 4379 3536 4441 medio,

243 4500 367 4542 eum
389 4487 551 4540 siculi
581 4497 656 4540 est
685 4487 727 4539 ⁸.
765 4484 877 4539 Hoc
901 4487 1044 4540 enim
1075 4493 1296 4554 propter
1323 4484 1550 4555 gloriam
1575 4522 1589 4548 ,
1617 4498 1740 4553 qua:
1773 4481 1844 4535 ibi

354 4723 371 4754 ⁸
410 4719 530 4774 δην.
568 4735 648 4781 III,
677 4717 731 4781 8,
767 4716 821 4771 9.

245 4813 303 4856 x,
343 4792 397 4851 9.
435 4790 518 4844 10.

935 4717 954 4746 ί
995 4715 1014 4769 I
1049 4715 1174 4770 Cor.
1233 4728 1310 4778 XI,
1349 4713 1402 4765 7.

247 4999 455 5053 cohum
489 4996 708 5048 fratrem
759 4992 973 5046 Domini
1010 4991 1297 5062 plusquam
1346 4988 1496 5042 mille
1536 4996 1589 5040 et
1621 4994 1839 5040 centum

249 5085 431 5121 annos
471 5065 866 5118 intercessisse.

329 5139 407 5204 t9)
435 5134 667 5189 Deerant
690 5134 805 5187 haec
835 5135 888 5184 in
913 5130 1226 5205 aliiseilitis
1251 5144 1314 5182 ac
1329 5143 1464 5182 mss.
1494 5125 1680 5187 verba,
1704 5139 1841 5205 qua:

251 5201 401 5260 inter
437 5213 726 5272 utramque
780 5216 968 5256 vocem
1036 5201 1836 5272 inmginem,_qum‘rcpetilur,

254 5276 423 5331 modo
455 5283 602 5337 sunt,
639 5269 814 5341 eaque
853 5281 1040 5340 utpote
1086 5269 1420 5344 necessaria,
1450 5269 1660 5344 atque;
1694 5274 1837 5317 vete-

255 5362 380 5399 rum
443 5337 796 5400 Iibrariorum
860 5337 1153 5395 oscitantis
1193 5339 1352 5391 facile
1401 5337 1727 5396 exciderint,
1773 5349 1836 5386 ex

1515 4710 1534 4740 ³
1576 4710 1592 4763 Ι
1628 4708 1786 4764 Joan.
1833 4727 1918 4774 lli,
1948 4709 2003 4764 2.

1954 4484 2298 4554 dumquer
2338 4483 2604 4552 optimum
2652 4481 2834 4534 velum
2876 4492 2974 4549 pro
3002 4492 3068 4530 eo
3111 4475 3359 4536 mittere;
3394 4467 3542 4522 arbi-

3297 4695 3318 4724 ⁶
3357 4693 3373 4745 Ι
3412 4690 3539 4744 Cur.

2120 4713 2138 4740 ⁸
2181 4709 2218 4764 Il
2261 4711 2389 4764 Cor.
2431 4706 2636 4770 111,18.
2737 4703 2758 4736 ⁸
2799 4701 2989 4756 Matth.
3035 4715 3088 4762 v,
3135 4699 3190 4753 8.

1951 4992 2125 5043 textu,
2166 4992 2212 5032 et
2257 4974 2488 5043 nondum
2541 4976 2768 5043 apparet
2811 4962 2948 5032 quod
2986 4961 3218 5043 erimus.
3255 4952 3538 5043 Sed-lusi.

1952 5028 2308 5105 KiIii'brosian.
2341 5042 2514 5096 V:.tic.
2540 5028 2929 5105 Cisterciense,
2959 5031 3161 5105 aliique
3200 5039 3324 5105 eum
3362 5028 3533 5105 veteri

2350 5092 2622 5178 edidimus
2647 5124 2663 5172 ;
2692 5104 2892 5178 saepius
2919 5092 3100 5178 autem
3130 5096 3281 5178 locis
3313 5107 3367 5178 ς-
3386 5092 3541 5178 Suri:

2357 5162 2538 5260 utitur
2569 5162 2906 5260 Epiphanius
2938 5169 3118 5260 iul-iac
3142 5162 3542 5260 epistollaznqn‘i

1948 5240 2073 5314 eum
2136 5240 2420 5311 l'iodiernis
2479 5240 2884 5316 exemplaribus
2939 5240 3079 5293 haud
3141 5240 3280 5290 satis
3337 5243 3542 5285 conve-

1951 5333 2130 5384 nituit.

2198 5391 2408 5447 Vitiose
2479 5364 3545 5464 Marti-auarus.cumaliisAquibu-sgam

1953 5434 2142 5527 edili‘sl,
2189 5434 2452 5516 ρίίέῖευνὲα
2482 5434 2895 5526 "quod—audivi;
2941 5448 3045 5502 nisi
3084 5434 3542 5532 forte'legendum'

1957 5541 2047 5592 hic
2083 5544 2189 5590 est.
2225 5533 2512 5585 Prwterea.
3182 5583 3190 5592 .

2033 5577 2731 5674 detestatus
2754 5605 2939 5672 essent,
2964 5600 3083 5655 qua:
3116 5583 3266 5651 prius
3296 5577 3546 5642 dcet-ant,

1957 5692 2019 5732 ex
2038 5661 2248 5745 ‘pr'obtc
2277 5683 2420 5726 notae
2449 5683 2581 5723 mss.
2620 5661 2950 5720 sullccinius.

259 5417 624 5470 Ambrosiano
667 5411 964 5481 exemplari
1005 5409 1404 5481 supplevimus.

335 5488 442 5554 μθ)
471 5486 642 5554 Turpi
672 5476 863 5538 errore
902 5483 954 5554 in
998 5476 1280 5554 hucusque
1312 5476 1838 5554 ealitiscratcerta-

254 5548 394 5619 nisu,
426 5548 526 5627 pro
557 5548 764 5612 certam
811 5561 860 5605 et
906 5552 1119 5604 duabus
1165 5548 1400 5607 vnculis,
1456 5553 1512 5596 ut
1551 5548 1848 5610 castigavi—

252 5643 378 5683 ιυυὸ
410 5648 438 5682 ι·
460 5645 596 5684 lllSS.

325 5679 433 5772 ill}
460 5679 653 5755 'Aiii'ca
711 5700 832 5750 erat
873 5707 997 5747 cum
1036 5687 1265 5759 Vulgata
1295 5683 1534 5755 quidem,
1573 5691 1624 5736 ct
1661 5679 1849 5734 Graeco
