3988 6454
470 446 576 506 399

590 568 714 625 Vita
755 568 1003 627 Ieremia:
1045 569 1329 639 propheta’,
1380 579 1429 627 et
1461 571 1743 640 sepultura:
1785 574 1950 629 locus.

543 704 674 760 VIII.
733 704 984 761 Jeremiae
1035 707 1316 777 prophetae
1365 708 1539 778 patria
1592 708 1693 763 fuit
1735 710 2056 764 Anathoth:

468 800 587 868 ipse
611 805 794 852 autem
821 796 1069 868 Taphuis
1092 799 1306 870 [Egypti
1332 802 1465 856 urbe
1496 817 1524 854 a
1550 803 1751 872 popqu
1783 804 2055 874 lapidibus

464 908 768 962 oppressus
801 892 1032 946 interiit.
1068 891 1219 948 Silus
1242 905 1324 947 est
1358 896 1410 948 in
1445 910 1512 949 eo
1547 895 1691 959 loco,
1727 897 1816 950 ubi
1845 897 2056 952 Pharao

464 984 744 1054 quondam
776 983 1116 1039 domicilium
1152 985 1373 1051 habuit;
1417 1003 1543 1041 nam
1583 987 1827 1061 [Egyptii
1859 990 1933 1045 ob
1973 1007 2060 1045 ac-

464 1086 683 1147 ceptum
726 1077 796 1132 ab
843 1077 936 1131 illo
981 1077 1306 1133 beneficium
1365 1096 1640 1134 summum
1689 1083 1737 1136 ei
1790 1083 2054 1137 honorem

463 1170 802 1226 habuerunt.
835 1171 974 1225 Cum
1005 1169 1152 1226 enim
1186 1171 1427 1242 aspides,
1452 1180 1508 1226 ct
1537 1175 1811 1244 aquatiles
1845 1177 2055 1244 bestiae,

463 1280 603 1334 quas
655 1262 898 1335 JEgyptii
947 1263 1192 1332 nep/roth,
1248 1263 1787 1324 Graeci-crocodilos
1835 1281 2055 1334 vocant,

463 1358 691 1412 exitium
747 1357 856 1411 illis
906 1355 1196 1420 inferrent,
1249 1365 1446 1412 orante
1491 1356 1728 1414 Jeremia
1769 1363 2055 1434 propheta,

464 1457 576 1503 tam
624 1448 878 1518 aspidum
929 1449 981 1502 in
1036 1456 1181 1502 terra
1233 1447 1386 1504 furor
1439 1458 1494 1506 et
1538 1451 1742 1519 rabies,
1793 1471 1958 1523 quam
2002 1455 2056 1509 in

463 1543 629 1598 ﬂuvio
661 1543 966 1598 belluarum
999 1542 1212 1600 insidia:
1246 1558 1578 1614 compressa:
1610 1553 1760 1602 sunt.
1797 1545 1950 1603 Unde
1990 1548 2058 1602 ad

463 1639 774 1708 hocusque
824 1645 1040 1708 tempus
1090 1637 1295 1702 ﬁdeles,
1352 1640 1445 1708 qui
1483 1639 1594 1694 illic
1662 1649 1814 1704 sunt,
1863 1657 2056 1696 omnes

463 1746 624 1786 orare
662 1731 717 1784 in
758 1731 952 1785 eodem
1004 1730 1096 1784 illo
1147 1731 1269 1784 loco
1316 1732 1524 1798 solent;
1567 1748 1897 1805 sumptoque
1938 1736 2059 1804 pul-

461 1838 595 1876 vere
648 1821 927 1877 morsibus
976 1822 1227 1892 aspidum
1267 1825 1576 1890 medentur,
1634 1841 1698 1880 ac
1744 1828 2056 1882 crocodilos

1777 430 1986 509 breui
2027 451 2166 508 aur
2210 455 2484 514 svum.
2745 463 2750 466 ·
3602 471 3686 539 too

2091 582 2131 636 Α
2177 577 2229 628 '0
2254 579 2397 648 ,ϐίος
2437 580 2544 637 τοῦ
2578 581 2850 652 Ἰερεμίου
2883 579 3214 652 προφήτου,
3251 581 3341 636 καὶ
3381 579 3486 638 ποῦ
3521 585 3690 643 κεῖται.

2242 717 2322 769 Il'.
2367 717 2638 788 Ἱερεμίας
2673 720 2702 772 6
2738 719 3027 790 προφήτης
3054 713 3120 790 ἦν
3156 719 3212 785 ὲξ
3252 719 3504 773 Ἀναθὼθ·
3544 721 3622 775 καὶ
3649 726 3694 775 ἐν

2170 809 2414 878 Τὰφναις
2461 812 2572 881 (25)
2608 810 2888 880 Αἰγύπτου
2936 811 3296 882 λιθοϐοληθεὶς
3335 812 3432 864 ὑπὸ
3473 813 3555 866 τοῦ
3587 813 3695 868 λαοῦ

2171 899 2546 971 ἐτελεύτησεν.
2611 904 2806 956 Κεῖται
2842 903 2897 956 δὲ
2941 905 2997 955 ὲν
3036 903 3186 974 τόπῳ
3217 903 3312 974 τῆς
3347 903 3584 974 οἰκήσεως
3612 906 3696 956 (ttu-

2170 991 2315 1062 ραὼ,
2374 994 2455 1046 ὅτι
2492 994 2543 1046 οἱ
2599 996 2884 1063 Αἰγύπτιοι
2940 996 3194 1062 ἐδόξασαν
3259 997 3412 1049 αὐτὸν
3456 999 3700 1068 εὐεργετη-

2169 1084 2353 1148 θέντες
2414 1087 2506 1138 ύπ’
2557 1086 2723 1140 αὑτοῦ
2760 1087 2895 1156 (ενι).
2969 1087 3219 1151 ’Λσπίδες
3261 1087 3403 1159 γὰρ,
3481 1089 3564 1142 καὶ
3612 1090 3700 1142 τῶν

2167 1175 2378 1229 ὑδάτων
2409 1176 2596 1249 θῆρες,
2655 1177 2750 1242 οὓς
2803 1178 3061 1232 καλοῦσιν
3111 1181 3160 1234 οἱ
3200 1179 3475 1248 Αἰγύπτιοι
3515 1180 3698 1248 regis»),

2170 1269 2432 1340 ’Έλληνες
2474 1271 2600 1331 τοὺς
2639 1271 3038 1342 κροκοδείλους,
3077 1267 3218 1343 ἦσαν
3243 1272 3430 1336 αὐτοὺς
3457 1271 3703 1326 θανατοῦν-

2165 1375 2287 1423 τες,
2339 1361 2434 1413 καὶ
2481 1360 2786 1432 εὐξαμένου
2846 1362 2941 1416 τοῦ
2987 1364 3269 1434 προφήτου
3305 1363 3545 1435 Ἱερεμίου
3593 1365 3704 1415 ixm-

2167 1452 2304 1523 λύθη
2337 1455 2401 1506 ὲκ
2427 1455 2526 1525 τῆς
2559 1458 2664 1527 γῆς
2698 1456 2914 1527 ἐκείνης
2951 1458 2980 1510 6
3019 1457 3190 1528 θυμὸς
3211 1456 3316 1510 τῶν
3349 1457 3567 1510 ἀσπίδων
3594 1455 3704 1524 (271).

2167 1546 2262 1599 καὶ
2301 1547 2365 1598 ὲκ
2404 1546 2500 1600 τοῦ
2539 1547 2788 1616 ποταμοῦ
2859 1547 3122 1612 ὡσαύτως
3170 1549 3232 1601 τὸ
3276 1547 3474 1618 ἐνεδρον
3509 1546 3602 1599 τῶν
3630 1545 3706 1616 θη-

2169 1634 2300 1706 ρίων
2321 1634 2454 1705 (26).
2488 1637 2599 1690 Καὶ
2621 1637 2737 1690 ὅσοι
2767 1637 2907 1691 εἰσὶν
2939 1638 3142 1700 πιστοὶ,
3169 1638 3274 1702 ἕως
3308 1639 3529 1709 σήμερον
3554 1635 3708 1706 εὔχον-

2167 1744 2255 1780 ται
2290 1729 2348 1782 ὲν
2395 1727 2473 1799 τῷ
2508 1728 2658 1799 τόπῳ
2693 1729 2909 1800 ἐκείνῳ,
2961 1731 3057 1784 καὶ
3101 1730 3460 1802 λαμϐάνοντες
3496 1728 3579 1782 τοῦ
3607 1727 3708 1798 χοὸς

2165 1818 2350 1890 δῆγμα
2388 1821 2635 1875 ἀσπίδων
2682 1820 3104 1893 Θεραπεύουσιν,
3161 1824 3257 1878 καὶ
3301 1822 3437 1878 αὐτὰ
3480 1821 3542 1876 τὰ
3577 1821 3710 1892 θηρία

466 1911 680 1984 fugam.
723 1912 869 1968 Idem
909 1928 1039 1969 vero
1070 1913 1334 1984 prepheta
1369 1914 1751 1971 sacerdotibus
1781 1916 2054 1988 Egyptiis

2168 1910 2586 1978 φυγαδεύουσιν.
2624 1907 2793 1977 Οὗτος
2819 1914 2850 1966 6
2875 1915 3163 1986 προφήτης
3199 1917 3418 1987 σημεῖον
3447 1914 3598 1968 ἔδωκε
3620 1915 3709 1974 τοίς

467 2006 687 2076 signum
719 2005 891 2070 dedit,
926 2021 989 2060 ac
1030 2006 1398 2071 denuntiavit,
1448 2008 1633 2063 omnia
1679 2008 1899 2064 illorum
1929 2026 2058 2066 esse

465 2099 763 2170 quatienala
804 2098 1121 2161 simulacra,
1163 2107 1216 2153 et
1249 2115 1370 2170 qua:
1401 2114 1564 2154 manu
1592 2101 1875 2156 elaborata
1899 2109 2058 2157 erant

466 2193 626 2262 signa
656 2192 889 2256 ruitura,
933 2207 1058 2246 cum
1099 2194 1253 2264 virgo
1287 2208 1556 2264 puerpera
1589 2194 1776 2251 divino
1811 2209 1937 2250 cum
1974 2195 2058 2250 in-

461 2283 614 2339 fante
643 2283 834 2355 pedem
869 2283 926 2338 in
963 2281 1258 2355 Egyptian
1310 2288 1608 2354 posuisset.
1651 2283 1763 2340 Nec
1790 2301 1930 2340 vana
1957 2285 2060 2340 fuit

463 2375 770 2448 praedictio.
819 2374 925 2447 (0b
988 2374 1042 2430 id
1094 2391 1419 2447 puerperam
1471 2377 1737 2448 virginem
1786 2377 2059 2449 hodieque

463 2479 834 2537 venerantur;
864 2477 918 2522 et
951 2467 1216 2523 infantem
1252 2469 1307 2523 in
1344 2470 1575 2540 praesepi
1611 2470 1888 2539 jaceutem
1919 2472 2054 2527 ado-

463 2571 608 2618 rant.
642 2562 817 2632 Cujus
858 2562 939 2617 rei
968 2577 1194 2617 causam
1232 2561 1542 2618 sciscitanti
1593 2562 1890 2620 Ptolemaeo
1918 2565 2056 2637 regi,

466 2655 876 2726 responderunt
908 2673 922 2710 :
956 2652 1278 2726 Mysterium
1313 2652 1446 2708 illud
1484 2661 1591 2718 est,
1625 2654 1773 2724 quod
1803 2670 1833 2710 a
1879 2656 2057 2726 majo-

466 2747 623 2802 ribus
666 2747 1006 2817 aeeepitnus,
1045 2745 1304 2816 quodque
1341 2761 1370 2799 a
1423 2755 1620 2802 sancto
1665 2748 1931 2819 propheta
1973 2756 2060 2804 est

463 2839 574 2894 illis
609 2837 842 2904 editum,
881 2838 1044 2908 cujus
1092 2852 1195 2892 nos
1233 2839 1617 2907 praastolamur
1656 2839 1914 2911 exitum.)
1957 2839 2060 2896 llic

463 2931 557 2987 ille
602 2937 868 3000 pra-terea
923 2937 1048 2984 ante
1097 2930 1374 2984 CXCitIium
1425 2933 1610 3001 templi
1666 2933 1802 3003 legis
1848 2947 2055 3000 arcam,

465 3037 698 3093 quicque
720 3022 773 3074 in
794 3037 856 3094 ea
881 3004 1330 3089 continebantur,
1353 3023 1572 3092 eripuit,
1593 3031 1759 3094 atque
1783 3023 1836 3078 in
1863 3040 2056 3080 saxum

466 3090 726 3184 absorpta
773 3090 1040 3169 eondid.t.
1089 3113 1228 3168 Tum
1274 3090 1584 3171 astantibus
1641 3090 1824 3186 populi
1874 3132 2060 3173 sacer-

464 3207 689 3262 dotibus
735 3221 800 3260 ac
845 3205 1158 3262 senioribus
1204 3206 1380 3262 dixit:
1430 3207 1691 3276 Dominus
1737 3225 1764 3263 e
1810 3209 1947 3264 Sina
2002 3211 2058 3263 in

2162 2003 2440 2072 Αἰγύπτου
2474 2005 2732 2077 ἱερεῦσιν,
2768 2005 2946 2076 λέγων
2969 2048 2983 2073 ,
3019 2007 3102 2062 ὃτι
3144 2008 3227 2062 δεῖ
3260 2007 3527 2080 σεισθῆναι
3559 2005 3710 2058 πάντα

2160 2095 2230 2149 τὰ
2281 2095 2478 2150 εἴδωλα
2532 2097 2712 2151 αὐτῶν
2738 2139 2753 2162 ,
2815 2099 2908 2152 καὶ
2949 2103 3256 2170 συμπεσεῖν
3304 2100 3370 2154 τὰ
3400 2097 3711 2171 χειροποίητα

2163 2189 2363 2254 πάντα,
2394 2189 2521 2242 ὅταν
2568 2191 2732 2262 ἐπιϐῇ
2779 2192 2839 2246 ὲν
2868 2192 3132 2264 Αἰγύπτῳ
3164 2193 3431 2265 παρθένος
3456 2190 3714 2263 λοχεύουσα

2162 2283 2261 2336 σὺν
2313 2280 2504 2356 βρέφει
2555 2283 2784 2338 θεοειδεῖ
2817 2284 2951 2357 (ΞἹ).
2991 2285 3100 2340 Καὶ
3135 2285 3355 2355 ἐγένετο
3391 2285 3576 2348 αὐτοῖς.
3623 2276 3715 2353 [Διὸ

2161 2373 2256 2428 καὶ
2271 2375 2366 2428 νῦν
2394 2374 2596 2445 τιμῶσι
2629 2375 2899 2448 παρθένον
2921 2377 3132 2448 λοχοῦν,
3159 2381 3258 2432 καὶ
3284 2378 3477 2450 βρέφος
3499 2380 3550 2429 ὲν
3571 2375 3715 2445 φάτνῃ

2159 2467 2401 2532 τιθέντες
2455 2469 2860 2539 προσκυνοῦσι⁸
2921 2473 3017 2526 καὶ
3056 2471 3381 2543 Πτολεμαίῳ
3420 2468 3494 2541 τῷ
3539 2465 3719 2538 βασιλεί

2161 2559 2556 2634 πυνθανομένῳ
2574 2561 2674 2633 τὴν
2701 2563 2882 2620 αἰτίαν
2913 2563 3122 2635 ελεγον,
3150 2564 3238 2618 ὅτι
3269 2559 3718 2635 Πατροπαράδοτον

2161 2655 2293 2725 ἡμῖν
2334 2656 2452 2709 ἐστι
2508 2656 2807 2728 μυστήριον
2849 2656 2955 2711 ὑπὸ
3001 2657 3150 2712 ὁσίου
3191 2658 3290 2713 τοῦ
3324 2657 3588 2728 προφήτου
3628 2651 3719 2714 τοῖς

2161 2744 2432 2816 πατράσιν
2466 2745 2622 2816 ἡμῶν
2646 2745 2972 2818 παραδοθὲν,
2998 2747 3096 2801 καὶ
3119 2747 3456 2820 ὲκδεχόμεθα
3485 2746 3543 2799 τὸ
3568 2743 3718 2812 πέρας

2159 2836 2254 2890 τοῦ
2279 2838 2580 2910 μυστηρίου
2603 2837 2804 2911 muva
2829 2833 2998 2905 Οὗτος
3012 2843 3041 2894 6
3063 2844 3354 2914 προφήτης
3375 2839 3478 2911 πρὸ
3499 2838 3590 2907 τῆς
3610 2833 3718 2889 ἁλώ-

2162 2946 2302 2993 σεως
2333 2928 2428 2983 τοῦ
2465 2929 2592 2982 ναοῦ
2623 2929 2873 3001 ἥρπασεν
2907 2932 3007 3003 τὴν
3038 2931 3278 2986 κιϐωτὸν
3313 2931 3406 2985 τοῦ
3441 2931 3615 3000 νόμου,
3646 2925 3722 2980 καὶ

2160 3023 2229 3076 τὰ
2274 3023 2332 3074 ἐν
2365 3023 2503 3094 αὐτῇ
2550 3022 2753 3088 πάντα,
2793 3024 2889 3078 καὶ
2927 3025 3184 3094 ἐποίησεν
3222 3026 3364 3080 αὐτὰ
3384 3021 3722 3090 καταποθῆναι

2162 3114 2221 3166 ὲν
2252 3113 2446 3186 πέτρᾳ,
2489 3113 2585 3166 καὶ
2622 3107 2778 3167 εἶπεν
2804 3117 2917 3176 τοῖς
2961 3115 3166 3186 ἱερεῦσι
3194 3116 3294 3170 τοῦ
3338 3113 3468 3170 λαοῦ
3500 3113 3587 3168 καὶ
3632 3113 3724 3172 τοῖς

2162 3205 2558 3276 πρεσϐυτέροις
2622 3206 3013 3278 παρεστῶσινο
3082 3208 3495 3278 Ἀπεδήμησεν
3541 3205 3725 3272 Κύριος

464 3299 653 3352 emtum
687 3299 840 3364 abi-it,
875 3299 1097 3369 indeque
1145 3314 1261 3352 cum
1303 3312 1490 3353 sancta
1523 3302 1712 3355 virtute
1745 3312 2051 3358 revertetur.

2160 3297 2227 3352 ἐκ
2253 3298 2399 3352 Σινὰ
2435 3301 2522 3364 εἰς
2556 3297 2700 3364 τοὺς
2730 3298 3050 3367 οὐρανοὺς,
3097 3299 3198 3354 καί
3231 3298 3421 3354 πάλιν
3449 3296 3727 3352 ἐλεύσεται

462 3390 635 3460 Atque
669 3389 766 3442 hoc
789 3390 999 3460 signant
1027 3389 1354 3444 advenientis
1394 3391 1542 3447 illius
1586 3394 1710 3453 erit.
1752 3410 1870 3447 cum
1913 3394 2056 3449 vide-

464 3480 587 3533 licet
622 3479 825 3549 lignum
867 3490 1044 3549 gentes
1079 3496 1256 3534 omnes
1292 3480 1617 3536 adorabunt.
1668 3483 1874 3538 Dehinc
1906 3486 2060 3555 adje-

464 3574 585 3627 cit:
649 3573 846 3626 Arcam
893 3574 1054 3626 istam
1101 3571 1472 3638 sacerdotum,
1535 3587 1626 3629 aut
1680 3577 2059 3645 prophetarum

464 3683 617 3721 nemo
649 3666 925 3728 reserabit,
957 3665 1149 3736 printer
1168 3667 1388 3720 electum
1428 3667 1523 3722 Dei
1555 3668 1812 3739 Moysen;
1845 3670 2058 3726 tabulas

465 3777 608 3822 vero,
637 3776 752 3830 qua:
782 3759 837 3813 in
864 3739 962 3813 illa
998 3769 1142 3825 sunt,
1171 3777 1308 3814 unus
1337 3761 1522 3813 Aaron
1561 3761 1840 3828 expandet.
1871 3763 1935 3816 In
1975 3780 2060 3818 re-

467 3856 793 3909 surrectione
820 3869 980 3922 porro
1035 3855 1210 3924 prima
1243 3855 1478 3906 omnium
1525 3865 1770 3925 exsurget
1815 3873 1968 3920 arca,
2007 3865 2060 3911 et

465 3962 532 4002 ex
553 3947 649 4001 illo
676 3962 807 4001 samo
836 3955 1171 4016 prorumpet;
1207 3954 1362 4017 atque
1388 3947 1442 4000 in
1475 3960 1650 4001 monte
1681 3947 1814 4003 Sina
1837 3949 2060 4003 colloca-

467 4043 633 4094 bitur.
667 4041 799 4095 Tum
851 4041 920 4094 ad
954 4057 1071 4095 eam
1115 4043 1288 4095 sancti
1339 4058 1517 4096 omnes
1557 4041 1843 4108 con/luent,
1887 4041 2061 4113 ibique

466 4137 752 4191 Dominum
775 4145 1162 4206 exspectantes,
1188 4138 1410 4199 hostem,
1442 4138 1530 4204 qui
1565 4137 1665 4191 sibi
1702 4153 1873 4191 necem
1906 4139 2060 4192 moli-

465 4241 575 4290 tur,
613 4229 884 4299 effugient.
922 4227 1020 4284 llis
1052 4228 1214 4285 dictis
1253 4227 1424 4300 digito
1453 4243 1552 4283 suo
1589 4228 1680 4282 Dei
1721 4245 1920 4284 nomen
1956 4231 2059 4284 im—

2158 3387 2231 3442 ἐν
2257 3387 2507 3458 δυνάμει
2541 3387 2702 3458 ἁγίᾳ.
2767 3387 2879 3443 Καὶ
2926 3388 3105 3443 τοῦτο
3130 3389 3394 3460 σημεῖον
3435 3389 3594 3443 ἔσται
3636 3381 3726 3447 τῆς

2159 3478 2349 3534 αὐτοῦ
2397 3480 2770 3549 παρουσίας,
2824 3479 2924 3534 ὅτε
2977 3480 3170 3545 ξύλον
3235 3481 3436 3536 πάντα
3497 3479 3567 3534 τὰ
3607 3477 3728 3540 ἔθνη

2161 3571 2728 3642 προσκυνήσουσιν.
2774 3567 2944 3627 Είπεν
2973 3572 3030 3626 δὲ
3059 3574 3272 3638 αὐτοῖς,
3304 3576 3387 3628 ὅτι
3443 3573 3559 3640 Τὴν
3588 3569 3728 3622 uitico-

2160 3662 2271 3715 τὸν
2296 3663 2525 3730 ταύτην
2572 3663 2774 3730 οὐδεὶς
2808 3663 3141 3728 ἀναπτύξει
3173 3664 3268 3718 ἔτι
3317 3666 3522 3733 ἱερέων
3548 3662 3584 3730 ἢ
3612 3672 3730 3726 προ·

2159 3754 2387 3825 φητῶν.
2410 3758 2463 3809 ει
2494 3754 2582 3825 μὴ
2615 3755 2842 3825 Μωσῆς
2876 3756 2990 3828 (28)
3021 3760 3054 3812 ό
3089 3757 3387 3824 ἐκλεκτὸς
3433 3757 3537 3810 τοῦ
3570 3749 3727 3806 Θεοῦ⁶

2160 3847 2262 3914 τὰς
2317 3847 2388 3901 ἐν
2424 3847 2582 3917 αὐτῇ
2623 3848 2862 3915 πλάκας
2909 3849 3112 3916 οὐδεὶς
3165 3849 3551 3914 ἀναπλώσει,
3587 3847 3634 3899 εί
3659 3839 3728 3911 μὴ

2174 3939 2418 4008 Ἀαρών.
2452 3943 2562 3996 Καὶ
2585 3942 2655 3995 ἐν
2679 3941 3017 3997 ἀναστάσει
3037 3941 3280 4012 πρῶτον
3302 3946 3342 4013 ἡ
3365 3941 3602 4006 κιϐωτὸς
3618 3938 3733 3992 ἀνα·

2161 4033 2475 4102 στήσεται,
2504 4034 2602 4087 καὶ
2631 4033 3017 4099 ὲξεᾹεύσεται
3036 4035 3106 4089 ἐκ
3143 4034 3257 4103 τῆς
3287 4036 3529 4103 πέτρας,
3544 4029 3635 4085 καί
3654 4045 3731 4081 τεο

2162 4124 2411 4191 θήσεται
2445 4125 2514 4178 ὲν
2532 4125 2614 4192 τῷ
2637 4125 2756 4195 ὄρει
2773 4125 2940 4189 Σινίῑ,
2960 4128 3058 4181 καὶ
3088 4128 3318 4194 πάντες
3351 4132 3407 4183 οἱ
3440 4128 3586 4198 ἅγιοι
3608 4121 3734 4191 πρὸς

2160 4217 2356 4286 αὐτὴν
2391 4217 2889 4288 συναχθήσονται
2926 4219 3056 4273 ἐκεῖ
3082 4219 3472 4292 ἐκδεχόμενοι
3512 4218 3613 4274 τὸν
3640 4213 3733 4269 Κύ-

466 4325 710 4392 primens
746 4322 980 4392 lapidem
1013 4321 1290 4392 obsignat,
1318 4337 1493 4391 eaque
1525 4322 1696 4393 ﬁgura
1737 4325 1962 4392 perinde
1992 4341 2057 4380 ac

2160 4327 2310 4379 ριον,
2331 4311 2427 4364 καὶ
2448 4311 2556 4365 τὸν
2571 4312 2789 4380 ἐχθρὸν
2812 4314 3140 4383 φεύγοντες
3164 4314 3414 4369 ἀνελεῖν
3433 4311 3643 4374 αὐτοὺς
3661 4304 3737 4360 θέο

469 4415 514 4466 si
547 4415 739 4466 cmlata
779 4415 924 4468 ferro
955 4422 1102 4468 esset
1134 4416 1371 4468 inha:sit.
1406 4416 1479 4468 Ac
1508 4422 1621 4468 tum
1655 4415 1832 4470 nubes
1862 4432 2054 4472 saxum

471 4503 606 4557 illud
664 4503 914 4558 obduxit.
966 4504 1152 4573 Neque
1195 4507 1486 4574 quisquam
1523 4517 1628 4559 aut
1680 4506 1830 4560 illum
1873 4507 2054 4562 locum

468 4595 640 4656 novit,
675 4603 766 4647 aut
813 4595 878 4649 ad
923 4594 1069 4649 hanc
1114 4595 1254 4649 diem
1310 4597 1486 4666 legere
1521 4597 1716 4665 potuit,
1773 4614 1950 4669 neque
1987 4600 2054 4654 ad

2159 4407 2369 4457 λοντα.
2413 4403 2516 4458 Καὶ
2535 4405 2834 4476 ὲσφράγισε
2868 4407 2969 4478 τὴν
2993 4406 3199 4477 πέτραν
3232 4410 3292 4460 ὲν
3322 4407 3402 4478 τῷ
3430 4403 3660 4472 δακτύλῳ
3684 4397 3736 4450 τὸ

2160 4495 2332 4566 ὄνομα
2356 4496 2586 4568 Κυρίου,
2609 4498 2702 4552 καὶ
2717 4499 2944 4567 γέγονεν
2962 4501 2990 4553 6
3006 4499 3176 4564 τύπος
3201 4501 3278 4565 ὡς
3306 4501 3488 4572 γλυφὴ
3515 4498 3730 4568 σιδήρου.

2163 4591 2258 4646 καὶ
2310 4591 2510 4661 νεφέλη
2549 4593 2824 4646 ὲσκέπασε
2871 4593 2970 4663 τὴν
3012 4593 3252 4664 πέτραν,
3303 4595 3400 4648 καὶ
3446 4591 3612 4654 οὐδεὶς
3644 4584 3736 4641 νοεῖ

468 4687 654 4740 mundi
689 4686 849 4741 ﬁnem
885 4702 1126 4757 unquam
1154 4688 1373 4757 poterit.
1401 4687 1496 4742 Est
1525 4691 1653 4745 illud
1685 4707 1876 4746 saxum
1907 4693 1959 4746 in
1990 4709 2053 4747 ea

2164 4684 2256 4737 τὸν
2289 4684 2451 4738 τόπον
2473 4685 2699 4751 ἐκεῖνον,
2724 4684 2742 4758 [
2763 4685 2874 4756 (29)
2897 4685 3011 4740 ἀλλ’
3035 4685 3157 4740 οῦτε
3183 4687 3497 4756 ἀναγνῶναι
3519 4686 3574 4737 τὸ
3593 4683 3737 4749 ὄνομα

467 4778 766 4834 solitudine
809 4781 976 4835 situm
1029 4779 1120 4834 ubi
1177 4795 1302 4834 area
1351 4781 1584 4851 primum
1633 4784 1862 4848 exstitit,
1914 4785 2058 4840 inter

466 4871 592 4928 illos
627 4881 865 4936 montes,
909 4874 959 4926 in
1014 4873 1214 4942 quibus
1247 4873 1451 4938 Aaron,
1491 4889 1555 4928 ac
1603 4875 1818 4947 Moyses
1845 4877 2054 4948 jaceat.

463 4965 643 5021 Noctu
681 4983 810 5022 vero
847 4967 1020 5023 nubes
1065 4969 1183 5022 loco
1232 4969 1307 5024 illi
1356 4971 1532 5024 instar
1565 4971 1706 5041 ignis
1752 4971 2053 5038 incumbit;

467 5059 537 5113 ad
581 5074 772 5113 eorum
819 5059 1260 5124 similitudinem,
1305 5077 1427 5133 qua:
1471 5065 1670 5132 priscis
1717 5066 2056 5136 temporibus

467 5151 809 5213 acciderunt,
851 5158 910 5206 ut
941 5153 1072 5206 illud
1108 5154 1476 5224 significetur,
1519 5155 1610 5211 Dei
1651 5158 1880 5222 gloriam
1912 5174 2054 5212 nuit-

465 5260 629 5313 quam
657 5259 685 5297 a
719 5243 836 5312 lege
874 5258 973 5297 sua
1007 5258 1377 5300 recessuram.

539 5531 654 5600 (9.5)
693 5531 799 5598 Γρ.
831 5532 1045 5600 ταφαῖς.

685 5597 788 5670 Γρ.
819 5597 894 5671 δι’¹
915 5597 1094 5653 αὐτόν.

561 5673 651 5719 ειῖἢ
686 5676 786 5719 I‘n-
821 5689 916 5719 του
952 5673 1094 5719 γένοι

561 5669 651 5739 2ῑῆ
685 5676 787 5738 ι’ρ.
821 5669 916 5725 του
952 5673 1143 5740 γένους
1169 5669 1275 5724 τῶν
1299 5671 1556 5724 ἀσπίδιον.

542 5743 655 5801 (‘26)
686 5746 789 5810 Γρ.
822 5743 891 5814 τὰ
919 5742 1103 5814 θηρία.

541 5816 655 5878 (τὶῗ)
687 5815 734 5864 Γ
729 5831 789 5880 ρ.
824 5811 1020 5883 βρέφος
1051 5811 1299 5883 θεοειδές.

544 5885 654 5952 (23)
682 5881 833 5952 Αιιε.⁷
853 5881 971 5948 Τὴν
990 5883 1057 5936 δὲ
1085 5882 1333 5937 κιϐωτὸν
1364 5883 1588 5948 ταύτην
1619 5883 1817 5947 οὐδεὶς
1845 5881 2057 5936 ἐκϐάλ-

480 5958 586 6018 λει,
607 5956 659 6006 εἰ
684 5952 770 6022 μὴ
801 5952 1046 6026 ’Aapc‘or,
1076 5957 1169 6010 καί
1199 5953 1303 6023 τὰς
1324 5954 1392 6008 ἐν
1419 5952 1574 6024 αὐτῇ
1597 5954 1832 6024 πλάκας
1857 5954 2057 6020 οὐδεὶς

2165 4778 2270 4841 ἕως
2303 4778 2403 4848 τῆς
2449 4778 2665 4850 ἡμέρας
2696 4779 2932 4849 ταύτης,
2981 4773 3110 4852 καὶ]
3166 4780 3272 4840 ἕως
3303 4780 3408 4850 τῆς
3461 4773 3738 4833 συντελείας

2166 4869 2487 4942 τοῦμίῶνος
2522 4872 2733 4925 τούτου.
2769 4872 2876 4924 Καὶ
2905 4871 3053 4926 ἔστιν
3081 4873 3113 4944 ἡ
3149 4872 3328 4945 πέτρα
3374 4876 3432 4927 ὲν
3461 4875 3524 4942 τῇ
3552 4871 3738 4941 ἐρήμων

2165 4962 2349 5032 δπουὴ
2374 4959 2605 5025 κιϐωτὸς
2629 4959 2844 5032 πρῶτον
2867 4960 3079 5029 γέγονε,
3100 4962 3306 5032 μεταξὺ
3331 4962 3442 5015 τῶν
3463 4960 3555 5015 δύο
3572 4957 3737 5030 ὀρέων,

2166 5055 2224 5106 ἐν
2250 5049 2331 5116 οἷς
2355 5057 2562 5108 κεῖνται
2593 5055 2795 5124 Μωσῆς
2826 5055 2919 5108 καὶ
2962 5054 3192 5120 Ἀαρών.
3265 5057 3359 5109 Ἐν
3387 5055 3443 5109 δὲ
3470 5057 3588 5116 ταῖς
3615 5048 3741 5112 νυᾷν

2166 5143 2361 5214 νεφέλη
2389 5144 2464 5206 ὼς
2502 5143 2615 5216 πῦρ
2647 5145 2856 5212 γίνεται
2900 5146 2958 5197 ὲν
2986 5145 3065 5215 τῷ
3088 5147 3237 5218 τόπῳ
3272 5147 3478 5218 ἐκείνῳ
3510 5143 3644 5198 κατὰ
3665 5139 3742 5191 τὶν

2165 5236 2333 5289 τύπον
2373 5235 2480 5289 τῶν
2510 5237 2773 5307 ἀρχαίων,
2815 5238 2896 5290 ὅτι
2927 5237 2988 5291 οὐ
3030 5240 3104 5310 μὴ
3133 5239 3413 5294 παύσεται
3447 5243 3479 5312 ἡ
3521 5237 3639 5302 δόξα
3663 5229 3743 5286 τοῦ

2165 5327 2300 5380 Θεοῦ
2333 5329 2399 5381 ἐκ
2426 5328 2520 5382 τοῦ
2546 5330 2714 5401 νόμου
2743 5329 2910 5384 αὑτοῦ
2937 5330 3073 5402 (50).

2164 5523 2545 5598 ἀιςαπτύσσει
2581 5524 2784 5593 ἱερέων
2830 5525 2866 5593 ἣ
2923 5526 3287 5595 προφητῶν,
3345 5531 3400 5582 εἱ
3447 5527 3531 5598 μὴ
3630 5523 3744 5577 Μω-

2164 5597 2304 5656 σης,
2339 5597 2442 5643 etc.

2384 5665 2624 5738 Aberant
2661 5668 2773 5738 lure
2809 5668 2877 5720 ab
2907 5679 3247 5738 Augustano.

2090 5785 2095 5793 ,
2189 5734 2355 5810 ‘_{50)_
2384 5736 2613 5810 Athgust.
2647 5737 2796 5810 addit
2829 5758 2841 5792 :
2883 5734 3221 5810 Κᾳῖἕδωκεν
3254 5741 3282 5793 6
3309 5739 3445 5802 Θεὸς
3477 5738 3554 5810 τῷ
3600 5736 3743 5804 Ἰερε-

2167 5805 2266 5880 piat
2295 5805 2473 5880 χάριν.
2509 5806 2595 5859 ἵνα
2616 5806 2678 5859 τὸ
2705 5807 2852 5880 ἔλεος
2877 5808 2968 5861 τοῦ
3009 5810 3311 5880 μυστηρίου
3337 5811 3506 5874 αὐτὸς
3529 5805 3742 5875 ποιήσῃ.

2163 5875 2296 5928 ὅπου
2327 5875 2549 5944 γένηται
2579 5877 2836 5941 κοινωνὸς
2867 5875 3167 5943 Μωῦσέως.
