3988 6478
300 487 391 546 illi

1359 488 1559 544 LIBER
1602 490 1690 545 DE
1731 487 1912 545 VlTlS
1952 489 2492 547 PRGPiiE'I'ARUM.

3454 479 3559 538 4οΞ

312 599 537 668 Ὀτβίυς
568 600 679 655 τοῦ
719 597 994 669 Ἰεζέκιὴλ
1035 596 1345 667 προφήτου
1388 600 1485 653 καί
1517 599 1635 653 ποῦ
1676 597 1879 652 κεῖται.

2006 598 2122 654 Vita
2150 598 2443 654 Ezechielis
2469 595 2753 668 propheta,
2781 602 2829 649 et
2856 609 2954 665 quo
2980 596 3034 649 in
3066 593 3177 651 loco
3208 594 3439 662 sepultus
3470 594 3562 649 sit.

356 691 433 745 ϐ’.
461 690 722 762 Ἰεζεκιὴλ
741 693 769 745 6
786 691 1068 762 προφήτης
1086 689 1198 754 υίὸς
1215 688 1412 760 Βουζῆ.
1432 682 1602 754 Οὗτος
1618 685 1685 762 ἦν
1698 691 1762 743 ἐκ
1773 689 1879 761 γῆς

303 780 523 852 Σαρηρὰ
555 781 619 833 ἐκ
652 778 759 832 τῶν
789 777 919 832 υίῶν
951 777 1060 831 τῶν
1100 778 1423 851 ἀρχιερέων,
1467 780 1701 850 Λευΐτης
1722 798 1736 810 ·
1774 782 1880 834 ἀπ-

303 871 456 925 έθανε
477 870 535 923 δὲ
556 872 617 924 ἐν
643 873 709 941 τῇ
730 872 801 941 γῇ
827 868 933 923 τῶν
951 870 1229 925 Χαλδαίων
1247 871 1338 924 ἐπὶ
1358 870 1455 942 τῆς
1480 870 1878 941 αἰχμαλωσίας,

301 961 468 1016 πολλὰ
503 962 890 1034 προφητεύσας
931 963 1060 1034 περὶ
1089 963 1190 1033 τῆς
1232 961 1568 1034 ἐπιστροφῆς
1598 962 1692 1016 τοῦ
1723 962 1879 1027 λαοῦ,

302 1056 392 1109 καὶ
424 1055 556 1127 περὶ
583 1054 687 1125 τῆς
707 1054 963 1108 ἐπανόδου
986 1053 1098 1107 τῶν
1120 1053 1252 1107 υἱῶν
1271 1053 1509 1126 Ἰσραὴλ,
1543 1054 1636 1108 καὶ
1657 1054 1759 1125 τῆς
1784 1053 1880 1108 τοῦ

302 1143 506 1216 Κυρίου
532 1143 854 1216 παρουσίας.
904 1141 1218 1197 ’Δπέκτεινε
1251 1142 1309 1196 δὲ
1340 1142 1501 1196 αὑτὸν
1526 1145 1554 1197 6
1581 1142 1882 1214 ἡγούμενος

302 1236 392 1290 τοῦ
416 1234 547 1290 λαοῦ
573 1237 634 1289 ἐν
667 1237 733 1307 τῇ
765 1234 1029 1308 παροικίᾳ
1054 1233 1221 1287 αὐτοῦ
1249 1235 1308 1286 ἐν
1335 1233 1630 1296 Βαϐυλῶνι,
1661 1233 1881 1305 ἐλεγχό-

304 1343 461 1398 μενος
480 1326 573 1379 ύπ’
599 1324 764 1379 αὑτοῦ
793 1325 886 1377 ἐπὶ
914 1323 1149 1378 εἰδώλων
1176 1322 1506 1395 σεϐάσμασι.
1534 1324 1646 1377 Καὶ
1672 1322 1881 1394 ἔθαψαν

300 1418 463 1473 αὑτὸν
494 1420 552 1473 ἐν
581 1418 659 1489 τῷ
690 1416 847 1488 ἀγρῷ
871 1418 1087 1489 Μαοὺρ,
1121 1417 1180 1470 ἐν
1215 1414 1292 1486 τῷ
1315 1417 1473 1487 τάφῳ
1500 1415 1624 1485 Σὴμ
1646 1414 1883 1486 καὶἈρ-

304 1509 478 1580 φαξάδ
497 1508 748 1581 πατέρων
761 1507 1041 1580 ’Δϐραάψ
1066 1508 1161 1562 καὶ
1182 1507 1329 1562 ἐστιν
1347 1510 1377 1562 6
1396 1508 1568 1577 τάφος
1587 1508 1692 1570 ἕως
1713 1508 1779 1577 σή
1789 1523 1884 1576 με⁸

304 1616 395 1667 ρον
428 1598 692 1670 σπήλαιον
719 1598 960 1653 διπλοῦν.
994 1599 1107 1652 Καὶ
1132 1598 1242 1669 γὰρ
1279 1598 1534 1670 Ἀϐραὰμ
1563 1598 1621 1652 ἐν
1655 1595 1883 1668 Χεϐρὼν

305 1688 438 1758 πρὸς
464 1689 562 1759 τὴν
581 1689 874 1761 ὁμοιότητα
902 1688 1067 1742 αὑτοῦ
1093 1687 1350 1758 ἐποίησεν
1370 1687 1461 1741 τὸν
1486 1686 1657 1755 τάφον
1668 1686 1886 1757 Σάρρας

304 1780 400 1849 τῆς
425 1780 681 1849 γυναικὸς
704 1780 891 1834 αὐτοῦ.
924 1778 1156 1833 Διπλοῦν
1186 1779 1245 1833 δὲ
1273 1778 1514 1847 λέγεται,
1543 1778 1627 1832 ὃτι
1657 1778 1885 1850 όρυκτόν

307 1874 444 1937 ἐστι,
469 1872 565 1925 καὶ
594 1870 911 1943 ἀπόκρυφον
935 1870 996 1937 ἐξ
1026 1870 1306 1933 ἐπιπέδου,
1329 1870 1423 1924 καί⁵
1452 1866 1706 1940 ὑπερῷον
1736 1869 1885 1922 ἐστιν

2062 692 2155 747 ιχ.
2186 691 2438 747 Ezechiel
2479 689 2741 762 propheta
2790 688 2933 743 [ilius
2964 685 3093 740 Buzi
3141 700 3206 742 ex
3242 700 3373 756 agro
3403 683 3565 739 Sare-

1987 795 2124 839 rano
2164 780 2441 853 pontiﬁcia
2481 780 2649 849 stirpe
2697 777 2984 840 oriundus,
3015 791 3081 831 ac
3109 776 3254 830 tribu
3300 774 3563 839 Levitica.

1989 874 2043 927 in
2077 871 2331 928 Chaldaaa
2370 870 2703 941 captivitatis
2747 879 2989 937 tempore
3020 875 3268 922 mortuus
3303 875 3407 927 est,
3441 882 3567 920 cum

1989 963 2160 1019 multa
2200 963 2268 1019 de
2312 964 2671 1018 conversione
2718 960 2925 1031 populi,
2975 958 3152 1028 deque
3195 955 3567 1013 lsraelitarum

1989 1053 2192 1120 reditu,
2246 1069 2311 1107 ac
2369 1051 2586 1107 Domini
2642 1050 2878 1106 adventu
2923 1049 3284 1121 praedixisset.
3340 1044 3572 1103 Occisus

1988 1155 2074 1201 est
2121 1146 2397 1218 Babylone
2450 1160 2481 1199 a
2534 1144 2675 1201 duce
2721 1144 2929 1215 populi,
2975 1142 3031 1198 in
3064 1157 3129 1198 ea
3180 1141 3436 1208 statione,
3483 1139 3573 1194 eui

1989 1245 2225 1307 praeerat
2257 1255 2271 1292 :
2320 1251 2445 1292 cum
2480 1237 2659 1306 ipsum
2701 1236 2968 1307 propheta
3005 1234 3073 1290 de
3112 1233 3383 1288 idolorum
3415 1232 3570 1286 cultu

1990 1331 2361 1402 redargueret.
2397 1330 2655 1401 Sepultus
2678 1328 2874 1384 deinde
2901 1327 2955 1382 in
2990 1342 3123 1398 agro
3150 1324 3328 1391 Maur,
3363 1324 3418 1379 in
3456 1338 3574 1378 mo-

1992 1430 2250 1478 numento
2296 1421 2421 1477 Sem
2460 1429 2515 1477 et
2557 1418 2849 1490 Arphaxad
2901 1418 3172 1489 majorum
3224 1415 3571 1471 Ahrahami:

1990 1525 2044 1570 et
2099 1514 2370 1585 hodieque
2410 1512 2726 1584 sepulcrum
2760 1510 2909 1566 istud
2941 1510 3141 1565 visitur
3174 1509 3434 1579 spelunca
3467 1507 3574 1561 du-

1994 1606 2145 1676 plici.
2171 1605 2306 1659 Nam
2338 1604 2685 1660 Abrahamus
2716 1602 2784 1658 ad
2818 1602 2939 1673 ejus
2980 1600 3395 1658 similitudinem
3425 1598 3576 1655 Sara:

1992 1696 2249 1766 conjugis
2287 1696 2599 1765 sepulcrum
2624 1692 2911 1748 Chebrone
2933 1688 3263 1746 construxit.
3292 1687 3418 1743 ideo
3443 1701 3575 1743 vero

1993 1788 2192 1859 duplex
2225 1787 2547 1858 appellatur,
2587 1784 2734 1855 quod
2782 1791 3102 1838 excavatum
3145 1780 3252 1846 sit,
3297 1784 3462 1849 atque
3506 1793 3572 1833 ex

1995 1858 2222 1950 planitie
2254 1875 2637 1941 reconditum;
2675 1881 2789 1929 tum
2833 1858 2971 1928 cella
3003 1879 3089 1927 est
3110 1885 3139 1924 a
3172 1869 3411 1929 terrain
3440 1882 3576 1923 saxo

304 1963 398 2015 ἐπὶ
442 1963 546 2032 γῆς
583 1964 642 2017 ὲν
673 1963 851 2034 πέτρᾳ
882 1962 1253 2035 κρεμάμενον.
1302 1955 1470 2025 Οὗτος
1493 1956 1587 2014 οῦν
1614 1960 1644 2012 6
1676 1959 1886 2030 atpoqrh~

2006 1985 2283 2041 suspensa.
2313 1969 2584 2025 Caeterum
2636 1965 2781 2023 idem
2817 1965 2909 2020 ille
2954 1963 3220 2034 propheta
3264 1960 3464 2032 populo
3503 1959 3578 2014 si-

305 2068 404 2124 της
442 2052 609 2124 τέρας
646 2052 814 2108 ἔδωκε
859 2054 938 2125 τῷ
971 2053 1107 2124 λαῷ,
1150 2053 1294 2107 ὥστε
1332 2052 1622 2125 προσέχειν
1669 2051 1749 2121 τῷ
1789 2067 1888 2103 πο-

306 2144 468 2216 ταμῷ
504 2144 712 2217 Χοϐὰρ,
744 2146 824 2200 ὅτι
849 2147 977 2201 ὅταν
1000 2144 1228 2218 ἐκλείπῃ
1259 2144 1320 2198 τὸ
1354 2143 1499 2214 ὕδωρ
1526 2141 1715 2205 αὐτοῦ,
1740 2139 1893 2194 ἐλπί-

306 2234 423 2299 ζειν
458 2235 522 2289 τὸ
547 2235 818 2305 δρέπανον
840 2235 940 2305 τῆς
966 2234 1301 2307 ἐρημώσεως
1329 2235 1409 2298 εἰς
1431 2233 1606 2304 πέρας
1628 2232 1730 2301 τῆς
1756 2230 1889 2302 γῆς’

309 2327 404 2382 καὶ
426 2327 554 2381 ὅταν
584 2327 948 2399 πλημμυρίσῃ
971 2326 1136 2381 αὑτοῦ
1164 2325 1227 2380 τὸ
1260 2324 1430 2397 ὕδωρ,
1458 2324 1559 2395 τὴν
1592 2326 1674 2387 εἰς
1701 2324 1895 2393 Ἰερου-

311 2415 491 2489 σαλὴμ
519 2418 778 2471 ἐπάνοδον
802 2417 984 2473 αὐτῶν
1019 2415 1263 2488 σημαίνῃ
1280 2432 1293 2447 ο
1321 2415 1350 2470 ὂ
1379 2416 1475 2469 καὶ
1500 2414 1745 2484 γέγονεν.
1781 2411 1896 2467 Καὶ

310 2511 390 2572 εἰς
421 2509 528 2579 γῆν
568 2508 679 2563 τῶν
711 2508 921 2580 Συρίων
956 2510 1134 2562 κεῖται
1165 2508 1195 2560 6
1224 2508 1391 2570 ὅσιος,
1421 2505 1517 2559 καὶ
1549 2504 1734 2559 πολλοὶ
1759 2503 1896 2575 πρὸς

308 2601 399 2654 τὸν
436 2601 606 2670 τάφον
643 2600 807 2656 αὐτοῦ
836 2598 1286 2670 συνεστρέφοντο,
1324 2598 1418 2651 ἐπὶ
1465 2596 1773 2668 προσευχὴν
1801 2596 1897 2649 καὶ

312 2691 543 2747 ἱκεσίαν.
599 2690 709 2745 Καί
742 2708 874 2745 ποτε
899 2690 1138 2763 πλήθους
1163 2688 1273 2743 τῶν
1312 2688 1588 2742 Ἰουδαίων
1611 2685 1896 2740 συνελθόν-

309 2803 399 2848 τος
428 2786 548 2838 ἐκεῖ
574 2784 669 2837 ἐπὶ
696 2783 797 2856 τὴν
831 2783 1050 2855 μνήμην
1080 2779 1268 2844 αὐτοῦ,
1295 2779 1531 2843 δεδιότες
1557 2780 1606 2832 οἰ
1642 2777 1898 2831 Χαλδαῖοι

312 2877 388 2949 μὴ
418 2875 717 2947 ἁντάρωσι,
761 2875 985 2947 ἔμελλον
1029 2873 1282 2928 ἐπελθεῖν
1312 2872 1493 2927 αὐτῶν
1533 2871 1626 2925 καὶ
1656 2871 1899 2943 ἀναιρεῖν

309 2965 527 3030 αὐτούς.
558 2966 847 3037 Ἐποίησεν
868 2964 926 3019 δὲ
950 2966 979 3018 6
996 2963 1286 3035 προφήτης
1310 2962 1626 3033 utﬁt/6M3”
1660 2960 1723 3014 τὸ
1755 2960 1900 3031 ὕδωρ

308 3057 404 3112 τοῦ
447 3055 717 3127 ποταμοῦ,
757 3056 844 3110 ῐνα
887 3053 1198 3123 ἐκφύγωσιν
1226 3054 1276 3107 οἱ
1315 3054 1423 3106 υἱοὶ
1461 3051 1702 3123 Ἰσραὴλ,
1729 3051 1811 3115 εἰς
1840 3048 1902 3104 τὺ

311 3149 483 3218 πέραν
526 3147 822 3217 γινόμενοι.
870 3145 935 3199 Οἱ
986 3144 1043 3198 δὲ
1084 3142 1456 3215 τολμήσαντες
1504 3141 1595 3195 τὸν
1626 3140 1753 3195 λαὸν
1781 3142 1902 3194 ἐπι-

310 3240 519 3306 ῐιῶξαι,
545 3238 721 3293 ὀπίσω
748 3236 930 3293 αὐτῶν
958 3234 1484 3306 κατεποντίσθησαν.
1519 3227 1690 3296 Οὗτος
1714 3233 1745 3285 6
1769 3249 1902 3304 προ-

312 3332 488 3401 φήτης
508 3305 606 3382 διὰ
637 3326 950 3400 προσευχῆς
985 3325 1309 3399 αὐτομάτως
1336 3305 1521 3388 αὐτοῖς
1546 3321 1746 3394 δαψιλῆ
1769 3338 1899 3395 τρο-
1926 3305 1971 3362 (ἶ

316 3422 421 3491 φὴν
454 3419 655 3491 ἰχθύων
697 3418 1025 3492 παρέσχετο,
1058 3419 1143 3472 ὅτι
1187 3415 1333 3487 λιμῷ
1369 3413 1761 3487 διεφθείροντο,
1800 3412 1899 3468 καὶ

326 3513 393 3564 ἐκ
416 3512 501 3565 τοῦ
532 3510 775 3583 πλήθους
812 3510 921 3564 τῶν
965 3507 1164 3581 ἰχθύων
1214 3507 1604 3579 διετράφησαν,
1643 3505 1740 3559 καὶ
1772 3502 1904 3557 πολ-

326 3602 434 3666 λοῖς
487 3603 835 3657 ἐκλείπουσιν
904 3601 1049 3673 ζωὴν
1112 3599 1287 3655 ἐλθεῖν
1353 3602 1420 3654 ἐκ
1469 3597 1605 3653 Θεοῦ
1660 3597 1907 3668 παρεκά-

319 3694 491 3747 λεσεν.
520 3689 690 3758 Οὗτος
724 3695 753 3747 6
781 3693 1087 3766 προφήτης,
1116 3689 1492 3763 ἀπολλυμένου
1515 3688 1614 3744 τοῦ
1640 3688 1773 3743 λαοῦ
1798 3688 1906 3742 ὑπὸ

317 3788 426 3843 τῶν
459 3787 691 3860 ἐχθρῶν,
736 3785 979 3859 προέστη
1014 3784 1135 3855 (32)
1182 3785 1298 3848 τοῖς
1333 3782 1663 3853 ἡγουμένοις
1703 3781 1904 3845 αὐτῶν,

313 3884 413 3937 καὶ
453 3879 868 3952 παρηνόχλησεν
903 3879 1101 3942 αὐτοὺς
1127 3876 1217 3932 διὰ
1242 3875 1541 3948 τερατίων·
1598 3876 1695 3930 καὶ
1741 3874 1910 3945 φοϐη-

317 3975 506 4038 θέντες
536 3973 846 4028 ἐπαύσαντο
886 3973 938 4027 οἰ
976 3971 1248 4044 πολέμιοι.
1311 3970 1448 4025 Τότε
1476 3968 1660 4038 ἔλεγεν
1691 3969 1770 4039 τῷ
1794 3966 1910 4039 λαῷ

316 4070 348 4121 ὁ
376 4066 662 4136 Ἰεζεκιὴλ,
681 4066 767 4119 ὅτι
794 4062 1354 4134 Διαπεφωνήκαμεν,
1376 4060 1649 4116 ἀπώλετο
1675 4062 1713 4128 ἠ
1734 4058 1912 4126 ἐλπὶς

318 4157 532 4229 ἠμῶνσ
563 4157 659 4210 καὶ
690 4158 748 4209 ἐν
787 4156 981 4228 τέρασι
1018 4153 1128 4209 τῶν
1166 4153 1366 4209 ὀστέων
1392 4152 1501 4207 τῶν
1529 4150 1737 4222 νεκρῶν
1759 4149 1908 4203 ἐπει-

322 4266 417 4302 σεν
448 4248 664 4310 αὐτοὺς,
694 4249 780 4301 ὅτι
809 4247 957 4301 ἐστιν
986 4245 1141 4310 ἐλπὶς
1185 4244 1264 4317 τῷ
1286 4243 1524 4316 Ἰσραὴλ,
1563 4244 1659 4298 καὶ
1685 4235 1787 4295 ὦδε
1817 4240 1913 4295 καὶ

321 4340 383 4392 ἐν
408 4337 487 4407 τῷ
509 4337 756 4407 μέλλοντι
775 4337 952 4391 αἰῶνι.
1008 4329 1178 4401 Οὗτος
1206 4338 1323 4391 ἐκεῖ
1348 4335 1423 4391 ῶν
1449 4337 1509 4389 ἐν
1535 4337 1601 4406 τῇ
1626 4332 1784 4406 χώρᾳ
1803 4332 1913 4389 τῶν

321 4428 631 4494 Χαλδαίων,
664 4430 1011 4501 ⁴ἡρμήνευσεν
1047 4426 1125 4498 τῷ
1157 4426 1273 4497 λαῷ
1304 4426 1485 4480 πάντα
1516 4424 1586 4479 τὰ
1615 4424 1674 4477 ἐν
1713 4424 1915 4493 Ἰερου-

328 4520 517 4591 σαλὴμ
544 4521 639 4574 καὶ
679 4523 736 4573 ἐν
766 4520 841 4590 τῷ
871 4519 984 4589 ναῷ
1017 4519 1298 4590 γινόμενα.
1329 4510 1497 4581 Οὗτος
1530 4515 1581 4588 [6
1604 4511 1913 4590 προφήτης]

1994 2078 2161 2135 gnum
2185 2061 2390 2127 edidit;
2418 2068 2471 2115 et
2493 2058 2799 2115 Chobarem
2826 2054 3052 2111 ﬂuvium
3077 2055 3371 2109 observare
3387 2050 3577 2122 jussit.

1994 2154 2131 2210 Cum
2160 2156 2307 2209 enlm
2344 2153 2393 2207 is
2420 2149 2732 2213 defecisset,
2778 2154 2893 2202 tum
2940 2144 3274 2219 sperandum
3335 2142 3470 2206 fore,
3500 2141 3579 2195 uti

1994 2244 2353 2304 desolationis
2407 2242 2518 2298 falx
2570 2242 2637 2297 ad
2689 2248 2937 2297 extrema
2991 2248 3155 2295 terra:
3210 2236 3579 2307 pervaderet:

1995 2353 2231 2410 eumque
2274 2338 2422 2393 illius
2471 2334 2806 2391 exundasset
2849 2349 3012 2404 aqua,
3055 2332 3292 2389 reditum
3331 2332 3579 2402 ipsorum

1997 2431 2063 2486 ad
2096 2430 2601 2500 Hierosolymorum
2632 2426 2821 2482 urbem
2847 2439 2914 2482 eo
2940 2425 3094 2496 signo
3123 2422 3395 2495 portendi.
3423 2420 3581 2488 Quod

1998 2524 2094 2588 ita,
2123 2528 2184 2577 ut
2227 2520 2574 2592 praedixerat,
2600 2518 2803 2573 evenit.
2842 2515 2994 2572 Jacet
3033 2524 3213 2571 autem
3242 2515 3324 2571 vir
3356 2519 3582 2569 sanctus

1998 2616 2055 2670 in
2109 2615 2376 2687 Syrorum
2411 2612 2658 2684 regione,
2710 2627 2774 2666 ac
2811 2611 2967 2666 multi
3002 2611 3124 2680 ejus
3152 2608 3218 2664 ad
3268 2607 3582 2678 sepulcrum

1998 2708 2269 2766 orationis
2317 2722 2487 2763 causa
2534 2706 2812 2763 conﬂuere
2866 2707 3135 2762 solebant.
3182 2702 3430 2773 Cumque
3480 2699 3588 2755 fre-

1999 2818 2175 2874 quens
2212 2799 2521 2856 Judteorum
2575 2799 2688 2853 illic
2739 2797 2807 2853 ad
2852 2797 3027 2868 ipsius
3074 2793 3396 2850 memoriam
3453 2808 3587 2846 con-

2000 2910 2198 2952 cursus
2235 2900 2382 2950 esset
2429 2890 2727 2963 aliquando
2762 2889 2938 2946 factus
2961 2928 2976 2952 ,
3012 2887 3173 2957 veriti
3230 2882 3469 2940 Chaldaei
3521 2896 3589 2937 ne

2001 2994 2194 3043 contra
2240 3001 2301 3042 se
2349 2990 2771 3056 consurgerent,
2810 2980 3226 3052 impressionem
3273 2977 3327 3031 in
3373 2990 3468 3031 eos
3505 2971 3584 3027 ln-

2001 3093 2160 3141 cere,
2203 3085 2366 3149 atque
2417 3076 2725 3133 interﬁcere
2771 3073 3143 3129 decreverant.
3188 3068 3256 3122 At
3309 3066 3585 3138 prophelze

2002 3166 2266 3237 beneﬁcio
2293 3166 2537 3220 ﬂuminis
2569 3177 2711 3233 aqua
2742 3160 3011 3219 constitit,
3056 3166 3116 3212 ut
3154 3155 3420 3212 lsraclitae
3447 3155 3585 3208 ulte-

2002 3259 2205 3313 riorem
2240 3257 2296 3311 in
2332 3257 2507 3326 ripam
2566 3253 3005 3309 transmittentes
3035 3249 3347 3305 evaderent.
3381 3246 3459 3301 Ex
3491 3246 3590 3300 lao-

2006 3348 2186 3405 stibus
2233 3346 2328 3418 qui
2385 3345 2682 3417 fugientem
2721 3341 2982 3415 populum
3006 3339 3125 3396 ausi
3151 3346 3281 3394 sunt
3311 3336 3590 3409 persequi,

2005 3455 2148 3514 pone
2177 3439 2356 3512 ipsum
2387 3435 2623 3494 demersi
2652 3443 2803 3493 sunt.
2832 3434 2915 3490 Ad
2942 3434 3057 3489 [me
3095 3430 3362 3503 propheta
3397 3436 3593 3500 sponte

2006 3532 2279 3605 susceptis
2306 3530 2564 3603 precibus
2594 3514 2929 3585 uberrimam
2961 3523 3194 3598 piscium
3219 3524 3429 3594 copiam
3457 3536 3594 3592 sup-

2005 3625 2259 3699 peditans
2292 3621 2436 3678 fame
2466 3621 2581 3693 jam
2614 3617 2897 3677 confectos
2921 3618 3090 3685 aluit;
3118 3632 3183 3671 ac
3212 3613 3595 3671 deﬁcientibus

2007 3717 2285 3789 plerisque
2321 3729 2351 3769 a
2387 3712 2497 3769 Deo
2546 3714 2713 3768 vitam
2750 3710 3085 3782 impetrarit.
3130 3707 3300 3773 Idem,
3334 3719 3459 3761 eum
3499 3719 3597 3774 po-

2007 3806 2169 3878 pulus
2214 3804 2284 3859 ab
2325 3803 2577 3859 hostibus
2621 3800 3028 3872 opprimeretur
3056 3838 3071 3862 ,
3117 3797 3313 3852 horum
3365 3794 3597 3850 ducibus

2010 3897 2275 3962 occurrit,
2302 3911 2366 3951 ac
2404 3894 2676 3966 prodigiis
2722 3890 3151 3965 perterrefactos
3206 3889 3472 3945 desistere
3514 3902 3599 3941 Cu-

2008 3991 2141 4061 egit.
2175 3989 2279 4044 Per
2320 3987 2454 4042 illud
2505 3993 2724 4055 tempus
2759 3983 3012 4039 Ezechiel
3035 3981 3111 4037 ita
3147 3981 3406 4052 populum
3456 3979 3597 4034 allo-

2010 4092 2173 4138 cutus
2209 4086 2294 4137 est
2327 4098 2341 4135 :
2373 4078 2821 4148 Desperarimus;
2857 4076 3016 4145 periit
3061 4088 3176 4142 spes
3209 4081 3394 4128 nostra
3428 4072 3465 4126 ⁸.
3502 4069 3599 4124 At-

2012 4188 2119 4244 que
2147 4187 2212 4228 ex
2249 4177 2591 4226 mortuorum
2620 4168 2829 4224 ossium
2868 4164 3117 4236 prodigio
3144 4164 3421 4235 persuasit
3447 4163 3555 4218 illis
3579 4202 3597 4223 .

2013 4262 2198 4321 lsraeli
2229 4278 2354 4318 cum
2384 4262 2493 4327 hic,
2523 4271 2635 4315 tum
2679 4260 2734 4314 in
2767 4258 2953 4312 futura
2984 4256 3093 4313 vita
3130 4269 3282 4326 spem
3317 4269 3437 4310 esse
3466 4267 3598 4323 pro—

2014 4354 2267 4424 positam.
2298 4349 2403 4417 Qui
2445 4363 2569 4403 cum
2622 4348 2677 4402 in
2713 4344 2969 4402 Chaldaea
3008 4342 3123 4399 illic
3172 4351 3343 4405 esset,
3396 4338 3601 4396 nihilo-

2016 4443 2199 4497 minus
2233 4456 2355 4511 quae
2383 4438 2777 4510 Hierosolymis
2818 4436 2875 4492 in
2908 4434 3113 4505 templo
3170 4433 3372 4489 liebant
3414 4433 3601 4487 omnia

2018 4532 2220 4603 populo
2248 4532 2554 4586 nuntiabat.
2587 4528 2856 4583 Praeterea
2885 4541 2953 4581 ex
2982 4524 3175 4580 eadem
3213 4522 3600 4577 Chaldaeorum

326 4614 559 4685 ἡρπάγη
583 4614 648 4666 ἐκ
669 4613 771 4684 τῆς
801 4610 983 4682 χώρας
1010 4610 1119 4666 τῶν
1147 4609 1452 4675 Χαλδαίων,
1482 4610 1578 4664 καὶ
1610 4598 1811 4680 ἠνέχθη
1834 4607 1902 4671 εἰς

2020 4598 2241 4691 regione
2270 4627 2480 4691 raptus,
2515 4626 2570 4673 et
2612 4616 2990 4688 Hierosolyma
3024 4621 3435 4684 tranSportatus
3479 4620 3601 4667 est.

339 4702 728 4773 Ἰερουσαλὴμ,
780 4704 860 4765 εἰς
899 4700 1118 4772 ἔλεγχον
1164 4701 1272 4755 τῶν
1320 4700 1586 4755 ἀπίστων.
1650 4692 1819 4761 οὗτος
1864 4696 1914 4769 [6

341 4790 632 4863 Ἰεζεκιὴλ]
664 4787 774 4845 εἶδε
798 4791 940 4845 κατὰ
978 4791 1069 4845 τὸν
1106 4789 1307 4861 Muto-qv
1326 4791 1419 4844 τὸν
1453 4790 1617 4845 τόπον
1649 4789 1748 4843 τοῦ
1785 4787 1918 4845 ναοῦ

329 4882 566 4954 Κυρίου,
598 4882 659 4936 τὸ
695 4882 875 4954 τεῖχός
903 4900 964 4936 τε
998 4883 1194 4949 πλατὺ,
1229 4880 1413 4943 καθὼς
1441 4864 1717 4936 εἶπενκαί
1744 4882 1773 4935 6
1815 4883 1920 4934 Δα-

328 4976 478 5044 νιὴλ,
504 4976 585 5029 ὅτι
617 4975 993 5044 κτισθήσεται.
1017 4966 1182 5037 Οὗτος
1206 4975 1262 5026 ἐν
1286 4972 1565 5027 Βαϐυλῶνι
1586 4972 1801 5043 ἔκρινεν
1820 4971 1920 5043 τὴν

331 5063 514 5133 φυλὴν
553 5063 656 5117 Δάν
688 5065 785 5117 καὶ
826 5062 956 5125 Γὰδ,
991 5063 1075 5116 ὅτι
1113 5062 1343 5132 ἠσέϐουν
1378 5060 1516 5133 πρὸς
1561 5061 1653 5114 τὸν
1694 5060 1918 5133 Κύριον,

332 5152 626 5215 διώκοντες
638 5154 765 5216 τοὺς
786 5152 878 5207 τὸν
893 5152 1057 5223 νόμον
1085 5151 1458 5221 φυλάσσοντας
1471 5149 1604 5220 (55),
1624 5151 1719 5204 καί
1736 5149 1922 5221 ἐποίη-

335 5260 431 5296 σεν
460 5243 643 5306 αὐτοῖς
689 5243 857 5313 τέρας
901 5242 1063 5313 μέγα,
1106 5243 1189 5296 ὅτι
1234 5244 1284 5297 οἰ
1328 5242 1484 5311 ὄφεις
1529 5243 1819 5314 ἀνήλισκον
1854 5243 1926 5299 τὰ

335 5335 518 5406 βρέφη
542 5334 746 5399 αὐτῶν,
770 5335 866 5388 καί⁸
896 5333 1073 5387 πάντα
1102 5333 1172 5387 τὰ
1194 5336 1369 5406 κτήνη
1388 5332 1589 5388 αὐτῶν.
1624 5334 1925 5406 Προέλεγεν

335 5431 417 5494 δὲ,
456 5432 536 5485 ὅτι
578 5431 643 5485 δι’
678 5431 874 5496 αὐτοὺς
920 5430 1021 5483 οὐκ
1048 5424 1367 5500 ἐπιστρέψει
1404 5430 1434 5482 6
1460 5428 1586 5493 λαὸς
1613 5430 1692 5493 εἰς
1724 5430 1926 5501 Ἰερου-

340 5522 530 5593 σαλὴμ
552 5561 569 5585 ,
611 5522 727 5576 ἀλλ’
776 5524 834 5576 ἐν
909 5520 1094 5593 Μηδίᾳ
1147 5519 1403 5585 ἔσονται,
1453 5520 1559 5584 ἕως
1620 5519 1926 5585 συντελείας

338 5612 556 5685 ’κρήνης
596 5613 796 5668 αὐτῶν.
858 5611 948 5677 Ἐξ
990 5610 1170 5668 αὐτῶν
1217 5611 1327 5683 γὰρ
1380 5607 1450 5683 ἦν
1500 5611 1595 5666 καὶ
1644 5613 1676 5665 6
1723 5610 1929 5666 ἀνελὼν

420 5722 440 5755 ⁸
477 5720 674 5777 Ezech.
702 5737 913 5784 xxxv",
938 5723 1025 5777 H.

415 5812 532 5886 (31)
562 5813 617 5868 In
651 5815 799 5886 Aug.
825 5815 986 5886 longe
1010 5812 1174 5886 aliter
1202 5837 1215 5886 ς
1246 5812 1356 5868 Καὶ
1382 5814 1490 5886 γάρ
1516 5814 1633 5867 ἐκεῖ
1647 5815 1933 5886 κατέκειτο

342 5882 562 5957 «ἔδειμεν
595 5884 693 5957 καὶ
718 5882 903 5957 sese
928 5882 1067 5957 ᾂτρδς
1102 5884 1262 5957 etist
1293 5882 1640 5957 συνήρόιοντρο
1666 5885 1808 5957 ὥστε
1837 5902 1933 5957 ερρ-

343 5951 558 6012 ϐεῖσθαι
588 5955 717 6020 τοὺς
736 5951 1054 6019 Χαλδαίους,
1083 5953 1157 6025 μὴ
1182 5951 1505 6025 ἀντὰρωσιν.
1530 5954 1620 6010 Διὸ
1649 5972 1740 6011 και
1765 5951 1931 6025 ὲπῆλο

2020 4712 2087 4768 ad
2131 4711 2539 4767 convinceudos
2581 4709 2916 4766 incredulos.
2947 4706 3055 4763 Sed
3079 4715 3136 4763 et
3161 4705 3432 4761 Dominici
3463 4712 3594 4759 tem-

2021 4805 2093 4876 pli
2133 4804 2339 4867 locum,
2393 4803 2619 4874 perinde
2658 4817 2723 4857 ac
2767 4801 3013 4872 Moyses,
3064 4807 3121 4855 et
3167 4799 3340 4853 latum
3387 4810 3603 4850 murum

2022 4895 2255 4966 aSpexit,
2285 4908 2408 4963 quae
2436 4892 2625 4947 Daniel
2658 4889 2983 4945 aediﬁcanda
3014 4887 3285 4957 praedixit.
3321 4884 3606 4941 Postremo

2023 4987 2165 5042 idem
2223 4985 2498 5056 Babylone
2551 4982 2894 5047 Daniticam,
2954 4977 3373 5047 Gaditicamque
3425 4977 3605 5031 tribus

2022 5078 2327 5140 damnavit,
2360 5074 2506 5146 quod
2536 5074 2591 5128 in
2626 5073 2917 5127 Dominum
2950 5070 3134 5127 scelus
3164 5068 3607 5135 committerent;

2024 5168 2152 5223 dum
2178 5180 2294 5229 eos,
2322 5165 2415 5235 qui
2448 5162 2552 5234 legi
2595 5161 2905 5222 crederent,
2938 5158 3213 5215 hostiliter
3244 5158 3609 5229 insequereno

2025 5266 2152 5325 tur;
2182 5266 2239 5312 et
2269 5256 2553 5311 horrendo
2580 5254 2705 5308 illos
2737 5251 2988 5324 prodigio
3020 5251 3255 5322 perculit
3284 5267 3301 5307 :
3330 5263 3458 5305 nam
3488 5264 3608 5304 ser-

2027 5355 2220 5420 pentes
2254 5361 2445 5401 eorum
2478 5343 2719 5400 infantes
2756 5357 2821 5398 ac
2850 5343 3100 5413 iumenta
3147 5341 3335 5398 omnia
3381 5340 3610 5397 devora-

2028 5441 2180 5497 bant.
2235 5437 2450 5508 Adjecit
2519 5440 2804 5506 praeterea,
2860 5442 3083 5506 propter
3141 5434 3290 5505 ipsos
3345 5431 3609 5503 populum

2028 5530 2406 5602 Hierosolyma
2439 5542 2788 5584 reversurum
2834 5542 2945 5582 non
2993 5541 3139 5590 esse,
3191 5525 3284 5582 sed
3336 5526 3389 5579 in
3432 5523 3608 5578 Media

2034 5636 2381 5687 mansurum,
2410 5618 2587 5676 donec
2616 5633 2810 5674 eorum
2837 5618 3013 5675 errori
3047 5617 3173 5674 linis
3200 5623 3349 5673 esset
3377 5617 3606 5687 imposi-

2031 5815 2123 5870 θεν
2144 5815 2328 5884 αὐτοῖς
2355 5814 2435 5879 εἰς
2462 5812 2759 5884 ἀναίρεσιν,
2793 5810 2901 5884 ml
2915 5809 3137 5881 ἐποίησε
3175 5807 3388 5881 στῆναι,
3412 5816 3518 5865 etc.

2103 5886 2217 5951 (32)
2247 5882 2307 5938 Ρ.
2340 5881 2604 5954 παρέστη
2626 5884 2708 5954 vel
2734 5881 3030 5954 προσέστη.

2106 5948 2217 6028 (55)
2248 5957 2354 6026 Γρ.
2389 5948 2513 6019 τοὺς
2535 5948 2614 6017 εἰς
2645 5952 2733 6008 τὸν
2760 5948 2923 6023 νόμον
2950 5948 3331 6016 πιστεύοντας.
