3988 6436
431 433 535 491 ξοδ

1787 436 1994 495 DUBIA
2033 437 2174 497 AUT
2208 438 2479 497 SPURIA.
3206 430 3209 431 ν
3579 446 3667 505 4ος

432 562 539 609 tus.
590 551 653 606 Et
681 568 747 609 ex
782 551 974 609 iisdem
1000 550 1255 608 tribubus
1281 561 1400 609 erat
1424 554 1489 622 is,
1523 568 1553 609 a
1578 570 1688 626 quo
1710 570 1886 613 caesus
1915 567 2019 625 est,

2139 559 2293 613 αὐτόν
2320 576 2333 591 ·
2374 560 2651 613 ἁντὲκειτο
2681 559 2791 630 γὰρ
2845 559 3013 633 αὐτῷ,
3068 560 3171 627 ἕως
3216 562 3412 634 ἡμέρας
3457 558 3669 639 τελευτῆς

435 651 524 705 cui
552 658 605 706 et
632 649 699 703 ad
732 657 1043 705 extremum
1073 666 1247 720 usque
1274 650 1530 721 spiritum
1567 653 1789 708 restitit.

568 784 687 838 Vita
722 785 963 841 Danielis
991 787 1279 856 praphetm,
1315 804 1377 842 ac
1409 786 1694 858 sepultura:
1721 789 1863 843 locus

509 896 578 949 Χ.
624 895 811 953 Daniel
851 900 1113 969 propheta
1149 899 1216 954 de
1260 901 1405 955 tribu
1453 900 1593 955 Juda
1636 917 1701 955 ex
1737 918 1803 957 eo
1834 919 2031 973 genere

435 986 593 1042 duxit
626 988 914 1060 originem,
939 992 1081 1062 quod
1118 992 1170 1045 in
1201 992 1457 1061 palatinis
1490 993 1682 1047 olliciis
1725 994 2028 1065 principem

437 1082 617 1135 locum
660 1081 962 1137 obtinebat.
1019 1082 1120 1149 Qui
1163 1083 1341 1137 adhuc
1388 1084 1569 1140 infans
1616 1084 1945 1156 Babylonem
2001 1101 2031 1141 e

434 1170 620 1225 Jndma
658 1179 1067 1241 transportatus
1117 1180 1222 1227 est.
1277 1171 1448 1228 Natus
1494 1180 1578 1227 est
1628 1173 1683 1227 in
1725 1173 2028 1229 Bctbabara

435 1265 722 1335 superiore
744 1264 887 1319 haud
916 1266 1108 1335 procul
1141 1264 1558 1335 Hierosolymis.
1598 1263 1784 1335 Usque
1809 1280 1874 1320 eo
1898 1281 2030 1321 vero

434 1360 749 1425 temperans
800 1354 921 1420 fuit,
976 1361 1034 1408 ut
1084 1354 1288 1410 Judaeis
1344 1356 1519 1425 spado
1555 1372 1680 1411 esse
1727 1356 2024 1412 videretur.

435 1446 578 1501 Idem
619 1445 994 1517 Hierosolyma
1041 1447 1338 1516 plurimum
1388 1447 1547 1511 luxit,
1603 1455 1656 1502 et
1708 1448 1764 1503 in
1797 1449 2029 1519 jejuniis

436 1552 791 1609 perseverans
820 1538 888 1592 ab
915 1537 1170 1593 omnibus
1207 1539 1454 1593 ciborum
1489 1539 1705 1594 deliciis
1731 1541 2026 1596 abstinuit.

433 1630 695 1700 Corporis
728 1628 853 1682 huic
900 1627 1166 1682 habitudo
1202 1628 1350 1684 sicca
1398 1638 1450 1683 ct
1482 1630 1719 1700 strigosa
1757 1628 1878 1684 fuit.
1920 1629 2028 1685 Sed

440 1723 529 1777 Dei
563 1722 831 1776 beneﬁcio
869 1722 1044 1775 forma
1080 1720 1157 1775 illi
1202 1737 1266 1775 ac
1300 1731 1559 1776 venustas
1590 1724 1907 1778 accedebat.
1953 1724 2031 1778 Ac

434 1828 534 1884 pro
564 1813 1107 1870 Nabuchodonosore
1132 1815 1376 1884 quidem,
1412 1831 1480 1871 ne
1508 1814 1754 1870 funditus
1786 1816 2025 1885 periret,

2134 652 2321 708 αὑτοῦ.

2182 785 2234 836 '0
2260 785 2402 850 ,ϐίος
2432 785 2537 839 τοῦ
2570 785 2800 853 Δανιὴλ
2832 784 3166 856 προφήτου,
3200 787 3293 839 καί
3314 788 3424 841 ποῦ
3448 788 3625 847 κεῖται.

2206 900 2260 953 l'.
2309 899 2510 971 Δανιὴλ
2540 902 2568 953 ὀ
2606 901 2914 971 προφήτης.
2981 894 3151 964 Οὗτος
3195 902 3291 971 μὲν
3338 898 3402 972 ἦν
3438 904 3495 956 ἐκ
3532 905 3675 975 φυλῆς

2146 990 2338 1055 Ἰούδα,
2371 992 2561 1059 γένους
2587 991 2696 1044 τῶν
2730 992 2932 1060 ἐξόχων
2959 993 3059 1062 τῆς
3085 992 3363 1063 βασιλικῆς
3392 995 3673 1065 ὑπηρεσίας,

2134 1083 2254 1136 ἀλλ’
2304 1082 2382 1137 ἔτι
2422 1084 2618 1154 νήπιος
2649 1085 2727 1136 ὢν
2765 1085 2905 1155 ῆχθη
2937 1087 3015 1147 είς
3048 1085 3337 1138 Βαϐυλῶνα
3364 1087 3425 1138 ἐκ
3448 1086 3535 1156 τῆς
3564 1087 3675 1139 Ἰου-

2137 1176 2313 1242 δαίας.
2352 1178 2648 1248 Ἐγεννήθη
2680 1175 2735 1230 δὲ
2773 1178 2830 1230 ἐν
2862 1176 3149 1247 Βεθεϐορῷ
3178 1180 3241 1248 τῇ
3278 1177 3527 1248 ἀνωτέρᾳ,
3563 1176 3679 1248 πλη-

2134 1270 2249 1323 σίον
2284 1268 2600 1341 Ἰερουσαλή
2611 1287 2669 1339 μ.
2709 1270 2819 1321 Καὶ
2849 1264 2917 1340 ἦν
2944 1268 3082 1340 ἀνὴρ
3104 1267 3353 1339 σώφρων,
3379 1268 3509 1321 ὥστε
3531 1269 3678 1321 δοκεῖν

2130 1362 2257 1424 τοὺς
2302 1360 2590 1424 Ἰουδαίους
2638 1356 2778 1413 εἶναι
2834 1361 3125 1414 σπάδοντα.
3202 1360 3376 1414 Πολλὰ
3422 1360 3679 1431 ἐπένθησεν

2130 1446 2285 1517 οὗτος
2316 1454 2416 1525 τὴν
2448 1453 2829 1526 Ἰερουσαλὴμ,
2859 1452 2956 1506 καὶ
2980 1453 3039 1506 ὲν
3070 1452 3347 1523 νηστείαις
3374 1453 3574 1522 ῐσχυσεν
3594 1452 3683 1506 ἀπὸ

2133 1548 2312 1618 πάσης
2343 1546 2551 1618 τροφῆς
2586 1546 2931 1616 ἐπιθυμητῆς
2957 1562 2969 1575 ·
3018 1546 3112 1597 καὶ
3147 1540 3216 1612 ἦν
3253 1545 3389 1616 ἀνὴρ
3424 1544 3682 1615 ξηρότατος

2131 1641 2195 1709 τῆ
2232 1638 2362 1709 ἰδέᾳ,
2388 1638 2508 1692 ἀλλ’
2527 1638 2732 1709 ὡραῖος
2763 1639 2820 1690 ἐν
2850 1637 3035 1708 χάριτι
3061 1636 3218 1690 Θεοῦ.
3247 1636 3420 1689 Πολλὰ
3442 1636 3492 1689 δέ
3514 1634 3685 1706 ηὔξατο

2130 1726 2283 1795 οὗτος
2317 1731 2443 1802 περὶ
2492 1730 2586 1784 τοῦ
2622 1729 3092 1801 Ναϐουχοδονόσορ
3113 1769 3126 1791 ,
3174 1729 3265 1782 ὅτε
3292 1729 3498 1797 ἐγένετο
3526 1727 3684 1799 θηρίον

2132 1822 2227 1875 καὶ
2256 1822 2475 1892 κτῆνος,
2496 1822 2585 1874 ἵνα
2624 1821 2697 1891 μὴ
2726 1819 3019 1890 ἀπόληται.
3051 1815 3161 1873 Ἷῐν
3184 1818 3296 1890 γὰρ
3322 1821 3389 1872 τὰ
3417 1817 3686 1889 ἐμπρόσθια

435 1908 790 1964 vehementer
822 1908 1021 1970 oravit,
1050 1909 1271 1979 quando
1302 1908 1355 1962 in
1389 1907 1617 1965 bestiam
1651 1910 2028 1980 pecudemque

2139 1911 2298 1965 αὑτοῦ
2330 1912 2407 1976 ὡς
2451 1912 2580 1983 βοῦς
2616 1912 2713 1965 σὺν
2746 1911 2979 1982 κεφαλῇ,
3015 1912 3110 1964 καὶ
3152 1912 3201 1964 οί
3232 1911 3391 1974 πόδες
3432 1908 3582 1962 αὐτοῦ
3606 1909 3685 1961 σὺν

434 2013 737 2055 conversus
781 2005 887 2055 est.
922 1998 1061 2053 Tum
1092 2000 1237 2055 enim
1270 2002 1545 2055 anteriora
1584 2002 1734 2056 illius
1765 2016 1889 2056 cum
1931 2018 2026 2055 ca-

434 2091 546 2159 pite
595 2091 752 2146 bovis
803 2100 963 2146 erant
1016 2091 1243 2155 similia,
1279 2093 1587 2162 posteriora
1618 2108 1743 2146 cum
1797 2092 2030 2163 pedibus

435 2181 632 2237 leonis.
680 2181 941 2250 Ejusdem
990 2182 1140 2237 modi
1188 2183 1391 2255 quippe
1440 2191 1571 2239 sunt
1617 2184 1926 2255 principum
1974 2186 2027 2240 in

436 2276 717 2342 iuventute
749 2290 953 2338 mores,
997 2282 1057 2329 ut
1087 2276 1248 2346 quasi
1300 2279 1466 2333 boves
1512 2293 1747 2335 excusso
1799 2278 1933 2351 jugo
1963 2280 2030 2335 ad

434 2364 603 2421 Belial
635 2365 979 2435 pertineant,
1014 2368 1354 2437 voluptatum
1410 2368 1731 2427 libidinibus
1783 2372 1972 2441 perciti
2015 2388 2028 2424 :

435 2466 715 2527 postremo
761 2473 893 2512 vero
923 2458 977 2511 in
1012 2458 1224 2514 belluas
1267 2461 1462 2516 mutati
1507 2478 1722 2532 rapere,
1761 2464 1987 2533 perdere
2016 2504 2031 2527 ,

436 2564 501 2603 ac
538 2548 699 2604 ferire
734 2548 1050 2603 instituant.
1103 2548 1218 2605 Hoc
1250 2551 1416 2621 igitur
1447 2563 1674 2609 sanctus
1718 2554 1906 2609 Daniel
1936 2570 2033 2609 co-

435 2640 650 2712 gnovit,
688 2641 844 2695 bovis
877 2642 1028 2695 illum
1065 2642 1240 2697 instar
1274 2643 1399 2698 leno
1431 2646 1608 2714 pasci,
1641 2663 1742 2701 nec
1778 2648 2035 2703 humanis

439 2734 519 2786 uti
552 2733 789 2803 pabulis.
826 2733 1195 2799 Quamobrem
1225 2734 1802 2793 Nabuchodonosorus
1826 2746 2033 2791 tantam

437 2828 807 2882 calamitatem
837 2839 1120 2898 expertus,
1161 2836 1215 2883 et
1248 2828 1472 2882 humani
1508 2829 1694 2884 cordis
1737 2846 1902 2885 sensu
1946 2845 2035 2883 re-

439 2930 726 2988 cuperato.
761 2918 910 2984 ﬂere,
945 2933 1010 2974 ac
1056 2919 1223 2976 Deum
1253 2919 1372 2975 dies
1400 2935 1463 2974 ac
1487 2930 1679 2978 noctes
1708 2922 2034 2992 quadragies

440 3009 724 3081 deprecari
769 3011 937 3081 cmpit
966 3027 979 3063 ι
1006 3009 1198 3075 Deum,
1236 3010 1481 3079 inquam,
1517 3010 1778 3075 Beemon,
1812 3009 1918 3063 hoc
1950 3016 2036 3064 est

440 3102 660 3158 Israelis
698 3101 888 3158 Deum.
943 3101 1155 3159 Etenim
1200 3101 1459 3157 Satanico
1503 3103 1561 3157 in
1612 3103 1766 3157 illum
1824 3103 2036 3157 incum-

443 3196 604 3251 bente
631 3196 851 3266 spiritu,
887 3194 1163 3250 hominem
1201 3194 1372 3250 fuisse
1402 3210 1460 3251 se
1486 3194 1789 3260 nesciebat,
1821 3194 2031 3264 lingua,

439 3293 738 3362 quominus
789 3291 844 3345 in
876 3304 1186 3347 sermonem
1218 3296 1554 3360 erumperet,
1601 3289 1853 3345 astricta.
1894 3288 2033 3343 Tum
2063 3262 2106 3320 ο

442 3398 544 3437 vox
581 3383 766 3438 bestia:
799 3382 1033 3437 similis:
1070 3383 1217 3437 oculi
1254 3398 1363 3452 pra:
1392 3383 1760 3453 lacrymarum
1792 3382 2033 3438 assidui-

440 3481 552 3529 tate
584 3472 767 3527 carnis
808 3472 985 3527 instar
1012 3481 1186 3527 erant.
1223 3474 1302 3527 Ad
1350 3488 1473 3527 eum
1516 3474 1874 3543 spectandum
1909 3488 2034 3529 cum

442 3579 506 3618 ex
536 3565 670 3618 urbe
698 3563 998 3633 principes,
1035 3578 1099 3617 ac
1126 3564 1321 3634 vulgus
1367 3564 1767 3619 innumerabile
1795 3563 2038 3619 conflue-

442 3662 550 3717 ret,
590 3670 733 3710 unus
764 3655 953 3709 Daniel
996 3654 1181 3709 videre
1228 3656 1447 3709 noluit:
1487 3670 1611 3709 cum
1656 3655 1873 3708 interim
1919 3661 2037 3709 toto

443 3745 561 3809 illo,
613 3761 722 3816 quo
762 3760 858 3801 rex
908 3746 1226 3801 immutatus
1271 3752 1391 3805 est.
1451 3753 1694 3814 tempore
1747 3753 2037 3815 perpetuas

444 3853 546 3909 pro
580 3853 645 3893 eo
680 3852 871 3908 preces
906 3836 1157 3893 funderet
1181 3878 1194 3903 ,
1236 3852 1493 3894 asserens
1532 3837 1712 3892 denuo
1752 3838 1903 3891 illum
1939 3837 2038 3891 ho-

445 3932 647 3988 minem
686 3931 950 3997 futurum,
992 3946 1056 3986 ac
1096 3947 1323 4002 regnum
1374 3947 1498 3987 esse
1552 3941 2033 4000 recuperaturum.

445 4023 580 4091 Quae
613 4041 738 4080 cum
772 4024 999 4089 diceret,
1034 4024 1242 4079 nemini
1274 4024 1563 4094 probabat.
1613 4023 1782 4095 Igitur
1825 4030 2036 4094 septem

447 4117 601 4182 anni,
624 4132 745 4188 quae
781 4126 1033 4188 tempora
1069 4128 1277 4188 septem
1321 4132 1350 4171 a
1384 4116 1607 4173 Daniele
1646 4128 1931 4179 vocantur,
1979 4125 2039 4170 ut

448 4212 505 4265 in
537 4210 760 4266 totidem
814 4218 1094 4266 menstrua
1152 4210 1329 4280 spatia
1380 4211 1857 4275 contraherentur,
1914 4226 2039 4280 pre-

447 4303 604 4358 cibus
640 4302 757 4359 suis
817 4302 1075 4357 obtinuit.
1111 4302 1329 4373 Septem
1373 4316 1505 4374 ergo
1548 4311 1856 4373 temporum
1915 4318 2037 4373 my-

449 4396 676 4451 sterium
746 4395 803 4448 in
840 4395 933 4449 illo
984 4395 1316 4465 completum
1377 4404 1461 4449 est
1504 4414 1517 4449 :
1564 4395 1709 4464 quod
1773 4394 2041 4449 mediator

450 4492 658 4554 septem
692 4483 950 4539 restituit.
982 4485 1058 4538 lta
1097 4499 1193 4539 sex
1220 4498 1398 4538 annos
1434 4486 1774 4555 totidemque
1816 4501 2040 4541 menses

2130 2007 2244 2067 τοῖς
2272 2004 2560 2067 ὀπισθίοις,
2596 2003 2671 2068 ὡς
2698 2002 2855 2057 λέων.
2887 2002 3073 2056 Ταῦτα
3106 2001 3215 2075 γὰρ
3241 2001 3450 2073 ἔχουσιν
3479 2001 3524 2053 οἱ
3550 1999 3688 2052 δυνά-

2134 2113 2255 2149 σται
2284 2097 2342 2149 ἐν
2374 2098 2441 2168 τῇ
2474 2096 2690 2166 νεότητι
2725 2094 2928 2159 αὐτῶν,
2961 2094 3023 2148 τὸ
3050 2094 3127 2158 ὼς
3152 2094 3282 2165 βοῦς
3306 2093 3410 2149 ἀπὸ
3436 2091 3585 2161 ζυγοῦ
3613 2108 3690 2161 γε·

2132 2187 2348 2259 νόμενοι
2400 2186 2494 2241 τοῦ
2530 2185 2752 2257 Βελίαρ,
2790 2184 2877 2239 διὰ
2910 2187 3013 2255 τῆς
3053 2185 3368 2255 φιληδονίας
3396 2200 3409 2214 ⁸
3456 2184 3540 2235 ἐπὶ
3570 2182 3690 2234 τέλει

2134 2279 2301 2351 θῆρες
2333 2280 2629 2348 γινόμενοι,
2681 2278 3044 2350 ἁρπάζοντες,
3091 2277 3483 2349 ὀλοθρεύοντες,
3513 2274 3692 2327 πατάσ-

2136 2389 2338 2435 σοντες.
2380 2372 2562 2439 Ἔγνω
2584 2367 2677 2424 οὖν
2707 2372 2736 2424 ὁ
2769 2370 2926 2439 ἅγιος
2951 2362 3128 2434 οὗτος,
3158 2371 3243 2423 ὅτι
3277 2370 3352 2433 ὡς
3385 2367 3505 2439 βοῦς
3533 2366 3693 2438 ἤσθιεν

2134 2466 2345 2536 χόρτον,
2370 2466 2465 2518 καὶ
2500 2464 2711 2532 ἐγίνετο
2737 2464 2890 2535 αὐτῷ
2916 2462 3334 2535 ἀνανθρωπίνης
3366 2462 3567 2532 φύσεως
3591 2458 3693 2531 τρό-

2136 2574 2314 2627 φημα.
2352 2556 2451 2609 Διὰ
2480 2553 2638 2609 τοῦτο
2662 2557 2691 2608 ὁ
2726 2554 3200 2625 Ναϐουχοδονόσορ
3228 2552 3365 2624 μετὰ
3396 2553 3491 2623 τὴν
3516 2548 3693 2620 πέμψιν

2135 2648 2235 2717 τῆς
2271 2647 2534 2718 μάστιγος
2557 2644 2748 2709 αὐτοῦ,
2777 2645 2835 2697 ἐν
2864 2644 3064 2715 καρδίᾳ
3094 2643 3387 2715 ἀνθρώπου
3415 2640 3690 2711 γενόμενος,

2136 2740 2320 2793 ἔκλαιε
2357 2742 2448 2793 καί¹
2477 2740 2628 2811 ἠξίου
2662 2740 2753 2793 τὸν
2791 2739 2923 2792 Θεὸν
2952 2741 3134 2791 πᾶσαν
3170 2738 3386 2809 ἡμέραν
3420 2736 3508 2789 καὶ
3529 2732 3695 2793 νυκτὸς

2136 2830 2656 2901 τεσσαρακοντάκις,
2680 2829 2933 2899 δεόμενος
2955 2827 3050 2881 τοῦ
3077 2826 3213 2880 Θεοῦ
3237 2828 3340 2897 Βεη
3350 2824 3480 2897 μὼν,
3502 2826 3529 2878 ὃ
3549 2826 3691 2885 ἐστιν,

2138 2922 2232 2976 τοῦ
2261 2922 2397 2975 Θεοῦ
2432 2922 2672 2990 Ἰσραήλ.
2719 2922 3035 2990 Ἐπεγίνετο
3063 2919 3172 2991 γὰρ
3201 2918 3355 2990 αὐτῷ
3380 2916 3586 2986 πνεῦμα
3609 2914 3694 2966 Σι-

2137 3015 2256 3081 τὰν,
2318 3015 2414 3068 καὶ
2458 3014 2748 3067 ἐλάνθανεν
2796 3014 2979 3077 αὑτὸν,
3032 3014 3115 3066 ὅτι
3156 3011 3380 3080 γέγονεν
3424 3009 3691 3079 ἄνθρωπος.

2143 3109 2235 3161 καὶ
2266 3106 2491 3177 γλῶσσα
2527 3104 2693 3160 αὐτοῦ
2736 3105 3061 3175 ἐδεσμεύετο
3088 3102 3293 3166 λαλεῖν,
3327 3103 3420 3156 καὶ
3447 3098 3585 3169 φωνὴ
3612 3097 3691 3166 0r,-

2142 3200 2258 3273 ρίου
2309 3199 2511 3253 ἐδίδοτο
2549 3198 2716 3269 αὐτῷ,
2765 3199 2860 3251 καὶ
2912 3197 3152 3265 ἐγίνοντο
3180 3198 3229 3249 oi
3262 3193 3525 3264 ὀφθαλμοὶ
3554 3183 3692 3244 αὐτοῦ

2140 3293 2216 3357 ὼς
2247 3291 2417 3364 κρέας
2447 3292 2559 3361 (55)
2593 3290 2701 3343 ἀπὸ
2732 3288 2827 3343 τοῦ
2857 3289 3084 3343 κλαίειν.
3119 3288 3229 3341 Καὶ
3253 3287 3437 3341 πολλοὶ
3471 3283 3696 3338 δυνάσται

2139 3385 2233 3437 καὶ
2278 3384 2494 3437 πολῖται
2525 3380 2762 3445 ἐξιόντες
2794 3382 2857 3434 ἐκ
2886 3380 2985 3449 τῆς
3020 3379 3229 3443 πόλεως
3253 3377 3515 3448 ἐθεώρουν
3539 3370 3693 3426 αὐτόν.

2139 3473 2337 3545 Δανιὴλ
2361 3474 2417 3526 δὲ
2449 3473 2608 3544 μόνος
2629 3472 2731 3525 οὐκ
2766 3470 3032 3543 ἠθέλησεν
3062 3470 3191 3524 ίδεϊν
3223 3470 3408 3534 αὑτὸν,
3437 3468 3514 3519 ὅτι
3548 3462 3697 3517 πάντα

2138 3565 2230 3617 τὸν
2261 3565 2452 3634 χρόνον
2474 3562 2576 3630 τῆς
2600 3559 2939 3623 ἀλλοιώσεως
2965 3559 3133 3612 αὑτοῦ
3165 3560 3224 3612 ἐν
3251 3561 3374 3621 ταῖς
3401 3549 3697 3628 προσευχαῖς

2138 3650 2207 3724 ἦν
2232 3655 2362 3725 περὶ
2396 3652 2584 3715 αὑτοῦ,
2616 3651 2711 3703 καὶ
2739 3649 2946 3718 ἔλεγεν,
2972 3649 3054 3701 ὅτι
3079 3647 3249 3703 Πάλιν
3279 3647 3557 3718 ἄνθρωπος
3570 3638 3698 3709 γενή-

2143 3763 2315 3808 σεται,
2354 3743 2449 3799 καὶ
2478 3745 2742 3815 κρατήσει
2775 3744 2876 3811 τῆς
2902 3740 3184 3811 βασιλείας
3217 3738 3387 3794 αὐτοῦ
3416 3754 3428 3769 ·
3486 3737 3574 3789 καὶ
3592 3729 3699 3802 ἠπίη

2144 3854 2302 3891 στουν
2332 3835 2499 3905 αὐτῷ.
2535 3835 2615 3888 Τὰ
2641 3833 2782 3887 ἑπτὰ
2814 3832 2931 3903 ἔτη,
2958 3831 2995 3886 ἃ
3017 3828 3171 3885 εἷπεν
3197 3830 3349 3903 αὐτῷ
3373 3827 3561 3896 Δανιὴλ
3583 3818 3700 3876 ἑπτὰ

2142 3931 2387 4003 καιροὺς,
2435 3929 2695 3997 ἐποίησεν
2731 3926 2986 3995 γενέσθαι
3039 3924 3182 3978 ἑπτὰ
3238 3925 3435 3997 μῆνας,
3481 3920 3700 3989 δεόμενος

2143 4025 2273 4095 περὶ
2320 4021 2481 4075 αὐτοῦ
2525 4022 2661 4092 πρὸς
2708 4019 2935 4091 Κύριον.
2984 4018 3058 4071 Τὸ
3108 4018 3409 4088 μυστήριον
3442 4014 3545 4067 τῶν
3584 4004 3702 4062 ἑπτὰ

2142 4113 2351 4185 καιρῶν
2378 4111 2631 4183 ἐτελέσθη
2667 4111 2753 4165 ἐπ’
2790 4109 2973 4173 αὐτὸν,
3024 4109 3136 4181 (55)
3175 4109 3257 4162 ὅτι
3291 4104 3702 4169 ἀποκατέστησεν

2143 4206 2284 4260 ἐπτὰ
2316 4206 2564 4276 μεσίτης.
2619 4203 2717 4269 Ἓξ
2743 4197 2837 4256 οὖν
2866 4202 2961 4273 ἐτη
2994 4201 3089 4255 καὶ
3130 4200 3187 4267 ἒξ
3232 4201 3411 4272 μῆνας
3431 4196 3704 4251 ὑπέπιπτεν

2142 4299 2333 4371 Κυρίῳ
2357 4297 2434 4369 τῷ
2468 4296 2611 4367 Θεῷ,
2641 4297 2735 4349 καὶ
2765 4294 3159 4365 ἐξῳμολογεῖτο
3190 4294 3293 4362 τὴν
3329 4290 3578 4344 ἀσέϐειαν
3623 4281 3705 4335 αὖ·

2142 4390 2258 4444 τοῦ.
2293 4390 2405 4443 Καὶ
2440 4388 2577 4459 μετὰ
2596 4388 2696 4458 τὴν
2726 4387 2921 4457 ἄφεσιν
2948 4388 3048 4457 τῆς
3071 4386 3307 4455 ἀνομίας
3330 4380 3494 4436 αὑτοῦ
3521 4375 3705 4432 ἀπέδω-

2144 4500 2238 4536 κεν
2270 4480 2418 4552 αὐτῷ
2447 4483 2475 4533 ὁ
2503 4481 2636 4543 Θεὸς
2670 4480 2770 4552 τὴν
2798 4478 3097 4550 βασιλείαν.
3143 4478 3253 4531 Καὶ
3280 4475 3408 4531 οὔτε
3439 4472 3568 4543 κρέα
3593 4466 3706 4533 ἔφεπ’

450 4577 565 4632 Deo
595 4576 912 4646 supplicans
948 4576 1131 4631 scelus
1175 4591 1335 4631 suum
1373 4576 1664 4633 confessus
1693 4586 1797 4632 est.
1836 4578 2034 4633 Deinde

2146 4592 2264 4643 γεν,
2298 4574 2424 4627 οὔτε
2464 4568 2607 4628 οἶνον
2646 4572 2822 4636 ἐπιεν,
2851 4569 3347 4643 ἐξομολογούμενος
3374 4567 3453 4639 τῷ
3484 4562 3611 4632 Θεῷ.
3639 4558 3705 4665 Et:

451 4683 719 4724 concessa
757 4669 942 4723 delicti
980 4667 1136 4722 venia
1172 4667 1227 4722 in
1273 4683 1499 4739 regnum
1542 4683 1571 4721 a
1610 4668 1719 4723 Deo
1750 4670 2040 4724 restitutus

450 4765 555 4813 est.
588 4756 692 4813 Per
723 4757 865 4813 idem
899 4764 1116 4827 tempus
1154 4772 1353 4813 carnes
1385 4772 1449 4811 ac
1478 4758 1666 4812 vinum
1705 4774 1813 4813 non
1838 4760 2038 4829 attigit,

451 4848 561 4905 Deo
588 4857 850 4919 perpetuo
876 4848 1165 4912 confitens,
1209 4864 1335 4903 cum
1377 4849 1451 4903 ita
1482 4849 1795 4905 mandasset
1828 4849 2041 4914 Daniel,

452 4951 512 4997 nt
544 4943 912 5013 leguminibus
944 4942 1253 4999 virentibus
1289 4952 1385 4997 aut
1417 4941 1741 4997 madefactis
1768 4950 1928 4997 utens
1960 4943 2045 4996 di-

450 5035 636 5088 vinam
703 5034 1042 5090 iracundiam
1095 5036 1311 5091 leniret.
1361 5033 1708 5106 QuaprOpter
1750 5034 2044 5090 Nabucho-

455 5129 694 5183 donosor
760 5127 968 5183 Danicli
1030 5129 1331 5187 Baltasaris
1383 5144 1580 5185 nomen
1645 5130 1865 5193 indidit,
1931 5144 2040 5199 quo

449 5225 643 5278 eodem
667 5221 865 5277 unicus
897 5222 1070 5293 ipsius
1099 5224 1241 5283 ﬁlius
1282 5223 1682 5293 appellabatur.
1721 5222 2037 5288 Quinetiam

454 5314 726 5370 heredem
756 5313 909 5368 illum
941 5314 1058 5384 pari
1090 5330 1215 5369 cum
1251 5315 1377 5371 ﬁliis
1415 5315 1538 5384 jure
1580 5315 1871 5371 instituere
1912 5329 2040 5369 eum

458 5407 648 5470 vellet,
686 5405 773 5459 vir
812 5414 1040 5461 sanctus
1078 5406 1327 5462 abnuens
1368 5426 1379 5461 :
1423 5406 1706 5477 Propitius
1762 5407 1896 5462 mihi
1946 5408 2038 5470 sit,

452 5494 564 5566 inqt
587 5495 647 5562 it,
686 5496 851 5563 Deus,
895 5512 966 5553 ne
1009 5497 1199 5553 relicto
1241 5506 1525 5567 parentum
1589 5514 1837 5554 meorum
1871 5499 2042 5568 patri-

456 5601 661 5650 monio.
727 5588 795 5644 ad
837 5589 1350 5646 incircumcisorum
1385 5590 1759 5647 haereditatem
1795 5590 2041 5644 adhaere-

457 5690 630 5733 scam.
679 5680 949 5737 Caeterum
1018 5682 1121 5738 sub
1177 5681 1467 5739 Persarum
1501 5683 1721 5755 regibus
1784 5681 2034 5755 prodigia

533 5852 644 5925 (54)
678 5855 800 5913 For.
831 5860 1018 5931 κέρας.

2146 4666 2347 4737 Δανιὴλ
2387 4664 2537 4735 αὐτῷ
2590 4664 2925 4735 προσέταξεν
2975 4665 3033 4717 ἐν
3073 4662 3322 4734 ὀσπρίοις
3366 4661 3399 4731 ἢ
3438 4648 3703 4731 χλωροῖςῆ

2148 4759 2399 4830 βρεκτοῖς
2436 4755 2827 4824 ὲξιλεώσασθαι
2858 4754 2950 4808 τὸν
2978 4753 3203 4826 Κύριον.
3266 4754 3368 4807 Διὰ
3399 4751 3551 4805 τοῦτο
3575 4743 3657 4797 καὶ
3683 4739 3705 4790 ὁ

2146 4850 2620 4920 Ναϐουχοδονόσορ
2647 4848 2908 4902 ἐκάλεσεν
2934 4848 3025 4901 τὸν
3050 4845 3247 4915 Δανιὴλ
3269 4844 3571 4911 Βαλτάσαρ,
3591 4830 3708 4889 κατὰ

2148 4945 2207 4998 τὸ
2237 4943 2409 5014 ὄνομα
2446 4940 2539 4995 τοῦ
2584 4939 2906 5011 μονογενοῦς
2946 4938 3061 4992 υίοῦ
3106 4936 3293 5001 αὑτοῦ,
3336 4937 3429 4990 καὶ
3472 4931 3705 5004 ἠθέλησεν

2147 5037 2307 5092 αὐτὸν
2372 5035 2815 5107 συγκληρονόμον
2870 5032 3330 5101 ἀποκαταστῆσαι
3375 5027 3483 5081 τῶν
3527 5023 3709 5077 τέκνων

2148 5130 2338 5193 αὐτοῦ,
2364 5130 2479 5184 ἀλλ’
2504 5132 2533 5183 ὁ
2559 5131 2705 5191 ὅσιος
2728 5124 2881 5181 εἶπεν
2901 5143 2914 5158 ⁸
2945 5124 3133 5189 Ἵλεώς
3165 5142 3274 5195 μοι,
3301 5123 3518 5189 ἀφεῖναι
3546 5114 3709 5182 κληρο·

2148 5222 2343 5292 νομίας
2380 5220 2633 5292 πατέρων
2670 5237 2793 5290 μου,
2837 5218 2933 5271 καί¹
2975 5214 3449 5287 προσκολληθῆναι
3478 5209 3710 5292 κληρονφ·

2153 5290 2251 5385 μία
2307 5290 2717 5385 ὰπεριτμήτων.
2773 5310 2883 5364 Καὶ
2906 5312 2984 5403 ἐν
3032 5312 3144 5372 τοῖς
3189 5304 3469 5377 βασιλεῦσι
3511 5290 3710 5403 ΠερσῶΪ

2151 5405 2322 5459 πολλὰ
2374 5404 2597 5475 ἐποίησε
2638 5402 2885 5475 τεράτια,
2906 5385 3039 5455 ’ὅσα
3095 5399 3195 5452 οὐκ
3227 5395 3551 5482 ἐγράψαμεν
3577 5389 3627 5439 ἐν
3652 5385 3710 5482 τῇ

2152 5497 2317 5569 βίϐλῳ
2349 5496 2553 5569 ταύτηο
2612 5495 2749 5549 είσὶν
2783 5494 2840 5548 δὲ
2878 5488 3239 5565 γεγραμμένα
3270 5490 3329 5540 ἐν
3358 5488 3423 5556 τῇ
3454 5480 3609 5553 βίϐλῳ
3630 5480 3709 5569 τοι)

2148 5564 2366 5659 Δανιῆλ.
2400 5564 2568 5650 Οὗτος
2592 5589 2619 5640 ὁ
2642 5586 2932 5657 προφήτης
2959 5564 3158 5638 ἔδωκεν
3184 5581 3347 5651 τέρας
3374 5579 3430 5631 ἐν
3454 5575 3560 5634 τοῖς
3589 5564 3712 5635 ὕψη·

2145 5680 2255 5745 λοῖς
2281 5680 2462 5753 ὄρεσιν
2482 5677 2824 5746 Βαϐυλῶνος,
2847 5676 3022 5745 λέγων
3038 5716 3052 5742 ,
3075 5675 3156 5731 ὅτι
3174 5674 3341 5727 ’Ὅταν
3365 5669 3507 5740 ἴδητε
3536 5669 3711 5717 καπνιο

2232 5856 2343 5929 (35)
2372 5857 2678 5929 Corruptus
2702 5856 2877 5915 locus.
