3988 6426
479 321 577 381 ιο7

473 444 653 499 adhuc
709 444 762 499 in
814 444 1050 516 patriam
1108 444 1356 510 delatus,
1422 445 1733 517 ibidemque
1785 456 2059 510 mortuus,

473 547 634 608 atque
673 538 726 591 in
760 538 1029 608 majorum
1063 554 1292 595 suorum
1321 540 1576 610 scpulcn‘o
1600 541 1856 596 conditus
1883 549 1986 596 est.

625 650 852 706 Hic/tea,
882 652 1149 721 propheta:
1180 655 1308 718 vita,
1340 663 1391 707 et
1417 653 1706 722 sepultura'
1737 654 1903 709 locus.

537 764 677 817 Xlll.
722 765 976 831 Morathi,
1008 780 1073 821 ex
1120 767 1267 822 tribu
1315 766 1599 837 Ephraim,
1634 766 1904 822 oriundus
1937 766 2059 829 iste,

469 859 737 913 adversus
807 858 997 914 Achab
1062 874 1244 931 regem
1294 859 1433 915 Juda
1494 860 1662 913 multa
1726 860 1934 930 gessit,
1998 874 2063 914 ac

469 959 750 1020 postremo
798 953 867 1007 ab
917 951 1103 1008 Joram
1153 954 1275 1023 ejus
1322 953 1432 1008 ﬁlio
1472 953 1773 1023 prmcipitio
1834 960 2063 1008 necatus

468 1054 589 1110 est,
643 1044 790 1113 quod
837 1044 1017 1114 ipsum
1063 1046 1135 1100 ob
1182 1061 1338 1101 suam
1394 1047 1781 1116 majorumque
1834 1060 2061 1098 suorum

469 1135 803 1205 impietatem
854 1151 919 1190 ac
966 1138 1177 1192 scelera
1226 1138 1601 1209 redargueret.
1656 1137 1786 1193 Post
1849 1137 2059 1191 obitum

469 1243 602 1282 vero
642 1228 873 1282 Morathi
901 1230 954 1283 in
983 1231 1159 1300 patria
1202 1244 1300 1286 sua
1336 1232 1591 1295 seorsim,
1638 1246 1807 1302 prope
1852 1245 2061 1284 monu-

468 1331 711 1376 mentum
758 1321 1007 1390 Enacim,
1061 1325 1358 1379 notissimo
1404 1324 1472 1379 ad
1528 1324 1852 1380 hodiernum
1887 1337 2062 1394 usque

466 1415 608 1471 diem
645 1417 902 1487 sepulcro
930 1418 1188 1473 conditus
1220 1420 1328 1473 est.

639 1616 809 1671 Joelis
852 1618 1121 1687 prophetae
1156 1618 1289 1681 vita,
1321 1628 1370 1672 et
1398 1618 1681 1688 sepultum
1715 1621 1880 1673 locus.

538 1730 679 1785 XIV.
708 1730 823 1786 Joel
846 1733 1108 1802 propheta
1137 1733 1280 1788 [ilius
1308 1733 1535 1797 Bathuel
1562 1750 1627 1790 ex
1653 1750 1786 1805 agro
1811 1734 2061 1790 Bethoris

466 1826 519 1878 in
558 1825 706 1879 tribu
768 1823 962 1878 Ruben
1009 1824 1077 1880 de
1123 1824 1519 1897 llierosolymis
1573 1826 1744 1879 multa
1792 1826 2059 1880 vaticina-

466 1923 555 1971 tus
594 1923 701 1979 est,
737 1915 912 1985 deque
962 1916 1444 1971 consummatione
1500 1917 1743 1987 gentium
1791 1923 1950 1971 :tum
2005 1916 2060 1969 in

466 2025 598 2078 pace
625 2018 875 2064 mortuus
911 2009 964 2063 in
1001 2010 1179 2079 patria
1214 2024 1315 2066 sua
1347 2009 1637 2081 magniﬁce
1669 2010 1922 2080 sepultus
1951 2016 2055 2063 est.

604 2209 683 2263 De
716 2208 901 2262 Abdiw
922 2204 1189 2277 propheta:
1220 2209 1348 2273 vita,
1378 2218 1426 2263 et
1458 2208 1745 2277 sepultura:
1769 2208 1901 2264 loco.

535 2361 649 2419 XV.
692 2363 861 2421 Ortus
916 2365 1006 2419 hic
1067 2364 1325 2420 Siehemo
1352 2381 1417 2419 ex
1464 2380 1596 2435 agro
1632 2366 2051 2421 Bethachamar.

462 2460 556 2514 llle
600 2460 719 2530 ipse
767 2459 1285 2530 quinquagenarius
1322 2460 1519 2513 tertius
1545 2464 1652 2521 est,
1697 2458 1787 2512 cui
1824 2473 2057 2528 parcens

461 2550 755 2606 Thesbites
794 2550 940 2604 Elias
974 2550 1282 2614 descendit,
1345 2557 1399 2603 et
1447 2549 1513 2604 ad
1558 2564 1740 2620 regem
1784 2549 2053 2620 pervenit.

462 2644 780 2698 Secundum
842 2658 964 2715 qua:
1020 2644 1276 2713 palatinum
1333 2642 1539 2698 militia:
1600 2643 1929 2697 renuntians
1986 2640 2055 2695 ad

461 2737 784 2808 prophetam
829 2737 1000 2790 Eliam
1039 2736 1290 2796 adhaesit,
1331 2734 1561 2805 ejusque
1614 2752 1673 2790 se
1721 2734 2053 2805 discipulum

463 2830 619 2885 fecit.
662 2828 765 2884 Ubi
804 2830 974 2883 multa
1005 2844 1305 2899 perpessus
1332 2828 1453 2897 ejus
1484 2828 1754 2883 beneﬁcio
1800 2836 2054 2882 servatus

458 2927 564 2975 est.
601 2919 704 2985 Qui
744 2934 868 2973 cum
898 2919 1147 2983 obiisset,
1182 2919 1237 2973 in
1268 2933 1399 2990 agro
1429 2917 1885 2973 Bethachamaris
1910 2916 2053 2988 apud

459 3009 700 3079 majores
729 3025 861 3064 suos
891 3009 1142 3081 sepultus
1172 3016 1276 3064 est.

664 3210 777 3266 Vita
804 3210 959 3267 J0me
985 3212 1274 3282 prop/teut,
1299 3219 1347 3265 et
1370 3208 1653 3278 sepultura:
1679 3209 1846 3264 locus.

532 3320 671 3375 XVI.
714 3322 883 3377 Jonas
919 3326 1185 3393 propheta
1213 3322 1357 3377 ﬁlius
1389 3321 1609 3376 Amathi
1638 3336 1669 3376 e.
1697 3322 1920 3389 regione
1946 3320 2054 3375 Ca-

456 3414 851 3476 ri'athamaum,
873 3430 1042 3483 prope
1073 3416 1305 3468 Azotum
1337 3412 1587 3468 Graecam
1622 3413 1815 3467 urbem
1841 3414 2056 3467 mariti.

458 3518 605 3558 mam
621 3513 802 3559 ortum
821 3505 1032 3559 habuit.
1050 3505 1154 3560 Per
1176 3505 1228 3558 td
1248 3514 1465 3573 tempus
1481 3503 1630 3559 Elias
1646 3504 1910 3574 propheta
1928 3518 2054 3557 cum

457 3595 650 3649 Achab
671 3610 851 3665 regem
878 3594 1145 3650 Samaria:
1164 3594 1631 3665 reprehendisset,
1677 3602 1732 3649 et
1778 3596 2054 3664 ingentem

460 3690 660 3743 famem
703 3690 1027 3743 demeasset
1050 3689 1103 3742 in
1125 3685 1651 3757 terram,auiugerat
1673 3686 1729 3740 in
1753 3684 2054 3749 desertum,

462 3798 494 3834 ιι
531 3782 716 3837 corvis
768 3781 1045 3845 alebatur,
1081 3790 1135 3835 et
1164 3795 1362 3850 aquam
1403 3795 1470 3834 ex
1512 3786 1757 3833 torrente
1808 3778 2051 3848 potabat.

459 3874 583 3941 Quo
632 3875 874 3939 siccato,
921 3874 1175 3935 esuriens
1224 3873 1279 3927 in
1317 3872 1646 3943 Sarephtam
1695 3870 2055 3927 Sidoniorum

459 3969 652 4023 urbem
685 3968 751 4023 ad
783 3965 1005 4022 viduam
1036 3966 1430 4037 pauperculam
1464 3964 1723 4030 accessit,
1753 3980 1877 4036 quae
1902 3962 2056 4020 Jonte

459 4068 636 4114 mater
678 4058 802 4114 fuit.
856 4058 1029 4129 Hujus
1058 4058 1245 4129 itaque
1276 4058 1505 4112 domum
1541 4058 1829 4128 ingressus
1855 4067 1962 4122 est,
2001 4067 2057 4111 et

457 4166 583 4206 cum
632 4151 725 4207 illa
781 4152 927 4225 quod
959 4166 988 4204 a
1020 4150 1290 4221 propheta
1327 4150 1484 4221 jussa
1523 4157 1642 4206 erat
1676 4149 1922 4214 fecisset,
1960 4164 2056 4204 co-

458 4244 627 4299 laedit
672 4246 783 4309 ille,
828 4259 892 4299 ac
936 4244 1273 4299 benedicens
1318 4243 1654 4299 frumentum
1706 4242 1810 4313 ipsi
1844 4242 2055 4297 oleum-

456 4354 567 4407 que
624 4338 901 4407 praestitit,
959 4346 1126 4408 atque
1172 4336 1317 4406 apud
1362 4352 1484 4392 eam
1530 4338 1818 4393 remansit.
1869 4337 2056 4409 Neque

456 4431 604 4484 enim
635 4445 760 4483 cum
795 4429 1208 4485 incircumcisis
1240 4445 1467 4485 manere
1506 4438 1745 4499 poterat.
1791 4429 2051 4501 Ejusdem

457 4536 629 4593 porro
658 4521 837 4575 vidua:
880 4522 1050 4575 ﬁlium
1083 4520 1282 4576 Jonam
1318 4520 1465 4576 Deus
1499 4536 1597 4593 per
1632 4521 1808 4576 Eliam
1843 4524 2053 4578 exeita-
2084 4505 2130 4559 D

456 4615 597 4672 vita
632 4613 890 4677 mortuis,
945 4628 1010 4667 ac
1065 4614 1249 4667 vivum
1306 4612 1494 4678 matri,
1549 4622 1774 4684 propter
1825 4614 1947 4683 ejus
1997 4616 2054 4671 in

456 4705 705 4776 hospites
758 4704 1178 4767 humanitatem,
1214 4706 1487 4760 restituit.
1536 4705 1668 4760 Post
1696 4706 1789 4761 ubi
1828 4707 2054 4765 adultus

452 4805 541 4855 est
575 4796 766 4861 Jonas,
808 4795 1058 4851 Ninivem
1090 4795 1159 4850 ad
1191 4797 1454 4867 Assyrios
1485 4796 1693 4853 missus
1720 4796 1892 4855 Deum
1922 4798 2055 4854 eﬁ'u-

450 4907 581 4962 gere
633 4900 869 4947 conatus
915 4897 1036 4957 est;
1090 4895 1146 4945 et
1193 4906 1319 4945 cum
1379 4890 1433 4947 in
1488 4890 1719 4948 Tharsis
1771 4892 2052 4962 proﬁcisci

449 4985 634 5047 vellet,
667 4999 694 5036 a
730 4990 852 5038 ceto
883 4982 1178 5053 absorptus
1208 4991 1313 5039 est.
1353 4981 1509 5038 Unde
1540 4993 1727 5053 postea
1762 4983 2047 5053 digressus

452 5076 700 5130 divinum
737 5074 1059 5129 mandatum
1091 5073 1286 5129 Ninive
1313 5074 1631 5143 praedicavit
1663 5091 1675 5128 :
1707 5089 1817 5145 quo
1844 5073 2049 5128 factum

450 5176 557 5234 est,
590 5175 651 5223 ut
682 5165 939 5222 NinivitatI
983 5168 1052 5223 ad
1103 5166 1268 5223 Deum
1322 5166 1575 5222 conversi
1610 5167 1730 5237 ejus
1762 5168 1817 5222 in
1846 5185 1906 5224 se
1945 5168 2051 5221 mi-

453 5258 817 5318 sericordiam
860 5260 1235 5329 provocarint.
1272 5260 1427 5327 Quod
1465 5274 1609 5329 aagre
1637 5258 1820 5314 ferens
1853 5258 2049 5328 Jonas,

454 5368 519 5409 ac
564 5366 846 5415 reversus,
896 5350 953 5404 in
1002 5350 1179 5420 patria
1222 5366 1332 5405 non
1380 5350 1687 5416 remansit,
1743 5349 1841 5405 sed
1875 5360 2051 5406 matre

455 5458 642 5501 secum
697 5441 959 5505 abducta,
993 5442 1049 5495 in
1100 5441 1208 5495 Sur
1240 5441 1674 5511 alienigenarum
1710 5441 1933 5512 regione
1965 5457 2051 5497 se-

457 5534 576 5590 dem
627 5532 940 5590 constituit.
986 5529 1069 5585 Ita
1117 5531 1289 5595 enim,
1334 5530 1649 5601 inquiebat,
1710 5531 1971 5601 probrum
2016 5549 2048 5589 a

529 5680 645 5814 (38;
679 5682 810 5747 Aug.
839 5680 1007 5743 addit,
1040 5679 1156 5745 υίὸς
1205 5676 1430 5751 Ἱραμὼ,
1463 5681 1489 5733 ό
1516 5680 1904 5753 Μωρασθίτης.

532 5749 623 5814 ('59
684 5753 804 5806 "Al.
841 5751 1101 5814 ἀνηςέθη.

532 5749 645 5820 (se)
684 5753 804 5806 Ἀλ.
841 5751 1101 5820 ἀνῃρέθη.

535 5818 648 5883 μυ)
677 5822 810 5894 Aug.
851 5818 1126 5919 9.2609517:

1739 328 1827 387 ΒΗ
1840 329 1945 384 BIA
1987 328 2125 384 AUT
2166 329 2288 385 ενι
2303 328 2438 383 ΒΗ.

2084 3156 2126 3215 C

3622 336 3710 395 6%

2096 452 2137 508 Α
2171 448 2423 517 ἐμπνέων
2453 444 2619 518 ἦλθεν
2646 450 2723 513 εἰς
2755 450 2851 521 τὴν
2883 452 2984 523 γῆν
3007 452 3196 517 αὐτοῦ,
3225 452 3318 507 καὶ
3347 451 3615 522 ἀπέθανεν,
3635 458 3712 509 καὶ

2170 540 2347 610 ἐτάφη
2381 541 2501 593 ἐκεῖ
2530 542 2669 612 μετὰ
2698 542 2807 597 τῶν
2842 545 3095 617 πατέρων
3122 543 3303 599 αὑτοῦ.

2217 652 2279 703 '0
2303 652 2443 719 ,ϐίος
2468 654 2573 706 τοῦ
2600 655 2857 722 Μιχαίου
2886 655 3217 724 προφήτου,
3241 654 3335 709 καὶ
3362 654 3475 709 ποῦ
3504 657 3714 714 κεῖται.-

2241 762 2340 817 Ιῐν.
2386 763 2627 834 Μιχαίας
2657 766 2685 817 6
2720 766 3026 838 προφήτης.
3064 765 3175 837 (⁸58)
3211 759 3376 829 Οὗτος
3408 766 3645 838 ἐγεννήθη
3671 768 3719 820 ἐν

2166 854 2427 925 Μωραθεὶ
2460 856 2524 909 ἐκ
2571 856 2743 928 φυλῆς
2783 858 3042 928 Ἑφραῒμ.
3090 856 3265 911 Πολλὰ
3314 860 3555 929 ἐποίησεν
3589 856 3720 924 οὗτος

2165 947 2244 1017 τῷ
2279 946 2485 1017 Ἀχαάϐ
2513 948 2724 1018 βασιλεῖ
2782 950 2975 1016 Ἰούδα,
3019 951 3124 1003 ὑπὸ
3155 950 3210 1003 δὲ
3262 952 3460 1021 Ἰωρὰμ
3504 950 3590 1005 τοῦ
3620 950 3716 1005 υἱοῦ

2166 1036 2336 1090 αὐτοῦ
2365 1038 2676 1109 ἀναιρεῖται
2709 1039 2821 1109 (59)
2867 1040 3237 1112 κρημνωθεῖς,
3273 1042 3356 1095 ὅτι
3394 1042 3607 1112 ἤλεγχεν
3634 1045 3718 1098 αὑ-

2166 1130 2256 1182 τὸν
2315 1130 2409 1184 ἐπὶ
2458 1133 2579 1196 ταῖς
2625 1133 2907 1197 ἀσεϐείαις
2955 1132 3121 1187 αὐτοῦ
3179 1134 3270 1187 καὶ
3339 1134 3446 1186 τῶν
3499 1136 3719 1207 πατέρων

2165 1224 2353 1288 αὑτοῦ,
2385 1218 2461 1278 ὧν
2498 1225 2775 1296 ἐποίησεν.
2810 1227 2922 1279 Καὶ
2955 1225 3133 1279 θανὼν
3182 1226 3356 1295 ἐτάφη
3397 1229 3451 1279 ἐν
3492 1228 3721 1298 Μωραθεὶ

2165 1319 2223 1370 ἐν
2256 1321 2323 1389 τῇ
2370 1321 2441 1389 γῇ
2486 1317 2653 1373 αὑτοῦ
2702 1317 3045 1389 μονώτατος,
3083 1312 3351 1387 σύνεγγυς
3397 1318 3489 1371 τοῦ
3524 1320 3723 1372 πολυαν-

2165 1411 2318 1482 δρίου
2356 1410 2641 1481 Ἐνακείμ.
2672 1409 2778 1463 Καὶ
2822 1410 2969 1464 ἐστιν
2998 1410 3026 1462 ό
3067 1410 3237 1479 τάφος
3263 1409 3428 1462 αὑτοῦ
3456 1408 3723 1477 εὔγνωστος

2165 1504 2269 1565 ’ἐως
2298 1501 2397 1572 τῆς
2430 1506 2671 1573 σήμερον
2700 1503 2937 1573 ἡμέρας.

2228 1614 2291 1665 '0
2314 1613 2457 1679 ,ϐίος
2491 1611 2595 1666 τοῦ
2640 1610 2805 1679 Ἰωὴλ
2836 1610 3172 1681 προφήτου,
3203 1610 3303 1664 καί
3339 1609 3455 1663 ποῦ
3489 1608 3672 1662 κεῖται.

2238 1725 2336 1777 IA'.
2387 1723 2538 1794 Ἰωὴλ
2573 1725 2601 1776 ό
2632 1725 2919 1794 προφήτης
2956 1723 3069 1786 υἱὸς
3098 1720 3366 1792 Βαθουήλ.
3404 1715 3563 1783 Οὗτος
3589 1716 3647 1790 ἦν
3675 1717 3725 1783 ἐξ

2098 1818 2137 1873 Β
2168 1810 2339 1881 ἀγροῦ
2381 1806 2586 1881 Βηθὼμ
2617 1810 2727 1881 (40)
2774 1813 2838 1864 ἐκ
2884 1810 2987 1880 τῆς
3029 1812 3133 1882 γῆς
3182 1810 3438 1880 Ῥουείμο
3480 1809 3634 1862 πολλὰ
3674 1810 3722 1861 6‘s

2166 1902 2576 1973 προεφήτευσεν
2624 1903 2752 1973 περὶ
2786 1901 3145 1972 Ἰερουσαλὴμ
3166 1945 3180 1967 ,
3230 1901 3326 1955 καὶ
3355 1900 3531 1963 τέλεος
3562 1899 3721 1953 ἐθνῶν.

2176 1990 2351 2065 Ὁρῶν
2374 1993 2485 2064 (41)
2525 1993 2581 2046 δέ
2631 1994 2903 2048 ἀπέθανεν
2933 1995 2990 2046 ἐν
3022 1994 3239 2066 εἰρήνῃ,
3272 1993 3369 2046 καὶ
3406 1993 3571 2064 ἐτάφη
3599 1993 3649 2045 ἐν
3669 1995 3725 2063 τῇ

2163 2089 2232 2157 γῇ
2271 2086 2438 2140 αὐτοῦ
2468 2086 2721 2150 ἐνδόξως.

2213 2196 2275 2251 '0
2315 2198 2456 2264 ,βίος
2500 2197 2609 2252 τοῦ
2656 2196 2879 2251 Ἄϐδιόυ
2924 2195 3031 2277 {of}
3072 2195 3424 2266 προφήτου,
3459 2195 3553 2251 καὶ
3595 2193 3697 2250 ποῦ

2858 2283 3069 2321 κειται.

2233 2359 2335 2410 1Ε¹.
2384 2356 2601 2421 Ἀϐδίας
2628 2358 2655 2409 6
2686 2357 2992 2428 προφήτης.
3027 2349 3194 2419 Οὗτος
3214 2351 3283 2428 ἦν
3324 2357 3389 2409 ἐκ
3424 2357 3519 2428 τῆς
3549 2354 3723 2425 Συχὲμ,

2161 2448 2221 2514 ἒξ
2260 2449 2430 2521 ἀγροῦ
2474 2448 2839 2520 Βηθαχάμαρ.
2878 2443 3049 2511 Οὗτός
3085 2451 3235 2502 ἐστιν
3274 2451 3307 2501 6
3335 2448 3513 2520 τρίτος
3551 2464 3724 2516 πεντη-

2161 2540 2477 2613 κόνταρχος,
2503 2533 2566 2594 οὗ
2598 2540 2855 2610 ἐφείσατο
2895 2540 3086 2604 Ἠλίας
3117 2540 3146 2591 6
3175 2538 3469 2611 Θεσὸίτης,
3499 2539 3586 2591 καὶ
3616 2554 3724 2589 κατ-

2160 2632 2281 2703 έϐη,
2302 2633 2395 2685 καὶ
2417 2627 2549 2702 ἦλθε
2587 2630 2727 2700 πρὸς
2757 2630 2851 2683 τὸν
2882 2628 3131 2700 βασιλέα.
3168 2629 3328 2683 Μετὰ
3351 2629 3407 2683 δέ
3432 2628 3594 2683 ταῦτα
3614 2630 3724 2681 ἀπο-

2159 2725 2335 2779 λιπὼν
2367 2725 2463 2797 τὴν
2506 2723 2793 2795 βασιλικὴν
2826 2722 2993 2777 αὑτοῦ
3025 2721 3201 2790 τάξιν,
3240 2722 3633 2795 προσεκολλήθη
3660 2720 3725 2792 τῷ

2160 2820 2417 2891 προφήτῃ
2458 2818 2651 2888 Ἠλίᾳ,
2701 2817 2797 2869 καὶ
2840 2816 3059 2884 ἐγένετο
3111 2814 3277 2868 αὑτοῦ
3334 2813 3605 2886 μαθητὴς,
3645 2812 3723 2865 καὶ

2161 2910 2334 2965 πολλὰ
2370 2910 2694 2981 ὑπομείνας,
2733 2909 2801 2961 δι’
2833 2907 2996 2961 αὐτὸν
3033 2904 3413 2978 παρεσώζετο.
3442 2905 3547 2959 Kal.
3576 2899 3721 2956 θανὼν

2158 3004 2337 3074 ἐτάφη
2403 3003 2459 3058 ἐν
2520 3000 2676 3073 ἀγρῷ
2739 2999 3082 3072 Βηθαχάμαρ
3142 2997 3282 3071 μετὰ
3343 2996 3452 3052 τῶν
3504 2994 3722 3065 πατέρων

2161 3096 2327 3152 αὐτοῦ
2341 3136 2353 3150 .

2241 3210 2306 3263 ⁸0
2325 3209 2467 3275 ,ϐίος
2494 3207 2599 3262 τοῦ
2632 3204 2809 3262 Ἰωνᾶ
2832 3205 3170 3276 προφήτου,
3197 3206 3299 3261 καί
3330 3204 3449 3261 ποῦ
3476 3202 3663 3258 κεῖται.

2230 3324 2349 3389 tq'.
2391 3322 2576 3383 Ἰωνᾶς
2609 3322 2637 3374 6
2665 3320 2953 3392 προφήτης
2979 3319 3093 3383 υἱὸς
3131 3319 3371 3391 Ἀμαθῆ.
3403 3312 3563 3380 Οὗτος
3590 3312 3650 3385 ἦν
3670 3313 3716 3365 ἐκ

2157 3415 2263 3485 γῆς
2309 3412 2760 3485 Καριαθαμαοὺμ
2798 3411 2911 3483 (42)
2970 3411 3199 3483 πλησίον
3254 3413 3493 3477 Ἀζώτου
3546 3408 3723 3467 πόλεως

2171 3508 2469 3580 Ἑλλήνων,
2508 3506 2651 3562 κατὰ
2686 3504 2981 3559 θάλασσαν.
3020 3502 3133 3558 Ἤν
3164 3505 3286 3559 τότε
3329 3504 3514 3566 Ἠλίας
3550 3504 3576 3554 6
3608 3514 3721 3570 προ-

2159 3602 2339 3673 φήτης
2371 3600 2611 3671 ἐλέγχων
2657 3598 2750 3653 τὸν
2795 3598 3002 3669 Ἀχαὰό
3036 3596 3263 3669 βασιλέα
3297 3595 3618 3670 Σαμαρείας,
3646 3590 3722 3644 καὶ

2159 3693 2395 3757 καλέσας
2441 3692 2602 3763 λιμὸν
2652 3690 2827 3763 μέγαν
2859 3691 2952 3744 ἐπὶ
3002 3691 3102 3763 τήν
3145 3691 3289 3761 γῆν,
3347 3690 3542 3761 ἔφυγεν
3582 3690 3632 3740 ἐν
3666 3684 3721 3752 τῇ

2158 3788 2384 3860 ἐρήμῳ,
2420 3786 2516 3839 καὶ
2565 3783 2827 3856 ἐτρέφετο
2857 3784 2922 3837 ἐκ
2956 3782 3067 3837 τῶν
3108 3783 3400 3854 κοράκων,
3431 3782 3523 3836 καὶ
3566 3780 3721 3832 ἔπινεν

2159 3879 2307 3951 ὕδωρ
2336 3879 2401 3931 ἐκ
2427 3875 2522 3931 τοῦ
2558 3876 2884 3950 χειμάρρου,
2917 3876 3013 3930 καὶ
3046 3876 3129 3930 ὅτι
3160 3873 3436 3948 ἐξηράνθη
3464 3876 3491 3928 6
3521 3870 3721 3945 χείμαρ-

2160 3974 2274 4044 ρος,
2305 3970 2615 4036 ἐπείνασεν,
2635 3970 2729 4024 καὶ
2757 3965 2921 4041 ἦλθεν
2944 3970 3024 4033 είς
3044 3969 3316 4042 Σαραφθὰ
3348 3969 3447 4040 τῆς
3473 3963 3718 4025 Σιδωνίας,

2086 4099 2117 4156 ,Ρ
2159 4063 2297 4133 πρὸς
2335 4063 2571 4130 γυναῖκα
2603 4061 2780 4131 χήραν
2825 4060 3091 4156 πενιχρὰν
3115 4102 3129 4126 ,
3168 4060 3290 4132 ήτις
3333 4056 3403 4134 ἦν
3442 4060 3613 4156 μήτηρ
3640 4047 3717 4156 τοῦ

2171 4154 2349 4218 Ἰωνᾶ,
2377 4154 2473 4207 καὶ
2508 4152 2758 4224 εἰσῆλθεν
2792 4154 2874 4217 εἰς
2905 4152 3000 4207 τὸν
3033 4148 3180 4207 οἷκον
3216 4153 3411 4224 αὐτῆς,
3440 4152 3531 4205 καὶ
3554 4144 3719 4215 ἐποίη-

2161 4267 2252 4302 σεν
2290 4248 2471 4319 αὐτῷ,
2512 4247 2588 4311 ὡς
2638 4246 2976 4319 προσέταξεν
3019 4247 3195 4317 αὐτῇ,
3239 4247 3336 4301 καὶ
3380 4245 3592 4328 ἔφαγεν,
3641 4235 3721 4291 καὶ

2158 4342 2456 4415 εὐλόγησεν
2491 4342 2661 4412 αὐτὴν
2695 4341 2828 4411 σίτῳ
2858 4340 2954 4394 καὶ
2996 4340 3195 4413 ἐλαίῳ,
3229 4341 3327 4395 καὶ
3379 4339 3586 4411 ἔμεινεν
3619 4328 3719 4404 μετ’

2159 4435 2363 4506 αὑτῆςο
2404 4434 2467 4487 οὐ
2504 4434 2615 4503 γὰρ
2650 4433 2875 4488 ἐδύνατο
2920 4438 3101 4505 μεῖναι
3152 4432 3293 4504 μετὰ
3338 4427 3715 4503 ὰπεριτμήτων.

2160 4528 2272 4582 Καὶ
2317 4526 2548 4580 θανόντα
2591 4526 2683 4580 τὸν
2731 4526 2846 4580 υἱὸν
2894 4526 3064 4597 αὐτῆς
3132 4526 3319 4579 Ἰωνᾶν
3380 4514 3717 4591 ἀνέστησενᾶ

2159 4620 2295 4683 Θεὸς
2336 4619 2426 4672 διὰ
2464 4617 2559 4671 τοῦ
2601 4618 2778 4686 Ἠλία,
2816 4618 2912 4672 καὶ
2943 4618 3226 4672 ἀπέδωκεν
3272 4616 3435 4671 αὑτὸν
3470 4613 3632 4679 ζῶντα
3661 4606 3716 4675 τῇ

2162 4712 2359 4785 μητέρι
2412 4711 2602 4777 αὐτοῦ,
2650 4711 2741 4765 διὰ
2786 4710 2886 4783 τὴν
2930 4710 3258 4781 φιλοξενίαν.
3312 4711 3423 4764 Καὶ
3459 4705 3717 4776 γενόμενος

2159 4806 2374 4877 ήλικίας
2407 4806 2436 4858 ό
2489 4804 2695 4869 Ἰωνᾶς,
2728 4804 3012 4875 ἀπεστάλη
3065 4805 3145 4867 είς
3195 4802 3385 4857 Νινευῒ
3440 4799 3570 4872 πρὸς
3610 4792 3717 4852 τοὺς

2171 4898 2510 4970 Ἀσσυρίους,
2549 4898 2644 4951 καὶ
2678 4896 2947 4968 ἐζήτησεν
2984 4896 3169 4960 Ἰωνᾶς
3190 4890 3715 4968 άποδρᾶσαιΚύριονν

2158 4993 2256 5046 καὶ
2299 4989 2577 5059 κατεπόθη
2609 4990 2716 5043 ὑπὸ
2765 4987 2860 5041 τοῦ
2909 4988 3142 5060 κήτους,
3189 4987 3516 5059 πορευθῆναι
3556 4975 3716 5053 βουλόι

2163 5099 2327 5155 μενος
2383 5082 2463 5145 είς
2503 5080 2759 5152 Θαρσεῖς.
2819 5075 3085 5143 Ἔξελθὼν
3132 5077 3190 5131 δὲ
3248 5080 3313 5132 ἐκ
3362 5074 3453 5130 τοῦ
3502 5073 3713 5142 κήτους.

2159 5154 2427 5240 ἐκήρυξεν
2466 5167 2564 5240 τήν
2614 5168 2770 5222 πόλιν
2801 5165 3024 5234 Νινευῒ,
3062 5166 3156 5221 καὶ
3187 5166 3513 5237 μετενόησαν
3552 5161 3595 5213 οἱ
3630 5154 3714 5210 Νι-

2158 5262 2366 5317 νευῗται
2392 5261 2469 5331 τῷ
2495 5259 2636 5331 Θεῷ,
2662 5260 2755 5313 καὶ
2782 5259 3036 5330 ἠλέησεν.
3069 5258 3181 5313 Καὶ
3208 5256 3448 5328 ἐλυπήθη
3475 5257 3501 5309 6
3532 5248 3710 5308 Ἰωνᾶς,

2158 5355 2254 5408 καὶ
2275 5351 2631 5423 άνακάμψας,
2666 5352 2768 5405 οὐκ
2789 5350 3005 5424 ἔμεινέν
3031 5351 3110 5415 είς
3130 5348 3234 5416 τὴν
3254 5349 3351 5413 γῆν
3393 5342 3567 5409 αὐτοῦ,
3596 5334 3713 5394 ἀλλὰ

2158 5444 2493 5517 παραλαϐὼν
2533 5444 2633 5517 τὴν
2679 5443 2898 5515 μητέρα
2935 5441 3103 5497 αὐτοῦ
3125 5484 3141 5511 ,
3174 5440 3498 5513 παρῴκησεν
3528 5435 3600 5496 εἰς
3628 5428 3712 5495 τὴν

2156 5535 2319 5607 Σοὺρ,
2352 5533 2538 5606 χώραν
2564 5534 2675 5589 τῶν
2694 5534 3030 5604 ἀλλοφύλων.
3056 5533 3283 5604 Ἔλεγεν
3304 5531 3430 5603 γὰρ,
3450 5530 3529 5584 ὅτι
3550 5520 3710 5580 Οὕτως

2223 5683 2334 5751 (Η)
2368 5681 2475 5735 For
2531 5682 2589 5733 ἐν
2625 5679 2895 5751 Βεθορών.

2222 5754 2331 5827 (42)
2365 5756 2469 5821 Γρ.
2496 5752 2895 5825 Καριαθιαρῖμ.
