3988 6420
352 357 454 413 ιω

1446 365 1645 423 LIBER
1687 369 1774 426 DE
1812 371 1995 428 Vlle
2034 374 2584 439 PliOl’ilETARUM.

3535 388 3637 446 “0

354 470 585 542 ἁοᾳῶμαι
622 469 720 525 τὸν
742 474 1064 548 ὀνειδισμὸν,
1092 476 1172 531 ὄτι
1203 476 1543 550 ἐψευσάμην,
1568 482 1945 554 προφητεύσας

2058 505 2141 544 me
2174 496 2228 544 et
2269 490 2623 561 ignominiam
2670 492 2940 566 depellam
2978 515 2995 556 ε
3040 496 3185 567 quod
3233 513 3332 571 ego
3378 498 3642 557 adversus

357 564 503 617 κατὰ
532 563 744 618 Νινευῖ.
776 568 885 621 Kal.
922 570 1250 640 κατοικήσας
1281 572 1338 623 ὲν
1369 575 1439 643 γῇ
1466 573 1634 645 Σαὰρ,
1686 575 1805 628 ἐκεῖ
1842 576 1953 629 ἀπ-

356 653 572 721 έθανεν,
608 656 705 709 καὶ
736 658 910 730 ἐτάφη
944 661 1001 712 ὲν
1028 660 1106 733 τῷ
1135 661 1384 734 σπηλαίῳ
1401 664 1494 717 τοῦ
1531 666 1797 731 Κενεζέου
1829 685 1951 737 κρι-

354 745 473 798 τοῦ.
508 746 929 820 Προεφήτευσεν
975 750 1051 814 δὲ,
1101 753 1183 806 ὅτι
1212 754 1341 809 ὅταν
1386 755 1608 809 εἴσωσιν
1651 758 1709 811 ὲν
1755 758 1953 830 Ἰερου-

358 834 546 907 σαλὴμ
578 837 706 911 ἔθνη
733 840 923 908 πολλὰ,
958 842 1060 898 ὑπὸ
1082 844 1315 902 δυτικῶν
1348 845 1456 912 ἕως
1492 847 1722 920 ἐδάφους
1756 850 1951 919 ἀφανι-

356 927 461 999 σθή
471 946 622 983 σεται
650 931 789 1004 (45).

410 1130 465 1184 '0
489 1132 632 1199 βίος
657 1133 760 1187 τοῦ
787 1134 995 1205 Ναοὺμ
1025 1135 1367 1206 προφήτου,
1395 1138 1493 1193 καὶ
1520 1139 1640 1195 ποῦ
1680 1141 1890 1197 κεῖται.

427 1246 528 1298 IZ'.
560 1245 757 1317 Ναοῦμ
784 1248 812 1300 6
846 1250 1155 1320 προφήτης.
1188 1250 1299 1321 (Li)
1333 1243 1503 1315 Οὗτος
1529 1246 1599 1323 ἦν
1628 1252 1735 1306 ἀπὸ
1771 1252 1949 1307 Ἐλκεν

353 1334 442 1388 σέὶ
466 1334 577 1406 (45)
616 1336 790 1407 πέραν
825 1336 921 1390 τοῦ
971 1339 1237 1410 Ἰορδάνου
1268 1341 1349 1404 είς
1386 1340 1652 1414 Βηγαϐἁρ
1683 1344 1749 1396 ὲκ
1776 1343 1947 1414 φυλῆς

351 1426 601 1497 Συμεών.
645 1419 813 1491 Οὗτος
852 1430 991 1499 μετὰ
1037 1431 1128 1483 τὸν
1181 1431 1365 1485 Ἰωνᾶν
1398 1432 1817 1505 τέρας.ἒδωκεν
1851 1432 1946 1487 ἐπὶ

350 1518 564 1583 Νινευῖ,
599 1519 681 1573 ὅτι
708 1520 814 1573 ὑπὸ
847 1521 1055 1574 ὑδάτων
1094 1522 1342 1590 γλυκέων
1368 1524 1461 1577 καὶ
1490 1524 1662 1596 πυρὸς
1691 1525 1937 1591 ἐπιγείου

350 1609 673 1664 ἀπολεῖται·
711 1611 738 1663 6
764 1611 859 1665 καὶ
888 1612 1131 1681 γέγονεν.
1179 1613 1243 1665 Ἦ
1276 1614 1382 1686 γὰρ
1415 1615 1747 1685 περιέχουσα
1771 1617 1941 1691 αὐτὴν

350 1701 519 1774 λίμνη
554 1701 889 1757 κατέκλυσεν
920 1704 1087 1775 αὐτὴν
1121 1706 1180 1758 ἐν
1212 1706 1442 1777 σεισμῷ,
1486 1706 1579 1759 καὶ
1607 1706 1719 1778 πῦρ
1753 1709 1817 1760 ὲκ
1844 1709 1945 1779 τῆς

2059 578 2328 637 Ninivitas
2397 583 2705 641 vaticinans
2761 585 3031 641 mentitus
3084 586 3300 646 fuerim.
3355 587 3541 659 Itaque
3581 591 3639 647 in

2056 687 2189 739 agro
2227 671 2388 739 Saar,
2430 673 2524 728 ubi
2568 672 2909 729 domicilium
2936 676 3199 746 elegerat,
3251 684 3501 731 mortuus
3532 687 3640 743 est,

2052 769 2107 816 ‘ct
2136 762 2190 817 in
2227 779 2393 835 specu
2433 764 2678 820 Cenezaei
2727 765 2932 835 judieis
2984 767 3253 836 sepultus.
3299 766 3413 820 lloc
3458 775 3641 822 autem

2056 855 2319 924 prOpheta
2361 855 2464 910 iste
2505 857 2778 927 praedixit,
2825 864 2943 910 tum
2976 873 3102 912 cum
3140 867 3328 926 gentes
3373 858 3642 928 plurimas

2054 942 2446 1016 Hierosolymis
2502 947 2951 1016 conspexissent,
2996 946 3065 1003 ab
3111 946 3358 1005 occiduis
3407 948 3643 1003 nationi-

2049 1034 2154 1091 bus
2177 1035 2427 1092 funditus
2456 1037 2649 1093 urbem
2681 1054 2803 1094 esse
2826 1039 3141 1095 delendam.

2203 1144 2418 1201 Nullum
2447 1149 2711 1219 propheta:
2736 1150 2864 1213 vita,
2902 1161 2951 1207 et
2984 1153 3268 1222 sepultura:
3294 1153 3463 1209 locus.

2119 1259 2284 1316 XVII.
2326 1260 2605 1319 Oriundus
2647 1264 2737 1318 hic
2781 1264 2963 1322 Elcesi
3010 1274 3164 1322 trans
3193 1266 3487 1323 Jordanem
3517 1283 3640 1323 vcr-

2045 1369 2142 1410 sns
2188 1353 2456 1425 Begabar,
2507 1372 2574 1411 ex
2619 1357 2764 1412 tribu
2801 1357 3101 1425 Simeonis,
3131 1362 3362 1415 alterum
3394 1370 3517 1431 post
3542 1360 3642 1416 Jo-

2045 1461 2172 1499 nam
2222 1446 2290 1502 de
2330 1444 2529 1503 Ninive
2571 1457 2887 1520 portentum
2922 1451 3119 1516 edixit,
3171 1450 3313 1520 fore,
3371 1461 3429 1506 ut
3478 1454 3640 1522 aquis

2044 1538 2298 1594 dulcibus
2369 1548 2533 1611 atque
2606 1549 2931 1611 erumpente
3013 1542 3084 1596 ab
3148 1542 3318 1597 humo
3382 1542 3639 1597 incendio

2046 1628 2476 1698 periret:quod
2524 1630 2601 1685 ita
2654 1631 2911 1702 contigit.
2965 1630 3103 1686 Nam
3161 1632 3314 1687 lacus
3368 1633 3479 1700 ille,
3538 1633 3635 1702 qui

2041 1720 2316 1774 ambiebat
2344 1722 2564 1787 urbem,
2599 1725 2890 1792 repentino
2939 1732 3102 1779 terrae
3136 1734 3289 1779 motu
3340 1725 3492 1778 illam
3539 1725 3641 1791 ob-

350 1793 568 1864 ἐρήμου
607 1794 834 1849 ἐπελθὸν
867 1796 1045 1849 πάντα
1085 1794 1396 1869 ὑψηλότερα
1427 1797 1602 1867 αὐτῆς
1639 1799 1942 1871 ἐνέπρησεν

353 1886 496 1914 ηιξ-..
528 1885 639 1914 tam
706 1885 1003 1914 u..m-..-..
1026 1886 1077 1914 ὲ).
1102 1888 1286 1914 Μ..-ε...
1320 1890 1377 1914 2...
1401 1890 1586 1914 4-4....
1643 1890 1733 1914 ...Α
1769 1891 1937 1914 1-1“-..

2050 1814 2195 1867 ruit:
2224 1822 2340 1869 tum
2375 1814 2519 1886 ignis
2564 1830 2596 1871 e
2638 1816 2938 1874 solitudine
2972 1832 3342 1888 prorumpens
3376 1817 3639 1873 editiores

353 1886 498 1957 μέρη
527 1885 663 1957 (46).
706 1885 1003 1941 ’Δπέθανεν
1023 1886 1079 1940 δὲ
1100 1888 1294 1960 Ναοῦμ
1319 1890 1377 1943 ἐν
1398 1890 1612 1961 εἰρήνῃ,
1643 1890 1738 1944 καὶ
1767 1891 1941 1963 ἐτάφη

2050 1903 2202 1960 urbis
2256 1912 2440 1975 partes
2496 1906 2762 1963 incendit.
2811 1885 3099 1963 Postremo
3138 1885 3350 1963 Nahum
3395 1908 3451 1963 in
3490 1923 3628 1979 pace

349 1978 411 2030 ὲν
444 1980 512 2049 τῇ
538 1980 609 2050 γῇ
634 1977 798 2031 αὐτοῦ
835 1979 1125 2053 Βηγαϐάρ.

358 2088 426 2143 '0
444 2090 588 2157 βίος
607 2090 714 2145 τοῦ
748 2092 1080 2163 Ἀϐϐακοὺμ
1105 2094 1437 2164 προφήτου,
1470 2096 1569 2151 καὶ
1590 2097 1711 2151 ποῦ
1730 2097 1940 2153 κεῖται.

418 2206 529 2258 IH'.
572 2204 891 2278 Ἀὄϐακοὺμ
928 2208 957 2261 6
1003 2209 1309 2281 προφήτης.
1344 2205 1515 2275 Οὗτος
1562 2207 1630 2283 ἦν
1667 2212 1726 2276 ἐξ
1771 2211 1942 2283 ἀγροῦ

348 2295 640 2368 Βηθζοχὴρ
668 2298 779 2369 (47)
829 2300 896 2352 ὲκ
934 2299 1108 2371 φυλῆς
1143 2299 1392 2372 Συμεών.
1449 2297 1618 2367 Οὗτος
1659 2299 1799 2357 εἶδεν
1838 2304 1945 2375 πρὸ

350 2385 452 2453 τῆς
481 2386 864 2457 αἰχμαλωσίας
890 2389 1017 2460 περὶ
1039 2390 1140 2460 τῆς
1163 2390 1421 2456 ἁλώσεως
1450 2393 1828 2464 Ἰερουσαλὴμ,
1848 2394 1944 2447 καὶ

344 2477 619 2550 ὲπένθησε
649 2479 857 2551 σφόδρα
888 2480 981 2535 ἐπὶ
1015 2484 1081 2554 τῇ
1115 2482 1268 2537 πόλει
1321 2485 1418 2539 καὶ
1447 2484 1527 2556 τῷ
1561 2484 1693 2557 λαῷ.
1718 2487 1828 2540 Kal.
1855 2486 1944 2540 ὅτε

345 2567 481 2640 ἦλθε
518 2570 991 2646 Ναϐουχοδονόσορ
1031 2576 1114 2638 είς
1150 2575 1510 2648 Ἰερουσαλὴμ
1546 2576 1642 2630 τοῦ
1670 2579 1944 2650 πορθῆσαι

343 2661 543 2733 αὐτὴν,
569 2655 727 2727 οὗτος
764 2661 972 2732 ἔφυγεν
1014 2667 1095 2728 είς
1144 2666 1528 2737 Ὀστρακίνην,
1572 2666 1667 2721 καὶ
1711 2663 1781 2738 ἦν
1826 2670 1946 2722 ἐκεῖ

342 2753 616 2825 πάροικος
662 2755 743 2817 είς
788 2754 892 2825 γῆν
959 2754 1206 2826 Ἰσμαήλ.
1270 2756 1359 2820 Ὠς
1392 2756 1450 2810 δὲ
1494 2757 1843 2829 ὑπέστρεψαν
1894 2759 1945 2813 oi

341 2844 611 2899 Χαλδαῖοι
648 2844 758 2898 ἀπὸ
807 2848 909 2917 τῆς
958 2845 1315 2918 Ἰερουσαλὴμ
1348 2847 1430 2911 είς
1460 2847 1561 2919 τὴν
1588 2850 1694 2920 γῆν
1739 2849 1941 2915 αὐτῶν,

341 2936 570 3006 λάφυρα
596 2936 772 3008 αὐτὴν
792 2938 1146 3008 ποιήσαντες,
1167 2938 1264 2991 καὶ
1280 2939 1330 2992 οἱ
1360 2939 1684 2993 κατάλοιποι
1714 2940 1763 2993 οἱ
1793 2940 1946 3005 ὄντες

338 3032 404 3083 ἐν
444 3028 803 3100 Ἰερουσαλὴμ
863 3028 1176 3101 κατέϐησαν
1227 3031 1310 3094 είς
1360 3030 1657 3099 Αἴγυπτον,
1696 3032 1860 3095 αὐτὸς
1887 3032 1944 3085 δὲ

341 3092 580 3192 ἀνῆλθεν
627 3121 709 3183 είς
744 3092 854 3191 ’τὴν
896 3120 1005 3190 γῆν
1046 3092 1251 3186 αὑτοῦ,
1290 3092 1404 3175 καὶ
1440 3092 1777 3193 έλειτούργει
1824 3092 1940 3187 τοῖς
1982 3092 1988 3101 ⁸

2047 2004 2298 2055 mortuus
2321 1998 2376 2053 in
2407 2000 2580 2069 patria
2613 2015 2713 2055 sua
2738 2000 3018 2069 Begabare
3058 2002 3307 2071 sepultus
3331 2008 3438 2056 est.

2187 2107 2404 2164 Abacuc
2464 2110 2731 2179 prop/tela:
2761 2112 2893 2178 vita,
2925 2120 2975 2166 et
3004 2114 3297 2181 sepultura:
3326 2110 3494 2167 locus.
3570 2100 3577 2105 ’

2114 2220 2304 2276 XVIII.
2344 2222 2566 2277 Abaeuc
2618 2224 2884 2294 propheta
2947 2240 3014 2278 ex
3090 2237 3223 2294 agro
3279 2222 3621 2278 Bethsocber

2046 2314 2195 2370 tribu
2242 2312 2521 2369 Simeonis
2562 2314 2832 2386 originem
2872 2314 3032 2369 duxit
3063 2331 3076 2368 :
3105 2314 3200 2381 qui
3234 2322 3362 2370 ante
3403 2314 3635 2385 Babylo-

2046 2405 2227 2459 nieam
2259 2405 2642 2475 migrationem
2674 2403 3177 2477 Hierosolymorum
3202 2405 3472 2461 excidium
3511 2421 3644 2477 pro-

2046 2498 2306 2567 spiciens,
2359 2497 2712 2554 vehementer
2757 2498 2947 2553 urbem
3035 2512 3101 2553 ac
3154 2498 3419 2569 populum
3476 2498 3634 2553 luxit.

2044 2585 2182 2641 Cum
2215 2596 2395 2642 autem
2426 2586 2943 2642 Nabuchodonosor
2988 2586 3424 2659 Hierosolymam
3456 2588 3640 2643 venis-

2046 2686 2148 2741 set,
2182 2684 2243 2732 ut
2271 2694 2391 2733 eam
2436 2685 2726 2745 everteret,
2758 2677 2813 2731 in
2843 2675 3192 2734 Ostracinem
3220 2677 3467 2749 profugit
3493 2696 3507 2732 :
3541 2680 3636 2733 ubi

2048 2769 2102 2822 in
2137 2768 2537 2824 lsmaelitarum
2566 2770 2792 2840 regione
2821 2770 3210 2839 peregrinatus
3236 2778 3340 2825 est.
3367 2769 3639 2826 Chaldaeis

2046 2874 2176 2915 vero
2200 2867 2323 2930 post
2345 2867 2504 2931 capta
2542 2875 2607 2915 ac
2641 2861 2855 2931 direpta
2891 2859 3273 2933 Hierosolyma
3316 2862 3369 2915 in
3404 2862 3638 2932 patriam

2044 2951 2307 3016 reversis,
2367 2965 2494 3005 cum
2550 2950 2610 3016 ii,
2665 2951 2756 3021 qui
2806 2950 2862 3005 in
2908 2950 3043 3008 urbe
3094 2952 3306 3007 residui
3360 2958 3543 3017 erant,
3580 2951 3636 3006 in

2044 3039 2341 3113 Egyptum
2386 3039 2678 3112 fugissent,
2713 3041 2937 3095 Abacuc
2989 3040 3044 3095 in
3077 3043 3310 3112 patriam
3348 3056 3640 3112 regressus

2045 3139 2130 3186 est
2162 3149 2175 3185 :
2213 3131 2303 3185 ubi
2333 3138 2388 3185 et
2422 3131 2535 3201 agri
2572 3130 2658 3186 sui
2694 3131 3041 3186 messoribus
3097 3132 3247 3202 (nam
3272 3131 3278 3137 ’
3301 3131 3381 3186 ibi
3433 3131 3637 3187 hordea

343 3216 630 3286 θερισταῖς
660 3214 755 3267 τοῦ
788 3214 963 3286 ἀγροῦ
1008 3214 1205 3269 ἑαυτοῦ
1233 3215 1517 3288 (ἔσπειρεν
1544 3216 1653 3287 γὰρ
1681 3217 1931 3290 κριθὰς),

2050 3222 2273 3291 several)
2326 3221 2640 3277 necessaria
2696 3222 3052 3287 ministravit,
3105 3238 3170 3276 ac
3212 3222 3420 3276 cibaria
3464 3222 3632 3279 coxit.

345 3309 444 3368 καὶ
464 3306 681 3380 ἥψησεν
711 3308 901 3371 αὐτοῖς
933 3307 1225 3379 ἐδέσματα.
1258 3307 1372 3363 Καὶ
1402 3309 1778 3380 προεφήτευσε
1823 3311 1939 3373 τοῖς

354 3399 525 3464 ἰδίοις,
552 3396 724 3452 εἰπών
744 3416 761 3430 ο
796 3416 815 3449 ι
843 3398 1156 3470 Πορεύομαι
1188 3400 1300 3469 ἐγὼ
1335 3402 1415 3464 είς
1441 3400 1548 3470 γῆν
1580 3401 1819 3474 μακρὰν,
1845 3402 1940 3456 καὶ

355 3487 557 3557 ταχέως
578 3486 1032 3559 ὲπανελεύσομαι.
1070 3488 1197 3542 Ἐὰν
1219 3489 1276 3541 δὲ
1310 3488 1576 3560 βραδύνω,
1598 3489 1940 3558 ἁπενέγκατε

352 3583 545 3650 φαγεῖν
570 3583 684 3645 τοῖς
709 3580 1005 3651 θερισταῖς.
1045 3600 1064 3633 ι
1101 3581 1212 3633 Kal.
1234 3580 1528 3652 γενόμενος
1554 3581 1612 3633 ὲν
1637 3580 1938 3645 Βαϐυλῶνι,

346 3674 444 3727 καὶ
479 3672 603 3737 δοὺς
635 3673 696 3727 τὸ
735 3672 958 3743 ἄριστον
995 3672 1074 3742 τῷ
1116 3672 1315 3744 Δανιὴλ
1361 3673 1442 3736 είς
1481 3670 1574 3726 τὸν
1601 3670 1805 3726 λάκκον
1832 3671 1942 3726 τῶν

340 3768 601 3835 λεόντων,
631 3766 977 3838 ὑποστρέψας
1005 3765 1248 3838 παρέστη
1279 3767 1391 3830 τοῖς
1425 3765 1699 3836 θερισταῖς
1734 3763 1944 3818 ἐσθίου-

346 3878 459 3927 σιν,
492 3860 589 3914 καὶ
630 3858 806 3913 οὐδενὶ
859 3854 1013 3911 εἶπεν
1056 3857 1118 3911 τὸ
1172 3858 1484 3929 γενόμενον.
1527 3857 1767 3928 Συνῆκεν
1824 3855 1882 3909 δὲ
1914 3858 1944 3910 6

343 3951 659 4022 προφήτης,
685 3949 766 4003 ὅτι
793 3948 979 4019 τάχιον
1002 3948 1116 4019 (48)
1138 3948 1452 4020 ἐπιστρέψει
1474 3950 1502 4002 6
1518 3947 1647 4012 λαὸς
1672 3951 1736 4001 ὲκ
1767 3947 1944 3999 Βαϐυ-

342 4042 523 4104 λῶνος
562 4043 641 4105 είς
682 4040 1060 4112 Ἰερουσαλήμ.
1112 4040 1354 4094 Ἔδωκεν
1405 4039 1463 4093 δὲ
1506 4038 1673 4111 τέρας
1720 4041 1833 4103 τοῖς
1885 4040 1943 4093 ὲν

359 4132 616 4204 Ἰουδαίᾳ,
654 4131 737 4185 ὅτι
764 4131 986 4201 δψονται
1009 4133 1068 4185 ὲν
1109 4130 1187 4203 τῷ
1213 4132 1327 4200 ναῷ
1369 4131 1486 4203 φῶς
1529 4132 1673 4203 μέγα
1716 4132 1945 4201 διαλάμ-

345 4227 483 4297 ψαν,
516 4225 611 4278 καὶ
651 4223 828 4287 οὕτως
877 4223 1081 4278 εἴσουσι
1116 4223 1214 4295 τὴν
1262 4223 1421 4289 δόξαν
1469 4222 1567 4277 τοῦ
1620 4223 1775 4277 Θεοῦ.
1830 4225 1944 4280 Kal.

348 4314 486 4385 περὶ
541 4316 640 4385 τῆς
670 4313 987 4378 συντελείας
1039 4313 1135 4368 τοῦ
1190 4314 1321 4368 ναοῦ
1366 4317 1671 4387 προεῖπεν,
1723 4315 1804 4369 ὅτι
1838 4316 1944 4370 ὑπὸ

347 4407 542 4471 ἔθνους
598 4404 818 4462 δυτικοῦ
869 4408 1158 4476 γενήσεται
1211 4409 1245 4478 ἡ
1299 4407 1568 4480 πόρθησις
1628 4408 1724 4464 τοῦ
1811 4409 1942 4463 ναοῦ

360 4499 744 4571 Ἰερουσαλήμ.
778 4498 914 4552 Τότε
961 4499 1024 4553 τὸ
1057 4499 1296 4570 ἂπλωμα
1344 4499 1440 4554 τοῦ
1484 4500 1677 4573 δαδεὶρ
1728 4503 1809 4565 εἰς
1848 4501 1943 4556 δύο

352 4589 499 4661 μέρη
529 4590 850 4660 ῥαγήσεται,
873 4588 967 4643 καὶ
988 4588 1260 4661 ὲπίκρανα
1292 4590 1400 4644 τῶν
1426 4590 1521 4645 δύο
1541 4591 1750 4644 στόλων
1782 4594 1941 4662 ἀφαι-

351 4680 700 4754 ρεθήσονται,
736 4681 832 4734 καὶ
857 4680 1033 4743 οὐδεὶς
1068 4678 1359 4748 γνώσεται,
1394 4681 1498 4735 ποῦ
1534 4681 1769 4738 ἔσονται.
1797 4682 1948 4736 acea;

345 4771 412 4825 δὲ
440 4773 500 4824 ὲν
530 4774 595 4842 τῇ
619 4771 811 4843 ἐρήμῳ
854 4771 1319 4841 ἀπενεχθήσονται
1352 4772 1459 4826 ὑπὸ
1513 4772 1784 4842 ἀγγέλων,
1812 4775 1945 4827 ὅπου

348 4863 586 4933 ἔναγχος
615 4863 797 4935 ἐπάγη
825 4867 858 4935 ή
885 4863 1059 4935 σκηνὴ
1086 4864 1182 4918 τοῦ
1210 4865 1537 4937 μαρτυρίου,
1558 4868 1655 4919 καὶ
1684 4868 1743 4921 ὲν
1763 4867 1949 4930 αὐτοῖς

348 4954 734 5025 γνωσθήσεται
769 4956 864 5009 ἐπὶ
901 4955 1047 5008 τέλει
1088 4955 1315 5029 Κύριος,
1349 4957 1434 5010 ὅτι
1486 4959 1786 5027 φωτίσουσι
1816 4960 1948 5023 τοὺς

348 5045 721 5116 διωκομένους
756 5047 865 5101 ὑπὸ
914 5046 1008 5101 τοῦ
1052 5047 1227 5117 ὄφιος,
1273 5048 1464 5121 ὥσπερ
1496 5050 1557 5117 ἐξ
1605 5051 1814 5122 ἀρχῆς,
1851 5054 1949 5106 καὶ

347 5136 615 5193 διασώσει
644 5140 841 5202 αὐτοὺς
860 5137 1063 5212 Κύριος
1090 5141 1156 5194 ὲκ
1188 5143 1349 5206 σκιᾶς
1382 5141 1638 5210 θανάτου,
1662 5143 1757 5197 καὶ
1795 5143 1950 5199 ἔσον-

350 5246 449 5283 ται
499 5229 558 5283 ὲν
611 5232 784 5301 σκηνῇ
830 5230 983 5301 ἁγίᾳ,
1038 5223 1209 5297 Οὗτος
1261 5234 1291 5287 6
1346 5234 1635 5305 προφήτης
1680 5235 1811 5304 περὶ
1849 5235 1951 5307 τῆς

350 5319 627 5385 ἐλεύσεως
662 5321 760 5376 τοῦ
794 5322 1001 5394 Κυρίου
1036 5323 1206 5378 πολλὰ
1255 5326 1668 5397 προεφήτευσεν
1689 5342 1703 5358 ο
1740 5327 1849 5401 πρὸ
1888 5327 1948 5380 δὲ

353 5414 456 5469 δύο
502 5414 641 5470 ἑτῶν
681 5415 784 5488 τῆς
809 5415 1152 5488 ἐπιστροφῆς
1189 5416 1285 5471 τοῦ
1313 5416 1444 5471 λαοῦ
1480 5417 1582 5490 τῆς
1625 5418 1736 5472 ἀπὸ
1768 5418 1949 5474 Βαϐυ-

435 5570 554 5646 (45)
579 5572 721 5646 Aug.
767 5572 857 5646 δτε
906 5572 1065 5646 ἴδωσι
1111 5572 1257 5646 λίθον
1316 5572 1522 5646 βοῶντα
1598 5574 1828 5646 οίκερῶς
1881 5576 1947 5642 (Ῑ.

354 5641 637 5711 οξκτρῶς),
670 5641 880 5711 ἐγγίζει
903 5642 964 5695 τὸ
990 5642 1163 5707 τέλος⁹
1219 5641 1403 5699 ὅτε⁷δὲ
1446 5644 1629 5701 ἴδωσιν
1670 5641 1846 5701 πᾶντα
1880 5641 1947 5701 τὰ

356 5711 516 5780 ἔθνη,
541 5714 664 5767 τότε
689 5715 724 5783 ἡ
754 5712 911 5775 πόλις
942 5712 1383 5783 ὲδαφισθήσεται.

434 5783 548 5856 (il)
587 5782 727 5855 Aug.
760 5782 876 5846 υἱὸς
922 5782 1258 5849 Ἑλκεσαίου.

2040 3312 2178 3367 Tum
2226 3312 2547 3370 domesticis
2574 3313 2651 3368 ita
2702 3312 3035 3369 vaticinatus
3088 3320 3172 3369 est
3207 3330 3220 3367 :
3254 3332 3272 3365 ι
3314 3310 3486 3376 Vado,
3552 3312 3638 3367 iu-

2039 3403 2180 3474 quit,
2228 3402 2284 3458 in
2326 3403 2680 3475 longinquam
2728 3403 3009 3476 regionem
3039 3444 3053 3470 ,
3087 3404 3233 3458 unde
3266 3403 3522 3459 celeriter
3551 3419 3637 3459 re-

2040 3504 2246 3552 vertar.
2282 3493 2670 3552 Verumtamen
2698 3497 2743 3553 si
2774 3511 2986 3552 moram
3039 3496 3152 3551 illic
3195 3496 3401 3562 fecero,
3441 3513 3540 3552 vos
3569 3497 3636 3551 ad

2043 3604 2317 3645 messores
2341 3588 2547 3643 cibaria
2582 3597 2813 3660 portate.
2846 3608 2864 3641 ι
2895 3588 3209 3645 Secundum
3256 3588 3370 3644 haec
3408 3588 3639 3660 Babylo-

2046 3697 2172 3737 nem
2237 3682 2566 3745 translatus,
2624 3696 2751 3737 cum
2810 3680 3023 3737 Danieli
3079 3681 3134 3736 in
3191 3681 3409 3736 leonum
3468 3695 3637 3737 cavea

2044 3764 2335 3844 prandium
2377 3773 2710 3839 obtulisset,
2743 3774 3022 3845 extemplo
3080 3788 3362 3838 reversus,
3412 3789 3638 3829 vescen-

2044 3865 2193 3919 tibus
2258 3865 2601 3922 messoribus
2656 3864 2941 3930 interfuit,
2987 3881 3165 3936 neque
3194 3864 3451 3935 cuiquam
3485 3864 3660 3934 quod.

2045 3954 2321 4011 acciderat
2349 3955 2697 4027 signiﬁcavit.
2723 3957 2937 4012 Caeteru
2950 3972 3005 4010 ιιι
3030 3957 3164 4012 illud
3196 3957 3336 4011 idem
3367 3956 3634 4028 propheta

2044 4046 2300 4117 cognovit
2328 4064 2342 4100 :
2375 4046 2528 4102 brevi
2567 4047 2833 4117 populum
2882 4062 2913 4102 e
2956 4046 3262 4117 Babylonia
3300 4047 3354 4101 in
3385 4045 3633 4103 Iudaeam

2044 4138 2375 4193 rediturum.
2416 4137 2560 4204 Quin
2603 4146 2657 4194 et
2698 4137 2840 4209 signi
2886 4138 3009 4193 loco
3039 4146 3357 4209 portentum
3399 4139 3489 4206 iis,
3533 4138 3632 4210 qui

2043 4228 2286 4285 Iudaeam
2322 4229 2662 4297 incolebant,
2698 4229 3046 4284 denuntiavit
3082 4248 3096 4285 :
3133 4230 3351 4285 visuros
3386 4229 3510 4286 illos
3535 4230 3633 4284 ali-

2047 4319 2267 4393 quando
2299 4321 2476 4376 lucem
2501 4321 2802 4391 ingentem,
2826 4337 2949 4391 quae
2975 4320 3028 4375 in
3057 4321 3262 4392 templo
3288 4321 3621 4381 colluceret.

2049 4420 2217 4482 atque
2249 4411 2357 4466 hoc
2378 4419 2541 4482 pacto
2564 4409 2661 4467 Dei
2689 4411 2920 4483 gloriam
2948 4419 3347 4482 conspecturos
3375 4424 3521 4466 esse.
3554 4411 3635 4464 Ad

2051 4501 2166 4556 haec
2219 4499 2288 4556 de
2338 4500 2525 4571 templi
2589 4499 2741 4556 exitu
2803 4514 2867 4555 ac
2925 4499 3031 4556 line
3097 4499 3432 4554 vaticinatus
3504 4508 3635 4567 est;

2049 4608 2247 4664 nempe
2299 4593 2369 4649 ab
2419 4591 2750 4648 occidentali
2806 4593 3010 4665 pepulo
3075 4591 3637 4666 Hierosolymitanum

2055 4686 2317 4756 templum
2343 4686 2589 4741 excisum
2622 4685 2707 4741 iri.
2747 4682 2928 4750 Tunc,
2964 4686 3163 4757 inquit,
3187 4686 3469 4742 interioris
3490 4685 3640 4758 adyti

2048 4777 2230 4834 velum
2272 4777 2414 4835 duas
2436 4779 2492 4832 in
2519 4786 2705 4848 partes
2735 4777 3043 4843 scindetur,
3080 4790 3134 4832 et
3165 4778 3328 4832 ambo
3364 4777 3641 4830 columna-

2042 4884 2168 4926 rum
2198 4870 2450 4941 capitolia
2482 4870 2840 4925 detrahentur
2864 4909 2881 4936 ,
2931 4884 3032 4924 nec
3064 4869 3153 4922 ubi
3195 4869 3306 4924 sint
3347 4869 3639 4937 quisquam

2048 4970 2368 5033 cognoscet.
2407 4959 2485 5015 Ea
2511 4976 2644 5016 vero
2672 4977 2769 5031 per
2796 4960 3024 5031 angelos
3052 4959 3337 5014 desertum
3376 4959 3430 5012 in
3458 4960 3637 5014 locum

2052 5051 2539 5123 deportabuntur,
2573 5052 2665 5107 ubi
2712 5052 3130 5108 tabernaculum
3180 5051 3485 5107 testimonii
3531 5065 3637 5105 non

2052 5143 2132 5197 ita
2181 5142 2393 5215 pridem
2439 5150 2794 5200 exstructum
2845 5155 2948 5199 cst.
2994 5149 3174 5214 Atque
3217 5144 3272 5199 in
3314 5142 3507 5200 iisdem
3545 5157 3645 5214 po-

2053 5246 2261 5291 Stremo
2299 5244 2668 5307 cognoscetur
2707 5236 2995 5301 Dominus.
3034 5236 3478 5308 quandoquidem
3519 5250 3638 5300 eos,

2053 5343 2194 5399 quos
2240 5343 2468 5399 serpens
2515 5329 2860 5400 insequetur,
2914 5346 3023 5386 non
3073 5345 3236 5386 secus
3291 5339 3455 5399 atque
3503 5327 3636 5380 olim

2056 5421 2488 5487 collustrabunt,
2540 5428 2596 5477 et
2642 5436 2740 5478 eos
2796 5421 2951 5493 ipsos
3005 5421 3275 5477 Dominus
3324 5434 3392 5475 ex
3447 5417 3638 5473 umbra

2129 5576 2244 5646 (45)
2279 5578 2388 5644 I'p.
2420 5576 2533 5646 ἀπὸ
2565 5576 2787 5635 ἰεσϐεί.

2124 5644 2236 5720 (46)
2273 5649 2376 5720 (ἶρι
2409 5644 2742 5720 ἑωλότςερον
2767 5654 2821 5706 οι
2848 5644 3034 5719 μέρος·

2122 5716 2234 5787 φιτ)
2276 5718 2380 5791 Ep.
2414 5715 2693 5791 Βιδζεχάρ.

2122 5785 2238 5859 (48)
2274 5789 2378 5857 Γρ.
2408 5785 2591 5855 τάχει.
