3988 6414
251 389 362 450 415

1332 397 1536 455 LIBER
1580 395 1665 452 DE
1703 393 1889 452 ViTIS
1929 392 2478 453 PROPIIETARL'M.

3429 388 3537 449 4ιᾶ

263 516 455 585 λῶνος,
476 519 730 574 τίκτεται
760 519 817 575 ὲν
842 517 992 588 Σοφᾶ
1011 517 1123 590 (56)
1144 519 1202 572 ὲν
1230 520 1300 589 γῇ
1328 516 1633 583 Ζαϐουλὼν,
1661 516 1757 570 καὶ
1773 515 1855 570 ἔτι
1882 570 1885 578 ς

1996 508 2211 571 L’adliuc
2237 515 2458 586 juvenis
2503 515 2623 571 vita:
2650 514 2959 585 integritate
2987 513 3399 569 commendatus
3428 523 3543 568 est.-

271 612 388 679 νέος
415 608 490 666 ὢν
519 612 688 668 καλὸν
721 612 835 684 βίον
857 612 1013 683 ἔσχεν
1035 611 1168 682 (57).
1195 609 1371 663 Πολλὰ
1399 610 1457 664 δὲ
1482 610 1856 683 προεφήτευσε

272 703 405 776 περὶ
424 703 526 774 της
556 704 656 758 τοῦ
686 703 890 775 Κυρίου
914 701 1206 774 ἐπιδημίας
1232 700 1327 755 καὶ
1350 701 1479 773 περὶ
1506 701 1738 773 κρίσεως
1768 717 1856 755 νε·-

274 795 447 867 κρῶν,
477 796 567 872 ὅτι
591 795 660 848 τὰ
679 794 776 868 ἔθη
806 795 1085 858 Μωῦσέως
1107 792 1553 866 πληρωθήσονται
1583 793 1678 846 καὶ
1696 791 1862 847 ἅλλα·-

271 889 560 959 γήσονται.
580 886 692 940 Καὶ
713 887 901 958 ἐπειδὴ
923 889 1029 950 πᾶς
1059 886 1087 937 ὁ
1117 885 1241 949 λαὸς
1258 885 1419 957 ἐτίμα
1435 885 1593 939 αὐτὸν
1619 884 1694 949 ὡς
1715 885 1860 938 ὅσιον

274 979 373 1032 καὶ
404 979 598 1050 πρᾶον,
645 979 875 1033 ἐκάλεσε
918 978 1032 1049 (58)
1075 977 1396 1048 Μαλαχίαν,
1435 977 1464 1031 ὃ
1501 976 1862 1048 ἑρμηνεύεται

274 1070 562 1141 ἄγγελος·
591 1066 659 1143 ῆν
678 1071 788 1142 γὰρ
817 1070 896 1142 τῷ
915 1070 1043 1124 είδει
1066 1069 1207 1124 πάνυ
1234 1069 1514 1140 εὐπρεπής
1532 1068 1663 1140 (59).
1699 1066 1862 1121 Ἀλλὰ

277 1163 375 1216 καὶ
403 1163 502 1215 ὅσα
528 1158 682 1215 εἶπεν
716 1160 881 1224 αὐτὸς
910 1161 969 1214 ἐν
1009 1159 1340 1232 προφητείᾳ,
1386 1158 1524 1229 αὐτῇ
1564 1159 1633 1229 τῇ
1678 1154 1864 1227 ἡμέρα

278 1249 515 1321 ἄγγελος
572 1248 758 1319 ὀφθεὶς
806 1247 1241 1319 ὲπεδευτέρωσεν
1296 1244 1461 1302 αὐτοῦ
1514 1245 1613 1317 τὴν
1653 1261 1867 1317 προφη-

276 1341 467 1406 τείαν,
536 1340 725 1413 ὥσπερ
777 1340 873 1395 καὶ
921 1339 1141 1409 ἐγένετο
1192 1338 1252 1391 ὲν
1307 1340 1426 1401 ταῖς
1472 1336 1710 1408 ἡμέραις
1764 1336 1867 1407 τῆς

275 1432 565 1505 ἀναρχίας,
600 1431 677 1496 ὡς
707 1431 1018 1503 γέγραπται
1058 1431 1117 1483 ὲν
1142 1427 1440 1501 Σχοφθεὶμ,
1474 1426 1771 1492 τουτέστιν,
1808 1428 1866 1481 ἐν

279 1525 452 1596 βίϐλῳ
478 1522 715 1595 Κριτῶν.
743 1523 882 1587 Νέος
909 1522 967 1575 δὲ
1011 1520 1086 1575 ὢν
1112 1521 1140 1574 ὁ
1167 1519 1450 1593 προφήτης
1485 1517 1742 1581 ἀπέθανε,
1771 1516 1865 1571 καὶ

275 1604 587 1689 προσετέθη
624 1615 760 1688 πρὸς
803 1614 931 1678 τοὺς
974 1614 1218 1685 πατέρας
1264 1609 1431 1664 αὑτοῦ
1482 1611 1541 1662 ὲν
1596 1608 1675 1680 τῷ
1711 1606 1869 1683 ἀγρῷ

277 1709 451 1764 αὐτοῦ
483 1708 616 1780 (60).

1962 608 2129 663 Multa
2159 608 2228 663 de
2262 607 2498 662 adventu
2536 605 2751 662 Domini
2804 606 2979 675 deque
3011 614 3351 661 mortuorum
3388 603 3538 675 judio

1959 698 2047 754 cio
2069 697 2399 753 vaticinatus
2419 706 2504 753 est
2537 717 2550 753 :
2581 695 2834 769 praedixit
2862 694 3168 764 implendos
3192 702 3539 748 commutan-

1959 791 2169 861 dosque
2201 788 2368 846 Mosis
2398 790 2538 844 ritus
2561 803 2626 843 ac
2649 785 3023 842 caeremonias.
3055 784 3121 838 Et
3150 786 3408 854 quoniam
3430 784 3540 839 vcl-

1966 888 2027 934 ut
2074 892 2297 937 sanctus
2340 888 2395 935 et
2434 887 2757 935 mansuetus
2788 878 2843 932 in
2875 877 3079 932 honore
3107 874 3251 946 apud
3282 876 3539 945 populum

1963 972 2290 1039 habebatur,
2327 972 2623 1028 Malachias
2660 970 2729 1027 ab
2775 986 2840 1026 eo
2886 980 3113 1024 vocatus
3156 979 3264 1035 est,
3309 967 3417 1022 hoc
3459 974 3544 1021 est

1967 1065 2210 1136 angelus.
2254 1064 2380 1119 Fuit
2409 1065 2555 1120 enim
2617 1064 2673 1119 in
2706 1064 2899 1135 primis
2963 1063 3164 1118 decora
3214 1067 3269 1116 et
3316 1067 3546 1115 venusta

1964 1157 2215 1228 corporis
2257 1156 2462 1227 specie.
2507 1153 2615 1212 Sed
2663 1163 2718 1212 et
2756 1154 3020 1226 quidquid
3065 1153 3156 1208 ille
3198 1147 3549 1207 vaticinando

1965 1248 2204 1312 dixerat,
2249 1246 2441 1315 eadem
2511 1246 2601 1303 die
2644 1246 2870 1317 angelus
2913 1258 3182 1315 apparens
3219 1244 3550 1311 interpreta-

1965 1338 2117 1393 tione
2172 1351 2273 1392 sua
2328 1335 2693 1391 declarabat:
2737 1335 3191 1406 quemadmodum
3253 1330 3550 1400 interregni

1967 1436 2216 1500 tempore
2242 1427 2492 1499 contigit,
2526 1442 2654 1482 cum
2710 1427 2895 1482 nullus
2922 1423 3071 1496 apud
3094 1423 3368 1479 lsraelitas
3395 1421 3550 1490 prin-

1966 1536 2096 1590 ceps
2125 1525 2300 1587 esset;
2326 1518 2472 1589 quod
2502 1517 2556 1572 in
2586 1517 2728 1572 libro
2755 1514 3130 1586 Scliophetim,
3160 1513 3265 1567 hoc
3293 1519 3377 1567 est
3399 1507 3554 1564 Judi-

1968 1626 2092 1666 cum
2131 1610 2381 1682 legimus.
2441 1608 2589 1665 Obiit
2626 1609 2717 1663 ille
2745 1607 2967 1678 juvenis
3009 1605 3208 1671 adhuc,
3242 1612 3294 1659 et
3328 1602 3385 1657 in
3423 1614 3555 1672 agro

1970 1719 2072 1761 suo
2100 1704 2169 1759 ad
2203 1703 2445 1775 majores
2478 1718 2609 1758 suos
2636 1702 2918 1773 appositus
2941 1707 3047 1756 est.

293 1824 350 1876 '0
378 1822 520 1889 ,ϐίος
544 1820 651 1876 τοῦ
681 1819 983 1890 Ζαχαρίου
1015 1817 1348 1890 προφήτου,
1372 1814 1474 1870 καί
1505 1815 1623 1870 ποῦ
1658 1813 1867 1889 κεῖται.

1996 1817 2209 1871 llterius
2231 1814 2514 1871 Zachariw
2533 1813 2800 1886 propheta:
2834 1814 2964 1882 vita,
2996 1819 3047 1867 et
3070 1810 3355 1881 sepultura:
3390 1808 3557 1863 locus.

355 1935 486 1990 KI".
518 1933 797 2006 Ζαχαρίας
816 1932 977 1998 ἄλλος
1013 1932 1305 2004 προφήτης
1334 1930 1430 1985 καὶ
1467 1927 1665 2000 ἱερεύς.
1700 1919 1873 1991 Οὗτος

280 2024 353 2099 ἦν
382 2027 506 2091 υίὸς
548 2026 729 2081 ἰωδαὲ
774 2024 870 2080 τοῦ
917 2024 1128 2096 ἱερέως,
1169 2023 1355 2095 πατὴρ
1391 2022 1451 2076 δὲ
1496 2020 1742 2075 Ἰωάννου
1776 2016 1874 2073 τοῦ

282 2118 619 2174 Βαπτιστοῢ.
652 2117 855 2173 Τοῦτον
887 2117 1210 2172 ἀπέκτεινεν
1252 2114 1500 2187 Ἡρώδης
1541 2115 1570 2167 ὁ
1597 2113 1871 2183 βασιλεὺς,

283 2211 523 2284 ἐχόμενα
570 2208 960 2282 θυσιαστηρίου
1011 2208 1107 2263 καὶ
1139 2205 1235 2262 τοῦ
1280 2205 1432 2260 οἴκου
1470 2204 1714 2284 Κυρίου,
1789 2201 1879 2268 ἑξ-

284 2274 476 2376 εξέετο
507 2304 570 2358 τὺ
598 2297 738 2375 αἷμα
767 2274 933 2356 αύτοὖ
962 2302 1043 2364 είς
1090 2300 1160 2354 τὰ
1185 2298 1434 2371 πρόθυρα
1475 2274 1572 2350 τού
1595 2274 1724 2349 ναοῦ
1764 2294 1880 2348 Κυ-

289 2399 431 2471 ρίου.
472 2389 642 2461 Οὗτος
681 2391 751 2468 ἦν
788 2395 848 2463 ἐξ
905 2391 1263 2466 Ἰερουσαλὴμ
1306 2390 1366 2459 ἐξ
1403 2389 1554 2445 οίκου
1596 2387 1875 2451 Δαὸὶδ....,

288 2490 397 2545 ἀνὰ
427 2489 591 2561 μέσον
616 2486 757 2559 ὲλὰμ
779 2489 837 2541 ὲν
859 2486 993 2558 οῐκῳ
1014 2484 1246 2558 Κυρίου.
1277 2477 1448 2548 οὗτος
1475 2482 1879 2555 προεφήτευσεν

286 2584 424 2656 περὶ
451 2581 663 2654 Κυρίου
694 2581 1027 2652 γεννήσεως.
1070 2579 1222 2633 Ἐκεῖ
1260 2572 1353 2631 οὖν
1388 2575 1551 2631 αὐτὸν
1586 2573 1793 2653 ἔθαψαν
1822 2573 1881 2626 ὲν

287 2648 428 2748 οἷκίῳ
480 2648 725 2748 Κυρίου,
783 2648 1019 2745 extum
1070 2668 1203 2726 ναοῦ
1269 2668 1501 2741 Κυρίου.
1582 2648 1680 2721 Ἐᾆι
1758 2663 1883 2718 τότε

288 2767 574 2836 ἐγίγνοντο
602 2765 807 2839 τέρατα
836 2763 1007 2819 πολλὰ
1028 2763 1088 2817 ὲν
1119 2760 1200 2833 τῷ
1242 2760 1387 2832 ναῷ,
1425 2760 1522 2814 καὶ
1566 2755 1880 2829 φαντασίαι,

290 2861 387 2915 καὶ
418 2860 521 2913 οὐκ
546 2858 734 2928 ἴσχυον
760 2857 809 2910 oi.
845 2854 1012 2927 ἱερεῖς
1036 2853 1164 2908 ίδείν
1191 2852 1292 2906 οὐκ
1315 2851 1397 2904 ἔτι
1421 2847 1686 2903 ὀπτασίαν
1719 2845 1887 2915 ἀγγέ-

288 2954 423 3017 λων,
462 2949 587 3004 οὐδὲ
629 2948 813 3002 δοῦναι
845 2947 1129 3019 χρησμοὺς
1160 2942 1241 3015 τῷ
1276 2941 1393 3013 λαῷ
1440 2942 1506 2995 ἐκ
1536 2939 1630 2994 τοῦ
1673 2936 1883 3008 δαὸεὶρ,

291 3043 417 3098 οὔτε
442 3042 719 3116 ἐρωτῆσαι
740 3042 798 3095 ὲν
825 3039 903 3111 τῷ
924 3038 1109 3109 ὲφοὺδ,
1137 3036 1263 3091 οὔτε
1290 3035 1380 3091 διὰ
1409 3034 1519 3088 τῶν
1539 3032 1715 3104 δήλων
1746 3031 1888 3084 ἀπο-

293 3135 578 3209 κριθῆναι,
613 3132 802 3207 ὥσπερ
835 3131 897 3186 τὸ
929 3130 1082 3203 πρὶν,
1126 3128 1233 3193 ἕως
1261 3127 1365 3198 τῆς
1406 3126 1623 3197 ἡμέρας
1654 3124 1884 3194 ταύτης.

304 3251 362 3302 '0
402 3248 547 3314 ,βίος
578 3245 686 3303 τοῦ
726 3243 971 3316 Συμεὼν
1001 3242 1338 3313 προφήτου,
1389 3238 1492 3294 καί
1523 3237 1642 3292 ποῦ
1674 3237 1880 3290 κεῖται.
1911 3214 1957 3276 c

373 3361 497 3415 KA’.
533 3358 760 3431 Συμεὼν
792 3359 818 3411 δ
845 3357 1042 3430 ἱερεύς.
1061 3349 1230 3418 Οὗτος
1252 3350 1321 3425 ἦν
1347 3352 1412 3406 ὲκ
1438 3350 1611 3421 φυλῆς
1650 3346 1881 3421 Ἀαρών.

310 3445 474 3516 Οὗτος
505 3449 919 3521 ἐχρηματίσθη
952 3446 1073 3503 ὑπὸ
1099 3444 1450 3514 Πνεύματος
1475 3438 1648 3509 ἁγίου
1669 3437 1776 3492 τοῦ
1797 3435 1884 3506 μὴ

309 3543 455 3599 ἰδεῖν
491 3542 774 3608 θάνατον,
806 3540 917 3607 ἕως
953 3539 1030 3594 ἂν
1069 3537 1169 3607 ἴδῃ
1219 3536 1328 3590 τὸν
1370 3532 1631 3603 Χριστὸν
1669 3531 1890 3599 Κύριον

304 3639 365 3690 ἐν
400 3635 585 3707 σαρκί.
613 3628 781 3697 Οὗτος
818 3632 1088 3686 ὲὸάστασε
1130 3629 1221 3683 τὸν
1250 3626 1457 3699 Κύριον
1490 3626 1548 3678 ὲν
1577 3625 1698 3686 ταῖς
1731 3621 1890 3685 ίδίαις

302 3725 603 3795 ἀγκάλαις,
647 3723 743 3778 καὶ
772 3721 992 3788 ὲδόξασε
1034 3719 1127 3773 τὸν
1175 3718 1331 3781 Θεὸν,
1372 3713 1577 3784 είπώντ
1617 3708 1796 3766 Εἶδον
1836 3712 1891 3765 οὶ

305 3816 614 3889 ὀφθαλμοί
649 3832 769 3886 μου
814 3813 880 3867 τὸ
926 3811 1225 3880 σωτήριόν
1269 3826 1407 3864 σου.
1442 3807 1574 3862 Νῦν
1603 3803 1894 3868 ἀπολύεις

302 3910 420 3966 τὸν
438 3909 667 3964 δοῦλόν
694 3922 835 3975 σου,
867 3906 1160 3964 Δέσποτα,
1194 3900 1345 3956 κατὰ
1369 3899 1436 3954 τὸ
1463 3896 1630 3968 ῥῆμά
1652 3910 1792 3957 σου,
1824 3893 1897 3947 ἐν

303 4002 547 4072 εἰρήνῃ.
589 4000 852 4054 Ἀπέθανε
892 3998 948 4052 δὲ
980 3997 1076 4051 καὶ
1103 3994 1277 4066 ἐτάφη
1301 3990 1525 4063 πλησίον
1545 3987 1653 4042 τῶν
1685 3985 1894 4058 ἱερέων,

306 4095 653 4169 πρεσόύτης,
684 4093 900 4165 πλήρης
929 4092 961 4161 ἡ
969 4106 1034 4161 με
1041 4087 1171 4160 ρῶν.

397 4209 452 4259 '0
487 4207 631 4277 ,ϐίος
668 4203 948 4259 Ἰωάννου
982 4197 1317 4270 προφήτου,
1343 4191 1442 4247 καί
1471 4189 1589 4244 ποῦ
1621 4186 1830 4242 κεῖται.

390 4317 522 4371 ΚΕ’.
567 4315 819 4386 Ἰωάννης
865 4316 894 4367 ὁ
938 4308 1272 4380 Βαπτιστὴς,
1335 4304 1451 4367 υἱὸς
1488 4298 1759 4371 Ζαχαρίου
1810 4296 1905 4352 καὶ

325 4409 635 4466 Ἐλισάὸετ.
659 4402 824 4471 Οὗτος
857 4401 925 4477 ἦν
954 4407 1019 4458 ὲκ
1042 4401 1212 4472 φυλῆς
1249 4397 1405 4453 Λευΐ.
1449 4388 1615 4457 Οὗτος
1635 4391 1906 4457 ἐδήλωσεν

2047 1927 2230 1983 XXIII.
2246 1926 2544 1983 Zacharias
2566 1927 2706 1982 alter
2716 1925 3002 1999 propheta,
3031 1922 3333 1980 sacerdotis
3358 1920 3561 1975 Joiadae

1974 2022 2141 2088 ﬁlius,
2180 2019 2411 2077 Joannis
2446 2019 2705 2090 Baptista:
2748 2026 2902 2089 pater
2946 2016 3068 2071 fuit.
3115 2014 3272 2070 Hunc
3319 2012 3563 2069 Herodes

1974 2115 2256 2173 interfecit
2307 2116 2451 2171 inter
2482 2114 2656 2167 altare
2682 2122 2737 2167 et
2783 2111 3007 2166 domum
3065 2106 3302 2171 Domini,
3336 2104 3471 2159 adeo
3501 2112 3564 2158 ut

1977 2210 2033 2264 in
2075 2207 2348 2263 vestibulo
2392 2205 2578 2276 templi
2628 2203 2751 2273 ejus
2801 2201 3126 2256 funderetur
3167 2212 3353 2253 cruor.
3397 2194 3564 2250 Ortus

1978 2299 2070 2353 hic
2104 2306 2229 2354 erat
2265 2293 2666 2366 Hierosolymis
2694 2308 2725 2348 e
2760 2292 2926 2346 domo
2971 2288 3235 2343 David....
3278 2286 3334 2340 in
3383 2285 3562 2339 media

1978 2388 2193 2459 porticu
2226 2386 2281 2441 in
2305 2385 2468 2441 domo
2501 2382 2739 2438 Domini.
2766 2379 2915 2436 Idem
2943 2379 3012 2434 de
3034 2378 3251 2433 Domini
3278 2375 3567 2429 nativitate

1979 2475 2312 2532 vaticinatus
2367 2480 2473 2530 est.
2536 2470 2681 2543 Ergo
2714 2471 2829 2526 illic
2860 2469 2917 2524 in
2961 2468 3123 2523 domo
3155 2465 3367 2521 Domini
3402 2478 3570 2533 prope

1981 2564 2244 2636 templum
2289 2571 2374 2620 est
2425 2562 2699 2633 sepultus.
2739 2558 2860 2627 Quo
2903 2574 2971 2613 ex
3016 2568 3261 2626 tempore
3302 2554 3473 2608 multa
3512 2553 3569 2605 in

1982 2657 2188 2727 templo
2211 2662 2465 2726 portenta
2499 2668 2565 2708 ac
2610 2652 2726 2707 visa
2779 2650 3149 2720 contigerunt.
3199 2644 3386 2714 Neque
3425 2641 3574 2697 enim

1982 2748 2218 2818 amplius
2238 2747 2557 2802 sacerdotes
2597 2749 2849 2816 poterant
2895 2750 2989 2797 aut
3030 2744 3358 2810 apparentes
3410 2747 3577 2804 ange-

1984 2841 2069 2895 los
2098 2853 2345 2905 cernere,
2374 2845 2469 2892 aut
2504 2850 2573 2891 ex
2623 2836 2787 2905 adyto
2840 2844 3109 2902 responsa
3156 2827 3358 2900 populo
3408 2825 3574 2889 dare,

1985 2947 2164 3003 neque
2192 2946 2289 3003 per
2320 2928 2502 3000 θρυοά
2532 2929 2895 2995 interrogare,
2952 2936 3129 2993 neque
3171 2933 3270 2991 per
3314 2919 3456 2973 urim
3484 2931 3576 2971 re-

1985 3023 2278 3095 spondere,
2313 3031 2372 3076 ut
2429 3029 2592 3076 antea
2645 3022 3050 3074 consueverant
3117 3014 3187 3067 ad
3250 3010 3578 3067 hodiernum

1991 3130 2165 3186 usque
2192 3114 2360 3169 diem.

2131 3227 2395 3283 Simeouis
2445 3222 2711 3294 propheta:
2740 3222 2866 3285 vita,
2896 3228 2946 3275 et
2969 3216 3254 3288 sepulturae
3283 3216 3448 3269 locus.

2062 3340 2255 3398 XXIV.
2316 3338 2540 3394 Simeon
2594 3333 2855 3393 sacerdos
2897 3349 2962 3389 ex
3022 3330 3260 3386 Aaronis
3294 3327 3443 3382 tribu
3500 3342 3587 3380 rc-

1990 3450 2242 3507 sponsum
2299 3432 2499 3502 accepit
2535 3448 2567 3484 a
2600 3428 2804 3499 Spiritu
2836 3432 3042 3492 sancto,
3089 3438 3193 3478 non
3245 3422 3483 3476 visurum
3533 3434 3589 3472 se

1992 3540 2237 3595 mortem,
2311 3527 2475 3581 donec
2542 3522 2737 3577 videret
2813 3519 3087 3576 Christum
3170 3515 3455 3569 Dominum
3530 3510 3588 3565 in

1993 3639 2164 3679 carne
2204 3623 2245 3674 ³.
2311 3618 2413 3674 llic
2437 3627 2521 3674 est
2549 3620 2640 3688 qui
2680 3613 2967 3669 Dominum
3002 3612 3119 3666 suis
3157 3608 3299 3663 ulnis
3333 3602 3589 3676 gestavit,

1995 3731 2059 3772 ac
2108 3715 2277 3770 Deum
2335 3710 2661 3784 gloriticavit
2710 3708 2902 3764 dicens
2939 3721 2953 3758 :
2987 3702 3249 3758 Viderunt
3300 3697 3442 3753 oculi
3490 3700 3591 3752 mei

1995 3811 2233 3868 salutare
2266 3813 2433 3859 tuum.
2469 3802 2625 3857 Nunc
2648 3800 2871 3855 dimittis
2903 3813 3107 3853 servum
3144 3804 3314 3857 tuum,
3344 3790 3590 3851 Domine,

2006 3902 2295 3959 secundant
2338 3896 2550 3953 verbum
2600 3904 2745 3949 tuum
2775 3894 2828 3946 in
2854 3906 2982 3961 pace
3011 3891 3053 3941 ⁸.
3096 3886 3345 3941 Mortuus
3375 3882 3595 3937 demum

2009 4006 2180 4065 prope
2214 3987 2530 4045 sacerdotes
2552 3982 2845 4040 admodum
2870 3994 3040 4036 senex
3076 3991 3141 4032 ac
3166 3977 3361 4047 plenus
3385 3972 3596 4027 dierum

2004 4083 2256 4152 sepultus
2283 4086 2386 4133 est.

2154 4193 2277 4248 Vita
2306 4189 2535 4245 Joannis
2567 4185 2854 4257 prop/reue,
2886 4192 2937 4236 et
2973 4179 3262 4249 sepultura:
3283 4177 3451 4232 locus.

2082 4305 2253 4362 XXV.
2303 4303 2545 4359 Joannes
2597 4299 2840 4368 Baptista
2883 4293 3161 4351 Zachariae
3208 4300 3261 4346 et
3312 4286 3588 4342 Elisabeth

2009 4402 2154 4457 [ilius
2182 4414 2251 4454 ex
2284 4395 2432 4450 tribu
2471 4392 2602 4449 Levi
2642 4391 2733 4445 ille
2782 4389 2919 4459 ipse,
2950 4385 3044 4457 qui
3078 4385 3288 4454 Agnum
3316 4379 3408 4433 Dci
3442 4376 3604 4432 nobis

312 4506 456 4577 ἡμῖν
484 4502 574 4556 τὸν
615 4500 809 4571 Ἀμνὸν
837 4471 930 4550 τοῦ
965 4471 1122 4558 Θεοῦ,
1153 4491 1245 4545 τὸν
1266 4489 1395 4544 Υἱὸν
1422 4485 1515 4541 τοῦ
1527 4482 1786 4577 ῌΠατρὸς,
1812 4480 1885 4534 τδε

2016 4491 2277 4555 ostendit,
2311 4487 2510 4543 Filium
2553 4483 2733 4539 Patris
2778 4477 2967 4534 mundi
3019 4482 3248 4547 peccata
3297 4471 3600 4528 tollentem.

322 4556 375 4577 κη
681 4556 694 4571 _
1108 4556 1117 4558 ἡ

315 4597 548 4667 αἴροντα
592 4592 683 4646 τοῦ
729 4591 937 4662 κόσμου
979 4586 1077 4659 τὴν
1128 4582 1424 4655 ἁμαρτίαν.
1483 4570 1653 4639 Οὗτος
1706 4574 1880 4628 εἴσοδο

2020 4585 2171 4640 Idem
2238 4579 2398 4635 nobis
2443 4575 2591 4632 velut
2635 4573 2818 4629 aditus
2871 4569 3095 4642 quidam
3151 4564 3302 4635 regni
3368 4559 3610 4616 caelestis

316 4666 459 4759 ἡμῖν
495 4684 708 4753 ἐγένετο
735 4682 834 4752 τῆς
866 4676 961 4731 τοῦ
999 4674 1134 4730 Θεοῦ
1181 4671 1478 4746 βασιλείας.
1539 4666 1750 4731 Οὐδείς
1799 4667 1914 4735 γὰρ

447 4769 758 4843 γεννητοῖς
822 4764 1125 4839 γυναικῶν
1182 4760 1398 4834 μείζων
1465 4756 1741 4813 Ἰωάννου
1803 4753 1912 4809 τοῦ

320 4864 696 4923 Βαπτιστοῦ.
718 4848 1021 4916 Ἆπέθανεν
1040 4858 1094 4912 δὲ
1114 4854 1417 4929 τμηθείσης
1443 4851 1543 4922 τῆς
1559 4848 1804 4919 κεφαλῆς
1831 4845 1920 4900 διὰ

336 4956 650 5031 Ἡρωδιάδα
674 4955 772 5027 τῆν
796 4956 1028 5024 γυναῖκα
1052 4949 1322 5004 Φιλίππου
1347 4945 1441 5001 τοῦ
1463 4942 1693 5013 ἀδελφοῦ
1727 4937 1916 4996 αὐτοῦ.

642 5059 649 5065 ‘
971 5043 1304 5111 Ἐπίλοτος.

404 5139 519 5195 Καὶ
572 5137 719 5193 ἄλλοι
770 5137 1048 5209 προφῆται
1105 5131 1374 5202 ἐγένοντο,
1436 5120 1512 5181 ὧν
1561 5125 1629 5179 τά
1675 5123 1923 5195 ὀνόματα

331 5231 714 5303 ὶγγὲγραπται
738 5231 794 5282 ἐν
822 5229 943 5291 ταῖς
977 5224 1157 5281 αὐτῶν
1192 5222 1405 5293 γενεαῖς
1436 5219 1494 5272 ὲν
1527 5215 1695 5289 βίϐλῳ
1721 5213 1923 5284 ὀνομά-

332 5342 450 5380 των
486 5320 725 5394 Ἰσραὴλ,
748 5312 825 5374 ὧν
855 5318 956 5372 οὐκ
980 5312 1486 5388 ἐμνημονεύσαμεν.

420 5573 440 5605 ι
474 5570 607 5626 Luc.
636 5584 700 5634 ιι,
730 5566 825 5623 es.
899 5565 921 5597 ι
962 5532 1095 5620 ίῦία.
1126 5563 1216 5625 29,
1244 5560 1335 5616 30.
1413 5557 1433 5588 ³
1470 5555 1606 5611 Luc.
1648 5567 1744 5619 vn,
1784 5549 1876 5605 es.

418 5725 536 5799 (59)
570 5726 677 5799 ζρ·
702 5720 886 5799 3:015-

443 5786 537 5867 57)
566 5786 671 5867 Γρ.
713 5786 831 5867 εἶχε
862 5788 1027 5844 πάνυ.

443 5803 537 5867 57)
713 5803 831 5860 ειχε
862 5803 1027 5844 πάνυ.

418 5803 539 5938 ἱῦὃ)
616 5881 680 5934 ρ.
711 5859 977 5916 ἐκάλεσαν
1008 5857 1186 5930 αύιιύν.

2021 4674 2257 4733 exstitit.
2312 4668 2513 4725 Nullus
2542 4667 2682 4722 enim
2728 4666 2867 4720 inter
2900 4670 3055 4717 natos
3102 4656 3385 4713 mulierum
3435 4649 3612 4720 major

2023 4764 2235 4820 Joanne
2259 4761 2508 4832 Baptista
2537 4759 2579 4811 ⁸.
2604 4755 2753 4812 Obiit
2776 4753 2956 4823 capite
2987 4758 3273 4804 truncatus
3299 4744 3368 4798 ab
3397 4740 3612 4796 Herode

2027 4867 2253 4930 propter
2274 4850 2636 4910 llerodiadem
2662 4845 2899 4917 Philippi
2921 4842 3111 4898 fratris
3135 4839 3283 4895 illius
3297 4832 3612 4904 coniugem.

2561 5007 2746 5077 Operi;
2791 5002 3081 5059 conclusio.

2099 5106 2303 5162 Praster
2329 5103 2453 5157 illos
2487 5109 2541 5157 et
2573 5100 2664 5153 alii
2697 5097 2920 5169 quidam
2955 5094 3285 5150 exstiterunt
3310 5085 3611 5159 prophetae,

2029 5214 2267 5273 quorum
2300 5195 2521 5250 nomina
2551 5195 2668 5247 suis
2697 5191 2753 5245 in
2786 5188 3122 5260 genealogiis
3157 5186 3212 5240 in
3247 5184 3388 5239 libro
3434 5178 3617 5235 nomi-

2031 5272 2163 5349 num
2194 5287 2412 5344 lsraelis
2450 5284 2757 5357 perscripta
2796 5288 2946 5339 sunt.
3003 5280 3248 5346 Quorum
3279 5272 3611 5331 mentionem

2033 5398 2145 5440 non
2178 5378 2481 5450 attigimus.

2107 5697 2223 5770 (59)
2257 5697 2396 5770 Aus-
2425 5692 2577 5770 addit
2603 5688 2700 5770 ’ξαὶ
2725 5686 2803 5770 τῇ)
2835 5685 2980 5770 λῆγῳ
3007 5676 3320 5770 ﬂamen?
3376 5745 3418 5770 ι,

2109 5699 2200 5770 (59
2257 5697 2396 5767 Aug.
2425 5697 2577 5749 addit
2603 5697 2700 5745 καὶ
2725 5697 2803 5812 τὶἓ
2837 5697 2980 5771 λογῳ
3007 5697 3320 5802 πληὸρωτης.
3400 5745 3418 5759 ν

2109 5697 2224 5854 (60)
2266 5766 2405 5890 Διιεί
2441 5760 2706 5849 ᾊγγελος
2805 5772 2968 5842 υριου.
3011 5751 3099 5835 ὲβε
3140 5747 3325 5831 almae.
3376 5742 3483 5801 kal
3532 5738 3614 5797 ἔτι

2109 5857 2160 5890 oc
2186 5857 2261 5890 ων
2286 5839 2371 5890 ate
2408 5833 2595 5890 ειωθη.
2631 5831 2724 5885 καὶ
2753 5831 2927 5890 ὲταφη
2953 5839 3010 5881 εν
3031 5836 3204 5890 αγρῳ.

2040 5826 2160 5905 νιος
2186 5826 2595 5917 oraomni,
2631 5831 2724 5885 καὶ
2753 5826 2927 5898 ἐτάφη
2953 5826 3010 5881 ἐν
3031 5826 3204 5893 ἀγρῷ.
