3988 6470
417 353 517 410 MO

1715 354 1926 411 DUBIA
1966 351 2109 409 AUT
2149 350 2431 408 SPURIA.

3644 344 3745 403 ιεο

419 468 676 542 τουργίας
697 467 861 522 αὑτοῦ
889 468 1297 543 προηγόρευσεν
1326 472 1389 539 ἣν
1416 471 1632 542 ποιήσει
1654 472 1712 525 ἐν
1747 470 2011 542 Ἱερουσα-
2039 478 2083 534 Α
2113 469 2314 539 ἤρχετο
2354 468 2445 522 καὶ
2484 466 2545 520 τὸ
2598 464 2764 538 ὕδωρ.
2796 465 2960 520 Ὅθεν
3000 467 3106 532 ἕως
3149 465 3251 521 τοῦ
3316 466 3427 521 νῦν
3477 464 3748 530 αἰφνίδιον

419 563 553 634 λὴμ,
590 563 684 615 καὶ
727 563 1019 634 εὐλόγησεν
1063 563 1258 618 αὑτόν·
1305 565 1399 618 καὶ
1445 565 1572 636 περὶ
1595 564 1781 628 τέλους
1819 563 2010 628 ἐθνῶν.

422 654 514 707 καὶ
545 653 780 726 Ἰσραὴλ,
818 655 912 708 καὶ
939 655 1032 708 τοῦ
1059 655 1212 719 ναοῦ,
1244 656 1336 710 καὶ
1366 657 1564 728 ἀργίας
1598 656 1894 729 προφητῶν
1923 657 2016 709 καὶ

421 745 616 816 ἱερέων
663 749 1092 818 προεφήτευσεν.
1155 748 1499 804 Ἀπέκτεινεν
1550 749 1606 802 δὲ
1657 749 1820 803 αὑτὸν
1863 748 2014 812 ἰωάς

425 838 678 909 βασιλεὺς
706 839 877 893 Ἰούδα
927 840 1129 911 μεταξὺ
1157 841 1252 894 τοῦ
1288 843 1416 895 ναοῦ
1450 843 1545 896 xal
1591 842 1685 896 τοῦ
1724 843 2016 914 θυσιαστη-

427 929 561 998 ρίου,
592 930 960 1000 παραινοῦντα
991 929 1140 1000 αὐτῷ
1161 947 1218 982 τε
1240 932 1333 984 καὶ
1353 931 1429 1003 τῷ
1456 932 1571 1002 λαῴ
1595 932 1896 1003 ἀπέχεσθαι
1918 935 2017 1003 τῆς

426 1018 681 1083 ἀσεϐείας
712 1022 805 1074 καὶ
849 1021 1198 1093 ἐπιστρέφειν
1235 1023 1370 1094 πρὸς
1415 1024 1584 1077 Θεόνο
1623 1028 1718 1079 καὶ
1761 1024 2018 1088 λαϐόντες

425 1110 588 1163 αὑτὸν
618 1113 666 1163 οἱ
709 1112 873 1182 ἱερεῖς
903 1113 1107 1181 ἔθαψαν
1139 1114 1276 1184 μετά
1309 1114 1404 1168 τοῦ
1451 1117 1654 1188 πατρὸς
1688 1118 1876 1172 αὑτοῦ.
1908 1119 2017 1170 Kal

425 1202 534 1255 ἀπὸ
562 1204 681 1256 τότε
719 1205 960 1273 ἐγίνοντο
989 1207 1194 1277 τέρατά
1231 1224 1290 1259 τε
1327 1209 1386 1261 ἐν
1410 1207 1486 1278 τῷ
1521 1209 1636 1279 ναῷ
1681 1210 1851 1264 πολλά
1881 1228 2016 1279 φαν-

425 1297 682 1368 τασιώδη.
713 1299 822 1352 Kal
845 1300 944 1352 οὐκ
979 1300 1163 1369 ῖσχυον
1191 1301 1239 1352 οἱ
1281 1302 1444 1372 ἱερεῖς
1477 1301 1604 1355 ἱδεῖν
1628 1303 1895 1358 ὀπτασίαν
1918 1305 2020 1371 ἀγα

426 1389 599 1457 γέλων
619 1390 772 1456 Θεοῦ,
791 1389 912 1444 οὔτε
937 1391 1118 1444 δοῦναι
1143 1395 1425 1463 χρησμοὺς
1455 1396 1519 1448 ἐκ
1541 1395 1634 1449 τοῦ
1660 1395 1868 1467 Δαϐὴρ,
1893 1396 2017 1449 οὑτε

425 1478 512 1532 διά
536 1479 644 1532 τῶν
669 1480 840 1551 δήλων
875 1482 1240 1552 ἀποκριθῆναι
1263 1485 1319 1537 ἐν
1347 1485 1425 1555 τῷ
1456 1486 1570 1558 λαῷ
1605 1487 1680 1551 ὡς
1709 1487 1770 1541 τὸ
1795 1489 1944 1559 πρίν.

497 1574 620 1644 (IE'.
656 1576 930 1648 Ζαχαρίας
977 1573 1140 1649 ἦλθεν
1169 1583 1231 1634 ἐκ
1260 1581 1363 1652 γῆς
1392 1581 1698 1646 Χαλδαίων,
1733 1583 1833 1654 ήδη
1887 1600 2020 1654 προσ

423 1661 698 1734 ϐεϐηκὼς,
720 1667 880 1719 κάκεῖ
908 1667 986 1738 τῷ
1019 1668 1134 1740 λαῷ
1164 1668 1334 1723 πολλά
1366 1673 1762 1743 προεφήτευσε,
1799 1675 1894 1726 καὶ
1934 1674 2022 1726 τέ-

426 1775 566 1828 ρατα
596 1757 795 1812 ἔδωκεν
828 1762 907 1823 είς
931 1761 1223 1826 ἀπόδειξιν.
1257 1755 1426 1827 Οὗτος
1461 1759 1616 1817 εἶπεν
1645 1763 1722 1834 τῷ
1750 1765 2017 1830 Ἰωσεδὲκ,

2118 559 2397 631 ἐξέρχεται
2424 559 2486 612 τὸ
2509 558 2673 631 ὓδωρ,
2703 559 2788 613 ἵνα
2801 559 2986 630 δειχθῇ
3013 560 3074 613 τὸ
3102 560 3436 630 μυστήριον
3463 557 3564 611 τοῦ
3589 557 3745 614 Θεοῦ.

2119 655 2229 707 Kal
2277 653 2462 724 ἐπειδὴ
2491 653 2576 706 διὰ
2618 653 2712 706 τοῦ
2755 653 2979 707 Ἡσαΐου
3007 653 3166 707 τοῦτο
3202 653 3481 722 γέγονεν,
3527 653 3752 723 μνήμης

2119 745 2278 817 χάριν
2310 745 2403 798 καὶ
2445 747 2473 798 ὁ
2504 743 2628 807 λαὸς
2660 744 2888 816 πλησίον
2917 745 3081 800 αὑτὸν
3122 744 3340 814 εθαψεν
3370 743 3640 810 ἐνδόξως,
3667 744 3751 797 ἵνα

2117 837 2205 891 διὰ
2253 836 2361 890 τῶν
2404 836 2578 907 εὐχῶν
2620 836 2783 890 αὑτοῦ
2827 835 2908 908 (in
2944 852 3116 908 marg.
3158 837 3405 891 addilur
3450 837 3554 888 καὶ
3612 836 3748 907 μετά

2120 929 2349 983 θάνατον
2394 928 2580 997 αὑτοῦ)
2621 929 2884 992 ὡσαύτως
2922 928 3118 1000 ἔχωσιν
3157 929 3262 1001 τὴν
3295 928 3624 982 ἀπόλαυσιν
3655 927 3748 982 τοῦ

2121 1021 2332 1087 ὓδατος,
2361 1021 2705 1092 ὄτιχρησμὸς
2733 1021 2886 1092 ἐδόθη
2920 1022 3104 1085 αὑτοῖς
3125 1023 3261 1092 περὶ
3299 1018 3534 1075 τούτου.
3565 1023 3753 1075 Ἔστιν

2120 1113 2177 1167 δέ
2200 1117 2228 1167 ὀ
2254 1115 2421 1182 τάφος
2446 1114 2678 1183 ἐχόμενα
2708 1113 2799 1166 τοῦ
2830 1115 3002 1184 τάφου
3027 1114 3137 1167 τῶν
3166 1114 3484 1185 βασιλέων,
3525 1113 3752 1168 ὄπισθεν

2119 1204 2213 1258 τοῦ
2252 1205 2422 1273 τάφου
2455 1205 2562 1257 τῶν
2605 1205 2796 1274 ἱερέων
2833 1206 2926 1257 ἐπὶ
2967 1205 3026 1258 τὸ
3073 1205 3240 1277 μέρος
3280 1205 3350 1257 τὸ
3392 1204 3541 1274 πρὸς
3573 1205 3749 1256 νότον.

2122 1294 2375 1365 Σολομὼν
2420 1294 2527 1366 γάρ
2563 1297 2818 1366 ἐποίησεν
2849 1297 2976 1360 τοὺς
3018 1297 3222 1365 τάφους
3277 1295 3386 1349 τοῦ
3431 1295 3607 1348 Δαυῒδ
3636 1296 3750 1348 δια-

2120 1389 2432 1461 γράψαντος
2458 1390 2598 1443 κατὰ
2631 1390 2896 1454 ἀνατολὰς
2925 1390 3024 1460 τῆς
3055 1389 3258 1462 Σιὼν,ἥ
3273 1407 3357 1453 τις
3383 1389 3508 1459 ἔχει
3544 1390 3750 1445 εἴσοδον

2123 1481 2232 1536 ἀπὸ
2270 1481 2470 1536 Γαϐαὼ
2510 1482 2658 1553 (sic),
2707 1482 2944 1552 μήκοθεν
2975 1482 3077 1552 τῆς
3118 1483 3343 1545 πόλεως
3395 1482 3658 1546 σταδίους
3683 1489 3748 1536 κ’·

2124 1577 2218 1629 καὶ
2245 1577 2498 1646 ἐποίησεν
2522 1575 2741 1629 σκολιὰν
2761 1575 3009 1630 σύνθεσιν
3036 1575 3453 1646 ἀνυπονόητον,
3483 1581 3584 1629 καὶ
3608 1577 3750 1631 ἔστιν

2123 1668 2230 1731 ἕως
2257 1667 2352 1720 τοῦ
2385 1667 2480 1721 νῦν
2521 1671 2632 1732 τοῖς
2671 1647 2886 1731 πολλοῖς
2936 1668 3303 1739 ἀγνοουμένη.
3354 1667 3520 1721 Ἑκεί
3552 1665 3699 1739 εἶχεν
3724 1671 3750 1722 6

2127 1759 2380 1829 βασιλεὺς
2407 1759 2469 1813 τὸ
2490 1760 2713 1832 χρυσίον
2739 1760 2799 1812 τὸ
2821 1757 2879 1824 ἐξ
2899 1760 3187 1823 Αἰθιοπίας
3212 1761 3318 1813 καὶ
3342 1759 3416 1813 τὰ
3447 1759 3744 1830 ἀρώματα.

425 1850 507 1903 ὅτι
533 1852 786 1921 γεννήσει
813 1852 953 1916 υίὸν,
990 1855 1084 1906 καὶ
1112 1856 1169 1907 ἐν
1213 1855 1339 1924 Ἰερ.
1371 1856 1698 1927 ἱερατεύσει.
1730 1850 1898 1921 Οὗτος
1927 1860 2020 1912 καί
2055 1842 2093 1894 Β
2126 1850 2234 1904 Καὶ
2280 1849 2470 1921 ἐπειδὴ
2514 1849 2762 1914 Ἐζεκίας
2800 1850 3000 1916 ἔδειξεν
3044 1853 3155 1914 τοῖς
3190 1850 3390 1904 ἔθνεσι
3436 1851 3502 1904 τὸ
3539 1853 3748 1922 μυστή-

424 1943 517 1996 τὸν
541 1943 811 2013 Σαλαθιήλ
849 1945 943 1996 ἐπὶ
989 1945 1088 2016 υἱῷ
1120 1947 1414 2018 ηὐλόγησε,
1443 1952 1534 2002 καὶ
1560 1949 1622 2002 τὸ
1651 1948 1823 2020 ὄνομα
1855 1951 2018 2003 αὑτοῦ

428 2032 735 2103 Ζοροϐάϐελ
787 2034 1059 2104 ἐπέθηκε·
1098 2037 1190 2088 xal
1228 2038 1321 2089 ἐπὶ
1364 2037 1619 2109 Κύρου...
1660 2042 1876 2112 ποιήσει
1929 2042 2020 2095 ἐπὶ

439 2122 812 2193 Ἰερουσαλὴμ,
857 2125 951 2176 καὶ
991 2127 1118 2197 περὶ
1146 2126 1332 2191 τέλους
1362 2128 1554 2192 ἐθνῶν,
1597 2131 1690 2184 καὶ
1722 2131 2020 2203 εὐλόγησεν

427 2213 589 2268 αὑτὸν
614 2215 838 2285 σφόδρα.
869 2216 950 2268 Τά
979 2216 1034 2269 δέ
1057 2219 1155 2288 τῆς
1187 2220 1526 2290 προφητείας
1554 2217 1695 2275 εἶδεν
1721 2223 1780 2278 ἐν
1823 2224 2022 2296 Ἰερου-

428 2305 631 2376 σαλὴμ,
660 2307 753 2358 καὶ
785 2305 966 2378 [περὶ]
994 2307 1086 2361 τοῦ
1113 2309 1242 2360 ναοῦ
1269 2311 1362 2362 καὶ
1380 2312 1578 2382 ἀργίας
1602 2315 1898 2386 προφητῶν
1929 2318 2022 2370 καὶ

426 2398 640 2468 ἱερέων,
663 2400 758 2451 καὶ
801 2401 927 2471 περὶ
955 2401 1147 2473 διπλῆς
1171 2403 1404 2473 κρίσεως
1431 2405 1644 2472 ἐξέθετο
1662 2407 1760 2478 (ἱ).
1784 2411 1892 2462 Kal
1919 2411 2023 2464 ἀπ-

426 2491 621 2544 έθανεν
655 2493 713 2544 ἐν
745 2493 906 2562 γήρει
936 2494 1104 2565 (corr.
1147 2505 1231 2550 est
1267 2498 1435 2568 γήρα)
1485 2475 1682 2570 μακρῷ
1717 2475 2018 2567 ἐκλείπων,

425 2581 520 2634 καὶ
540 2581 715 2652 ἐτάφη
753 2583 1018 2652 σύνεγγυς
1045 2585 1137 2638 τοῦ
1169 2587 1472 2658 ’Λγγαίου.)

500 2675 598 2726 lB'.
627 2673 912 2746 Μαλαχίας
936 2676 1073 2746 μετά
1095 2675 1194 2747 τὴν
1217 2679 1549 2751 ἐπιστροφὴν
1571 2682 1665 2734 τοῦ
1688 2681 1820 2736 λαοῦ
1844 2684 2024 2738 τίκτε-

426 2783 517 2817 ται
549 2767 604 2817 ἐν
636 2766 817 2835 Σωχά,
842 2765 901 2829 ὃς
936 2768 1052 2830 νέος
1081 2767 1156 2820 ὼν
1194 2769 1309 2838 βίον
1345 2765 1490 2841 εἶχεν
1523 2774 1688 2827 καλὸν
1717 2775 1879 2829 πάνυ.
1913 2778 2024 2830 Kal

427 2858 618 2930 ἐπειδὴ
652 2860 760 2922 πᾶς
799 2861 826 2911 6
854 2858 982 2923 λαὸς
1020 2860 1184 2931 ἐτίμα
1233 2861 1395 2914 αὑτὸν
1425 2864 1501 2927 ὡς
1548 2865 1724 2933 ἆγιον,
1757 2868 2024 2922 ἐκάλεσαν

428 2949 589 3004 αὐτὸν
637 2948 945 3019 Μαλαχίαν,
981 2950 1008 3002 6
1043 2951 1192 3002 ἐστιν
1219 2949 1496 3020 ἄγγελος.
1529 2949 1639 3007 Ἦν
1670 2955 1781 3026 γάρ
1815 2956 1908 3008 καὶ
1945 2957 2026 3028 τῷ

427 3042 556 3096 εἴδει
586 3040 870 3112 εὐπρεπὴς
901 3041 995 3093 καὶ
1025 3039 1102 3110 τῷ
1131 3040 1274 3111 λόγῳ
1307 3041 1602 3114 πληρωτὴς
1631 3044 1866 3116 (corrige
1887 3046 2024 3119 πλη-

428 3133 624 3204 ρωθείς
638 3132 713 3204 ?)'
744 3134 845 3186 ὅσα
878 3132 986 3203 γὰρ
1025 3128 1178 3184 εἶπεν
1205 3134 1392 3198 αὐτοῖς
1424 3136 1481 3188 ἐν
1507 3138 1840 3209 προφητείᾳ,
1882 3139 2021 3210 αὑτῇ
2051 3185 2093 3242 C

425 3228 491 3297 τῇ
529 3225 715 3298 ἡμέρᾳ
758 3225 944 3294 ὀφθεὶς
987 3225 1219 3294 ἄγγελος
1263 3227 1469 3297 Κυρίου
1517 3228 1869 3284 ἐϐεϐαίωσεν.
1915 3232 2025 3285 Καὶ

425 3318 506 3372 ἐτι
529 3318 649 3381 νέος
673 3318 748 3370 ὢν
772 3318 1087 3390 ἐτελειώθη.
1119 3321 1212 3373 καὶ
1240 3321 1416 3392 ἐτάφη
1451 3323 1508 3375 ἐν
1537 3320 1692 3392 ἀγρῷ
1721 3321 1913 3377 αὑτοῦ.

498 3413 639 3482 (ἶς’.
667 3411 975 3482 Μαλαχίας.
1009 3407 1176 3476 Οὗτος
1209 3414 1450 3466 τίκτεται
1483 3414 1540 3466 ἐν
1576 3415 1723 3484 Γοφᾶ
1759 3414 1899 3484 μετὰ
1926 3414 2024 3485 τήν

427 3502 765 3574 ἐπιστροφὴν
801 3501 897 3554 τοῦ
944 3502 1097 3564 λαοῦ,
1140 3503 1234 3556 καὶ
1269 3502 1348 3557 ἔτι
1397 3503 1540 3556 πάνυ
1593 3505 1712 3567 νέος
1744 3503 1820 3558 ὢν
1863 3504 2027 3558 καλὸν

430 3593 544 3664 βίον
576 3593 795 3663 ἔσχηκε.
839 3594 950 3646 Kal
981 3594 1165 3665 ἐπειδὴ
1204 3596 1312 3658 πᾶς
1343 3596 1371 3649 6
1399 3594 1526 3658 λαὸς
1564 3594 1727 3665 ἐτίμα
1755 3595 1917 3649 αὑτὸν
1950 3596 2025 3660 ὼς

425 3685 575 3738 ὅσιον
602 3685 695 3737 καὶ
729 3685 927 3754 πρᾶον,
968 3684 1226 3738 ἐκάλεσεν
1251 3685 1413 3739 αὐτὸν
1451 3687 1764 3758 Μαλαχίαν,
1796 3688 1823 3740 ὃ
1855 3689 2028 3760 ἑρμη-

430 3775 648 3829 νεύεται
697 3775 984 3846 ἅγγελος·
1019 3772 1086 3848 ἦν
1120 3775 1231 3848 γάρ
1275 3777 1370 3831 καὶ
1407 3776 1486 3848 τῷ
1527 3777 1657 3831 εἴδει
1705 3779 1988 3850 εὐπρεπής
2011 3795 2022 3806 ·

431 3867 568 3934 ἀλλά
614 3869 710 3922 καὶ
756 3869 856 3922 ὅσα
889 3865 1043 3922 εἶπεν
1097 3868 1260 3933 αὑτὸς
1301 3870 1359 3922 ἐν
1412 3871 1745 3942 προφητείᾳ,
1790 3871 1927 3942 αὑτῇ
1960 3872 2026 3941 τῇ

429 3961 615 4032 ἡμέρᾳ
644 3963 827 4031 ὀφθεὶς
859 3962 935 4026 ὡς
981 3961 1215 4031 ἄγγελος
1264 3961 1401 4016 Θεοῦ
1452 3963 1910 4035 ἐπεδευτέρωσεν,
1951 3965 2029 4028 ὡς

431 4051 649 4121 ἐγένετο
677 4055 734 4106 ἐν
766 4053 1002 4124 ἡμέραις
1048 4055 1147 4122 τῆς
1179 4053 1464 4124 ἀναρχίας,
1509 4054 1584 4114 ὼς
1619 4055 1931 4126 γέγραπται
1969 4057 2029 4110 ἐν

431 4146 637 4218 Σαφὰρ
663 4146 892 4216 gmw-im.
927 4147 1206 4201 τουτέστιν
1240 4150 1296 4202 ἐν
1333 4147 1500 4218 βίϐλῳ
1540 4149 1782 4220 Κριτῶν.
1815 4150 1924 4202 Kal
1947 4149 2028 4203 ἔτι

435 4236 553 4300 νέος
575 4237 648 4290 ὢν
680 4238 979 4310 προσετέθη
1006 4239 1144 4311 πρὸς
1166 4241 1294 4304 τοὺς
1329 4241 1573 4314 πατέρας
1595 4240 1762 4295 αὑτοῦ
1793 4244 1850 4296 ἐν
1873 4241 2029 4314 ἀγρῷ

435 4326 650 4398 αὐτοῦ.)

507 4420 604 4472 ll".
659 4420 888 4484 Ἡσαΐας
939 4421 1054 4483 υἱὸς
1098 4421 1279 4492 ’Λμὼς
1331 4417 1400 4492 ἦν
1458 4422 1567 4475 ἀπὸ
1627 4422 2025 4494 Ἰερουσαλήμ·

2127 1958 2238 2013 ριον
2258 1940 2420 1994 Δαυῒδ
2445 1943 2538 1995 καὶ
2558 1941 2922 2012 Σολομῶντος,
2946 1943 3038 1996 καὶ
3059 1942 3287 2012 ἐμίανεν
3314 1943 3466 1995 ὀστᾶ
3492 1943 3747 2013 πατέρων

2124 2031 2312 2095 αὑτοῦ,
2343 2031 2429 2085 διὰ
2469 2032 2628 2085 τοῦτο
2659 2034 2688 2086 6
2721 2031 2854 2094 Θεὸς
2898 2031 3218 2102 ἐπαράσατο
3254 2034 3346 2095 είς
3400 2031 3662 2084 δουλείαν
3692 2032 3749 2084 τὸ

2125 2125 2348 2196 σπέρμα
2404 2123 2570 2178 αὑτοῦ
2636 2127 2752 2188 τοῖς
2799 2123 3016 2196 ἐχθροῖς
3075 2123 3266 2190 αὑτοῦ,
3329 2125 3437 2181 καὶ
3493 2125 3742 2196 ἄκαρπον

2122 2217 2378 2286 ἐποίησεν
2398 2219 2426 2269 6
2453 2216 2585 2280 Θεὸς
2611 2216 2720 2270 ἀπὸ
2741 2217 2841 2286 τῆς
2871 2216 3086 2288 ἡμέρας
3106 2217 3354 2288 ἐκείνης.

2195 2310 2296 2377 (A'.
2341 2310 2572 2373 Ἡσαΐας
2599 2311 2628 2362 6
2673 2309 2845 2380 μέγας
2877 2311 3164 2382 προφήτης
3198 2305 3269 2380 ἦν
3311 2310 3433 2364 ἀπὸ
3474 2309 3743 2380 Ἱερουσα·

2123 2401 2256 2472 λήμ,
2285 2400 2510 2470 θνήσκει
2540 2401 2597 2453 δὲ
2633 2400 2884 2470 πρισθεὶς
2916 2401 3022 2452 ὑπὸ
3045 2401 3282 2472 Μανασῆ
3318 2401 3605 2471 βασιλέως
3630 2403 3741 2453 υἱοῦ

2137 2494 2400 2559 Ἐζεκίου,
2426 2493 2518 2546 καὶ
2550 2492 2709 2562 ἐτέθη
2741 2493 3001 2546 ὑποκάτω
3025 2493 3185 2564 δρυὸς
3221 2493 3478 2566 Ῥωγὴλ,
3507 2493 3741 2564 ἐχόμενα

2122 2587 2222 2656 τῆς
2246 2586 2548 2651 διαϐάσεως
2586 2586 2695 2639 τῶν
2733 2587 2942 2640 ὑδάτων
2976 2579 3050 2640 ὧν
3080 2585 3378 2641 ἀπώλεσεν
3436 2587 3689 2652 Ἐζεκίας
3714 2587 3739 2638 6

2127 2675 2382 2747 βασιλεὺς
2427 2675 2754 2747 καταχώσας
2802 2675 2962 2731 αὑτά.
3012 2675 3122 2730 Kal
3149 2678 3178 2729 6
3217 2677 3362 2742 Θεὸς
3399 2677 3468 2730 τὸ
3519 2678 3738 2748 σημεῖον

2124 2767 2220 2821 τοῦ
2251 2768 2472 2838 Σιλωὰμ
2515 2768 2741 2838 ἐποίησε
2771 2767 2858 2822 διὰ
2898 2767 2990 2820 τὸν
3024 2771 3342 2840 προφήτην,
3373 2771 3463 2824 ὅτι
3517 2769 3622 2841 πρὸ
3648 2768 3736 2822 τοῦ

2125 2858 2419 2912 ἀποθανεῖν
2443 2857 2786 2929 ὀλιγωρήσας
2812 2856 3013 2927 ηὔξατο
3040 2861 3185 2911 πιεῖν
3209 2859 3386 2931 ὕδωρ,
3418 2859 3520 2912 καὶ
3540 2857 3736 2921 εὐθέως

2127 2950 2409 3021 ἀπεστάλη
2442 2949 2592 3020 αὑτῷ
2623 2949 2681 3015 ἐξ
2702 2949 2888 3004 αὑτοῦ.
2925 2950 3025 3004 Διά
3054 2949 3214 3004 τοῦτο
3241 2953 3462 3025 ἐκλήθη
3493 2951 3730 3020 Σιλωὰμ,

2127 3043 2156 3095 ὃ
2183 3042 2546 3115 ἑρμηνεύεται
2579 3041 3064 3111 ἀπεσταλμένος.
3094 3044 3206 3097 Kal
3232 3046 3332 3099 ἐπὶ
3356 3045 3459 3098 τοῦ
3491 3041 3730 3107 Ἐζεκίου

2127 3133 2204 3198 δὲ,
2239 3133 2344 3204 πρὸ
2374 3131 2468 3186 τοῦ
2505 3135 2725 3203 ποιῆσαι
2749 3131 2912 3185 αὑτὸν
2935 3133 3062 3196 τοὺς
3094 3133 3336 3192 λάκκους
3389 3137 3485 3188 καὶ
3519 3134 3620 3198 τάς
3646 3149 3730 3186 κο-

2127 3225 2468 3297 λυμϐήθρας,
2500 3224 2594 3277 ἐπὶ
2637 3225 2704 3296 τῇ
2745 3224 2880 3293 εὑχῇ
2923 3223 3019 3277 τοῦ
3060 3225 3286 3278 Ἡσαΐου
3337 3225 3547 3296 μικρὸν
3597 3222 3729 3292 ὕδωρ

2125 3315 2464 3387 ἐξελήλυθεν,
2492 3315 2575 3368 ὅτι
2594 3309 2663 3386 ἦν
2686 3315 2720 3386 ἡ
2743 3313 2899 3377 πόλις
2921 3315 2980 3370 ἐν
3005 3314 3367 3386 συγκλεισμῷ
3391 3314 3724 3383 ἀλλοφύλων,

2125 3409 2220 3462 καὶ
2250 3409 2336 3460 ἵνα
2369 3405 2444 3478 μὴ
2488 3406 2827 3478 διαφθαρῇή
2875 3405 3030 3470 πόλις
3068 3407 3144 3469 ὼς
3189 3407 3262 3478 μὴ
3307 3407 3522 3480 ἔχουσα
3570 3406 3724 3476 ὕδωρ.

2139 3498 2395 3571 ’Πρώτων
2411 3498 2519 3570 γὰρ
2547 3500 2597 3552 οί
2626 3497 2873 3569 πολέμιοι
2903 3498 3068 3552 πόθεν
3093 3498 3309 3552 πίνουσι
3328 3517 3342 3532 ο
3373 3500 3461 3552 διὸ
3486 3499 3582 3552 καὶ
3608 3499 3726 3567 ἐχα-

2129 3591 2384 3662 ράκωσαν
2413 3591 2509 3662 τὴν
2541 3591 2719 3654 πόλιν,
2765 3592 2862 3644 xal
2895 3591 3358 3662 παρεκαθέζοντο
3377 3591 3459 3663 τῷ
3491 3589 3720 3659 Σιλωάμ.

2129 3683 2299 3738 Ὅταν
2335 3679 2428 3738 οῦν
2461 3685 2694 3756 ἦρχοντο
2720 3685 2819 3738 σὺν
2847 3683 2926 3754 τῷ
2967 3683 3168 3756 Ἡσαΐᾳ
3191 3686 3242 3737 οἱ
3269 3686 3550 3750 Ἰουδαῖοι,
3579 3683 3724 3752 ἄφνω

2127 3776 2386 3846 ἐξήρχετο
2409 3774 2471 3829 τὸ
2495 3776 2667 3848 ὓδωρ·
2701 3776 2839 3830 ἐπάν
2862 3776 2920 3829 δέ
2946 3778 2998 3828 οἱ
3027 3777 3317 3846 ἀλλόφυλοι
3349 3780 3604 3850 ἤρχοντο,
3632 3775 3723 3827 οὐκ

2129 3866 2388 3938 ἐξήρχετο
2431 3866 2492 3920 τὸ
2541 3867 2706 3938 ὓδωρ.
2739 3867 2830 3921 Διὸ
2879 3868 2974 3922 καὶ
3018 3868 3123 3931 ἕως
3159 3869 3407 3940 σήμερον
3451 3866 3720 3936 αίφνιδίως

2128 3959 2428 4030 ἐξέρχεται,
2455 3958 2549 4012 καὶ
2575 3957 2719 4012 κατά
2742 3957 2840 4029 τὴν
2864 3958 3014 4030 ῶραν
3039 3960 3106 4032 ἢν
3125 3961 3326 4032 ἧρχετο
3352 3961 3584 4022 Ἡσαΐας
3611 3957 3719 4010 τότε

2131 4050 2227 4102 σὺν
2278 4051 2390 4112 τοῖς
2438 4047 2729 4111 Ἰουδαίοις,
2767 4048 2854 4102 ἵνα
2902 4049 3086 4122 δειχθῇ
3143 4051 3203 4104 τὸ
3260 4054 3584 4124 μυστήριον.
3619 4045 3715 4102 Kal

2129 4141 2318 4212 ἐπειδὴ
2344 4139 2432 4194 ὣά
2469 4140 2563 4194 τοῦ
2612 4140 2836 4194 Ἡσαΐου
2868 4140 3028 4195 τοῦτο
3060 4142 3531 4215 γέγονενμνήμης
3561 4136 3712 4194 αὑτοῦ

2128 4233 2289 4306 χάριν
2321 4232 2415 4285 καὶ
2439 4233 2467 4284 ὀ
2495 4232 2626 4296 λαὸς
2663 4232 2891 4303 πλησίον
2922 4231 3016 4285 τοῦ
3045 4234 3267 4305 Σιλωάμ
3297 4234 3578 4306 ἐπιμελῶς
3600 4230 3714 4283 ἔθα-

2127 4325 2228 4395 ψεν
2267 4324 2431 4378 αὑτὸν
2466 4325 2561 4377 καὶ
2596 4323 2820 4390 ἐνδόξως
2842 4341 2854 4353 ·
2881 4325 3030 4390 ὅπως
3057 4324 3146 4379 διά
3192 4324 3298 4379 τῶν
3338 4324 3520 4396 εὐχῶν
3558 4315 3710 4374 αὑτοῦ

2130 4417 2227 4470 καὶ
2258 4415 2399 4487 μετὰ
2445 4415 2676 4469 θάνατον
2704 4414 2871 4468 αὑτοῦ
2913 4415 3110 4486 ἔχωσιν
3150 4417 3226 4481 ὡς
3259 4419 3420 4483 αὐτὸς
3453 4417 3549 4488 τὴν
3585 4410 3708 4467 ἀπό-

432 4509 744 4578 ἀναιρεθεὶς
777 4511 832 4563 δέ
863 4511 968 4563 ὑπὸ
991 4512 1288 4582 Μανασσῆ,
1318 4513 1568 4584 πρισθεὶς
1597 4515 1676 4577 εἱς
1709 4513 1822 4577 δύο,
1850 4514 2025 4585 ἐτάφη
2059 4545 2103 4600 D
2130 4509 2321 4562 λαυσιν
2336 4507 2430 4561 τοῦ
2450 4507 2639 4571 ὓδατος
2662 4525 2674 4538 ⁸
2703 4508 2784 4560 δτι
2810 4507 2905 4560 καὶ
2935 4509 3182 4580 χρησμὸς
3204 4510 3361 4582 ἐδόθη
3383 4511 3566 4570 αὑτοῖς
3593 4501 3708 4572 περὶ

435 4596 695 4651 ὑποκάτω
737 4598 898 4667 δρυὸς
935 4599 1169 4670 Ῥωγήλ,
1197 4601 1424 4672 πλησίον
1459 4603 1558 4672 τῆς
1592 4603 1896 4667 διαϐάσεως
1917 4603 2028 4656 τῶν

436 4689 645 4743 ὑδάτων
685 4683 759 4741 ὧν
790 4690 1052 4742 ἀπόλεσεν
1076 4691 1200 4761 (sic)
1231 4691 1479 4756 Ἐζεκίας
1520 4693 1704 4764 χώσας
1729 4695 1889 4748 αὑτά.
1919 4695 2030 4750 Kal

434 4783 466 4833 6
497 4779 630 4843 Θεὸς
669 4780 729 4833 τὸ
788 4783 1012 4852 σημεῖον
1061 4780 1156 4833 τοῦ
1202 4782 1426 4854 Σιλωάμ
1473 4784 1560 4838 διά
1603 4785 1694 4837 τὸν
1742 4787 2028 4858 προφήτην

436 4873 712 4944 ἐποίησεν,
740 4875 820 4927 ὅτι
845 4875 951 4946 πρὸ
973 4874 1064 4928 τοῦ
1096 4875 1277 4928 θανεῖν
1303 4876 1628 4948 ὀλιγορήσας
1662 4877 1863 4950 ηὔξατο
1885 4882 2027 4933 πιεῖν

437 4965 604 5037 ὕδωρ,
636 4967 730 5020 καὶ
758 4967 960 5030 εὐθέως
1000 4968 1280 5040 ἀπεστάλη
1313 4969 1463 5041 αὐτῷ
1496 4971 1554 5038 ἐξ
1581 4971 1767 5025 αὑτοῦ.
1801 4972 1910 5026 Kal
1941 4972 2031 5026 διὰ

435 5060 596 5113 τοῦτο
622 5059 896 5132 ἐπεκλήθη
918 5061 1094 5114 Σιλωά
1104 5081 1160 5131 μ,
1183 5064 1209 5116 ὅ
1234 5063 1382 5115 ἐστιν
1412 5065 1893 5134 ἀπεσταλμένος.
1919 5067 2032 5122 Kal

439 5150 691 5215 Ἐζεκίας
723 5154 816 5204 ἐπὶ
855 5153 962 5204 τῶν
1005 5153 1181 5223 εὐχῶν
1219 5154 1411 5207 τούτου
1449 5156 1708 5225 ἐποίησεν
1736 5157 1863 5220 τοὺς
1900 5157 2033 5211 λάκ-

439 5259 569 5306 κους
598 5241 693 5295 καὶ
718 5241 815 5304 τάς
844 5242 1253 5317 κολυμϐήθρας.
1306 5246 1520 5314 Μικρὸν
1542 5246 1653 5318 γὰρ
1682 5243 1750 5318 ἦν
1780 5247 1926 5320 ὕδωρ
1952 5249 2034 5316 ἐξ-

439 5334 719 5404 εληλυθὸς,
748 5336 837 5388 ὅτε
879 5331 947 5405 ἦν
987 5337 1016 5388 6
1043 5336 1172 5400 λαὸς
1193 5339 1250 5390 ἐν
1279 5339 1632 5409 συγκλεισμῷ
1681 5339 2024 5408 ἀλλοφύλων

443 5419 538 5470 καὶ
565 5419 650 5472 ἵνα
693 5419 766 5490 μὴ
812 5421 1086 5493 διαφθαρῇ
1129 5425 1163 5494 ή
1196 5425 1348 5489 πόλις
1391 5427 1467 5490 ὡς
1500 5427 1574 5497 μὴ
1623 5427 1823 5497 ἔχουσα
1859 5427 2026 5500 ὕδωρ,

445 5506 696 5574 ἐποίησεν
745 5507 925 5562 τοῦτο.
968 5511 1077 5561 Kal
1106 5511 1233 5564 ὅταν
1278 5509 1371 5566 οῦν
1403 5513 1635 5584 ἤρχοντο
1673 5516 1722 5567 οἱ
1773 5515 2026 5585 πολέμιοι

446 5597 725 5666 ἀντλῆσαι,
746 5603 844 5654 οὐκ
865 5602 1065 5672 ήρχετο
1095 5602 1237 5675 ὓδωρ
1256 5621 1267 5632 °
1289 5605 1415 5658 ὅταν
1431 5606 1489 5659 δὲ
1509 5607 1756 5660 Ἰουδαῖοι
1772 5608 2023 5679 ἤρχοντο,

2131 4599 2226 4654 τοῦ
2256 4599 2468 4663 ὓδατος.
2509 4601 2664 4654 Ἔστι
2691 4601 2749 4654 δέ
2771 4602 2802 4653 6
2833 4601 3004 4670 τάφος
3041 4601 3207 4655 αὑτοῦ
3238 4603 3474 4674 ἐχόμενα
3505 4598 3596 4652 τοῦ
3618 4597 3705 4649 τά-

2133 4710 2234 4762 φου
2262 4692 2373 4745 τῶν
2407 4691 2694 4762 βασιλέων,
2720 4693 2944 4747 ὀπισθεν
2966 4693 3060 4748 τοῦ
3079 4694 3253 4764 τάφου
3277 4695 3386 4749 τῶν
3415 4694 3601 4766 ίερέων
3624 4687 3703 4742 ἐπὶ

2132 4783 2193 4836 τὸ
2221 4785 2385 4856 μέρος
2420 4782 2483 4836 τὸ
2522 4783 2659 4854 πρὸς
2691 4783 2863 4836 νότον.
2897 4783 3147 4854 Σολομὼν
3186 4786 3296 4856 γὰρ
3328 4786 3549 4854 ἐποίησε
3587 4779 3700 4837 τοὺς

2130 4878 2340 4947 τάφους
2360 4875 2454 4929 τοῦ
2478 4876 2640 4928 Δαυῒδ
2661 4876 3062 4948 διαγράψαντος
3101 4878 3244 4930 κατά
3273 4877 3534 4938 ἀνατολὰς
3554 4869 3699 4933 Σιὼν,

2133 4971 2256 5040 ἥτις
2290 4969 2398 5040 ἔχει
2449 4968 2653 5022 εἴσοδον
2685 4970 2793 5023 ἀπὸ
2826 4969 3051 5023 Γαϐαὼν
3091 4970 3331 5041 μήκοθεν
3361 4971 3460 5041 τῆς
3513 4965 3698 5022 πόλεως

2131 5060 2377 5123 σταδίους
2409 5067 2486 5112 κ’⁶
2529 5060 2625 5113 καὶ
2661 5060 2883 5131 ἐποίησε
2919 5061 3137 5116 σκολιὰν
3185 5064 3282 5117 καὶ
3327 5063 3570 5117 σύνθετον
3607 5053 3694 5122 τὴν

2130 5152 2332 5205 εἴσοδον
2361 5153 2454 5205 καὶ
2483 5152 2850 5223 ἀνυπονόητον
2877 5156 2989 5217 τοῖς
3024 5153 3256 5218 πολλοῖς.
3299 5157 3406 5210 Kal
3434 5155 3575 5207 ἔστιν
3600 5147 3692 5204 ἕως

2128 5245 2228 5314 τῆς
2262 5247 2503 5315 σήμερον
2533 5248 2645 5308 τοῖς
2675 5244 2889 5308 πολλοῖς
2911 5246 3250 5318 ἀγνοουμένη
3274 5247 3384 5300 τῶν
3411 5243 3588 5316 ἱερέων
3610 5230 3691 5288 καιὶ

2135 5337 2240 5406 ὅλῳ
2271 5334 2348 5406 τῷ
2378 5335 2513 5406 λαῷ.
2557 5330 2704 5390 Ἐκεῖ
2735 5332 2878 5406 εἶχεν
2908 5339 2936 5390 ὁ
2962 5337 3215 5406 βασιλεὺς
3238 5339 3299 5391 τὸ
3327 5336 3540 5408 χρυσίον
3565 5327 3618 5380 τὸ
3640 5319 3691 5384 ἐξ

2134 5425 2419 5489 Αἰθιοπίας
2457 5425 2555 5479 καὶ
2582 5426 2650 5480 τὰ
2691 5427 2982 5497 ἀρώματα.
3027 5429 3136 5482 Kal
3185 5430 3372 5498 ἐπειδὴ
3419 5419 3642 5489 Ἐζεκίας
3663 5411 3688 5462 δ

2135 5514 2390 5585 βασιλεὺς
2419 5516 2587 5583 ἔδειξε
2624 5517 2685 5570 τὸ
2716 5520 3018 5590 μυστήριον
3056 5519 3218 5573 Δαυῖδ
3253 5522 3349 5574 καὶ
3378 5511 3688 5586 Σολομῶντος

2131 5609 2242 5672 τοῖς
2269 5608 2444 5662 ἔθνεσι
2468 5611 2582 5672 τοῖς
2610 5608 2975 5674 Βαϐυλωνίοις
3010 5613 3105 5666 καὶ
3136 5613 3327 5684 ἐμίανε
3367 5613 3431 5668 τά
3462 5605 3583 5664 ὀστά
3603 5591 3682 5653 τοῦ

521 5748 599 5818 (η
642 5749 737 5808 llis
772 5770 961 5821 parum
997 5762 1267 5816 concinne
1313 5761 1534 5831 scriptis
1587 5764 1758 5818 mutto
1797 5770 2019 5834 praestat
2063 5765 2291 5822 alterius
2325 5765 2532 5822 codicis
2570 5768 2868 5839 scriptura.
