3988 6474
412 366 514 424 ἐθὶὶ

1511 360 1719 418 LIBER
1758 357 1846 414 DE
1889 354 2073 413 VITIS
2106 354 2654 419 PROPHETARUM.

3601 368 3716 426 422

414 485 585 540 τόπου
625 483 743 539 τῶν
786 484 1039 557 πατέρων
1076 480 1264 546 αὑτοῦ,
1305 479 1394 534 διὰ
1433 479 1592 533 τοῦτο
1632 480 1661 533 6
1706 477 1838 542 Θεὸς
1898 494 2019 531 συν·
2052 482 2095 539 Δ
2125 478 2401 548 γύπτου...
2447 482 2805 553 ἀποθνήσκει.
2846 485 3040 539 Κεῖται
3070 484 3126 540 δὲ
3159 486 3216 540 ἐν
3242 484 3395 558 τόπῳ
3431 487 3526 558 τῆς
3555 489 3712 562 οἰκή-

423 578 706 650 εχώρησεν
736 580 822 642 εἰς
847 577 1085 632 δουλείαν
1104 573 1402 630 ἔσεσθαιτὸ
1440 573 1663 645 σπέρμα
1691 570 1858 627 αὐτοῦ
1908 574 2022 636 τοῖς

424 671 639 742 ἐχθροῖς
666 669 862 733 αὑτοῦ,
907 669 1001 723 καὶ
1041 669 1291 738 ἄκαρπον
1326 665 1493 720 αὐτὸν
1533 667 1561 719 6
1589 664 1721 727 Θεὸς
1768 663 2021 735 ἐποίησεν

426 761 538 817 ἀπὸ
563 760 665 829 τῆς
700 761 918 832 ἡμέρας
946 759 1206 831 ἐκείνης.)

502 854 601 906 ῙΔ’.
642 853 912 924 Ἱερεμίας
938 848 1007 923 ἦν
1049 853 1107 916 ἐξ
1136 849 1401 915 Ἀναθὼθ,
1433 850 1527 904 καί
1555 851 1612 904 ἐν
1650 848 1893 919 Τάφναις
1919 848 2019 919 τῆς

428 945 710 1013 Αἰγύπτου
746 944 915 1008 λίθοις
960 942 1177 1015 βληθεὶς
1223 943 1330 996 ὑπὸ
1369 942 1463 996 τοῦ
1498 939 1628 994 λαοῦ
1662 939 2015 1009 ἀποθνήσκει.

426 1038 626 1090 Κεῖται
664 1036 721 1090 δὲ
742 1036 969 1105 πλησίον
988 1037 1088 1107 τῆς
1116 1035 1294 1096 οἰκίας
1312 1032 1531 1105 Φαραὼ,
1554 1033 1637 1086 ὅτι
1657 1032 1706 1084 οἰ
1731 1029 2019 1099 Αἰγύπτιοι

426 1128 690 1194 ἐδόξασαν
739 1129 904 1182 αὐτὸν
954 1127 1406 1200 εὐεργετηθέντες
1458 1126 1526 1179 δι’
1573 1124 1773 1179 αὑτοῦ·
1817 1123 2020 1195 ηῦξατο

425 1221 561 1293 γὰρ,
595 1222 689 1276 καὶ
716 1222 771 1274 αἱ
802 1220 1025 1284 ἀσπίδες
1044 1220 1242 1281 αὐτοὺς
1273 1217 1437 1273 ἕασαν
1469 1218 1562 1271 καὶ
1589 1217 1701 1272 τῶν
1733 1216 1942 1270 ὑδάτων
1967 1215 2018 1268 οἰ

426 1312 617 1382 θῆρες,
650 1311 743 1375 οὒς
771 1312 1026 1367 καλοῦσιν
1048 1311 1098 1365 οἱ
1140 1310 1429 1380 Αἰγύπτιοι
1461 1308 1733 1383 μενεφὼθ,
1760 1308 2019 1380 ’Έλληνες

424 1403 488 1458 δὲ
519 1404 913 1474 κροκοδείλους,
957 1404 1005 1457 οἰ
1041 1403 1187 1472 (cod.
1223 1401 1373 1472 οἰὼν)
1414 1399 1556 1475 ἦσαν
1607 1403 1807 1465 αὐτοὺς
1851 1400 2017 1453 θανα-

422 1494 679 1559 τοῦντες·
712 1495 805 1549 καὶ
845 1493 1144 1567 εὐξαμένου
1191 1494 1284 1549 τοῦ
1328 1496 1611 1566 προφήτου
1665 1491 2018 1561 ἐκωλύθησαν

422 1587 494 1639 ἐκ
520 1586 623 1657 τῆς
659 1589 763 1659 γῆς
792 1587 1005 1658 ἐκείνης
1025 1587 1087 1640 τὸ
1107 1587 1264 1656 γένος
1296 1586 1404 1640 τῶν
1425 1586 1688 1650 ἀσπίδων,
1714 1585 1807 1637 καί
1835 1586 1899 1636 ἐκ
1924 1583 2016 1636 τοῦ

425 1677 677 1749 ποταμοῦ
724 1678 985 1742 ὡσαύτως
1021 1679 1083 1732 τὸ
1109 1678 1322 1751 ἔνεδρον
1350 1678 1458 1732 τῶν
1492 1676 1717 1749 θηρίων.
1762 1675 1874 1729 Καὶ
1903 1676 2017 1730 ὅσοι

2125 588 2263 637 σεως
2310 573 2533 646 Φαραὼ,
2581 574 2663 629 ὅτι
2717 575 3068 645 Αἰγύπτιοι...
3104 577 3305 649 ηὔξατο
3350 580 3478 650 γὰρ,
3528 581 3624 634 καὶ
3652 581 3712 636 αἰ

2122 664 2506 737 ὸλοθρεύουσαι
2539 668 2741 732 αὐτοὺς
2762 669 2988 733 ἀσπίδες
3015 670 3306 735 ἀπέθανον,
3337 671 3432 725 καὶ
3456 672 3565 725 τῶν
3594 674 3713 728 ὑδά-

2120 774 2229 810 των
2260 759 2309 811 οί
2363 754 2549 830 θῆρες,
2594 759 2687 824 οὓς
2739 760 2961 814 καλοῦσι
3012 761 3112 832 μὲν
3157 762 3444 831 Αἰγύπτιοι
3490 763 3708 833 νεφὼθ,

2123 850 2385 922 ’Έλληνες
2411 852 2468 905 δὲ
2492 853 2887 924 κροκοδείλους.
2921 853 3036 908 Καὶ
3062 855 3175 907 ὅσοι
3204 854 3312 906 εἰσὶ
3344 853 3524 907 πιστοί
3552 854 3711 919 Θεοῦ,

2119 942 2226 1007 ἓως
2253 944 2492 1015 σήμερον
2521 944 2771 1016 εῦχονται
2809 947 2868 999 ἐν
2903 944 2982 1017 τῷ
3005 945 3158 1016 τόπῳ
3195 946 3411 1015 ἐκείνῳ,
3442 947 3537 999 καὶ
3569 947 3711 1014 λαμ·

2120 1035 2373 1100 ϐἀνοντες
2389 1035 2480 1089 τοῦ
2507 1038 2630 1108 χοὸς
2655 1037 2748 1092 τοῦ
2778 1038 2971 1105 τόπου,
3001 1039 3253 1111 δήγματα
3281 1035 3522 1091 ἀσπίδων
3549 1037 3715 1109 θερα-

2119 1127 2398 1182 πεύουσιν.
2445 1128 2635 1200 Ἡμεῖς
2657 1129 2713 1183 δέ
2741 1130 3060 1201 ἠκούσαμεν
3090 1131 3155 1182 ἐκ
3191 1129 3301 1183 τῶν
3329 1129 3536 1184 παίδων
3562 1133 3710 1184 Ἀντ.

2118 1222 2215 1274 καὶ
2261 1220 2423 1275 Πτολ.
2466 1222 2674 1294 ἀνδρῶν
2703 1224 3115 1294 γεγηρακότων,
3166 1223 3247 1276 δτι
3290 1222 3712 1297 ’Λλέξανδρος...

2117 1313 2187 1367 τὰ
2220 1313 2470 1384 λείψανα,
2501 1315 2749 1387 περιθεὶς
2768 1314 2909 1369 αύτά
2935 1314 3159 1382 ἐνδόξως
3182 1315 3367 1387 κύκλῳ
3383 1332 3397 1346 ·
3422 1317 3516 1370 καὶ
3540 1316 3716 1382 οὕτως

2119 1403 2599 1476 ἐξωλοθρεύθησαν
2655 1407 2718 1460 ἐκ
2759 1408 2859 1478 τῆς
2898 1407 3003 1477 γῆς
3050 1408 3269 1478 ἐκείνης
3305 1407 3368 1460 τὸ
3399 1408 3555 1475 γένος
3604 1408 3714 1462 τῶν

2119 1497 2382 1563 ἀσπίδων,
2427 1499 2523 1551 καὶ
2572 1499 2638 1552 ἐκ
2679 1497 2774 1551 τοῦ
2818 1498 3066 1569 ποταμοῦ
3107 1499 3389 1563 ὡσαύτως.
3433 1500 3545 1554 Καὶ
3591 1500 3715 1554 τότε

2118 1587 2340 1641 ἐνέϐαλε
2357 1589 2484 1654 τοὺς
2501 1591 2653 1660 ὃφεις
2672 1590 2799 1652 τοὺς
2813 1588 3140 1660 λεγομένους
3161 1590 3505 1661 ἀργολαίους,
3524 1592 3551 1645 ὃ
3567 1592 3714 1643 ἐστιν

2118 1677 2475 1750 ὀφιομάχους,
2520 1678 2615 1743 οὓς
2650 1680 2888 1751 ἤνεγκαν
2915 1681 2977 1733 ἐκ
3017 1679 3111 1733 τοῦ
3153 1682 3390 1752 ’Ἄργους
3414 1680 3511 1735 τοῦ
3540 1682 3715 1735 Πελα-

424 1770 567 1823 εἰσίν
595 1768 777 1821 πιστοί
813 1767 969 1835 Θεοῦ,
1003 1769 1109 1833 ἕως
1135 1768 1231 1823 τοῦ
1258 1769 1353 1823 νῦν
1386 1768 1636 1841 εὔχονται
1666 1771 1723 1822 ἐν
1758 1768 1836 1840 τῷ
1867 1769 2018 1840 τόπῳ
2054 1828 2093 1845 n
2122 1768 2337 1837 σγικοῦ,
2371 1769 2493 1823 ὅθεν
2521 1770 2616 1823 καὶ
2641 1769 2922 1841 ἀργολαῖοι
2941 1769 3250 1836 καλοῦνται,
3271 1772 3548 1825 τουτέστιν
3576 1773 3715 1845 "Ap-

423 1862 562 1914 ὅπου
599 1862 797 1924 κεῖται,
833 1861 926 1914 καὶ
971 1862 1340 1932 λαμϐάνοντες
1393 1862 1488 1915 τοῦ
1538 1862 1662 1932 χοὸς
1706 1861 1800 1916 τοῦ
1826 1862 2011 1927 τόπου,

425 1952 687 2023 δήγματα
740 1952 987 2006 ἀσπίδων
1035 1952 1449 2025 θεραπεύουσιν,
1482 1954 1577 2007 καί
1609 1953 1680 2007 τὰ
1705 1952 1870 2025 θηρία
1925 1953 2014 2006 τοῦ
2074 1960 2081 1967 ’

427 2043 625 2106 ὓδατος
667 2042 1078 2112 φυγαδεύουσιν.
1124 2044 1311 2115 Ἡμεῖς
1361 2030 1768 2116 δέήκούσαμεν
1810 2046 1874 2098 ἐκ
1906 2043 2014 2097 τῶν

426 2134 641 2189 παίδων
666 2133 972 2203 Ἀντιγόνου
1013 2134 1106 2187 καὶ
1152 2135 1488 2207 Πτολεμαίου
1522 2135 1793 2207 γερόντων
1828 2132 2012 2197 τινῶν,

422 2227 510 2279 ὅτι
533 2225 880 2296 Ἀλέξανδρος
902 2228 930 2279 6
951 2224 1216 2279 Μακεδὼν
1244 2227 1471 2290 ἐπιστὰς
1495 2227 1574 2296 τῷ
1593 2226 1749 2296 τάφῳ
1772 2224 1865 2278 τοῦ
1888 2241 2016 2295 προ-

424 2319 623 2389 φήτου,
647 2317 743 2370 καὶ
764 2319 1017 2387 ἐπιγνοὺς
1039 2318 1105 2372 τὰ
1132 2319 1212 2382 είς
1243 2318 1405 2373 αὐτὸν
1435 2320 1727 2390 μυστήρια,
1755 2319 1835 2380 είς
1863 2317 2014 2369 Ἀλε-

424 2408 712 2480 ξάνδρειαν
744 2407 1072 2479 μετέστησεν
1096 2406 1264 2462 αὐτοῦ
1290 2407 1359 2461 τὰ
1385 2407 1633 2477 λείψανα,
1666 2406 2014 2479 περιστείλας

374 2526 379 2529 -
421 2499 567 2553 αὑτά
595 2498 850 2563 ἐνδόξως·
881 2499 977 2551 καὶ
1006 2497 1253 2570 ἐκωλύθη
1285 2500 1350 2551 ἐκ
1380 2498 1480 2569 τῆς
1500 2497 1605 2568 γῆς
1631 2497 1694 2550 τὸ
1719 2497 1876 2565 γένος
1905 2497 2014 2550 τῶν

420 2591 691 2657 ἀσπίδων,
722 2592 816 2645 καὶ
837 2593 902 2645 ἐκ
928 2588 1023 2644 τοῦ
1054 2588 1301 2661 ποταμοῦ
1337 2589 1599 2652 ὡσαύτως
1630 2588 1699 2642 τά
1727 2587 1912 2659 θηρία.

497 2677 665 2747 Οὗτος
703 2685 733 2736 6
782 2683 1070 2754 προφήτης
1126 2683 1351 2755 σημεῖον
1378 2680 1577 2736 δέδωκε
1621 2683 1733 2745 τοῖς
1776 2680 2013 2750 ἱερεῦσιν

418 2777 724 2846 ⁴Αἰγύπτου,
766 2775 848 2829 ὅτι
889 2775 974 2828 δεῖ
1018 2775 1300 2846 σεισθῆναι
1344 2773 1413 2828 τά
1456 2771 1652 2826 εἴδωλα
1700 2771 1880 2826 αὐτῶν
1920 2771 2014 2825 καὶ

422 2871 729 2940 συμπεσεῖν
752 2868 820 2921 τὰ
855 2867 1210 2938 χειροποίητα
1238 2865 1440 2929 αὐτῶν,
1473 2863 1599 2918 ὅταν
1635 2861 1797 2935 ἐπιϐῇ
1828 2864 1886 2917 ἐν
1914 2864 2012 2915 Αἰ-

417 2962 622 3033 γύπτῳ
655 2958 925 3033 παρθένος
957 2957 1255 3029 λοχεύουσα
1286 2956 1484 3028 βρέφος
1518 2954 1771 3019 θεοειδές.
1801 2953 1892 3007 Διὸ
1920 2953 2014 3007 καὶ

419 3057 532 3119 ἕως
549 3054 644 3107 νῦν
670 3051 902 3123 τιμῶσιν
928 3051 1197 3123 παρῦένον
1216 3048 1407 3120 λοχοῦν
1435 3048 1585 3118 (sic),
1612 3048 1705 3101 καὶ
1732 3046 1931 3118 βρέφος
1956 3049 2013 3099 ἐν

419 3149 604 3220 φάτνῃ
657 3146 899 3208 τιθέντες
947 3143 1366 3217 προσκυνοῦσιν.
1415 3142 1526 3195 Καὶ
1577 3139 1898 3209 Πτολεμαίῳ
1935 3138 2013 3209 τῷ
2042 3170 2085 3230 c

421 3240 638 3312 βασιλεῖ
682 3237 1071 3308 πυνθανομένῳ
1111 3234 1207 3306 τὴν
1235 3233 1413 3288 αἰτίαν
1451 3232 1656 3301 ἔλεγον,
1692 3232 1774 3285 ὅτι
1803 3232 2016 3301 Πατρο-

422 3331 729 3404 παράδοτον
756 3332 890 3426 ἡμῖν
923 3330 1074 3383 ἐστιν
1109 3326 1430 3398 μυστήριον,
1462 3323 1568 3377 ὑπὸ
1610 3321 1757 3376 ὁσίου
1800 3322 2015 3392 προφή-

424 3443 514 3479 του
544 3427 657 3489 τοῖς
689 3413 964 3492 πατράσιν
993 3418 1152 3491 ἡμῶν
1183 3415 1510 3489 παραδοθὲν,
1549 3414 1645 3469 καὶ
1684 3413 2016 3485 ἐκδεχόμεθα

430 3518 485 3572 τὸ
510 3517 688 3588 πέρας
716 3513 812 3569 τοῦ
848 3512 1148 3586 μυστηρίου
1179 3508 1359 3582 ἡμῶν.

493 3602 664 3675 Οὗτος
702 3609 759 3662 δέ
792 3606 900 3679 πρὸ
934 3606 1035 3677 τῆς
1064 3602 1318 3667 ἁλώσεως
1348 3601 1443 3656 τοῦ
1479 3598 1611 3657 ναοῦ
1639 3599 1891 3670 ἣρπασεν
1919 3596 2016 3668 τὴν

424 3700 662 3756 κιϐωτὸν
710 3697 805 3752 τοῦ
852 3688 1020 3767 νόμου
1061 3696 1155 3748 καί¹
1201 3694 1270 3747 τὰ
1307 3694 1367 3746 ἐν
1413 3691 1573 3763 αὐτῇ,
1615 3690 1712 3743 καὶ
1760 3689 2015 3760 ἐποίησεν

424 3790 571 3847 αύτά
596 3788 974 3859 καταποθῆναι
1000 3787 1059 3840 ἐν
1081 3784 1278 3856 πέτρᾳ,
1305 3782 1478 3852 λέγων
1502 3784 1614 3847 τοῖς
1640 3779 2010 3852 παρεστῶσιν·

442 3883 810 3954 Δπεδήμησεν
841 3879 1046 3952 Κύριος
1076 3878 1142 3931 ἐκ
1173 3874 1312 3929 Σιὼν
1340 3876 1421 3939 εἰς
1449 3874 1701 3945 οὐρανὸν,
1727 3873 1824 3927 καὶ
1855 3871 2017 3926 πάλιν

426 3976 709 4032 ἐλεύσεται
755 3976 813 4028 ἐν
840 3972 1090 4043 δυνάμει.
1136 3970 1249 4024 Καὶ
1294 3969 1520 4039 σημεῖον
1567 3967 1696 4036 ὑμῖν
1744 3966 1886 4019 ἔστω
1916 3963 2019 4034 τῆς

428 4067 734 4139 παρουσίας
758 4063 946 4128 αὐτοῦ,
984 4064 1072 4117 ὅτε
1105 4060 1261 4127 ξύλον
1302 4059 1481 4113 πάντα
1507 4057 1576 4111 τὰ
1606 4057 1732 4127 ἔθνη
1774 4073 2017 4128 προσκυ-

431 4163 686 4230 νήσωσιν.
716 4158 828 4229 Τὴν
873 4156 931 4209 δὲ
963 4153 1196 4209 κιϐωτὸν
1232 4151 1438 4223 ταύτην
1475 4149 1652 4212 οὐδεὶς
1690 4146 2017 4202 ἐκϐάλλειεί

431 4251 772 4326 μὴἈαρών·
808 4248 905 4303 καὶ
936 4246 1036 4309 τὰς
1063 4247 1121 4299 ἐν
1143 4246 1281 4317 αὐτῇ
1312 4243 1524 4307 πλάκας
1543 4240 1719 4304 οὐδεὶς
1744 4238 2020 4295 ἀναπτύσ-

429 4363 517 4401 σει
544 4343 734 4416 ἱερέων
760 4342 796 4413 ῆ
820 4337 1114 4412 προφητῶν
1144 4338 1192 4390 εἰ
1229 4337 1303 4407 μὴ
1332 4332 1536 4403 Μωσῆς
1572 4334 1601 4385 6
1649 4329 1903 4393 ἐκλεκτὸς
1923 4328 2016 4381 τοῦ

426 4437 588 4493 Θεοῦ.
621 4436 734 4490 Καὶ
790 4436 849 4489 ἐν
880 4435 947 4505 τῇ
991 4428 1287 4486 ἀναστάσει
1337 4425 1552 4498 πρῶτον
1581 4427 1615 4496 ἡ
1646 4423 1877 4488 κιϐωτὸς
1922 4421 2016 4477 τοῦ

2122 1877 2255 1930 γους
2285 1862 2563 1933 ἀριστεροί
2582 1878 2596 1891 ο
2634 1861 2788 1915 λαιὸν
2814 1862 2921 1932 γάρ
2953 1860 3175 1931 λέγοοσι
3205 1863 3315 1915 πᾶν
3342 1861 3641 1927 εὐώνυμον.

2237 1948 2366 2019 ὗτος
2406 1956 2435 2008 6
2477 1953 2751 2026 Ἱερεμίας
2800 1956 3026 2024 σημεῖον
3074 1952 3275 2006 δέδωκε
3317 1956 3430 2016 τοῖς
3479 1952 3716 2024 ἱερεῦσιν

2125 2044 2427 2116 Αἰγύπτου,
2468 2044 2549 2098 ὅτι
2602 2044 2680 2097 δεῖ
2729 2041 3111 2113 σεισθῆναιτά
3160 2041 3356 2096 εἴδωλα
3389 2043 3568 2095 αὐτῶν
3620 2042 3717 2096 καὶ

2119 2139 2308 2191 πεσεῖν
2326 2136 2415 2189 διὰ
2446 2134 2700 2207 Σωτῆρος
2726 2134 2940 2188 παιδίου
2967 2137 3031 2187 ἐκ
3066 2134 3338 2206 παρθένου
3373 2136 3714 2208 γεννωμένου

2118 2230 2174 2282 ἐν
2214 2228 2411 2299 φάτνῃ,
2440 2226 2536 2281 καί
2561 2226 2647 2279 διὰ
2668 2225 2828 2280 τοῦτο
2855 2225 2960 2288 ἕως
2990 2223 3085 2277 νῦν
3112 2223 3420 2278 θεοποιοῦσι
3446 2225 3715 2297 παρθένον

2115 2320 2272 2392 λοχὸν
2292 2320 2441 2393 (sic),
2458 2319 2554 2372 καὶ
2573 2318 2773 2389 βρέφος
2795 2318 2853 2370 ἐν
2873 2317 3050 2390 φάτνῃ
3063 2315 3301 2380 τιθέντες
3327 2318 3713 2389 προσκυνοῦσι.

2116 2414 2225 2468 Καὶ
2265 2412 2588 2483 Πτολεμαίῳ
2621 2411 2678 2464 δὲ
2713 2410 2792 2482 τῷ
2837 2410 3049 2481 βασιλεῖ
3086 2409 3477 2481 πυνθανομένῳ
3503 2410 3603 2482 τὴν
3627 2413 3716 2465 αἰ-

2113 2506 2236 2559 τίαν
2265 2503 2470 2573 ἐλεγον,
2502 2504 2583 2557 ὅτι
2614 2503 3106 2574 Πατροπαράδοτόν
3133 2503 3249 2555 ἐστι
3298 2501 3359 2555 τὸ
3395 2504 3715 2574 μυστήριον,

2114 2595 2290 2650 ὑπὸ...
2330 2595 2666 2667 παραδοθέν·
2707 2595 2801 2647 καὶ
2853 2594 3208 2665 ἐκδεχόμεθα,
3251 2593 3405 2663 φησί,
3446 2592 3506 2645 τὸ
3540 2593 3717 2666 πέρας

2113 2686 2208 2742 τοῦ
2237 2687 2538 2758 μυστηρίου
2564 2683 2752 2739 αὑτοῦ.

2186 2773 2353 2842 Οὗτος
2381 2780 2409 2832 6
2456 2778 2744 2850 προφήτης
2778 2774 2887 2847 πρὸ
2925 2775 3091 2847 τῆς...
3127 2772 3508 2844 καταποθῆναι
3555 2773 3614 2826 ἐν
3648 2773 3716 2844 τῇ

2118 2872 2313 2943 πέτρᾳ,
2346 2870 2443 2923 καί
2473 2866 2627 2922 εἶπεν
2657 2871 2771 2932 τοῖς
2816 2867 3182 2939 παρεστῶσιν·
3221 2866 3572 2938 ’Λπεδήμησε
3599 2865 3719 2918 Κύ-

2118 2981 2234 3037 ριος
2283 2966 2347 3016 ἐκ
2376 2963 2509 3016 Σινᾶ
2554 2963 2634 3026 εἰς
2668 2960 2759 3014 τὸν
2809 2961 3059 3032 οὐρανὸν,
3107 2960 3203 3014 καί
3228 2959 3392 3013 πάλιν
3439 2957 3719 3012 ἐλεύσεται

2114 3051 2479 3124 νομοθετῆσαι
2524 3052 2582 3104 ἐν
2627 3051 2759 3104 Σινᾶ
2786 3052 2843 3103 ἐν
2876 3051 3124 3121 δυνάμει.
3161 3050 3270 3104 Καὶ
3316 3052 3541 3121 σημεῖον
3569 3089 3606 3103 ..
3639 3046 3719 3103 ὅτ’

2118 3147 2184 3199 ἂν
2216 3145 2435 3210 ξύλον...
2462 3144 2935 3215 προσκυνήσωσιν.
2963 3140 3128 3197 Εἶπεν
3142 3143 3220 3209 δὲ,
3246 3143 3329 3196 ὅτι
3346 3143 3458 3213 Τὴν
3486 3141 3719 3195 κιϐωτὸν

2118 3237 2335 3306 ταύτην
2365 3236 2538 3299 οὐδεὶς
2573 3235 2798 3288 ἐκϐαλεῖ
2825 3237 2874 3288 εἰ
2914 3235 2989 3305 μὴ
3021 3233 3234 3306 Ἀαρὼν
3267 3235 3427 3306 μόνος
3453 3235 3481 3286 ό
3513 3233 3714 3303 ἱερεὺς,

2118 3323 2213 3376 καὶ
2255 3321 2422 3384 τάφ..
2462 3322 2759 3389 ἀναπτύξει
2790 3322 2993 3387 οὐκέτι,
3021 3323 3120 3394 οὐχ
3148 3324 3358 3395 ἱερέων,
3392 3324 3453 3376 οὐ
3502 3339 3719 3393 προφηα-

2116 3414 2250 3481 τῶν,
2287 3416 2336 3468 εἰ
2383 3415 2457 3488 μὴ
2487 3415 2797 3487 Μωῦσῆς...
2827 3415 3020 3488 πρώτη
3056 3418 3088 3488 ή
3140 3415 3373 3479 κιϐωτὸς
3411 3416 3719 3488 ἀναστήσε-

2115 3523 2230 3571 ται,
2249 3507 2342 3561 καὶ
2370 3505 2730 3571 ἐξελεύσεται,
2765 3507 2861 3560 καὶ
2891 3506 3182 3579 τεθήσεται
3208 3509 3265 3562 ἐν
3295 3508 3411 3580 ὄρει
3438 3509 3587 3573 Σινᾶ,
3620 3508 3720 3562 καί⁹

2119 3600 2323 3665 πάντες
2369 3601 2418 3655 οἰ
2450 3602 2595 3667 ἅγιοι
2640 3599 2779 3670 πρὸς
2826 3599 2988 3653 αὐτὸν
3039 3597 3494 3670 συναχθήσονται,
3535 3598 3718 3670 ἐκδεχ.

2118 3690 2324 3763 Κύριον
2351 3689 2558 3744 καὶτὸν
2583 3688 2776 3761 ἐχθρὸν
2793 3689 3109 3759 φεύγοντες,
3139 3686 3349 3742 ἀνελεῖν
3376 3687 3573 3752 αὐτοὺς
3598 3689 3722 3741 ἐθέ-

2118 3783 2302 3838 λοντα.
2342 3783 2431 3837 Ἐν
2457 3782 2514 3836 δέ
2545 3784 2683 3854 τῇ...
2708 3782 2804 3835 καὶ
2827 3782 3048 3851 ἐγένετο
3071 3782 3100 3834 6
3132 3780 3372 3850 τύπος...
3401 3782 3494 3835 καί
3518 3781 3717 3854 νεφέλη

2120 3874 2359 3946 φωτεινή
2386 3874 2729 3930 ἐσκέπασε...
2762 3875 2947 3945 νοήσει
2974 3872 3067 3927 τὸν
3100 3873 3285 3937 τόπον,
3318 3872 3438 3926 ούδέ
3472 3873 3722 3941 ἀναγνῶ-

2119 3986 2208 4024 ναι
2255 3968 2389 4022 αὐτὸ
2426 3966 2649 4022 δύναται
2682 3967 2787 4031 ἐως
2816 3965 2921 4036 τῆς
2954 3965 3172 4038 ἡμέρας
3210 3965 3446 4037 ἐκείνης.
3483 3966 3640 4018 Ἔστι
3662 3964 3720 4017 δὲ

2120 4062 2156 4131 ή
2184 4058 2360 4127 πέτρα
2387 4058 2447 4109 ἐν
2647 4056 2841 4128 ὀρέων,
2870 4057 3007 4110 ὅπου
3039 4057 3247 4109 κεῖνται
3286 4054 3496 4124 Μωσῆς
3523 4071 3582 4107 τε
3623 4054 3721 4109 καὶ

2119 4147 2355 4217 Ἀαρών.
2392 4147 2502 4200 Καὶ
2532 4149 2593 4200 ἐν
2620 4145 2778 4200 νυκτί
2802 4145 2880 4209 ὡς
2912 4146 3115 4219 πυρίνη
3151 4144 3350 4215 νεφέλη
3384 4145 3596 4214 γίνεται
3624 4146 3720 4200 ἐπὶ

2117 4240 2210 4295 τὸν
2232 4240 2395 4294 τόπον
2420 4238 2563 4293 κατά
2594 4237 2686 4292 τὸν
2706 4237 2876 4291 τύπον
2903 4237 2994 4293 τὸν
3016 4238 3291 4309 ἀρχαῖον.)

2191 4333 2293 4387 1Ε’,
2330 4330 2594 4403 Ἰεζεκιὴλ
2639 4330 2757 4394 υίὸς
2804 4329 2982 4400 Βουζῆ
3025 4324 3095 4401 ἦν
3136 4331 3194 4383 ἐν
3244 4328 3472 4401 Σαριρά,
3506 4330 3570 4383 ἐκ
3612 4328 3721 4382 τῶν

2121 4424 2313 4496 ἱερέων
2341 4439 2356 4455 ·
2385 4424 2481 4477 καί
2505 4420 2835 4487 ἀποκτείνας
2857 4420 3021 4475 αὑτὸν
3047 4419 3352 4494 ἡγούμενος
3377 4419 3472 4474 τοῦ
3503 4419 3722 4492 Ἰσραὴλ

429 4528 570 4586 Θεοῦ
614 4527 1000 4598 ἀναστήσεται,
1033 4523 1128 4577 καὶ
1171 4518 1515 4588 ἐξελεύσεται
1555 4519 1621 4570 ἐκ
1664 4516 1765 4588 τῆς
1794 4516 2022 4586 πέτρας,
2055 4511 2102 4571 D
2129 4514 2186 4568 ἐν
2215 4517 2282 4586 τῇ
2312 4514 2384 4584 γῇ
2416 4511 2526 4566 τῶν
2558 4510 2844 4565 Χαλδαίων
2876 4509 2969 4564 ἐπὶ
3017 4509 3116 4581 τῆς
3145 4506 3543 4578 αἰχμαλωσίας,
3571 4506 3723 4575 ἐλεγ-

430 4619 531 4677 καὶ
557 4618 847 4690 τεθήσεται
875 4614 935 4668 ἐν
959 4613 1076 4684 ὄρει
1113 4609 1266 4673 Σινᾶ,
1300 4608 1396 4662 καὶ
1418 4606 1540 4660 τότε
1568 4605 1771 4669 πάντες
1797 4606 1847 4658 οἰ
1876 4604 2019 4673 ἆγιοι

431 4711 868 4784 συναχθήσονται
905 4707 1042 4769 ἐκεῖ,
1095 4700 1440 4772 ἐκδεχόμενοι
1486 4698 1579 4752 τὸν
1629 4697 1882 4768 Χριστόν.
1932 4696 2022 4750 Ἐν

430 4806 490 4859 δέ
517 4806 583 4875 τῇ
614 4802 789 4873 πέτρᾳ
819 4797 1152 4870 ἐσφράγισεν
1181 4791 1261 4863 τῷ
1291 4790 1541 4860 δακτύλῳ
1573 4787 1738 4842 αὑτοῦ
1763 4788 1824 4841 τὸ
1851 4787 2023 4858 ὄνομα

436 4895 530 4952 τοῦ
551 4893 709 4961 Θεοῦ,
738 4892 832 4946 καὶ
858 4890 1081 4960 γέγονεν
1106 4887 1135 4939 6
1158 4886 1330 4948 τύπος
1357 4883 1434 4947 ὼς
1458 4882 1639 4952 γλυφὴ
1663 4880 1902 4951 σιδήρου,
1932 4880 2025 4932 καὶ

431 4989 633 5060 νεφέλη
661 4986 964 5041 ἐσκέπασεν
994 4982 1055 5035 τὸ
1093 4981 1288 5049 ὄνομα,
1333 4977 1429 5031 καὶ
1457 4974 1633 5039 οὐδεὶς
1672 4976 1783 5028 νοεῖ
1817 4973 1909 5026 τὸν
1933 4972 2022 5025 τό-

431 5099 541 5136 πον
567 5081 671 5144 ἕως
700 5079 799 5149 τῆς
840 5073 1168 5136 συντελείας.
1219 5069 1334 5124 Καὶ
1379 5067 1524 5121 ἐστιν
1563 5067 1596 5136 ἡ
1645 5064 1821 5135 πέτρα
1865 5064 1923 5115 ἐν
1955 5065 2019 5133 τῇ

433 5177 631 5249 ἐρήμῳ
658 5174 793 5226 ὅπου
827 5168 1043 5238 πρῶτον
1079 5167 1111 5237 ή
1146 5163 1375 5227 κιϐωτὸς
1412 5160 1637 5230 γέγονεν
1680 5155 1883 5249 μεταξὺ
1912 5155 2022 5207 τῶν

432 5247 533 5323 δύο
559 5265 729 5337 ὀρέων
760 5263 818 5315 ἐν
851 5256 933 5324 οἷς
983 5259 1161 5312 κεῖται
1195 5252 1402 5324 Μωσῆς
1439 5252 1533 5305 καὶ
1566 5247 1813 5321 Ἀαρών·
1844 5247 1938 5301 καὶ
1966 5248 2024 5299 ἐν

433 5358 595 5414 νυκτὶ
618 5354 815 5426 νεφέλη
842 5352 919 5416 ὼς
958 5349 1070 5422 πῦρ
1095 5348 1306 5418 γίνεται
1334 5347 1476 5400 κατὰ
1506 5344 1599 5398 τὸν
1626 5343 1794 5396 τύπον
1809 5341 1899 5395 τὸν
1924 5341 2025 5412 ἀρ-

435 5455 611 5524 χαῖον,
654 5449 735 5502 ὃτι
763 5446 826 5500 06
876 5443 951 5517 μὴ
981 5441 1256 5512 παύσηται
1299 5443 1332 5511 ἡ
1365 5437 1493 5504 δόξα
1521 5435 1613 5491 τοῦ
1655 5433 1791 5488 Θεοῦ
1823 5434 1888 5486 ἐκ
1931 5429 2025 5484 τοῦ

436 5523 603 5614 νόμου
629 5538 816 5595 αὐτοῦ.
852 5537 963 5593 Καὶ
995 5534 1197 5589 ἔδωκεν
1222 5535 1250 5587 6
1284 5530 1416 5594 Θεὸς
1446 5528 1526 5600 τῷ
1571 5526 1814 5599 Ἱερεμίᾳ
1840 5523 2025 5595 χάριν,

2127 4605 2358 4677 χόμενος
2403 4604 2494 4657 ὑπ’
2524 4602 2690 4657 αὐτοῦ
2718 4603 2812 4657 ἐπὶ
2852 4600 3087 4655 εἰδώλων
3115 4600 3479 4672 σεϐάσμασιν,
3518 4597 3723 4669 ἔθαψαν

2128 4697 2291 4753 αὐτὸν
2329 4700 2447 4751 ἐκεῖ
2478 4698 2536 4751 ἐν
2582 4695 2738 4769 ἀγρῷ
2782 4696 2998 4766 Μαοῦρ,
3046 4694 3106 4749 ἐν
3150 4692 3228 4765 τῷ
3282 4693 3441 4763 τάφῳ
3469 4690 3592 4763 Σὴμ
3627 4690 3725 4744 καὶ

2131 4789 2435 4864 Ἀρφαξάθ,
2468 4787 2637 4843 πολλά
2670 4787 3127 4861 προφητεύσαντα
3152 4787 3268 4849 τοῖς
3292 4785 3350 4839 ἐν
3377 4786 3445 4855 τῇ
3469 4781 3722 4852 Ἰουδαία.

2129 4883 2240 4937 Καὶ
2299 4882 2445 4936 ἔστιν
2477 4884 2505 4934 6
2544 4880 2716 4950 τάφος
2777 4879 3043 4950 σπήλαιον
3090 4876 3346 4940 διπλοῦν,
3405 4874 3489 4927 ὅτι
3549 4873 3643 4927 καὶ
3694 4874 3725 4924 6

2130 4974 2385 5044 Ἀϐραὰμ
2441 4974 2521 5035 εἰς
2575 4970 2802 5043 Χεϐρὼν
2859 4969 2997 5041 πρὸς
3058 4969 3158 5039 τὴν
3201 4968 3497 5038 ὁμοιότητα
3558 4963 3722 5019 αὐτοῦ

2132 5066 2388 5138 ἐποίησεν
2422 5064 2512 5118 τόν
2546 5064 2715 5133 τάφον
2749 5062 2989 5134 Σάρρας.
3023 5059 3256 5115 Διπλοῦν
3292 5058 3344 5112 δὲ
3372 5058 3609 5127 λέγεται,
3642 5057 3726 5111 ὅτι

2132 5158 2428 5222 εἰλικιῶδές
2449 5160 2595 5211 ἐστιν
2619 5157 2713 5211 καὶ
2743 5155 3062 5227 ἀπόκρυφον
3092 5153 3151 5218 ἐξ
3175 5153 3435 5208 ἐπιπέδου
3454 5150 3723 5223 ὑπερῷον.

2210 5250 2415 5304 Ἔδωκε
2454 5247 2511 5302 δὲ
2538 5247 2704 5319 τέρας
2732 5244 2810 5316 τῷ
2853 5242 2970 5315 λαῷ
3007 5242 3151 5297 ὥστε
3195 5243 3483 5315 προσέχειν
3515 5240 3594 5313 τῷ
3630 5257 3723 5293 πο-

2133 5340 2294 5413 ταμῷ
2324 5340 2531 5412 Χοϐἀρ,
2563 5340 2657 5392 καὶ
2685 5338 2775 5391 ὅτε
2798 5335 3063 5402 ἐκλείποι,
3098 5334 3339 5400 ἐλπίζειν
3360 5334 3422 5387 τὸ
3454 5332 3728 5404 δρέπανον

2133 5433 2235 5504 τῆς
2261 5431 2595 5505 ἐρημώσεως
2619 5431 2700 5494 είς
2724 5429 2897 5501 πέρας
2931 5428 3032 5500 τῆς
3065 5426 3189 5498 γῆς,
3217 5426 3313 5480 καὶ
3345 5424 3433 5478 ὅτε
3459 5424 3722 5495 πλημμυο

2140 5525 2302 5596 ρήσῃ,
2330 5523 2429 5595 τὴν
2469 5520 2829 5593 Ἰερουσαλὴμ
2860 5519 3138 5573 ἐπάνοδον,
3164 5519 3276 5571 Καὶ
3298 5516 3408 5587 γὰρ
3433 5517 3551 5569 ἐκεῖ
3590 5531 3706 5568 κατ-

438 5604 783 5697 ἶνάτὸτέλος
808 5632 901 5685 τοῦ
933 5627 1236 5701 μυστηρίου
1262 5624 1428 5679 αὐτοῦ
1452 5621 1615 5686 αὐτὸς
1637 5618 2030 5692 ποιήσῃ,δπως
2136 5615 2271 5686 ᾠκει
2318 5616 2348 5668 6
2390 5616 2557 5677 ὅσιος,
2612 5612 2708 5668 καί
2749 5610 2935 5666 πολλοὶ
2975 5609 3113 5682 πρὸς
3163 5608 3326 5662 αὐτὸν
3369 5606 3722 5677 συνήρχοντο,
3761 5604 3784 5630 ⁸

440 5726 667 5798 γένηται
695 5721 953 5784 κοινωνὸς
982 5716 1287 5778 Μωῦσέως.

514 5819 609 5885 (B’.
655 5816 926 5887 Ἱερεμίας
962 5808 1030 5880 ἧν
1055 5811 1115 5878 ἐξ
1139 5805 1405 5875 Ἀναθὼθ,
1436 5805 1533 5860 καὶ
1570 5806 1627 5859 ἐν
1657 5802 1900 5872 Τὰφναις
1936 5800 2028 5854 Αἰ-

2136 5707 2278 5761 ὥστε
2308 5706 2592 5776 φοϐεῖσθαι
2617 5706 2744 5769 τοὺς
2772 5704 3073 5766 Χαλδαίους
3096 5701 3169 5772 μὴ
3194 5701 3489 5772 ἀντάρωσι.
3517 5702 3607 5752 Διὸ
3627 5697 3725 5752 καὶ

2137 5799 2374 5870 ἐπῆλθον
2406 5797 2590 5862 αὐτοῖς
2628 5799 2709 5862 εἰς
2763 5796 3070 5867 ἀναίρεσιν·
3100 5793 3194 5846 καὶ
3232 5792 3484 5863 ἐποίησεν
3530 5790 3728 5861 στῆναι
