3988 6470
377 342 485 399 ιετ

1669 328 1880 388 DUBIA
1919 328 2063 386 ΛΒΤ
2103 327 2374 386 δΐυῐὶιΑ.

3557 331 3656 391 421

381 463 442 514 τὸ
467 459 632 529 ὕδωρ,
662 455 748 512 ἵνα
785 454 1098 526 ἐκφύγωσιν
1117 453 1200 518 εἰς
1233 452 1294 508 1:6
1325 453 1531 525 πέραν¹
1565 453 1658 507 καὶ
1685 454 1736 506 οἱ
1767 451 1965 521 τολμή-
1994 453 2038 509 Λ
2067 450 2162 505 καλ⁸
2188 453 2284 522 τὴν
2311 451 2482 521 πύλην
2514 449 2571 503 ἐν
2668 447 2873 521 Κύριος
2905 447 3278 502 εἰσελεύσεται
3316 447 3413 504 καὶ
3455 449 3662 515 ἐξελεύ.

381 568 573 612 σαντες
603 549 709 602 τῶν
737 548 947 620 ἐχθρῶν
986 546 1268 612 ἐπιδιῶξαι
1306 544 1830 614 κατεποντίσθησαν.
1865 537 1969 596 Οὑ-

379 660 469 705 τος
503 643 593 696 διὰ
619 639 928 712 προσευχῆς
968 639 1290 708 αὐτομάτως
1327 637 1510 699 αὑτοῖς
1533 635 1730 704 δαψιλῆ
1763 632 1968 704 τροφὴν

385 730 582 800 ἰχθύων
611 729 937 800 παρέσχετο,
970 727 1065 780 καὶ
1088 725 1302 788 πολλοῖς
1326 725 1639 779 ἐκλιποῦσιν
1679 723 1826 794 ζωὴν
1849 726 1970 792 ἐχα-

384 824 596 895 ρίσατο.
619 816 784 883 Οὗτος
812 819 1186 889 ἀπολλυμένου
1219 817 1313 871 τοῦ
1339 817 1468 872 λαοῦ
1495 817 1599 870 ὑπὸ
1620 815 1732 869 τῶν
1759 813 1969 885 ἐχθρῶν

385 912 693 984 προσῆλθεν
721 915 831 975 τοῖς
861 912 1210 981 ἡγουμένοις,
1241 909 1336 962 καὶ
1365 908 1454 962 διὰ
1475 907 1776 980 τεραστίων
1805 905 1971 977 φοϐη-

384 1004 568 1064 θέντες
599 1001 922 1054 ἐπαύσαντο.
956 1000 1088 1052 Τότε
1126 998 1309 1066 ἐλεγεν
1330 997 1533 1060 αὑτοῖς,
1557 998 1638 1049 ὃτι
1668 999 1970 1064 Διαπεερω-

384 1093 676 1161 ννεήκαμεν,
703 1090 970 1144 ἀπώλετο
997 1091 1033 1157 ή
1054 1087 1228 1153 ἐλπὶς
1253 1085 1442 1156 ἡμῶν·
1463 1086 1557 1139 καὶ
1579 1087 1636 1138 ἐν
1650 1086 1840 1156 τέρασι
1865 1085 1971 1136 τῶν

384 1184 585 1237 ὀστέων
627 1185 734 1236 τῶν
757 1182 965 1252 νεκρῶν
1009 1181 1205 1242 αὑτοὺς
1238 1179 1476 1241 ἔπεισεν,
1515 1179 1596 1230 ὅτι
1635 1177 1783 1230 ἔσται
1820 1176 1974 1238 ἐλπὶς

384 1275 463 1345 τῷ
492 1275 730 1346 Ἰσραὴλ,
764 1275 856 1327 καὶ
886 1271 1121 1326 ἐνταῦθα
1154 1271 1246 1324 καὶ
1279 1269 1371 1323 ἐπὶ
1407 1270 1501 1322 τοῦ
1533 1269 1839 1341 μέλλοντος.
1872 1261 1976 1321 Οὑ-

385 1385 473 1430 τος
497 1366 641 1437 (cod.
672 1365 864 1432 οὕτως)
885 1367 1001 1416 ἐκεῖ
1019 1364 1093 1418 ῶν
1128 1364 1400 1417 ἐδείκνυεν
1429 1361 1507 1431 τῷ
1531 1360 1644 1432 λαῷ
1678 1360 1976 1432 Ἰσραήλτά

386 1457 443 1508 ἐν
485 1455 838 1526 Ἱερουσιιλὴμ
860 1455 952 1506 καὶ
977 1455 1032 1506 ἐν
1049 1453 1122 1524 τῷ
1145 1453 1256 1524 ναῷ
1272 1453 1547 1523 γινόμενα.
1569 1445 1735 1515 Οὗτος
1750 1451 1976 1523 ἡρπάγη

386 1546 596 1599 ἐκεῖθεν
648 1547 727 1608 εἰς
765 1545 1121 1616 Ἰερουσαλὴμ
1172 1547 1252 1608 εἰς
1308 1545 1527 1615 ἔλεγχον
1570 1543 1677 1597 τῶν
1708 1543 1973 1596 ἀπίστων.

387 1634 553 1701 Οὗτος
572 1639 712 1691 κατὰ
741 1638 832 1691 τὸν
857 1639 1061 1709 Μωσῆν
1091 1638 1166 1691 ἴδε
1196 1638 1284 1690 τὸν
1315 1636 1485 1689 τύπον
1523 1636 1616 1689 τοῦ
1652 1635 1802 1699 ναοῦ,
1837 1631 1896 1690 οὑ
1919 1636 1978 1688 τὸ

387 1733 564 1800 τεῖχος
589 1731 685 1782 καὶ
721 1730 780 1782 τὸ
829 1730 1134 1800 περίτειχος
1156 1729 1352 1791 πλατὺ,
1384 1727 1566 1791 καθὼς
1599 1722 1751 1781 εἶπεν
1777 1728 1975 1798 Δανιὴλ

2069 559 2242 603 σεται,
2275 543 2367 596 καὶ
2397 543 2549 595 ἔσται
2573 545 2606 613 ἡ
2637 542 2779 611 πύλη
2825 541 3212 610 κεκλεισμένη.
3247 541 3295 594 Ο
3331 557 3430 604 τος
3460 541 3668 613 ἔκρινεν

2069 635 2125 686 ἐν
2156 631 2430 686 Βαϐυλῶνι
2454 632 2552 701 τὴν
2575 633 2747 702 φυλὴν
2774 631 2881 684 Δάν
2919 629 3012 684 καὶ
3039 629 3131 684 τοῦ
3160 629 3297 695 Γάδ,
3326 631 3414 684 ὅτι
3441 633 3669 701 ήσέῦουν

2070 726 2147 788 εἰς
2173 723 2374 792 Κύριον
2418 722 2774 786 διώκοντες...
2799 722 3055 792 ἐποίησεν
3085 721 3276 784 αὑτοῖς
3305 720 3480 791 τέρας
3511 721 3669 792 μέγα,

2069 817 2150 869 ὅτι
2183 817 2232 868 οἰ
2263 816 2416 883 ὄφεις
2455 814 2744 885 ἀνήλισκον
2773 811 2843 866 τὰ
2873 811 3047 884 βρέφη
3080 811 3267 865 αύτῶν
3302 811 3396 865 διὰ
3426 812 3527 882 τὴν
3550 814 3672 866 ἀσέ-

2072 904 2222 959 ϐειαν
2243 905 2443 958 αὑτῶν.
2467 905 2574 958 Καὶ
2603 905 2954 976 προείρηκεν,
2981 905 3062 958 ὅτι
3092 902 3158 956 δι’
3185 903 3399 966 αὑτοὺς
3434 906 3538 957 οὑκ
3566 907 3674 958 ἐπι-

2075 996 2295 1068 στρέψει
2338 999 2366 1050 ό
2400 996 2528 1059 λαὸς
2580 997 2659 1058 εἰς
2689 997 2789 1066 τήν
2820 995 2924 1064 γῆν
2962 993 3150 1056 αὑτοῦ,
3185 994 3312 1048 ἀλλ’
3344 996 3407 1047 ἐν
3463 997 3672 1068 Μηδείῃ.

2074 1087 2286 1139 ἔσονται
2314 1087 2419 1147 ἕως
2448 1085 2754 1148 συντελείας
2785 1084 2990 1154 πλάνης
3024 1083 3226 1136 αὑτῶν.
3257 1082 3378 1134 Καὶ
3408 1083 3471 1146 ἐξ
3500 1084 3672 1136 αὑτῶν

2072 1173 2140 1248 ἦν
2173 1180 2201 1230 6
2236 1175 2438 1229 ἀνελὼν
2468 1176 2629 1228 αὑτόν
2651 1193 2662 1206 ·
2716 1176 2996 1229 ἀντέκειτο
3031 1175 3139 1245 γάρ
3177 1173 3338 1244 αὑτῷ
3369 1173 3555 1236 πάσας
3580 1173 3673 1238 τὰς

2074 1269 2287 1340 ἡμέρας
2314 1269 2412 1340 τῆς
2450 1269 2594 1340 ζωῆς
2621 1269 2831 1339 αὑτοῦ.)

2148 1363 2264 1428 ις’.
2291 1361 2489 1431 Δανιὴλ
2539 1363 2617 1430 (1)
2650 1357 2720 1432 ἦν
2748 1363 2806 1414 ἐν
2837 1361 2984 1431 (cod.
3017 1364 3102 1427 ἐκ)
3145 1364 3411 1434 Βεθόρων
3456 1363 3581 1433 (ςίρ)
3610 1365 3672 1433 τῇ

2078 1451 2328 1522 ἀνωτέρα
2379 1451 2551 1520 φυλῆς
2574 1452 2744 1504 Ἰούδα
2774 1493 2809 1507 ..
2842 1453 2935 1506 καὶ
2964 1455 3105 1526 ὑπὲρ
3146 1455 3242 1508 τοῦ
3275 1455 3674 1524 Ναϐουχοδονό-

2082 1561 2177 1614 σορ
2207 1543 2373 1594 πολλὰ
2398 1542 2598 1613 ηὔξατο
2626 1561 2835 1614 παρακ.
2864 1545 2988 1598 αὑτ.
3013 1545 3172 1599 Βαλτ.
3203 1546 3305 1598 τοῦ
3335 1545 3460 1598 υἰοῦ
3491 1546 3673 1610 αὑτοῦ,

2081 1637 2169 1688 ὅτε
2188 1635 2478 1703 γέγονεν...
2507 1635 2700 1704 κτῆνος
2729 1635 2784 1687 δέ
2805 1637 2885 1688 ὅτι
2911 1635 3208 1704 ὑποζύγιον
3237 1632 3312 1708 ἦν
3342 1637 3440 1689 τοῦ
3484 1637 3675 1706 Βελίαρ

2083 1745 2136 1784 κ.
2171 1729 2264 1780 ὑπ.
2314 1728 2408 1782 καὶ
2437 1729 2512 1792 ὡς
2558 1729 2657 1798 μὲν
2714 1728 2839 1798 βοῦς
2888 1728 3076 1799 ἢσθιεν
3133 1731 3407 1802 χόρτον...
3467 1728 3673 1799 φύσεως

387 1823 466 1874 ὅτι
496 1820 871 1892 κτισθήτεται.
904 1816 1071 1882 Οὗτος
1117 1821 1329 1892 ἔκρινεν
1355 1821 1414 1872 ἐν
1445 1818 1721 1872 Βαϐυλῶνι
1745 1820 1845 1888 τὴν
1878 1836 1976 1888 φυ-
2010 1811 2050 1865 Β
2080 1823 2326 1892 τρυφή...
2361 1822 2458 1874 καὶ
2503 1821 2640 1874 νοῶν
2677 1821 2880 1884 εὑθέως
2917 1822 3237 1893 ἐδάκρυσεν,
3290 1823 3388 1876 καὶ
3435 1821 3674 1892 παρεκά-

387 1911 486 1981 λὴν
508 1910 603 1962 τοῦ
637 1910 765 1971 Γὰδ,
801 1911 883 1962 ὅτι
915 1909 1146 1980 ἠσέϐουν
1186 1913 1265 1974 εἰς
1299 1909 1503 1980 Κύριον
1541 1909 1829 1973 διώκοντες
1852 1911 2006 1972 τοὺςο

390 2004 479 2056 τὸν
501 2003 663 2072 νόμον
694 2002 1086 2072 φυλάσσοντας,
1116 2003 1209 2055 καὶ
1234 2003 1486 2071 ἐποίησεν
1524 2002 1651 2064 τοὺς
1685 2001 1836 2070 ὄφεις
1886 2001 1978 2053 ἀν-

390 2095 632 2147 αλίσκειν
652 2096 717 2147 τὰ
744 2094 919 2164 βρέφη
945 2095 1038 2148 καὶ
1062 2095 1235 2148 πάντα
1265 2095 1332 2148 τά
1361 2097 1531 2166 κτήνη
1552 2095 1752 2160 αὑτῶν,
1780 2095 1975 2162 λέγων,

389 2188 471 2239 ὅτι
499 2188 564 2240 δι’
597 2188 792 2250 αὑτοὺς
824 2189 924 2240 οὑκ
955 2188 1272 2260 ἐπιστρέφει
1300 2191 1328 2242 6
1357 2188 1484 2252 λαὸς
1510 2189 1590 2252 εἰς
1619 2187 1715 2259 τὴν
1753 2187 1856 2258 γῆν
1881 2189 1977 2240 a6-

389 2278 504 2331 τοῦ.
543 2278 632 2344 Ἐξ
656 2272 729 2330 ὧν
758 2281 849 2331 καὶ
875 2278 1135 2349 ἀνῃρέθη.

463 2368 560 2436 (Γ’.
603 2367 864 2438 Ἰεζεκιήλ
894 2371 1042 2420 ἐστιν
1071 2369 1134 2421 ἐκ
1158 2369 1260 2438 γῆς
1290 2369 1518 2439 Σαριρά,
1544 2370 1608 2421 ἐκ
1632 2367 1739 2420 τῶν
1763 2368 1971 2438 ἱερέωνο

391 2457 480 2508 καὶ
511 2455 778 2508 ἀπέθανεν
802 2457 860 2507 ἐν
892 2459 960 2528 γῇ
997 2457 1279 2512 Χαλδαίων
1313 2459 1408 2510 ἐπὶ
1442 2461 1540 2529 τῆς
1571 2457 1973 2528 αἰχμαλωσίας,

389 2545 562 2598 πολλὰ
589 2547 976 2617 προφητεύσας
1006 2551 1117 2612 τοῖς
1163 2553 1219 2601 ἐν
1253 2552 1318 2619 τῇ
1360 2549 1608 2622 Ἰουδαίᾳ.
1659 2550 1975 2601 ’Δπέκτεινε

390 2639 446 2689 δέ
474 2638 635 2690 αὑτὸν
664 2641 691 2690 6
726 2641 1029 2708 ἡγούμενος
1079 2640 1174 2692 τοῦ
1220 2640 1352 2692 λαοῦ
1395 2642 1609 2712 Ἰσραὴλ
1659 2643 1795 2705 ἐκεῖ,
1825 2641 1975 2709 ἐλεγο

391 2731 622 2800 χόμενος
656 2730 750 2782 ὑπ’
784 2729 951 2784 αὑτοῦ
979 2731 1072 2783 ἐπὶ
1101 2731 1334 2784 εἰδώλων
1357 2731 1664 2802 σεϐάσμασι
1683 2749 1697 2762 ·
1729 2734 1823 2786 καὶ
1851 2732 1978 2784 ἔθα-

391 2822 499 2892 ψαν
537 2821 696 2874 αὑτὸν
735 2824 762 2874 6
793 2822 921 2884 λαὸς
966 2824 1023 2874 ἐν
1053 2821 1208 2893 ἀγρῷ
1239 2823 1433 2893 Μαοὺρ
1466 2825 1524 2877 ἐν
1563 2822 1640 2894 τῷ
1668 2823 1824 2895 τάφῳ
1858 2825 1977 2895 Σὴμ

393 2914 487 2966 καὶ
525 2913 799 2984 Ἀρφαξάδ
837 2913 1086 2984 πατέρων
1122 2915 1389 2984 Ἀϐραάμ.
1432 2915 1542 2970 Καὶ
1575 2915 1720 2969 ἐστιν
1749 2918 1776 2968 6
1807 2917 1978 2985 τάφος

396 3005 659 3074 σπήλαιον
687 3005 928 3070 διπλοῦν,
960 3006 1042 3058 ὅτι
1091 3005 1185 3058 καὶ
1227 3006 1478 3077 Ἀϐραὰμ
1501 3009 1558 3059 ἐν
1586 3006 1811 3078 Χεϐρὼν
1843 3007 1978 3079 πρὸς

393 3096 558 3166 τὴν...
602 3096 837 3164 λέγεται,
887 3099 967 3150 ὅτι
1021 3097 1231 3150 έλικτόν
1274 3099 1391 3152 ἐστι
1437 3101 1528 3152 καὶ
1573 3101 1887 3172 ἀπόκρυφον
1917 3099 1976 3165 ἐξ
2003 3143 2046 3200 C

393 3189 649 3241 ἐπιπέδου
706 3191 763 3242 ἐν
793 3188 1027 3260 ὑπερῴῳ
1052 3206 1066 3220 ο
1103 3190 1197 3243 καὶ
1238 3191 1385 3246 ἐστιν
1433 3193 1526 3245 ἐπὶ
1567 3195 1670 3263 γῆς
1708 3195 1767 3246 ἐν
1801 3193 1978 3264 πέτρα

393 3280 759 3350 κρεμάμενον.

464 3364 632 3434 Οὗτος
670 3373 698 3423 6
719 3373 1004 3444 προφήτης
1033 3373 1198 3444 τέρας
1221 3373 1386 3428 ἔδωκε
1410 3373 1489 3444 τῷ
1504 3374 1620 3445 λαῷ
1649 3374 1791 3428 ὥστε
1820 3393 1982 3446 προσ-

391 3461 539 3530 έχειν
596 3461 674 3532 τῷ
723 3464 958 3533 ποταμῷ
1006 3464 1192 3535 Χοϐάρ
1219 3482 1232 3496 ·
1275 3467 1362 3518 ὅτε
1391 3468 1536 3537 (cod.
1576 3467 1679 3537 ὅτι)
1713 3467 1976 3533 ἐκλείπει,

395 3551 641 3603 ἐπελθεῖν
671 3552 731 3604 τὸ
756 3553 1022 3623 δρέπανον
1050 3557 1147 3624 τῆς
1172 3557 1504 3626 ἐρημώσεως
1534 3560 1614 3621 εἰς
1640 3559 1810 3629 πέρας
1834 3558 1977 3629 (cod.

396 3645 576 3714 τέρας)
612 3643 710 3711 τῆς
749 3645 876 3713 γῆς,
918 3645 1013 3697 καὶ
1063 3647 1150 3698 ὅτε
1212 3646 1609 3719 πλημμυρίσει,
1641 3649 1740 3721 τὴν
1773 3652 1852 3713 είς
1887 3652 1982 3704 Ἰε-

399 3733 679 3804 ρουσαλήμ
699 3735 976 3789 ἐπάνοδον.
995 3737 1102 3788 Καὶ
1126 3736 1300 3806 γὰρ...
1325 3739 1461 3809 πρὸς
1483 3740 1642 3792 αὑτὸν
1667 3745 1978 3812 συνήγοντο.

397 3824 504 3877 Καί
531 3843 659 3878 ποτε
691 3825 930 3896 πλήθους
961 3827 1208 3891 συνόντος
1223 3829 1390 3900 αὑτῷ,
1420 3832 1625 3886 ἐδεισαν
1655 3835 1702 3886 οἱ
1729 3834 1981 3887 Χαλδαῖοι

398 3918 522 3980 τοὺς
561 3917 846 3988 Ἐϐραίους
883 3918 956 3988 μὴ
987 3919 1261 3990 ἀντάρωσι
1280 3937 1292 3950 ·
1317 3923 1410 3974 καὶ
1430 3923 1685 3994 ἐποίησεν
1711 3927 1739 3978 6
1772 3927 1983 3996 προφή-

398 4023 496 4076 της
528 4006 811 4076 διαστῆναι
846 4008 904 4062 τὸ
945 4008 1110 4080 ὕδωρ,
1137 4011 1224 4064 ἵνα
1264 4012 1574 4081 ἐκφύγωσιν
1602 4017 1682 4079 εἰς
1710 4016 1770 4069 τὸ
1808 4017 1980 4089 πέραν

398 4099 710 4169 γενόμενοι⁸
744 4102 792 4152 οἰ
831 4101 886 4153 δέ
930 4103 1299 4173 τολμήσαντες
1323 4105 1428 4157 τῶν
1458 4106 1667 4179 ἐχθρῶν
1696 4109 1860 4176 (corr.
1897 4118 1983 4164 est

398 4187 488 4240 τὸν
519 4188 732 4259 ἐχθρὸν)
768 4191 1096 4256 καταδιῶξαι
1129 4193 1651 4265 κατεποντίσθησαν.
1685 4190 1856 4260 Οὗτος
1895 4198 1982 4252 διὰ

399 4285 708 4352 προσευχῆς
736 4283 1058 4354 αὐτομάτως
1104 4286 1289 4350 αὑτοῖς
1315 4287 1510 4358 δαψιλῆ
1553 4288 1756 4360 τροφὴν
1784 4290 1982 4361 ἰχθύων

399 4374 662 4443 παρέσχε,
724 4376 818 4427 καὶ
867 4375 1076 4428 πολλῶν
1128 4377 1460 4432 ἐκλιπόντων
1509 4378 1654 4451 ζωὴν
1700 4381 1872 4434 ἐλθεῖν
1919 4384 1983 4436 ἐκ

2079 1912 2228 1966 λει...
2255 1913 2305 1965 οἰ
2333 1913 2389 1964 δέ
2417 1911 2539 1980 όφθ.
2587 1910 2754 1964 αὑτοῦ
2779 1912 3133 1980 γεγόνασιν...
3162 1911 3310 1967 ἐσττά
3339 1914 3541 1985 μῆνας.
3574 1914 3672 1966 Καὶ

2079 2005 2139 2056 τὸ
2176 2005 2472 2074 μυστήριον
2501 2003 2609 2055 τῶν
2643 2004 2851 2058 ἐπτά...
2877 2004 3109 2074 ἀνομίας
3137 2005 3310 2059 αὑτοῦ
3331 2022 3345 2035 ·
3396 2005 3673 2058 ἀπέδωκεν

2080 2095 2242 2148 πάλιν
2294 2094 2442 2165 αὑτῷ
2474 2097 2502 2149 ὁ
2545 2095 2676 2157 θεὸς
2709 2097 2807 2164 τήν
2845 2095 3119 2164 βασιλείαν
3165 2097 3339 2150 αὑτοῦ
3399 2096 3512 2149 Καὶ
3556 2094 3674 2147 οὔτε

2076 2188 2306 2257 ἄρτον...
2345 2185 2733 2250 ἐξιλεώσασθαι
2770 2186 2858 2238 τὸν
2889 2185 3039 2239 Θεόν.
3086 2187 3186 2240 Διά
3225 2186 3396 2240 τοῦτο
3451 2186 3672 2239 ἐκάλεσε

2075 2278 2135 2330 τὸ
2167 2277 2336 2348 ὄνομα
2368 2277 2531 2331 αὑτοῦ
2560 2277 2918 2348 Βαλτάσαρ...
2956 2280 3380 2350 ἀπεριτμήτων.
3424 2281 3538 2334 Καὶ
3568 2281 3673 2341 τοῖς

2080 2370 2372 2440 μετέπειτα
2404 2369 2526 2422 δέ...
2560 2369 2716 2439 μόνος
2757 2369 2919 2431 αὐτὸς
2959 2370 3078 2440 Θεῷ
3119 2372 3494 2442 προσηύχετο.
3524 2371 3595 2423 T6
3619 2371 3671 2422 δέ

2074 2460 2395 2530 δεύτερον...
2428 2460 2855 2530 καπνισθήσεται
2886 2460 2947 2513 τὸ
2981 2456 3049 2514 ἐκ
3077 2460 3274 2532 βορρᾶ,
3321 2462 3450 2514 τότε
3485 2443 3666 2532 ήξει...

2076 2554 2163 2605 ὅτε
2195 2552 2251 2605 δέ
2288 2552 2362 2615 ῶς
2398 2551 2528 2624 πυρὶ
2559 2553 2796 2619 καίεται,
2824 2553 2942 2604 τότε
2978 2552 3037 2606 τὸ
3069 2553 3222 2616 τέλος
3267 2553 3524 2623 πάσης...
3556 2552 3668 2622 ῥεύο

2078 2664 2242 2701 σωσιν
2283 2646 2518 2700 ὑδατα...
2557 2648 2660 2717 γῆν
2695 2646 2872 2699 αὐτῶν
2897 2663 2911 2676 ο
2945 2645 3040 2699 ἐὰν
3065 2646 3122 2700 δέ
3155 2641 3303 2718 αἷμα
3333 2647 3666 2718 ρεύσωσιν...

2075 2745 2142 2812 τῇ
2179 2745 2272 2814 γῇο

2151 2835 2242 2902 (Δ’.
2277 2833 2488 2904 Δανιήλ.
2539 2827 2708 2897 υῦτος
2749 2833 2846 2904 μὲν
2888 2830 2954 2905 ἦν
2993 2835 3057 2888 ἐκ
3107 2834 3285 2906 φυλῆς
3345 2833 3522 2887 Ἰούδα
3566 2831 3667 2886 τῶν

2079 2924 2370 2994 ἐξεχόντων
2396 2926 2492 2995 τῆς
2518 2924 2806 2995 βασιλικῆς
2827 2926 3151 2997 ὑπηρεσίας.
3197 2927 3343 2981 Ἀλλ’
3370 2927 3453 2980 ἐτι
3481 2927 3664 2996 νήπιος

2076 3015 2152 3068 ῶν
2183 3015 2323 3085 ἤχθη
2357 3015 2414 3067 ἐν
2445 3018 2512 3086 τῇ
2537 3015 2880 3087 αἰχμαλωσίᾳ
2900 3015 3008 3068 ἀπὸ
3038 3017 3136 3086 τῆς
3168 3017 3442 3078 Ἰουδαίας
3471 3019 3550 3080 εἰς
3570 3017 3664 3086 γῆν

2077 3108 2379 3162 Χαλδα’ων.
2427 3107 2720 3180 Ἐγεννήθη
2767 3108 2823 3161 δέ
2875 3111 2934 3160 ἐν
2985 3107 3250 3179 Βεθωρῶν
3293 3113 3363 3180 τῇ
3399 3109 3659 3179 ἀνωτέρα,

2080 3203 2172 3255 καὶ
2226 3197 2294 3272 ἦν
2332 3200 2469 3272 ἀνὴρ
2523 3199 2776 3273 σώφρων,
2812 3200 2954 3255 ὥστε
3005 3200 3312 3271 θαυμάζειν
3364 3203 3493 3266 τοὺς
3543 3203 3662 3254 Ἰου-

2078 3295 2260 3357 δαίους
2296 3294 2651 3358 πιστεύοντας
2697 3295 2776 3358 εἰς
2809 3293 2972 3347 αὑτὸν
3003 3289 3140 3348 εἶναι
3174 3295 3474 3350 σπάδοντα.
3503 3288 3660 3353 ὒὺτος

2081 3384 2254 3439 πολλά
2291 3385 2586 3454 ἐπένθησεν
2615 3387 2708 3439 ἐπὶ
2735 3386 2824 3439 τὸν
2853 3385 2980 3441 λαὸν
3012 3387 3105 3440 καὶ
3141 3387 3244 3458 τὴν
3267 3386 3430 3440 ’πόλιν
3474 3386 3660 3455 Ἰερου·

2083 3478 2284 3549 σαλὴμ,
2317 3478 2412 3531 καὶ
2452 3480 2508 3531 ἐν
2547 3480 2824 3548 νηστείαις
2856 3480 3095 3550 ἤσκησεν
3169 3481 3280 3534 ἀπὸ
3317 3481 3500 3548 πάσης
3527 3476 3658 3548 βρώ-
3701 3503 3705 3506 -

2082 3587 2220 3633 σεως
2275 3569 2640 3641 ἐπιθυμητῆς,
2698 3570 2988 3643 σπέρματα
3046 3572 3152 3642 γῆς
3198 3572 3427 3626 ἐσθίωνο
3477 3571 3570 3623 καὶ
3598 3563 3658 3637 ἦν

2081 3662 2222 3732 ἀνὴρ
2255 3659 2417 3732 ξηρὸς
2455 3662 2552 3732 μὲν
2583 3662 2678 3715 καὶ
2711 3660 2914 3725 σπανός
2949 3662 3048 3734 τὴν
3095 3663 3294 3729 εἰδέαν,
3329 3663 3448 3718 ἀλλ’
3473 3661 3656 3730 ὡραῖος

2082 3755 2140 3806 ἐν
2167 3753 2348 3823 χάριτι
2391 3753 2670 3821 Ὑψίστου.
2715 3747 2884 3816 Οὗτος
2925 3753 3095 3807 πολλά
3141 3753 3348 3824 ηὔξατο
3394 3753 3534 3824 ὑπὲρ
3570 3748 3656 3802 τοῦ

2081 3842 2223 3896 Ναϐ.
2275 3842 2786 3916 παρακαλοῦντος...
2822 3844 2910 3896 ὅτε
2959 3844 3175 3911 ἐγένετο
3215 3846 3292 3908 ὡς
3348 3843 3533 3914 θηρίον
3572 3838 3653 3894 καὶ

2083 3933 2347 4002 κτῆνος...
2377 3933 2686 4004 ἐμπρόσθια
2714 3935 2788 3993 ὡς
2822 3933 2960 4004 βοὸς,
2993 3935 3132 4005 ἔχων
3158 3935 3217 3988 τὸ
3251 3939 3438 4005 σχῆμα
3469 3931 3558 3985 καὶ
3580 3945 3650 3982 κε-

2084 4023 2276 4094 φαλὴν,
2309 4024 2405 4077 καὶ
2437 4025 2487 4076 οί
2520 4024 2679 4086 πόδες
2718 4027 2814 4079 σὺν
2847 4028 2956 4088 τοῖς
2986 4025 3258 4088 ὀπισθίοις
3287 4027 3519 4084 λέοντος.
3553 4019 3648 4073 Καὶ

2082 4114 2440 4185 ἀπεκαλύφθη
2467 4115 2544 4186 τῷ
2567 4117 2700 4186 ὁσίῳ
2728 4117 2858 4186 περί
2879 4115 3044 4170 αὑτοῦ
3067 4119 3129 4170 τὸ
3156 4120 3452 4188 μυστήριον
3485 4112 3648 4170 τοῦτο.

2081 4211 2163 4262 ὅτι
2195 4207 2391 4277 κτῆνος
2423 4209 2616 4276 γέγονε
2664 4209 2752 4263 διὰ
2786 4208 2883 4280 τὴν
2926 4209 3118 4277 ἄλογον
3148 4210 3314 4262 αὑτοῦ
3357 4207 3649 4277 φιληδονίαν

2085 4299 2180 4350 καὶ
2211 4298 2708 4368 σκληροτραχηλίαν
2731 4314 2743 4326 ·
2775 4299 2868 4350 καὶ
2892 4298 2973 4349 ὅτι
2996 4296 3072 4358 ὡς
3097 4295 3221 4366 βοῦς
3252 4294 3541 4361 ὑποζύγιον
3565 4287 3646 4356 γέο

2085 4406 2206 4457 γονε
2252 4389 2328 4459 τῷ
2359 4389 2572 4458 Βελίαρ,
2609 4389 2747 4442 λέων
2791 4389 2847 4442 δέ
2871 4389 2959 4442 διὰ
2987 4390 3047 4442 τὸ
3076 4390 3414 4459 ἁρπακτικὸν
3445 4383 3534 4437 καὶ
3563 4397 3640 4430 τυ-

399 4463 534 4516 Θεοῦ
570 4467 962 4536 παρεκάλεσεν.
996 4463 1166 4531 Οὗτος
1185 4469 1553 4540 ἀπολλυμένου
1582 4472 1675 4525 τοῦ
1707 4473 1837 4525 λαοῦ
1875 4474 1980 4526 ὑπὸ
2012 4485 2054 4538 D
2088 4483 2332 4551 ραννικὸν
2363 4481 2456 4537 καὶ
2478 4481 2742 4552 θηριῶδες
2769 4480 2862 4534 τοῦ
2890 4481 3089 4551 τρόπου
3123 4479 3309 4532 αὑτοῦ.
3342 4475 3522 4530 Ταῦτα
3549 4471 3645 4538 γὰρ

398 4553 508 4609 τῶν
537 4555 746 4625 ἐχθρῶν
781 4559 1084 4627 προσῆλθεν
1117 4561 1229 4622 τοῖς
1274 4561 1616 4630 ἡγουμένοις,
1653 4563 1749 4616 καὶ
1779 4568 1979 4634 σημεῖα

402 4645 637 4714 ποιήσας
663 4644 895 4716 ἔθραυσε
923 4649 1048 4710 τοὺς
1073 4648 1384 4719 πολεμίους,
1410 4651 1760 4724 καταπλήξας
1785 4655 1980 4718 αὐτοὺς

400 4736 714 4806 οὐρανόθεν.
738 4738 872 4789 Τότε
888 4737 996 4808 γὰρ
1014 4738 1238 4807 ἐλεγενό
1257 4741 1496 4811 Ἰσραὴλ,
1511 4743 1591 4796 ὅτι
1604 4746 1982 4814 Διαπεερωνή-

400 4843 609 4895 κάμεν,
629 4828 949 4882 ἀπόλωλεν
977 4831 1014 4897 ἡ
1034 4829 1209 4896 ἐλπὶς
1237 4829 1426 4899 ἡμῶν·
1445 4832 1537 4885 καὶ
1572 4834 1630 4887 ἐν
1651 4834 1841 4906 τέρασι
1871 4835 1978 4888 τῶν

399 4916 599 4970 ὀστέων
621 4917 727 4971 τῶν
754 4918 961 4991 νεκρῶν
973 4921 1168 4983 αὑτοὺς
1195 4919 1428 4986 ἔπεισεν,
1454 4924 1533 4977 ὅτι
1555 4923 1701 4977 ἐστιν
1729 4926 1883 4989 ἐλπὶς
1901 4927 1980 4997 τῷ

397 5007 637 5079 Ἰσραὴλ,
670 5010 764 5063 καὶ
795 5003 898 5064 ὦδε
930 5009 1071 5083 [καὶ]
1103 5011 1196 5063 ἐπὶ
1217 5011 1310 5065 τοῦ
1342 5012 1646 5082 μέλλοντος.
1674 5011 1840 5079 Οὗτος
1865 5018 1981 5070 ἐκεῖ

399 5099 475 5151 ῶν
505 5100 772 5153 ἐδείκνυεν
805 5101 882 5171 τῷ
923 5103 1037 5174 λαῷ
1065 5104 1284 5176 Ἰσραὴλ
1310 5105 1381 5158 τά
1408 5107 1464 5157 ἐν
1499 5107 1852 5178 Ἰερουσαλὴμ
1882 5109 1978 5162 καὶ

399 5193 457 5243 ἐν
479 5189 556 5261 τῷ
586 5190 696 5261 ναῷ
726 5193 1012 5262 γενόμενα.
1046 5189 1214 5260 Οὗτος
1249 5198 1471 5269 ἡρπάγη
1502 5199 1709 5253 ἐκεῖθεν
1749 5202 1842 5254 καὶ
1878 5197 1977 5271 ἦλ-

400 5281 488 5335 θεν
517 5284 594 5344 εἰς
633 5281 991 5354 Ἰερουσαλὴμ
1010 5285 1130 5339 κατ’
1163 5287 1330 5357 αὑτὴν
1358 5287 1455 5359 τὴν
1487 5288 1635 5359 ῶραν
1657 5292 1735 5352 είς
1755 5291 1976 5361 ἔλεγχον

398 5373 506 5426 τῶν
535 5373 900 5427 ἀπειθούντων
925 5374 1060 5445 Θεῷ.
1089 5371 1255 5442 Οὗτος
1288 5379 1428 5432 κατὰ
1475 5381 1564 5434 τὸν
1603 5383 1841 5452 Μωῦσῆν
1870 5379 1975 5436 εἶδε

398 5462 488 5514 τὸν
518 5463 686 5517 τύπον
729 5462 824 5516 τοῦ
856 5465 982 5517 ναοῦ
1018 5468 1112 5520 καὶ⁹
1150 5468 1210 5521 τὸ
1241 5472 1417 5540 τεῖχος
1454 5473 1547 5525 καὶ
1579 5473 1639 5524 τὸ
1669 5474 1974 5543 περίτειχος

471 5594 547 5659 (1)
580 5597 708 5672 "mg
749 5601 999 5672 recensio
1033 5609 1316 5672 tantopere
1353 5608 1611 5659 convenit
1645 5624 1771 5662 cum
1822 5618 1975 5664 [mm

398 5674 649 5749 ροηυειη
677 5667 932 5749 Poggius
959 5667 1430 5749 appfnldi'cisAloco
1450 5683 1581 5727 tom.
1611 5679 1673 5740 ΙΙ,
1702 5694 1822 5749 pag.
1843 5681 1970 5745 245,

357 5783 362 5788 ,
399 5731 586 5803 (supra
612 5737 717 5790 col.
753 5737 877 5804 405,
908 5731 1147 5810 ιιυι’.’5ϐ)
1181 5760 1245 5798 ex
1280 5746 1600 5814 Auguslano
1638 5731 1824 5803 οόἷίἱέρ
1847 5731 1971 5803 ωἰί

2084 4573 2298 4642 ἔχουσιν
2320 4573 2369 4624 οἰ
2396 4573 2652 4626 δυνάσται
2675 4575 2733 4625 ἐν
2757 4573 2990 4642 νεότητι,
3017 4572 3261 4625 τουτέστι
3286 4571 3346 4623 τὸ
3369 4564 3643 4636 κτηνῶδες’

2083 4666 2141 4718 ἐν
2168 4665 2378 4736 ὑστέρῳ
2406 4666 2462 4717 δὲ
2497 4665 2658 4736 θῆρες
2679 4665 2941 4732 γίνονται,
2970 4665 3325 4735 ἁρπάζοντες,
3351 4654 3642 4729 ὀλοθρεύον·

2083 4770 2190 4817 τες,
2225 4753 2592 4822 ἀναιροῦντες,
2628 4752 3034 4825 τυραννοῦντες,
3071 4753 3412 4814 ἀσεϐοῦντες,
3453 4745 3642 4800 πατάσ-

2084 4860 2295 4906 σοντες·
2345 4844 2441 4907 τὰς
2491 4843 2548 4895 δέ
2595 4843 2799 4897 τούτων
2835 4844 3068 4914 ἀμοιϐὰς
3120 4843 3270 4913 παρά
3311 4841 3404 4895 τοῦ
3447 4834 3639 4890 δικαίου

2082 4934 2268 5006 κριτοῦ
2291 4934 2424 4988 (θεοῦ
2447 4935 2941 5006 ἀπολαμϐάνοντες.
2977 4935 3157 5003 Ἔγνω
3179 4932 3269 4988 οὖν
3295 4933 3382 4988 διά
3405 4929 3494 4984 τοῦ
3519 4923 3640 4979 Θεοῦ

2079 5028 2108 5078 ὁ
2139 5026 2304 5086 ὅσιος,
2343 5027 2425 5078 ὄτι
2459 5010 2535 5088 ῶς
2580 5025 2704 5095 βοῦς
2735 5025 2887 5096 ήσθιε
2919 5027 3110 5096 χόρτον
3144 5027 3237 5078 καὶ
3267 5025 3477 5094 ἐγένετο
3505 5012 3638 5080 αὐτῷ

2080 5114 2428 5184 ἀνθρωπίνης
2477 5115 2874 5185 (ἀνανθριυπ.“ἰ)
2921 5115 3134 5183 φύσεως
3175 5107 3346 5187 τροφὴ
3374 5116 3400 5165 6
3441 5109 3635 5180 χόρτος·

2080 5205 2177 5258 Διά
2206 5206 2360 5259 τοῦτο
2391 5207 2482 5259 καὶ
2509 5209 2537 5259 6
2565 5207 2704 5261 Ναὸ.
2729 5206 2866 5275 μετὰ
2893 5207 2989 5277 τὴν
3019 5207 3179 5276 πέψιν
3210 5208 3304 5275 τῆς
3339 5201 3556 5276 τροφῆς,
3586 5195 3632 5243 ἐν

2081 5297 2277 5367 καρδίᾳ
2297 5295 2582 5367 ἀνθρώπου
2599 5298 2910 5366 γενόμενος,
2926 5297 3107 5350 ἔκλαιε
3133 5297 3227 5349 καὶ
3251 5297 3398 5366 ἠξίου
3429 5289 3632 5356 Κύριον,

2079 5388 2248 5440 νύκτα
2277 5390 2371 5441 καὶ
2394 5389 2608 5460 ἡμέραν
2642 5389 3144 5460 τεσσαρακοντάκις
3182 5387 3445 5457 δεόμενος.
3481 5380 3559 5438 Ὠς
3580 5371 3626 5422 δὲ

2079 5481 2365 5549 ἐπεγένετο
2396 5481 2562 5551 αὑτῷ,
2611 5483 2705 5535 καὶ
2737 5481 3046 5546 ἐλάνθανεν,
3075 5482 3156 5533 ὅτι
3187 5483 3402 5548 γέγονεν
3438 5471 3630 5540 ἀνθρω-

2078 5613 2178 5675 dit,
2210 5621 2265 5664 ιιι
2291 5628 2352 5668 ea
2393 5621 2604 5665 tantum
2637 5629 2702 5667 ex
2729 5613 3066 5666 (Inisliniano
3111 5615 3296 5667 codice
3341 5605 3618 5675 cxsrrilmm

2077 5669 2197 5751 (ιυεὲ
2230 5684 2296 5734 ah
2330 5683 2420 5735 illo
2446 5684 2720 5737 diﬂ'crunt.
2758 5683 3018 5737 nurerum
3056 5692 3234 5738 autem
3272 5684 3513 5752 pleraque
3553 5669 3620 5725 sic

2079 5760 2136 5806 ιιι
2179 5754 2340 5807 editis
2392 5762 2649 5823 praestare
2685 5757 2892 5808 clarum
2943 5755 3030 5810 sil.
