3988 6432
482 314 571 371 527
1741 297 1948 356 suam
1982 298 2127 356 AUT
2166 294 2442 357 SPURIA.
3601 309 3686 365 ηε

473 423 555 475 ὅτι
580 416 650 473 τά
686 415 823 471 δστᾶ
858 412 968 467 τῶν
1017 409 1209 482 ἰερέων
1237 408 1383 481 (cod.
1415 408 1577 481 φῶν)
1602 408 1697 466 τοῦ
1737 409 1885 463 Βάαλ
1917 407 2060 476 (cod.
2092 412 2137 468 A
2166 411 2595 484 συκοφαντηθείς
2640 412 2745 466 ὑπὸ
2783 412 2891 467 τῶν
2937 413 3201 485 αἱρέσεων
3246 415 3573 488 κατηγορήθη
3614 419 3691 473 ἐπὶ

474 508 603 573 Βάλ)
633 503 970 560 κατακαύσει
1003 503 1096 556 ἐπὶ
1132 500 1227 555 τοῦ
1275 499 1684 572 θυσιαστηρίου,
1732 498 1860 553 ἔνθα
1900 499 2061 571 Ἱερο-

474 599 619 670 ϐοάμ
648 597 803 651 ἔθυεν
833 587 914 654 τῷ
939 594 1108 651 Βάαλ.
1149 593 1261 646 Καὶ
1292 592 1728 663 προφητεύοντος
1771 589 1936 645 αὐτοῦ
1974 589 2060 654 ἐξ·

473 692 677 746 έτεινεν
702 692 729 742 ὁ
756 687 1008 758 βασιλεὺς
1034 686 1133 757 τὴν
1168 686 1329 754 χεῖρα
1358 682 1524 738 αὑτοῦ
1561 682 1843 737 συλλαϐεῖν
1872 681 2057 748 αὑτὸν,

474 784 569 837 καὶ
606 779 879 852 ἐξηράνθη
904 780 939 849 ὴ
976 778 1098 849 χεὶρ
1126 775 1219 830 τοῦ
1250 775 1514 844 βασιλέως
1542 776 1876 845 παραυτίκα.

544 874 621 927 Θ’.
653 872 757 926 Καὶ
787 870 935 926 ἄλλοι
985 870 1041 923 δὲ
1086 867 1365 938 προφῆται
1419 867 1666 934 ἐγένοντο
1700 866 1956 937 κρυπτοὶ,
1983 857 2057 918 ὧν

470 964 540 1019 τὰ
571 964 812 1033 ὀνόματα
845 961 1170 1032 ἐκφέρονται
1216 963 1274 1015 ὲν
1311 963 1430 1022 ταῖς
1458 957 1830 1027 γενεαλογίαις
1856 957 2057 1025 αὐτῶν,

473 1058 567 1111 ἐπὶ
616 1056 813 1127 βίϐλων
862 1054 1144 1123 ὀνομάτων
1191 1052 1409 1124 Ἰσραήλ
1431 1068 1443 1080 ·
1478 1050 1784 1121 ἐγράφοντο
1814 1049 1921 1120 γὰρ
1951 1051 2059 1102 πᾶν

472 1149 631 1217 γένος
681 1147 895 1218 Ἰσραὴλ
942 1147 1036 1199 καί.
1079 1143 1149 1197 τὰ
1191 1144 1432 1213 ὀνόματα
1478 1141 1588 1194 τῶν
1635 1141 1933 1212 προφητῶν
1964 1140 2060 1193 καὶ

470 1240 634 1292 ὁσίων
664 1236 894 1309 ἀνδρῶν,
924 1237 1017 1289 καὶ
1043 1239 1069 1288 ὁ
1095 1236 1321 1296 Θάνατος
1345 1231 1523 1286 αὐτῶν
1554 1232 1646 1284 καὶ
1673 1231 1740 1284 τά
1774 1229 2061 1301 ἀξιώματα

472 1328 671 1390 αὐτῶν,
703 1328 797 1380 καί
823 1325 951 1377 πότε
971 1324 1316 1394 ἀπέθνησκον
1335 1339 1350 1353 ·
1379 1322 1475 1375 καὶ
1501 1317 1568 1392 ἦν
1597 1323 1678 1383 εἰς
1711 1321 2056 1391 μνημόσυνον

2166 502 2416 557 ’Δττικοῦ
2446 503 2739 560 ὑπατικοῦ.
2782 504 2893 560 Καὶ
2924 506 3016 560 ἐπὶ
3056 506 3254 569 πολλὰς
3291 507 3492 578 ἡμέρας
3520 510 3685 573 αἰκιζό

2168 612 2324 665 μενος
2346 596 2554 668 ὲμαρτύ
2564 614 2749 669 ρησεν,
2769 598 2846 661 ὡς
2868 598 3078 661 πάντας
3102 597 3503 669 ὑπερθαυμάσαι
3523 600 3695 654 καὶτὸν

2166 688 2447 753 ὑπατικὸν,
2479 688 2597 753 πῶς
2639 696 2718 760 ρκ’
2748 689 2885 742 ὲτῶν
2914 691 3195 758 τυγχάνων
3237 690 3484 759 ὑπέμεινε
3513 689 3601 754 τὰς
3629 694 3695 745 αέα

2168 780 2318 843 κίας·
2357 780 2453 833 καί⁵
2482 782 2768 833 ἐκέλευσεν
2794 782 2957 833 αὑτὸν
2988 780 3383 851 σταυρωθῆναι.

2237 873 2348 926 Καὶ
2374 873 2544 925 ταῦτα
2596 873 2693 943 μὲν
2741 873 2898 943 μέχρι
2930 874 3155 927 τούτων.
3185 872 3482 943 Παρακαλῶ
3521 873 3573 926 δὲ
3596 875 3699 937 τοὺς

2164 964 2588 1035 ἐντυγχάνοντας
2628 965 2764 1034 τῷδε
2804 964 2881 1036 τῷ
2909 967 3186 1035 πονήματι
3206 965 3369 1036 ῆγουν
3388 963 3700 1036 τῷίστορικῷ

2163 1057 2481 1127 διηγήματι,
2511 1057 2676 1127 εὐχὰς
2709 1060 2841 1128 ἡμῖν
2868 1058 3171 1112 ἀντιδοῦναι
3194 1058 3285 1111 τοῦ
3312 1058 3503 1111 κόπου·
3528 1058 3702 1129 νομίζω

2166 1145 2275 1215 γὰρ
2303 1146 2364 1198 οὐ
2393 1146 2597 1215 μικρὰν
2624 1147 2911 1215 τυγχάνειν
2927 1148 3026 1217 τὴν
3052 1149 3118 1199 ὲκ
3148 1146 3350 1200 τούτων
3371 1146 3633 1216 ὠφέλειαν,
3652 1148 3703 1201 τὺ

2171 1236 2245 1307 μὴ
2271 1236 2485 1303 ἀγνοεῖν
2521 1234 2621 1304 τὴν
2657 1235 2767 1287 τῶν
2802 1236 2973 1304 ἁγίων
3016 1237 3219 1290 τούτων
3253 1237 3518 1291 πολιτείαν
3552 1255 3605 1290 τε
3627 1240 3705 1291 καί

2162 1327 2461 1390 τελείωσιν,
2483 1327 2564 1379 ὅτι
2593 1328 2781 1397 μνήμη
2804 1327 3013 1380 δικαίου
3036 1329 3154 1398 μετ’
3176 1328 3478 1399 ἐγκωμίων,
3496 1329 3582 1382 καὶ
3593 1328 3705 1381 διότι

468 1418 577 1472 τῶν
626 1418 814 1488 ἱερέων
860 1417 954 1470 καί
998 1415 1259 1485 βασιλέων
1315 1413 1411 1467 καὶ
1468 1412 1766 1486 προφητῶν
1810 1413 1906 1466 καὶ
1945 1410 2057 1464 τῶν
2165 1419 2197 1487 ἡ
2234 1415 2370 1487 πρὸς
2396 1416 2522 1479 τοὺς
2553 1416 2791 1483 ἀγαθοὺς
2823 1416 2931 1470 τῶν
2961 1416 3265 1487 ὁμοδούλων
3301 1417 3431 1488 τιμὴ
3468 1416 3707 1483 ἀπόδειξιν

472 1510 813 1581 μεγιστάνων
841 1509 935 1563 καὶ
962 1508 1126 1561 ὁσίων
1155 1506 1387 1577 ἀνδρῶν.

539 1604 595 1657 I'.
628 1603 809 1673 Σίμων
830 1605 858 1656 ὁ
888 1600 999 1664 υίὸς
1028 1600 1122 1653 τοῦ
1154 1599 1384 1662 Κλωπᾶ,
1408 1599 1437 1651 ό
1465 1596 1684 1666 ἀνεψιὸς
1703 1594 1798 1649 τοῦ
1825 1595 2053 1663 Κυρίου,

2165 1507 2278 1576 ἔχει
2303 1507 2402 1577 τῆς
2442 1507 2579 1577 πρὸς
2606 1507 2698 1560 τὸν
2728 1506 2905 1560 κοινὸν
2932 1506 3198 1579 δεσπότην
3232 1509 3459 1574 εὐνοίας.

470 1771 3685 1830 M

1218 1965 1901 2132 SANCTI
2012 1962 3005 2121 EPIPHANII

1696 2258 2468 2390 HOMILI/E.

471 2711 624 2768 Beati
681 2709 961 2778 Epiphanii
1001 2708 1229 2777 episcopi
1258 2706 1419 2778 Cypri
1464 2723 1518 2759 ιη
1551 2707 1635 2760 die
1668 2705 1802 2772 {esto
1835 2702 2055 2757 Palma-

1129 2764 1248 2830 rum
1279 2764 1418 2847 (in).

985 2886 1241 2950 Benedic,
1285 2885 1535 2940 Domine.

540 2980 729 3037 Gaude
776 2980 1072 3052 plurimum
1099 3021 1113 3041 ,
1170 2978 1280 3031 ﬁlia
1313 2977 1466 3041 Sion,
1521 2977 1735 3040 laetare,
1776 2974 1971 3046 gaude,
2004 2982 2058 3029 et

459 3076 706 3137 exsulta,
744 3073 1005 3127 universa
1052 3071 1147 3125 Dei
1183 3070 1452 3127 Ecclesia.
1492 3069 1632 3125 Ecce
1663 3071 1808 3124 enim
1855 3070 2054 3124 iterum

467 3163 685 3218 accedit
714 3161 781 3215 ad
829 3170 880 3216 te
923 3160 1069 3225 Rex;
1117 3174 1247 3214 ecce
1275 3174 1514 3229 sponsus
1562 3164 1693 3213 tuus
1728 3157 1877 3228 pullo
1909 3158 2057 3212 velut

464 3256 673 3311 throno
725 3254 974 3310 insidens
1020 3252 1187 3307 venit.
1245 3251 1615 3307 Procedamus
1663 3251 1742 3305 illi
1792 3249 2010 3305 obviam
2039 3288 2053 3313 ,

465 3348 814 3411 festinemus,
866 3354 925 3399 ut
967 3344 1091 3413 ejus
1142 3343 1427 3399 videamus
1449 3342 1724 3413 gloriam;
1767 3342 2054 3411 ingressus

466 3437 614 3493 illius
664 3437 933 3509 honorem
980 3434 1235 3489 alacriter
1286 3448 1757 3503 praeoccupemus.
1809 3431 2050 3503 [lterum

466 3527 673 3580 mundo
699 3527 849 3580 salus
880 3541 894 3576 :
931 3524 1132 3578 iterum
1167 3522 1309 3579 Deus
1353 3524 1421 3578 ad
1450 3538 1668 3578 crucem
1701 3522 1910 3595 venit.]
1944 3525 2054 3578 Ite--

467 3632 589 3671 rum
633 3631 732 3672 rex
775 3615 932 3683 Sion,
974 3616 1317 3685 exspectatio
1356 3617 1597 3687 gentium
1640 3616 1696 3669 in
1741 3615 1874 3670 Sion
1923 3630 2052 3685 pro-

467 3706 733 3776 greditur,
781 3707 979 3761 iterum
1018 3706 1225 3760 mundo
1274 3707 1507 3762 salutem
1556 3707 1807 3778 largitur,
1852 3708 2050 3762 iterum

468 3801 562 3853 lux
594 3799 856 3863 mittitur,
893 3798 1094 3853 iterum
1120 3812 1278 3852 error
1321 3798 1633 3868 expellitur,
1666 3799 1866 3853 iterum
1897 3799 2053 3854 ﬂoret

472 3892 690 3955 veritas,
740 3891 939 3946 iterum
971 3891 1219 3949 Ecclesia
1252 3890 1405 3945 ducit
1435 3890 1658 3957 choros,
1710 3890 1907 3946 iterum
1947 3890 2051 3962 Sy-

464 3997 675 4054 nagoga
705 3982 984 4046 viduatur,
1023 3983 1219 4037 iterum
1257 3982 1535 4038 dzcmones
1568 3982 1775 4053 pudore
1811 3981 2048 4038 alliciun-

465 4082 575 4137 tur,
609 4073 808 4128 iterum
846 4073 1079 4129 solvitur
1104 4072 1437 4135 maledictio,
1466 4072 1665 4127 iterum
1694 4072 2047 4127 confundun-

463 4173 555 4218 tur
581 4161 777 4228 Judaei,
814 4164 1013 4218 iterum
1053 4163 1223 4218 draco
1267 4164 1590 4228 conteritur,
1631 4165 1827 4218 iterum
1859 4173 2049 4235 gentes

462 4255 860 4321 exhilarantur,
919 4257 1118 4310 iterum
1174 4264 1404 4309 ornatur
1455 4254 1610 4310 Sion.
1662 4254 1921 4312 Christus
1991 4256 2046 4310 in

459 4347 610 4416 pullo
651 4357 908 4416 tanquam
958 4346 1011 4399 in
1065 4347 1265 4400 throno
1300 4345 1498 4400 sedens
1538 4346 1826 4416 procedit:
1864 4348 2048 4402 exsul-

462 4446 593 4503 tate,
630 4438 757 4492 coeli
788 4455 802 4502 ;
834 4438 1070 4508 hymnos
1100 4437 1287 4502 dicite,
1320 4438 1528 4507 angeli;
1569 4439 1847 4503 laetamini,
1889 4454 2048 4494 mou-

462 4536 546 4582 tes
569 4545 585 4593 ;
611 4528 847 4590 exsilite,
867 4528 1069 4594 colles;
1096 4527 1359 4596 plaudite,
1388 4528 1643 4595 ﬂumina;
1668 4533 1760 4601 qui
1790 4532 2049 4587 habitatis

464 4614 620 4680 Sion,
642 4613 828 4668 ducite
852 4614 1105 4677 choreas;
1139 4615 1413 4680 Ecclesiae,
1432 4616 1682 4686 gaudete;
1710 4619 2045 4683 sacerdotes,

459 4707 697 4777 hymnos
719 4703 912 4771 dicite;
934 4706 1233 4776 prephetre,
1260 4708 1550 4775 praevenite
1573 4726 1588 4775 ;
1608 4708 1885 4779 discipuli,
1908 4727 2051 4782 prae-

456 4798 672 4863 dicate;
704 4797 849 4853 exite
878 4798 1338 4869 obviam,p0puli;
1362 4802 1697 4869 concurrite,
1718 4819 1910 4875 senes;
1934 4822 2050 4861 ma-

459 4900 589 4955 tres,
613 4890 843 4946 choreas
868 4891 1050 4960 agite;
1091 4891 1378 4958 lactentes,
1423 4895 1623 4962 canite;
1650 4895 1899 4965 juvenes,
1934 4900 2049 4954 cla-

457 4989 621 5046 mate;
644 4981 1070 5051 congregamini,
1101 4991 1305 5052 gentes.
1337 4981 1527 5040 Omnis
1554 5001 1827 5054 creatura,
1854 4999 2048 5046 natura

455 5070 657 5132 omnis,
675 5071 852 5127 omnis
865 5071 1021 5137 ordo,
1037 5074 1216 5130 omnis
1229 5074 1475 5144 spiritus,
1490 5078 1669 5133 omnis
1687 5087 1850 5144 terra,
1871 5082 2049 5138 omnis

455 5158 714 5229 dignitas,
749 5160 928 5213 omnis
957 5168 1109 5226 retas,
1154 5163 1336 5217 omnis
1368 5164 1539 5228 natio,
1583 5181 1746 5221 omne
1786 5182 2045 5237 regnum,

2913 2593 2995 2645 A'.

2166 2704 2279 2758 Τοῦ
2296 2703 2372 2761 ἐν
2389 2704 2582 2777 ἁγίοις
2603 2704 2832 2773 Πατρὸς
2852 2702 3023 2774 ἡμῶν
3046 2703 3395 2777 Ἐπιςρονιου
3412 2706 3713 2763 ἐπισκόπου

2617 2779 2861 2845 Κύπρου
2893 2778 2983 2840 εἰς
3009 2774 3083 2827 τὰ
3113 2776 3286 2829 Buta.

2690 2888 2885 2958 Κύριε,
2930 2887 3126 2959 εύλόγη
3136 2905 3244 2942 σον.

2228 2978 2399 3051 Χαῖρε
2428 2980 2653 3051 σφόδρα,
2678 2978 2916 3050 θύγατερ
2947 2980 3106 3047 Σιὼν,
3142 2981 3350 3051 τέρπου
3388 2982 3480 3034 καὶ
3513 2979 3713 3050 ἀγάλλου

2161 3071 2279 3143 [καὶ
2301 3070 2641 3143 εὐφραίνου],
2685 3073 2834 3125 πᾶσα
2872 3074 2906 3141 ἡ
2964 3071 3259 3141 Ἐκκλησία
3306 3073 3398 3127 τοῦ
3424 3073 3553 3128 Θεοῦ
3579 3090 3591 3102 ·
3624 3073 3714 3127 ἰδοὺ

2157 3162 2264 3234 γὰρ
2299 3162 2460 3217 πάλιν
2493 3163 2521 3214 ὁ
2568 3161 2830 3226 Βασιλεὺς
2868 3164 3004 3235 πρὸς
3030 3165 3089 3217 σὲ
3129 3168 3509 3236 παραγίνεται.
3545 3166 3659 3219 Ἰδοὺ
3688 3163 3713 3216 ό

2160 3253 2251 3317 σὸς
2284 3254 2512 3325 νυμφίος
2568 3254 2662 3307 ἐπὶ
2710 3253 2890 3306 πώλου
2923 3254 3019 3326 [ὡς
3069 3257 3161 3309 ἐπὶ
3189 3257 3407 3331 θρόνου]
3444 3258 3715 3329 καθήμενος

2156 3348 2400 3419 ἔρχεται.
2450 3344 2786 3416 Ἐξέλθωμεν
2819 3347 2899 3409 εἰς
2928 3346 3231 3416 ἀπάντησιν
3270 3349 3456 3413 αὐτοῦ,
3496 3348 3715 3401 σπεύσω-

2161 3454 2261 3508 μεν
2295 3436 2500 3489 ἰδέσθαι
2524 3435 2619 3505 τὴν
2641 3432 2797 3499 δόξαν
2829 3435 3018 3500 αὐτοῦ,
3068 3437 3479 3509 προφθάσωμεν
3506 3434 3714 3508 φαιδρῶς

2156 3531 2238 3592 εἰς
2264 3526 2428 3599 τιμὴν
2460 3525 2562 3596 τῆς
2597 3526 2804 3579 εἰσόδου
2838 3527 3024 3581 αὑτοῦ.
3059 3526 3253 3600 [Πάλιν
3285 3529 3365 3600 τῷ
3406 3530 3586 3601 κόσμῳ
3624 3546 3712 3580 σω-

2154 3617 2341 3689 τηρία,
2392 3618 2552 3671 πάλιν
2599 3618 2626 3669 ὁ
2660 3616 2793 3680 Θεὸς
2830 3618 2922 3670 ἐπὶ
2952 3620 3182 3689 σταυρὸν
3219 3619 3490 3693 ἔρχεται.]
3522 3617 3714 3672 Πάλινό

2159 3706 2414 3778 βασιλεὺς
2436 3705 2596 3773 Σιὼν,
2630 3706 2739 3760 τῶν
2766 3707 2939 3760 ἐθνῶν
2967 3709 2999 3778 ὴ
3034 3709 3333 3780 προσδοκία
3364 3713 3454 3764 ὲπί
3481 3710 3575 3781 τὴν
3600 3708 3713 3761 Σιὼν

2154 3800 2397 3871 ἔρχεται,
2435 3800 2598 3854 πάλιν
2623 3799 2700 3870 τῷ
2719 3800 2908 3872 κόσμῳ
2932 3802 3206 3872 σωτηρίαν
3242 3806 3542 3877 χαρίζεται,
3577 3803 3716 3857 πάλιν

2104 3944 2122 3965 η
2154 3893 2216 3947 τὸ
2240 3895 2356 3963 φῶς
2413 3894 2719 3963 ἐφίσταται,
2755 3895 2918 3949 πάλιν
2948 3898 2983 3968 ὴ
3024 3897 3200 3969 πλάνη
3237 3900 3533 3965 πέπαυται,
3576 3897 3715 3951 πάλιν

2154 3986 2307 4040 ἀνθεῖ
2335 3989 2367 4057 ή
2395 3986 2640 4058 ἀλήθεια,
2694 3987 2915 4058 πάλινὴ
2963 3990 3258 4060 Ἐκκλησία
3300 3992 3532 4063 χορεύει,
3577 3989 3714 4043 πάλιν

2151 4079 2186 4149 ὴ
2233 4079 2534 4148 Συναγωγὴ
2581 4078 2828 4148 χηρεύει,
2858 4078 3023 4134 πάλιν
3078 4081 3425 4153 αἰσχύνονται
3473 4082 3712 4152 δαίμονες,

2152 4170 2312 4224 πάλιν
2350 4171 2561 4242 κατάρα
2611 4169 2818 4237 λύεται,
2866 4171 3028 4225 πάλιν
3080 4171 3321 4243 Ἑϐραῖοι
3363 4175 3712 4246 ταράττονται,

2151 4260 2314 4313 πάλιν
2340 4261 2368 4313 ὁ
2405 4262 2621 4331 δράκων
2662 4262 3028 4333 συντρίϐεται,
3060 4263 3221 4317 πάλιν
3255 4265 3322 4318 τὰ
3358 4266 3484 4335 έθνη
3517 4259 3716 4333 εὐφραί-

2152 4368 2353 4415 νονται,
2381 4352 2541 4405 πάλιν
2575 4352 2714 4407 Σιὼν
2754 4354 3175 4419 καλλωπίζεται.
3226 4358 3462 4427 Χριστὸς
3499 4356 3586 4409 ἐπὶ
3616 4350 3715 4405 πώ·

2152 4444 2242 4497 λου
2272 4445 2346 4508 ὼς
2375 4448 2467 4498 ἐπὶ
2511 4445 2701 4517 θρόνου
2755 4448 3064 4519 καθήμενος
3106 4449 3326 4520 ἔρχεται
3355 4468 3370 4482 ·
3405 4453 3455 4505 οἱ
3496 4444 3710 4519 οὐρανοὶ.

2151 4537 2469 4605 ἀγάλλεσθε·
2500 4539 2741 4608 ἄγγελοι,
2772 4542 3069 4611 ύμνὴσατε·
3100 4542 3167 4594 τὰ
3201 4542 3323 4614 ὅρη,
3348 4539 3709 4614 εὐφραίνεσθε·

2150 4632 2199 4683 οἰ
2242 4629 2438 4700 βουνοί,
2492 4633 2854 4704 σκιρτήσατε·
2898 4634 3154 4705 ποταμοὶ,
3193 4638 3532 4707 κροτήσατε·
3579 4634 3621 4686 οί
3663 4631 3711 4683 ὲν

2151 4720 2310 4787 Σιὼν,
2360 4722 2694 4793 χορεύσατε·
2753 4728 2808 4778 αἱ
2852 4726 3199 4797 Ἐκκλησίαι,
3246 4729 3496 4798 χαίρετε·
3548 4726 3709 4794 ἱερεῖςν

2152 4810 2463 4881 ὑμνήσατε·
2492 4812 2793 4883 προφῆται,
2841 4802 3194 4887 προφθάσατε
3218 4834 3232 4847 ·
3272 4816 3529 4887 μαθηταὶ,
3561 4810 3713 4883 κηρύ-

2151 4899 2278 4965 ξατε
2297 4918 2309 4930 ·
2344 4901 2484 4967 λαοὶ,
2513 4903 2862 4974 ἀπαντήσατε
2890 4924 2903 4935 ·
2936 4906 3257 4978 πρεσϐῦται,
3286 4907 3639 4978 συνδράμετε·
3664 4901 3711 4954 αἱ

2155 4994 2411 5064 μητέρες,
2430 4996 2748 5065 χορεύσατε·
2770 5001 2819 5050 οἱ
2843 4998 3189 5069 θηλάζοντες,
3210 5002 3377 5073 ᾅσατε
3400 5018 3416 5034 ο
3440 5000 3711 5056 νεανίσκων

2153 5082 2414 5155 βοήσατε·
2468 5086 2535 5139 τὰ
2573 5086 2724 5158 ἔθνη,
2768 5090 3090 5162 συνάχθητε.
3135 5094 3293 5145 Πᾶσα
3338 5093 3532 5158 κτίσις,
3583 5089 3710 5141 πᾶσα

2153 5172 2337 5242 φύσις,
2370 5177 2521 5229 πᾶσα
2566 5178 2741 5243 τάξις,
2792 5182 2942 5234 πᾶσα
3001 5183 3160 5253 πνοὴ,
3203 5185 3352 5236 πᾶσα
3382 5186 3415 5253 ἡ
3443 5183 3533 5252 γῆ,
3579 5179 3709 5232 πάσα

458 5249 585 5321 Regi
611 5265 797 5321 regum
828 5252 997 5320 regali
1035 5253 1185 5307 cultu
1234 5254 1448 5309 obviam
1494 5272 1712 5322 eamus,
1752 5257 2043 5314 Dominum

2155 5265 2295 5330 ἀξία,
2330 5270 2480 5321 πᾶσα
2516 5270 2724 5339 ἡλικία,
2768 5274 2919 5327 πᾶσα
2966 5273 3247 5345 ἐθναρχία,
3286 5276 3434 5327 πᾶσα
3466 5268 3709 5344 βασιλεία,

455 5342 831 5408 dominorum,
903 5344 981 5396 uti
1038 5344 1323 5399 Dominum
1376 5362 1476 5416 par
1526 5359 1647 5414 est,
1702 5350 2035 5417 adoremus,

458 5431 567 5488 Deo
590 5434 818 5488 deorum
847 5434 1110 5492 divinitus
1133 5453 1418 5504 canamus,
1444 5454 1651 5508 sponso
1676 5440 2038 5511 incorruptio-

457 5523 562 5590 nis,
593 5525 785 5595 quales
820 5527 1066 5581 divinum
1099 5530 1294 5586 decent
1322 5546 1611 5601 sponsum,
1640 5533 1840 5591 choros
1871 5535 2040 5592 duca-

527 5675 640 5746 (Gl)
673 5678 974 5748 lnterprete
1004 5683 1064 5737 D.
1099 5688 1334 5740 Cousan
1366 5686 1584 5740 Poncio.

2148 5356 2443 5427 βασιλικῶς
2492 5360 2567 5432 τῷ
2597 5363 2822 5416 Βασιλεῖ
2866 5364 2977 5420 τῶν
3006 5366 3272 5437 βασιλέων
3312 5364 3707 5436 ἀπαντήσωμεν,

2144 5452 2479 5516 δεσποτικῶς
2507 5454 2587 5524 τῷ
2627 5457 2873 5528 Δεσπότῃ
2909 5458 3018 5511 τῶν
3046 5459 3318 5511 δεσποτῶν
3351 5453 3710 5527 προσκυνήσω·

2148 5558 2265 5609 μεν,
2313 5542 2390 5612 τῷ
2443 5543 2562 5612 Θεῷ
2603 5544 2712 5599 τῶν
2753 5545 2891 5601 θεῶν
2949 5547 3144 5611 θεῖκῶς
3177 5546 3589 5619 ἀναμέλψωμενρ
3637 5537 3702 5607 τῷ
