3988 6422
466 331 563 389 451
1765 334 1853 389 DU
1867 334 1974 386 BiA
2011 334 2068 385 Al

2187 334 2455 388 SPURIA.
3599 347 3687 401 ιω

373 438 378 441 ”
469 449 756 512 mundum,
803 449 895 505 sed
943 451 1117 521 ipsum
1162 457 1361 503 servat.
1397 449 1454 503 in
1496 465 1602 519 qua
1631 448 1883 519 Christus
1924 464 2050 504 vera

2170 453 2359 523 ιρῖνον,
2409 451 2545 504 ἀλλὰ
2601 451 2774 516 σῶζον
2824 452 2915 505 τὸν
2948 452 3171 524 κόσμον.
3217 453 3300 507 Ἐν
3386 455 3618 526 Χριστδς,
3639 464 3692 513 τὸ

465 542 610 596 viola
645 543 1025 611 a-grotantium
1065 543 1285 596 morbos
1321 556 1559 608 sanans;
1602 542 1656 596 in
1684 557 1790 610 qua
1816 552 1870 597 ct
1896 543 2053 597 vinea

468 633 585 703 ipse
609 642 714 697 cst,
738 633 927 689 dicens
957 653 970 687 :
998 633 1111 702 Ego
1143 649 1259 686 sum
1286 634 1404 686 vitis
1435 649 1553 686 vera
1580 640 1628 698 ις
1667 633 1718 686 in
1743 649 1849 702 qua
1877 644 1932 687 ct
1955 635 2056 688 oli-

467 734 672 788 velum,
707 724 798 794 qui
833 725 968 780 adeo
1005 733 1290 794 sperantes
1330 725 1384 777 in
1429 740 1487 778 se
1529 740 1624 793 per
1651 740 1808 778 suam
1840 723 2057 779 miseri-

468 815 710 870 cordiam
763 823 945 869 servat
994 816 1332 879 incolumes;
1389 815 1442 868 in
1496 830 1602 884 qua
1658 815 1859 869 radicis
1906 815 2058 871 Jcsse

470 907 731 976 antiquus
762 914 886 960 ante
916 907 1115 960 saecula
1145 922 1332 961 ramus
1363 907 1500 960 citra
1538 907 1746 960 cultum
1777 915 1831 960 et
1865 907 2059 961 fossio-

471 1013 593 1051 nem
631 997 856 1050 humani
899 996 1126 1052 seminis
1169 997 1533 1066 germinavit;
1571 997 1625 1049 in
1655 1012 1760 1066 qua
1801 997 2060 1064 perennis

473 1090 632 1154 fons;
669 1089 721 1142 in
747 1104 853 1159 qua
885 1104 993 1143 non
1023 1088 1172 1143 ﬂuvii
1220 1088 1462 1159 Physon,
1509 1087 1724 1148 Gehon,
1777 1089 1978 1158 Tigris,
2009 1097 2063 1142 et

473 1179 778 1249 Euphrates
813 1181 1192 1249 reperiuntur,
1219 1195 1410 1234 verum
1459 1178 1766 1243 Matthazus,
1800 1179 2018 1233 Marcus
2044 1219 2059 1245 ,

472 1271 650 1326 Lucas
699 1282 753 1326 et
794 1269 1064 1335 Joannes,
1127 1273 1218 1342 qui
1281 1270 1486 1327 Christi
1537 1271 1794 1326 Ecclesia:
1835 1271 2064 1342 irrigant

472 1360 740 1414 hortum:
781 1360 872 1414 ubi
929 1359 1186 1430 frequens
1241 1359 1404 1414 hodie
1451 1375 1517 1414 ex
1572 1361 1722 1414 omni
1771 1360 2064 1430 juventute

471 1465 796 1516 concursus,
829 1459 1089 1521 tanquam
1121 1451 1263 1506 oliva
1297 1451 1549 1520 fecunda,
1591 1453 1762 1507 olivas
1793 1459 2060 1518 tenentes,

471 1543 688 1598 Christo
753 1543 1094 1600 misericordi
1144 1559 1208 1597 ac
1261 1543 1572 1599 miseratori
1641 1544 2062 1614 supplicamus,

473 1636 698 1705 plantati
745 1635 801 1688 in
851 1634 1017 1690 domo
1072 1635 1309 1698 Domini,
1370 1635 1428 1690 in
1480 1635 1634 1690 atriis
1678 1636 1852 1706 ipsius
1895 1651 2064 1691 verno

470 1737 717 1797 tempore
743 1727 1174 1792 eiiiorescentes,
1206 1728 1407 1783 festum
1433 1727 1690 1784 ducimus
1715 1729 1882 1795 diem,
1913 1729 2063 1800 lega-

474 1819 578 1872 lem
611 1817 848 1872 hicmem
891 1818 1183 1872 abeuntem
1216 1827 1531 1876 cernentes.

545 1908 770 1966 Festum
805 1925 923 1981 age,
965 1909 1170 1966 Christi
1206 1910 1472 1977 Ecclesia,
1499 1927 1608 1966 non
1643 1911 1697 1966 in
1729 1911 1918 1982 ﬁgura,
1950 1927 2061 1966 non

470 2003 624 2071 juxta
679 2003 928 2072 corporis
983 2019 1205 2058 sensum
1276 2005 1507 2058 choreas
1554 2003 1764 2058 ducens
1814 2022 1827 2056 :
1873 2017 2061 2058 verum

475 2093 672 2164 spiritu
695 2101 750 2148 et
777 2102 958 2148 mente
989 2092 1159 2149 festos
1186 2094 1401 2149 celebra
1439 2095 1582 2159 dies,
1613 2094 1884 2148 idolorum
1916 2093 2066 2164 aspi-

473 2185 626 2241 ciens
659 2184 1028 2249 eversionem,
1055 2185 1414 2241 ecclesiarum
1440 2200 1570 2241 vero
1605 2185 1936 2240 crectionem
1963 2185 2064 2238 ha-

473 2275 629 2330 bens.
666 2273 836 2328 Sacra
884 2275 1031 2330 enim
1081 2284 1132 2328 et
1169 2290 1366 2346 magna
1402 2289 1538 2330 voce
1587 2275 1683 2329 tibi
1737 2289 1859 2328 cum
1894 2273 2066 2328 Paulo

473 2367 671 2420 edico:
713 2363 899 2420 Vetera
962 2367 1330 2432 transierunt,
1371 2383 1485 2421 ecce
1531 2367 1677 2434 facta
1719 2376 1838 2418 sunt
1887 2368 2067 2419 omnia

473 2474 608 2511 nova
633 2461 652 2490 ’
681 2475 693 2510 :
723 2457 832 2511 imo
879 2473 1006 2510 vero
1045 2466 1098 2512 et
1135 2459 1497 2512 admirabilia.
1543 2457 1800 2521 Proinde,
1840 2459 2070 2524 gaudete

475 2551 532 2602 in
575 2549 827 2614 Domino,
859 2549 1065 2604 Christi
1121 2567 1270 2619 grex,
1316 2550 1581 2621 gaudete;
1629 2549 1825 2619 gaude,
1864 2549 2068 2605 Christi

475 2641 752 2704 Ecclesia,
809 2642 990 2696 laetare
1037 2652 1091 2696 et
1143 2643 1377 2704 exsulta,
1415 2643 1522 2696 ﬁlia
1579 2642 1689 2695 Dei.
1749 2641 1866 2695 Tua
1922 2642 2069 2696 enim

477 2733 658 2786 omnis
689 2733 884 2802 gloria,
912 2741 1172 2802 tanquam
1196 2732 1318 2787 ﬁliae
1340 2733 1482 2802 regis
1512 2732 1740 2796 Christi,
1771 2733 1919 2788 intus
1953 2747 2070 2802 per-

477 2821 606 2876 inde
637 2837 700 2876 ac
732 2821 900 2885 foris;
947 2836 1068 2891 qua:
1099 2837 1206 2875 non
1233 2820 1346 2890 jam
1378 2819 1615 2889 amplius
1669 2818 1852 2877 vidua.
1883 2833 2068 2872 verum

481 2917 572 2971 Dei
601 2929 803 2985 sponsa
869 2913 1206 2971 ciliorescis:
1238 2927 1348 2967 non
1384 2912 1621 2982 amplius
1657 2927 1684 2964 a
1711 2910 1954 2965 sinistris
1978 2908 2070 2964 Dei

475 3016 700 3080 propter
766 3007 1035 3060 idolorum
1088 3005 1338 3068 cultum,
1389 3005 1484 3060 sed
1527 3018 1559 3058 a
1623 3003 1832 3058 dextris
1883 3013 2072 3056 astans

478 3096 871 3170 splendideque
899 3103 1115 3158 ornata,
1144 3102 1369 3164 propter
1393 3091 1486 3148 Dei
1511 3092 1880 3163 cognitionem
1911 3109 1923 3145 :
1949 3105 2071 3161 quae

479 3204 586 3243 non
631 3202 691 3242 cs
738 3187 974 3258 amplius
1014 3185 1203 3242 servili
1243 3185 1508 3256 sanguine
1556 3184 1922 3245 fermentata,
1975 3183 2072 3239 sed

476 3277 664 3331 divino
693 3277 952 3347 insignita
973 3296 984 3331 :
1003 3293 1123 3347 qme
1148 3292 1254 3330 non
1281 3276 1517 3346 amplius
1541 3271 1788 3338 Obclem,
1821 3273 1916 3329 sed
1942 3272 2072 3326 Em-

476 3368 784 3423 manueiem
812 3368 985 3434 colis;
1029 3384 1136 3421 non
1170 3368 1282 3436 jam
1340 3366 1634 3430 Troadem,
1671 3381 1862 3422 verum
1895 3363 2073 3418 Trini-

479 3470 646 3515 tatem
680 3459 1003 3521 vencraris;
1037 3475 1157 3527 quae
1194 3475 1300 3512 non
1336 3457 1620 3513 Platonem
1666 3457 1924 3526 amplius,
1973 3457 2070 3518 sed

478 3551 649 3604 Deum
689 3558 940 3603 nostrum
992 3550 1422 3617 omnipotentem
1453 3549 1661 3603 honore
1693 3549 2072 3617 prosequeris;

483 3656 595 3694 non
627 3639 742 3708 jam
785 3638 1075 3694 Herculem
1113 3639 1382 3691 malorum
1412 3639 1786 3708 depulsorem,
1817 3638 1910 3693 sed
1948 3652 2075 3692 con-

482 3730 776 3783 solatorem
828 3727 1089 3796 Spiritum
1143 3742 1205 3781 ac
1247 3742 1429 3782 rerum
1503 3727 1748 3780 omnium
1789 3727 2065 3796 opiﬁcem.

482 3823 600 3876 Non
633 3823 781 3876 coles
813 3819 1052 3889 amplius
1086 3819 1440 3875 Aristotelem
1477 3818 1750 3873 subtiliter
1799 3817 2079 3888 disputan-

485 3922 617 3974 tem,
662 3910 755 3966 scd
785 3909 978 3973 Deum,
1027 3910 1118 3979 qui
1161 3909 1214 3962 in
1249 3907 1383 3963 ﬁnes
1415 3907 1743 3963 surculorum
1775 3914 1827 3962 te
1868 3905 2075 3961 salvam

484 4019 604 4076 esse
633 4003 822 4056 voluit.
865 4000 1076 4056 Cecidit
1109 3999 1416 4063 Saturnus,
1468 3998 1596 4068 quia
1645 3997 1965 4050 incarnatus
1994 4003 2077 4050 est

486 4094 628 4148 Deus
671 4092 912 4148 Verbum
944 4109 958 4145 :
987 4105 1095 4144 non
1143 4098 1328 4143 tamen
1362 4103 1428 4142 ex
1473 4087 1574 4141 viri
1623 4085 1926 4148 consortio,
1979 4083 2074 4138 sed

484 4187 724 4239 innnano
759 4182 920 4239 simul
945 4190 998 4238 et
1019 4181 1207 4236 divino
1231 4179 1391 4234 modo
1419 4195 1483 4233 ex
1516 4177 1683 4230 Maria
1714 4176 2071 4244 conspicuus.

481 4275 674 4332 Videte
703 4277 807 4330 dici
841 4276 1110 4346 gratiam;
1159 4271 1338 4327 videte
1385 4270 1506 4326 festi
1545 4269 1650 4323 diei
1701 4268 2071 4338 splendorem.

483 4365 874 4432 Quamobrem,
924 4361 1100 4432 gaude
1133 4375 1197 4413 ac
1238 4361 1439 4420 laetare,
1480 4358 1588 4410 ﬁlia
1623 4357 1779 4418 Sion,
1827 4355 2001 4424 gaude
2021 4363 2076 4410 et

2159 541 2235 594 ῐον
2252 541 2310 594 τὸ
2338 539 2506 604 ὄντως
2540 540 2768 612 ἰώμενον
2796 544 2865 598 τὰ
2889 543 3035 616 πάθη
3060 544 3166 598 τῶν
3192 545 3508 600 νοσούντωνθ
3532 549 3584 602 ὲν
3672 558 3695 608 ό
3766 576 3770 579 ·

2155 629 2438 701 άμπελὼν,
2470 632 2498 683 ὁ
2541 631 2712 700 λέγων
2739 651 2752 664 ο
2802 633 2948 702 Ἐγώ
2995 637 3113 704 εἰμι
3163 637 3202 703 ’ἡ
3229 637 3487 707 ἄμπελος
3516 642 3552 708 ἡ
3572 643 3700 707 ἀλέη·

2157 719 2291 788 θινή
2317 737 2330 750 ·
2370 720 2428 772 ὲν
2519 723 2547 774 ὁ
2571 721 2787 786 ὲλαιὼν,
2818 726 2846 776 ὁ
2874 724 3042 789 ὅντως
3055 725 3220 779 ἐλεῶν
3251 729 3374 790 τοὺς
3414 729 3700 794 ἐλπίζοντας

2159 813 2244 864 ἐπ’
2272 813 2434 868 αὐτόν
2460 832 2472 845 ·
2511 816 2568 867 ὲν
2669 819 2696 868 ὁ
2721 816 2817 885 τῆς
2851 817 3006 888 ῥίζης
3052 819 3250 873 Ίεσσαί
3282 820 3566 892 ἐϐλάστησε
3588 823 3701 878 κλά-

2157 905 2246 968 δος
2282 907 2310 959 ὁ
2341 907 2686 978 προαιώνιος,
2743 909 3114 981 ἀγεωργήτως
3163 913 3256 964 καὶ
3289 914 3586 983 άνορύκτως
3618 917 3703 984 τῆς

2159 993 2509 1066 ἀνθρωπίνης
2569 999 2807 1067 σπορᾶς·
2840 1000 2898 1051 ὲν
2988 1002 3020 1069 ἡ
3056 1001 3206 1072 πηγὴ
3241 1003 3272 1072 ὴ
3313 1002 3531 1066 ἀένναθς
3553 1021 3566 1033 ⁶
3603 1000 3705 1076 ὲ³θῇ

2159 1084 2220 1134 οὐ
2242 1082 2450 1148 Φυσὼν,
2479 1084 2643 1148 Γεὼν,
2675 1087 2888 1158 Τίγρις,
2932 1089 3242 1160 Εὐφράτης,
3276 1090 3410 1145 ἀλλὰ
3440 1093 3708 1158 Ματθαῖος,

2161 1174 2408 1244 Μάρκος,
2441 1178 2676 1242 Λουκᾶς,
2709 1180 2801 1232 καὶ
2841 1181 3113 1252 Ἰωάννης,
3143 1183 3193 1236 οἰ
3231 1183 3324 1239 τοῦ
3369 1185 3592 1256 Χριστοῦ
3622 1187 3710 1254 τῆς

2176 1261 2502 1332 Ἐκκλησίας
2573 1266 2887 1332 ποτίζοντες
2944 1272 3292 1341 παράδεισον.
3354 1274 3519 1328 Ἔνθα
3582 1277 3714 1330 πᾶσα

2164 1353 2402 1422 σήμερον
2433 1353 2670 1420 νεολαία,
2727 1355 2803 1420 ὼς
2843 1358 3000 1412 ἐλαία
3049 1361 3402 1432 κατάκαρπος
3429 1361 3524 1425 τὰς
3551 1361 3714 1425 ἐλαίας

2163 1443 2504 1513 κατέχοντες,
2542 1447 2632 1499 τὸν
2667 1448 2933 1519 ἐλεήμονα
2968 1451 3229 1522 αἰτοῦμεν
3273 1454 3534 1525 Χριστόν·
3568 1472 3718 1524 πεφυ-

2162 1536 2413 1606 τευμένοι
2435 1539 2493 1589 ἐν
2527 1538 2661 1610 οἴκῳ
2701 1541 2928 1611 Κυρίου,
2956 1544 3014 1595 ὲν
3033 1545 3153 1607 ταῖς
3186 1545 3376 1608 αὐλαῖς
3403 1545 3558 1600 αὐτοῦ
3585 1547 3716 1618 ἐαρι-

2162 1627 2268 1691 νῶς
2302 1628 2670 1696 ὲξανΘοῦντες,
2720 1633 3050 1705 ἑορτάζομεν
3102 1635 3318 1708 ἑορτὴν,
3362 1636 3454 1690 τὸν
3504 1637 3720 1708 χειμῶνα

2163 1719 2254 1772 τὸν
2307 1722 2530 1792 νομικὸν
2559 1723 2670 1791 (70)
2700 1725 3134 1797 ὑποχωρήσαντα
3184 1727 3490 1798 βλέποντες.

2246 1872 2524 1944 Ἐόρταζε,
2549 1876 2787 1946 Χριστοῦ
2827 1877 3144 1950 Ἐκκλησία,
3171 1881 3233 1934 οὐ
3265 1881 3528 1947 τυπικῶς,
3552 1883 3608 1936 οὐ
3633 1900 3721 1938 σω-

2167 1965 2432 2036 ματικῶς,
2463 1967 2599 2022 ἀλλὰ
2646 1971 3033 2040 πνευματικῶς
3073 1974 3461 2045 ἐγχορεύουσα.
3493 1977 3722 2048 Ἑόρταζε

2165 2057 2496 2130 ἑορτὰς,τὴν
2530 2059 2638 2113 τῶν
2675 2061 2910 2115 εἰδώλων
2944 2064 3297 2120 κατάπτωσιν
3331 2067 3611 2138 βλέπουσα,
3643 2071 3724 2123 καὶ

2165 2145 2274 2197 τῶν
2306 2146 2612 2218 ἐκκλησιῶν
2635 2150 2734 2220 τὴν
2751 2150 3047 2206 ἀνάστασιν
3073 2153 3292 2224 ἔχουσα.
3309 2155 3458 2210 Μετὰ
3473 2158 3575 2229 γὰρ
3600 2157 3724 2211 Παύ·

2166 2235 2258 2290 λου
2291 2237 2398 2308 βοῶ
2422 2257 2502 2293 σοι
2523 2241 2619 2312 τῆς
2654 2243 2803 2313 ἰερᾶς
2827 2244 2921 2296 καὶ
2939 2246 3179 2318 μεγάλης
3196 2247 3384 2318 φωνῆς
3399 2266 3414 2280 ο
3443 2251 3514 2302 Τὰ
3535 2249 3725 2319 ἀρχαῖα

2169 2346 2288 2400 πμρ
2299 2331 2639 2398 ,ξυῖθονοίδοὺ
2657 2335 2864 2404 γέγονε
2876 2336 2946 2391 τὰ
2963 2336 3158 2391 πάντα
3175 2339 3375 2393 καινά·
3391 2341 3523 2393 ἀλλὰ
3531 2343 3633 2412 μὴν
3646 2343 3724 2397 καὶ

2169 2425 2468 2496 παράδοξα.
2507 2426 2598 2480 Διὸ
2649 2428 2869 2500 χαίρετε
2902 2432 2958 2482 ὲν
3001 2431 3209 2503 Κυρίῳ,
3242 2432 3480 2503 Χριστοῦ
3519 2434 3723 2499 νεολαία,

2170 2517 2423 2588 χαίρετε⁶
2479 2517 2689 2589 χαίροις
2743 2519 2982 2591 Χριστοῦ
3051 2521 3372 2595 Ἐκκλησία,
3423 2525 3615 2597 τέρπου
3649 2525 3726 2578 καί

2171 2608 2486 2679 εὐφραίνου,
2517 2608 2758 2680 Θύγατερ
2807 2611 2965 2665 Θεοῦ.
2996 2611 3098 2666 Σοῦ
3125 2614 3235 2685 γὰρ
3268 2618 3421 2669 πᾶσα
3447 2620 3479 2687 ἡ
3510 2617 3642 2682 δόξα,
3665 2616 3726 2679 ὼς

2172 2699 2442 2772 Θυγατρδς
2478 2700 2572 2755 τοῦ
2606 2703 2874 2773 βασιλέως
2901 2706 3141 2775 Χριστοῦ
3171 2707 3378 2762 ἔσωθεν
3406 2707 3538 2779 ὁμοῦ
3568 2726 3622 2760 τε
3649 2709 3728 2762 καὶ

2173 2787 2389 2852 ἐξωοεψ
2419 2789 2602 2843 οὐκέτι
2633 2792 2954 2864 χὴρανδρος,
2982 2794 3117 2849 άλλά
3147 2797 3406 2868 θέανδρος
3430 2797 3723 2865 ὲξανθοῦσα·

2172 2881 2355 2934 οὐκέτι
2413 2880 2472 2948 ἐξ
2527 2882 2822 2954 εὐωνύμων
2858 2885 2994 2940 Θεοῦ
3025 2887 3111 2942 διὰ
3159 2889 3257 2959 τὴν
3294 2889 3727 2961 είδωλολατρείαν,

2173 2972 2301 3050 ἀλλ’.
2328 2975 2392 3028 ὲκ
2433 2973 2622 3041 δεξιῶν
2657 2979 3062 3052 παρισταμένη,
3114 2980 3209 3034 καὶ
3257 2983 3635 3054 κεκοσμημένη
3656 2981 3730 3034 διὰ

2174 3066 2272 3138 τὴν
2326 3067 2689 3136 θεογνωσίαν·
2726 3071 2910 3124 οὐκέτι
2951 3072 3144 3143 αἵματι
3178 3074 3414 3146 δουλικῷ
3439 3074 3726 3146 φυρωμένη.

2097 3131 2140 3188 c
2174 3131 2311 3211 ἀλλὰ
2365 3131 2557 3230 αἵματι
2631 3161 2796 3232 Οεῖκῷ
2879 3131 3329 3237 σφραγιζομένηο
3385 3131 3604 3221 ὀὐκέτί
3650 3131 3727 3217 τὸν

2187 3249 2348 3321 Ὠϐὴλ
2388 3250 2520 3317 (7i).
2575 3251 2712 3305 ἀλλὰ
2741 3253 2833 3307 τὸν
2884 3255 3238 3328 Ἐμμανουὴλ
3287 3257 3730 3314 σέϐουσα·οὐκὲτι

2173 3341 2275 3411 τὴν
2312 3341 2568 3412 Τρωάδα,
2604 3345 2741 3399 ἀλλὰ
2792 3346 2889 3418 τὴν
2938 3348 3148 3418 Τριάδα
3192 3349 3530 3418 δοξάζουσα⁴
3572 3349 3728 3403 οὐκέτι

2174 3432 2390 3502 τιμῶσα
2420 3434 2510 3486 τὸν
2555 3436 2842 3502 Πλάτωνα,
2887 3439 3023 3493 ἀλλὰ
3056 3441 3148 3494 τὸν
3181 3444 3591 3514 παντοκράτορα
3621 3440 3730 3493 Θεὸν

2176 3527 2366 3599 ἡμῶν·
2407 3529 2591 3582 οὐκέτι
2655 3530 2895 3602 Ἡρακλῆ
2947 3533 3040 3586 τὸν
3090 3533 3439 3599 ἀλεξίκακον,
3481 3534 3608 3589 ἀλλὰ
3656 3531 3731 3584 τὸν

2177 3619 2538 3692 ῙΙαράκλητον
2592 3622 2685 3675 καὶ
2733 3623 2952 3677 πάντων
3007 3627 3253 3696 ποιητήν.
3289 3627 3486 3680 Οὐκέτι
3533 3640 3731 3697 προσκυ-

2178 3715 2290 3776 νεῖς
2330 3713 2708 3786 Ἀριστοτέλην
2737 3717 3057 3784 σοφίσαντα,
3081 3717 3218 3772 ἀλλὰ
3255 3719 3392 3773 Θεὸν
3420 3720 3507 3774 τὸν
3536 3720 3606 3782 είς
3623 3715 3730 3782 τέλη

2177 3805 2284 3858 τῶν
2314 3805 2526 3860 αἰώνων
2558 3824 2615 3860 σε
2653 3807 2924 3863 σώσαντα.
2973 3810 3238 3864 Πέπτωκε
3289 3814 3521 3885 Κρόνος,
3552 3813 3627 3864 ὅτι
3661 3825 3733 3862 σε·

2179 3894 2458 3966 σάρκωται
2507 3898 2640 3962 Θεὸς
2694 3899 2896 3967 Λόγος*
2933 3901 2994 3953 οὐ
3030 3902 3135 3972 μὴν
3169 3902 3365 3972 ἀνδρὸς
3414 3905 3478 3957 ὲκ
3510 3901 3731 3966 παθείας,

2177 3985 2312 4039 ἀλλὰ
2341 3987 2671 4059 Οεανδρικῶς
2701 3991 2764 4042 ὲκ
2797 3991 3015 4061 Μαρίας
3064 3994 3372 4062 ἐπιφανείς.
3436 3995 3619 4065 Ὁρᾶτε
3651 3990 3731 4059 τῆς

2176 4076 2391 4146 ἡμέρας
2441 4077 2541 4148 τὴν
2589 4079 2749 4149 χάριν
2777 4097 2790 4109 ⁶
2832 4082 2994 4151 ὁρᾶτε
3021 4083 3122 4152 τῆς
3168 4083 3364 4153 ἑορτῆς
3390 4083 3486 4154 τὴν
3519 4080 3736 4150 λαμπρό-

2177 4185 2334 4238 τητα.
2367 4169 2575 4241 Χαίρου
2601 4172 2781 4226 τοίνυν
2828 4174 2922 4226 καὶ
2971 4175 3287 4245 εὐφραίνου,
3323 4175 3560 4245 θύγατερ
3596 4169 3732 4230 Σιὼν.

2177 4262 2383 4331 τέρπου
2429 4262 2522 4314 καί
2556 4263 2815 4331 άγάλλου,
2847 4266 3000 4318 πᾶσα
3050 4268 3083 4336 η
3129 4267 3428 4338 Ἐκκλησία
3454 4265 3546 4320 τοῦ
3589 4259 3732 4317 Θεοῦ’

2183 4355 2366 4422 Ἀρον
2385 4356 2592 4419 κύκλῳ
2641 4356 2784 4424 τοὺς
2822 4358 3169 4429 ὀφθαλμούς
3220 4374 3358 4424 σου,
3391 4361 3488 4414 καὶ
3517 4358 3601 4411 ἴδε
3627 4371 3734 4407 συν-

485 4457 717 4517 cxsulta,
762 4455 1016 4508 universa
1069 4453 1310 4506 Ecclesia
1376 4449 1468 4503 Dei
1512 4463 1526 4500 :
1565 4448 1697 4502 Leva
1744 4449 1799 4500 in
1847 4449 2068 4500 circuitu

2181 4447 2398 4518 ηγμένα
2442 4449 2511 4502 τά
2560 4465 2689 4501 ποτε
2728 4449 3191 4522 διεσκορπισμένα
3243 4451 3550 4505 τῶνὲθνῶν
3593 4448 3734 4500 τέκνα

487 4547 667 4599 oculos
708 4553 859 4607 tuos,
903 4552 952 4596 et
984 4543 1096 4595 vide
1127 4543 1146 4572 ³
1184 4548 1546 4610 congregatos
1591 4539 1752 4593 modo
1789 4547 1932 4601 tuos,
1981 4541 2075 4607 qui

488 4633 763 4705 quondam
791 4631 1034 4700 gentium
1065 4630 1160 4683 ﬁlii
1187 4629 1422 4697 dispersi
1445 4635 1624 4682 erant.
1657 4626 1796 4682 Vide
1818 4626 1939 4682 festi
1966 4627 2074 4682 diei

487 4723 880 4788 celebritatem,
917 4721 1040 4776 vide
1082 4719 1265 4791 populi
1307 4726 1669 4781 concentum,
1701 4717 1823 4772 vide
1856 4733 2073 4773 omnem

486 4817 726 4884 linguam
773 4812 830 4866 in
877 4825 1042 4865 unam
1093 4807 1418 4864 sententiam
1468 4805 1771 4872 cedentem,
1831 4806 1958 4860 vide
2008 4821 2072 4863 os

481 4921 650 4964 omne
680 4914 942 4977 tanquam
989 4917 1160 4958 unum
1194 4915 1280 4965 os,
1319 4899 1440 4956 vide
1467 4905 1657 4970 gentes
1689 4899 1843 4969 prius
1874 4897 2070 4956 eﬁeras

567 5060 764 5116 ‘Joan.
804 5077 892 5126 xv,
933 5062 978 5114 ι.
1080 5062 1099 5090 ²
1127 5058 1168 5112 ii
1200 5057 1326 5113 Cor.
1357 5073 1412 5120 v,
1445 5057 1529 5110 i7.
1613 5059 1632 5089 ³
1663 5061 1768 5112 isa.
1804 5074 1893 5126 ως,
1924 5059 1975 5112 4.

488 5226 598 5279 vim
629 5219 849 5286 assequi
877 5231 988 5286 non
1021 5217 1197 5286 possit
1240 5215 1434 5269 Latina
1478 5218 1688 5286 versio.
1712 5216 1855 5270 Sunt
1881 5217 2067 5286 itaque

492 5295 567 5350 ibi
589 5291 651 5344 τὺ
679 5284 886 5361 κρίνον,
909 5284 1112 5361 lilium;
1132 5285 1198 5361 τδ
1213 5286 1287 5357 μὴ
1307 5287 1490 5361 κρῖνον
1510 5324 1524 5350 ,
1544 5301 1646 5361 non
1664 5284 1912 5361 judicans
1930 5302 1948 5350 ,'
1967 5284 2066 5361 ζον,

490 5365 630 5419 viola
653 5370 708 5416 et
722 5353 1022 5417 'venenum;
1049 5353 1578 5419 sintcom'olivetum;
1604 5353 1790 5416 ἐλεῶν,
1813 5357 1904 5417 qui
1926 5357 2074 5410 mise-

495 5443 658 5488 retur.
712 5429 865 5482 Licet
894 5431 1076 5478 autem
1116 5425 1511 5494 paronomasiae
1556 5439 1690 5494 usus
1733 5425 2074 5493 frequentior

495 5504 566 5557 sit
601 5503 657 5553 in
689 5494 1029 5568 argumentis
1058 5493 1376 5568 et’levibus,
1412 5493 1786 5568 e_t__brevi_bns_,_
1805 5495 1989 5562 qualia
2018 5495 2073 5547 in

494 5562 996 5639 epigrammatibus,
1015 5563 1236 5639 satyris,
1251 5562 1555 5639 comoediis,
1572 5563 1820 5639 epistolis
1831 5571 2080 5639 tractanf

482 5632 614 5698 tur:
661 5645 842 5690 tamen
889 5632 1278 5690 encomiastica
1316 5632 1518 5700 (qualis
1561 5639 1647 5685 est
1685 5633 1798 5685 haec
1831 5633 2075 5700 homilia)

497 5721 610 5760 non
639 5705 861 5760 omnino
892 5705 1011 5760 illas
1049 5698 1335 5773 respuunt.
1356 5698 1433 5752 'in
1463 5700 1859 5770 Chrysostomo
1884 5711 1936 5755 ct
1966 5698 2075 5756 Na;

2184 4554 2298 4590 σου.
2330 4537 2434 4589 Ἴδε
2462 4538 2562 4607 τῆς
2589 4539 2781 4609 ἑορτῆς
2802 4540 2900 4610 τὴν
2934 4540 3210 4610 εὐφημίαν
3232 4557 3244 4570 ·
3275 4541 3354 4594 ίδε
3380 4539 3475 4593 τοῦ
3503 4536 3625 4592 λαοῦ
3653 4533 3735 4602 τὴν

2183 4628 2533 4696 συμφωνίαν,
2587 4627 2662 4681 ἴδε
2694 4630 2875 4682 πᾶσαν
2901 4630 3154 4698 γλῶσσαν
3187 4632 3266 4694 εἰς
3306 4631 3434 4700 μίαν
3478 4626 3644 4691 δόξαν,
3673 4621 3734 4673 ἴδε

2182 4719 2328 4773 ἅπαν
2361 4721 2534 4790 στόμα
2570 4720 2644 4784 ὡς
2664 4720 2724 4773 ἓν
2755 4721 2953 4791 στόμα,
2984 4721 3058 4774 ίδε
3090 4721 3158 4776 τά
3186 4722 3314 4792 πρὶν
3339 4720 3570 4792 θήρεϐνα
3598 4719 3648 4769 ὲν
3668 4711 3735 4764 σοὶ

2181 4812 2518 4882 τυγχάνοντα
2553 4812 2825 4883 πρόϐατα,
2871 4813 2948 4865 ῐδε
2981 4813 3150 4867 ἐθνῶν
3179 4813 3545 4885 ἑορταζόντων
3565 4803 3735 4873 ὲπιφή-

2185 4917 2386 4971 μισμα,
2436 4901 2746 4970 ἀγγελικῶν
2795 4903 3103 4974 ἀσωμάτων
3148 4904 3392 4975 ὐπάρχον
3421 4901 3482 4955 τδ
3517 4900 3732 4970 μίμημα,

2177 5217 2443 5272 zianzcno
2491 5231 2557 5271 ex
2600 5215 2808 5271 Graecis
2859 5231 2968 5270 non
3013 5230 3142 5272 raro
3185 5215 3554 5272 inveniuntur.
3606 5205 3731 5260 inter

2178 5297 2396 5342 nostros
2430 5288 2742 5351 Ambrosio,
2769 5286 3034 5356 Gregorio
3062 5286 3276 5356 Magno,
3303 5297 3356 5342 et
3382 5281 3611 5340 omnium
3634 5287 3731 5330 ma-

2179 5357 2324 5410 xime
2349 5356 2629 5412 Bernardo
2658 5355 2958 5414 familiares
2988 5367 3140 5412 sunt.

2251 5426 2364 5499 (10)
2403 5426 2526 5499 Τὸν,
2545 5427 2806 5499 χειμῶνα
2838 5425 2947 5499 τόν
2977 5428 3246 5499 νομικόν.
3266 5424 3385 5499 Δξίο
3418 5424 3605 5476 vocant
3632 5415 3726 5499 Au—

2186 5495 2467 5568 guStinus,
2501 5495 2852 5560 Ambrosius,
2885 5495 3125 5567 Cyrillus
3153 5507 3207 5568 et
3233 5495 3325 5550 alii
3357 5502 3562 5568 tempus
3587 5495 3728 5555 syna-

2187 5563 2338 5638 gogas
2368 5573 2495 5621 ante
2517 5568 2717 5638 Christi
2753 5563 3072 5629 adventum.
3102 5576 3156 5623 et
3183 5567 3354 5637 legem
3380 5563 3576 5634 gratim.

2258 5638 2370 5708 (7i)
2389 5655 2480 5707 γρ.
2508 5637 2598 5691 τὸν
2626 5639 2771 5710 Ὀήλ.
2798 5638 2927 5695 For.
2962 5639 3093 5707 Βήλ.
