3988 6402
287 357 398 416 655

1334 365 1621 426 IIOMILIA
1653 371 1783 430 LIN
1823 374 2046 434 ιτΕὸΤο
2083 375 2495 434 PALMARUM.

3477 381 3583 436 454

296 468 372 523 ῐδε
406 473 765 564 συμφωνίαν,
804 477 1111 551 ἀσωμάτων
1147 484 1527 554 χοροστασίαν,
1563 486 1640 538 ἴδε
1677 487 1888 552 στάσεις

1999 505 2147 546 nunc
2193 497 2288 545 tuo
2319 489 2488 545 ductu
2522 504 2653 546 oves
2699 489 2849 559 ﬁeri;
2885 491 3008 548 vide
3043 492 3283 564 gentium
3315 491 3456 548 diem
3499 490 3580 549 fe-

297 563 374 628 ὡς
421 563 675 634 ἀγγέλων
711 566 914 634 τάξεις.
956 571 1099 643 Ὀρῶ
1125 575 1252 638 τοὺς
1299 573 1502 646 ὕμνους
1534 576 1610 641 ὼς
1640 578 1890 647 ἀγγέλων

300 654 525 724 ὕμνους,
579 657 696 729 ὁρῶ
751 660 880 724 τοὺς
944 664 1138 727 παῖδας
1197 664 1274 728 ὡς
1337 666 1630 735 νεοφύτους
1693 669 1882 740 ἄρνας,

307 746 580 801 Ὡσαννά
600 747 672 802 ἐν
704 750 831 817 τοῖς
867 753 1170 821 ὑψίστοις,
1213 756 1622 827 εὐλογημένος
1654 761 1688 812 ό
1721 756 1890 829 ἐρχό-

295 855 506 907 μενος,
549 840 774 912 Χριστῷ
831 843 1105 912 λέγοντας,
1145 845 1263 916 μεθ’
1292 840 1366 900 ὧν
1407 849 1721 919 κροτήσασα
1745 849 1890 920 μέγα

298 932 368 999 τῇ
421 931 567 1002 χειρὶ
613 931 807 1003 βόησον
857 935 1088 1007 λαμπρᾷ
1141 938 1238 990 xui.
1292 938 1564 1012 λεοντιαίᾳ
1617 943 1684 1013 τῇ
1711 945 1888 1014 φωνῇ,

299 1021 564 1094 ἐφεόρτιά.
615 1041 675 1077 τε
701 1025 838 1096 ὁμοῦ
867 1029 962 1081 καὶ
985 1028 1380 1101 εὐχαριστήρια
1411 1026 1646 1100 λέγουσα
1675 1051 1690 1066 ·
1740 1032 1888 1090 Ἰδοὺ

299 1111 420 1181 ἐγὼ
468 1114 568 1168 καί
588 1116 660 1171 τὰ
691 1119 918 1182 παιδία,
953 1119 992 1174 ἄ
1021 1137 1125 1189 μοι
1146 1119 1370 1174 ἔδωκεν
1395 1123 1428 1175 ό
1459 1122 1626 1188 Θεὸς,
1654 1125 1720 1195 τῇ
1755 1140 1888 1176 ποτε

304 1205 519 1276 ἀτέκνῳ
544 1206 640 1260 καὶ
669 1207 936 1279 ἀγνώστῳ
971 1210 1162 1282 στείρᾳ
1185 1225 1200 1240 ·
1241 1211 1607 1282 εὐλογημένος
1638 1215 1667 1266 6
1695 1213 1886 1282 ἐλθὼν,

300 1296 441 1350 ἀλλὰ
475 1297 582 1369 μὴν
605 1300 896 1370 ἐρχόμενος
922 1302 978 1353 ἐν
1011 1301 1235 1372 ὀνόματι
1268 1303 1474 1381 Κυρίου
1507 1304 1640 1367 Θεὸς
1685 1303 1890 1376 Κύριος

299 1391 400 1445 καὶ
425 1391 696 1461 ἐπέφανεν
744 1395 897 1464 ἡμῖν.
942 1384 1000 1448 Ὅ
1047 1397 1361 1468 ἐρχόμενος,
1415 1399 1442 1450 6
1503 1397 1752 1469 μηδαμοῦ
1776 1415 1886 1468 χω-

299 1481 566 1553 ρούμενος
585 1500 600 1514 ο
625 1485 936 1555 ἐρχόμενος,
968 1489 996 1539 6
1019 1487 1270 1558 μηδαμοῦ
1296 1489 1666 1559 κρατούμενος
1689 1505 1702 1517 ·
1732 1488 1887 1541 εὐλο-

295 1575 541 1645 γημένος
557 1578 586 1630 6
607 1577 919 1648 ἐρχόμενος,
955 1581 1049 1633 καὶ
1075 1579 1184 1633 τῶν
1213 1581 1457 1651 οὐρανῶν
1491 1583 1564 1652 μὴ
1581 1579 1889 1652 χωριζόμε-

296 1686 390 1732 νος
414 1686 430 1702 ο
466 1668 830 1740 εὐλογημένος
857 1672 1239 1746 αὐτοπρεπῶς,
1276 1674 1371 1726 καὶ
1406 1674 1568 1728 πάλιν
1597 1675 1892 1745 ἐρχόμενος

295 1760 620 1832 θεοπρεπῶς
638 1778 652 1792 ⁶
670 1763 1032 1834 εὐλογημένος
1053 1767 1082 1818 6
1103 1765 1188 1818 ἐπ’
1212 1766 1311 1835 ἐμὲ
1327 1767 1420 1818 ἐπὶ
1436 1763 1618 1818 πώλου
1645 1765 1892 1829 τυπικῶς

1997 589 2142 636 stum
2186 579 2579 635 celebrantium
2622 580 2932 651 strepitum,
2967 582 3334 652 angelicorum
3370 582 3581 638 scilicet

1998 671 2292 742 spirituum
2319 670 2598 734 aemulum,
2627 670 2750 725 vide
2773 670 3152 741 symphoniam
3173 680 3228 726 et
3250 672 3577 741 Spiritalium

1998 762 2306 815 animorum
2354 760 2677 830 tripudium,
2713 760 2837 815 vide
2867 761 3134 816 stationes
3170 761 3326 830 quasi
3357 760 3581 814 ordines

1997 853 2292 924 angelicos.
2328 852 2608 907 Praeconia
2646 852 2804 907 video
2855 853 3021 907 veluti
3065 852 3382 923 angelorum
3421 851 3580 921 bym-

1996 960 2122 1010 nos,
2155 960 2355 1016 pueros
2388 960 2554 1001 cerno
2583 946 2739 1015 agnis
2779 960 2972 1000 recens
3011 944 3177 1000 editis
3220 943 3450 1005 similes,
3495 942 3584 996 di-

1997 1045 2183 1091 centes
2211 1054 2225 1090 :
2265 1035 2526 1092 Hosanna
2557 1037 2612 1091 in
2646 1036 2898 1102 excelsis,
2947 1035 3246 1090 benedictus
3275 1019 3540 1104 qui'venis
3562 1048 3584 1088 :

1997 1140 2123 1180 cum
2150 1126 2351 1197 quibus
2386 1129 2592 1198 pariter
2625 1127 2889 1198 plaudens
2920 1127 3196 1191 alacriter,
3221 1126 3370 1180 clara
3391 1132 3446 1180 et
3470 1125 3585 1180 leo-

1996 1219 2123 1273 nina
2153 1234 2287 1275 voce
2313 1221 2594 1286 exclama,
2643 1219 2957 1276 festivitatis
3004 1218 3271 1274 solemnia
3321 1218 3487 1272 simul
3530 1222 3586 1272 et

1995 1321 2203 1380 gratam
2241 1310 2630 1367 beneficiorum
2675 1312 2994 1366 memoriam
3025 1310 3309 1366 referens:
3338 1307 3473 1363 Ecce
3490 1323 3582 1378 ego

1995 1411 2040 1454 et
2077 1401 2247 1466 liberi,
2273 1418 2400 1471 quos
2429 1401 2558 1454 mihi
2593 1399 2732 1454 Deus
2763 1399 2905 1454 dedit
2934 1401 2972 1467 ',
3003 1415 3124 1470 qua:
3147 1399 3277 1454 olim
3308 1399 3427 1454 sine
3457 1397 3582 1452 ﬁliis

1996 1499 2051 1547 et
2085 1493 2286 1547 sterilis
2319 1491 2546 1546 fueram.
2587 1491 2912 1546 Benedictus
2953 1491 3046 1561 qui
3075 1493 3255 1554 venit,
3291 1498 3583 1545 verumta—

1997 1598 2120 1637 men
2147 1583 2202 1638 in
2240 1585 2458 1638 nomine
2486 1581 2724 1646 Domini,
2758 1582 2902 1637 Deus
2935 1581 3218 1644 Dominus,
3247 1591 3299 1636 et
3329 1580 3582 1650 apparuit

1997 1675 2177 1730 nobis.
2214 1674 2320 1742 Qui
2359 1676 2536 1741 venit,
2582 1676 2784 1745 quique
2832 1674 2984 1728 nullo
3033 1674 3248 1742 capitur
3295 1669 3583 1742 locozq'ui

1997 1766 2174 1830 venit,
2211 1773 2265 1820 et
2298 1781 2569 1836 nusquam
2617 1763 3214 1820 teneturzbenedictus
3267 1765 3362 1834 qui
3411 1764 3581 1827 venit,

295 1853 744 1924 παραγενόμενος
764 1853 841 1918 ώς
855 1856 947 1908 ἐπὶ
977 1855 1158 1910 πώλου
1185 1856 1530 1927 χερουϐικοῦ.
1557 1855 1622 1908 Τί
1653 1857 1761 1927 γάρ
1787 1874 1888 1927 φη-

1999 1871 2098 1911 nec
2120 1857 2318 1912 acoelis
2345 1873 2466 1913 sese
2491 1857 2783 1924 subducit;
2811 1856 3132 1939 benedictus
3155 1856 3380 1926 proprio
3405 1855 3584 1925 splen-

295 1961 385 1999 σιν
413 1945 443 1997 6
473 1947 762 2018 ίεροκῆρυξ
785 1948 1175 2020 εὐαγγελιστὴς
1202 1950 1302 2020 τῆς
1319 1949 1532 2020 ἑορτῆς,
1559 1948 1820 2003 ἀκουσονο

2001 1948 2136 2004 dore
2161 1957 2216 2004 et
2244 1950 2417 2020 gratia
2437 1987 2451 2014 ,
2483 1958 2538 2004 et
2567 1964 2765 2004 rursus
2808 1948 3035 2003 veniens
3076 1947 3262 2002 divina
3297 1946 3589 2017 majestate

295 2048 466 2111 atque
495 2041 720 2108 decore;
756 2043 1072 2100 benedictus
1112 2045 1204 2115 qui
1244 2045 1421 2116 typice
1451 2043 1697 2099 insidens
1731 2044 1880 2113 pullo
1919 2043 1985 2097 ad
2029 2059 2114 2099 me
2157 2045 2324 2110 venit,
2393 2052 2654 2114 tanquam
2709 2043 2860 2113 pullo
2909 2041 3292 2098 cherubinico.
3351 2039 3586 2094 Attende

293 2133 444 2188 enim
489 2135 622 2205 quid
658 2136 805 2191 dicat
848 2147 1237 2194 sacrosanctus
1284 2154 1462 2210 prisco
1492 2139 1856 2195 solemnitatis
1887 2139 2056 2210 hujus
2088 2139 2444 2209 evangelista:

382 2226 656 2298 Ἐγένετο
699 2228 798 2283 ὅτε
843 2229 1078 2302 ἤγγιζεν
1125 2234 1158 2286 ὁ
1209 2233 1424 2302 Κύριος
1449 2236 1537 2300 είς
1573 2234 1888 2303 Βηθφαγὴ,

2093 2231 2322 2286 Factum
2386 2242 2462 2286 est
2524 2248 2644 2285 cum
2701 2231 3144 2301 appropinquaret
3206 2228 3460 2282 Dominus
3516 2229 3584 2280 ad

294 2319 400 2374 καὶ
453 2310 542 2386 ἓίς
566 2321 894 2390 Βηθανίαν,
924 2322 1075 2390 πρὸς
1110 2322 1178 2378 τὸ
1212 2324 1350 2391 ὅρος
1406 2325 1470 2379 τὸ
1511 2325 1888 2394 καλούμενον

1999 2323 2310 2394 Bethphage,
2370 2330 2419 2378 et
2477 2322 2826 2387 Betlianiam,
2867 2323 2936 2374 ad
2997 2329 3225 2374 montem
3250 2359 3266 2384 ,
3305 2320 3395 2388 qui
3428 2335 3585 2372 voca-

308 2409 582 2478 Ἐλαιῶν,
619 2411 938 2468 ἀπέστειλε
984 2413 1094 2468 δύο
1131 2415 1200 2468 ἐκ
1232 2415 1348 2470 τῶν
1380 2415 1662 2486 μαθητῶν
1683 2417 1891 2483 αὐτοῦ,

293 2501 534 2572 λέγων’
597 2503 870 2573 Ὑπάγετε
918 2507 1006 2570 είς
1037 2505 1152 2575 τὴν
1177 2507 1464 2560 ἀπέναντι
1508 2507 1746 2576 κώμην,
1797 2506 1896 2560 καί

295 2593 371 2647 ἐν
404 2591 484 2658 τῷ
509 2594 808 2648 εἰσελθεῖν
853 2594 1012 2665 ὑμᾶς
1047 2590 1340 2666 εὗρνήσετε
1371 2598 1518 2652 ὄνον
1559 2599 1657 2652 καί
1692 2598 1901 2651 πῶλον

296 2683 632 2754 δεδεμένην
651 2702 666 2716 ο
705 2686 1010 2753 λύσαντες
1041 2687 1292 2757 ἀγάγετέ
1311 2707 1432 2757 μοι.
1470 2689 1577 2744 Καὶ
1599 2691 1898 2756 ἐποίησαν

295 2780 352 2830 οἱ
386 2777 649 2846 μαθηταί
691 2777 884 2844 καθὼς
933 2778 1272 2833 ἐνετείλατο
1306 2781 1511 2847 αὐτοῖς
1556 2785 1589 2834 ό
1630 2780 1860 2848 Ἰησοῦς
1882 2797 1896 2812 ο

297 2869 402 2922 καί
432 2868 840 2938 ὑπέστρωσαν
866 2871 940 2924 τὰ
961 2872 1162 2940 ἱμάτια
1187 2871 1384 2926 αὐτῶν
1404 2873 1503 2926 ἐπὶ
1529 2872 1644 2941 τὴν
1668 2873 1895 2938 πῶλον,

297 2960 400 3015 καὶ
428 2961 717 3016 ἐκάθισεν
760 2965 793 3016 ό
836 2964 1095 3032 Ἰησοῦς.
1157 2968 1268 3020 Kai.
1303 2967 1520 3034 ἐγένετο
1561 2965 1636 3028 ώς
1671 2966 1898 3036 ἤγγισεν

301 3053 384 3114 εἰς
415 3051 522 3122 τὴν
550 3050 852 3104 κατάϐασιν
893 3051 985 3105 τοῦ
1017 3055 1198 3124 ὅρους,
1233 3056 1262 3106 6
1295 3055 1451 3125 ὄχλος
1478 3051 1648 3108 ἐλθὼν
1682 3056 1761 3116 εἰς
1792 3053 1892 3125 τὴν

303 3142 499 3214 ἑορτὴν
531 3142 722 3196 ἔλαϐον
751 3143 878 3213 βαΐα
927 3143 1036 3197 τῶν
1085 3146 1365 3215 φοινίκων,
1429 3146 1522 3198 καὶ
1559 3143 1781 3215 ἐξῆλθον
1815 3146 1895 3208 εἰς

1997 2424 2084 2467 tur
2127 2413 2355 2480 Oliveti,
2409 2415 2552 2468 misit
2611 2413 2744 2468 duos
2813 2412 3098 2480 discipulos
3149 2428 3313 2476 suos,
3375 2409 3583 2464 dicens:

2008 2507 2085 2562 Ite
2131 2508 2184 2560 in
2221 2507 2519 2576 castellum,
2553 2507 2691 2578 quod
2727 2518 2912 2562 contra
2943 2524 3032 2561 vos
3079 2517 3180 2572 est,
3234 2507 3289 2559 in
3317 2506 3455 2575 quod
3503 2507 3588 2558 in-

2004 2607 2264 2652 troeuntes
2289 2599 2559 2652 invenietis
2585 2599 2795 2652 asinam
2821 2606 2870 2652 et
2887 2597 3093 2667 pullum
3120 2596 3424 2666 alligatum,
3457 2610 3589 2663 quos

1999 2693 2340 2748 dissolventes
2387 2692 2456 2746 ad
2498 2708 2578 2746 me
2621 2691 2889 2745 adducite.
2940 2689 3004 2742 Et
3039 2688 3274 2758 fecerunt
3313 2685 3589 2755 discipuli,

2001 2787 2137 2838 sicut
2168 2781 2325 2838 Jesus
2366 2793 2679 2851 prazceperat
2702 2784 2775 2836 eis
2803 2799 2820 2834 :
2847 2790 2896 2835 et
2944 2787 3243 2833 straverunt
3283 2778 3593 2832 vestimenta

2003 2893 2100 2931 sua
2131 2892 2286 2944 super
2311 2875 2550 2945 pullum;
2581 2885 2630 2928 et
2653 2873 2810 2929 Jesus
2841 2871 3031 2927 insedit
3054 2875 3096 2925 ².
3120 2869 3360 2941 Contigit
3384 2876 3590 2931 autem,

2007 2975 2065 3022 ut
2083 2967 2175 3021 ubi
2203 2966 2271 3021 ad
2289 2967 2452 3021 imam
2480 2973 2690 3036 partem
2717 2965 2921 3020 montis
2939 2963 3248 3026 accederet,
3271 2961 3454 3028 turba,
3473 2975 3595 3030 qua:

2001 3060 2256 3115 veniebat
2295 3059 2363 3112 ad
2419 3057 2618 3114 festum
2663 3057 2844 3120 diem,
2911 3056 3191 3126 acciperet
3238 3067 3426 3108 ramos
3477 3051 3595 3121 pal—

2005 3163 2246 3213 marum,
2296 3155 2350 3204 et
2404 3148 2582 3202 exiret
2611 3147 2830 3201 obviam
2874 3143 3026 3210 Jesu,
3079 3151 3133 3198 et
3171 3143 3264 3212 qui
3304 3141 3592 3212 praeibam,

302 3228 614 3305 ἀπάντησιῦ
636 3233 730 3287 τοῦ
763 3234 958 3305 Ἰησοῦ.
986 3235 1097 3288 Καὶ
1121 3238 1170 3289 oi
1195 3236 1550 3308 προάγοντες.
1575 3235 1669 3288 καὶ
1694 3237 1744 3287 oi
1766 3236 1888 3289 ἀκο-

2001 3248 2054 3295 et
2079 3241 2172 3310 qui
2222 3239 2610 3309 sequebantur,
2653 3238 2988 3292 clamarent:
3028 3234 3294 3288 Hosanna
3325 3233 3440 3302 ﬁlio
3483 3233 3591 3285 Da-

307 3325 623 3390 λουθοῦντες
655 3325 916 3397 ἔκραζον·
945 3327 1208 3382 Ὡσαννὰ
1239 3327 1319 3393 τῷ
1353 3325 1460 3393 υἱῷ
1488 3326 1686 3393 Δαόὶδ,
1729 3329 1904 3381 εὐλο-

2005 3331 2113 3395 vid,
2151 3329 2449 3384 benedictus
2501 3329 2592 3398 qui
2635 3327 2768 3381 venit
2821 3327 2875 3380 in
2911 3326 3120 3379 nomine
3170 3323 3384 3379 Domini
3411 3324 3452 3377 ³.
3497 3322 3597 3377 llic

318 3417 571 3486 γημέγος
609 3421 644 3474 ό
687 3419 1014 3489 ἐρχόμενος
1054 3421 1125 3474 ἐν
1172 3419 1416 3488 ὀνόματι
1449 3419 1695 3488 Κυρίου.
1751 3418 1888 3471 Αὖττ

2006 3428 2092 3477 est
2153 3420 2435 3490 praesentis
2497 3417 2836 3474 celebritatis
2883 3416 3204 3471 Dominicus
3266 3415 3594 3469 adventus:

316 3509 419 3578 τῆς
442 3511 715 3583 παρούσης
760 3513 954 3582 ἑορτῆς
1004 3513 1038 3582 ἡ
1080 3511 1386 3583 Δεσποτικὴ
1421 3511 1726 3584 παρουσία’
1765 3509 1888 3563 αὖττ

2007 3515 2124 3569 haec
2147 3512 2310 3584 Regis
2333 3526 2519 3584 regum
2551 3511 2619 3566 ad
2649 3509 2872 3565 Sionem
2904 3509 3058 3575 olim,
3101 3515 3156 3564 et
3186 3521 3334 3562 nunc
3355 3521 3595 3577 quoque,

313 3603 408 3656 τοῦ
449 3603 720 3667 Βασιλέως
761 3604 871 3657 τῶν
922 3603 1314 3675 βασιλευόντων
1350 3605 1384 3674 ἡ
1436 3603 1495 3656 ἐν
1538 3601 1678 3656 Σιὼν
1735 3601 1882 3654 πάλα

2009 3607 2279 3681 proiectio
2311 3626 2324 3661 :
2362 3606 2478 3660 haec
2507 3613 2593 3661 est
2627 3603 2916 3674 prmsentis
2948 3601 3056 3656 diei
3087 3597 3377 3671 splendida
3417 3606 3472 3653 et
3503 3613 3600 3668 po-

311 3696 406 3748 καὶ
455 3693 552 3749 νῦν
600 3695 894 3767 ἐπιδημία⁸
957 3695 1098 3767 αὕτη
1133 3695 1234 3766 τῆς
1285 3693 1569 3766 παρούσης
1608 3693 1826 3764 ἡμέρας
1873 3694 1888 3744 i

2011 3701 2220 3771 putaris
2270 3699 2520 3754 omnium
2562 3695 2869 3752 conditoris
2915 3692 3181 3748 accessio.
3231 3690 3600 3761 Quapropter,

307 3786 546 3858 λαμπρά
572 3788 667 3841 καὶ
694 3788 972 3858 πάνδημος
992 3787 1084 3842 τοῦ
1110 3787 1334 3858 ποιητοῦ
1351 3786 1462 3840 τῶν
1487 3785 1740 3840 ἁπάντων
1761 3784 1888 3838 ἕλευ·

2013 3808 2138 3847 cum
2190 3790 2350 3845 turba
2385 3804 2532 3843 nunc
2584 3788 2653 3842 ad
2686 3787 2884 3842 festum
2941 3784 3086 3840 diem
3120 3782 3461 3844 convenerit,
3503 3797 3602 3836 ex-

311 3897 420 3942 σις.
455 3878 548 3932 Διὸ
577 3877 691 3943 νῦν,
719 3879 959 3949 ἀδελφοὶ,
989 3881 1018 3932 6
1055 3878 1211 3950 ὄχλος
1234 3877 1402 3932 ἐλθὼν
1447 3878 1527 3940 είς
1567 3876 1664 3948 τὴν
1689 3875 1885 3948 ἑορτὴν

2016 3899 2209 3940 eamus
2231 3923 2245 3948 ,
2278 3898 2312 3937 ο
2347 3880 2640 3950 ίτεινεε,ξοί
2677 3879 2918 3944 obviam,
2951 3875 3264 3933 etmundus
3296 3873 3533 3929 visibilis
3551 3880 3607 3927 et

309 3971 628 4040 ἐξέλθωμεν
660 3973 740 4034 εἰς
772 3971 1078 4041 ἀπάντησιν
1119 3969 1354 4034 αὑτοῦ,ὄ
1384 3986 1444 4022 τε
1471 3967 1665 4041 ὁρατὸς
1702 3967 1888 4038 κόσμος

2016 3975 2328 4040 invisibilis,
2365 3984 2420 4030 et
2446 3974 2542 4044 qui
2574 3980 2818 4041 tempore
2857 3969 3176 4040 praecedunt
3220 3966 3502 4037 pr0pheta:
3540 3979 3606 4018 ac

311 4063 411 4118 καὶ
431 4064 462 4115 6
484 4063 733 4134 ἀόρατος,
749 4063 845 4116 καὶ
866 4065 914 4116 οἱ
936 4061 1268 4144 προάγοντες
1283 4060 1394 4132 (7‘2)
1412 4060 1590 4131 χρόνῳ
1611 4059 1888 4130 προφῆται

2015 4067 2294 4137 discipuli,
2330 4074 2385 4120 et
2430 4065 2525 4133 qui
2569 4064 2777 4132 pullum
2821 4069 3152 4132 sequuntur,
3183 4059 3442 4130 quicum
3493 4055 3606 4110 Deo

316 4155 416 4210 καὶ
462 4153 794 4221 διδάσκαλοι,
847 4154 942 4207 καὶ
984 4154 1034 4206 οἱ
1077 4151 1498 4214 ἀκολουθοῦντες
1543 4149 1624 4220 τῷ
1648 4148 1834 4219 πώλῳ,
1863 4165 1888 4200 ο

2020 4157 2123 4212 [ide
2166 4153 2525 4210 concordant.
2561 4151 2734 4208 Hodie
2781 4153 3029 4208 coelestia
3069 4165 3196 4204 cum
3225 4147 3484 4211 terrenis,
3519 4155 3604 4198 at.

315 4246 443 4318 Θεῷ
471 4247 653 4300 πίστει
690 4244 1130 4318 συμφωνοῦντες.
1171 4246 1420 4316 Σήμερον
1454 4242 1523 4296 τὰ
1555 4241 1783 4313 οὐράνια
1818 4240 1888 4293 σὺ

2018 4264 2126 4319 que
2183 4247 2273 4314 iis,
2318 4247 2411 4318 qui
2466 4245 2572 4301 sub
2610 4253 2759 4300 terra
2793 4251 2947 4310 sunt,
2994 4242 3227 4312 hymnos
3275 4238 3604 4302 concinam;

317 4340 436 4402 τοῖς
470 4339 734 4407 ἐπιγείοις
759 4337 892 4409 ὁμοῦ
927 4355 987 4391 τε
1031 4339 1125 4392 καὶ
1163 4335 1539 4408 καταχθονίοις
1568 4331 1874 4405 ἀνυμνείτω

2019 4353 2182 4393 oume
2215 4352 2300 4401 os,
2325 4335 2619 4405 omnisque
2648 4333 2878 4404 spiritus
2903 4333 2970 4387 ad
3013 4331 3229 4386 laudem
3264 4329 3356 4384 Dei
3391 4326 3609 4396 aperia-

319 4431 434 4482 πᾶν
467 4429 642 4500 στόμα
666 4430 761 4482 καὶ
795 4427 1012 4499 πνεῦμα
1037 4428 1173 4499 πρὸς
1207 4423 1355 4480 αῖνον
1382 4425 1517 4480 Θεοῦ
1546 4423 1888 4496 ἀνοιγόμενον

2022 4437 2130 4484 tur.
2162 4428 2480 4492 Cherubim,
2530 4428 2762 4482 clamate
2795 4445 2809 4482 :
2839 4424 3092 4488 Sanctus,
3121 4430 3360 4485 sanctus,
3393 4426 3609 4473 sanctus

321 4524 369 4575 Τ
374 4522 409 4576 ὰ
451 4520 736 4596 χερουόὶμ,
768 4521 864 4592 βοή
875 4539 1025 4586 σατε,
1046 4521 1258 4590 Ἄγιος,
1277 4519 1467 4590 ἅγιος,
1491 4518 1657 4588 ἅγιος
1677 4517 1888 4584 Κύριος

2025 4521 2306 4587 Dominus,
2343 4531 2422 4574 ter
2445 4531 2683 4584 sanctus,
2710 4518 3073 4580 exercituum;
3103 4513 3243 4583 pleni
3274 4519 3396 4566 sunt
3417 4510 3532 4564 caeli
3563 4517 3612 4564 et

323 4615 360 4666 ὁ
391 4610 715 4680 τρισάγιος,
740 4609 1010 4665 σαϐαώθο
1033 4609 1273 4679 πλήρης
1300 4613 1331 4664 ὀ
1360 4609 1618 4677 οὐρανὸς
1639 4606 1737 4663 καί
1769 4605 1807 4674 ἡ
1841 4623 1888 4674 r.

2030 4623 2172 4669 terra
2199 4613 2374 4684 gloria
2393 4611 2506 4680 ejus
2533 4611 2586 4678 ⁵;
2616 4609 2916 4681 seraphim,
2959 4608 3194 4680 hymnos
3236 4604 3447 4670 canite;
3486 4616 3615 4673 pro-

323 4701 439 4770 τῆς
463 4701 644 4770 δόξης
659 4702 870 4756 αὐτοῦ’
889 4703 1150 4774 σεραφὶμ,
1177 4701 1474 4772 ὑμνήσατε·
1501 4699 1802 4772 προφῆται,
1823 4712 1888 4767 κη

2029 4706 2225 4776 phetae,
2258 4704 2586 4774 praedicate;
2615 4709 2670 4758 et
2696 4703 2839 4757 alius
2869 4701 3016 4756 dicat
3052 4717 3065 4754 :
3103 4697 3376 4754 Laetentur
3401 4693 3540 4757 caeli,
3566 4702 3614 4748 et

328 4794 551 4867 ρύξατε.
610 4795 722 4850 Καὶ
771 4796 799 4848 6
849 4793 948 4864 μὲν
992 4793 1227 4862 λεγέτω*
1278 4791 1835 4862 Εὑφραινέσθωσαν
1867 4805 1888 4842 c

2025 4795 2252 4849 exsultet
2315 4793 2530 4860 terra“;
2605 4792 2747 4847 alius
2810 4789 3052 4847 :Gnude
3101 4789 3428 4857 plurimum,
3497 4783 3625 4852 ﬁlia

325 4887 598 4955 οὐρανοί,
617 4887 715 4941 καὶ
731 4885 1120 4956 ἀγαλλιάσθω
1138 4887 1176 4955 ἠ
1197 4883 1273 4956 γῆ
1291 4901 1302 4917 ·
1327 4887 1355 4939 6
1377 4885 1454 4949 δὲ,
1473 4884 1649 4954 Χαῖρε
1666 4885 1888 4956 σφόδρα

2029 4881 2237 4948 Sion‘;
2267 4880 2532 4946 exclama,
2571 4880 2692 4950 [ilia
2723 4877 3098 4939 Hierusalem;
3145 4875 3286 4930 alius
3331 4880 3512 4927 autem
3559 4873 3617 4926 in

324 4976 587 5044 θύγατερ
610 4974 784 5040 Σιὼν,
811 4973 1086 5044 κήρυττε,
1107 4975 1360 5044 θύγατερ
1375 4974 1798 5043 Ἰερουσαλήμυ
1831 4991 1888 5028 κο

2028 4988 2209 5043 regem
2244 4973 2523 5027 Christum
2558 4973 2777 5028 intuens
2813 4971 3010 5024 clamet
3044 4987 3057 5024 :
3089 4967 3220 5021 Ecce
3257 4967 3435 5036 Agnus
3493 4965 3614 5028 Dei,

324 5067 490 5130 ἄλλος
529 5065 608 5138 τῷ
660 5066 872 5137 βασιλεῖ
911 5067 1132 5138 Χριστῷ
1173 5066 1435 5132 ἀτενίζων
1487 5065 1696 5137 βοάτω·
1743 5066 1857 5120 Ἴδε

2030 5069 2118 5136 qui
2147 5065 2288 5120 tollit
2313 5074 2531 5133 peccata
2561 5063 2822 5131 mundi";
2858 5070 2911 5118 et
2944 5064 3083 5116 alter
3121 5061 3190 5116 de
3224 5061 3344 5129 ipso
3385 5057 3618 5112 Domino

339 5158 558 5230 Ἀμνὸς
574 5159 679 5212 τοῦ
697 5158 846 5213 Θεοῦ
870 5161 902 5213 ό
917 5159 1099 5227 αἴρων
1111 5159 1228 5227 τὴν
1242 5158 1536 5228 ἁμαρτίαν
1549 5157 1655 5211 τοῦ
1668 5159 1888 5225 κόσμοι

2034 5157 2289 5227 praedicet
2315 5176 2326 5210 :
2356 5155 2460 5210 llic
2494 5165 2571 5210 est
2609 5155 2750 5209 Deus
2797 5163 2996 5218 noster,
3043 5164 3090 5206 et
3131 5167 3230 5206 non
3265 5146 3620 5205 cestimabitur

334 5254 430 5306 καί
460 5251 646 5322 ἕτερος
671 5251 800 5321 περὶ
832 5251 996 5304 αὐτοῦ
1019 5250 1114 5304 τοῦ
1139 5251 1344 5323 Κυρίου
1379 5249 1704 5323 κηρυξάτωο
1740 5245 1888 5305 Οὔτε

2034 5248 2175 5301 alius
2225 5245 2293 5300 ad
2345 5246 2538 5310 eum";
2591 5244 2718 5300 item
2771 5244 2954 5299 alius:
2990 5247 3124 5297 Ecce
3173 5246 3326 5294 homo
3370 5237 3532 5292 simul
3571 5246 3632 5302 et,

332 5348 372 5402 ὁ
405 5343 554 5412 Θεὸς
579 5343 748 5414 ἡμῶν
769 5359 784 5375 ο
821 5345 893 5398 οὐ
935 5342 1369 5414 λογισθήσεται
1414 5342 1618 5412 ἕτερος
1648 5342 1798 5411 πρὸς
1827 5342 1888 5396 ai

2041 5340 2176 5394 Deus
2202 5355 2220 5393 :
2247 5339 2435 5394 Oriens
2461 5355 2647 5394 nomen
2678 5347 2755 5393 est
2781 5337 2827 5392 ei
2850 5338 2870 5369 ⁹
2895 5354 2908 5402 ;
2942 5345 2996 5392 et
3024 5333 3192 5390 David
3222 5331 3524 5400 respiciens
3554 5328 3615 5381 ad

451 5523 598 5596 ‘Alsa.
629 5541 751 5592 vm,
782 5525 870 5581 18.
946 5527 967 5556 ¹
995 5528 1166 5586 Marc.
1200 5529 1331 5583 xt.i
1375 5543 1496 5596 sqq.
1575 5527 1594 5556 ³
1622 5525 1750 5581 ibid.
1785 5526 1872 5582 10.
1949 5523 2090 5582 ‘Isa.
2130 5526 2278 5592 vl,'5.
2355 5522 2542 5578 l’Psal.
2577 5536 2696 5589 xcv,
2735 5523 2814 5576 ιι.
2915 5522 2934 5551 ⁶
2959 5519 3059 5576 lsa.
3101 5533 3200 5583 ιιι,
3237 5517 3289 5570 6.
3394 5511 3597 5566 7Joau.

1575 5527 1594 5556 ³
1622 5525 1750 5581 ibid.
1785 5526 1872 5582 10.
1949 5523 2090 5582 ‘Isa.
2130 5526 2278 5592 vn,3.

344 5609 390 5663 ι,
413 5594 509 5652 36.

610 5596 867 5651 “Borucli
901 5612 983 5662 ιιι,
1015 5599 1105 5654 56.
1184 5603 1202 5632 ⁸
1243 5597 1410 5654 Zaclt.
1445 5614 1517 5664 vr,
1557 5599 1636 5652 1‘2.

417 5778 537 5852 (79.)
569 5797 659 5849 rp.
694 5779 1036 5854 παράγοντες
