3988 6418
270 362 382 421 637

1361 373 1649 433 HOMILIA
1685 373 1817 430 Ι.1Ν
1858 372 2085 431 FESTO
2123 372 2535 432 PALMARUM.

3476 416 3482 421 .
3499 372 3606 427 458

289 478 484 555 διξενς
527 484 682 560 ἥτις
725 489 1043 565 ὲξήγειρενς
1081 491 1166 557 τίς
1200 494 1424 564 ὲσόφισε
1452 493 1599 567 (75);
1635 495 1722 558 τίς
1759 492 1911 563 ἐξαίο

2019 494 2193 552 dieis?
2247 494 2380 566 quid
2424 507 2623 551 censes
2666 491 2737 557 ὼε
2783 491 2988 564 hymno
3034 489 3403 549 laetcntium?
3453 493 3605 563 quis,

304 595 441 654 φνης
501 580 889 655 ἀπειρολόγοις
941 584 1143 640 δέδωκε
1193 585 1370 656 λόγον,
1409 587 1459 641 εἰ
1500 586 1579 660 μὴ
1611 585 1845 659 Χριστὸς
1880 590 1909 642 6

303 670 636 743 προαιώνιος
679 675 889 744 Δόγος;
942 675 1059 731 Νῦν
1101 678 1150 731 οε
1181 677 1316 744 νέοι,
1345 679 1536 743 παῖδες
1563 677 1701 751 ὁμοῦ
1726 696 1786 733 τε
1815 679 1910 733 καὶ

304 764 487 836 νήπια
515 766 659 837 χειρὶ
707 768 809 838 μιᾷ
853 766 1020 839 μαζὸν
1058 768 1382 841 κατέχοντα,
1414 770 1511 824 καὶ
1554 773 1706 843 φωνῇ
1738 769 1909 842 ὕμνον

307 856 607 924 άγγελικὺν
632 859 1016 930 άναμέλποντα
1035 877 1050 891 ⁸
1082 863 1231 934 χειρὶ
1262 863 1360 934 μιᾷ
1387 861 1559 933 μαζὸν
1586 862 1906 934 κατέχοντα.

306 951 411 1004 καὶ
424 949 562 1023 ἄλλῃ
577 952 721 1023 χειρὶ
730 951 953 1026 Χριστῷ
966 952 1095 1027 βαΐα
1115 954 1429 1010 ἐπισείοντα
1443 972 1456 984 ·
1476 956 1510 1027 ὴ
1531 954 1907 1024 ἁπειρολόγος,

307 1040 568 1111 θεολόγος
614 1042 956 1116 γεγενημένη
1003 1043 1201 1114 φύσις⁶
1252 1044 1416 1109 εὐθὺς
1446 1044 1539 1097 τὸν
1571 1045 1909 1117 προφητικὸν

306 1133 476 1203 λόγον
486 1132 607 1206 Θεῷ
618 1134 727 1189 τῶν
745 1128 1053 1207 ἀσωμάτων
1079 1136 1249 1210 ὕμνον
1269 1136 1346 1202 ὡς
1365 1137 1516 1208 δῶρα
1538 1138 1908 1209 προσάγοντα,

307 1224 451 1296 ὁμοῦ
477 1242 538 1279 τε
570 1227 664 1279 καὶ
694 1226 987 1299 κράζοντα,
1048 1230 1315 1286 Ὡσαννὰ
1351 1231 1423 1285 ἐν
1451 1232 1577 1297 τοῖς
1600 1229 1909 1300 ὑψίστοις,

301 1319 721 1390 εὐλογημένος
771 1322 806 1375 ὀ
850 1321 1177 1392 ἐρχόμενος
1238 1322 1310 1377 ἐν
1366 1321 1614 1394 ὀνόματι
1665 1322 1909 1393 Κυρίου,

306 1408 465 1477 Θεὸς
496 1411 733 1480 Κύριος,
768 1410 869 1466 καὶ
896 1411 1202 1484 ἐπέφανεν
1225 1413 1394 1484 ἡμῖν.

302 1497 589 1565 ferentes,
654 1500 820 1557 simul
863 1509 1027 1574 atque
1071 1498 1440 1562 vociferantes

302 1595 457 1653 Deus
494 1594 776 1662 Dominus,
808 1606 859 1651 et
889 1597 1073 1653 illuxit
1107 1599 1279 1656 nobis.

379 1688 533 1760 Πρὸς
572 1686 609 1742 ἃ.
643 1687 756 1756 ἐγὼ
777 1690 1145 1765 περιχάριστα
1167 1691 1304 1763 ὁμοῦ
1321 1711 1381 1748 τε
1405 1696 1499 1749 καὶ
1515 1695 1768 1769 ὲφεόρτια
1783 1698 1912 1752 άντ-

309 1776 587 1848 επερωτῶ
619 1778 750 1843 τοὺς
783 1781 963 1851 ἱεροὺς
1000 1780 1227 1847 τούτους
1251 1783 1451 1849 παῖδας
1496 1785 1808 1859 θαρσήσαςο
1841 1787 1909 1841 Τί

2014 603 2222 663 quaeso,
2273 588 2451 643 lucem
2498 586 2587 643 his
2635 585 2905 658 praetulit?
2941 586 3069 657 quis
3103 600 3202 643 eos
3245 584 3456 653 docuit,
3508 593 3606 640 aut

2015 681 2321 739 excitavit?
2362 680 2489 753 quis
2539 678 2780 736 erudiit?
2848 679 2975 749 quis
3028 685 3256 749 repente
3309 676 3603 732 verborum

2016 776 2226 847 ignaris
2265 775 2421 830 verbi
2472 787 2632 829 usum
2672 771 2969 836 concessit,
3022 769 3132 826 nisi
3167 768 3426 826 Christus
3478 776 3608 824 ante

2019 869 2223 925 saecula
2288 865 2574 923 Verbum?
2616 863 2780 921 Nunc
2805 868 3062 934 juvenes,
3096 863 3252 934 pueri
3299 860 3506 932 pariter
3552 869 3608 914 et

2016 960 2283 1026 infantes,
2312 975 2422 1016 una
2457 975 2624 1015 manu
2660 973 2959 1013 mammam
2992 955 3344 1028 prehendunt
3383 962 3439 1009 et
3473 969 3611 1008 voce

2018 1048 2281 1120 hymnum
2327 1056 2536 1103 canunt
2573 1047 2884 1120 angelicum
2911 1090 2926 1115 ,
2978 1054 3034 1101 et
3074 1048 3247 1102 altera
3277 1055 3406 1101 ante
3448 1044 3610 1100 Chri-

2016 1148 2162 1197 stum
2211 1138 2520 1217 palmarum
2557 1155 2744 1195 ramos
2792 1139 3033 1195 vibrant.
3090 1137 3373 1194 Orationis
3417 1138 3609 1209 ignara

2014 1239 2213 1285 natura
2264 1239 2490 1301 repente
2539 1230 2608 1287 de
2663 1230 2774 1287 Deo
2814 1233 2981 1287 verba
3039 1231 3222 1287 facere
3262 1230 3478 1296 didicit,
3522 1246 3611 1286 re-

2019 1326 2181 1391 pente
2210 1322 2515 1376 orationem
2545 1320 2919 1392 prephetieam
2952 1321 3408 1392 ineorporeorum
3442 1318 3611 1390 spiri-

2018 1422 2173 1468 tuum
2216 1412 2327 1467 Deo
2354 1413 2619 1485 hymnum
2652 1423 2913 1484 tanquam
2957 1428 3189 1469 munera
3218 1411 3495 1483 quaedam,
3525 1409 3611 1465 of-

1501 1518 1519 1559 :
1583 1503 1845 1561 Hosanna
1896 1505 1950 1560 in
2001 1505 2244 1574 excelsis,
2307 1504 2606 1560 benedictus
2660 1505 2749 1576 qui
2815 1504 2953 1558 venit
2991 1505 3045 1557 in
3095 1505 3303 1559 nomine
3336 1518 3343 1521 λ
3372 1496 3608 1559 Domini.

2088 1689 2171 1744 Ad
2211 1702 2352 1759 quas
2376 1702 2478 1759 ego
2507 1702 2674 1743 voces
2703 1687 2953 1743 vicissim
2988 1695 3046 1740 ut
3074 1685 3214 1756 grati
3249 1680 3418 1741 animi
3446 1696 3500 1742 et
3519 1702 3611 1743 ce-

2018 1780 2290 1837 lebritatis
2320 1778 2560 1833 oﬁicium
2596 1777 2818 1848 aliquod
2855 1778 3190 1849 persolvam,
3217 1791 3409 1833 saeros
3443 1777 3613 1834 hosce

302 1871 473 1940 φατὲ,
495 1863 541 1924 ὦ
564 1870 752 1934 παῖδες
764 1872 921 1937 Θεοῦ,
946 1875 1137 1940 παῖδες
1152 1877 1560 1950 άνυμνήτορες;
1587 1877 1911 1953 Πόθενοὺμϊν

2020 1888 2224 1948 pueros
2274 1872 2536 1928 audacter
2581 1871 2925 1954 interrogo.-
2951 1869 3099 1938 Quid
3159 1870 3366 1936 dicitis,
3425 1888 3460 1926 o
3513 1869 3610 1927 Dei

301 1960 337 2013 ὁ
368 1959 663 2031 ἰσόρροπος
691 1954 865 2027 οὗτος,
898 1963 990 2017 τὸν
1017 1964 1339 2036 χερουόικὸν
1375 1966 1545 2039 ὕμνον
1568 1968 1910 2040 άνακράζονσι

304 2069 407 2116 τες
429 2069 457 2118 ;.
500 2051 626 2116 Πῶς
656 2052 714 2106 δὲ
749 2053 845 2108 ἐπὶ
876 2053 1057 2109 πώλου
1083 2058 1320 2129 Χριστὸν
1359 2060 1598 2132 ὁρῶντες
1624 2061 1912 2135 ἀνθρωπο-

305 2144 546 2218 πρεπῶς
565 2163 580 2177 ·
623 2147 889 2203 Ὡσαννὰ
917 2149 988 2203 ἐν
1007 2150 1133 2217 τοῖς
1156 2152 1466 2221 ὑψίστοις,
1497 2154 1656 2226 βοᾶτε
1687 2154 1915 2233 θεοπρε-

304 2237 463 2306 πῶς;
493 2237 620 2305 Ναὶ,
650 2241 783 2309 φασὶ
809 2240 946 2314 πρὸς
979 2244 1128 2315 ἡμᾶς
1154 2246 1203 2297 οἱ
1233 2244 1556 2320 θεορήτορες
1586 2248 1794 2312 παῖδες,
1820 2249 1916 2303 καὶ

301 2335 409 2387 ἐπὶ
460 2333 642 2387 πώλου
690 2335 954 2406 αἰσθητοῦ
996 2337 1236 2408 Χριστὸς
1274 2338 1587 2409 καθέζεται,
1629 2340 1769 2396 ἀλλὰ
1818 2341 1913 2394 τοῦ

306 2427 519 2483 κόλπου
546 2425 642 2481 τοῦ
687 2428 959 2499 πατρικοῦ
1011 2429 1249 2503 οὐδαμοῦ
1293 2432 1624 2505 χωρίζεται·
1677 2434 1773 2488 καὶ
1823 2436 1916 2489 ἐπὶ

305 2517 497 2573 πώλου
533 2517 657 2574 ὄνου
691 2518 1005 2584 καθέζεται,
1044 2520 1183 2574 ἀλλὰ
1225 2520 1321 2574 τοῦ
1365 2521 1557 2594 θρόνου
1595 2521 1690 2575 τοῦ
1722 2539 1916 2594 χερου-

304 2610 471 2664 σικοῦ
518 2610 621 2665 οὐκ
646 2610 1109 2683 ἀπολιμπάνεται.
1171 2613 1313 2667 Ἀλλ’
1344 2614 1508 2677 αὐτὸς
1535 2614 1566 2666 6
1589 2614 1740 2668 κάτω
1777 2614 1916 2685 μετὰ

306 2703 522 2775 σαρκὸς
571 2701 785 2775 βροτοῖς
832 2704 1161 2772 άνελλιπῶς,
1219 2704 1386 2769 αὐτὸς
1438 2705 1614 2769 οὕτως
1662 2706 1758 2759 καὶ
1804 2706 1917 2760 ἅνω

309 2798 455 2870 μετὰ
500 2797 718 2868 Πατρός
761 2797 896 2862 Θεὸς
933 2799 1190 2870 ἀψευδὴς,
1233 2799 1328 2852 καὶ
1368 2798 1643 2871 ἀληθινὸς,
1688 2798 1850 2863 αὐτὸς
1890 2802 1918 2854 6

306 2889 715 2960 παντοκράτωρ
735 2929 750 2956 ,
788 2890 884 2943 καὶ
924 2891 1358 2964 κοσμοκράτωρ,
1409 2893 1506 2946 καὶ
1543 2892 1915 2965 ὲθνοκράτωρ,

303 2981 403 3035 καὶ
433 2980 647 3054 ἀληθὴς
682 2980 837 3047 Θεὸς,
885 2983 979 3036 καί
1007 2983 1263 3054 χορηγὸς,
1318 2982 1413 3036 καὶ
1460 2984 1787 3057 φυτουργὸς.
1824 2985 1918 3037 καὶ

305 3072 523 3144 ὁδηγὸς,
555 3073 651 3126 καὶ
682 3074 878 3145 Σωτὴρ
913 3075 1152 3129 πάντων.
1197 3075 1371 3140 Αὐτὸς
1402 3077 1483 3138 εἰς
1513 3075 1613 3148 τὴν
1635 3076 1788 3129 κάτω
1825 3062 1920 3129 Ὶεὶ

309 3165 606 3247 ρουσαλὴρί
624 3166 951 3237 εἰσέρχεται,
969 3167 1064 3221 καὶ
1084 3165 1184 3238 τῆς
1200 3167 1315 3222 ἄνω
1333 3167 1393 3220 ού
1412 3166 1706 3239 χωρίζεται
1726 3184 1740 3197 ο
1765 3160 1919 3232 οὗτος

2020 1968 2197 2040 pueri,
2232 1966 2389 2038 pueri
2420 1965 2657 2037 hymnos
2690 1963 3094 2021 concinentes?
3132 1961 3419 2020 Undenam
3452 1965 3614 2021 vobis

2016 2075 2119 2132 par
2150 2058 2301 2115 istud
2351 2056 2592 2112 studium
2626 2064 2795 2126 atque
2840 2056 3181 2120 institutum,
3220 2055 3352 2110 dum
3389 2065 3611 2113 saneto-

2018 2169 2139 2209 rum
2183 2150 2467 2208 cherubim
2499 2149 2766 2221 hymnum
2817 2148 2987 2204 claris
3029 2149 3096 2203 ad
3138 2150 3344 2205 emlum
3381 2151 3614 2206 vocibus

2016 2244 2264 2302 etiertis?
2298 2242 2365 2296 Et
2386 2241 2667 2313 quomodo
2697 2240 2978 2297 Christum
3012 2242 3253 2296 humano
3278 2256 3432 2297 more
3459 2242 3611 2312 pullo

2018 2337 2349 2392 insidentem
2376 2349 2501 2390 cum
2536 2332 2793 2400 videatis,
2817 2333 3075 2388 laudibus
3104 2346 3254 2399 eum,
3286 2348 3411 2403 quze
3438 2331 3619 2388 Deum

2016 2428 2233 2490 decent,
2264 2424 2510 2493 ornatis,
2544 2422 2700 2489 dum,
2732 2419 2991 2476 Hosanna
3014 2422 3069 2475 in
3096 2421 3339 2484 excelsis,
3385 2421 3613 2476 conelav

2018 2514 2219 2570 matis?
2263 2513 2431 2579 Sane,
2484 2513 2640 2566 aiunt
2695 2512 2858 2568 nobis
2902 2519 3155 2567 oratores
3193 2511 3368 2567 divini
3414 2514 3598 2583 pueri,

2017 2607 2185 2662 etiam
2239 2606 2499 2662 Christus
2545 2603 2750 2660 insidet
2781 2603 3002 2675 quidem
3050 2603 3203 2674 pullo
3233 2604 3475 2673 visibili;
3521 2620 3608 2660 ve-

2019 2707 2331 2754 rumtamen
2396 2713 2425 2752 a
2473 2697 2598 2751 sinu
2649 2696 2913 2767 paternd’
2932 2712 3215 2766 nunquam
3279 2705 3603 2768 separatur;

2019 2789 2161 2846 asini
2185 2790 2336 2860 pullo
2356 2789 2595 2851 vehitur,
2622 2796 2676 2843 et
2705 2803 2735 2841 a
2758 2795 3079 2841 sanctorum
3099 2786 3389 2845 cherubim
3411 2789 3613 2843 throno

2010 2883 2248 2939 minime
2279 2882 2471 2950 abest;
2514 2897 2703 2937 verum
2739 2881 2883 2937 sicut
2916 2882 3033 2951 ipse
3066 2880 3210 2936 infra
3245 2883 3428 2937 carnis
3460 2883 3616 2937 invo-

2020 2975 2176 3030 lucro
2210 2985 2264 3030 et
2298 2975 2483 3029 habitu
2530 2974 2851 3028 mortalium
2906 2976 3189 3030 consortio
3216 2975 3440 3031 assidue
3472 2990 3611 3045 pra:-

2020 3082 2150 3122 scns
2198 3075 2314 3123 cst:
2375 3066 2456 3121 sic
2499 3075 2555 3119 et
2606 3058 2749 3136 apud
2811 3081 3048 3138 superos
3107 3082 3217 3121 una
3271 3082 3396 3122 cum
3448 3066 3612 3123 Patre

2020 3155 2186 3222 Deus,
2221 3157 2315 3227 qui
2344 3156 2565 3211 mentiri
2598 3171 2707 3209 non
2736 3164 2938 3226 potest,
2969 3166 3023 3211 et
3056 3172 3223 3212 verax
3252 3157 3429 3223 adest,
3464 3156 3612 3213 idem

308 3258 341 3309 ὁ
360 3246 601 3329 ποιητὴς
619 3255 728 3311 τῶν
750 3256 962 3313 αἰώνων
987 3259 1081 3313 καὶ
1103 3257 1164 3324 ἐξ
1187 3257 1421 3324 αἰώνων,
1448 3258 1541 3311 καὶ
1568 3260 1649 3322 εἰς
1678 3258 1878 3322 αἰῶνας
1894 3275 1909 3289 ο

2019 3247 2394 3318 omnipotens,
2431 3262 2496 3301 ac
2528 3246 2717 3302 mundi
2760 3246 3100 3313 moderator,
3137 3256 3193 3303 et
3242 3249 3487 3320 gentium
3534 3265 3616 3305 re-

320 3348 485 3413 ιῦτός
503 3349 643 3404 ἐστιν
665 3350 697 3404 6
714 3348 951 3415 τανύσας
972 3350 1066 3407 τὸν
1084 3351 1312 3424 οὐρανὸν
1334 3350 1493 3422 μόνος
1507 3368 1520 3381 ·
1545 3344 1697 3414 οὗτός
1720 3352 1866 3404 ἐστιν
1887 3352 1916 3405 6

326 3438 635 3508 περιπατῶν
657 3439 754 3493 ἐπὶ
784 3439 1062 3512 θαλάσσης
1081 3442 1157 3506 ὡς
1180 3442 1276 3496 ἐπὶ
1312 3441 1579 3512 ἐδάφουςο
1609 3435 1763 3506 οὗτος
1798 3440 1916 3512 ὀμίο

323 3528 426 3601 χλῃ
456 3529 549 3602 τὴν
578 3530 858 3587 θάλασσαν
899 3534 1328 3607 ἐσπαργάνωσεν
1351 3552 1364 3565 ·
1413 3528 1567 3598 οὗτος
1590 3534 1661 3588 τὰ
1693 3534 1916 3606 κλεῖθρα

317 3623 433 3685 τοῖς
464 3621 777 3694 ἀνθρώποις
804 3623 1131 3697 περιέθηκεν
1148 3643 1161 3656 ·
1199 3619 1354 3691 οὗτος
1379 3627 1539 3699 ὅρους
1566 3627 1688 3690 ταῖς
1711 3625 1925 3681 θαλάσ-’

317 3731 442 3778 σαις
466 3715 724 3788 ἐμέρισεν
748 3733 763 3749 ο
791 3710 949 3781 οὗτος
969 3717 1229 3783 άπλώσας
1254 3722 1418 3788 γαῖαν
1443 3719 1531 3773 ἐπ’
1556 3719 1735 3773 οὐδενὶ
1757 3717 1915 3788 ἐκρέ-

318 3819 531 3877 μασεν·
566 3796 723 3870 οὗτος
763 3807 1043 3879 στοιχείων
1085 3808 1184 3874 τὰς
1218 3809 1445 3882 κράσεις
1475 3811 1770 3881 πανσόφως
1793 3810 1916 3864 ὲκέ-

315 3912 523 3969 ρασεν·
583 3890 736 3963 οὗτος
769 3897 840 3952 τὰ
868 3897 1042 3971 κάλλη
1082 3898 1191 3954 τῶν
1237 3900 1423 3971 φυτῶν
1464 3902 1914 3976 κατεκόσμησεν·

311 3981 475 4055 οὗτος
504 3989 734 4060 οὐρανὸν
760 3991 837 4055 ὡς
862 3991 1076 4060 ἱμάτιον
1101 3991 1368 4059 ἐξέτεινεν
1384 4009 1398 4025 ο
1442 3988 1596 4059 οὗτος
1619 3993 1780 4048 αὐτὸν
1805 4013 1917 4065 φω-

314 4083 519 4154 στῆρσι
566 4081 841 4155 λαμπροῖς
900 4084 1301 4157 κατεκόσμησε.
1372 4084 1575 4140 Τοῦτον
1630 4087 1915 4158 φρίττουσι

316 4174 609 4246 χερουσὶμ,
637 4176 730 4230 καὶ
756 4174 1018 4248 τρέμουσι
1046 4178 1310 4250 σεραφὶμ,
1334 4177 1524 4232 τοῦτον
1555 4180 1719 4249 ὑμνεῖ
1740 4179 1912 4250 ἥλιος,

312 4266 510 4319 τοῦτον
552 4265 825 4336 δοξολογεῖ
874 4267 1094 4341 σελήνη,
1136 4266 1327 4323 τοῦτον
1359 4267 1570 4324 αἰνοῦσι
1612 4269 1683 4324 τὰ
1715 4270 1913 4343 ἄστρα,

313 4356 496 4428 τούτῳ
518 4357 862 4414 δουλεύουσιν
884 4362 941 4414 αἱ
971 4360 1164 4433 πηγαὶ,
1189 4359 1381 4417 τοῦτον
1403 4361 1720 4435 φρίττουσιν
1746 4363 1917 4416 ἄϐυσ-

320 4464 427 4517 σοι,
448 4448 638 4505 τοῦτον
656 4452 925 4508 δεδοίκασι
945 4454 1228 4528 τάρταροι,
1241 4454 1418 4528 τούτῳ
1435 4455 1652 4511 ὑπείκει
1667 4454 1737 4510 τὰ
1750 4456 1915 4530 κήτη,

315 4543 511 4597 τοῦτον
524 4544 787 4615 τρέμουσι
807 4545 1118 4619 δράκοντες,
1133 4546 1308 4618 τούτῳ
1328 4545 1671 4602 δουλεύουσιν
1693 4547 1911 4621 ὄμϐροι,

316 4635 511 4691 τοῦτον
543 4636 896 4693 εὐλαϐοῦνται
934 4638 1222 4711 πνεύματα
1244 4654 1259 4668 °
1309 4632 1465 4706 οὗτος
1497 4639 1773 4713 ὑπέστησε
1811 4642 1914 4709 φύ-

322 4744 457 4795 σεις,
482 4720 637 4794 οὗτος
661 4731 969 4804 κατέστησε
988 4731 1213 4798 κτίσεις,
1239 4723 1396 4798 οὗτος
1423 4733 1687 4800 κατέταξε
1707 4732 1909 4802 τάξεις,

316 4812 479 4885 οὗτος
526 4822 556 4875 6
586 4822 697 4877 τῶν
743 4823 861 4877 ἄνω
902 4825 994 4878 καὶ
1042 4822 1154 4878 τῶν
1214 4824 1366 4878 κάτω
1411 4825 1645 4880 κτίσεων
1685 4827 1915 4899 ποιητὴς

319 4911 456 4977 Θεὸς
474 4912 682 4986 Κύριος
708 4915 867 4987 ἡμῶν
886 4931 900 4946 ·
954 4915 1049 4969 καὶ
1079 4915 1229 4988 αύτῷ
1258 4917 1292 4986 ἡ
1324 4915 1452 4984 δόξα
1484 4916 1582 4971 καὶ
1622 4917 1685 4971 τὸ
1712 4918 1914 4990 κράτος

318 5003 405 5068 εἰς
424 5005 554 5071 τοὺς
575 5004 784 5071 αἰῶνας
806 5006 917 5061 τῶν
942 5006 1175 5062 αἰώνων.
1223 5007 1279 5061 Ἀ
1289 5009 1418 5081 μήν.

321 5101 547 5159 ordines
604 5102 905 5175 disposuit,
951 5102 1045 5159 hic
1107 5118 1431 5175 superarum
1488 5113 1543 5161 et
1599 5103 1901 5162 inferarum
1938 5117 2321 5167 creaturarum
2361 5108 2589 5168 eﬂector
2620 5109 2768 5169 Deus
2810 5108 3079 5167 Dominus
3112 5117 3303 5169 noster

2020 3346 2162 3404 ctor,
2199 3346 2253 3392 et
2281 3354 2446 3394 verus
2478 3336 2644 3400 Deus,
2682 3345 2736 3393 et
2763 3339 3115 3411 coryphaeus,
3151 3349 3205 3397 et
3226 3349 3405 3407 sator,
3433 3349 3489 3397 et
3521 3342 3616 3396 iti-

2018 3428 2169 3484 neris
2200 3427 2333 3494 dux,
2361 3437 2413 3484 et
2455 3438 2781 3485 cunctorum
2831 3429 3103 3487 Salvator.
3135 3431 3255 3503 Ipse
3281 3431 3610 3489 inferiorem

2020 3519 2458 3591 Hierosolymam
2498 3521 2829 3593 ingreditur,
2866 3538 2970 3579 nec
3014 3538 3044 3576 a
3079 3525 3356 3594 superiori
3381 3540 3613 3596 separa-

2021 3624 2142 3682 tur;
2173 3616 2289 3686 ipse
2319 3616 2647 3671 saeculorum
2678 3622 2890 3680 auctor,
2925 3623 2980 3670 et
3011 3630 3042 3669 a
3071 3617 3298 3682 saculo,
3332 3624 3387 3672 et
3422 3618 3479 3672 in
3512 3633 3612 3673 sa:-

2019 3710 2185 3773 cula;
2226 3710 2272 3763 is
2321 3716 2425 3775 est,
2484 3708 2578 3779 qui
2634 3709 2786 3765 solus
2835 3708 3034 3764 coelum
3079 3710 3355 3780 extendit;
3403 3711 3495 3767 hic
3529 3720 3616 3769 est

2019 3804 2112 3875 qui
2150 3803 2471 3859 obambulat
2500 3818 2669 3873 super
2699 3817 2873 3867 mare,
2911 3808 3175 3872 tauquam
3217 3803 3275 3858 in
3317 3804 3421 3860 soli
3461 3806 3617 3875 pavi-

2021 3905 2210 3951 mento
2234 3914 2253 3963 ;
2274 3895 2361 3950 hic
2388 3893 2587 3950 nebula
2611 3910 2765 3949 mare
2782 3894 3048 3961 involvit;
3076 3895 3164 3949 hie
3194 3904 3348 3967 septa
3380 3896 3618 3952 homini-

2018 3988 2125 4043 bus
2160 3986 2638 4055 circumscripsit;
2676 3986 2765 4039 hic
2795 3986 2934 4040 mari
2963 3987 3230 4042 terminos
3266 3986 3491 4056 divisit;
3526 3988 3617 4045 hic

2020 4088 2222 4135 terram
2254 4092 2379 4133 cum
2413 4077 2767 4147 explicasset,
2804 4075 2952 4131 nulla
2987 4092 3046 4133 re
3076 4075 3329 4148 fulcivit;
3356 4079 3450 4135 hic
3495 4071 3610 4137 el'e-

2020 4181 2332 4228 mentorum
2360 4172 2650 4227 mistiones
2682 4171 3095 4243 sapientissime
3128 4176 3494 4245 temperavit;
3521 4176 3613 4231 hic

2024 4266 2339 4337 plantarum
2406 4264 2615 4321 formas
2675 4265 3003 4334 exornavit;
3059 4265 3151 4319 hic
3216 4266 3418 4321 coelum
3452 4269 3611 4338 quasi

2018 4360 2408 4415 vestimentum
2436 4359 2719 4425 extendit;
2753 4359 2845 4414 hic
2890 4358 3069 4428 ipsum
3114 4358 3279 4414 claris
3339 4361 3616 4417 condeco-

2018 4451 2163 4507 ravit
2192 4450 2518 4507 luminibus.
2571 4449 2732 4506 Hunc
2774 4451 3004 4507 horrent
3043 4449 3353 4520 cherubim,
3407 4461 3462 4508 et
3504 4461 3614 4510 tre-

2020 4551 2181 4600 munt
2213 4544 2517 4617 seraphim,
2558 4544 2709 4601 hunc
2743 4546 2990 4603 celebrat
3020 4546 3126 4615 sol,
3158 4545 3308 4602 hunc
3334 4545 3465 4603 luna
3491 4548 3613 4623 glo-

2019 4638 2167 4694 riose
2190 4636 2476 4710 praedicat,
2507 4637 2661 4695 hunc
2692 4638 2923 4696 laudant
2964 4641 3169 4707 sidera,
3202 4640 3334 4696 huic
3362 4639 3614 4696 serviunt

2019 4732 2224 4801 fontes,
2256 4734 2407 4790 hunc
2435 4734 2634 4791 timent
2663 4736 2873 4810 abyssi,
2909 4738 3060 4794 hunc
3091 4745 3353 4795 verentur
3381 4745 3610 4802 tartara.

2018 4824 2151 4880 huic
2205 4826 2412 4882 cedunt
2460 4834 2603 4895 cete,
2654 4827 2805 4885 hunc
2837 4830 3109 4886 dracones
3164 4837 3431 4899 tremunt,
3481 4829 3612 4884 huic

2020 4920 2225 4978 imbres
2250 4921 2607 4991 ministrant,
2632 4923 2783 4979 hunc
2815 4924 2961 4979 venti
3002 4924 3329 4991 observant;
3363 4922 3453 4978 hie
3479 4937 3612 4980 con-

2021 5013 2201 5069 stituit
2238 5028 2425 5070 rerum
2455 5023 2708 5082 naturas,
2744 5016 2839 5073 hic
2885 5015 3135 5073 condidit
3175 5020 3485 5083 creaturas,
3519 5013 3614 5070 hic

3372 5127 3387 5166 :
3450 5111 3616 5176 atque
3654 5140 3667 5175 ρ

320 5195 427 5268 Ipsi
483 5196 660 5271 gloria
714 5204 772 5255 et
832 5195 1127 5269 imperium
1183 5197 1243 5254 in
1300 5198 1504 5256 seacula
1557 5200 1914 5260 saeculorum.
1956 5202 2157 5261 Amem

381 5443 501 5520 ('15)
531 5460 626 5517 π).
660 5442 931 5517 ἐφόϐησε,
