3988 6454
431 372 533 434 439

1192 494 1255 549 ll.

433 599 839 681 SanctihPotris
875 605 1048 681 nostri
1082 604 1374 681 Epiphanii
1403 610 1634 681 episcopi
1650 611 1814 681 Cypri
1844 614 2021 668 oratio

503 673 560 724 in
595 671 764 726 divini
797 677 1038 743 corporis
1070 671 1394 743 sepulturam
1432 671 1647 734 Domini
1681 671 1740 736 ἔί
1770 681 2018 736 Servato-

502 743 786 822 τῇς-ποδιιὶ
812 742 941 797 Iesu
980 742 1279 822 Clitistitet
1312 749 1365 822 in
1399 749 1685 822 Josephum
1713 753 1802 821 qui
1831 753 1932 822 fuit
1956 754 2019 806 ab

509 815 864 888 Arimatlia’a,
897 829 944 869 et
976 817 1031 868 in
1061 816 1278 870 Domini
1309 820 1363 871 in
1395 815 1656 888 infernum
1689 815 2020 887 descensum,

507 893 628 948 post
664 884 958 942 salutarem
999 889 1300 955 passionem
1341 884 1729 944 admirabiliter
1761 893 1983 960 factum.

761 1064 964 1118 Sancto
996 1075 1051 1121 et
1085 1081 1281 1137 magno
1317 1067 1557 1123 Sabbato
1583 1067 1718 1140 (76).

505 1179 651 1247 Quid
694 1181 845 1237 istud
880 1181 956 1236 rei
995 1183 1122 1241 est?
1153 1183 1316 1238 hodie
1353 1183 1632 1240 silentium
1669 1201 1930 1257 magnum
1968 1186 2024 1240 in

437 1284 620 1339 terra;
672 1274 953 1330 silentium
1011 1291 1295 1342 magnum,
1343 1286 1397 1330 et
1441 1277 1685 1332 solitudo
1731 1277 2023 1348 deinceps;

435 1365 713 1422 silentium
746 1381 1026 1437 magnum,
1062 1368 1322 1438 quoniam
1361 1368 1475 1424 Rex
1507 1369 1744 1438 dormit;
1776 1381 1922 1427 terra
1954 1372 2026 1425 ti—

436 1457 576 1510 muit
601 1466 658 1512 ct
693 1458 927 1528 quievit,
965 1461 1227 1530 quoniam
1264 1459 1408 1517 Deus
1447 1461 1502 1516 in
1534 1478 1702 1519 carne
1743 1465 2027 1520 obdormi-

435 1547 536 1614 vit,
563 1557 618 1602 et
647 1564 677 1602 a
703 1551 907 1606 saeculo
931 1551 1269 1609 dormientes
1293 1556 1574 1610 excitavit.
1606 1554 1750 1612 Deus
1779 1556 1835 1611 in
1859 1572 2029 1612 carne

437 1648 694 1698 mortuus
729 1649 834 1706 est,
871 1650 927 1696 et
973 1642 1229 1698 infernus
1263 1646 1613 1700 contremuit.
1655 1645 1799 1702 Deus
1832 1648 2028 1718 paulu-

440 1731 552 1786 lum
582 1732 938 1795 obdormivit,
973 1744 1028 1789 et
1057 1750 1175 1802 eos,
1201 1736 1295 1806 qui
1329 1736 1384 1791 in
1419 1737 1635 1792 inferno
1669 1747 1820 1803 sunt,
1849 1740 2028 1795 susci-

441 1823 598 1881 tavit.

511 1913 670 1974 Nunc
723 1916 941 1975 tandem
998 1917 1091 1972 ubi
1137 1919 1265 1973 mut
1310 1936 1532 1990 nupera:
1577 1921 1683 1976 illae
1727 1922 1922 1986 lurbze,
1973 1931 2027 1976 et

441 2007 886 2070 vociferationes.
929 2018 984 2064 et
1029 2013 1304 2066 tumultus
1340 2014 1607 2070 adversus
1646 2013 1953 2078 Christum,
1995 2031 2028 2068 ο

440 2097 638 2166 impii?
670 2099 760 2153 ubi
791 2099 1002 2168 populi,
1031 2106 1085 2154 et
1119 2099 1380 2165 insultus,
1415 2111 1468 2156 et
1499 2103 1744 2171 ordines,
1772 2114 1826 2158 et
1853 2120 2026 2166 arma,

440 2195 495 2241 et
529 2188 773 2242 lanceae?
805 2188 894 2241 ubi
926 2205 1080 2256 reges
1115 2198 1170 2244 et
1205 2191 1543 2258 sacerdotes,
1574 2192 1866 2262 etjudices
1893 2208 2028 2246 con-

441 2279 733 2334 damnati?
769 2280 859 2333 ubi
904 2281 1207 2350 lampades,
1240 2289 1293 2336 et
1324 2299 1508 2347 enses,
1545 2290 1600 2337 et
1638 2285 1908 2339 clamores
1943 2287 2030 2339 in—

442 2371 700 2426 conditi?
733 2373 830 2431 ubi,
865 2374 1082 2443 vulgus,
1117 2383 1171 2429 ct
1209 2374 1485 2442 fremitus,
1516 2385 1569 2429 et
1597 2376 1851 2431 custodia
1881 2377 2033 2431 inho-

444 2466 646 2519 nesta?
670 2482 794 2520 vere
828 2465 1031 2539 reipsa,
1070 2467 1293 2537 quando
1324 2468 1506 2538 rcipSa
1537 2483 1664 2523 vere
1699 2469 1884 2540 populi
1919 2485 2035 2524 me-

443 2559 600 2612 ditati
633 2569 763 2614 sunt
793 2560 977 2615 inania
1015 2569 1068 2615 et
1106 2559 1277 2616 fatua.
1316 2563 1664 2633 lmpegerunt
1701 2564 1756 2617 in
1802 2564 2034 2634 angula-

445 2666 559 2702 rem
617 2649 854 2720 lapidem
901 2649 1223 2717 Christum,
1276 2653 1370 2707 sed
1431 2655 1536 2724 ipsi
1594 2655 1815 2709 contriti
1871 2664 2032 2724 sunt;

444 2741 737 2796 alliserunt
778 2752 946 2811 petra:
995 2743 1204 2808 solidae,
1246 2760 1434 2798 verum
1472 2745 1574 2814 ipsi
1623 2747 1847 2800 contriti
1882 2753 2032 2809 sunt,

444 2841 501 2885 et
534 2831 586 2884 in
623 2847 875 2901 spumam
910 2832 1110 2888 ﬂuctus
1145 2850 1334 2888 eorum
1360 2835 1612 2890 dissoluti
1641 2855 1655 2903 ;
1689 2836 2037 2891 olIenderunt

447 2925 515 2977 ad
571 2924 895 2984 indomitam
949 2926 1233 2990 incudem,
1288 2937 1340 2980 et
1391 2929 1494 2997 ipsi
1547 2930 1816 2984 confracti
1871 2937 2033 2998 sunt;

447 3019 794 3079 sustulerunt
828 3019 882 3071 in
920 3019 1066 3088 ligno
1100 3032 1310 3090 petram
1350 3022 1494 3086 vitae,
1533 3037 1655 3094 qua:
1694 3021 2036 3078 descendens

447 3114 597 3184 ipsos
625 3111 863 3178 occidit;
901 3112 1229 3179 colligarunt
1270 3126 1527 3184 magnum
1564 3111 1921 3183 Sampsonem
1949 3130 2038 3169 δοες

1740 377 1950 434 DUBIA
1989 381 2133 438 AUT
2173 381 2452 441 SPURIA.
3572 400 3664 454 MU

2881 512 2952 565 B'.

2130 616 2242 670 Τοῦ
2271 617 2341 669 ἐν
2364 618 2555 686 ἁγίοις
2598 616 2829 685 Πατρός
2860 614 3053 688 ἡμῶν
3075 619 3422 688 Ἐπιφανίου
3453 620 3673 679 ἐπισκό-

2195 699 2315 760 που
2355 688 2601 760 Κύπρου
2643 689 2827 760 λόγος
2845 691 2954 760 μεὶς
2999 687 3125 760 τὴν⁸
3145 687 3444 759 θεόσωμον
3494 693 3675 760 ταφὴν·

2195 758 2302 829 τοῦ
2325 759 2546 829 Κυρίου
2571 759 2670 829 καὶ
2702 757 2978 829 Σωτῆρος
3004 757 3175 827 ἡμῶν
3201 757 3400 826 Ἰησοῦ
3419 757 3676 829 Χριστοῦ,

2199 827 2300 880 καὶ
2335 829 2424 898 εἰς
2461 827 2569 898 τὸν
2597 827 2825 898 ᾼῚωᾳὴερ
2864 829 2973 898 τὸν
3002 828 3123 881 ἀπὸ
3175 827 3556 898 Ἀριμαθαίιις,
3587 827 3676 886 καὶ

2201 899 2290 970 sic
2316 897 2432 964 τὴν
2445 897 2519 970 ἐν
2547 895 2627 960 τῷ
2656 896 2770 970 ᾄδῃ
2788 895 2898 951 τοῦ
2927 899 3148 970 Κυρίου
3181 895 3528 970 κατάϐασιν,
3545 901 3678 970 μετὰ

2201 915 2290 962 εις
2316 915 2432 964 την
2449 915 2519 949 εν
2547 915 2627 960 τῳ
2656 915 2770 964 own
2792 915 2898 951 του
2927 915 3148 1020 Iugum)
3181 915 3526 966 καταοασιν,
3545 919 3617 970 με·

2195 966 2264 1020 τὸ
2295 967 2593 1035 σωτήριον
2621 967 2812 1032 πάθος
2838 982 2997 1035 παρα
3039 967 3192 1034 όξως
3212 969 3617 1040 γετεντυιέγην.

2449 1079 2540 1152 Τῷ
2569 1080 2710 1152 ἁγίῳ
2737 1082 2831 1138 καὶ
2863 1081 3083 1153 μεγάλῳ
3100 1081 3390 1154 Σαϐϐάτῳ.

2199 1193 2264 1249 Τί
2308 1191 2499 1257 τοῦτος
2538 1194 2778 1264 σήμερον
2831 1193 2963 1265 σιγὴ
3001 1193 3174 1264 πολλὴ
3223 1197 3282 1248 ὲν
3327 1197 3394 1264 τῇ
3425 1197 3526 1266 γῇο
3571 1196 3681 1270 σιγὴ

2131 1283 2304 1355 πολλὴ
2345 1285 2440 1337 καὶ
2467 1285 2674 1356 ἠρεμία
2719 1285 2924 1342 λοιπόν·
2966 1287 3093 1357 σιγὴ
3139 1286 3332 1357 πολλὴ.
3359 1289 3442 1341 ἆτι
3484 1289 3510 1340 6
3537 1288 3683 1340 Βασι-

2129 1375 2254 1438 λεὺς
2293 1375 2479 1427 ὑπνοῖ”
2532 1376 2605 1446 γῆ
2649 1376 2893 1447 ἐφοϐήθη
2929 1377 3022 1431 καὶ
3064 1380 3362 1448 ἡσύχασεν,
3400 1380 3480 1432 ὅτι
3515 1381 3543 1432 6
3571 1378 3688 1443 Θεὸς

2131 1466 2296 1538 σαρκὶ
2339 1465 2580 1533 ὕπνωσε,
2621 1469 2719 1524 καὶ
2763 1470 2891 1533 τοὺς
2929 1470 3025 1523 ἀπ’
3057 1469 3254 1533 αἰῶνος
3284 1469 3574 1534 ὑπνοῦντας
3608 1471 3688 1527 ἀν-

2130 1555 2379 1626 έστησεν.
2430 1556 2490 1609 Ὀ
2525 1556 2657 1620 Θεὸς
2681 1558 2740 1610 ὲν
2774 1559 2939 1629 σαρκὶ
2972 1557 3226 1629 τέθνηκε,
3252 1559 3347 1612 καὶ
3366 1559 3533 1630 ὁᾲδης
3556 1560 3690 1631 ἐτρό-

2135 1647 2324 1719 μαξεν.
2374 1649 2432 1701 Ὀ
2477 1647 2610 1712 Θεὸς
2649 1649 2787 1717 πρὸς
2843 1649 3016 1722 βραχὺ
3057 1650 3312 1714 ὕπνωσε.
3358 1652 3454 1706 καὶ
3490 1651 3606 1715 τοὺς
3639 1653 3690 1704 ὲν

2130 1739 2208 1811 τῷ
2239 1739 2342 1818 ᾄδῃ
2376 1739 2625 1812 ἐξήγειρε
2659 1739 2794 1811 (77)-

2201 1912 2313 1971 Ποῦ
2341 1933 2472 1969 ποτε
2511 1915 2607 1969 νῦν
2645 1917 2783 1971 εἰσιν
2814 1916 2871 1968 αἱ
2911 1915 3016 1986 πρὸ
3044 1915 3278 1987 βραχέος
3322 1917 3582 1988 ταραχαὶ,
3609 1915 3691 1975 καὶ

2133 2008 2343 2077 φωναὶ,
2397 2007 2494 2061 καὶ
2543 2007 2762 2079 θόρυϐοι
2819 2008 2964 2061 κατὰ
3007 2007 3101 2060 τοῦ
3150 2003 3499 2078 Χριστοῢ,ὢ
3537 2009 3693 2080 παρά-

2132 2117 2314 2171 νομοι;
2348 2099 2453 2153 ποῦ
2487 2101 2537 2152 οἱ
2580 2099 2766 2171 δῆμοι,
2800 2101 2894 2154 καὶ
2920 2099 3224 2164 ἐνστάσεις,
3267 2101 3363 2154 καὶ
3396 2100 3588 2167 τάξεις,
3612 2098 3698 2157 καὶ

2132 2194 2201 2243 τά
2224 2191 2387 2257 ὅπλα,
2426 2191 2518 2244 καὶ
2547 2190 2789 2262 δόρατα;
2827 2191 2931 2244 ποῦ
2959 2193 3006 2245 οἱ
3033 2190 3278 2262 βασιλεῖς
3301 2195 3396 2246 καὶ
3432 2193 3586 2263 ἱερεῖς
3615 2191 3696 2245 καὶ

2134 2281 2321 2353 κριταὶ
2344 2283 2392 2335 οἱ
2429 2283 2786 2353 κατάκριτοι;
2823 2282 2927 2337 ποῦ
2961 2283 3017 2336 αἱ
3056 2283 3344 2355 λαμπάδες
3401 2285 3494 2337 καὶ
3523 2285 3696 2354 μάχαι-

2139 2390 2228 2442 ραι
2275 2372 2370 2425 καὶ
2420 2373 2469 2424 οἱ
2515 2373 2734 2442 θρύλλοι
2777 2375 2827 2426 οἱ
2869 2374 3128 2441 deamat;
3174 2376 3278 2428 πού
3334 2376 3384 2428 οἱ
3429 2375 3571 2437 λαοὶ,
3617 2373 3697 2427 καὶ

2135 2463 2196 2516 τὸ
2255 2464 2542 2534 φρύαγμα,
2587 2465 2746 2535 καὶὴ
2804 2466 3104 2520 κουστωδία
3134 2467 3168 2537 ἡ
3200 2467 3462 2538 ἄσεμνος;
3508 2464 3698 2536 ἀληθῶς

2136 2553 2323 2619 ὅντως,
2363 2557 2486 2609 ἐπεὶ
2514 2558 2608 2609 καὶ
2639 2556 2808 2620 ὅντως
2831 2557 3047 2629 ἀληθῶς
3075 2558 3195 2612 λαοὶ
3229 2560 3559 2630 ἐμελέτησαν
3585 2557 3698 2610 κενὰ

2139 2645 2231 2698 καὶ
2265 2646 2489 2716 μάταια.
2524 2647 2878 2721 Προσὲκοψαν
2916 2647 2993 2718 τῷ
3023 2649 3411 2721 άκρογωνιαίῳ
3441 2649 3698 2720 λίθῳΧρι-

2141 2739 2271 2808 cui).
2305 2738 2418 2790 ἀλλ’
2464 2739 2618 2790 αὐτοὶ
2649 2739 3074 2808 συνετρίϐησαΨ
3115 2741 3495 2812 προσέῤῥηξαν
3531 2743 3590 2810 τῇ
3620 2739 3698 2792 πέ”

2137 2846 2243 2900 τρᾳ
2284 2832 2350 2900 τῇ
2412 2832 2625 2902 στερεᾷ,
2671 2831 2785 2884 ἀλλ’
2836 2832 2991 2885 αὑτοὶ
3026 2833 3461 2903 συνετρίϐησαν,
3502 2834 3590 2885 καὶ
3632 2831 3698 2893 εξς

2139 2921 2313 2991 ἀφρὸν
2357 2921 2426 2973 τὰ
2478 2921 2702 2991 κύματα
2748 2922 2927 2975 αὑτῶν
2975 2922 3338 2992 διελύθησανο
3385 2921 3696 2996 προσέκοψαν

2139 3014 2215 3083 τῷ
2265 3016 2522 3086 ἀηττήτῳ
2578 3015 2813 3086 ἄκμονι,
2866 3017 2958 3068 καὶ
3022 3017 3178 3068 αὑτοὶ
3237 3017 3695 3086 κατεκλάσθησαν·

2142 3105 2365 3175 ὕψωσαν
2397 3108 2490 3159 ἐπὶ
2535 3107 2693 3173 ξύλου
2721 3108 2820 3178 τὴν
2871 3108 3076 3180 πέτραν
3112 3110 3213 3180 τῆς
3257 3109 3424 3180 ζωῆς,
3455 3109 3544 3160 καὶ
3585 3124 3699 3159 κατ-

450 3182 551 3254 Iem
591 3199 782 3265 Deum,
811 3201 905 3256 sed
935 3202 1131 3256 solutis
1165 3217 1194 3254 a
1241 3205 1443 3257 sxeculo
1474 3193 1728 3270 vinculis,
1769 3205 2035 3275 alienige-

2144 3199 2376 3253 ελιθοὺσα
2419 3200 2618 3264 αὐτοὺς
2663 3200 3039 3258 ἐθανάτωσενο
3089 3201 3398 3274 ὲδὲσμησαν
3427 3202 3515 3254 τὸν
3550 3201 3699 3271 μέγαν

447 3309 550 3348 nas
580 3302 634 3348 et
681 3294 880 3364 impios
913 3295 1172 3365 perdidit.
1211 3293 1425 3350 Occidit
1469 3292 1612 3349 Deus
1652 3294 1734 3349 sol
1787 3295 2040 3350 Christus

450 3386 554 3439 sub
589 3393 886 3450 terr_-.un,et
917 3387 1172 3441 tenebras
1193 3395 1483 3457 perpetuas
1512 3385 1714 3442 Iudaeis
1744 3386 1892 3441 fecit.
1927 3385 2039 3438 lio-

2143 3292 2381 3362 Σαμψὼν
2401 3292 2550 3363 ἥλιον
2573 3291 2706 3346 Θεόν
2722 3310 2734 3323 ·
2760 3292 2895 3346 ἀλλὰ
2918 3293 3087 3356 λύσας
3112 3293 3179 3345 τά
3201 3294 3299 3350 ἀπ’
3321 3291 3512 3355 αἰῶνος
3528 3287 3697 3361 δεσμὰ,

2140 3385 2266 3448 τοὺς
2321 3385 2652 3451 ἀλλοφύλους
2697 3385 2791 3438 καὶ
2856 3386 3206 3457 παρανόμους
3256 3385 3553 3440 ἀπώλεσεν.
3589 3381 3698 3434 Ἐδυ

451 3479 540 3532 die
573 3479 726 3534 salus
775 3478 860 3535 his
909 3480 1004 3551 qui
1053 3489 1184 3533 sunt
1230 3496 1397 3549 supra
1444 3490 1669 3544 terram,
1722 3490 1774 3534 et
1811 3480 1896 3534 his
1946 3479 2035 3550 qui

2141 3475 2273 3538 Θεὸς
2299 3475 2450 3545 ἥλιος
2479 3477 2714 3552 Χριστὸς
2749 3477 2855 3529 ὑπὸ
2884 3477 3008 3548 γῆν,
3036 3479 3130 3530 καὶ
3170 3479 3364 3541 σκότος
3387 3478 3699 3544 πανὲσπερον

453 3577 584 3628 sunt
610 3571 872 3629 asaeculo
901 3571 1096 3625 subtus
1123 3579 1345 3625 terram.
1387 3571 1559 3627 llodie
1596 3573 1749 3626 salus
1783 3571 2039 3626 universo

454 3661 682 3727 mundo,
716 3671 1176 3737 quantuscunque
1205 3664 1457 3727 visibilis,
1491 3672 1544 3720 et
1575 3673 1818 3735 quantus
1851 3664 2041 3719 invisi-

453 3755 599 3808 bilis.
632 3756 840 3828 Duplex
874 3755 1037 3809 hodie
1068 3754 1280 3810 Domini
1313 3757 1610 3824 adventus,
1637 3756 1837 3827 duplex
1867 3757 2042 3811 admi-

455 3846 735 3912 nistratio,
772 3847 972 3918 duplex
1010 3863 1165 3901 amor
1206 3863 1332 3919 erga
1387 3850 1660 3914 homines,
1707 3848 1904 3918 duplex
1946 3848 2040 3903 de-

458 3955 688 4001 scensus
731 3941 896 3994 simul
949 3948 1003 3995 et
1049 3943 1133 3995 sui
1179 3942 1462 4006 demissio,
1509 3942 1709 4012 duplex
1756 3942 2040 3995 hominum

461 4031 736 4098 visitatio;
773 4047 803 4087 e
843 4033 985 4088 cmlo
1017 4033 1069 4086 in
1104 4043 1330 4098 terram,
1365 4051 1396 4090 e
1427 4041 1572 4089 terra
1608 4035 1803 4089 subtus
1837 4043 2039 4088 terram

462 4123 606 4179 Deus
628 4125 882 4195 apparuit
913 4145 926 4179 :
959 4135 1131 4195 porta:
1161 4125 1360 4181 inferni
1387 4125 1725 4197 panduntur.
1758 4126 1910 4192 Quia
1941 4142 2042 4180 sre-

456 4219 587 4279 culo
633 4217 1005 4286 dormivistis,
1039 4219 1344 4284 exsultate;
1387 4220 1480 4289 qui
1529 4219 1582 4273 in
1623 4200 1868 4275 tenebi'is
1897 4228 1951 4274 et
1987 4221 2040 4272 in

458 4311 650 4365 umbra
703 4312 898 4372 mortis
950 4313 1177 4378 sedetis,
1229 4312 1403 4370 lucem
1460 4311 1736 4389 ingentem
1786 4311 2040 4383 excipite.

457 4404 596 4463 Cum
646 4406 821 4463 servis
867 4404 1156 4471 Dominus,
1213 4419 1340 4463 eum
1392 4405 1626 4460 mortuis
1681 4402 1853 4473 Deus,
1916 4417 2042 4456 cum

461 4494 788 4548 mor-tatibus
819 4494 949 4558 vita,
990 4509 1115 4548 cum
1150 4494 1402 4548 sontibus
1431 4495 1642 4561 insons,
1680 4510 1804 4551 cum
1836 4493 1920 4554 his
1951 4493 2043 4562 qui

462 4581 517 4634 in
568 4583 810 4636 tenebris
863 4597 972 4636 non
1025 4597 1426 4651 chperascens
1476 4585 1590 4649 lux,
1645 4600 1769 4642 cum
1812 4583 2045 4653 captivis

462 4671 661 4726 vindex
699 4673 996 4738 libertatis,
1028 4689 1152 4726 cum
1181 4675 1385 4728 inlimis
1416 4678 1506 4745 qui
1541 4684 1622 4730 est
1653 4689 1820 4745 supra
1848 4677 2047 4738 cmlos.

463 4764 719 4820 Christus
750 4764 804 4817 in
842 4771 1010 4830 terra,
1045 4763 1417 4832 credidimus;
1455 4766 1712 4820 Christus
1744 4767 1886 4819 inter
1908 4781 2047 4819 mor-

465 4867 613 4920 tuos,
646 4871 751 4910 una
799 4855 1202 4910 descendamus
1244 4863 1299 4910 et
1341 4856 1755 4911 consideremus
1797 4871 2044 4924 qiizenam

463 4949 576 5004 illic
628 4949 928 5021 mysteria;
976 4963 1376 5025 cognoscamus
1425 4947 1625 5003 occulti
1678 4946 1898 5000 occulta
1942 4945 2046 4998 sub

460 5049 606 5094 terra
635 5042 938 5110 mirabilia;
978 5043 1327 5097 addiscamus
1362 5041 1638 5110 quomodo
1669 5047 1724 5095 et
1750 5040 1838 5094 his
1863 5039 1954 5109 qui
1989 5038 2043 5091 in

465 5131 680 5191 inferno
707 5141 836 5188 sunt
866 5135 1108 5189 innotuit
1133 5135 1405 5204 dogmatis
1442 5132 1778 5203 praedicatio.

533 5403 674 5470 Quid
734 5405 931 5472 igitur?
980 5403 1254 5459 Omnesne
1313 5407 1538 5460 omnino
1595 5405 1758 5459 saluti
1805 5406 2047 5460 restituit

472 5491 651 5550 Deus?
689 5493 934 5551 Minime.
963 5495 1166 5549 Verum
1199 5505 1252 5549 ct
1281 5497 1391 5550 illic
1425 5513 1520 5552 eos
1547 5497 1638 5566 qui
1670 5495 2044 5551 crediderunt.

537 5670 648 5738 (76,
683 5672 985 5738 lntcrprele
1019 5672 1295 5728 Stanislao
1329 5675 1620 5729 thnicio.

511 5737 646 5808 _(77)
677 5757 771 5806 π).
806 5737 898 5790 καὶ
943 5746 1066 5806 τοὺς
1094 5747 1204 5798 ,ἀπ’
1247 5745 1440 5807 αἰῶνος
1497 5744 1798 5805 ὑπνοῦντας
1847 5745 1907 5794 ὲκ
1955 5745 2045 5797 τοῦ

467 5799 588 5864 ᾁὸον
615 5799 911 5872 ἇνξῖστητε,
1051 5799 1063 5806 ’
1423 5799 1437 5807 ”
1765 5844 1768 5846 -

2156 3565 2432 3629 Ἰουδαίοις
2459 3566 2778 3637 πεποίηκεν.
2796 3567 3047 3638 Σήμερον
3078 3567 3324 3640 σωτηρία
3348 3569 3460 3629 τοῖς
3483 3566 3569 3619 ἐπὶ
3591 3562 3696 3631 γῆς,

2143 3657 2238 3712 καὶ
2275 3660 2386 3719 τοῖς
2409 3658 2503 3710 ἀπ’
2536 3657 2733 3722 αἰῶνος
2766 3659 3022 3712 ὑποκάτω
3049 3659 3148 3728 τῆς
3180 3660 3287 3730 γῆς
3307 3675 3320 3689 ⁸
3354 3660 3585 3729 σήμερον
3613 3671 3698 3706 σω-

2142 3749 2308 3825 τηρία
2339 3749 2419 3821 τῷ
2471 3752 2682 3827 κόσμῳ,
2719 3753 2842 3815 ὅσος
2892 3751 3122 3824 ὁρατὸς,
3169 3752 3266 3803 καὶ
3311 3751 3433 3813 ὅσος
3477 3749 3696 3818 ἀόρατος·

2144 3842 2305 3912 Διττὴ
2338 3845 2577 3913 σήμερον
2618 3841 2715 3895 τοῦ
2762 3844 3033 3897 Δεσπότου
3084 3845 3377 3914 παρουσία,
3409 3843 3556 3914 διττὴ
3582 3840 3700 3911 ἠοῖ-

2145 3937 2412 4007 κονομία,
2478 3937 2628 4008 διττὴ
2677 3936 3090 4010 φιλανθρωπία,
3145 3936 3365 4011 διττὴὴ
3430 3935 3701 3996 κατάϐασις

2145 4029 2280 4100 ὁμοῦ
2313 4031 2408 4083 καὶ
2437 4028 2866 4098 συγκατάόασις,
2892 4029 3046 4101 διττὴ
3083 4029 3220 4101 πρὸς
3257 4030 3569 4102 ἀνθρώπους
3599 4024 3699 4079 ἐπί-

2147 4121 2367 4192 σκεψις·
2407 4124 2502 4175 ἀπ’
2535 4121 2766 4192 οὑρανοῦ
2791 4122 2886 4174 ἐπὶ
2914 4122 3012 4193 τὴν
3047 4123 3169 4193 γῆν,
3209 4122 3318 4177 ἀπὸ
3351 4123 3447 4192 τῆς
3472 4121 3569 4190 γῆς
3593 4119 3698 4170 ὑπο-

2146 4215 2299 4268 κάτω
2351 4215 2450 4286 τῆς
2499 4215 2604 4284 γῆς
2655 4216 2684 4267 6
2734 4215 2867 4278 Θεὸς
2931 4214 3330 4286 παραγίνεται·
3382 4214 3540 4267 πύλαι
3591 4210 3697 4282 ᾅδου

2145 4307 2475 4374 ἀνοίγονται.
2524 4308 2587 4365 Οἱ
2633 4307 2730 4360 ἀπ’
2785 4306 2981 4371 αἰῶνος
3028 4309 3455 4380 κεκοιμηημένοι,
3498 4304 3698 4375 ἀγάλλε-

2154 4400 2246 4452 σθε
2275 4398 2408 4470 (78)'
2437 4400 2487 4451 οἱ
2520 4399 2577 4451 ὲν
2618 4399 2798 4456 σκότει
2840 4400 2935 4452 καὶ
2971 4401 3098 4470 σκιᾷ
3131 4399 3362 4454 θανάτου
3395 4399 3699 4468 καθήμενοι,

2147 4491 2207 4543 τὸ
2244 4489 2386 4561 μέγα
2419 4490 2535 4559 φῶς
2579 4491 2933 4554 ὑποδέξασθε.
2965 4491 3122 4545 Μετὰ
3167 4491 3278 4547 τῶν
3322 4491 3516 4545 δούλων
3553 4491 3578 4541 6
3619 4489 3696 4538 Δε-

2101 4576 2121 4607 ¹
2151 4581 2356 4654 σπότης
2381 4598 2393 4611 ·
2426 4581 2564 4652 μετὰ
2591 4581 2700 4635 τῶν
2725 4583 2936 4653 νεκρῶν
2961 4585 2989 4636 6
3020 4583 3154 4648 Θεός
3174 4601 3186 4614 ·
3223 4584 3360 4654 μετὰ
3382 4583 3487 4636 τῶν
3517 4576 3696 4650 θνητῶν

2149 4675 2183 4742 ή
2235 4674 2386 4744 ζωή·
2438 4673 2578 4744 μετὰ
2623 4674 2733 4727 τῶν
2779 4674 3095 4729 ὑπευθύνων
3135 4678 3163 4729 6
3218 4676 3540 4740 ἀνεύθυνος’
3578 4666 3696 4742 μετὰ

2147 4764 2255 4817 τῶν
2289 4766 2347 4818 ὲν
2379 4766 2558 4819 σκότει
2583 4767 2644 4819 τὸ
2675 4765 2973 4837 ἀνέσπερον
3024 4767 3171 4835 φῶς·
3210 4767 3347 4839 μετὰ
3383 4767 3490 4820 τῶν
3518 4766 3693 4834 αἰχμα·

2149 4854 2334 4908 λώτων
2371 4859 2399 4910 6
2434 4857 2836 4929 ἐλευθερωτήςο
2875 4858 2971 4912 καὶ
3031 4859 3169 4930 μετὰ
3212 4860 3322 4913 τῶν
3356 4857 3633 4912 κατωτάτω
3671 4852 3694 4902 ὁ

2150 4948 2406 5017 ὑπεράνω
2438 4949 2547 5002 τῶν
2581 4949 2846 5019 οὐρανῶν.
2892 4952 3127 5022 Χριστὸς
3155 4952 3248 5004 ἐπὶ
3281 4952 3403 5021 γῆς,
3435 4942 3693 5002 πεπιστεύ-

2149 5055 2362 5108 καμεν·
2406 5042 2640 5112 Χριστὸς
2693 5043 2750 5094 ἐν
2802 5045 3048 5114 νεκροῖς,
3105 5043 3552 5113 συγκατέλθωμεν
3615 5033 3692 5088 καὶ

2149 5131 2435 5201 θεάσωμεν
2476 5132 2568 5184 καὶ
2609 5133 2678 5185 τὰ
2728 5134 2846 5185 ἐκεῖ
2881 5136 3189 5204 μυστήριαο
3222 5135 3435 5205 γνῶμεν
3479 5121 3690 5201 κρυπτοῖ

2149 5225 2369 5295 κρυπτὰ
2417 5225 2521 5277 ὑπὸ
2557 5226 2656 5295 γῆν
2688 5226 2966 5296 θαυμάσια
2994 5227 3142 5299 (79)·
3180 5228 3436 5298 μάθωμεν
3463 5223 3570 5285 πῶς
3612 5217 3690 5272 καὶ

2147 5319 2262 5377 τοῖς
2301 5318 2358 5367 ἐν
2388 5315 2516 5385 ᾅδου
2544 5318 2789 5387 ἐπεφάνη
2820 5317 2882 5369 τὸ
2914 5319 3194 5390 κήρυγμα.

2221 5407 2284 5456 'l‘i
2338 5403 2466 5469 o-Sv;
2521 5408 2729 5471 πάντας
2774 5409 2961 5472 ἁπλῶς
3006 5409 3167 5474 σώζει
3216 5409 3492 5480 ἐπιφανεὶς
3521 5407 3572 5456 ὲν
3601 5400 3686 5471 ᾅδῃ

2150 5499 2282 5561 (θεὸς
2310 5515 2320 5525 ·
2355 5500 2498 5569 οὑχὶ,
2528 5500 2664 5553 ἀλλά
2698 5503 2860 5554 κάκεῖ
2889 5504 3014 5566 τοὺς
3047 5505 3456 5565 πιστεύσαντας.
3485 5494 3610 5557 Χοὲαῖ
3631 5505 3687 5543 τα

2222 5677 2332 5757 <2???
2370 5678 2848 5757 main-15M;-
2886 5753 2909 5757 -
3647 5743 3656 5757 .

2221 5747 2333 5812 (79)
2375 5764 2464 5825 γςρ.
2502 5748 2596 5799 καὶ
2628 5749 2696 5825 τὰ
2731 5753 2824 5825 ὲπῖ
2846 5753 2949 5825 γῆς
2985 5757 3101 5807 ἐκεῖ
3125 5747 3681 5825 μυστήριαίκατοπτεί-

2154 5833 2351 5889 σωμεν.
2387 5817 2524 5881 Mox,
2554 5820 2770 5889 γνῶμεν
2796 5817 2927 5875 Θεοῦ
2963 5826 2989 5875 ὑ
3003 5827 3064 5878 πὸ
3095 5817 3194 5897 γ’ἧς
3224 5817 3430 5897 κρυπτὰ
3455 5819 3560 5874 0M-
