3988 6414
274 404 374 462 ιιι

1341 401 1628 462 HOMILIA
1661 401 1725 462 ΙΙ.
1747 399 1813 457 IN
1856 397 2176 455 SABBATO
2216 392 2477 452 MAGNO.

3469 396 3579 454 M2

283 526 383 599 τῆς
415 525 771 598 οἰκονομίας,
806 522 1043 597 σήμερον
1075 520 1144 575 τὰ
1180 520 1283 594 τῆς
1330 518 1618 586 ἐξουσίας·
1655 517 1783 590 χθὲς
1814 515 1885 569 τά

2007 511 2115 566 Ieri
2164 524 2288 582 quae
2342 506 2502 563 erant
2551 504 3051 561 administrationis
3103 505 3362 576 propria,
3415 507 3578 563 hodie

290 618 390 689 τῆς
420 614 740 680 ἀσθενείας,
787 614 1023 687 σήμερον
1061 612 1133 666 τὰ
1159 611 1263 683 τῆς
1290 609 1610 673 αὐθεντίας·
1639 608 1769 679 χθὲς
1815 605 1888 661 τὰ

290 710 394 781 τῆς
419 706 848 779 ἁνθρωπότητος
872 746 888 772 ,
936 705 1178 777 σήμερον
1228 702 1298 756 τά
1347 702 1449 773 τῆς
1500 701 1756 771 θεότητος
1801 699 1888 751 ὲν-

292 802 594 856 δείκνυται.
626 798 793 863 ’Χθὲς
832 797 1183 871 έρῤαπίζετο,
1219 796 1462 867 σήμερον
1508 795 1577 864 τῇ
1629 792 1885 862 ἀστραπῇ

290 891 402 962 τῆς
427 890 684 962 θεότητος
714 886 778 941 τὺ
816 886 912 941 τοῦ
940 886 1066 957 ᾅδου
1104 884 1326 957 ῥαπίζει
1363 884 1718 954 οἰκητήριον
1759 880 1888 951 χθὲς

296 983 602 1054 ἑδεσμεῖτο,
639 981 881 1053 σήμερον
903 978 1122 1041 ἀλύτοις
1150 978 1368 1048 δεσμοῖς
1409 976 1741 1046 καταδεσμεϊ
1764 973 1878 1046 (8θ)

295 1074 394 1127 τον
438 1072 727 1144 τύραννονν
790 1070 919 1141 χθὲς
985 1066 1372 1132 κατεδικάξετο
1397 1108 1411 1129 ,
1479 1066 1721 1137 σήμερον
1774 1067 1891 1129 τοῖς

301 1162 621 1225 καταδίκοις
648 1159 960 1232 ἐλευθερίαν
983 1159 1267 1232 χαρίζεται
1290 1174 1305 1189 ο
1339 1156 1468 1228 χθὲς
1498 1156 1766 1229 ὑπουργοὶ
1792 1155 1889 1209 τοῦ

304 1255 544 1309 Πιλάτου
593 1251 742 1324 αὐτῷ
789 1251 1099 1319 ἐνέπαιζον,
1153 1252 1396 1322 σήμερον
1424 1250 1477 1303 οἰ
1518 1249 1758 1322 πυλωροὶ
1792 1248 1889 1303 τοῦ

302 1349 435 1420 ᾅδου
461 1347 664 1410 ἰδόντες
693 1344 880 1411 αὑτὸν,
915 1344 1164 1417 ἐφριξαν.
1203 1342 1364 1396 Ἀλλὰ
1384 1341 1762 1414 γὰρ’άκουσον
1792 1340 1889 1395 τοῦ

301 1438 549 1512 Χριστοῦ
580 1438 786 1505 πάθους
808 1437 902 1491 τὸν
948 1436 1107 1505 λόγον
1156 1433 1429 1506 ἀνώτερον
1450 1450 1465 1464 ⁸
1492 1435 1749 1499 ἄκουσον,
1795 1435 1891 1487 καὶ

303 1532 555 1605 ὕμνησον
573 1545 592 1563 ⁶
610 1532 864 1598 ἄκουσον,
881 1529 975 1583 καὶ
994 1528 1218 1596 δόξασον
1238 1544 1255 1560 ο
1275 1527 1633 1597 ἄκουσον,καὶ
1652 1525 1891 1599 κήρυξον

302 1625 446 1680 θεοῦ
496 1624 710 1696 μεγάλα
752 1622 1066 1695 θαυμάσια’
1116 1622 1235 1687 πῶς
1286 1623 1315 1676 6
1362 1620 1522 1693 νόμος
1578 1620 1891 1692 ὑποχωρεῖ’

303 1715 434 1780 πῶς
460 1717 497 1786 ή
536 1715 699 1785 χάρις
742 1712 1002 1767 ὲπανθεῖο
1038 1711 1160 1776 πῶς
1183 1711 1235 1764 oi
1281 1708 1442 1764 τύποι
1482 1708 1891 1781 παρέρχονταν

306 1804 434 1869 πῶς
459 1804 518 1857 ai
542 1802 692 1856 σκιαὶ
718 1800 1090 1855 διαϐαίνουσιν
1114 1817 1130 1833 ο
1162 1797 1282 1862 πῶς
1313 1798 1342 1850 6
1389 1796 1544 1868 ἥλιος
1574 1796 1675 1867 τὴν
1709 1794 1893 1848 οίκου-

1987 615 2112 671 quae
2143 598 2431 670 potentias;
2473 596 2595 651 heri
2627 610 2753 667 quae
2796 596 3221 663 imbecillitatis,
3263 596 3425 653 hodie
3455 613 3580 668 qua:

1988 685 2421 751 dominationis;
2464 682 2583 738 heri
2635 697 2801 753 opera
2834 683 3090 737 humanae
3137 697 3368 750 natura},
3419 686 3582 742 hodie

1989 774 2300 831 divinitatis
2341 772 2735 829 ostenduntur.
2778 771 2908 827 Heri
2945 773 3121 843 alapis
3145 777 3579 843 percutiebatur,

1989 870 2154 926 hodie
2176 869 2390 939 fulgore
2409 867 2719 923 divinitatis
2735 866 2936 921 inferni
2961 868 3199 937 percutit
3219 868 3578 925 domicilium.

1989 960 2120 1018 Heri
2151 961 2447 1031 Iigabatnr,
2485 957 2649 1013 hodie
2681 958 3073 1012 insolubilibus
3100 959 3336 1014 vinculis
3358 960 3586 1031 colligat

1990 1062 2309 1125 tyrannum.
2335 1049 2463 1106 Heri
2487 1050 2983 1112 condemnabatur,
3012 1048 3174 1105 hodie
3205 1050 3586 1106 condemnatis

1991 1145 2301 1201 libertatem
2326 1143 2576 1213 largitur.
2611 1141 2738 1197 Heri
2773 1141 3015 1196 ministri
3041 1140 3202 1196 Pilati
3235 1143 3312 1195 illi
3348 1143 3587 1198 insultao

1990 1234 2148 1303 bant,
2181 1236 2348 1291 hodie
2379 1234 2648 1305 janitores
2676 1232 2880 1288 inferni
2913 1247 2980 1289 eo
3016 1234 3141 1289 viso
3181 1222 3411 1291 horrore
3452 1250 3582 1305 per-

1991 1332 2135 1388 culsi
2169 1337 2322 1387 sunt.
2354 1327 2556 1385 Verum
2584 1326 2868 1383 enimvero
2903 1326 3031 1381 audi
3063 1326 3270 1382 Christi
3305 1327 3584 1398 passionis

1990 1425 2263 1480 rationem
2297 1421 2683 1477 sublimiorem
2725 1437 2739 1473 :
2774 1418 2926 1481 audi,
2964 1417 3309 1487 etdecanta;
3341 1418 3493 1484 audi,
3530 1425 3585 1473 et

1994 1516 2248 1581 celebra;
2295 1512 2449 1577 audi,
2496 1520 2552 1566 et
2603 1510 2841 1581 praedico
2877 1509 2971 1564 Dei
3020 1525 3219 1581 magna
3268 1508 3587 1564 mirabilia:

1994 1604 2275 1673 quomodo
2314 1603 2400 1658 lex
2446 1602 2628 1656 locum
2676 1601 2853 1667 cedit;
2902 1601 3184 1671 quomodo
3229 1602 3405 1671 gratia
3439 1600 3593 1656 elllo-

1993 1694 2198 1761 rescit;
2229 1693 2509 1764 quomodo
2536 1692 2725 1762 ﬁgure
2761 1700 3131 1768 prater-eunt;
3167 1691 3444 1762 quomodo
3468 1704 3593 1745 um-

1998 1786 2452 1850 braitranseunt;
2500 1784 2780 1855 quomodo
2820 1785 2903 1838 sol
2943 1783 3132 1839 orbem
3175 1791 3448 1839 terrarum
3488 1784 3593 1838 im-

310 1858 489 1967 μένην
517 1895 755 1966 πληροῖ·
782 1894 902 1957 πῶς
936 1895 971 1964 ὴ
1016 1890 1231 1946 Παλαιὰ
1262 1858 1678 1943 πεπαλαίωταίυ
1714 1887 1833 1951 πῶς
1857 1889 1892 1957 ὴ

2007 1876 2143 1946 plet;
2196 1875 2475 1946 quomodo
2530 1872 2703 1929 Vetus
2748 1872 3171 1928 Testamentum
3232 1873 3595 1944 antiquatur;

306 1985 493 2057 Καινὴ
529 1982 869 2055 βεϐαιοῦται·
903 1982 1022 2046 πῶς
1068 1981 1137 2035 τὰ
1183 1981 1387 2052 ἀρχαία
1433 1977 1754 2050 παρῆλθεν,
1803 1977 1899 2030 καὶ

307 2076 435 2141 πῶς
464 2076 536 2129 τὰ
561 2076 658 2130 νέα
707 2073 1003 2147 ὲπήνθησε.
1036 2071 1142 2126 Δύο
1172 2072 1295 2125 λαοὶ
1343 2072 1401 2126 ὲν
1431 2069 1569 2123 Σιὼν
1620 2068 1762 2122 κατὰ
1802 2066 1901 2121 τοῦ

306 2164 555 2238 Χριστοῦ
602 2164 812 2229 πάθους
861 2163 1057 2237 καιρὸν
1110 2163 1525 2234 παραγεγόνασι
1549 2178 1564 2191 ν
1603 2161 1632 2213 6
1674 2158 1735 2224 ἒξ
1763 2159 1899 2212 Ἰου-

306 2259 477 2312 δαίων
505 2256 664 2328 ὁμοῦ,
700 2258 796 2312 καὶ
823 2258 851 2309 6
888 2257 947 2323 ιξ
977 2255 1148 2309 ἐθνῶν
1171 2274 1184 2287 ο
1230 2254 1326 2308 δύο
1356 2253 1621 2323 βασιλεῖς,
1666 2252 1901 2316 Πιλᾶτος

309 2348 412 2401 καὶ
443 2345 694 2419 Ἡρώδης
715 2363 730 2378 ·
761 2344 856 2399 δύο
898 2346 1196 2417 ἀρχιερεῖς,
1232 2346 1434 2407 Ἀννας
1472 2343 1567 2397 καὶ⁵
1601 2343 1858 2412 Καϊάφας
1883 2358 1897 2373 ·

307 2438 405 2491 ῐνα
428 2436 499 2491 τὰ
530 2436 626 2490 δύο
658 2435 796 2508 ὁμοῦ
826 2437 1009 2508 πάσχα
1048 2437 1338 2505 γένωνται,
1371 2436 1433 2489 τὸ
1465 2438 1563 2507 μὲν
1593 2434 1903 2489 καταπαυό-

310 2545 502 2600 μενον,
526 2530 589 2582 τὸ
624 2530 681 2583 δὲ
714 2528 812 2582 τοῦ
840 2529 1081 2600 Χριστοῦ
1126 2529 1524 2600 ἐναρχόμενον·
1576 2527 1671 2580 δύο
1714 2525 1899 2579 θυσίαι

305 2623 438 2676 κατ’
478 2620 651 2693 αὐτὴν
695 2621 793 2692 τὴν
845 2622 1083 2692 ἑσπέραν
1130 2620 1515 2673 ἐπετελοῦντοο
1566 2617 1756 2689 ἐπειδὴ
1804 2616 1902 2669 καὶ

306 2714 607 2786 σωτηρίαι,
645 2711 864 2776 ζώντων
896 2713 1040 2780 λέγω
1083 2713 1178 2765 καὶ
1227 2710 1475 2782 νεκρῶν,
1513 2707 1903 2780 ἐπραγματεύ-

303 2821 457 2859 οιντο.
505 2806 618 2859 Καὶ
655 2806 686 2857 6
715 2805 814 2875 μὲν
854 2805 1108 2868 Ἰουδαῖος
1148 2804 1366 2875 ἑδέσμει
1416 2802 1561 2856 θύων
1609 2801 1782 2871 ἀμνὸν
1808 2799 1904 2852 ἐπὶ

309 2896 536 2967 σφαγὴν
562 2895 699 2969 (81),
725 2900 753 2951 6
775 2897 832 2950 δὲ
855 2897 914 2961 ἐξ
950 2897 1121 2950 ἐθνῶν
1152 2896 1285 2950 Θεὸν
1306 2897 1364 2949 ὲν
1399 2894 1586 2966 σαρκί.
1612 2894 1724 2947 Καὶ
1745 2894 1774 2945 6
1804 2894 1902 2963 μὲν

306 2991 377 3059 τῇ
415 2988 551 3059 σκιᾷ
577 2988 855 3059 ἡτένιζεν·
887 2989 916 3042 6
962 2989 1021 3042 δὲ
1068 2987 1149 3059 τῷ
1198 2988 1334 3059 ἡλίῳ
1371 2985 1492 3057 Θεῷ
1540 2984 1900 3056 προσέτρεχε.

311 3080 427 3132 Καὶ
462 3082 516 3133 οί
568 3080 669 3150 μὲν
709 3080 975 3149 δήσαντες
1002 3078 1239 3149 Χριστὸν
1289 3079 1714 3148 ἁπεπέμποντο,
1763 3077 1814 3129 οἱ
1846 3076 1906 3128 δὲ

311 3176 373 3240 ἐξ
400 3173 576 3229 ἐθνῶν
612 3173 911 3246 προθύμως
940 3172 1101 3227 αὐτὸν
1136 3172 1388 3243 ἐδέχοντο
1417 3171 1553 3242 (8‘2).
1586 3170 1695 3223 Καὶ
1726 3170 1775 3222 oi
1806 3168 1904 3239 μὲν

312 3269 665 3342 κτηνόθυτον,
689 3270 741 3321 oi
764 3268 822 3321 δὲ
853 3269 1129 3339 θεόσωμον
1158 3265 1350 3319 θυσίαν
1375 3264 1735 3335 προσέφερον,
1762 3261 1904 3315 Ἀλλ’

325 3363 380 3413 οἱ
433 3361 529 3430 μὶν
570 3362 813 3415 Ἰουδαῖοι
870 3361 971 3433 τὴν
1033 3359 1094 3426 ἐξ
1145 3358 1425 3428 Αἰγύπτου
1473 3358 1723 3412 διάϐασιν
1774 3354 1907 3427 (85)

332 3452 693 3523 ἐμνημόνευον
720 3491 735 3517 ,
770 3453 819 3505 οἱ
868 3452 926 3505 δὲ
970 3451 1031 3517 ἐξ
1075 3449 1251 3506 ἐθνῶν
1294 3448 1396 3521 τὴν
1445 3450 1509 3503 ὲκ
1550 3448 1651 3519 τῆς
1696 3447 1911 3519 πλάνης

330 3543 593 3616 λύτρωσιν
629 3543 1123 3618 προεκηρύττοντο.
1390 3562 1394 3566 ·

392 3719 510 3776 Καὶ
536 3718 712 3774 ταῦτα
736 3718 878 3787 ποῦ;
927 3721 987 3776 ὲν
1033 3719 1176 3775 Σιὼν
1207 3722 1275 3794 τῇ
1318 3720 1473 3775 πόλει
1500 3719 1596 3774 τοῦ
1636 3719 1909 3785 Βασιλέως

315 3813 416 3867 τοῦ
454 3811 695 3883 μεγάλου
715 3829 729 3844 ·
773 3814 833 3866 ἐν
936 3814 1235 3886 εἰργάσατο
1267 3812 1512 3884 σωτηρία
1546 3814 1606 3865 ὲν
1633 3811 1784 3884 μέσῳ
1814 3813 1914 3883 τῆς

318 3903 452 3973 γῆς,
489 3905 548 3956 ὲν
586 3903 735 3975 μέσῳ
763 3902 859 3958 δύο
878 3903 1034 3969 ζώων
1062 3904 1331 3974 γνωσθεὶς
1363 3901 1573 3973 Ἰησοῦς
1595 3903 1624 3957 6
1648 3902 1874 3967 θεόπαις
1892 3917 1909 3933 ο

316 3998 383 4048 ἐν
427 3993 583 4067 μέσῳ
606 3994 820 4065 Πατρδς
850 3994 947 4047 κα)⁸
975 3995 1294 4064 Πνεύματος
1324 3992 1434 4047 τῶν
1460 3991 1555 4046 δύο
1584 3990 1761 4059 ζώων,
1797 3992 1912 4063 ζωὴ

323 4087 393 4137 ἐκ
416 4082 568 4153 ζωῆς
595 4082 727 4155 (84),
752 4084 909 4155 φησὶ,
936 4080 1083 4148 ζωὸς
1102 4082 1527 4155 γνωριζόμενος,
1546 4081 1642 4135 καὶ
1670 4083 1730 4136 έν
1761 4081 1913 4153 μέσῳ

318 4174 577 4244 ἀγγέλων
610 4175 705 4229 καὶ
743 4175 1051 4246 ἀνθρώπων
1101 4177 1169 4247 τῇ
1205 4176 1383 4247 φάτνῃ
1424 4175 1778 4245 τικτόμενος’
1818 4176 1915 4229 καὶ

320 4269 385 4320 ἄν
417 4266 573 4338 μέσῳ
592 4266 687 4323 δύο
709 4265 856 4321 λαῶν
895 4266 1042 4332 λίθος
1070 4269 1467 4340 ἀκρογωνιαίος
1504 4266 1787 4337 κείμενος·
1817 4266 1915 4321 καὶ

321 4363 385 4412 ὲν
419 4360 574 4431 μέσῳ
602 4360 769 4432 νόμου
820 4362 915 4415 καὶ
955 4359 1254 4433 προφητῶν
1292 4359 1430 4432 ὁμοῦ
1470 4360 1909 4432 κηρυττόμενος’

322 4452 422 4505 καὶ
450 4453 513 4506 ἐν
545 4452 699 4523 μέσῳ
728 4451 938 4523 Μωῦσῆ
968 4452 1064 4505 καὶ
1098 4451 1254 4505 Ἠλία
1298 4452 1392 4504 ἐπὶ
1423 4451 1517 4510 τοῦ
1556 4451 1715 4524 ὅρους
1745 4454 1914 4506 ὀπτα-

1998 1967 2279 2038 quomodo
2309 1967 2519 2020 Novum
2550 1964 2872 2030 stabilitur;
2910 1962 3187 2033 quomodo
3211 1974 3396 2020 vetera
3412 1972 3595 2020 trans-

1999 2061 2201 2126 ierunt,
2245 2068 2301 2114 et
2334 2058 2621 2129 quomodo
2665 2071 2804 2111 neva
2843 2056 3225 2112 emeruerunt.
3262 2056 3378 2111 Duo
3410 2058 3596 2128 populi

2000 2160 2247 2222 tempore
2270 2151 2476 2206 Christi
2512 2148 2792 2220 passionis
2829 2148 2885 2203 in
2939 2146 3074 2203 Sion
3097 2147 3373 2204 aﬂuerunt
3405 2167 3418 2203 :
3451 2149 3597 2204 alius

2000 2259 2066 2299 ex
2115 2243 2324 2299 Juda2is
2373 2244 2562 2309 simul,
2607 2243 2750 2297 alius
2806 2256 2875 2296 ex
2919 2241 3211 2313 gentibus;
3259 2242 3368 2296 duo
3416 2255 3597 2311 reges,

2001 2336 2215 2391 Pilatus
2262 2344 2317 2390 et
2376 2334 2654 2400 Herodes;
2713 2335 2823 2388 duo
2880 2334 3162 2403 principes
3217 2333 3596 2398 sacerdotum,

1999 2428 2189 2480 Alinas
2220 2433 2276 2479 et
2319 2424 2581 2494 Caiphas,
2613 2432 2672 2476 ut
2712 2421 2823 2475 duo
2864 2421 3028 2474 simul
3077 2420 3337 2489 paschata
3372 2418 3597 2484 ﬁerent;

2002 2518 2136 2573 illud
2178 2516 2398 2587 quidem
2431 2530 2683 2579 cessans,
2729 2522 2786 2569 at
2825 2513 3033 2568 Christi
3081 2513 3299 2566 initium
3333 2526 3598 2577 sumens;

2001 2611 2125 2667 dua:
2156 2612 2396 2665 victima:
2437 2609 2630 2664 eodem
2683 2621 2910 2677 vespere
2962 2605 3409 2676 perﬁciebantur,
3457 2619 3602 2675 quo-

2003 2705 2153 2757 niam
2186 2713 2241 2758 et
2273 2704 2477 2772 duplex
2509 2703 2683 2763 salus,
2718 2701 2965 2753 vivorum
2999 2698 3225 2767 inquam
3272 2704 3328 2751 et
3358 2704 3603 2751 mortuo-

2003 2814 2150 2859 rum,
2195 2794 2615 2850 conficiebatur.
2652 2793 2732 2845 Ac
2786 2791 3023 2861 populus
3057 2790 3279 2859 quidem
3331 2785 3604 2842 Iudaicus

2005 2888 2300 2957 colligabat
2342 2901 2544 2956 agnum
2596 2883 2921 2938 sacriﬁcans
2973 2881 3043 2935 ad
3095 2880 3319 2941 caedem,
3368 2879 3603 2950 populus

2004 2994 2138 3033 vero
2176 2992 2241 3032 ex
2272 2977 2531 3047 gentibus
2579 2974 2750 3029 Deum
2802 2973 2860 3026 in
2893 2986 3082 3027 carne.
3119 2971 3214 3026 Ille
3240 2974 3490 3026 umbram
3524 2970 3605 3025 in-

2007 3073 2283 3134 tuebatur,
2306 3069 2395 3123 bic
2426 3067 2493 3122 ad
2530 3066 2703 3121 solem
2738 3064 2912 3121 Deum
2945 3065 3297 3119 accurrebat.
3342 3063 3424 3117 llli
3446 3063 3607 3117 Chri-

2010 3171 2155 3219 stum
2181 3161 2508 3223 vincientes,
2559 3159 2699 3211 alter
2746 3157 2907 3211 alteri
2959 3154 3452 3209 transmittebant:
3508 3155 3601 3209 isti

2011 3267 2142 3308 Vt'l‘o
2180 3268 2245 3307 ex
2273 3250 2528 3321 gentibus
2555 3248 2812 3303 alacriter
2841 3262 2967 3303 eum
2995 3246 3394 3316 suscipiebant.
3420 3243 3502 3298 illi
3536 3260 3605 3300 ex

2012 3344 2318 3418 pecudibus
2340 3349 2658 3406 mactatam,
2686 3341 2739 3395 hi
2765 3354 2900 3395 vero
2919 3338 3092 3393 divini
3115 3338 3334 3408 corpori
3369 3337 3605 3392 hostiam

2011 3437 2336 3493 offerebant.
2366 3433 2540 3489 Judaei
2575 3435 2757 3489 exitus
2784 3448 2852 3487 ex
2891 3431 3130 3503 IEgypto
3161 3429 3484 3485 memoriam
3516 3445 3605 3487 re-

2012 3530 2294 3597 colebant,
2330 3527 2388 3582 hi
2412 3528 2505 3599 qui
2531 3542 2595 3582 ex
2627 3526 2883 3598 gentibus
2910 3524 3292 3580 liberationem
3324 3537 3391 3578 ex
3414 3536 3607 3578 errore

2014 3623 2412 3698 praedicabant.

2085 3717 2153 3773 Et
2186 3719 2304 3773 baic
2337 3714 2475 3771 ubi?
2527 3713 2584 3767 In
2637 3711 2771 3767 Sion
2810 3710 3031 3766 civitate
3065 3708 3234 3781 Regis
3284 3708 3501 3780 magni,
3550 3707 3606 3763 in

2013 3829 2123 3885 qua
2156 3819 2419 3883 operatus
2449 3815 2535 3864 est
2566 3809 2804 3864 salutem
2837 3806 2894 3861 in
2916 3805 3100 3861 medio
3128 3811 3308 3859 terrai.
3346 3801 3402 3857 In
3429 3802 3612 3857 medio

2014 3907 2249 3963 duorum
2277 3905 2528 3959 vivorum
2554 3901 2813 3972 cognitus
2842 3898 3007 3955 Jesus
3038 3896 3134 3953 Dei
3164 3896 3376 3963 Filius;
3414 3895 3470 3949 in
3503 3909 3612 3950 me—

2014 3998 2108 4053 dio
2151 3996 2332 4051 Patris
2386 4001 2442 4049 ct
2490 3991 2735 4063 Spiritus
2777 3991 2980 4055 sancti,
3033 3988 3269 4044 duorum
3302 3987 3554 4042 vivorum
3592 4006 3609 4042 :

2013 4089 2149 4150 vita,
2198 4085 2398 4155 inquit,
2432 4099 2499 4137 ex
2541 4083 2677 4146 vita,
2712 4082 2873 4137 vivus
2924 4081 3168 4150 agnitus,
3216 4089 3270 4134 et
3322 4079 3376 4133 in
3429 4077 3612 4133 medio

2015 4180 2338 4250 angelorum
2363 4186 2417 4231 et
2447 4176 2732 4229 hominum
2760 4176 2814 4229 in
2841 4172 3070 4243 praesepi
3104 4172 3156 4225 in
3181 4172 3358 4225 lucem
3389 4170 3609 4235 editus;

2014 4278 2069 4327 et
2095 4270 2150 4323 in
2192 4266 2374 4322 medio
2404 4265 2642 4320 duorum
2683 4264 3010 4334 pepulerum
3041 4261 3181 4332 lapis
3205 4258 3487 4330 angularia
3520 4273 3611 4329 po-

2014 4361 2199 4423 situs;
2248 4364 2305 4411 et
2333 4356 2391 4411 in
2432 4354 2614 4409 medio
2660 4353 2817 4424 legis,
2859 4353 3065 4423 pariter
3112 4366 3178 4405 ac
3219 4349 3608 4421 prophetarum

2016 4451 2406 4524 praedicatione
2464 4448 2815 4513 celebratus;
2877 4455 2934 4501 et
2979 4446 3034 4500 in
3076 4443 3261 4501 medio
3310 4443 3511 4516 Moysis
3556 4449 3613 4499 et

321 4541 590 4614 νόμινος·
624 4543 722 4598 καὶ
767 4545 826 4597 ὲν
881 4544 1032 4615 μέσῳ
1077 4544 1187 4597 τῶν
1237 4544 1333 4598 δύο
1382 4544 1597 4616 λῃστῶν
1647 4544 1781 4609 Θεὸς
1834 4544 1904 4617 τῷ

2018 4545 2148 4600 Elia:
2179 4544 2234 4597 in
2272 4550 2461 4597 monte
2490 4547 2824 4610 conspectus
2844 4553 2859 4607 ;
2879 4549 2933 4594 et
2961 4538 3016 4593 in
3051 4537 3232 4593 medio
3266 4538 3500 4593 duorum
3530 4536 3614 4591 la-

324 4630 644 4705 εὐγνώμονι
669 4635 842 4706 λῃστῇ
893 4632 1314 4707 γνωριζόμενος’
1376 4636 1473 4692 καὶ
1517 4635 1577 4689 ὲν
1626 4636 1778 4707 μέσῳ
1816 4636 1918 4708 τῆς

326 4722 615 4794 παρούσης
652 4724 800 4794 ζωῆς
829 4726 923 4781 καὶ
969 4725 1070 4795 τῆς
1116 4724 1421 4796 μελλούσης
1457 4724 1651 4797 κριτὴς
1699 4724 1918 4790 αἰώνιος

328 4815 734 4886 καθεζόμενος
783 4818 879 4871 καὶ
935 4818 993 4872 ἐν
1038 4816 1191 4889 μέσῳ
1252 4818 1494 4889 σήμερον
1546 4816 1767 4881 ζώντων
1824 4819 1921 4873 καὶ

325 4908 545 4981 νεκρῶν
596 4909 781 4981 διττὴν
846 4909 990 4980 ζωὴν
1058 4911 1150 4964 καὶ
1206 4910 1484 4982 σωτηρίαν
1529 4910 1917 4981 ποιησάμενος.

327 5001 533 5072 Διττὴν
568 5002 733 5055 πάλιν
762 5002 905 5071 λέγω
939 5001 1103 5072 ζωὴν,
1143 5001 1325 5073 διττὴν
1359 5002 1612 5073 γέννησιν
1650 5003 1788 5073 ὁμοῦ
1826 5002 1922 5056 καὶ

331 5090 718 5163 ἀναγέννησιν,
746 5092 842 5145 καὶ
869 5093 1102 5146 ἄκουσον
1131 5092 1242 5163 (85)
1277 5091 1519 5164 Χριστοῦ
1546 5092 1726 5147 διττοῦ
1757 5092 1920 5147 τόκου

335 5184 408 5237 τὰ
447 5184 785 5254 πράγματα,
826 5185 921 5238 καὶ
958 5184 1144 5255 κράτει
1198 5184 1269 5239 τὰ
1328 5184 1608 5255 θαύματα.
1658 5185 1923 5255 Ἀγγελος

345 5275 444 5345 μὲν
472 5278 540 5347 τῇ
567 5277 760 5349 Μαρίᾳ
791 5277 1066 5350 μητρικὴν
1083 5276 1178 5331 τοῦ
1211 5278 1449 5349 Χριστοῦ
1479 5278 1728 5351 γέννησιν
1757 5282 1924 5352 εὐηγ-

340 5366 627 5435 γελὶσατο’
672 5368 906 5437 ἄγγελος
936 5367 996 5423 δὲ
1030 5371 1098 5439 τῇ
1128 5368 1320 5439 Μαρίᾳ
1356 5371 1423 5440 τῇ
1453 5370 1790 5442 Μαγδαληνῇ
1822 5372 1924 5442 τὴν

332 5461 406 5514 ἐκ
449 5460 546 5515 τοῦ
591 5462 766 5531 τάφου
816 5462 1052 5533 φρικτὴν
1103 5461 1462 5531 ἁναγέννησιν
1510 5463 1920 5534 εὐηγγελίσατο.

332 5551 519 5609 Νυκτὶ
544 5553 779 5625 Χριστὸς
804 5555 864 5607 ὲν
893 5552 1144 5626 Βηθλεὲμ
1170 5554 1425 5623 γεννᾶται
1444 5570 1458 5584 °
1487 5554 1645 5609 νυκτὶ
1676 5555 1837 5611 πάλιν
1866 5558 1925 5611 ὲν

409 5707 530 5775 (80)
556 5726 649 5779 γρ.
682 5709 982 5780 διαδεσμεῖ.

408 5781 528 5921 (81)
558 5797 651 5847 rp.
682 5781 740 5835 ὲν
766 5781 970 5850 σφαγῇ.

434 5852 526 5921 di)
570 5869 655 5921 γρ.
695 5850 970 5921 ὑπεδέχονι

434 5852 526 5921 di)
570 5869 655 5925 γρ.
695 5850 1034 5921 ὑπεδέχοντο.

2022 4649 2243 4692 tronum
2280 4634 2424 4690 Deus
2455 4634 2628 4704 probo
2656 4631 2860 4688 latroni
2901 4632 3179 4703 cognitus,
3210 4630 3522 4701 sedensque
3557 4630 3615 4685 in

2019 4729 2201 4786 medio
2218 4727 2510 4799 praesentis
2528 4727 2652 4781 vitae
2668 4731 2723 4781 et
2739 4724 2938 4781 futura:
2953 4724 3120 4794 judex
3140 4732 3413 4792 aeternus;
3450 4731 3616 4792 atque

2021 4821 2077 4878 in
2125 4818 2303 4875 medio
2339 4819 2590 4873 vivorum
2637 4824 2692 4872 et
2736 4825 3101 4881 mortuorum,
3139 4816 3412 4885 duplicem
3452 4814 3613 4869 hodie

2020 4912 2191 4967 vitam
2245 4917 2300 4964 et
2330 4909 2564 4963 salutem
2604 4905 2858 4978 perfecit.
2900 4904 3185 4975 Duplicem
3234 4919 3456 4959 rursum
3486 4904 3613 4959 dico

2021 5002 2214 5069 vitam,
2243 5000 2523 5072 duplicem
2559 4998 2996 5071 generationem,
3028 4998 3305 5068 simulque
3333 5011 3613 5069 regenera-

2024 5097 2250 5151 tionem.
2288 5093 2356 5147 Et
2394 5093 2523 5149 audi
2557 5092 2764 5148 Christi
2798 5091 3041 5162 duplicis
3078 5090 3385 5146 nativitatis
3418 5104 3613 5161 opera,

2024 5197 2079 5244 et
2107 5187 2309 5259 plaude
2331 5187 2405 5241 ob
2435 5185 2725 5241 miracula.
2758 5185 3001 5255 Angelus
3033 5182 3253 5253 quidem
3287 5182 3471 5237 Maria:
3500 5182 3617 5236 ma-

2027 5288 2239 5336 ternam
2294 5277 2504 5333 Christi
2549 5275 2967 5347 generationem
3019 5274 3326 5340 nuntiavit;
3383 5271 3613 5342 angelus

2025 5384 2157 5424 vero
2187 5368 2373 5424 Mariae
2402 5366 2733 5437 Magdalena:
2756 5381 2822 5421 ex
2852 5366 3112 5436 sepulcro
3143 5362 3621 5435 regenerationem

2027 5463 2400 5520 annuntiavit.
2432 5460 2608 5515 Noctu
2626 5461 2956 5516 Christusin
2992 5456 3308 5513 Bethlehem
3340 5456 3615 5516 nascitur,

2027 5565 2194 5613 noctu
2221 5570 2441 5610 rursum
2474 5555 2529 5608 in
2559 5552 2691 5608 Sion
2719 5554 3052 5610 renascitur.
3082 5550 3306 5608 Fascia:
3328 5550 3477 5606 circa
3510 5563 3609 5604 nea

2098 5712 2212 5792 ea
2248 5728 2338 5782 τρι
2379 5711 2477 5792 τῆς
2504 5709 2824 5792 inediam:

2100 5778 2213 5852 (Si)
2376 5778 2483 5833 τῶν
2507 5782 2571 5834 ἐκ
2598 5780 2745 5849 ζωῆς
2768 5779 2925 5852 φύσει
2951 5778 3127 5844 ζώων.

2103 5851 2215 5925 (85)
2251 5851 2340 5922 πρ.
2372 5852 2533 5908 ἄκουε
2561 5852 2737 5921 ῥητῶς
2765 5851 2867 5905 διτ.
