3988 6420
508 355 612 412 M3

1828 361 2041 417 DUBIA
2079 363 2222 418 AUT
2257 358 2530 425 SPURIA;
3641 393 3725 451 ιιι

508 478 782 533 tlvitatem
828 480 1085 551 suscipit,
1133 483 1324 540 fasciis
1351 492 1408 542 ct
1456 485 1545 544 hic
1589 486 1913 544 involvitur.
1958 485 2071 559 Myr

2176 490 2273 559 ,τῇ
2307 487 2448 542 Σιὼν
2488 491 2874 558 ἀναγεννᾶται.
2930 493 3230 566 Σπάργανα
3275 513 3354 565 εις
3381 500 3472 573 τὴν
3513 507 3729 583 γέννησιν

505 567 663 621 rham
696 576 860 625 natus
897 573 1140 644 accepit;
1185 575 1463 646 myrrham
1491 585 1547 632 et
1577 577 1630 632 in
1664 577 1858 634 funere
1890 579 2096 634 aloem-

2199 581 2590 651 καταδέχεται·
2617 583 2914 654 σπάργανα
2935 587 3032 640 καὶ
3065 589 3294 644 ἐνταῦθα
3316 581 3731 664 κατατυλίττεται.

504 675 613 729 quc
669 663 891 733 recipit.
946 665 1063 720 lllic
1116 665 1318 737 Joseph
1371 683 1476 722 nec
1525 669 1756 724 maritus
1791 672 2071 741 appellatus

2197 673 2454 743 Σμύρναν
2481 675 2766 744 γεννηθεὶς
2795 677 3046 742 ἐδέξατο·
3075 682 3318 754 σμύρναν
3342 687 3432 741 καὶ
3461 691 3514 742 ἐν
3532 696 3592 763 τῇ
3613 701 3732 769 ταφῇ

504 752 739 810 maritus
770 755 974 819 Maria,
1025 772 1090 812 ac
1124 759 1216 812 hic
1251 758 1454 830 .loscph
1495 777 1562 816 ex
1601 761 1935 818 Arimatha-a
1973 765 2071 819 vita

2196 763 2292 816 καὶ
2325 761 2489 834 ἁλοὴν
2522 764 2906 836 καταδέχεται.
2942 767 3090 821 Ἑκεί
3131 752 3325 842 Ἰωσὴφ
3351 752 3592 850 ἄνανδρος

504 850 709 898 nostra:
755 855 1076 916 parentator
1120 849 1374 904 ellicitur.
1435 849 1494 904 In
1548 851 1864 908 Bethlehem
1919 862 1972 910 et
2035 855 2092 910 in

503 935 736 1004 prmsepi
777 939 1082 1006 generatio,
1113 954 1304 994 verum
1347 949 1402 995 et
1434 941 1486 995 in
1534 945 1788 1014 sepulcro
1829 954 2091 1016 tanquam

504 1024 559 1077 in
600 1028 832 1097 βιωθερί
877 1029 1054 1084 locus.
1110 1028 1280 1084 Primi
1331 1042 1583 1102 pastores
1621 1035 1825 1090 Christi
1869 1037 2092 1092 nuntia-

503 1113 639 1170 bant
679 1121 1120 1188 generationem;
1159 1123 1254 1179 sed
1284 1133 1338 1179 et
1370 1127 1530 1196 primi
1560 1128 1805 1182 omnium
1841 1136 2091 1198 pastores

501 1203 706 1261 Christi
748 1209 1006 1280 discipuli
1047 1214 1520 1271 annuntiaverunt
1551 1215 1761 1272 Christi
1790 1235 1820 1274 a
1856 1220 2091 1277 mortuis

499 1301 991 1368 regenerationem.
1027 1303 1141 1358 lllic
1163 1305 1296 1372 Ave,
1331 1311 1558 1378 angelus
1585 1309 1653 1364 ad
1685 1309 1963 1381 Virginem
1998 1326 2089 1368 ex-

495 1386 778 1455 clamavit,
823 1400 879 1446 et
928 1393 1042 1458 hic,
1103 1396 1294 1464 Avete,
1341 1400 1527 1470 magni
1583 1399 1801 1456 consilii
1857 1402 2088 1473 angelus

494 1476 750 1536 Christus
813 1485 956 1554 apud
995 1488 1253 1547 mulieres
1283 1495 1592 1563 usurpavit.
1622 1495 1680 1548 ln
1716 1495 1892 1565 prima
1923 1509 2088 1565 gene-

492 1569 708 1627 ratione
749 1573 1010 1632 Christus
1049 1591 1176 1656 post
1221 1583 1586 1653 quadraginta
1635 1584 1757 1640 dies
1801 1585 2086 1654 ingressus

491 1669 580 1716 est
623 1663 680 1718 in
722 1673 1038 1726 terrestrem
1095 1672 1557 1746 Hierosolymam,
1611 1677 1665 1730 in
1701 1678 1988 1748 templum,
2029 1684 2086 1733 et

2194 853 2296 923 τῆς
2337 855 2559 926 Μαρίας
2591 859 3069 930 προσηγόρευται·
3115 863 3232 916 ἀλλ’
3269 859 3370 919 ὧδε
3416 870 3596 940 Ἰωσὴφ
3623 876 3648 926 ό
3684 876 3732 942 ἐξ

2211 945 2576 1018 Ἁριμαθαίας
2606 948 2876 1022 κηδευτὴς
2891 951 2992 1020 τῆς
3013 951 3162 1023 ζωῆς
3189 955 3344 1026 ἡμῶν
3373 959 3729 1022 ἀναδείκνυται.

2207 1037 2296 1090 Ἐν
2316 1037 2566 1109 Βηθλεὲμ
2594 1039 2688 1092 καὶ
2713 1041 2770 1094 ὲν
2799 1042 2976 1116 φάτνῃ
3007 1045 3037 1096 ό
3067 1043 3232 1112 τόπος
3248 1047 3382 1119 (85‘)
3400 1066 3413 1079 ·
3443 1051 3666 1108 ἀλλὰκαὶ
3685 1058 3732 1112 ὲν

2191 1129 2272 1199 τῷ
2293 1131 2448 1201 τάφῳ
2474 1130 2551 1195 ὡς
2584 1130 2678 1184 ἐπὶ
2700 1130 2910 1205 φάτνης
2925 1135 2954 1186 ὁ
2984 1135 3166 1201 τόπος.
3187 1138 3398 1210 Πρῶτοι
3419 1142 3616 1199 πάντων
3632 1163 3729 1202 ποι·

2195 1217 2358 1289 μένες
2411 1219 2511 1291 τὴν
2551 1220 2793 1292 Χριστοῦ
2843 1224 3259 1294 εὐηγγελίζοντο
3315 1231 3583 1302 γέννησιν·
3621 1235 3733 1290 ἀλλὰ

2192 1311 2287 1366 καὶ
2318 1309 2528 1382 πρῶτοι
2567 1312 2787 1366 πάντων
2823 1315 3085 1384 ποιμένες
3122 1318 3359 1388 Χριστοῦ
3404 1322 3623 1393 μαθηταὶ
3658 1327 3733 1379 εὐ.

2186 1403 2598 1475 ηγγελίσθησαν
2615 1404 2710 1457 τοῦ
2741 1405 2980 1476 Χριστοῦ
3023 1406 3122 1477 τὴν
3163 1409 3228 1462 ὲκ
3263 1411 3467 1483 νεκρῶν
3505 1415 3733 1485 ἀναγγέν-

2187 1511 2363 1564 νησιν.
2404 1495 2569 1559 Ἐκεῖ,
2605 1497 2799 1568 Χαῖρε,
2830 1499 2858 1550 ό
2903 1497 3134 1566 ἄγγελος
3164 1503 3230 1572 τῇ
3260 1503 3514 1576 Παρθένῳ
3532 1507 3730 1578 ἐϐόησε·

2186 1587 2281 1639 καὶ
2306 1585 2563 1652 ἐνταῦθα,
2591 1587 2849 1660 Χαίρετε,
2895 1591 2924 1641 ὁ
2944 1589 3043 1660 τῆς
3069 1591 3312 1663 μεγάλης
3331 1593 3521 1665 βουλῆς
3535 1597 3730 1666 ἄγγελος

2185 1677 2420 1748 Χριστὸς
2447 1679 2570 1741 ταῖς
2623 1679 2840 1747 γυναιξὶ
2890 1681 3286 1753 ἀνακέκραξεν.
3336 1684 3422 1739 Ἐν
3464 1690 3527 1757 τῇ
3573 1687 3738 1763 πρώτῃ

490 1753 713 1822 obtulit,
743 1765 804 1812 ut
827 1761 1254 1833 primogenitus,
1283 1783 1379 1835 par
1408 1775 1688 1823 turturum
1720 1766 1863 1835 Deo;
1891 1783 2071 1824 verum

2183 1772 2438 1841 γεννήσει
2470 1769 2708 1842 Χριστὸς
2763 1771 2908 1841 μετὰ
2947 1773 3358 1844 τεσσαράκοντα
3402 1753 3734 1848 ἠμέρας-ειᾷ

489 1852 546 1898 et
585 1846 642 1901 in
682 1855 1094 1910 resurrectione
1135 1872 1167 1910 a
1211 1859 1443 1914 mortuis
1477 1858 1735 1916 Christus
1774 1869 1899 1931 post
1938 1875 2071 1932 qua-

2183 1833 2345 1935 ἧλοεᾴ
2372 1867 2453 1928 είς
2508 1833 2612 1936 τὴν
2660 1833 2907 1936 ἐπίγειον
2949 1833 3342 1940 Ἰερουσαλὴμ,
3387 1833 3464 1934 εἰς
3497 1833 3733 1939 τόν-ναὸν,

490 1935 750 2009 draginta
779 1943 898 2002 dies
926 1948 1177 2004 ascendit
1202 1950 1258 2004 in
1290 1967 1584 2022 supernam
1616 1953 2076 2026 Hierosolymam,

490 2043 520 2082 a
552 2046 661 2101 qua
694 2050 801 2089 non
849 2048 968 2093 erat
999 2050 1319 2111 separatus,
1364 2054 1418 2098 et
1462 2045 1516 2099 in
1549 2061 1674 2101 vere
1715 2043 1914 2100 Sancta
1957 2063 2079 2101 sau-

487 2131 726 2191 ctorum,
762 2143 820 2184 ut
847 2132 1251 2202 primogenitus
1287 2136 1640 2208 incorruptus
1673 2153 1702 2193 a
1733 2140 1988 2202 mortuis,
2022 2149 2080 2194 et

486 2215 688 2271 obtulit
736 2219 847 2276 Deo
901 2232 956 2278 ct
1007 2224 1153 2281 Patri
1203 2235 1462 2298 tanquam
1513 2230 1652 2285 duas
1695 2231 2075 2285 immaculatas

486 2313 760 2374 turtures,
804 2313 1045 2369 animam
1091 2324 1147 2371 et
1193 2333 1415 2374 carnem
1464 2328 1760 2376 nostram:
1808 2337 1969 2392 quem
2021 2330 2076 2376 et

485 2403 756 2473 suscepit,
795 2407 959 2462 veluti
998 2407 1219 2464 Simcon
1262 2413 1512 2482 quidam,
1544 2414 1821 2485 Antiquus
1858 2416 2072 2471 dierum

483 2491 632 2551 Deus
659 2505 714 2552 et
737 2497 922 2563 Pater,
962 2509 1224 2573 tanquam
1251 2505 1304 2558 in
1340 2506 1524 2573 ulnas,
1552 2507 1605 2560 in
1639 2510 1891 2578 proprios
1916 2509 2074 2565 sinus

481 2587 605 2645 sine
633 2589 740 2643 ulla
764 2591 1304 2664 circumscriptione.
1333 2596 1390 2652 Si
1416 2615 1546 2654 vero
1571 2600 1685 2655 haec
1707 2609 1766 2653 ut
1797 2601 2069 2669 fabulosa,

480 2687 538 2732 et
569 2694 678 2734 non
715 2681 949 2738 ﬁdeliter
997 2685 1176 2751 audis,
1221 2696 1487 2744 accusant
1532 2697 1585 2745 te
1640 2705 1750 2745 non
1802 2692 2074 2748 dissoluta

479 2765 660 2834 sigilla
727 2772 1164 2838 regenerationis
1226 2774 1496 2832 Dominiei
1545 2778 1748 2834 Christi
1805 2783 2067 2852 sepulcri.

2182 1957 2278 2008 καὶ
2332 1955 2689 2026 προσήγαγεν
2739 1954 2816 2018 ὠς
2864 1955 3213 2025 πρωτότοκος
3244 1956 3440 2026 ζεῦγος
3495 1959 3736 2030 τρυγόνων

2181 2045 2334 2116 Θεῷ·
2356 2044 2492 2098 ἀλλά
2529 2046 2624 2098 καὶ
2663 2046 2724 2098 ὲν
2751 2047 2819 2116 τῇ
2858 2047 2922 2099 ὲκ
2952 2045 3162 2118 νεκρῶν
3200 2047 3493 2103 ἀναστάσει
3534 2050 3734 2121 Χριστὸς

2183 2137 2324 2210 μετά
2360 2137 2774 2208 τεσσαράκοντα
2839 2138 3054 2210 ἡμέρας
3106 2139 3341 2210 ἀνῆλθεν
3393 2143 3470 2206 είς
3513 2141 3601 2213 τὴν
3643 2142 3736 2196 ἄνω

2191 2229 2570 2304 Ἰερουσαλὴμ,
2595 2229 2719 2283 ὅθεν
2747 2229 2850 2282 οὐκ
2887 2229 3202 2301 ἐχωρίζετο,
3247 2231 3346 2283 καὶ
3379 2232 3460 2295 είς
3493 2231 3558 2285 τὰ
3593 2231 3734 2294 ὅντως

2181 2323 2350 2390 Ἀγια
2371 2321 2480 2375 τῶν
2497 2321 2670 2390 ἁγίων
2692 2321 2768 2383 ὡς
2791 2321 3134 2392 πρωτότοκος
3156 2319 3430 2392 ἄφθαμος
3452 2324 3514 2376 ὲκ
3535 2321 3730 2393 νεκρῶν,

2178 2416 2272 2470 καὶ
2305 2416 2626 2485 προσήγαγε
2657 2413 2736 2484 τῷ
2765 2412 2884 2483 Θεῷ
2927 2414 3023 2466 καὶ
3056 2414 3233 2484 Πατρ“ι
3271 2414 3347 2478 ὼς
3379 2414 3471 2467 δύο
3505 2413 3746 2485 ἀμώμους-

2175 2505 2465 2576 τρυγόνοις,
2506 2505 2605 2575 τὴν
2632 2504 2808 2577 ψυχὴν
2845 2505 2939 2559 καὶ
2973 2504 3071 2576 τὴν
3113 2507 3297 2576 σάρκα
3327 2505 3425 2578 τὴν
3458 2506 3727 2578 ἡμετέραν·

2173 2598 2232 2651 ὃν
2275 2598 2369 2650 καὶ
2409 2597 2728 2662 ὑπεδέξατο,
2759 2595 2834 2658 ὡς
2866 2595 3090 2666 Συμεών
3135 2613 3242 2660 τις,
3299 2599 3327 2651 ὁ
3379 2597 3603 2662 Παλαιὸς
3644 2598 3729 2650 τῶν

2175 2690 2399 2762 ἡμερῶν
2431 2689 2565 2753 Θεὸς
2598 2691 2692 2744 καὶ
2739 2687 2930 2760 Πατὴρ
2951 2727 2966 2753 ,
3003 2689 3080 2752 ὡς
3125 2690 3182 2742 ὲν
3213 2689 3484 2758 ἀγκάλαις
3524 2693 3578 2743 ὲν
3609 2688 3732 2752 ἰδίοις

2173 2782 2395 2846 κόλποις
2411 2766 2884 2853 ’ἀπεριγράπτωᾳ
2941 2780 3068 2834 Ἐάν
3099 2781 3155 2834 δὲ
3188 2782 3438 2850 μυθικῶς
3473 2781 3635 2836 ταῦτα
3655 2781 3736 2835 καὶ

481 2857 962 2924 Quemadmodum
1015 2867 1161 2921 enim
1219 2869 1529 2942 obsignatis
1584 2874 1653 2928 ab
1705 2875 1822 2942 ipsa
1873 2884 2070 2931 natura

2176 2877 2233 2928 οὺ
2262 2874 2470 2938 πιστῶς
2498 2873 2718 2944 ἀκούῃς,
2768 2872 3138 2946 κατηγοροῦσί
3164 2891 3259 2927 σου
3291 2877 3346 2929 αἱ
3374 2875 3552 2930 ἅλυτοι
3581 2890 3726 2944 σφρα-

479 2949 673 3008 inditis
726 2955 1186 3025 patefaeicntibus
1237 2972 1452 3018 uterum
1500 2966 1760 3020 claustris
1809 2967 2068 3038 virginea:

2176 2967 2319 3038 γῖδες
2371 2965 2464 3018 τοῦ
2518 2965 2851 3019 Δεσποτικοῦ
2895 2966 2994 3036 τῆς
3056 2967 3471 3039 ἀναγεννήσεως
3525 2965 3732 3038 Χριστοῦ

477 3056 710 3114 naturae,
744 3049 1004 3107 Christus
1037 3068 1104 3108 ex
1136 3052 1363 3124 Virgine
1393 3065 1557 3112 natus
1595 3068 1716 3112 est:
1754 3059 1836 3112 sic
1863 3058 2067 3116 Christi

2176 3058 2479 3128 μνήματος.
2515 3057 2725 3128 ’Ὠσπερ
2758 3056 2866 3128 γὰρ
2911 3058 3371 3128 ἐσφραγισμένων
3412 3058 3516 3113 τῶν
3549 3072 3726 3126 πανεμ-

476 3142 844 3208 regeneratio,
878 3159 1002 3198 cum
1031 3161 1140 3200 non
1173 3157 1360 3202 essent
1381 3158 1570 3219 aperta
1599 3152 1834 3221 sepulcri
1861 3153 2066 3222 sigilla,

2176 3148 2358 3218 φύτων
2400 3149 2820 3220 μητρανοίκτων
2841 3149 3108 3219 κλείθρων
3149 3153 3245 3221 τῆς
3285 3151 3612 3223 παρθενικῆς
3643 3147 3728 3218 φύ‹

475 3230 621 3286 facta
653 3242 759 3289 cst.
798 3234 916 3301 Qua
949 3246 1132 3294 autem
1170 3242 1385 3297 ratione
1430 3249 1485 3297 et
1513 3258 1622 3313 quo
1655 3253 1923 3316 tempore,
1955 3255 2010 3302 et
2039 3261 2069 3300 a

2176 3257 2316 3305 σεως
2349 3241 2584 3313 Χριστὸς
2628 3241 2694 3293 ἐκ
2740 3239 3021 3312 Παρθένου
3056 3241 3418 3315 γεγέννηται·
3458 3241 3618 3304 οὕτως
3641 3238 3729 3340 d6:-

474 3323 680 3392 quibus
723 3328 775 3381 in
810 3331 1066 3398 sepulcro
1108 3332 1370 3390 Christus
1405 3335 1519 3390 vita
1567 3338 1847 3405 conditur,
1880 3356 2069 3398 sacras

2176 3333 2434 3388 ανοίκτων
2458 3333 2629 3385 ὄντων
2665 3331 2775 3385 τῶν
2811 3331 2906 3384 τοῦ
2932 3332 3107 3402 τάφου
3131 3333 3446 3404 σφραγίδων
3470 3335 3501 3404 ή
3527 3329 3730 3399 Χριστοῦ

474 3414 712 3476 Litteras
747 3419 1058 3478 audiamus.

562 3682 796 3753 Vespere,
844 3686 1043 3757 inquit,
1077 3688 1246 3758 facta,
1280 3693 1416 3748 venit
1457 3693 1610 3750 homo
1651 3697 1816 3762 diues,
1857 3700 2068 3755 nomine

473 3775 686 3846 Ioseph.
727 3778 829 3832 llic
869 3792 1082 3851 sumpta
1124 3784 1356 3838 audacia
1394 3788 1659 3857 ingressus
1692 3800 1769 3844 est
1799 3793 1869 3844 ad
1913 3791 2068 3846 Pila-

476 3878 609 3935 tum,
637 3881 686 3924 ει
713 3873 862 3943 petiit
889 3873 954 3932 ab
984 3891 1043 3928 eo
1068 3893 1256 3945 corpus
1276 3877 1406 3933 Jesu
1428 3881 1464 3934 ¹.
1505 3880 1791 3952 Ingressus
1818 3885 2068 3941 mortalis

474 3961 543 4024 ad
582 3964 890 4031 mortalem,
926 3975 1120 4036 petens
1155 3977 1214 4022 ut
1246 3971 1482 4040 accipiat
1512 3971 1718 4042 Deum;
1754 3974 1923 4031 Deum
1961 3977 2067 4032 im-

474 4053 764 4108 mortalem
815 4058 1021 4125 poscit;
1067 4058 1241 4112 lutum
1293 4077 1322 4114 a
1364 4062 1480 4116 luto
1526 4066 1776 4136 accipere
1826 4069 2063 4139 plastcm

473 4144 758 4211 omnium;
792 4144 974 4201 fenum
1017 4164 1047 4204 a
1087 4149 1210 4205 leno
1247 4153 1489 4223 recipere
1524 4156 1806 4213 caelestem
1832 4160 2010 4230 ignem
2040 4179 2055 4228 ;

471 4244 624 4313 gutta
672 4237 883 4292 misella
937 4255 967 4293 a
1023 4249 1176 4311 gutta
1227 4244 1436 4299 misella
1495 4246 1700 4316 accipit
1760 4249 2040 4320 abyssum.

471 4328 606 4395 Quis
639 4330 810 4386 vidit?
854 4334 978 4401 quis
1023 4350 1260 4404 unquam
1293 4337 1458 4392 fando
1495 4340 1724 4403 audivit,
1777 4349 1835 4396 ιιι
1886 4342 2049 4398 homo

473 4422 681 4478 homini
714 4422 980 4480 faetorem
1010 4426 1289 4480 hominum
1321 4430 1648 4499 largiretur?
1691 4433 1916 4504 Iniquus
1947 4438 2056 4492 iu.-

2169 3426 2531 3495 ἀναγέννησις
2565 3425 2904 3497 πέπρακται.
2946 3425 3072 3489 Πῶς
3109 3426 3164 3478 δὲ
3199 3426 3258 3479 ἐν
3295 3426 3451 3497 τάφῳ
3486 3425 3572 3479 καὶ
3604 3423 3729 3486 πότε,

2169 3519 2263 3572 καὶ
2285 3519 2391 3571 ὑπὸ
2422 3519 2584 3572 τίνων
2608 3517 2844 3590 Χριστὸς
2865 3520 2898 3588 ἡ
2928 3518 3039 3590 ζωὴ
3072 3519 3449 3585 κατατίθεται,
3474 3518 3574 3572 τῶν
3596 3515 3728 3588 ἱερῶν

2167 3611 2364 3680 λογίων
2394 3611 2528 3664 ἀκού
2538 3629 2614 3663 σω
2623 3628 2742 3681 μεν.

2251 3705 2456 3773 Ὀψίας
2515 3702 2844 3774 γενομένης
2869 3742 2884 3767 ,
2951 3703 3115 3774 φησιν
3139 3745 3156 3769 ,
3211 3699 3403 3774 ἦλθεν
3458 3705 3729 3770 ἄνθρωπος

2167 3796 2466 3861 πλούσιος
2508 3795 2772 3863 τοῦνομα
2823 3793 3058 3862 Ἰωσήφ·
3089 3791 3274 3860 οὗτος
3303 3796 3600 3866 τολμήσας
3627 3794 3726 3844 sw-

2166 3887 2358 3956 ῆλθεν
2391 3887 2542 3956 πρὸς
2575 3886 2858 3953 Πιλᾶτον,
2895 3886 2992 3939 καί
3021 3886 3297 3954 ᾐτήσατο
3323 3889 3461 3957 παρ’
3488 3880 3726 3942 αὐτοῦτὸ

2165 3979 2339 4048 σῶμα
2389 3979 2497 4035 τοῦ
2555 3977 2773 4046 Ἰησοῦ.
2819 3979 3085 4050 Εἰσῆλθεν
3129 3979 3321 4049 βροτὸς
3363 3980 3496 4052 πρὸς
3544 3974 3724 4049 βροτὸν,

2166 4069 2491 4142 αἰτούμενος
2537 4070 2722 4124 λαϐεῖν
2763 4070 2855 4122 τὸν
2890 4069 3049 4124 Θεόν·
3085 4069 3175 4122 τὸν
3219 4071 3358 4124 Θεὸν
3400 4072 3508 4124 τῶν
3550 4065 3730 4139 βροτῶν

2166 4162 2421 4216 αἰτεῖται·
2460 4162 2630 4233 πηλὸς
2659 4161 2797 4234 πρὸς
2831 4159 3008 4231 πηλοῦ
3033 4161 3142 4232 (86)
3179 4161 3372 4216 λαϐεῖν
3408 4161 3498 4215 τὸν
3538 4159 3728 4212 πάντων

2172 4255 2564 4326 πλαστουργόν·
2596 4257 2626 4309 ό
2663 4257 2857 4327 χόρτος
2901 4256 3053 4326 παρὰ
3090 4257 3289 4328 χόρτου
3330 4253 3646 4328 κομίσασθαι
3675 4247 3726 4302 τὸ

2163 4347 2418 4418 οὐράνιον
2447 4347 2579 4420 πῦρ·
2612 4351 2645 4419 ὴ
2685 4348 2900 4417 σταγὼν
2939 4350 2972 4420 ἡ
3013 4349 3206 4420 οἰκτρά
3236 4349 3354 4421 (87)
3385 4347 3533 4420 παρὰ
3559 4339 3725 4409 σταγό·

2163 4456 2255 4502 νος
2299 4441 2525 4512 οἰκτρᾶς
2579 4440 2849 4510 λαμϐάνει
2897 4441 2997 4513 τὴν
3052 4438 3311 4495 ἄϐυσσον.
3367 4442 3462 4505 Τίς
3511 4440 3612 4503 ἷδε;
3655 4433 3724 4494 τίς

470 4527 704 4581 quorum
737 4530 801 4568 ac
833 4517 970 4586 legis
998 4519 1265 4576 amussim
1295 4521 1502 4576 donare
1542 4525 1852 4593 pollicetur.
1883 4529 2055 4584 Judex

2176 4532 2367 4604 ἢκουσε
2402 4533 2663 4602 mia-tore;
2707 4535 3029 4606 Ἀνθρωπος
3069 4535 3345 4608 ἀνθρώπῳ
3390 4535 3480 4588 τὸν
3524 4525 3726 4597 ποιητὴν-

469 4605 676 4663 nullius
714 4606 929 4676 judicii,
981 4618 1242 4678 tanquam
1269 4612 1479 4681 judicio
1521 4617 1863 4684 damnatum,
1905 4621 2055 4691 judi-

465 4713 587 4755 cent
620 4699 873 4770 judicum
908 4702 1283 4772 sepeliendum
1326 4708 1610 4775 permittit.

546 4973 786 5040 Vespere,
829 4975 1032 5047 inquit,
1067 4975 1235 5046 facta,
1281 4979 1419 5033 venit
1453 4979 1607 5036 homo
1650 4979 1813 5047 dives,
1847 4985 2057 5040 nomine

460 5065 680 5133 Ioseph.
726 5067 864 5124 Vere
899 5071 1074 5136 dives,
1120 5071 1392 5141 siquidem
1440 5090 1657 5129 omnem
1693 5079 2054 5147 compositam

462 5159 681 5214 Domini
724 5159 1062 5230 hypostasim
1115 5164 1324 5218 retulit.
1376 5163 1521 5219 Sane
1569 5166 1746 5232 dives,
1794 5171 2053 5237 quoniam

461 5249 736 5320 duplicem
793 5251 1160 5308 substantiam
1215 5252 1422 5311 Christi
1488 5271 1518 5309 a
1586 5255 1763 5312 Pilato
1818 5263 2052 5331 accepit.

460 5339 756 5398 Enimvero
786 5344 956 5410 dives,
990 5344 1252 5414 quoniam
1280 5347 1428 5402 haud
1466 5349 1797 5404 aestimatam
1834 5367 2054 5423 marga-

463 5438 627 5498 ritam
662 5436 862 5508 dignus
889 5437 1111 5494 habitus
1134 5447 1220 5495 est
1247 5447 1307 5494 ut
1332 5439 1563 5498 referret
1588 5459 1601 5497 :
1635 5457 1826 5500 revera
1851 5445 2040 5517 dives;

531 5555 548 5588 ³
574 5553 744 5610 Marc.
776 5568 866 5616 xv,
897 5553 967 5607 ﬂ
1002 5569 1123 5624 sqq.

553 5667 661 5729 85')
683 5667 961 5732 Interprcs
989 5667 1117 5792 legit
1146 5670 1318 5728 τόκος.
1357 5667 1512 5724 Ευιτ.

555 5739 641 5792 86)
681 5753 774 5792 1'1).
808 5737 897 5786 τὸν
924 5737 1034 5792 πη).
1057 5756 1113 5791 ·ν.

553 5667 661 5729 85³)
683 5667 961 5732 Interpt-cs
989 5667 1113 5792 legit

527 5667 641 5805 $86)
681 5753 774 5803 rp.
808 5737 897 5786 τὸν
924 5737 1034 5808 πη).
1057 5756 1113 5791 ·ν.

525 5807 635 5874 (87)
670 5817 767 5872 πρ.
807 5807 992 5872 μικράς

2161 4625 2274 4680 τῶν
2305 4625 2615 4697 ἀνθρώπων
2657 4626 2966 4698 χαρίζεται·
3012 4628 3215 4699 ἄνομος
3253 4629 3365 4681 τῶν
3409 4628 3614 4697 ἀνόμων
3647 4619 3727 4672 τὸ*

2165 4719 2290 4790 ὅρον
2313 4718 2522 4773 καὶτοῦ
2550 4719 2717 4790 νόμου
2742 4718 2856 4788 (88)
2888 4721 3238 4791 ὑπισχνεῖται
3263 4718 3594 4790 χαρίζεσθαι·
3627 4725 3722 4783 κρισ

2160 4812 2261 4883 τὴς
2288 4812 2512 4883 ἄκριτος
2541 4813 2617 4876 ὡς
2657 4813 2988 4885 κατάκριτον
3031 4814 3120 4868 τὸν
3157 4815 3354 4886 κριτὴν
3397 4814 3501 4866 τῶν
3547 4803 3732 4881 κριτῶν

2161 4903 2243 4966 εἰς
2271 4903 2449 4974 ταφὴν
2479 4903 2726 4975 ἀφίησιν.

2250 4993 2456 5059 Ὀψίας
2507 4993 2865 5064 γενομένης,
2925 4996 3091 5068 φησὶν
3113 5035 3129 5059 ,
3194 4992 3387 5066 ἦλθεν
3443 4993 3720 5060 ἅνθρωπος

2164 5089 2466 5152 πλούσιος
2485 5087 2754 5157 τοῦνομα
2779 5087 3013 5159 Ἰωσήφ.
3036 5091 3245 5152 Ὄντως
3273 5087 3542 5147 πλούσιος,
3565 5081 3719 5133 πᾶσαν

2163 5176 2262 5247 τὴν
2295 5176 2551 5231 σύνθετον
2575 5177 2671 5230 τοῦ
2701 5178 2910 5252 Κυρίου
2936 5179 3050 5250 (89)
3099 5179 3400 5232 ὑπόστασιν
3442 5169 3718 5266 mulcatis:

2164 5285 2273 5331 νος·
2319 5268 2541 5339 ἀληθῶς
2585 5269 2864 5334 πλούσιος,
2913 5271 2996 5324 ὅτι
3051 5271 3148 5341 τὴν
3195 5269 3379 5342 διττὴν
3427 5265 3602 5322 οὐσίαν
3639 5265 3719 5312 τοῦ

2160 5362 2401 5433 Χριστοῦ
2437 5363 2590 5434 παρὰ
2619 5363 2855 5417 Πιλάτου
2893 5364 3074 5418 ἔλαϐε·
3113 5364 3343 5434 καὶγὰρ
3376 5352 3720 5420 π).ούσιος,ὅτῑ

2160 5454 2252 5507 τὸν
2267 5454 2533 5526 ἀτίμητον
2556 5455 2909 5528 μαργαρίτην
2931 5456 3142 5528 ⁴ίγξιώθιη
3163 5453 3513 5528 κομίσασθαι.
3541 5449 3722 5504 Ὄντως

2234 5680 2344 5750 (88)
2377 5698 2468 5749 γρ.
2502 5679 2712 5734 καὶτὸν
2742 5677 2926 5750 νόμον.

2234 5751 2346 5821 (89)
2376 5769 2465 5824 γρ.
2504 5751 2600 5808 τοῦ,
2627 5749 2902 5825 Σωτῆρος.
