3988 6426
282 390 385 450 HS

1369 390 1661 448 HOMlLlA
1692 389 1758 445 ll-
1779 391 1842 447 IN
1875 392 2189 449 SABBATO
2220 390 2485 452 MAGNO-

3479 393 3591 452 436

294 505 568 576 πλούσιος
602 511 904 583 βαλάντιον
931 507 1039 581 γὰρ
1068 505 1340 562 ἐϐάστασε
1365 506 1537 581 γέμον
1562 507 1656 561 τοῦ
1694 508 1901 583 Θησαυ-

2006 511 2216 567 loculos
2262 512 2409 568 enim
2444 510 2654 578 retulit,
2690 510 2886 582 plenos
2925 509 3216 567 thesauros
3257 509 3582 567 divinitatis.

301 597 395 673 ροῦ
419 599 534 671 (90)
560 600 666 673 τῆς
718 601 992 670 θεότητος.
1034 596 1162 661 Πῶς
1200 597 1309 669 γὰρ
1348 597 1409 651 οὐ
1444 596 1703 664 πλούσιος
1730 599 1760 651 ό
1795 598 1895 669 τὴν

297 690 396 746 τοῦ
430 690 643 762 κόσμου
673 690 824 762 ζωὴν
853 689 948 744 καὶ
977 686 1255 758 σωτηρίαν
1280 685 1652 760 κτησάμενος;
1689 685 1807 750 πῶς
1839 685 1897 740 δὲ

299 786 364 841 οὐ
396 783 655 849 πλούσιος
690 783 911 853 Ἰωσὴφ,
937 780 1108 853 δῶρον
1132 778 1427 849 δεξάμενος
1447 778 1537 837 τὸν
1560 778 1741 839 πάντα
1769 778 1897 850 τρέ-

299 890 478 949 φοντα
505 877 599 931 καὶ
622 877 802 929 nivea
821 872 1180 938 δεσπόζοντα;
1219 871 1426 941 Ὀψίας
1451 871 1802 941 γενομένης-η
1826 866 1898 942 ἦν

299 969 419 1042 γὰρ
445 966 637 1021 λοιπδν
667 965 834 1029 δύσας
876 966 936 1017 ὲν
978 962 1082 1036 ᾅδῃ
1129 965 1173 1031 ό,
1202 963 1306 1032 τῆς
1347 961 1696 1033 δικαιοσύνης
1721 962 1893 1033 ἥλιος.

302 1061 400 1128 ad;
435 1055 627 1130 ἦλθεν
670 1055 985 1124 ἅνθρωπος
1028 1053 1329 1119 πλούσιος
1375 1052 1638 1121 τοῦνομα
1681 1051 1895 1123 Ἰωσὴφ

304 1152 426 1217 ἀπὸ
467 1148 857 1227 Ἁριμαθαίας,
895 1145 964 1213 ὃς
992 1140 1074 1215 ἦν
1100 1145 1466 1213 κρυϐόμενος
1496 1143 1631 1216 (91),
1667 1144 1764 1199 διὰ
1790 1144 1900 1199 τὸν

305 1245 500 1314 φόϐον
522 1238 642 1294 τῶν
682 1237 999 1297 Ἰουδαίων.
1017 1232 1201 1290 Ἦλθε
1231 1234 1302 1287 δὲ
1336 1234 1434 1287 καὶ
1466 1234 1825 1303 Νικόδημος,
1864 1236 1898 1289 ό

301 1332 505 1389 ἐλθὼν
530 1332 679 1408 πρὸς
714 1329 824 1387 τὸν
866 1327 1105 1397 Ἰησοῦν
1144 1324 1387 1391 νυκτός.
1430 1325 1744 1397 Μυστήριον
1791 1343 1898 1397 μυ-

307 1426 555 1497 στηρίων
579 1423 898 1496 ἀπόκρυφον
923 1420 1060 1493 (92),
1081 1419 1186 1473 Δύο
1205 1418 1444 1489 κρυπτοὶ
1467 1418 1708 1489 μαθηταὶ
1728 1436 1899 1474 κατα-υ

305 1516 522 1590 κρύψαι
563 1514 770 1586 Ἰησοῦν
797 1515 855 1566 ὲν
878 1511 1035 1583 τάφῳ
1065 1510 1339 1595 ἔρχονται,
1370 1508 1431 1562 τδ
1460 1509 1701 1581 κρυπτὸν
1731 1510 1790 1562 ὲν
1818 1508 1899 1580 τῷ

305 1609 419 1695 ᾄδῃ
458 1607 756 1681 μυστήριον
787 1605 880 1659 τοῦ
918 1603 1165 1677 κρυπτοῦ
1210 1602 1347 1667 Θεοῦ
1379 1603 1437 1656 ἐν
1475 1602 1642 1677 σαρκὶ
1678 1600 1767 1655 διὰ
1799 1602 1899 1673 τῆς

307 1701 452 1763 ἰδίας
497 1696 754 1770 κρύψεως
798 1696 1162 1759 διδάσκοντες.
1212 1695 1441 1768 ’Έτερος
1479 1694 1537 1758 δὲ
1576 1694 1669 1759 τὸν
1711 1694 1899 1766 ἕτερον

301 1786 662 1860 ῥπερόἀλλων
696 1786 809 1858 (95)
837 1787 905 1857 τῇ
954 1785 1093 1870 πρὸς
1130 1785 1364 1858 Χριστὸν
1408 1783 1668 1843 διαθέσει,
1705 1783 1765 1843 ’0
1800 1784 1901 1854 μὲν

2000 602 2291 671 Quomodo
2326 618 2436 658 non
2482 602 2658 667 dives,
2687 602 2951 657 nimirum
2985 601 3175 658 mundi
3211 602 3372 657 vitam
3404 610 3458 658 et
3499 618 3590 658 sa-

1998 694 2170 749 lutem
2219 693 2460 750 nactus?
2503 690 2780 765 quomodo
2828 707 2938 746 non
2978 690 3131 746 dives
3173 690 3397 761 Joseph,
3443 690 3590 747 dono

2000 796 2230 858 accepto
2260 785 2508 851 Christo,
2542 785 2636 855 qui
2666 783 2851 839 omnia
2883 782 3000 846 alit,
3033 791 3088 838 et
3122 783 3377 838 omnibus
3404 784 3587 839 domi-

1996 877 2204 935 natur?
2253 876 2472 946 Vespere
2497 876 2641 946 facto
2667 890 2684 927 :
2710 884 2830 929 erat
2858 873 3006 928 enim
3042 886 3252 944 serum,
3284 882 3410 926 eum
3441 872 3590 927 occi-

1996 971 2172 1027 disset
2220 970 2274 1023 in
2333 967 2607 1025 infernum
2636 964 2869 1034 justitia:
2911 962 3016 1017 sol.
3065 962 3413 1032 Quapropter
3450 962 3588 1013 venit

1995 1063 2151 1117 homo
2193 1061 2337 1115 dives
2368 1059 2578 1117 nomine
2614 1054 2807 1125 Josepli
2851 1052 2915 1109 ab
2954 1052 3305 1115 Arimalluea,
3348 1052 3437 1121 qui
3474 1059 3591 1104 erat

1997 1150 2240 1205 occultus
2291 1147 2623 1217 discipulus,
2680 1146 2742 1198 ob
2804 1153 2999 1197 metum
3042 1140 3378 1197 Iudaeorum.
3439 1140 3592 1193 l’euit.

1998 1253 2175 1297 autem
2204 1249 2254 1296 et
2293 1239 2641 1303 Nicodemus,
2671 1238 2762 1313 qui
2802 1244 3012 1290 venerat
3049 1233 3119 1289 ad
3148 1232 3335 1288 Iesum
3370 1242 3528 1287 noctu
3549 1236 3589 1285 '.

2000 1331 2319 1403 Mysterium
2360 1329 2747 1401 mysteriorum
2784 1324 3167 1382 absconditum
3204 1323 3351 1380 :duo
3390 1322 3590 1378 occulti

2005 1426 2265 1497 discipuli
2319 1424 2576 1479 occulere
2612 1419 2799 1479 Jesum
2834 1419 2889 1472 in
2920 1418 3177 1487 sepulcro
3209 1415 3459 1480 veniunt,
3493 1429 3588 1469 oc-

2000 1518 2212 1571 cultum
2243 1518 2299 1572 in
2333 1515 2547 1571 inferno
2576 1513 2898 1584 mysterium
2927 1530 2940 1566 :
2968 1510 3171 1566 occulti
3206 1509 3300 1565 Dei
3337 1509 3389 1563 iu
3421 1522 3592 1562 carne

1992 1623 2096 1678 per
2149 1607 2425 1678 propriam
2491 1604 2917 1661 occultationem
2982 1603 3183 1658 docent
3240 1600 3585 1671 mysterium.

1999 1699 2153 1761 Alter
2184 1706 2367 1753 autem
2396 1698 2626 1751 alterum
2657 1710 2757 1750 suo
2781 1708 2909 1764 erga
2943 1692 3224 1748 Christum
3257 1690 3429 1744 vincit
3459 1687 3593 1743 alie...

2004 1800 2121 1847 ctu.
2156 1787 2490 1843 Nicodemus
2517 1786 2737 1856 quidem
2768 1785 2823 1838 in
2857 1783 3078 1854 myrrha
3113 1789 3169 1837 et
3214 1780 3335 1835 aloe
3368 1794 3592 1843 magna-

300 1879 420 1961 γὰρ
444 1877 759 1950 Νικόδημος
794 1878 855 1929 ἐν
888 1879 952 1947 τῇ
986 1859 1224 1948 σμύρνῃ,
1257 1876 1351 1929 καὶ
1379 1876 1436 1928 ὲν
1466 1878 1533 1947 τῇ
1560 1875 1693 1946 ἀλόῃ
1727 1876 1899 1945 μεγαὲ

2005 1884 2228 1946 nimus;
2267 1878 2468 1950 Ioseph
2510 1892 2640 1933 vero
2692 1876 2763 1930 ob
2807 1874 3094 1933 audaciam
3136 1872 3401 1926 adversus
3444 1869 3591 1924 Pila-

297 1971 560 2041 λόψυχος·
589 1971 619 2022 ὁ
649 1969 707 2022 δὲ
753 1968 952 2039 Ἰωσὴφ
982 1970 1039 2021 ὲν
1070 1969 1139 2039 τῇ
1176 1966 1314 2038 πρὸς
1342 1966 1577 2019 Πιλᾶτον
1603 1965 1778 2036 τόλμῃ
1806 1964 1900 2027 καὶ

301 2062 595 2141 παρρησία
622 2058 955 2125 ἁξιέπαινος.
988 2042 1158 2121 Οὗτος
1189 2059 1298 2129 γὰρ
1328 2058 1509 2111 πάντα
1535 2056 1699 2125 φόϐον
1726 2056 1901 2137 ἀπορ-

301 2151 629 2239 ριψάμενος,
667 2149 946 2221 τολμήσας
992 2147 1208 2220 εἰσῆλθε
1251 2149 1390 2221 πρὸς
1426 2148 1680 2209 Πιλᾶτον,
1719 2144 1902 2201 αἰτού-

306 2234 471 2325 μενος
515 2242 576 2296 τὸ
620 2240 778 2319 σῶμα
804 2239 899 2294 τοῦ
940 2238 1137 2311 Ἰησοῦν
1183 2239 1276 2293 καὶ
1313 2234 1571 2292 εἰσελθὼν
1606 2239 1902 2307 πανσόφως

301 2334 603 2409 ἐχρήσατο,
631 2331 718 2395 ζνα
745 2329 841 2384 τοῦ
873 2331 1214 2402 ποθουμένου
1244 2329 1449 2384 σκοποῦ
1480 2330 1633 2393 ἐντὸς
1655 2329 1899 2401 γένηται.

299 2425 394 2490 Διὸ
413 2424 518 2477 οὐκ
544 2426 819 2495 ἐχρήσατο
843 2424 979 2493 πρὸς
1003 2423 1237 2478 Πιλᾶτον
1263 2422 1501 2492 κόμποις
1527 2422 1639 2492 (94)
1664 2421 1777 2475 τισὶ
1807 2420 1902 2474 xui.

300 2517 532 2589 ῥψηλοῖς
572 2518 833 2588 ῥήμασιν,
882 2516 972 2569 ἴνα
1024 2516 1102 2587 μὴ
1146 2516 1229 2578 εὶς
1267 2514 1440 2585 ὀργὴν
1470 2512 1660 2566 τοῦτον
1694 2512 1900 2581 ἐξάψας

296 2606 517 2681 ἐκπέσῃ
555 2605 658 2678 τῆς
690 2608 981 2678 αἰτήσεωςο
1022 2606 1144 2658 οὐδὲ
1181 2605 1331 2675 λέγει
1378 2604 1517 2675 πρὸς
1569 2603 1755 2659 αὐτόν’
1801 2602 1903 2666 Δός

299 2717 397 2783 μοι
421 2698 487 2751 τὸ
520 2697 685 2769 σῶμα
709 2696 803 2751 τοῦ
839 2695 1036 2769 Ἰησοῦ,
1066 2697 1162 2761 τοῦ
1194 2697 1302 2768 πρὸ
1339 2696 1588 2769 βραχέως
1627 2696 1717 2750 τὸν
1746 2695 1901 2767 ἥλιον

297 2791 682 2859 φωτίσαντος,
714 2788 814 2853 τὰς
838 2789 1047 2861 πέτρας
1065 2790 1355 2861 ῥήξαντος,
1372 2788 1467 2853 καὶ
1485 2789 1586 2859 τὴν
1613 2789 1717 2860 γῆν
1744 2789 1905 2859 δονή-

299 2900 537 2950 σαντος,
586 2884 684 2936 καὶ
723 2881 791 2935 τὰ
832 2885 1076 2953 μνημεῖα
1130 2880 1469 2947 ᾁνοίξαντος,
1511 2880 1695 2935 καὶτὸ
1730 2898 1905 2943 κατα-ο

297 2975 566 3045 πέτασμα
597 2971 694 3026 τοῦ
724 2971 851 3026 ναοῦ
901 2971 1206 3043 σχίσαντος.
1254 2972 1421 3035 Οὐδὲν
1463 2970 1720 3026 τοσοῦτον
1766 2972 1904 3044 πρὸς

299 3069 543 3137 ῌιλᾶτον
571 3065 744 3135 λέγει.

2001 1981 2117 2027 tum
2148 1979 2203 2027 et
2254 1968 2642 2024 conﬁdentiam
2671 1966 2832 2021 laude
2859 1965 3081 2036 dignus.
3115 1962 3215 2017 llic
3239 1961 3407 2028 enim,
3441 1967 3588 2015 metu

1998 2052 2154 2117 omni
2210 2061 2450 2129 abjecto,
2506 2064 2723 2127 sumpta
2777 2055 2999 2113 ﬁducia.
3056 2056 3342 2124 ingressus
3393 2062 3476 2108 est
3523 2052 3591 2105 ad

2002 2154 2236 2208 Pilatum
2262 2162 2452 2223 petens
2470 2165 2671 2220 corpus
2698 2146 2846 2207 .lesn,
2867 2155 2920 2201 et
2944 2145 3247 2215 ingressus,
3278 2141 3591 2214 prudentis-

2005 2247 2147 2302 sime
2182 2260 2242 2300 se
2271 2243 2461 2314 gessit,
2501 2253 2624 2295 voto
2666 2248 2724 2294 ut
2765 2255 2866 2294 suo
2894 2238 3183 2307 potiretur.
3226 2235 3441 2290 ldeirco
3481 2249 3594 2289 non

2001 2348 2087 2396 est
2125 2353 2257 2393 usus
2289 2333 2622 2407 jactahunda
2655 2333 2838 2401 aliqua
2863 2329 2929 2384 ad
2971 2328 3207 2382 Pilatum
3248 2335 3413 2398 atque
3448 2328 3594 2383 elata

2002 2431 2299 2485 oratione:
2339 2443 2407 2483 ne
2444 2428 2486 2482 si
2518 2442 2641 2479 cum
2688 2424 2754 2477 ad
2803 2425 2938 2477 iram
2983 2420 3399 2484 inﬂammasset,
3446 2419 3593 2473 exci-

2004 2522 2161 2577 deret
2212 2519 2513 2591 pi-tilione;
2590 2531 2766 2586 neque
2820 2513 2915 2569 sic‘
2960 2513 3254 2583 compellat
3287 2510 3403 2567 :Da
3460 2510 3594 2564 mihi

2004 2628 2210 2686 corpus
2247 2609 2400 2677 .lesu,
2433 2609 2524 2682 qui
2566 2623 2739 2677 nuper
2774 2607 2946 2660 solem
2983 2604 3324 2665 obscuravit,
3368 2601 3460 2672 qui
3498 2617 3593 2671 pe-

2004 2713 2121 2759 tras
2176 2703 2406 2773 dirupit,
2458 2712 2658 2755 terram
2707 2696 3013 2760 concussit,
3062 2701 3415 2749 monumenta
3462 2707 3593 2762 ape-

2003 2798 2136 2864 ruit,
2173 2797 2354 2851 velum
2409 2793 2591 2862 templi
2625 2788 2871 2846 discidit.
2918 2786 3065 2843 Nihil
3103 2787 3212 2842 tale
3243 2785 3312 2840 ad
3360 2783 3598 2841 Pilatum

2005 2892 2271 2964 loquitur.

383 3156 662 3255 ‘Aﬂdfi;
700 3154 918 3225 αἴτησιν
944 3171 1067 3219 τινα
1094 3153 1322 3224 οἰκτρὰν
1342 3153 1477 3226 (95),
1513 3154 1743 3218 καὶτοῖς
1767 3155 1902 3215 πᾶσι

2076 3157 2215 3225 Quid
2270 3155 2437 3225 ergo?
2483 3153 2811 3209 Petitionem
2859 3147 3150 3221 quamdam
3202 3139 3597 3205 miserabilem,

303 3250 537 3320 μικράν.
564 3241 647 3299 'n
675 3245 864 3318 κριτὰ,
895 3245 1217 3317 αἰτούμενος
1250 3244 1403 3317 παρὰ
1436 3243 1531 3298 σοῦ
1562 3244 1797 3316 ἐλήλυθα
1819 3243 1905 3299 αῐ-

307 3356 468 3410 τησιν
498 3340 635 3392 πάνυ
664 3337 893 3417 μικράν.
929 3338 1041 3391 Καὶ
1075 3334 1265 3400 οὕτως·
1296 3336 1395 3399 Δός
1429 3352 1523 3406 μω
1538 3336 1732 3407 νεκρὸν
1767 3335 1904 3408 πρὸς

313 3430 518 3499 ταφήν·
541 3428 597 3480 τὺ
623 3427 786 3499 σῶμα
812 3426 1021 3482 ἐκείνου
1051 3427 1145 3491 τοῦ
1171 3426 1322 3497 παρὰ
1351 3423 1446 3478 σοῦ
1478 3424 1905 3497 κατακριθέντος

328 3516 505 3586 Ἰησοῦ
533 3517 625 3570 τοῦ
647 3514 961 3587 Ναζαρινοῦ
988 3514 1121 3587 (96),
1172 3512 1349 3586 Ἰησοῦ
1381 3511 1474 3566 τοῦ
1513 3511 1753 3587 πτωχοῦ,
1797 3512 1905 3583 Ἰη-

314 3609 407 3675 σοῦ
439 3608 534 3663 τοῦ
556 3608 770 3674 holmo,
807 3606 984 3678 Ἰησοῦ
1015 3606 1110 3661 τοῦ
1142 3603 1520 3679 κρεμαμένου,
1545 3602 1637 3657 τοῦ
1668 3601 1902 3674 γυμνοῦ,

304 3704 400 3771 τοῦ
424 3702 705 3768 εὐτελοῦς,
756 3700 936 3775 Ἰησοῦ
982 3702 1074 3756 τοῦ
1116 3701 1371 3764 τέκτονος
1412 3699 1552 3766 υἱοῦ,
1603 3698 1778 3770 Ἰησοῦ
1808 3698 1903 3751 τοῦ

301 3795 555 3867 ξεσμίου,
591 3793 687 3847 τοῦ
728 3793 968 3866 αἰθρίου,
1016 3793 1114 3848 τοῦ
1148 3791 1328 3860 ξένου,
1361 3794 1456 3847 καὶ
1494 3793 1589 3846 ἐπὶ
1616 3790 1767 3864 ξενιᾳ
1791 3792 1903 3863 (97)

300 3887 670 3958 ἀγνωριστου,
701 3885 794 3939 τοῦ
829 3886 1337 3958 εὐκαταφρονήτου,
1364 3886 1459 3938 καὶ
1492 3886 1585 3937 ἐπὶ
1613 3886 1747 3937 πᾶσι
1775 3900 1905 3955 κρε-

303 3976 582 4057 μαμένου.
613 3977 713 4042 Δός
743 3995 836 4049 μοι
865 3976 1055 4031 τοῦτον
1083 3977 1173 4031 τὸν
1195 3977 1366 4043 ξένον·
1396 3976 1450 4030 τι
1477 3977 1584 4048 γάρ
1614 3993 1673 4029 σε
1706 3975 1908 4045 ὠφελεῖ

300 4071 365 4124 τὸ
392 4068 558 4140 σῶμα
590 4069 780 4123 τούτου
812 4069 907 4124 τοῦ
950 4070 1141 4138 ξένους
1192 4068 1293 4134 Δός
1334 4087 1425 4140 μοι
1460 4069 1651 4124 τοῦτον
1685 4068 1775 4121 τὸν
1816 4066 1902 4134 ξέ-

300 4178 416 4225 νονο
442 4163 512 4215 ὲκ
548 4166 765 4236 μακρᾶς
792 4161 903 4233 γὰρ
928 4158 1092 4234 ἦλθεν
1124 4156 1228 4216 ὧδε
1260 4162 1363 4233 τῆς
1391 4160 1601 4234 χώρας,
1637 4161 1724 4213 ἵνα
1755 4158 1907 4235 σώσῃ

302 4255 402 4317 τδν
435 4252 605 4319 ξένον·
639 4253 881 4325 κατῆλθε
915 4254 1026 4328 γὰρ
1056 4257 1136 4319 εἰς
1161 4254 1262 4327 τὴν
1298 4252 1584 4324 σκοτεινὴν
1613 4251 1906 4320 ἀνενέγκαι

303 4346 401 4415 τὸν
424 4347 600 4415 ξένον.
633 4347 734 4413 Δός
779 4365 871 4419 μοι
908 4346 1099 4401 τοῦτον
1122 4346 1216 4401 τὴν
1248 4347 1425 4413 ξένων
1468 4346 1634 4406 αὐτὸς
1672 4345 1781 4418 γὰρ
1812 4346 1907 4400 καὶ

308 4440 474 4517 μόνος
499 4441 738 4512 ὑπάρχει
770 4440 942 4506 ξένος.
979 4441 1082 4504 Δός
1115 4457 1206 4511 μοι
1229 4438 1420 4493 τοῦτον
1446 4439 1537 4492 τὸν
1562 4437 1732 4503 ξένον,
1759 4430 1904 4492 οὗτι-

2008 3263 2072 3303 ac
2113 3247 2333 3318 penitus
2359 3243 2553 3297 exilem
2587 3259 2600 3295 :
2643 3239 2686 3293 0
2713 3238 2901 3309 judex,
2942 3234 3067 3289 veni
3101 3239 3293 3303 petens
3327 3245 3354 3281 a
3389 3239 3439 3283 te
3500 3243 3598 3295 pe-

2006 3339 2256 3393 titionem
2306 3331 2605 3405 quamdam
2654 3328 2814 3382 valde
2858 3340 3107 3397 parvam.
3146 3322 3325 3391 Atque
3370 3320 3442 3372 ita
3477 3338 3489 3372 :
3523 3318 3599 3377 lla

2005 3431 2138 3486 mihi
2193 3435 2463 3482 mortuum
2517 3421 2584 3477 ad
2612 3420 2972 3492 sepulturam,
3031 3429 3232 3485 corpus
3272 3411 3495 3481 illius'a
3548 3417 3603 3461 te

2006 3517 2355 3575 condemnati
2411 3514 2541 3570 Jesu
2590 3510 2883 3572 Nazareni,
2941 3507 3069 3562 Jesu
3128 3501 3405 3574 pauperis,
3469 3497 3601 3553 Jcsu

2007 3607 2230 3661 domum
2281 3621 2386 3659 non
2440 3599 2880 3665 hahentis,Jesu
2932 3593 3214 3665 suspensi,
3259 3592 3415 3651 nudi,
3450 3588 3603 3652 vilis,

2006 3698 2137 3755 Jcsu
2190 3696 2478 3760 fabri-lilii,
2516 3693 2649 3748 Jesu
2698 3691 2893 3754 vincti,
2928 3688 3031 3744 sub
3071 3687 3162 3742 dio
3194 3682 3463 3755 degentis,
3500 3681 3603 3735 ho-

2008 3791 2193 3863 Spitis,
2251 3797 2304 3843 et
2373 3801 2600 3858 peregre
2650 3782 2939 3854 incogniti,
2987 3777 3256 3849 despecti,
3321 3785 3375 3831 et
3437 3787 3611 3843 supra

2008 3896 2199 3935 omnes
2228 3875 2507 3947 suspensi.
2542 3875 2617 3929 Da
2656 3874 2789 3928 mihi
2832 3874 2977 3927 hunc
3016 3869 3393 3941 peregrinum.
3425 3864 3608 3933 Cujus

2007 3973 2153 4028 enim
2179 3972 2277 4026 tihi
2307 3968 2563 4023 utilitatis
2604 3968 2711 4023 crit
2744 3981 2944 4037 corpus
2987 3963 3155 4033 hujus
3186 3959 3498 4032 peregrini?
3526 3956 3611 4015 Da

2009 4064 2140 4120 mihi
2192 4064 2341 4116 hunc
2390 4060 2780 4132 peregrinum;
2841 4074 2871 4113 e
2923 4056 3219 4127 longinqua
3278 4054 3419 4108 enim
3456 4051 3605 4113 venit

2006 4158 2249 4227 regione,
2286 4164 2345 4208 ut
2379 4159 2622 4208 servaret
2658 4151 3005 4222 peregrinum
3025 4165 3043 4213 ;_
3082 4146 3365 4202 descendit
3399 4145 3452 4198 in
3479 4143 3608 4202 loca

2008 4247 2321 4308 tenebrosa,
2369 4250 2428 4297 ut
2457 4242 2748 4297 reduceret
2775 4240 3147 4310 peregrinum.
3182 4234 3257 4289 Da
3286 4233 3417 4289 mihi
3453 4233 3610 4287 hunc,

2008 4336 2355 4419 peregrinum
2382 4352 2396 4401 ;
2430 4333 2549 4403 ipse
2580 4332 2725 4385 enim
2759 4339 2813 4384 et
2849 4330 3000 4383 solus
3032 4337 3114 4382 est
3146 4325 3488 4397 peregrinus.
3527 4323 3607 4383 Da

2009 4418 2143 4485 mihi
2171 4428 2315 4481 hunc
2347 4423 2720 4494 peregrinum,
2755 4420 2915 4490 cujus
2950 4419 3230 4489 regionem
3273 4418 3604 4487 ignoramus,

305 4506 403 4599 νος
433 4532 536 4605 τὴν
573 4506 758 4606 χωραν
789 4531 1096 4603 ἀγνοοῦμεν
1116 4506 1179 4585 ὀἱ
1224 4530 1385 4598 ξένοι.
1436 4531 1535 4595 Δός
1584 4547 1674 4601 μοι
1722 4527 1902 4583 τοῦτον

2013 4538 2115 4577 nos
2164 4516 2460 4590 peregrini.
2518 4513 2594 4568 Da
2647 4512 2779 4566 mihi
2836 4512 2981 4565 hunc
3023 4509 3391 4582 peregrinum,
3442 4506 3611 4577 cujus.

305 4629 403 4681 τὸν
427 4627 600 4694 ξένον,
626 4621 838 4689 οὗτινος
884 4625 976 4679 τὸν
1028 4624 1247 4695 πατέρα
1290 4621 1598 4694 ἀγνοοῦμεν
1646 4621 1696 4674 οἱ
1741 4619 1904 4688 ξένοι.

305 4720 412 4784 Δός
442 4738 536 4793 μοι
565 4718 756 4775 τοῦτον
780 4719 875 4773 τὸν
902 4717 1076 4783 ξένον,
1123 4710 1334 4781 οὗτινος
1372 4714 1466 4768 τὸν
1498 4713 1663 4768 τόπον
1690 4714 1787 4768 καὶ
1814 4712 1907 4766 τὸν

304 4812 493 4879 τόκον,
538 4813 634 4867 xui.
662 4812 755 4866 τὸν
791 4812 996 4885 τρόπον
1038 4809 1344 4880 ἀγνοοῦμεν
1386 4809 1434 4862 οἱ
1466 4808 1627 4875 ξένοι.
1670 4806 1769 4872 Δός
1817 4822 1907 4877 μοι

304 4904 504 4961 τοῦτον
532 4906 627 4960 τὸν
660 4904 834 4970 ξένον,
877 4904 971 4957 τὸν
996 4903 1154 4974 ξένην
1192 4901 1337 4973 ζωὴν
1380 4901 1476 4954 καὶ
1516 4899 1630 4970 βίον
1664 4898 1908 4969 ζήσαντα

307 4998 409 5052 ἐπὶ
437 4997 565 5063 ξένα
602 4998 733 5067 (98).
770 4997 871 5061 A6;
915 5013 1006 5068 μοι
1049 4994 1237 5049 τοῦτον
1277 4993 1368 5059 τὸν
1398 4992 1721 5063 Ναζωραῖον
1758 4990 1909 5059 ξένον

309 5076 401 5157 ἱιοῦ
422 5083 518 5138 τὸν
544 5084 702 5138 τόκον
725 5086 822 5139 καὶ
853 5084 945 5138 τὸν
984 5083 1187 5156 τρόπον
1208 5082 1517 5155 ἀγνοοῦμεν
1544 5082 1593 5136 οἱ
1625 5079 1783 5147 ξένοι.
1810 5080 1911 5144 A6;

315 5190 412 5259 μοι
443 5172 640 5229 τοῦτον
668 5175 762 5229 τὸν
797 5173 1049 5233 ἑκούσιον
1076 5172 1274 5247 ξένον],
1319 5173 1411 5227 τὸν
1452 5172 1528 5244 μὴ
1573 5170 1767 5243 ἔχοντα.
1806 5165 1909 5231 ὧδε

315 5264 426 5322 ποῦ
450 5265 550 5338 τὴν
588 5267 832 5340 κεφαλὴν
863 5266 1040 5349 κλίνη.
1101 5268 1202 5333 Δός
1248 5286 1340 5340 μοι
1377 5265 1564 5329 τοῦτον
1606 5263 1698 5318 τὸν
1738 5262 1907 5334 ξένον,

393 5424 411 5457 ¹
430 5421 588 5479 Joan.
616 5441 734 5494 xxx,
756 5425 848 5494 '58,
877 5442 1001 5497 sqq.

389 5536 509 5677 (90)
537 5554 624 5608 γρ.
663 5539 903 5609 γέμοντα
929 5536 1022 5590 τὸν
1039 5534 1333 5608 θησαυρόν.

391 5609 477 5673 (91
536 5625 629 5677 rp.
659 5608 1060 5677 κρυπτόμενος.
1176 5676 1179 5677 ν

391 5608 509 5680 (9i)
536 5625 629 5677 τρ.
659 5608 1060 5680 κρυπτόμενος.

391 5679 509 5748 (92)
541 5696 612 5748 γρ

532 5767 621 5819 γρ.
653 5748 922 5835 ὑπερέξει)
934 5748 1009 5801 λε.

390 5820 505 5893 (35)
534 5838 624 5895 rp.
659 5821 909 5892 κομψοῖς.

619 5721 633 5733 .
662 5676 1045 5767 μυστήῃριακηοι
1077 5676 1394 5749 ἀπόκρυιρο..

2007 4622 2218 4684 patrem
2261 4610 2580 4679 ignoramus
2620 4603 2917 4675 peregrini.
2950 4601 3028 4656 Da
3080 4602 3210 4656 mihi
3264 4600 3412 4657 hunc
3446 4613 3605 4670 pere-

2010 4706 2248 4778 grinum,
2295 4702 2457 4772 cujus
2504 4706 2559 4753 et
2621 4699 2829 4759 locum,
2886 4704 2940 4751 et
2976 4704 3216 4766 partum,
3276 4702 3330 4748 ct
3378 4691 3600 4746 modum

2016 4802 2339 4872 ignoramus
2404 4793 2701 4863 peregrini.
2742 4791 2817 4845 lla
2860 4791 2993 4843 mihi
3030 4788 3178 4841 hunc
3230 4784 3609 4855 peregrinum,

2016 4893 2107 4963 qui
2151 4890 2494 4962 peregrinam
2530 4888 2694 4939 vitam
2727 4891 2781 4939 et
2810 4886 3014 4938 victum
3067 4877 3320 4934 toleravit
3355 4889 3609 4946 peregre,

2016 4986 2092 5040 Da
2117 4985 2251 5039 mihi
2280 4986 2424 5037 hunc
2450 4979 2791 5033 Nazarenam
2821 4973 3195 5046 peregrinum,
3244 4968 3406 5037 cujus
3445 4980 3606 5037 gene-

2012 5080 2305 5143 rationem,
2357 5082 2412 5127 et
2444 5073 2570 5126 vita'
2613 5069 2881 5123 rationem
2936 5067 3254 5136 ignoramus
3302 5055 3600 5132 peregrini.

2012 5170 2092 5225 Da
2119 5169 2250 5223 mihi
2278 5168 2427 5221 hunc
2454 5160 2824 5217 voluntarium
2859 5156 3228 5226 peregrinum,
3258 5168 3367 5206 non
3398 5147 3605 5203 liahew-

2015 5271 2124 5320 tem
2152 5261 2242 5317 hic
2267 5260 2360 5321 ubi
2391 5261 2555 5327 caput
2588 5252 2840 5308 reclinet.
2872 5250 2948 5304 Da
2977 5249 3109 5304 mihi
3136 5248 3283 5302 hunc
3307 5241 3577 5314 hospitem

2084 5526 2197 5597 (95)
2232 5543 2323 5596 γρ.
2356 5522 2571 5597 μικράν
2601 5540 2743 5597 τινα,
2771 5523 2867 5577 καὶ
2887 5522 3092 5594 οἰκτρά·

2074 5593 2200 5667 ’(96)
2234 5593 2324 5666 i‘P-
2354 5593 2704 5667 Ῑὶἷᾳζωραίου.

2086 5663 2201 5737 (97)
2365 5663 2561 5737 ξένοις.

2088 5735 2200 5809 (98)
2358 5735 2563 5803 ξένους,
