3988 6416
518 407 624 463 447

1805 405 2014 461 υυΒιΑ
2053 406 2196 498 AU.T
2235 405 2504 462 SPURIA.

3660 430 3746 482 μθ

527 531 786 590 tanquam
836 517 1109 590 nospitcnt
1153 511 1208 576 in
1253 520 1494 592 hospitio
1538 521 1656 576 sine
1694 520 1856 577 dumo
1895 538 2099 593 propri:

2220 523 2312 576 τὸν
2341 525 2416 587 ὡς
2451 521 2601 586 ξένον
2632 525 2724 578 ἐπὶ
2747 516 3138 597 ξένηςᾶοικον,
3167 529 3268 586 ὲπϊ
3288 530 3485 604 φάτνης
3506 535 3747 607 τεχθέντα,

522 612 576 664 in
617 610 849 681 prazsepi
883 612 1236 665 collocatum.
1272 611 1346 665 Da
1389 612 1526 665 mihi
1561 612 1706 666 hunc
1739 615 2111 684 peregrinum,

519 702 614 771 qtti
658 718 725 756 ex
760 701 953 756 eodem
991 704 1246 773 praesepi,
1287 710 1344 756 ut
1371 705 1718 774 peregrinus,
1762 715 1983 776 propter
2015 704 2114 760 lle—

519 792 709 847 rodem
753 792 893 863 fugae
939 810 998 848 se
1038 793 1208 849 dedit.
1249 794 1324 848 Da
1370 795 1504 848 mihi
1553 799 1696 849 hunc
1739 797 2110 867 peregrinum,

518 885 614 954 qui
652 885 723 940 ab
769 885 905 955 ipsis
939 885 1291 940 incunabulis
1328 887 1381 940 in
1419 887 1657 958 zEgypto
1697 889 1936 958 hospitio
1981 905 2112 944 usus

518 983 624 1042 cst,
666 991 774 1030 non
819 976 1111 1031 habentem
1145 976 1445 1042 civitatem,
1493 993 1604 1032 non
1639 979 1839 1042 vicum,
1875 995 1987 1033 non
2023 979 2114 1034 do-

518 1078 693 1129 mum,
736 1081 846 1119 non
900 1067 1265 1131 mansionem,
1325 1083 1434 1121 non
1471 1076 1807 1136 cognatum;
1843 1069 1894 1123 in
1930 1079 2114 1125 extra-

522 1171 625 1210 nea
692 1172 821 1211 vero
879 1157 1105 1227 regione
1158 1165 1242 1212 est
1291 1158 1382 1212 hic
1428 1161 1776 1229 peregrinus.
1827 1159 1901 1214 Da
1953 1162 2108 1227 Inibi,

519 1261 553 1302 0
588 1263 812 1317 praeses,
865 1249 1012 1302 hunc
1066 1250 1120 1303 in
1175 1251 1324 1319 ligno
1373 1250 1605 1316 nudum,
1663 1260 1722 1305 ut
1772 1252 2108 1322 cooperiam,

518 1339 611 1407 qui
642 1355 775 1394 mea:
802 1347 1010 1394 naturae
1035 1345 1322 1410 cooperuit
1341 1342 1670 1396 nuditatem.
1701 1342 1774 1396 Da
1805 1344 1936 1397 mibi
1965 1345 2111 1400 hunc

519 1441 793 1486 mortuum
839 1432 994 1502 juxta
1038 1440 1091 1487 et
1137 1431 1332 1495 Deum,
1387 1443 1445 1488 ttt
1484 1451 1608 1489 eum
1659 1444 1969 1506 conlegam,
2014 1437 2108 1506 qui

518 1538 667 1579 ineas
711 1524 1036 1594 iniquitates
1084 1525 1351 1580 contexit.
1392 1525 1466 1578 Da
1503 1527 1658 1591 milii,
1709 1543 1742 1581 ο
1773 1543 2000 1598 praeses,
2049 1536 2109 1582 ut

516 1614 775 1684 sepeliant
819 1626 1118 1681 mortuum,
1163 1617 1255 1686 qui
1305 1617 1359 1671 in
1409 1615 1651 1671 Jordane
1699 1632 1879 1672 meum
1913 1633 2108 1688 pecca-

519 1721 633 1760 tum
678 1708 949 1777 sepelivit.
994 1707 1101 1763 Pro
1137 1716 1356 1764 mortuo
1405 1710 1658 1771 obsecro,
1689 1710 1782 1780 qui
1820 1711 1889 1765 ab
1923 1710 2106 1765 omni-

517 1799 621 1854 bus
664 1799 866 1869 injuria
903 1799 1153 1864 allectus,
1192 1802 1284 1871 qui
1323 1802 1391 1854 ab
1427 1804 1609 1856 amico
1645 1799 1993 1867 venditus,'a
2016 1803 2101 1857 di-

2221 614 2321 706 Δός
2353 632 2443 686 μοι
2471 615 2661 669 τοῦτον
2693 617 2784 672 τὸν
2816 618 2986 684 ξένον,
3034 621 3126 673 τὸν
3173 620 3426 691 seueri;
3454 627 3547 698 τῆς
3577 631 3750 706 φάτνης

2216 705 2292 768 ὡς
2336 706 2490 773 ξένον
2531 707 2591 773 ἐξ
2626 708 2872 779 Ἡρώδου
2918 711 3178 780 φυγόντα.
3220 716 3316 779 Δός
3347 734 3432 788 μοι
3468 720 3639 776 τοῦτον
3677 705 3751 783 τὸν

2218 793 2386 861 ξένον,
2432 797 2525 851 τὸν
2573 799 2632 866 ἐξ
2679 800 2862 853 αὐτῶν
2909 800 3019 854 τῶν
3075 805 3400 876 σπαργάνων
3440 811 3495 863 ὲν
3526 810 3754 884 Αἰγύπτῳ

2216 886 2536 952 ξενωθέντα,
2564 891 2625 942 ού
2655 891 2812 944 πόλιν
2833 890 3048 964 ἔχοντα,
3075 894 3136 946 ού
3168 894 3377 967 κώμην,
3410 898 3503 951 οὐκ
3529 895 3678 967 οἷκον,
3703 905 3750 956 σὺ

2217 980 2406 1066 μονὴν,
2438 982 2500 1034 ού
2534 984 2792 1054 συγγενῆ’
2837 986 2923 1037 ἐπ’
2963 987 3272 1058 ἀλλοδαπῆς
3299 988 3354 1042 δὲ
3381 989 3555 1061 χώρας
3581 997 3753 1066 τυγχά-

2211 1083 2292 1119 νει
2313 1061 2468 1131 οῦτος
2495 1071 2522 1122 6
2556 1067 2704 1134 ξένος
2727 1071 2862 1142 (99).
2889 1074 2988 1137 Δός
3017 1093 3127 1146 μοι,
3159 1070 3204 1129 ὦ
3232 1077 3469 1147 ἡγεμὼν,
3492 1061 3660 1137 τοῦτον
3673 1061 3753 1141 τὸν

2211 1155 2303 1208 ἐπὶ
2336 1156 2496 1222 ξύλου
2534 1162 2759 1232 γυμνόν·
2819 1165 3082 1219 σκεπάσω
3126 1165 3218 1220 τὸν
3267 1168 3364 1238 τῆς
3405 1170 3536 1241 ἐμῆς
3573 1173 3753 1240 φύσεως

2213 1248 2567 1302 σκεπάσαντα
2607 1250 2910 1320 γύμνωσιν.
2963 1255 3062 1318 Δός
3113 1273 3203 1325 μοι
3243 1257 3427 1312 τοῦτον
3465 1259 3552 1313 τὸν
3591 1264 3753 1334 νεκρὸν

2210 1339 2348 1409 ὁμοῦ
2377 1340 2472 1393 καὶ
2495 1342 2648 1394 Θεόν·
2680 1345 2943 1398 σκεπάσω
2964 1347 3054 1398 τὸν
3080 1347 3178 1412 τὰς
3205 1349 3344 1420 ὲμάς
3370 1352 3588 1422 ἀνομίας
3616 1355 3752 1409 καλύ·

2208 1428 2404 1498 ψαντα.
2445 1431 2546 1495 Δός
2581 1451 2693 1504 μοι,
2732 1428 2778 1487 ὦ
2810 1436 3057 1506 ἡγεμὼν,
3093 1440 3309 1511 νεκρὸν,
3345 1441 3434 1495 τὸν
3468 1443 3553 1495 ἐπὶ
3585 1445 3751 1516 Ἰορδά-

2208 1537 2300 1574 νου
2343 1521 2442 1594 τὴν
2486 1523 2627 1595 ἐμὴν
2677 1526 2956 1597 ἁμαρτίαν
3001 1527 3328 1596 ἐνθάψαντα.
3387 1531 3551 1604 ’Υπὲρ
3589 1535 3751 1605 νεκροῦ

2209 1613 2515 1682 παρακαλῶ
2548 1615 2653 1668 ὑπὸ
2689 1617 2908 1670 πάντων
2943 1617 3314 1690 ἀδικηθέντος,
3348 1621 3450 1674 ὑπὸ
3477 1623 3619 1692 φίλου
3641 1643 3754 1694 πρα-

2207 1701 2411 1769 θέντος,
2439 1705 2546 1757 ὑπὸ
2576 1705 2823 1776 μαθητοῦ
2852 1709 3230 1779 προδοθέντος,
3262 1711 3367 1763 ὑπὸ
3401 1713 3631 1782 ἀδελφῶν
3656 1715 3753 1768 διω-

2206 1795 2446 1865 χθέντος,
2487 1800 2582 1851 καὶ
2619 1799 2726 1852 ὑπὸ
2751 1798 2938 1852 δούλου
2965 1801 3039 1872 (I)
3077 1802 3453 1871 ῥαπισθέντος.
3498 1805 3654 1876 ’Υπὲρ
3687 1825 3756 1859 νε-

517 1893 731 1963 scipulo
762 1894 1034 1963 proditus,
1072 1909 1103 1948 a
1147 1893 1416 1950 fratribus
1444 1893 1810 1950 insectatione
1851 1902 2099 1959 vexatus,

2209 1888 2345 1960 κροῦ
2388 1889 2701 1962 πρεσϐεύω,
2748 1891 2842 1944 τοῦ
2876 1891 2980 1944 ὑπὸ
3005 1891 3115 1946 τῶν
3147 1893 3239 1945 ὑπ’
3267 1895 3432 1948 αὑτοῦ
3464 1898 3523 1949 ἐκ
3551 1897 3754 1961 δουλείας

516 2001 546 2039 a
580 2001 740 2041 servo
771 1987 945 2056 alapis
978 2001 1277 2056 percussus
1323 1994 1440 2055 est;
1474 2002 1574 2057 pro
1611 1993 1829 2042 mortuo
1857 2002 1975 2051 oro,
2009 1989 2101 2058 qui

515 2089 600 2132 cst
622 2078 690 2133 ab
723 2079 791 2133 iis
823 2079 1244 2142 condemnatus,
1275 2081 1366 2148 qui
1400 2089 1530 2135 sunt
1562 2079 1630 2133 ab
1653 2096 1717 2134 eo
1747 2095 1812 2134 ex
1842 2081 2104 2137 servitute

516 2169 770 2236 liberati;
799 2171 891 2239 qui
923 2177 1008 2224 est
1040 2171 1110 2226 ab
1162 2172 1254 2237 iis,
1293 2187 1432 2241 quos
1475 2172 1592 2241 ipse
1644 2171 1883 2238 sanavit,
1913 2172 2104 2226 vulne-

513 2270 706 2316 ratus:
747 2263 840 2332 qui
873 2272 958 2316 est
1008 2279 1036 2316 a
1073 2263 1365 2334 discipulis
1397 2263 1675 2328 desertus,
1712 2265 1939 2334 ipsaque
1983 2279 2101 2317 ma-

513 2354 598 2407 ιω
629 2355 911 2424 privatus;
947 2371 1046 2426 pro
1089 2365 1332 2422 mortuo,
1375 2372 1407 2408 ο
1437 2373 1663 2426 praeses,
1701 2358 1975 2427 supplico,
2008 2357 2101 2426 qui

511 2455 594 2501 est
634 2448 700 2514 in
755 2448 903 2519 ligno
950 2465 1279 2519 suspensus,
1317 2449 1482 2504 domo
1531 2467 1746 2505 carens.
1782 2449 1900 2503 Non
1954 2450 2103 2504 enim

512 2539 668 2593 adest
707 2539 857 2603 huic,
893 2556 1001 2595 noti
1047 2548 1203 2610 pater
1248 2540 1304 2594 in
1335 2548 1504 2603 terra,
1547 2557 1658 2595 non
1709 2541 1940 2603 amicus,
1992 2555 2102 2593 non

511 2630 956 2700 discipulus,non
977 2633 1216 2702 cognati,
1232 2649 1341 2686 non
1362 2633 1607 2702 vespillo;
1628 2648 1815 2686 verum
1831 2633 1946 2702 ipse
1961 2646 2102 2686 unus

514 2721 664 2774 unici
702 2721 796 2777 Dei
828 2723 1166 2794 unigenitns,
1193 2725 1247 2777 in
1283 2724 1487 2777 mundo
1515 2722 1678 2785 Deus,
1719 2730 1774 2777 ct
1798 2738 1906 2776 non
1936 2722 2097 2776 alius.

584 2812 710 2869 Haec
741 2812 942 2885 Josepb
979 2816 1046 2869 ad
1078 2814 1314 2869 Pilatum
1357 2832 1479 2871 cum
1507 2827 1648 2871 esset
1679 2817 1913 2881 locutus,
1938 2816 2103 2885 jussit

513 2905 724 2962 Pilatus
761 2915 821 2961 ut
848 2907 1075 2962 daretur
1117 2909 1222 2979 ipsi
1257 2909 1666 2964 sanctissimum
1713 2921 1916 2977 corpus
1943 2907 2095 2964 Jesu.

513 2998 576 3052 Et
599 3015 724 3053 cum
758 2999 1000 3055 venisset
1035 3001 1088 3055 in
1122 3002 1302 3055 locntn
1329 3000 1616 3070 Golgotba,
1647 3000 1901 3070 deposuit
1927 2999 2096 3056 Deum

509 3092 565 3147 in
616 3109 788 3147 carne
838 3109 904 3147 ex
948 3093 1115 3162 ligno,
1167 3099 1219 3146 et
1253 3091 1406 3160 ponit
1443 3092 1498 3144 in
1551 3098 1754 3145 terram
1790 3109 1804 3145 :
1838 3089 2008 3145 Deum
2043 3091 2099 3145 in

506 3199 676 3240 carne
731 3185 962 3250 nudutn,
1021 3191 1076 3238 et
1132 3183 1408 3238 hominem
1466 3199 1575 3237 non
1643 3184 1985 3254 simplicem;
2041 3191 2096 3239 et

507 3274 776 3342 aspicitur
797 3276 1012 3344 positus
1037 3273 1201 3338 infra,
1231 3275 1322 3343 qui
1347 3290 1540 3329 omnes
1567 3275 1733 3328 traxit
1764 3274 1832 3328 ad
1859 3289 2092 3344 supera;

510 3375 566 3420 et
604 3367 889 3437 paululum
922 3375 1072 3422 caret
1105 3367 1251 3421 vitali
1289 3382 1445 3429 aura,
1476 3367 1719 3420 omnium
1751 3367 1861 3420 vita
1893 3374 1947 3422 et
1985 3368 2099 3437 spi-

510 3457 695 3512 ritus:
729 3464 785 3511 et
834 3457 1104 3526 aspicitur
1132 3458 1252 3512 visu
1293 3458 1540 3521 orbatus,
1573 3458 1667 3528 qui
1712 3457 1921 3511 creavit
1953 3457 2099 3510 mul-

507 3547 580 3601 tis
609 3547 786 3600 oculis
831 3547 1091 3616 praedita;
1129 3555 1184 3603 et
1224 3548 1368 3615 jacet
1417 3548 1668 3617 supinus,
1719 3547 1966 3600 omnium
2011 3563 2098 3602 rc-

506 3639 816 3707 surrectio;
871 3647 926 3694 et
974 3641 1239 3694 emoritur
1283 3655 1451 3695 carne
1493 3639 1659 3705 Deus,
1713 3640 1807 3712 qui
1849 3648 2097 3695 mortuos

506 3727 778 3795 Suscitat;
828 3736 882 3783 et
938 3727 1063 3784 silet
1107 3729 1389 3800 paulisper
1433 3729 1584 3783 verbi
1629 3727 1722 3783 Dei
1761 3729 2003 3798 tonitru;
2043 3738 2098 3784 et

510 3819 724 3874 tollitur
750 3819 1027 3884 manibus,
1059 3819 1152 3890 qui
1184 3827 1386 3874 terram
1418 3821 1663 3874 continet
1693 3837 1898 3892 pugno.
1934 3820 2098 3881 Num-

505 3926 634 3968 nam
678 3911 867 3982 igitur,
918 3926 1202 3976 numnam,
1231 3927 1264 3966 ο
1307 3909 1532 3981 Joseph,
1595 3914 1689 3982 qui
1741 3913 1999 3983 petieras,
2044 3923 2097 3968 et

509 4003 799 4074 accepisti,
850 4003 962 4060 scis
993 4020 1154 4075 quem
1200 4005 1518 4074 acceperis?
1547 4020 1808 4060 numnam
1847 4004 1915 4059 ad
1965 4020 2096 4059 cru-

505 4111 622 4154 cem
657 4096 945 4162 accedens,
972 4104 1026 4152 et
1054 4096 1336 4166 deponens
1365 4094 1551 4152 Jcsutn
1589 4097 1741 4152 scisti
1776 4111 1937 4166 quem
1965 4111 2096 4166 por-

505 4186 687 4242 tares?
719 4185 776 4240 Si
820 4203 947 4243 vere
1003 4188 1116 4243 scis
1159 4204 1319 4257 quem
1385 4196 1562 4252 tenes,
1619 4202 1766 4241 nunc
1817 4185 1994 4242 factus
2035 4203 2096 4241 es

501 4280 677 4335 dives.
715 4279 1003 4345 Quomodo
1051 4295 1177 4335 vero
1217 4281 1434 4334 tandem
1487 4279 1655 4333 divini
1691 4280 1942 4349 corporis
1991 4280 2097 4334 hoc

502 4373 744 4428 maxime
775 4372 1118 4428 tremendum
1145 4371 1274 4427 Jesu
1307 4373 1524 4442 peragis
1554 4371 1762 4426 funus?
1801 4370 2097 4427 Laudabile

505 4471 657 4516 tuum
702 4463 979 4529 studium;
1015 4465 1110 4518 sed
1143 4463 1534 4518 laudabiliores
1566 4463 1734 4517 animi
1771 4463 1846 4517 ιιιί
1889 4479 2092 4520 mores.

2127 3236 2168 3294 C

2207 1979 2686 2052 ἐλευθερωθέντων
2723 1982 3171 2054 κατακριθέντος,
3217 1985 3318 2038 τοῦ
3354 1987 3443 2041 ὑπ’
3476 1987 3629 2040 αὑτοῦ
3658 1987 3754 2052 ὅξος

2207 2071 2577 2137 ποτισθέντος,
2610 2073 2704 2126 τοῦ
2741 2073 2846 2126 ὑπὸ
2875 2075 2984 2129 τῶν
3019 2074 3284 2130 ίαθέντων
3309 2079 3400 2130 ὑπ’
3434 2077 3590 2131 αὐτοῦ
3615 2095 3752 2148 τραυ-

2209 2165 2590 2235 ματισθέντος,
2631 2165 2725 2220 τοῦ
2769 2166 2876 2219 ὑπὸ
2903 2165 3011 2219 τῶν
3041 2166 3303 2238 μαθητῶν
3325 2169 3753 2238 καταλειφθέντος,

2205 2257 2301 2310 καὶ
2334 2257 2508 2328 αὐτῆς
2550 2259 2650 2329 τῆς
2698 2257 2905 2330 μητρὸς
2946 2259 3441 2330 ἀποστερηθέντος.
3495 2261 3652 2331 ’Υπὲρ
3690 2276 3757 2312 νε·

2205 2349 2363 2422 κροῦ,
2398 2343 2444 2403 ὦ
2478 2349 2725 2420 ἡγεμὼν,
2773 2349 3026 2414 δυσωπῶ,
3073 2351 3170 2403 τοῦ
3210 2350 3306 2403 ἐπὶ
3335 2351 3490 2417 ξύλου
3519 2350 3756 2422 κρεμαμέ·

2205 2459 2296 2494 νου
2321 2441 2529 2494 ἀοίκου.
2557 2441 2632 2494 υύ
2654 2439 2762 2511 γὰρ
2786 2440 3018 2510 πάρεστι
3045 2441 3222 2510 τούτῳ
3250 2442 3313 2494 ού
3343 2441 3521 2514 πατὴρ
3550 2443 3633 2494 ἐπὶ
3650 2441 3751 2509 γῆς,

2203 2533 2264 2586 οὐ
2308 2533 2483 2602 φίλος,
2524 2531 2586 2585 οὺ
2631 2531 2901 2603 μαθητὴς,
2955 2533 3016 2584 ού
3060 2534 3355 2606 συγγενὴς,
3398 2535 3494 2588 οὑκ
3542 2537 3756 2602 ἐντάφια·

2207 2626 2337 2696 στής
2363 2640 2375 2653 ·
2409 2623 2526 2677 ἀλλ’
2555 2623 2719 2687 αὐτὸς
2746 2623 2908 2696 μόνος
2945 2623 3041 2677 τοῦ
3079 2624 3242 2695 μόνου
3280 2625 3584 2696 μονογενὴς,
3612 2626 3661 2677 ἐν
3684 2623 3755 2676 κό-

2207 2734 2328 2789 σμῳ
2357 2715 2514 2780 Θεὸς,
2542 2716 2636 2769 καὶ
2668 2715 2827 2779 ἄλλος
2855 2715 3051 2779 οὐδείς.

2274 2808 2492 2863 Τούτων
2529 2807 2702 2872 οὕτως
2739 2807 2844 2862 ὑπὸ
2885 2805 3083 2876 Ἰωσὴφ
3114 2807 3254 2877 πρὸς
3297 2806 3527 2860 Πιλᾶτον
3566 2805 3752 2876 εἰρημέ-

2205 2918 2335 2966 νων,
2365 2900 2652 2953 ὲκέλευσεν
2687 2900 2715 2951 6
2748 2898 2981 2960 Πιλᾶτος
3014 2899 3234 2968 δοθῆναι
3275 2899 3425 2970 αὐτῷ
3449 2900 3508 2952 τὸ
3534 2899 3754 2965 πανάγιον

2209 2993 2368 3062 σῶμα
2393 2991 2489 3044 τοῦ
2526 2990 2721 3062 Ἰησοῦ.
2753 2991 2862 3042 Καὶ
2894 2988 3065 3043 ὲλθὼν
3097 2991 3190 3042 ἐπὶ
3217 2989 3313 3044 τὸν
3343 2991 3381 3042 Γ
3384 2990 3573 3057 ολγοθὰ
3599 2989 3749 3051 τόπον,

2203 3083 2420 3138 καθεῖλε
2445 3082 2579 3135 Θεὸν
2606 3083 2664 3135 ὲν
2698 3081 2862 3153 σαρκὶ
2889 3080 2997 3133 ἀπὸ
3026 3079 3120 3133 τοῦ
3152 3078 3337 3146 ξύλου,
3357 3082 3452 3134 καὶ
3474 3079 3663 3150 τίθησιν
3677 3077 3751 3130 ἐπὶ

2203 3175 2324 3245 γῆν·
2349 3173 2481 3227 Θεὸν
2498 3175 2556 3227 ὲν
2572 3172 2737 3244 σαρκὶ
2757 3172 2963 3243 γυμνὸν
2979 3172 3080 3243 (2),
3107 3171 3198 3224 καὶ
3226 3172 3516 3243 ἄνθρωπον
3541 3173 3594 3225 οὐ
3612 3169 3752 3240 ψιλόν.

2206 3268 2314 3322 Καὶ
2336 3267 2528 3338 ὁρᾶται
2554 3267 2804 3336 κείμενος
2826 3265 2996 3329 κάτω,
3013 3267 3040 3317 6
3063 3264 3276 3328 πάντας
3297 3265 3525 3329 ἑλκύσας
3546 3265 3660 3318 ἄνω·
3683 3260 3754 3314 καὶ

2202 3360 2413 3429 γίνεται
2433 3347 2772 3429 πρὸςᾜραχὺ
2797 3355 3023 3422 ἄπνους,
3052 3355 3086 3427 ἡ
3114 3355 3340 3410 πάντων
3374 3355 3485 3426 ζωὴ
3522 3355 3608 3407 καὶ
3626 3352 3751 3421 πνοή·

2203 3452 2297 3506 καὶ
2336 3452 2530 3523 ὁρᾶται
2565 3449 2873 3520 ἁόμματος,
2905 3450 2933 3502 6
2962 3449 3154 3512 κτίσας
3186 3448 3258 3500 τὰ
3295 3449 3658 3519 πολυόμματα’
3680 3443 3753 3498 καὶ

2201 3545 2377 3596 κεῖται
2423 3542 2638 3608 ὕπτιος,
2681 3543 2715 3614 ἡ
2764 3542 2982 3595 πάντων
3014 3541 3334 3606 ἀνάστασιςο
3386 3544 3478 3597 καὶ
3515 3539 3751 3611 νεκροῦται

2203 3637 2366 3708 σαρκὶ
2413 3635 2567 3698 Θεὸς,
2598 3636 2626 3688 6
2665 3634 2793 3697 τοὺς
2833 3634 3062 3706 νεκροὺς
3112 3634 3375 3688 ἀνιστῶν·
3432 3633 3523 3688 καὶ
3568 3629 3749 3701 amici)

2201 3727 2335 3797 πρὸς
2371 3725 2548 3797 βραχὺ
2596 3727 2630 3796 ἡ
2674 3725 2767 3779 τοῦ
2799 3723 2937 3778 Θεοῦ
2979 3725 3139 3794 λόγου
3184 3725 3408 3798 βροντή·
3457 3725 3548 3779 καὶ
3582 3723 3754 3793 αἴρεται

2199 3817 2508 3890 παλάμαις,
2532 3817 2560 3868 6
2588 3815 2686 3888 τὴν
2713 3817 2817 3887 γῆν
2850 3815 3096 3886 κατέχων
3121 3815 3310 3887 δρακί.
3339 3813 3484 3887 Ἀρα
3509 3815 3627 3886 γὰρ,
3649 3809 3752 3883 ἄρα.

2197 3901 2243 3961 ὦ
2271 3908 2491 3978 Ἰωσὴφ,
2521 3908 2750 3976 αἰτήσας
2787 3905 2882 3959 καὶ
2909 3905 3112 3970 λαϐὼν,
3145 3901 3298 3970 οἶδας
3327 3907 3386 3961 ὃν
3411 3897 3754 3976 εἴληφας;ἇρα

2199 3997 2516 4072 προσελθὼν
2547 3997 2625 4068 τῷ
2661 3997 2902 4069 σταυρῷ,
2953 3996 3200 4051 καθελὼν
3234 3999 3473 4069 Ἰησοῦν,
3505 3993 3636 4058 οἶδας
3654 3992 3752 4045 τίνα

2199 4091 2538 4156 ὲ6άστασας;
2573 4092 2635 4143 Εἰ
2676 4090 2846 4153 ὅντως
2886 4085 3034 4152 οἶδας
3072 4089 3133 4143 ὃν
3161 4094 3408 4161 κρατεῖς,
3445 4089 3538 4143 νῦν
3562 4087 3755 4156 γέγονας

2199 4181 2472 4243 πλούσιος.
2511 4181 2634 4245 Πῶς
2667 4181 2722 4234 δὲ
2755 4182 2862 4251 ἄρα
2896 4182 2991 4235 καὶ
3023 4183 3121 4252 τὴν
3156 4181 3438 4253 θεόσωμον
3469 4179 3652 4250 ταύτην
3682 4173 3755 4228 καὶ

2199 4274 2645 4345 φρικωδεστάτην
2684 4273 2863 4344 Ἰησοῦ
2895 4275 3167 4337 ἐπιτελεῖς
3193 4275 3454 4347 κηδείαν;
3484 4267 3753 4328 Ἐπαινετός

2201 4385 2295 4420 σου
2336 4370 2364 4420 6
2413 4367 2596 4431 πόθος·
2644 4367 2760 4420 ἀλλ’
2785 4366 3216 4438 ὲπαινετὼτερος
3267 4369 3297 4420 6
3328 4369 3432 4438 τῆς
3476 4365 3640 4436 ψυχῆς
3679 4374 3750 4413 σου

2197 4459 2422 4532 τρόπος.
2447 4456 2594 4532 Ἀρα
2625 4461 2756 4532 γὰρ,
2792 4457 2903 4532 ἆρα
2935 4461 2996 4513 ού
3035 4462 3300 4531 φρίττεις,
3335 4462 3394 4514 ὃν
3426 4461 3493 4514 τὰ
3520 4453 3748 4529 χερουσὶμ

503 4557 586 4610 An
621 4556 790 4620 enim,
827 4572 1012 4610 annon
1069 4557 1284 4620 horres,
1332 4573 1493 4626 quem
1527 4557 1811 4612 cherubim
1845 4561 2090 4626 horrent,

2203 4552 2537 4623 φρίττουσιν,
2564 4552 2657 4604 ἐπὶ
2682 4552 2883 4623 χειρῶν
2907 4552 3192 4623 βαστάζων
3219 4569 3232 4618 ;
3255 4552 3290 4624 ἢ
3319 4554 3460 4624 ποίῳ
3483 4550 3622 4621 φόϐῳ
3646 4543 3751 4597 πάν-

503 4648 559 4704 in
596 4648 852 4704 manibus
898 4649 1159 4720 gestans?
1191 4658 1284 4702 aut
1313 4665 1446 4704 sane
1472 4659 1681 4719 quanto
1726 4665 1851 4703 cum
1895 4651 2089 4706 timore

502 4740 704 4795 divina:
737 4739 884 4796 illius
939 4739 1126 4795 carnis
1155 4739 1404 4795 denudas
1447 4740 1715 4794 linteum?
1757 4740 1930 4806 Quam
1964 4757 2092 4796 vero

506 4833 764 4905 religiose
793 4835 1015 4888 oculum
1051 4832 1424 4904 depritncbas!
1458 4832 1650 4889 Nonne
1696 4835 1917 4890 intuens
1960 4836 2090 4889 hor-

502 4942 615 4991 res,
653 4942 777 4980 cum
818 4933 1071 4979 naturam
1106 4924 1290 4979 carnis
1324 4924 1439 4989 Dei,
1471 4925 1563 4996 qui
1599 4933 1683 4980 est
1728 4941 1895 4996 supra
1927 4933 2092 4979 natu-

505 5032 652 5080 ram,
705 5017 952 5085 detegis?
1001 5017 1081 5068 An
1137 5016 1308 5077 enim,
1355 5016 1445 5069 dic
1495 5015 1651 5079 mihi,
1699 5013 1967 5086 oJoseplt,
2020 5029 2089 5069 an

502 5109 569 5164 ad
623 5107 892 5161 orientem
959 5110 1151 5163 versus
1207 5109 1408 5177 sepelis
1459 5117 1783 5175 mortuum,
1858 5108 2090 5164 orientis

499 5200 812 5256 orientem?
854 5198 991 5252 Num
1044 5217 1172 5255 vero
1217 5210 1270 5255 et
1321 5201 1429 5255 tuis
1483 5201 1708 5270 digitis,
1766 5208 1825 5255 ut
1874 5209 2090 5257 mortuo

499 5291 777 5358 convenit,
819 5289 944 5345 .lesu
983 5293 1195 5347 claudis
1233 5293 1446 5356 oculos,
1479 5295 1571 5364 qui
1615 5294 1965 5350 immaculato
2003 5295 2090 5349 di-

499 5385 613 5454 gito
639 5383 770 5438 caeci
800 5383 1016 5452 aperuit
1055 5385 1313 5438 oculum?
1361 5401 1492 5440 num
1523 5402 1650 5442 vero
1687 5394 1742 5441 et
1786 5403 1848 5442 os
1877 5391 1924 5442 ei
1958 5403 2090 5441 con-

502 5474 703 5540 cludis,
739 5473 831 5545 qui
874 5481 1026 5528 muto
1055 5490 1117 5529 os
1155 5476 1403 5545 aperuit?
1450 5493 1580 5530 nunt
1633 5493 1761 5534 vero
1803 5486 1855 5532 et
1895 5493 2090 5532 manus

507 5563 752 5618 obvolvis
784 5564 929 5634 ejus,
962 5565 1053 5633 qui
1085 5565 1331 5620 extendit
1376 5567 1650 5622 arefactas
1689 5568 1927 5624 manus?
1957 5584 2088 5624 num

721 5711 812 5761 γρ.
851 5693 1037 5772 χώρας
1062 5697 1168 5772 σὺν,
1195 5699 1260 5768 τῇ
1294 5697 1697 5772 μητρὶξέχοντα.

578 5762 654 5828 (ri)
689 5781 780 5828 γρ.
815 5762 1029 5818 οἰκείων
1061 5762 1283 5821 δούλωῖ).

579 5827 652 5895 (2)
686 5827 772 5897 πρ.
816 5830 948 5885 Θεὸν
978 5837 1038 5888 ού
1066 5837 1289 5905 γυμνόν.

2195 4661 2304 4707 τως
2324 4644 2423 4714 τῆς
2447 4643 2596 4707 θείας
2626 4645 2843 4715 ἐκείνης
2873 4643 3076 4715 σαρκὸς
3104 4645 3451 4715 ἁπογυμνοῖς
3475 4645 3533 4696 τὸ
3553 4642 3748 4696 λέντιονς

2196 4735 2315 4798 πῶς
2361 4736 2419 4788 δὲ
2465 4735 2529 4806 δὴ
2587 4735 2830 4800 εὐλαϐῶς
2870 4736 2945 4807 (4)
2986 4737 3046 4788 τδ
3091 4735 3246 4806 δμμα
3295 4721 3666 4794 κατέστέλλεςς
3703 4724 3749 4776 οὗ

2195 4828 2440 4901 φρίττεις
2491 4829 2854 4894 ἐνατενίζων,
2912 4828 3314 4882 ἀνακαλύπτων
3372 4828 3531 4897 φύσιν
3586 4819 3751 4892 σαρκὸς

2193 4920 2351 4985 Θεοῦ,
2379 4919 2474 4973 τοῦ
2509 4920 2651 4992 ὑπὲρ
2691 4919 2885 4989 φύσινς
2919 4916 3066 4992 τΑρα
3113 4921 3243 4991 γὰρ,
3284 4916 3416 4990 ἆρα,
3461 4917 3576 4970 εἰπέ
3599 4931 3693 4984 μοι,
3717 4902 3751 4960 ὦ

2195 5015 2417 5085 Ἰωσὴφ,
2453 5013 2547 5067 καὶ
2575 5013 2713 5083 πρὸς
2741 5013 3008 5076 ἀνατολὰς
3042 5013 3418 5076 καταθάπτεις
3450 5009 3647 5079 νεκρὸν,
3674 5000 3751 5070 τὴν

2194 5105 2461 5176 ἀνατολὴν
2487 5104 2597 5157 τῶν
2622 5103 2897 5158 ἀνατολῶν
2920 5121 2932 5169 ;
2964 5101 3074 5176 ἄρα
3097 5104 3154 5156 δὲ
3189 5104 3284 5156 καὶ
3308 5107 3422 5165 τοῖς
3457 5103 3564 5162 σοῖς
3583 5091 3748 5149 δακτύ·

2193 5198 2306 5259 λοις
2331 5195 2728 5268 νεκροπρεπῶς
2761 5196 2938 5266 Ἰησοῦ
2979 5195 3327 5257 κατακλείεις
3359 5194 3426 5246 τὰ
3464 5193 3666 5262 ὄμματα
3691 5181 3750 5253 (5)

2193 5290 2288 5343 τοῦ
2337 5289 2416 5361 τῷ
2467 5289 2727 5360 ἁχράντῳ
2775 5287 3026 5356 δακτύλῳ
3075 5286 3171 5339 τοῦ
3223 5283 3430 5353 τυφλοῦ
3479 5277 3751 5342 ἀνοίξαντοί

2193 5381 2380 5452 δμμα;
2404 5377 2515 5452 ἆρα
2538 5381 2595 5433 δὲ
2620 5379 2718 5433 καὶ
2752 5379 2811 5432 τὸ
2835 5379 3013 5448 στόμα
3051 5375 3388 5448 περικλείεις
3420 5372 3512 5426 τοῦ
3541 5370 3596 5424 τὸ
3623 5380 3753 5438 μογιο

2193 5472 2356 5525 λάλου
2389 5470 2700 5536 ἁνοίξαντος
2725 5470 2898 5540 στόμα
2919 5487 2933 5537 ;
2971 5465 3081 5540 ἆρα
3101 5468 3158 5522 δὲ
3179 5466 3273 5522 καὶ
3293 5469 3482 5538 χεῖρας
3509 5453 3751 5531 περιστέλ-

2195 5565 2310 5629 λεις
2337 5560 2432 5618 τοῦ
2472 5563 2814 5627 ἐκτείναντος
2841 5562 2942 5627 τὰς
2986 5560 3348 5633 ξηρανθείσας
3381 5561 3593 5631 χεῖρας;
3619 5544 3746 5623 ἣκει)

2269 5701 2344 5770 (5)
2378 5718 2470 5769 πο.
2504 5702 2562 5753 ὲν
2585 5699 2770 5770 σαρκί.

2271 5769 2347 5835 (4)
2375 5788 2466 5837 πο.
2496 5769 2677 5833 οἴδεις,
2716 5778 2768 5826 ct
2805 5769 3173 5825 καταστεῖλαι.

2274 5840 2349 5910 (5)
2385 5858 2473 5909 πρ.
2510 5841 2569 5893 τὸ
2596 5842 2784 5912 ὸμμα;
2816 5838 2924 5912 ἆρα
2945 5841 3062 5898 τοῦ.
