3988 6432
282 311 370 372 119

1372 311 1659 369 ιιοιιιιιςι
1697 308 1859 367 ILIN'
1883 304 2203 365 SABBATO
2235 290 2496 364 MAGNO.

3473 307 3587 363 680
3618 337 3627 365 ι

293 425 407 494 τοὺς
437 429 619 496 πόδας
644 430 1044 505 νεκροπρεπῶς
1071 427 1434 500 καταδεσμεῖς
1457 426 1551 482 τοῦ
1569 426 1631 481 τὸ
1658 425 1893 498 βαδίζειν

2022 432 2051 477 :t
2084 423 2277 494 pedes,
2309 432 2370 477 ut
2399 427 2621 476 mortuo
2644 422 2922 491 convenit,
2953 424 3132 482 vincis
3152 423 3295 496 ejus,
3315 426 3409 496 qui
3430 424 3582 482 dedit

300 521 471 589 δόντος
501 526 620 587 τοῖς
651 525 936 595 ἀκινήτοις
965 521 1158 588 ποσίν;
1187 515 1298 593 ἆρα
1327 521 1422 574 καὶ
1459 521 1554 573 ἐπὶ
1590 519 1777 589 κλίνης
1807 518 1895 570 αἵ-

312 634 419 690 ρεις
456 613 548 670 τόν
593 615 676 687 τῷ
721 613 1018 688 παραλύτῳ
1051 612 1404 667 κελεύσαντα·
1433 607 1613 680 Ἆρον
1643 609 1761 664 σοῦ
1790 608 1899 663 τὸν

306 708 625 778 κράϐαττον,
664 706 769 761 καὶ
808 700 1154 776 “praeiret;
1183 700 1295 778 ἆρα
1329 704 1387 757 δὲ
1422 703 1518 758 καὶ
1550 701 1697 775 μύρα
1722 703 1898 765 κενοῖς

308 796 385 865 τῷ
412 796 649 868 οὐρανίῳ
678 795 839 868 μύρῳ
871 796 939 849 τά
972 792 1169 848 ἑαυτοῦ
1205 793 1281 867 (6)
1315 791 1638 856 κενώσαντι,
1678 792 1774 845 καὶ
1805 791 1900 844 κό-

306 906 447 960 σμον
465 888 782 957 ἁγιάσαντι;
807 884 917 959 ἆρα
934 888 1027 941 καὶ
1044 889 1144 959 τὴν
1163 884 1439 956 θεόσωμον
1467 883 1549 937 ἔτι
1573 882 1899 954 αἱμορροοῦ-

306 998 408 1035 σαν
434 979 653 1050 ἐκείνην
680 977 859 1050 Ἰησοῦ
890 979 1129 1050 ἐκμάξαι
1154 979 1359 1049 τολμᾷς
1385 975 1650 1047 πλευρὰν,
1680 973 1775 1027 τοῦ
1797 973 1899 1046 τὴν

202 1070 210 1076 ’
306 1071 714 1145 αίμοῤῥοοῦσαν
740 1070 1032 1143 ίασαμένου
1049 1071 1185 1124 Θεοῦ
1208 1067 1349 1141 ;ἆρα
1369 1069 1426 1121 δὲ
1447 1067 1541 1122 καὶ¹
1565 1066 1715 1121 ὕδατι
1738 1083 1899 1120 κατα-

307 1161 535 1223 πλύνεις
558 1159 718 1230 σῶμα
743 1158 900 1225 Θεοῦ,
922 1155 1018 1212 τοῦ
1044 1159 1251 1221 πάντας
1275 1155 1661 1219 ὲκπλύναντος,
1685 1151 1780 1206 καὶ⁵
1798 1151 1898 1222 τὴν

310 1251 580 1323 κάθαρσιν
612 1250 827 1319 δόντος;
867 1251 1037 1315 Ποίας
1068 1251 1125 1304 δὲ
1191 1247 1300 1322 ἆρα
1339 1248 1432 1301 καὶ
1458 1245 1751 1318 λαμπάδας
1783 1244 1890 1297 ύπ-

306 1342 541 1412 ανάψεις
571 1341 649 1414 τῷ
669 1342 808 1412 φωτὶ
826 1340 907 1413 τῷ
926 1339 1165 1413 ἀληθινῷ
1188 1341 1286 1411 (7),
1309 1338 1386 1410 τῷ
1407 1337 1701 1409 φωτίσαντι
1720 1334 1900 1389 πάντα

303 1431 629 1504 ἄνθρωπον;
663 1431 826 1495 ποίας
855 1430 913 1484 δὲ
951 1430 1048 1485 καὶ
1089 1429 1243 1502 ᾄσεις
1288 1426 1611 1498 ἐπιταφίους
1651 1424 1793 1498 ᾠδὰς
1821 1424 1900 1495 τῷ

302 1523 591 1594 ἀσιγήτως
620 1520 926 1593 αίνουμένῳ
963 1520 1070 1574 ὑπὸ
1102 1521 1286 1591 πάσης
1315 1518 1570 1590 οὐρανίου
1605 1517 1896 1588 στρατιᾶς;

301 1612 421 1688 ἆρα
446 1615 506 1669 δὲ
533 1614 629 1670 καὶ
654 1614 1016 1687 δακρυρροεῖς
1047 1612 1123 1677 ὡς
1160 1611 1350 1684 νεκρὸν
1396 1609 1489 1664 τὸν
1530 1607 1896 1680 δακρύσαντα,

302 1707 407 1761 καὶ
436 1704 633 1778 νεκρὸν
660 1704 1038 1777 τετραήμερον
1070 1703 1162 1756 τὸν
1195 1700 1446 1773 Λάζαρον
1476 1698 1897 1770 ἀναστήσαντα;

1999 514 2245 570 immotis
2282 513 2537 587 pedibus,
2579 523 2639 567 ut
2670 514 3126 585 ingrederentur?
3153 532 3287 572 num
3331 525 3388 573 et
3416 518 3471 572 in
3500 520 3582 574 le-

1997 612 2147 660 ctum
2184 604 2336 659 tollis
2362 619 2511 668 eum,
2541 604 2636 675 qui
2664 606 2966 677 paralytico
2986 607 3155 677 jussit
3182 625 3196 662 :
3228 607 3378 662 Tolle
3395 608 3587 678 graba-

1999 704 2111 749 tum
2152 704 2322 764 tuum,
2364 703 2416 749 et
2448 694 2665 749 ambula
2689 695 2746 750 ‘?
2784 713 2917 751 num
2957 712 3088 752 vero
3119 705 3175 753 et
3219 710 3496 770 unguenta
3526 702 3584 755 in

1998 788 2226 844 cmleste
2248 794 2589 858 unguentum
2623 787 2883 855 elTundis,
2911 789 3059 859 quod
3095 790 3336 860 seipsum
3372 791 3584 859 eﬂ'udit,

1998 887 2054 934 et
2093 880 2359 935 mundum
2397 879 2766 934 sanctimonia
2836 882 3104 951 replevit?
3137 898 3267 936 num
3318 891 3374 938 et
3416 884 3587 939 divini

1999 970 2254 1038 corporis
2290 956 2471 1023 adhuc
2510 972 2777 1041 sanguine
2821 971 2998 1028 ﬂuens
3038 973 3171 1028 illud
3201 972 3331 1031 Iesu
3376 976 3590 1032 abster-

1998 1076 2126 1130 gere
2159 1060 2329 1115 audes
2360 1061 2523 1126 latus,
2552 1062 2647 1131 qui
2692 1062 2962 1132 proﬂuvio
3010 1067 3296 1137 sanguinis
3336 1068 3593 1124 laboran-

2001 1158 2109 1206 tem
2148 1154 2367 1208 sanavit
2394 1152 2581 1208 Dcus?
2608 1171 2740 1209 num
2784 1172 2917 1213 vero
2963 1166 3018 1214 et
3049 1160 3210 1227 aquis
3258 1161 3438 1219 abluis
3467 1178 3596 1218 cor-

2000 1259 2105 1314 pus
2137 1244 2255 1307 Dei,
2285 1246 2380 1315 qui
2418 1261 2613 1302 omnes
2654 1248 2851 1313 abluit,
2892 1257 2949 1305 et
2981 1264 3014 1303 a
3047 1251 3170 1306 labe
3210 1254 3591 1324 purgationem

1998 1336 2297 1405 praestitit?
2328 1337 2532 1402 Quales
2560 1354 2695 1393 vero
2733 1339 2955 1396 tandem
2994 1350 3049 1396 et
3070 1343 3351 1413 lampades
3401 1345 3592 1402 incen-

1999 1425 2105 1481 des
2136 1441 2280 1481 verae
2311 1427 2441 1491 luci,
2474 1428 2808 1484 illuminanti
2843 1446 3064 1487 omnem
3092 1417 3415 1489 hominem?
3440 1435 3595 1502 Qua-

2004 1515 2083 1571 les
2115 1531 2244 1571 vero
2269 1519 2524 1574 cantabis
2550 1519 2628 1572 illi
2661 1512 2920 1577 funebres
2946 1522 3176 1587 naenias,
3204 1524 3299 1594 qui
3326 1525 3448 1580 sine
3474 1526 3591 1580 ullo

2000 1608 2222 1663 silentio
2256 1610 2510 1664 laudatur
2554 1612 2625 1666 ab
2666 1614 2815 1667 omni
2857 1614 3069 1669 caelesti
3117 1616 3406 1671 exercitu?
3451 1616 3595 1675 Num

2001 1714 2137 1755 vero
2172 1701 2451 1772 lacrymas
2493 1716 2595 1772 pro
2626 1717 2694 1757 eo
2734 1702 2944 1768 fundis,
2991 1712 3051 1759 ut
3101 1717 3351 1774 mortuo,
3394 1709 3488 1778 qui
3518 1710 3600 1766 la-

304 1795 423 1871 ἇρα
449 1776 624 1851 δὲκαὶ
652 1795 885 1867 θρήνους
916 1776 1090 1857 στοιεῖς
1109 1791 1187 1864 τῷ
1211 1792 1310 1864 τὴν
1325 1791 1501 1864 χαρὰν
1522 1792 1659 1845 πᾶσι
1683 1788 1900 1855 διδόντι,

2022 1793 2298 1864 :rymavit,
2325 1800 2381 1847 et
2416 1801 2695 1847 mortuum
2721 1792 2992 1848 Lazarum
3013 1776 3444 1865 quatriduanum
3476 1814 3602 1855 sus-

300 1891 408 1945 atati
429 1888 529 1961 τὴν
550 1886 727 1958 λύπην
756 1886 855 1959 τῆς
874 1884 1030 1950 Εὔας
1054 1884 1370 1939 διαλύσαντι
1394 1900 1409 1951 ;

381 2071 575 2141 Ὅμως
599 2065 888 2140 μακαρίζω
912 2083 1007 2120 σου
1033 2064 1133 2130 τὰς
1157 2067 1365 2136 χεῖρας,
1395 2055 1440 2116 ὦ
1461 2060 1684 2133 Ἰωσὴφ,
1709 2061 1908 2131 ὑπουρ-

302 2161 591 2235 γησάσας,
636 2161 728 2214 καὶ
770 2158 1175 2231 ψηλαφησάσας
1229 2156 1309 2209 ἔτι
1352 2152 1756 2228 αἱμορροούσας
1807 2151 1907 2216 τὰς

303 2254 628 2324 θεοσὼμους
659 2253 839 2324 Ἰησοῦ
883 2252 1075 2323 χεῖρας
1117 2250 1215 2304 καὶ
1257 2248 1446 2312 πόδας·
1487 2244 1779 2319 μακαρίζω
1813 2262 1906 2299 σου

306 2344 414 2409 τὰς
442 2346 635 2415 χεῖρας
671 2341 1117 2413 προσεγγισάσας
1142 2340 1209 2410 τῇ
1241 2337 1336 2392 τοῦ
1367 2335 1504 2390 Θεοῦ
1535 2335 1909 2409 αίμορῤοούσῃ

308 2437 551 2509 πλευρᾷ,
578 2435 686 2507 πρὸ
710 2435 881 2506 Θωμᾶ
909 2430 1005 2487 τοῦ
1034 2431 1229 2486 πιστοῦ
1259 2430 1491 2485 ἀπίστου
1524 2430 1622 2484 καὶ
1653 2431 1910 2484 ἐπαινου-

312 2532 485 2605 μένου
536 2529 852 2602 περιέργου·
909 2527 1198 2601 μακαρίζω
1247 2543 1340 2579 σου
1380 2525 1442 2579 τὸ
1474 2525 1648 2595 στόμα
1695 2523 1911 2595 ἐμπλη-

309 2623 444 2678 σθὲν
458 2621 752 2692 ἀπλήστως
767 2621 863 2674 καὶ¹
881 2619 1078 2674 ἐνωθὲν
1110 2618 1247 2688 (8-9)
1269 2616 1407 2689 πρὸς
1431 2614 1613 2691 Ἰησοῦ
1627 2615 1689 2668 τὸ
1714 2614 1909 2684 στόμα,

310 2715 412 2770 καὶ
451 2713 776 2784 Πνεύματος
822 2712 979 2780 ἁγίου
1014 2710 1226 2764 ἐκεῖθεν
1272 2708 1577 2780 πληρωθὲν·
1624 2706 1914 2780 μακαρίζω

312 2822 414 2859 σου
456 2806 586 2868 τοὺς
633 2802 948 2874 ὀφθαλμοὺς
991 2799 1394 2872 προστεθέντας
1440 2801 1554 2863 τοῖς
1595 2798 1690 2853 τοῦ
1734 2798 1914 2869 Ἰησοῦ

311 2890 640 2961 ὀφθαλμοῖς,
673 2889 768 2942 καὶ
799 2888 861 2942 τὸ
889 2888 1004 2960 φῶς
1040 2888 1102 2942 τὸ
1138 2888 1393 2960 ἀληθινὸν
1433 2886 1646 2941 ἐκεῖθεν
1684 2887 1919 2959 μεταλα-

316 2983 537 3051 χόντας·
592 2981 885 3054 μακαρίζω
932 2998 1025 3034 σου
1073 2980 1134 3033 τὸ
1188 2981 1482 3051 πρόσωπον
1530 2980 1918 3051 προσπελάσαν

2005 1885 2229 1940 citavit?
2259 1883 2403 1940 Num
2443 1901 2577 1941 vero
2612 1902 2739 1942 eum
2782 1887 2990 1943 lessum
3031 1888 3189 1952 facis,
3212 1891 3309 1960 qui
3339 1892 3601 1948 omnibus

2023 1975 2282 2046 gaudium
2317 1976 2549 2048 largitus
2573 1985 2700 2053 .est,
2740 1984 2795 2033 et
2832 1978 3112 2034 tristitiam
3142 1979 3270 2036 Eva:
3310 1981 3607 2039 dissolvit?

2082 2065 2341 2122 Attamen
2391 2068 2584 2123 beatas
2621 2069 2814 2138 judico
2863 2079 2988 2126 tuas
3035 2085 3252 2134 manus,
3300 2087 3334 2127 ο
3373 2071 3602 2144 Joseph,

2009 2173 2133 2227 qua:
2155 2157 2569 2223 ministrarunt,
2597 2165 2653 2213 et
2687 2166 3105 2214 contrectarunt
3130 2161 3399 2231 sanguine
3426 2161 3607 2217 adhuc

2008 2248 2243 2304 ﬂuentes
2276 2248 2448 2303 divini
2474 2249 2730 2319 corporis
2759 2246 2892 2304 Jesu
2926 2264 3124 2304 manus
3150 2258 3204 2305 et
3235 2250 3400 2319 pedes
3430 2270 3443 2305 :
3472 2251 3606 2307 bea-

2012 2350 2098 2409 tas
2128 2339 2366 2410 prmdico
2397 2346 2522 2395 tuas
2557 2354 2775 2402 manus,
2802 2354 2927 2410 qua:
2956 2340 3472 2410 appropinquarunt
3508 2339 3606 2395 Dei

2011 2429 2172 2485 lateri
2206 2429 2479 2500 sanguine
2525 2428 2740 2495 ﬂuenti,
2794 2437 2923 2486 ante
2946 2428 3212 2486 Thomam
3260 2431 3474 2488 ﬁdelem
3522 2433 3608 2487 inn

2012 2520 2319 2588 credulum,
2373 2528 2428 2577 et
2475 2522 2758 2576 curiosum
2807 2520 3162 2578 laudabilem.
3215 2520 3442 2578 Beatum
3480 2524 3609 2579 dico

2014 2621 2168 2668 tuum
2209 2629 2296 2679 os,
2328 2613 2476 2683 quod
2503 2613 2786 2684 impletum
2817 2618 2903 2668 est
2939 2613 3349 2676 insatiabiliter.
3383 2622 3441 2669 et
3469 2630 3607 2670 con-

2009 2705 2263 2777 junctum
2314 2706 2394 2759 ori
2436 2703 2589 2769 Iesu,
2631 2720 2697 2759 ac
2748 2702 2959 2775 Spiritu
3010 2714 3202 2759 sancto
3248 2705 3404 2760 illinc
3440 2706 3613 2776 reple-

2020 2805 2156 2852 tum.
2184 2795 2382 2852 Beatos
2426 2804 2555 2852 tuos
2604 2798 2797 2853 oculos
2830 2797 3113 2868 appositos
3141 2795 3272 2853 Jesu
3317 2798 3518 2862 oculis.
3558 2807 3618 2855 et

2020 2888 2197 2943 lucem
2227 2903 2407 2942 veram
2436 2889 2590 2943 illinc
2618 2897 2908 2945 assecutos
2932 2907 2948 2957 ;
2975 2890 3194 2945 beatam
3222 2898 3370 2946 tuam
3392 2890 3614 2957 faciem,

2022 2995 2144 3051 quae
2180 2980 2247 3034 ad
2285 2980 2379 3036 Dei
2414 2980 2610 3035 faciem
2647 2982 2919 3049 accessit;
2948 2982 3142 3038 beatos
3170 2991 3297 3038 tuos
3331 2984 3614 3051 humeros,

319 3076 460 3148 πρὸς
488 3076 552 3128 τὸ
589 3074 684 3128 τοῦ
731 3072 870 3128 Θεοῦ
925 3073 1240 3144 πρόσωπον·
1300 3072 1594 3145 μακαρίζω
1650 3088 1743 3125 σου
1794 3072 1919 3135 τοὺς

2024 3072 2117 3143 qui
2163 3080 2456 3142 portarunt
2482 3088 2605 3127 eum
2639 3074 2733 3142 qui
2776 3081 2957 3142 portat
3009 3088 3234 3140 omnes;
3273 3074 3491 3128 beatum
3520 3075 3617 3145 ju-

321 3166 511 3239 Ειμους
557 3166 937 3237 βαστάσαντας
991 3164 1084 3217 τὸν
1136 3164 1347 3227 πάντας
1393 3164 1505 3234 (10)
1559 3161 1917 3232 βαστάζοντα·

327 3257 625 3331 μακαρίζω
662 3274 757 3310 σου
803 3256 903 3328 τὴν
935 3255 1181 3327 κεφαλὴν
1214 3253 1318 3327 [ἐν]
1421 3255 1789 3325 προσήγγισεν
1816 3252 1924 3322 Ἰη-

333 3347 463 3408 σοῦς
488 3348 708 3400 πάντων
736 3345 950 3415 κεφαλή
981 3345 1118 3416 (11)·
1153 3340 1445 3415 μακαρίζω
1475 3359 1567 3395 σου
1589 3339 1689 3404 τὰς
1709 3343 1920 3411 χεῖρας,

340 3439 401 3489 ὲν
431 3432 519 3499 αἷς
550 3436 857 3499 ὲῦάστασας
884 3434 975 3489 τόν
1014 3434 1354 3506 βαστάζοντα
1392 3433 1590 3487 πάντα·
1638 3430 1927 3503 μακαρίζω

340 3528 533 3601 Ἰωσὴφ
563 3531 658 3583 καί⁹
687 3528 1019 3600 Νικόδημον.
1045 3526 1310 3596 Γεγόνασι
1338 3525 1447 3598 γὰρ
1469 3525 1576 3596 πρὸ
1598 3526 1707 3579 τῶν
1735 3541 1929 3595 χερου-

336 3620 434 3694 6ὶμ
466 3621 575 3695 (l2)
606 3622 739 3675 Θεὸν
786 3622 845 3675 ἐν
892 3621 1107 3683 ἑαυτοῖς
1148 3616 1466 3690 ύψώσαντες
1508 3618 1603 3671 καὶ
1647 3617 1924 3690 φέροντες·

329 3714 597 3782 γεγόνασι
644 3713 751 3785 πρὸ
775 3714 885 3767 τῶν
922 3711 1312 3784 ἑξαπτερύγων
1346 3709 1482 3764 Θεοῦ
1530 3708 1820 3779 ὑπουργοὶ,
1865 3708 1928 3761 ού

328 3805 620 3877 πτέρυξιν,
656 3805 792 3859 ἀλλὰ
841 3805 1043 3859 σινδόσι
1080 3804 1172 3858 τὸν
1198 3802 1402 3877 Κύριον
1434 3800 1803 3871 καλύψαντες,
1835 3799 1932 3853 καὶ

327 3897 690 3968 τιμήσαντες.
733 3899 832 3950 Ὃν
877 3897 947 3951 τὰ
990 3895 1262 3969 χερουὸψ
1301 3894 1588 3967 τρέμουσι,
1616 3892 1810 3947 τοῦτον
1838 3891 1933 3945 ἐπὶ

330 3988 447 4042 τῶν
480 3986 649 4057 ὤμων
679 3987 879 4058 Ἰωσὴφ
916 3986 1012 4040 καὶ
1056 3985 1369 4058 Νικόδημος
1415 3985 1665 4056 φέρουσι,
1697 3984 1794 4036 καὶ
1823 3983 1933 4036 πᾶ-

339 4096 436 4133 σαι
472 4078 587 4150 (15)
622 4078 676 4131 al
707 4078 818 4131 τῶν
849 4078 1159 4150 ἀσωμάτων
1186 4078 1371 4143 τάξεις
1398 4073 1724 4141 ἐξίστανται.
1761 4070 1935 4128 *Ηλθε

335 4173 450 4244 γὰρ
497 4171 699 4243 Ἰωσὴφ
732 4172 828 4225 καὶ
871 4171 1202 4243 Νικόδημος·
1249 4167 1446 4224 οὐκοῦν
1480 4168 1784 4239 συνέδραμε
1827 4169 1937 4231 πᾶς

337 4262 439 4315 καὶ
475 4261 507 4313 ὁ
535 4259 645 4313 τῶν
678 4259 928 4329 ἀγγέλων
962 4259 1245 4331 θεόδημος·
1266 4262 1267 4265 “
1292 4258 1386 4312 καὶ
1412 4257 1716 4329 προφθάνει
1744 4274 1939 4328 χερου-

338 4352 467 4423 6ὶμ,
505 4352 601 4406 καὶ
628 4350 915 4423 συντρέχει
945 4351 1212 4425 σεραφὶμ,
1245 4352 1338 4404 καὶ
1364 4349 1794 4418 συμὸαστὰζουσι
1816 4349 1939 4422 θρό-

2027 3164 2152 3217 dico
2174 3172 2325 3217 tuum
2354 3171 2543 3232 caput,
2567 3166 2655 3216 cui
2686 3164 3148 3233 appropinquavit
3175 3163 3338 3220 Jesus
3365 3166 3614 3220 omnium

2026 3262 2229 3323 caput;
2266 3253 2454 3307 beatas
2486 3261 2611 3308 tuas
2638 3269 2857 3316 manus,
2890 3255 3094 3323 quibus
3125 3256 3355 3323 portasti
3389 3264 3620 3326 portano

2025 3352 2136 3400 tem
2188 3345 2416 3399 omnia:
2449 3345 2669 3399 beatum
2725 3345 2916 3415 judico
2947 3345 3249 3418 Josephum
3293 3355 3348 3402 et
3394 3346 3625 3404 Nicocle-

2028 3452 2203 3493 mum.
2264 3436 2402 3491 Nam
2463 3438 2750 3493 cherubim
2815 3446 3276 3504 antecesserunt,
3332 3440 3503 3496 Deum
3566 3442 3623 3496 in

2030 3526 2230 3601 seipsis
2258 3527 2610 3591 extollentes,
2646 3539 2697 3582 ct
2753 3536 3076 3598 gestantes;
3110 3532 3336 3601 angelos
3373 3540 3627 3588 anteces-

2032 3600 2226 3674 serunt
2265 3618 2417 3673 senis
2450 3619 2555 3672 alis
2604 3620 2864 3688 praeditos
2910 3620 3003 3677 Dei
3053 3600 3295 3677 ministri
3352 3622 3516 3692 facti;
3562 3640 3627 3679 ac

2034 3726 2145 3765 non
2170 3710 2296 3773 alis,
2335 3710 2433 3766 sed
2477 3711 2812 3767 sindonibns
2844 3712 3136 3768 Dominum
3162 3723 3547 3781 contexerunt,
3574 3727 3630 3771 et

2034 3801 2406 3860 honorarunt.
2457 3801 2629 3868 Quem
2694 3803 2980 3859 cherubim
3039 3814 3320 3875 tremunt,
3376 3807 3524 3862 hunc
3572 3808 3630 3862 in

2035 3892 2283 3948 humeris
2304 3891 2507 3965 Ioseph
2538 3902 2595 3949 et
2624 3892 2957 3952 Nicodemus
2997 3894 3203 3959 ferunt,
3228 3904 3284 3952 et
3316 3912 3509 3953 omnes
3546 3899 3634 3952 in-

2036 3998 2363 4053 corporeum
2394 3985 2692 4054 spiritunm
2737 3985 2964 4041 ordines
3007 3985 3430 4056 obstupescunt.
3471 3985 3633 4044 Venit

2036 4073 2185 4128 enim
2218 4073 2419 4142 Ioseph
2456 4082 2510 4128 ct
2552 4072 2929 4130 Nicodemus:
2962 4075 3130 4146 igitur
3170 4076 3540 4132 concurrebat
3577 4084 3633 4131 ct

2038 4165 2220 4220 omnis
2253 4166 2572 4236 angelorum
2605 4165 2700 4221 Dei
2733 4167 3008 4236 populus;
3041 4176 3099 4222 et
3125 4174 3477 4223 antevertunt
3499 4168 3631 4224 cbe«

2039 4255 2252 4320 rnbim,
2279 4262 2335 4310 et
2358 4270 2465 4309 una
2492 4264 2733 4310 currunt
2755 4256 3035 4326 seraphim
3057 4297 3071 4322 ,
3096 4264 3436 4328 portantque
3464 4258 3634 4314 simul

2044 4347 2260 4413 throni,
2294 4354 2350 4402 et
2389 4348 2653 4401 occulunt
2699 4348 2850 4404 senis
2885 4347 2990 4402 alis
3028 4348 3278 4419 praediti,
3313 4356 3369 4404 et
3409 4349 3638 4405 horrent

343 4460 454 4506 νοι,
481 4444 578 4496 καὶ
605 4441 944 4496 καλύπτουσι
990 4442 1062 4495 τὰ
1110 4441 1477 4512 έξαπτὲρυγα,
1519 4441 1613 4495 καὶ
1652 4439 1918 4512 φρίττουσ

2044 4439 2353 4505 multoculi,
2397 4438 2648 4495 videntes
2704 4440 2758 4494 in
2804 4455 2975 4496 carne
3017 4438 3207 4496 Jesum
3258 4441 3439 4497 oculis
3472 4441 3638 4496 orba-

341 4534 419 4588 τά
457 4532 845 4604 πολυόμματα,
888 4531 1103 4604 ὁρῶντα
1131 4534 1189 4585 ἐν
1212 4532 1375 4604 σαρκὶ
1399 4530 1606 4611 Ἰησοῦν
1634 4531 1937 4603 ἀόμματον,

345 4621 449 4675 καὶ
488 4619 935 4689 συγκαλύπτουσι
967 4619 1248 4691 δυνάμεις,
1286 4620 1381 4673 καὶ
1423 4620 1642 4692 ᾄδουσιν
1672 4621 1940 4694 αἰάρχαὶ,

343 4713 444 4767 καὶ
488 4712 807 4783 φρίττουσιν
852 4712 909 4765 αἱ
938 4709 1143 4777 τάξεις,
1178 4711 1275 4766 καὶ
1320 4711 1633 4776 ἐξίστανται
1679 4714 1849 4769 πᾶσαι
1888 4715 1945 4767 αἱ

347 4803 608 4874 στρατιαὶ
626 4803 735 4857 τῶν
762 4802 1075 4873 μεταρσίων
1100 4801 1423 4873 ταγμάτων,
1449 4801 1542 4854 καὶ
1569 4799 1948 4872 θαμϐούμεναι

345 4895 495 4967 πρὸς
538 4895 740 4959 ἑαυτὰς
784 4892 1129 4966 διαποροῦσι,
1180 4896 1277 4948 καὶ
1321 4893 1562 4963 λέγουσι·
1614 4894 1711 4957 Τίς
1738 4886 1893 4957 οὗτος
1922 4894 1951 4946 ό

348 4984 587 5054 φοϐερὸς
617 4983 794 5053 λόγος,
835 4984 931 5037 καὶ
974 4983 1159 5052 φόϐος,
1195 4983 1291 5036 καὶ
1326 4983 1549 5055 τρόμος,
1586 4983 1681 5035 καὶ
1712 4982 1948 5055 τρόπος;

346 5076 408 5129 τί
433 5075 597 5129 τοῦτο
618 5078 680 5129 τὸ
715 5074 883 5146 μέγα,
926 5075 1022 5128 καὶ
1057 5074 1383 5146 παράδοξον,
1424 5074 1519 5127 καὶ
1563 5074 1951 5146 ἀκατάληπτον

352 5167 574 5237 θέαμας
619 5168 678 5220 'U
712 5168 826 5221 ἄνω
848 5168 981 5238 ἡμῖν
1002 5170 1115 5231 τοῖς
1134 5168 1449 5239 ἀσωμάτοις
1468 5167 1543 5230 ὡς
1566 5167 1698 5232 Θεὸς
1723 5168 1950 5239 γυμνὸς,

357 5259 695 5326 ἀθεώρητος,
714 5260 866 5314 κάτω
892 5259 1104 5333 βροτοῖς
1130 5262 1340 5331 γυμνὸς
1373 5259 1732 5332 εύθεώρητος.

434 5422 451 5453 ⁸
472 5418 637 5476 Joan.
671 5436 727 5486 v,
753 5421 808 5478 8.

432 5532 514 5601 (6)
544 5549 638 5601 τρ.
667 5531 745 5602 τῷ
778 5531 978 5603 ἐαυτῷ.
1011 5533 1073 5587 F.
1107 5533 1287 5588 ἑαυτό.

426 5604 514 5672 t7)
549 5619 641 5671 γρ.
676 5603 979 5673 ἁπροσίτῳ.

431 5670 690 5743 (841))π).
718 5670 1145 5744 ἐμπλησθέντος,
1173 5680 1228 5728 ct
1256 5670 1566 5734 ἐνωθὲντος.

427 5742 555 5812 UO)
584 5759 676 5811 γρ.
711 5742 907 5798 πάντα.

2045 4541 2200 4598 tum;
2232 4542 2286 4586 et
2315 4539 2618 4604 contegunt
2670 4539 3000 4603 potestates,
3030 4540 3240 4588 canunt
3274 4533 3639 4605 principatus,

2042 4621 2272 4676 horrent
2331 4622 2622 4698 ordines,
2667 4622 3070 4692 obstupescunt
3120 4638 3314 4680 omnes
3365 4623 3642 4679 exercitus

2044 4713 2365 4769 sublimium
2398 4721 2736 4779 turmarum,
2764 4722 2818 4769 et
2848 4714 3084 4769 invicem
3120 4714 3389 4769 miraculo
3419 4715 3642 4769 attoniti

2046 4806 2367 4862 haesitantes
2399 4806 2706 4878 loquuntur
2736 4824 2751 4860 :
2784 4805 2942 4872 Quod
2975 4807 3079 4860 hoc
3103 4806 3348 4861 terribile
3374 4805 3645 4861 verbum?

2047 4898 2141 4969 qui
2174 4897 2372 4953 timor?
2402 4899 2498 4966 qni
2550 4898 2795 4953 tremor?
2821 4897 2914 4968 qui
2956 4898 3197 4953 modus?
3222 4897 3369 4966 quod
3415 4896 3522 4952 hoc
3561 4898 3646 4951 in—

2048 5004 2207 5060 gens,
2243 4996 2298 5042 et
2328 4987 2673 5053 admirabile,
2703 4996 2757 5042 et
2805 5003 3025 5043 omnem
3061 5002 3334 5057 superans
3373 4989 3647 5059 cognitio-

2048 5093 2173 5145 nem
2225 5078 2640 5148 spectaculum?
2678 5076 2783 5144 Qui
2810 5078 2973 5133 nobis
3013 5077 3070 5131 in
3113 5076 3259 5133 caelo
3289 5078 3645 5148 incorporcis

2050 5171 2363 5240 spiritibus,
2419 5179 2479 5226 ut
2528 5171 2673 5227 Deus
2732 5170 2938 5235 nudus,
2996 5186 3105 5226 non
3153 5178 3240 5226 est.
3281 5171 3537 5239 visibilis,
3589 5173 3645 5227 in

2052 5273 2197 5319 terra
2235 5267 2561 5323 mortalibus
2601 5266 2784 5321 nudus
2823 5274 2911 5323 cst
2940 5272 3193 5337 spectatu
3233 5263 3433 5320 facilis.

2287 5547 2377 5601 κο.
2402 5530 2535 5601 ζωή.

2142 5529 2256 5669 (Hi
2287 5530 2535 5601 ιιο-ζωὴ·
2680 5599 2691 5610 ,

2142 5599 2234 5667 (12
2289 5600 2346 5653 In
2389 5603 2525 5671 Aug.
2554 5608 2863 5671 geminatur
2894 5600 3181 5671 χερουϐίμ.

2167 5599 2234 5652 12

2142 5606 2256 5669 (12)
2290 5606 2346 5653 In
2389 5606 2525 5671 Aug.
2554 5606 2863 5669 geminatur
2894 5606 3181 5671 xspouth.

2412 5672 2488 5734 ὼς
2525 5668 2639 5735 καί,
2669 5677 2775 5725 etc.
2807 5671 2881 5725 Ac
2915 5687 3038 5727 mox
3074 5668 3522 5740 συγκομίζουσαι,
3556 5684 3657 5742 pro

2100 5757 2401 5809 ςιστανται.
