3988 6488
459 313 558 380 ιω
655 323 660 328 ·
1779 306 1990 377 DUBIA
2026 318 2059 372 Α

2164 317 2170 335 ’
2210 309 2464 374 SPURIA
3611 329 3702 390 ιδῃ

535 438 636 495 Cui
669 443 856 492 astant
877 434 1168 492 cherubim
1195 452 1320 494 cum
1371 445 1635 501 tremore,
1669 435 1821 492 hunc
1853 429 2055 500 Ioseph
2084 431 2134 486 Α

456 541 512 587 et
545 527 880 584 Nicodamus
931 529 1207 599 sepeliunt
1258 531 1378 588 sine
1421 533 1643 588 timore.
1687 522 1920 595 Quando
1955 527 2052 581 de-

459 620 675 678 scendit
697 621 792 689 qui
825 635 1026 690 supera
1076 637 1187 677 non
1217 621 1505 678 deseruit?
1547 619 1825 694 quomodo
1865 632 2053 689 egres-

457 726 576 774 sus,
604 711 700 780 qui
734 711 885 766 intus
915 711 1035 766 est?
1063 712 1344 781 quomodo
1385 714 1538 769 venit
1584 729 1638 766 in
1684 723 1914 772 terram,
1955 707 2050 778 qui

459 804 641 858 omnia
703 803 924 873 implet?
978 813 1259 872 quomodo
1310 807 1501 871 exivit,
1554 813 1785 860 cunctos
1842 800 2054 856 latens?

461 896 566 961 Qui
609 912 778 967 supra
808 914 934 952 cum
965 895 1148 962 Patre,
1185 907 1245 953 ut
1278 900 1442 963 Deus,
1478 900 1602 965 sine
1628 897 1878 960 defectu;
1910 893 2052 948 iul'ra

461 1001 589 1039 cum
624 999 821 1050 matre,
859 997 919 1042 ut
950 991 1202 1044 mortalis
1236 1005 1386 1054 vere,
1426 990 1636 1059 absque
1673 988 1912 1043 delectu.
1949 985 2052 1050 Qui

464 1095 747 1150 nunquam
786 1082 947 1136 nobis
981 1082 1261 1151 apparuit,
1315 1082 1408 1151 qui
1442 1081 1663 1135 tandem
1714 1079 2050 1142 hominibus,

465 1180 525 1225 ut
558 1173 744 1237 homo,
793 1173 1068 1242 simulque
1108 1174 1394 1227 hominum
1433 1173 1666 1226 dilector
1698 1171 1840 1226 Deus
1891 1184 2055 1238 appa-

463 1263 585 1316 ret?
630 1262 749 1327 Quo
797 1272 959 1332 pacto
1012 1263 1310 1317 invisibilis
1363 1263 1516 1315 risus
1565 1261 1688 1315 est?
1737 1277 1846 1330 quo
1898 1267 2055 1328 pacto

461 1370 657 1423 expers
699 1357 942 1409 materiae
972 1371 1194 1409 carnem
1247 1354 1590 1424 assumpsit?
1623 1353 1900 1422 quomodo
1928 1366 2055 1422 pas-

461 1447 636 1502 sionis
681 1461 881 1514 expers
923 1461 1121 1513 passus
1161 1446 1288 1500 est?
1335 1446 1613 1514 quomodo
1652 1445 1816 1514 judex
1871 1457 2054 1496 coram

463 1538 730 1592 tribunali
780 1539 972 1592 stetit?
1018 1538 1300 1605 quomodo
1347 1539 1456 1590 vita
1508 1546 1740 1591 mortem
1780 1533 2057 1605 gustarit?

463 1627 740 1698 qu0inodo
767 1628 859 1696 qui
889 1628 1284 1696 comprehendi
1334 1629 1544 1693 nequit,
1601 1627 1855 1696 sepulcro
1883 1624 2057 1678 couti-

465 1723 669 1776 uetur?
716 1720 994 1790 quomodo
1023 1721 1230 1773 habitat
1278 1721 1613 1788 sepulcrum,
1649 1721 1740 1789 qui
1772 1731 2054 1788 paternum

463 1814 650 1866 sinum
680 1827 790 1864 non
815 1810 1071 1879 reliquit?
1102 1811 1380 1879 quomodo
1410 1810 1638 1878 januam
1671 1811 1947 1874 s,:cluuca3
1975 1808 2057 1859 in-

463 1903 734 1975 greditur,
786 1902 880 1972 qui
937 1902 1142 1971 januas
1195 1902 1436 1971 paradisi
1502 1902 1751 1971 aperuit;
1817 1897 2060 1968 Virginis

464 1998 818 2066 verojanuas
849 2011 957 2050 non
990 1997 1220 2065 dirupit,
1251 1996 1346 2051 sed
1378 1996 1578 2064 januas
1614 1993 1811 2047 inferni
1851 1992 2061 2044 contri-

467 2084 582 2149 vit;
627 2084 908 2153 etjanuas
939 2091 1159 2153 propter
1192 2081 1457 2138 Thomam
1514 2097 1622 2135 non
1671 2080 1907 2150 aperuit,
1967 2094 2060 2132 vc-

466 2191 588 2231 rum
633 2176 834 2245 januas
867 2176 1022 2246 regni
1059 2176 1330 2230 caelorum
1362 2174 1679 2228 hominibus
1706 2172 1943 2241 aperuit,
1973 2169 2060 2238 ja-

465 2270 591 2326 nuis
622 2270 861 2340 sepulcri
895 2277 950 2324 et
977 2271 1171 2340 sigillis
1190 2270 1413 2324 intactis
1439 2267 1712 2324 servatis?
1732 2265 1848 2332 Qua
1875 2272 2058 2317 autem

464 2361 678 2416 ratione
738 2361 881 2415 inter
940 2369 1191 2415 mortuos
1248 2367 1573 2429 reputatur,
1636 2360 1729 2428 qui
1779 2365 1863 2412 est
1917 2358 2060 2410 inter

464 2462 712 2508 mortuos
763 2453 936 2506 liber?
971 2453 1250 2522 quomodo
1285 2453 1378 2506 lux
1417 2467 1524 2506 non
1562 2466 1958 2522 vesperascens
1993 2449 2061 2505 ad

464 2543 586 2597 loca
635 2544 952 2610 tenebrosa,
999 2551 1054 2596 et
1091 2544 1343 2598 umbram
1394 2544 1587 2598 mortis
1619 2543 1912 2613 pervenit?
1953 2557 2062 2612 quo

466 2635 685 2690 tendit?
743 2651 854 2704 quo
903 2635 1144 2699 advenit,
1200 2635 1294 2704 qui
1354 2649 1384 2687 a
1423 2644 1599 2689 morte
1649 2636 1900 2704 superari
1950 2649 2059 2688 non

466 2721 680 2791 potuit?
707 2721 841 2787 Quae
882 2723 998 2776 haec
1045 2723 1225 2776 ratio?
1267 2723 1362 2792 qui
1406 2724 1640 2777 modus?
1686 2725 1833 2793 quod
1871 2725 2058 2778 consia-

467 2814 600 2869 lium
631 2813 782 2868 illius
818 2814 872 2867 in
918 2813 1194 2869 infernum
1238 2814 1584 2870 descensus?
1617 2815 1870 2871 Forsitan
1917 2815 2062 2870 Ada—

468 2919 618 2958 mum
663 2903 1086 2959 condemnatum
1167 2913 1222 2958 εἰ
1281 2914 1534 2960 nostrum
1619 2921 1948 2960 COIISCI'VUIII
2004 2913 2063 2959 1η

466 2995 728 3052 educeret
755 2996 1063 3052 descendit.
1089 2995 1346 3052 Profecto
1365 2996 1605 3067 primum
1637 3007 1916 3067 parentem
1943 3010 2064 3052 tan-

467 3102 633 3156 quam
677 3086 949 3155 perditam
985 3103 1142 3143 ovem
1189 3090 1482 3160 quaesitum
1517 3090 1685 3144 vadit.
1720 3089 1957 3144 Omnino
2005 3092 2057 3144 in

466 3180 711 3236 tenebris
741 3188 798 3235 et
827 3180 882 3233 in
908 3180 1102 3234 umbra
1129 3183 1325 3236 mortis
1360 3181 1614 3238 sedentes
1638 3182 1875 3238 invisere
1904 3183 2050 3249 vult;

466 3272 692 3328 omnino
742 3272 1017 3341 captivum
1054 3273 1249 3338 Adam,
1304 3288 1522 3344 unaque
1575 3275 1844 3344 captivam
1889 3273 2052 3328 Evam

465 3378 532 3418 ex
564 3362 851 3417 doloribus
895 3364 1136 3417 solutum
1175 3365 1324 3418 radit
1359 3363 1524 3430 Deus,
1573 3365 1828 3435 illiusque
1861 3363 2054 3419 Filius.

537 3453 742 3510 Verum
780 3469 886 3509 una
919 3454 1346 3519 descendamus,
1383 3471 1490 3509 una
1523 3457 1914 3526 tripudiemus,
1949 3472 2059 3510 una

468 3548 817 3609 festinemus,
858 3561 966 3600 una
992 3547 1374 3611 subsiliamus,
1408 3561 1517 3601 una
1553 3547 1914 3613 deducamus,
1951 3564 2061 3624 qna

467 3638 692 3709 hymnis
741 3637 1107 3702 celebremus,
1144 3654 1248 3690 una
1297 3639 1690 3703 acceleremus,
1722 3637 1817 3691 Dei
1854 3638 2060 3693 fcedera

469 3744 595 3783 cum
640 3728 960 3782 hominibus
1013 3729 1314 3791 intuentes,
1357 3737 1414 3782 et
1464 3729 1960 3783 condemnatorum
2001 3730 2063 3783 li-

467 3820 814 3876 berationem
845 3835 876 3872 a
908 3820 1146 3888 benigno
1189 3819 1420 3873 Domino
1455 3819 1676 3874 factam.
1707 3819 1872 3874 Vadit
1912 3821 2060 3874 cnim

468 3920 668 3968 natura
711 3911 1171 3975 humanissimus,
1209 3918 1269 3964 ut
1297 3911 1496 3966 educat
1528 3927 1646 3977 eos,
1680 3913 1775 3982 qui
1804 3927 1833 3965 a
1859 3913 2064 3967 sarculo

471 4004 638 4059 vincti
683 4011 834 4067 sunt,
887 4005 942 4057 in
1007 4001 1348 4068 fortitudine,
1415 4013 1470 4059 et
1512 4012 1782 4075 potestate
1842 4019 2062 4076 magna,

467 4097 844 4152 inhabitantes
899 4098 1192 4168 sepulcra,
1247 4112 1388 4167 quos
1448 4098 1729 4168 absorpsit
1777 4101 2066 4170 tyrannice

385 4229 388 4232 .
469 4204 656 4243 amara
691 4197 746 4242 et
789 4188 1121 4244 insatiabilis
1154 4204 1323 4252 mors,
1354 4203 1474 4258 quae
1523 4188 1868 4260 tyrannidem
1909 4206 2068 4246 exer-

469 4279 604 4343 Cuit,
637 4285 692 4333 et
738 4295 768 4330 ει
803 4277 914 4335 Deo
939 4277 1176 4348 praedam
1212 4279 1355 4332 hanc
1401 4279 1656 4344 abstulit,
1699 4280 1976 4350 simulque
2008 4280 2065 4334 in

463 4387 638 4425 unum
673 4372 973 4441 congessit,
1015 4387 1156 4440 quos
1188 4371 1279 4426 ille
1311 4371 1635 4428 ccelesdbus
1675 4371 1872 4428 incolis
1907 4373 1961 4426 in
1995 4373 2066 4427 li-

2229 427 2302 503 τῼ
2336 434 2702 503 παρίστανται
2751 436 3020 508 χερουϐὶμ
3051 439 3167 510 μετ’
3217 435 3519 512 εὐλαϐείας,
3544 451 3708 508 τοῦτον

2165 521 2363 593 Ἰωσὴφ
2386 523 2481 575 καὶ
2512 523 2822 594 Νικόδημος
2864 527 3147 596 κηδεύουσι
3195 533 3315 601 μετ’
3362 533 3557 599 ἀδείας.
3592 539 3712 594 Πότε

2153 612 2426 683 κατῆλθεν
2471 615 2500 666 6
2528 613 2596 666 τὰ
2651 613 2766 668 ἀνω
2802 615 2879 686 μὴ
2927 616 3134 683 λιπώνς
3185 621 3305 684 πῶς
3331 621 3548 694 ἐξῆλθεν
3570 628 3596 680 6
3627 630 3718 682 ἔσω

2153 704 2265 771 div;
2309 704 2430 768 πῶς
2466 701 2630 776 ἦλθεν
2669 707 2766 760 ἐπὶ
2806 708 2911 778 γῆς
2940 711 2967 762 6
2998 709 3066 763 τά
3105 711 3284 765 πάντα
3335 713 3586 786 πληρῶν;
3616 720 3716 785 πῶς

2155 794 2306 858 ἐξέδυ
2344 797 2372 847 6
2399 796 2606 859 πάντας
2664 797 2775 869 (Η)
2832 797 3038 865 λαθών;
3087 801 3146 853 Ὁ
3183 801 3296 856 ἄνω
3351 803 3486 873 μετὰ
3531 805 3718 879 Πατρδς

2156 887 2233 949 ὡς
2261 879 2396 950 Θεὸς
2424 887 2771 958 ἁνελλειπὴς,
2799 889 2950 944 κάτω
2983 891 3121 962 μετὰ
3148 893 3250 962 τῆς
3279 895 3485 966 μητρὸς
3515 895 3585 960 ὼς
3608 898 3716 969 βρο-

2155 980 2247 1044 τὸς
2285 979 2550 1051 [ἀληθῶς]
2591 980 2941 1044 ἀνελλειπῶς.
2984 985 3044 1036 ’0
3072 984 3133 1036 ού
3166 985 3388 1039 πώποτε
3418 987 3542 1057 ἡμῖν
3573 990 3720 1057 ἐκφα-

2157 1076 2287 1138 νεὶς,
2334 1074 2453 1137 πῶς
2496 1071 2805 1146 ἀνθρώποις
2853 1076 2928 1140 ὡς
2979 1076 3267 1149 ἄνθρωπος
3312 1079 3448 1149 ὁμοῦ
3495 1082 3584 1132 καλ⁵
3617 1085 3723 1150 φιλ-

2157 1166 2444 1236 άνθρωπος
2475 1166 2606 1230 Θεὸς
2641 1169 3024 1236 ὲπιφαίνεταις
3059 1169 3176 1233 πῶς
3209 1171 3237 1222 6
3272 1170 3502 1241 ἀόρατος
3522 1172 3714 1243 ὼράθης

2159 1259 2276 1320 πῶς
2303 1261 2331 1310 6
2353 1259 2513 1321 άῦλος
2557 1259 2880 1331 ὲσαρκώθη;
2912 1262 3028 1324 πῶς
3069 1264 3095 1314 6
3142 1261 3362 1332 ἀπαθὴς
3391 1263 3588 1329 Erratis;
3622 1264 3723 1326 πῶς

2158 1351 2186 1402 6
2213 1349 2406 1419 κριτὴς
2434 1351 2514 1412 εἰς
2537 1352 2822 1421 κριτήριον
2854 1352 3099 1421 παρέστη
3122 1369 3136 1417 ;
3161 1352 3278 1416 πῶς
3312 1355 3346 1424 ἡ
3380 1353 3492 1423 ζωὴ
3517 1354 3720 1408 θανάτου

2160 1441 2460 1509 ὲγεύσατο;
2499 1442 2615 1505 πῶς
2657 1445 2684 1495 6
2720 1442 3004 1514 ἁχώρητος
3034 1447 3090 1498 ὲν
3121 1446 3278 1516 τάφῳ
3313 1449 3597 1517 χωρεῖται;
3625 1449 3723 1512 πῶς

2160 1535 2302 1587 οἰκεῖ
2327 1536 2385 1587 τὸ
2417 1537 2610 1607 μνῆμα
2638 1539 2665 1589 6
2695 1536 2769 1608 μὴ
2803 1531 2975 1590 λιπὼν
3000 1535 3090 1590 τὸν
3121 1539 3322 1592 κόλπον
3345 1539 3435 1592 τὸν
3465 1541 3720 1612 πατρικόνξ

2163 1625 2282 1688 πῶς
2308 1627 2574 1696 σπηλαίου
2612 1627 2788 1698 πύλην
2829 1629 3134 1698 εἰσέρχεται
3171 1631 3198 1682 6
3233 1631 3413 1694 πύλας
3451 1631 3541 1684 τοῦ
3576 1650 3725 1702 παρα·

2162 1719 2339 1771 δείσου
2371 1719 2481 1787 (15)
2512 1721 2753 1786 ἀνοίξας,
2800 1721 2898 1786 τὰς
2936 1722 2991 1774 δὲ
3022 1722 3198 1785 πύλας
3237 1723 3339 1793 τῆς
3367 1723 3634 1794 Παρθένου
3661 1725 3723 1794 μὴ

2165 1812 2486 1882 διαρρήξας,
2525 1812 2663 1864 ἀλλὰ
2692 1813 2867 1876 πύλας
2895 1813 2988 1865 τοῦ
3021 1814 3149 1884 ᾅδου
3177 1815 3509 1885 συντρίψας
3535 1815 3725 1878 ὁπύλας

2165 1907 2259 1958 ἐπὶ
2311 1906 2483 1976 Θωμᾷ
2525 1906 2598 1976 μὴ
2644 1905 2899 1969 ἀνοίξας,
2944 1907 3082 1959 ἀλλὰ
3126 1906 3304 1968 πύλας
3339 1907 3438 1976 τῆς
3483 1905 3724 1976 βασιλείας

2165 1997 2474 2069 ἀνθρώποις
2530 1998 2820 2062 διανοίξας,
2859 1998 2959 2061 τὰς
3003 1998 3060 2051 δὲ
3102 1997 3281 2062 πύλας
3309 1998 3404 2051 τοῦ
3448 1998 3609 2067 τάφου
3646 1999 3726 2050 καὶ

2163 2089 2465 2161 σφραγῖδας
2493 2088 2864 2152 ἀδιανοίκτους
2903 2090 3126 2156 σώζων;
3170 2090 3296 2153 Πῶς
3344 2090 3400 2142 δὲ
3442 2091 3497 2144 ὲν
3542 2092 3726 2162 νεκροῖς

2162 2182 2437 2253 λογίζεται
2495 2187 2524 2237 6
2584 2185 2641 2236 ὲν
2688 2186 2902 2255 νεκροῖς
2947 2184 3266 2255 ὲλεύθεροςς
3307 2184 3425 2247 πῶς
3454 2184 3512 2237 τὸ
3546 2184 3648 2253 φῶς
3676 2182 3726 2235 τὸ

2165 2277 2468 2348 ἀνέσπερον
2502 2278 2559 2328 ὲν
2591 2279 2884 2340 σκοτεινοῖς
2916 2279 3011 2330 καὶ
3042 2278 3170 2347 σκιᾷ
3191 2277 3429 2330 Θανάτου
3462 2276 3723 2348 παραγίνε-

2165 2387 2288 2436 ται;
2321 2369 2425 2422 ποῦ
2465 2369 2794 2440 πορεύεται;
2816 2370 2916 2424 ποῦ
2951 2371 3314 2441 παραγίνεται
3347 2373 3375 2423 6
3395 2370 3498 2423 ὕπὸ
3525 2368 3722 2422 θανάτου

2163 2462 2503 2534 κρατηθῆναι
2528 2463 2604 2534 μὴ
2621 2463 2952 2534 δυνάμενος;
2982 2463 3079 2527 Τίς
3103 2463 3132 2516 6
3148 2463 3311 2532 λόγος
3331 2477 3346 2528 ;
3377 2463 3462 2526 τίς
3486 2463 3512 2515 6
3534 2460 3722 2532 τρόποςῑ

2163 2556 2247 2619 τίς
2279 2559 2312 2626 ἡ
2339 2555 2502 2626 βουλὴ
2557 2555 2668 2626 (16)
2701 2557 2800 2625 τῆς
2836 2556 2894 2608 ἐν
2935 2555 3012 2626 τῷ
3042 2555 3148 2627 ᾄδῃ
3167 2557 3338 2610 αὐτοῦ
3371 2555 3720 2618 καταϐάσεως

2164 2648 2319 2718 Τάχα
2343 2648 2454 2700 τὸν*
2473 2647 2643 2718 Ἀδάμ
2670 2647 2763 2700 τὸν
2811 2648 3103 2701 κατάδικον
3134 2648 3230 2702 καὶ
3278 2641 3437 2718 ἡμῶν
3478 2645 3722 2700 σύνδουλον

2163 2739 2454 2806 ἀνενέγκαι
2487 2740 2836 2808 κατέρχεται.
2861 2739 3070 2802 Ὄντως
3101 2738 3192 2792 τὸν
3215 2738 3628 2810 πρωτόπλαστον
3661 2735 3721 2797 ὡς

2166 2830 2447 2894 ἀπολωλὸς
2481 2831 2753 2903 πρόϐατον
2806 2829 3142 2901 ἐπιζητῆσαι·
3179 2830 3496 2900 πορεύεται.
3530 2828 3720 2888 Πάντως

2165 2923 2261 2976 καὶ
2307 2923 2436 2986 τοὺς
2478 2925 2537 2976 ὲν
2585 2923 2764 2976 σκότει
2809 2924 2905 2975 καὶ
2960 2923 3089 2992 σκιᾷ
3133 2919 3370 2976 Θανάτου
3419 2919 3720 2991 καθημένους

2168 3015 2416 3085 βούλεται
2487 3006 2920 3084 ἐπισκέψασθαιο
2990 3016 3208 3077 πάντως
3275 3015 3367 3068 τὸν
3418 3011 3720 3083 αἰχμάλωτον

2180 3110 2372 3182 ’Λδὰμ,
2416 3110 2512 3163 καὶ
2569 3111 2669 3181 τὴν
2713 3109 3159 3178 συναιχμάλωτω
3205 3106 3357 3160 Εῦαν
3401 3106 3506 3159 τῶν
3554 3101 3720 3157 ὀδυνῶν

2163 3201 2324 3254 λύσαι
2351 3200 2646 3273 πορεύεται
2701 3203 2726 3253 6
2785 3200 2938 3265 Θεὸς,
2984 3201 3080 3254 καὶ
3131 3199 3246 3264 υίὸς
3287 3198 3457 3268 αὐτῆς
3493 3195 3624 3269 [ὅθεν
3647 3192 3720 3245 καὶ

2161 3293 2272 3357 υίὸς
2305 3293 2467 3347 αὑτοῦ
2493 3292 2908 3366 άναδέδεικται].

2248 3451 2407 3504 Ἀλλὰ
2443 3450 2923 3522 συγκατὲλθωμεν,
2955 3451 3090 3504 ἀλλὰ
3123 3451 3592 3522 συγχορεύσωμεν,
3613 3443 3720 3500 ἀλλὰ

2166 3541 2514 3612 σπεύσωμεν,
2548 3542 2685 3596 ἀλλὰ
2732 3545 3207 3614 συσκιρτήσωμεν,
3250 3542 3390 3595 ἀλλὰ
3423 3537 3720 3612 προπέμψω·

2169 3649 2289 3702 μεν,
2309 3633 2445 3686 ἀλλὰ
2462 3635 2561 3686 άνυ
2571 3634 2887 3703 μνήσωμεν,
2901 3633 3039 3685 ἀλλὰ
3059 3631 3404 3704 ταχύνωμεν,
3425 3629 3551 3683 Θεοῦ
3565 3623 3718 3681 καταλο

2165 3725 2338 3790 λαγάς
2363 3724 2499 3795 πρὸς
2547 3724 2870 3796 ἀνθρώπους
2921 3723 3206 3795 βλέποντες
3229 3768 3243 3791 ,
3280 3723 3577 3778 καταδίκων
3613 3715 3721 3771 ἁπόέ

2165 3817 2318 3869 λυσιν
2352 3813 2412 3880 ἐξ
2445 3815 2652 3884 ἀγαθοῦ
2679 3813 2950 3868 Δεοπὸτου
2981 3815 3298 3886 γινομένην.
3333 3811 3614 3885 Πορεύεται
3635 3806 3720 3876 γάρ

2166 3910 2195 3962 6
2211 3909 2371 3978 φύσει
2395 3908 2587 3978 φιλάνο
2598 3925 2778 3980 ρωπος
2799 3907 2987 3974 ἐξάξαι
3010 3908 3136 3970 τοὺς
3162 3908 3257 3960 ἀπ’
3282 3906 3479 3968 αἰῶνος
3503 3900 3719 3971 δεσμίους

2169 4001 2227 4053 ὲν
2261 4001 2483 4071 ἀνδρείᾳ
2513 4001 2606 4053 καὶ
2646 3999 2868 4072 ἐξουσίᾳ
2899 3999 3090 4070 πολλῇ,
3123 4000 3251 4062 τοὺς
3280 3995 3646 4054 κατοικοῦντας
3675 3990 3720 4041 ὲν

2167 4091 2382 4160 τάφοις,
2414 4090 2508 4153 οὓς
2537 4091 2798 4144 κατέπιεν
2835 4090 3170 4162 τυραννικῶς
3197 4091 3225 4142 ὁ
3265 4088 3463 4160 πικρὸς
3488 4085 3575 4139 καὶ
3612 4080 3722 4134 ἀκύ-

2171 4190 2362 4253 ρεστος
2397 4181 2625 4245 θάνατος
2678 4183 3040 4254 τυραννήσας,
3074 4182 3168 4234 καὶ
3197 4184 3262 4234 ὲκ
3309 4180 3445 4234 Θεοῦ
3480 4171 3720 4241 ἀποσυλήέ

2170 4291 2272 4338 σας
2303 4274 2412 4345 (I7)
2437 4275 2572 4345 ὁμοῦ
2604 4293 2662 4327 τε
2692 4275 2785 4328 καὶ
2817 4273 3121 4345 σωρεύσας,
3139 4277 3254 4337 τοῖς
3279 4276 3392 4330 ἄνω
3417 4265 3721 4328 κατοικοῦσιν

2170 4366 2546 4438 ἐλευθερώσας
2592 4360 3015 4440 συναριθμῆσαι.
3061 4367 3209 4420 Ἐκεῖ
3245 4367 3466 4438 δέσμιος
3519 4356 3721 4428 Ἀδάμό

467 4462 738 4516 bertatem
789 4471 1034 4517 assertos
1065 4478 1435 4517 annumerare
1479 4465 1648 4534 cupit.
1685 4462 1801 4518 Illic
1846 4465 2059 4521 vinctus

2173 4459 2618 4529 πρωτόπλαστος,
2673 4461 2768 4514 καὶ
2823 4459 3270 4531 πρωτογέννητος
3317 4459 3532 4512 πάντων
3571 4466 3720 4506 κατωι

470 4551 644 4606 Adam
697 4553 907 4622 primus
954 4567 1181 4622 parens,
1222 4561 1278 4609 et
1313 4556 1494 4624 primo
1544 4565 1766 4610 creatus
1802 4557 2061 4613 omnibus

471 4644 674 4698 infimis
735 4645 1118 4700 condemnatis
1178 4645 1425 4701 inferior.
1479 4643 1597 4701 Illic
1660 4647 1795 4703 Abel
1849 4651 2060 4718 primus

469 4743 744 4796 mortuus,
791 4742 846 4789 et
890 4735 1104 4805 primus
1148 4735 1336 4805 justus
1372 4743 1562 4806 pastor
1604 4737 1822 4807 injustze
1851 4740 2060 4796 Christi

468 4827 707 4898 pastoris
729 4826 894 4882 credis
921 4825 1114 4897 ﬁgura.
1133 4825 1249 4880 Illic
1272 4824 1386 4881 Noe
1409 4827 1615 4882 Christi
1643 4839 1822 4898 typus,
1850 4847 2061 4901 magna:

459 4936 610 4975 arcte
657 4918 752 4974 Dei
788 4919 1048 4975 Ecclesia:
1089 4917 1389 4974 fabricator
1425 4938 1436 4973 :
1473 4936 1596 4989 qum
1639 4936 1831 4976 omnes
1865 4923 2060 4978 eil'eras

467 5019 658 5080 gentes
690 5027 755 5068 ex
788 5013 980 5067 diluvii
1026 5013 1306 5082 impietate
1354 5029 1451 5083 per
1497 5015 1831 5079 columbam,
1883 5016 2062 5085 Spiri~

471 5109 587 5156 tum
637 5113 912 5167 sanctum,
969 5105 1344 5167 conservavit,
1395 5113 1561 5174 atque
1604 5117 1786 5160 atrum
1829 5122 2058 5160 corvum

469 5209 532 5248 ex
575 5193 679 5245 hac
701 5193 883 5261 ejecit.
929 5192 1046 5248 Illic
1079 5194 1358 5249 Abraham
1391 5195 1600 5250 Christi
1645 5205 1804 5266 pater
1844 5198 2060 5252 sacriﬁ-

469 5298 604 5350 cus;
638 5285 732 5354 qni
768 5300 901 5339 ense
933 5300 1054 5340 sme
1085 5300 1218 5341 ense
1252 5287 1415 5341 letale
1447 5287 1570 5343 sine
1611 5289 1720 5342 leto
1750 5288 1860 5343 Deo
1892 5293 2062 5346 sacri-

473 5376 652 5432 ﬁcium
687 5377 816 5430 felix
862 5377 1088 5431 obtulit.
1141 5375 1258 5432 Illic
1300 5378 1443 5433 infra
1494 5381 1717 5439 vinctus
1748 5379 1924 5448 Isaac,
1964 5384 2059 5454 qui

542 5559 651 5626 (Ιᾶ)
682 5575 772 5627 γρ.
807 5559 1007 5610 πάντα.

543 5628 651 5694 (ίὸ)
689 5645 782 5696 γρ.
812 5627 1063 5696 ούρανοῦ.

541 5697 652 5762 (Ui)
679 5715 771 5765 γρ.
817 5697 1010 5765 φρίκη.

540 5767 651 5837 (Π)
821 5763 913 5826 οὓς
965 5763 1304 5836 τυραννικῶς
1366 5771 1392 5821 6
1444 5771 1637 5842 πικρὸς
1703 5774 1798 5826 καὶ
1841 5775 2056 5843 avum“;

2169 4557 2346 4611 τάτων
2387 4555 2697 4609 καταδίκων
2752 4554 3080 4626 κατώτερος.
3119 4554 3266 4606 Ἐκεῖ
3295 4550 3461 4606 Ἀὅελ
3485 4550 3511 4601 ὁ
3545 4538 3718 4616 πρωτό-

2171 4649 2382 4720 θνητος,
2411 4650 2506 4703 καὶ
2557 4647 2952 4720 πρωτοδίκαιος
2992 4646 3196 4717 ποιμὴν
3227 4642 3466 4716 Χριστοῦ
3501 4634 3718 4708 ποιμένος

2168 4742 2339 4804 τύπος
2359 4741 2457 4812 τῆς
2479 4740 2662 4794 ἀδίκου
2683 4741 2919 4810 σφαγῆς.
2949 4740 3097 4794 Ἐκεῖ
3111 4739 3233 4792 Νῶε
3253 4741 3281 4792 6
3299 4734 3531 4809 Χριστοῦ
3557 4730 3715 4788 τύποςς

2168 4835 2268 4904 τῆς
2320 4833 2565 4904 μεγάλης
2597 4824 2832 4887 κιϐωτοῦ
2865 4832 3000 4885 Θεοῦ
3037 4831 3361 4902 Ἐκκλησίας
3387 4825 3614 4894 κτιστὴςν
3640 4818 3717 4886 τῆς

2169 4927 2237 4980 τὰ
2283 4925 2523 4998 θηριώδη
2577 4926 2705 4996 ἔθνη
2764 4925 2942 4978 πάντα
2986 4927 3049 4978 ἐκ
3075 4922 3460 4994 κατακλυσμοῦ
3501 4912 3719 4973 ἀσεϐείας

2167 5017 2255 5070 διὰ
2282 5019 2632 5089 περιστερᾶς,
2688 5017 2843 5086 ἁγίου
2883 5015 3220 5088 Πνεύματος,
3261 5012 3609 5079 διασωσάσης,
3643 4999 3718 5089 καλ

2167 5109 2260 5163 τὸν
2282 5083 2746 5181 ζοφερδ-ίκόρακα
2764 5109 2876 5180 (18)
2909 5111 2973 5162 ἐκ
3003 5083 3206 5180 ταύτης
3227 5105 3562 5178 ἐξορισάσης.
3597 5083 3719 5148 Ἐκιεῐ

2180 5202 2434 5273 Ἀϐραὰμ
2482 5205 2510 5255 6
2573 5202 2975 5273 Χριστοπάτωρ
3030 5201 3219 5270 θύτης,
3254 5201 3283 5253 6
3327 5199 3422 5268 τὴν
3470 5187 3716 5258 ξιφάξιφον

2167 5292 2326 5362 ὁμοῦ,
2361 5293 2456 5346 καὶ
2496 5291 2864 5362 θνητάθνητον
2893 5291 3012 5361 Θεῴ
3037 5291 3204 5353 θύσας
3234 5287 3420 5342 θυσίαν
3442 5274 3715 5362 πανόλϐιον.

2180 5359 2330 5438 Ἓκεί
2360 5385 2511 5438 κάτω
2548 5359 2769 5455 δέσμιος
2813 5359 2998 5438 Ἰσαὰκ
3031 5386 3059 5436 6
3085 5383 3250 5436 πάλαι
3278 5381 3488 5449 δέσμιος
3519 5359 3711 5441 Χριστό*

2164 5555 2428 5676 ξύραννος
2463 5558 2827 5629 τυραννήσας,
2879 5557 2944 5610 ἐκ
2975 5556 3110 5610 Θεοῦ
3143 5556 3217 5620 ὡς
3258 5553 3499 5618 ἀλάστωρ
3529 5536 3702 5598 ἀπσῧί

2185 5643 2347 5676 .γ·σεν.

2185 5643 2347 5766 “‘ffés
2383 5717 2474 5768 γρ.
2504 5698 2750 5755 διάϐολον
2783 5698 3016 5769 κόρακα.
