3988 6406
239 304 349 363 £53

1355 304 1640 367 HOMILIA
1677 308 1744 368 ll.
1762 307 1829 365 IN
1871 307 2188 366 SABBATO
2230 306 2491 371 MAGNO.

3437 308 3546 373 45a

251 441 421 490 τύπος
443 423 555 479 ὑπὸ
594 424 852 500 ’Δσραάμ
894 425 1183 497 γενόμενος
1216 426 1351 483 ἄνω.
1386 428 1534 483 Ἐκεῖ
1569 428 1766 483 Ἰακὼό
1789 431 1847 484 ὲν

1960 428 2082 485 olim
2111 429 2181 485 ah
2220 429 2493 485 Abraham
2521 444 2688 502 supra
2712 429 2937 487 vinetus
2966 437 3086 487 erat
3120 370 3419 489 ad\Christi
3456 446 3544 489 re—

252 517 362 592 ᾅδῃ
411 516 729 582 κατὼδυνος
776 518 928 573 κάτω
974 517 1108 590 πρὶν
1156 518 1245 573 διά
1301 519 1501 590 Ἰωσὴφ
1546 520 1857 586 κατώδυνος

249 612 389 668 ἄνω.
428 612 579 666 Ἐκεῖ
610 611 813 684 Ἰωσὴφ
848 611 877 664 6
902 610 1123 682 δέσμιος
1140 649 1156 675 ,
1186 612 1215 664 6
1242 612 1300 665 ἐν
1325 611 1587 685 Αἰγύπτῳ
1614 611 1856 683 γεγονὼς

246 707 313 759 ὲν
341 703 423 776 τῷ
450 703 811 776 δεσμωτηρίῳ
847 704 929 768 εις
960 702 1202 774 Χριστοῦ
1234 703 1407 758 τύπον
1442 705 1730 777 δεσμώτης
1759 706 1856 760 καὶ

240 792 548 866 δεσπότης.
595 794 743 849 Ἐκεῖ
771 792 1016 865 Μωῦσῆς
1039 795 1099 848 ὲν
1121 797 1418 860 σκοτεινοῖς
1444 796 1615 860 κάτω,
1655 796 1685 849 6
1722 796 1854 849 ποτὲ

248 888 313 940 ἐν
342 889 412 957 τῇ
439 886 583 958 θήκῃ
615 886 675 939 ὲν
720 886 1017 948 σκοτεινοῖς
1053 884 1189 940 ἀνω.
1242 886 1391 939 Ἐκεῖ
1432 886 1633 958 Δανιὴλ
1664 889 1724 943 ὲν
1750 888 1854 962 ᾅδῃ

246 977 333 1047 τῷ
359 977 570 1049 λάκκῳ,
612 978 642 1031 6
679 977 740 1031 ἐν
776 976 856 1048 τῷ
897 976 1089 1049 λάκκῳ
1130 977 1265 1032 ποτὲ
1306 977 1414 1033 τῶν
1454 979 1686 1035 λεόντων
1717 982 1849 1037 ἄνω.

261 1072 420 1124 Ἐκεῖ
459 1068 726 1141 Ἱερεμίας
744 1069 821 1132 ὡς
851 1069 910 1123 ἐν
937 1068 1126 1141 λάκκῳ
1154 1068 1441 1143 βορϐόρου,
1463 1071 1524 1125 ὲν
1555 1071 1634 1142 τῷ
1662 1070 1853 1144 λάκκῳ

249 1161 351 1215 τοῦ
392 1160 531 1234 ᾇδου
560 1160 655 1215 καὶ
693 1160 791 1231 τῆς
825 1161 1035 1232 φθορᾶς
1081 1160 1176 1215 τοῦ
1223 1160 1477 1218 Θανάτου,
1524 1164 1671 1219 Ἐκεῖ
1690 1166 1747 1218 ὲν
1775 1164 1853 1237 τῷ

251 1251 575 1323 κοσμοδόχῳ
626 1253 786 1323 κήτει
835 1250 933 1306 τοῦ
970 1253 1095 1323 ᾅδου
1138 1255 1319 1308 κεῖται
1352 1255 1435 1318 εἰς
1462 1253 1633 1309 τύπον
1667 1256 1853 1322 Ἰωνᾶς

247 1342 500 1414 Χριστοῦ
528 1343 622 1397 τοῦ
656 1342 873 1398 αἰωνίου
909 1344 1003 1398 καὶ
1039 1345 1372 1416 προαιωνίου
1407 1348 1561 1401 Ἰωνᾶ
1582 1347 1680 1401 τοῦ
1717 1346 1853 1412 ζῶν-

244 1452 349 1498 τος
381 1437 463 1499 εἰς
494 1435 685 1499 αῖῷνα,
723 1435 816 1489 καὶ
841 1437 922 1499 εἰς
958 1437 1087 1500 τοὺς
1119 1437 1324 1501 αἰῶνας
1351 1438 1460 1493 τῶν
1489 1439 1704 1495 αἰώνων
1734 1440 1852 1513 [καὶ

244 1527 343 1580 ἐπ’
366 1525 594 1599 αἰῶνα].
619 1527 728 1582 Καὶ
751 1527 835 1581 ἔτι
875 1530 988 1582 ἐκεῖ
1012 1529 1178 1583 Δαόὶδ
1203 1531 1231 1584 6
1258 1530 1577 1604 Θεοπάτωρ,
1607 1531 1669 1598 ἐξ
1700 1526 1762 1587 οὗ
1792 1533 1853 1587 τὸ

245 1617 403 1672 κατὰ
440 1617 620 1689 σάρκα
644 1616 904 1689 Χριστός.
936 1620 1047 1673 Καὶ
1064 1619 1120 1673 τι
1148 1620 1292 1689 λέγω
1312 1619 1475 1675 Δαὸὶδ
1523 1622 1616 1676 καὶ
1663 1623 1851 1677 Ἰωνᾶν

245 1709 353 1764 καὶ
403 1709 756 1780 Σολομῶντα;
812 1711 957 1765 Ἐκεῖ
984 1712 1080 1765 καὶ
1108 1712 1271 1777 αὐτὸς
1302 1714 1330 1766 6
1366 1712 1536 1776 πολὺς
1573 1713 1850 1784 Ἰωάννης,

1960 520 2244 576 ferendam
2293 521 2612 593 imaginem.
2658 521 2777 577 Illic
2819 523 2961 577 infra
2994 522 3170 580 Jacob
3217 524 3276 580 in
3323 524 3544 580 inferno

1957 626 2196 667 mmrorc
2233 612 2546 680 confectus,
2586 614 2682 683 qui
2732 628 2901 685 supra
2934 622 3159 685 propter
3185 614 3388 687 Ioseph
3424 613 3545 672 fue—

1959 715 2046 761 rat
2085 721 2328 763 maerore
2357 707 2668 765 confectus.
2700 709 2819 765 Illic
2849 707 3052 780 Joseph
3085 710 3325 780 vinctus,
3359 711 3454 781 qni
3486 710 3542 766 in

1959 801 2197 874 (Egypto
2223 802 2327 857 fuit
2355 802 2410 857 in
2433 816 2657 858 carcere
2683 803 2749 858 ad
2775 802 2985 859 Christi
3011 802 3241 873 ﬁguram
3289 804 3544 874 captivus

1954 902 2011 949 et
2053 895 2334 949 dominus.
2383 894 2499 950 Illic
2533 893 2716 952 Moses
2767 894 2911 950 inl‘ra
2947 897 3001 950 in
3041 896 3180 951 locis
3213 897 3549 966 tenebrosis,

1956 984 2052 1056 qui
2095 1000 2263 1056 supra
2318 984 2597 1056 quondam
2652 986 2706 1040 in
2744 986 2932 1041 arcula
2981 987 3038 1041 in
3085 986 3209 1041 loco
3252 986 3546 1042 tenebroso

1912 1132 1915 1135 Α
1957 1075 2158 1134 fuerat.
2199 1076 2316 1132 Illic
2347 1077 2538 1133 Daniel
2566 1078 2619 1132 in
2648 1078 2772 1132 lacu
2804 1076 3029 1142 inferni,
3056 1078 3151 1148 qui
3173 1092 3344 1147 supra
3364 1093 3547 1148 quon-

1957 1172 2082 1226 dam
2114 1173 2170 1226 in
2197 1172 2318 1226 lacu
2350 1172 2569 1227 leonum
2603 1180 2859 1227 versatus
2923 1182 3061 1226 erat.
3106 1170 3220 1225 Illic
3276 1168 3544 1225 Jeremias

1957 1272 2219 1334 tanquam
2242 1264 2297 1318 in
2326 1264 2447 1318 lacu
2484 1263 2652 1328 omni,
2686 1264 2742 1318 in
2772 1263 2893 1317 lacu
2927 1262 3129 1318 inferni
3154 1268 3209 1318 et
3229 1261 3547 1332 corruptio-

1957 1354 2045 1409 nis
2090 1355 2307 1409 mortis.
2345 1354 2458 1409 illic
2480 1353 2649 1411 Jonas
2690 1356 2746 1409 in
2786 1355 2974 1409 mundi
3011 1368 3214 1425 capace
3258 1342 3401 1417 ceto,
3440 1353 3546 1408 hoc

1955 1453 2043 1500 est
2078 1444 2295 1500 inferno
2327 1444 2511 1515 jacet;
2542 1445 2596 1499 in
2640 1444 2869 1517 ﬁguram
2898 1441 3106 1500 Christi
3142 1443 3339 1499 aeterni
3368 1442 3543 1507 Jonze,

1956 1535 2051 1605 qui
2082 1535 2213 1589 vivit
2257 1535 2312 1589 in
2367 1534 2655 1597 saeculum,
2705 1541 2759 1589 et
2784 1534 2840 1588 in
2871 1533 3074 1589 saecula
3105 1533 3434 1588 saeculorum
3472 1530 3562 1603 (ρι’

1957 1641 2179 1681 rursum
2221 1626 2278 1680 in
2307 1625 2616 1697 saeculum).
2673 1624 2789 1679 Illic
2820 1632 3083 1695 praetcrea
3119 1622 3288 1678 David
3329 1622 3425 1678 Dei
3457 1636 3547 1694 pa:

1960 1735 2115 1784 rens,
2149 1734 2214 1774 ex
2247 1734 2357 1789 quo
2383 1717 2687 1773 secundum
2721 1731 2944 1772 carnem
2972 1716 3244 1772 oriundus
3265 1715 3545 1771 Christus.

242 1806 281 1857 ὁ
307 1803 519 1875 μείζων
542 1801 760 1857 πάντων
787 1802 896 1857 τῶν
945 1804 1266 1875 προφητῶν,
1301 1804 1379 1869 ὠς
1413 1807 1471 1858 ὲν
1504 1807 1571 1876 τῇ
1601 1806 1853 1876 σκοτεινῇ

1961 1810 2070 1867 Sed
2106 1810 2240 1881 quid
2266 1811 2392 1866 dico
2421 1807 2709 1873 Davidem,
2740 1817 2794 1865 et
2815 1804 3032 1874 Ionam,
3069 1816 3122 1863 et
3156 1807 3550 1863 Salomonem?

249 1898 447 1966 μήτρᾳ
490 1894 726 1965 Χριστὸν
766 1894 1164 1966 προκηρύττων
1205 1898 1323 1959 τοῖς
1356 1898 1414 1950 ἐν
1464 1896 1565 1968 ᾄδῃ
1602 1897 1808 1952 ἅπασιν
1839 1915 1855 1929 ο

246 1986 278 2036 ὁ
307 1983 492 2044 διττὸς
516 1982 844 2055 πρόδρομος,
873 1983 969 2038 καὶ
997 1983 1174 2056 κῆρυξ
1215 1983 1433 2049 ζώντων
1463 1987 1573 2039 καὶ.
1591 1986 1802 2058 νεκρῶν
1835 2004 1851 2019 ·

244 2073 279 2127 6
306 2076 377 2126 ὲκ
409 2072 655 2143 φυλακῆς
697 2071 940 2144 Ἡρώδου
978 2075 1045 2144 τῇ
1097 2074 1366 2146 πανδήμῳ
1410 2076 1627 2148 φυλακῇ
1672 2094 1854 2149 παρα-

247 2164 535 2236 πεμφθεὶς
557 2162 654 2218 τοῦ
681 2164 808 2235 ᾅδου
840 2163 1010 2237 [ὅθεν]
1046 2165 1156 2218 τῶν
1181 2166 1276 2219 ἀπ’
1299 2167 1497 2232 αἰῶνος
1534 2168 1764 2222 δικαίων
1793 2186 1855 2222 τε

249 2257 351 2311 καὶ
377 2256 580 2310 ἀδίκων
599 2256 1040 2328 κεκοιμημένων.
1060 2259 1124 2311 υἱ
1146 2257 1204 2311 δὲ
1229 2257 1344 2330 (19)
1373 2259 1654 2332 προφῆταί
1675 2278 1734 2314 τε
1761 2261 1856 2315 καὶ

247 2350 458 2404 δίκαιοι
490 2349 729 2412 ἅπαντες
765 2346 919 2414 λιτὰς
956 2346 1231 2421 ἀλήκτους
1268 2351 1696 2423 κρυφιομύστως
1733 2349 1855 2423 Θεῷ

248 2441 468 2495 ἐκεῖθεν
506 2439 866 2513 προσέφερον,
910 2439 1183 2512 λύτρωσιν
1212 2440 1552 2509 ἐξαιτοῦντες
1582 2444 1684 2515 τῆς
1717 2458 1854 2499 παν-

248 2534 465 2589 ωδύνου
496 2533 715 2604 ἐκείνης
746 2533 842 2586 καὶ
872 2531 1153 2605 κατηφοῦς
1180 2533 1552 2607 ἐχθροκράτου
1591 2535 1851 2608 ζοφερᾶς,

246 2627 351 2680 καὶ
407 2624 757 2696 πανεσπέρου
786 2624 1105 2692 παννυξιας.
1145 2628 1259 2680 Καὶ
1314 2629 1344 2681 6
1393 2627 1491 2699 μὲν
1544 2626 1683 2699 πρὸς
1720 2628 1853 2682 Θεὸν

247 2719 411 2787 ελεγε
432 2732 449 2747 ο
517 2717 621 2770 Ἐκ
654 2716 890 2782 κοιλίας
940 2715 1091 2784 ᾅδου
1113 2716 1384 2789 κραυγῆς
1398 2736 1520 2789 μου
1558 2718 1851 2782 ἄκουσον,

246 2807 466 2879 φωνῆς
517 2825 642 2878 μου
667 2825 681 2839 ·
727 2811 758 2862 6
786 2807 833 2861 δ’
875 2806 1037 2873 ἄλλος
1060 2826 1075 2841 ο
1116 2808 1221 2864 Ἕκ
1260 2810 1505 2876 βαθέων
1556 2810 1856 2881 ἐκέκραξά

248 2915 375 2967 σοι,
399 2900 586 2970 Κύριε
605 2915 621 2932 ·
672 2901 873 2969 Κύριε,
921 2899 1301 2956 εἰσάκουσον
1331 2903 1444 2973 τῆς
1460 2902 1673 2973 φωνῆς
1694 2921 1814 2974 μου
1834 2921 1848 2936 ·

248 2994 350 3047 καὶ
377 2991 543 3056 ἄλλος
564 3008 579 3024 ·
614 2992 950 3062 Ἐπιφανον
974 2993 1044 3048 τὸ
1077 2994 1408 3062 πρόσωπόν
1429 3011 1572 3063 σου,
1606 2995 1706 3049 καὶ
1733 3010 1853 3049 σω·-

251 3086 709 3156 θησόμεθαοκαὶ
730 3085 920 3159 ἕτερος
940 3102 955 3119 ο
1000 3086 1063 3140 '0
1086 3086 1425 3157 καθήμενος
1454 3087 1553 3142 ἐπὶ
1592 3087 1713 3142 τῶν
1755 3104 1842 3159 χε·

247 3151 488 3246 ρουσῖμ,
504 3173 804 3246 ἐμφάνηθι
821 3151 839 3206 ί
858 3176 953 3230 καὶ
968 3174 1127 3239 ἄλλος
1142 3193 1155 3206 ·
1198 3151 1531 3246 ’ἐξέγελρον
1542 3175 1657 3245 τὴν
1682 3151 1858 3230 δυῖα-
1883 3151 1928 3210 C

251 3268 474 3322 στείω·
499 3283 640 3331 σου,
663 3267 762 3320 καὶ
783 3266 926 3322 ἐλθὲ
949 3270 1040 3334 εὶς
1063 3266 1133 3321 τὸ
1162 3266 1360 3321 σῶσαι
1384 3267 1554 3336 ’ἡμᾶς
1576 3283 1589 3297 ο
1627 3268 1722 3320 καὶ
1744 3268 1862 3322 ἓτε-

265 3373 394 3427 ροςσ
429 3358 583 3428 Ταχὺ
623 3358 1249 3429 προκαταῑαϐέτωσαν
1281 3358 1441 3429 ἡμᾶς
1472 3361 1528 3413 οἱ
1568 3359 1861 3429 obtmpon

216 3466 221 3473 '
268 3467 411 3515 σου,
437 3452 604 3520 Κύριε
623 3468 639 3483 ·
661 3456 758 3506 καὶ
778 3451 965 3517 ἄλλος·
1004 3453 1210 3507 Ῥῦσαι
1229 3452 1346 3523 τὴν
1387 3450 1605 3521 ψυχήν
1635 3468 1758 3522 μου
1789 3450 1860 3517 ἐξ

265 3543 417 3612 ᾅδου
468 3543 844 3600 κατωτάτου·
878 3544 975 3598 καὶ
992 3543 1181 3616 ἕτερος
1203 3561 1217 3576 ο
1255 3544 1458 3613 Κύριε,
1495 3543 1761 3613 ἀνάγαγε
1789 3542 1860 3609 ἐξ

258 3636 409 3704 ᾅδου
435 3635 552 3705 τὴν
587 3637 802 3706 ψυχήν
837 3654 959 3708 μου
979 3654 994 3670 ο
1023 3638 1116 3691 καὶ
1136 3636 1298 3701 ἄλλος
1318 3652 1331 3664 ·
1365 3635 1465 3705 Μὴ
1495 3636 1866 3707 ἐγκατάλιπε

256 3726 374 3797 τὴν
401 3727 623 3797 ψυχήν
653 3745 773 3798 μου
819 3730 906 3796 εις
934 3728 1092 3798 ᾅδην
1115 3745 1130 3760 ο
1167 3729 1263 3784 καὶ
1291 3729 1480 3802 ἕτερος
1502 3746 1516 3763 ’
1567 3731 1862 3801 Ἆναϐήτω

252 3821 327 3877 ἐκ
348 3819 585 3892 φθορᾶς
604 3823 644 3892 ἠ
673 3820 785 3893 ζωή
809 3840 930 3893 μου
964 3821 1117 3892 πρὸς
1140 3823 1239 3890 σὲ,
1262 3824 1442 3892 Κύριε
1464 3826 1500 3878 ό
1533 3824 1682 3889 Θεός
1714 3842 1858 3894 μου.

328 4082 435 4143 Ἦν
465 4087 534 4160 δὴ
568 4086 826 4143 ἁπάντων
854 4087 1176 4153 ὑπακούσας
1210 4090 1241 4143 6
1269 4088 1687 4163 πανοικτίρμων
1719 4090 1855 4157 Θεὸς

258 4184 288 4237 6
309 4181 553 4254 Χριστὸς
579 4180 642 4235 ού
668 4180 876 4235 δίκαιον
906 4180 1132 4253 κέκρικε
1166 4183 1282 4247 τοῖς
1302 4182 1390 4236 ἐπ’
1414 4182 1585 4237 αὐτοῦ
1615 4182 1712 4238 καὶ
1740 4184 1859 4251 μετ’

260 4273 427 4330 αὑτὸν
447 4272 561 4344 τῆς⁵
586 4272 796 4337 οἰκείας
834 4272 1156 4345 μεταδοῦναι
1192 4275 1377 4345 μόνοις
1406 4274 1855 4346 φιλανθρωπίαςο

259 4365 397 4421 ἀλλὰ
420 4365 518 4419 καὶ
546 4367 663 4429 τοῖς
694 4364 805 4437 πρὸ
829 4367 928 4437 τῆς
960 4365 1128 4421 αὑτοῦ
1175 4366 1476 4438 ὲπιδημίας
1501 4368 1560 4421 ὲν
1591 4366 1694 4439 ᾄδῃ
1725 4383 1860 4421 κατ-

261 4457 566 4529 εχομένοις,
598 4458 693 4512 καὶ
745 4458 1074 4530 καθημένοις
1105 4460 1165 4514 ἐν
1209 4459 1413 4525 σκότει,
1445 4460 1577 4530 σκιᾷ
1604 4458 1857 4516 θανάτου.

1961 1903 2076 1958 lllic
2106 1914 2156 1959 et
2190 1918 2423 1974 magnus
2454 1903 2574 1973 ipse
2601 1899 2866 1969 Joannes,
2897 1901 3076 1970 major
3119 1900 3380 1957 omnibus
3419 1914 3547 1971 pro-

1958 1992 2161 2062 phetis,
2197 1999 2461 2061 tanquam
2495 1992 2551 2046 in
2590 1991 2886 2046 tenebroso
2917 1997 3076 2045 utero
3099 1989 3379 2047 Christum
3408 2003 3548 2059 prat-

1957 2084 2153 2140 dicans
2196 2084 2264 2140 iis
2303 2083 2398 2154 qui
2435 2083 2492 2137 in
2532 2082 2749 2138 inferno
2801 2090 2962 2137 erant
3002 2082 3297 2149 omnibus;
3344 2081 3545 2152 duplex

1956 2190 2289 2247 priscursor,
2329 2184 2376 2231 el
2427 2191 2608 2246 praeco
2656 2176 2911 2230 vivorum
2947 2182 2999 2231 et
3037 2185 3421 2230 mortuorum:
3450 2172 3545 2245 qui

1956 2283 2026 2324 ex
2058 2282 2284 2323 carcere
2316 2265 2553 2323 Herodis
2576 2268 2631 2321 in
2662 2267 2942 2337 publicum
2972 2265 3160 2337 populi
3191 2265 3398 2321 inferni
3429 2279 3550 2320 car-

1956 2371 2137 2414 cerem
2173 2357 2540 2414 transmissus
2591 2364 2699 2413 est.
2743 2357 2813 2410 At
2860 2356 2997 2427 justi
3053 2356 3392 2427 injustique,
3449 2356 3546 2427 qui

1954 2454 2113 2503 erant
2154 2461 2185 2501 a
2225 2448 2429 2504 saculo
2466 2446 2760 2518 consopiti,
2806 2447 3108 2517 praesertim
3166 2448 3445 2519 prophetae
3493 2456 3549 2504 et

1950 2537 2087 2607 justi
2138 2537 2323 2592 cuncti
2389 2552 2583 2608 preces
2632 2537 2887 2594 assiduas
2937 2539 3156 2595 occulte
3209 2538 3549 2610 mysticeque

1958 2627 2069 2684 Deo
2100 2628 2254 2683 illinc
2283 2627 2611 2694 oﬂ‘ercbant,
2647 2629 3085 2700 redemptionem
3110 2630 3425 2701 ﬂagitantes
3455 2630 3554 2686 do-

1957 2721 2091 2777 loris
2117 2721 2265 2778 illius
2292 2720 2361 2777 ad
2383 2736 2573 2777 omnes
2597 2723 2946 2792 pertinentis,
2978 2733 3031 2778 et
3055 2732 3266 2779 masta:
3288 2725 3357 2779 ab
3386 2723 3546 2780 hoste

1956 2823 2259 2884 occupatae,
2294 2822 2428 2870 atrae
2454 2823 2831 2885 perpetuoque
2854 2814 3216 2870 tenebricosze
3244 2817 3447 2871 noctis.
3480 2815 3547 2872 Et

1958 2905 2048 2960 hic
2077 2905 2300 2976 quidem
2330 2905 2399 2961 ad
2433 2905 2606 2962 Deum
2633 2905 2855 2962 dicebat
2881 2924 2894 2961 :
2929 2904 3013 2959 Ea:
3042 2914 3191 2960 utero
3216 2907 3414 2977 inferni
3439 2906 3555 2962 cla-

1956 3012 2157 3051 morem
2202 3013 2377 3052 meum
2410 2998 2563 3064 audi,
2599 3013 2776 3052 vocem
2818 3013 2990 3052 meam
3017 3000 3030 3030 '
3056 3016 3071 3066 ;
3096 2999 3236 3053 alter
3270 3013 3439 3054 vero:
3480 2997 3552 3052 De

1957 3089 2240 3160 profundis
2274 3090 2501 3144 clamavi
2537 3089 2607 3143 ad
2642 3098 2710 3156 te,
2754 3088 3021 3153 Domine;
3058 3089 3301 3156 Domine,
3340 3090 3540 3146 exaudi

1960 3197 2135 3236 t'oeem
2178 3182 2386 3234 meam'
2408 3198 2422 3247 ;
2448 3192 2500 3235 et
2530 3181 2710 3234 alter:
2750 3179 2973 3233 “lustra
3007 3191 3343 3249 conspectum
3380 3190 3550 3243 tuum,

1958 3285 2009 3329 et
2054 3272 2384 3328 salvabimur
2408 3272 2464 3339 ³;
2515 3279 2569 3329 et
2611 3273 2753 3326 alter
2782 3291 2793 3326 :
2826 3270 3120 3327 Considens
3156 3272 3219 3326 in
3259 3270 3551 3335 cherubim,

1964 3379 2162 3433 apparo
2184 3362 2240 3428 5;
2268 3369 2321 3417 et
2344 3362 2487 3418 alius
2517 3381 2529 3418 :
2557 3360 2755 3416 Eccita
2798 3370 3111 3432 potestatem
3149 3370 3318 3429 tuam,
3359 3369 3410 3416 et
3437 3361 3555 3415 veni

1966 3464 2024 3507 ut
2049 3453 2216 3507 saives
2251 3470 2346 3508 nos
2368 3455 2389 3484 ⁸
2415 3471 2429 3521 ;
2456 3461 2511 3509 et
2534 3454 2676 3509 alius
2703 3472 2716 3509 :
2749 3453 2871 3509 Cito
2898 3464 3264 3525 pra'occupent
3292 3470 3387 3509 nos
3415 3470 3554 3508 coms

1962 3546 2330 3601 miserationes
2380 3555 2505 3610 tute,
2554 3545 2858 3615 Domine‘;
2910 3556 2964 3602 et
3014 3546 3158 3603 alius
3194 3565 3207 3600 :
3237 3545 3397 3615 Eripe
3439 3545 3557 3599 ani-

1961 3652 2105 3689 mam
2145 3652 2211 3691 ea:
2244 3636 2452 3706 inferno
2478 3636 2968 3707 profundissimo";
3010 3644 3065 3692 et
3099 3636 3241 3692 alter
3270 3653 3284 3691 :
3309 3635 3554 3701 Domine,

1961 3727 2092 3782 educ
2119 3743 2186 3782 ea:
2208 3729 2415 3799 inferno
2457 3732 2693 3785 animam
2721 3746 2893 3784 meam
2911 3730 2966 3796 °;
2999 3738 3052 3784 et
3077 3729 3218 3785 alius
3249 3746 3261 3782 :
3296 3726 3379 3783 Ne
3404 3727 3557 3782 dere-

1963 3819 2174 3888 linquas
2199 3819 2437 3872 animam
2466 3836 2639 3875 meam
2673 3820 2725 3873 in
2761 3818 2969 3888 inferno
2992 3822 3050 3889 ';
3080 3828 3133 3875 et
3169 3820 3308 3875 alter
3340 3837 3353 3875 :
3386 3817 3556 3889 Egre-

1962 3907 2147 3961 Δίαιον
2170 3923 2237 3963 ea:
2275 3912 2613 3979 corruptione
2655 3911 2763 3965 vita
2793 3926 2908 3965 mea
2948 3909 3020 3963 ad
3060 3920 3127 3979 te,
3156 3909 3382 3965 Domine
3413 3908 3556 3969 Deus

1966 4015 2107 4053 meus
2132 3999 2200 4054 ¹⁰.

2035 4092 2186 4158 Quos
2228 4107 2423 4150 omnes
2457 4109 2583 4149 cum
2634 4094 2949 4151 exaudisset
2981 4108 3197 4150 summe
3239 4093 3557 4150 misericors

1963 4181 2109 4239 Deus
2125 4183 2402 4249 Christus,
2432 4199 2542 4239 non
2572 4198 2790 4255 aequum
2822 4183 3059 4249 censuit,
3090 4189 3149 4236 ut
3180 4183 3249 4237 iis
3276 4183 3433 4248 solis,
3457 4183 3556 4253 qui

1962 4276 2091 4331 vitae
2112 4274 2232 4345 ejus
2265 4282 2454 4332 essent
2488 4283 2733 4346 tempore
2769 4282 2865 4331 aut
2886 4283 3012 4346 post
3045 4273 3238 4341 futuri,
3273 4274 3555 4345 propriam

1965 4367 2270 4437 impertiret
2310 4368 2786 4437 misericordiam;
2844 4384 3035 4425 verum
3090 4374 3145 4423 et
3193 4367 3264 4423 iis
3297 4367 3390 4439 qui
3427 4375 3556 4424 ante

1968 4458 2151 4529 ipsius
2179 4458 2474 4513 adventum
2509 4459 2565 4515 in
2602 4458 2821 4515 inferno
2849 4467 3008 4515 erant
3039 4458 3265 4525 detenti,
3304 4467 3360 4514 et
3387 4459 3445 4513 in
3475 4465 3557 4514 te-

260 4527 716 4619 Διὺνάνθρώπους
751 4547 849 4619 μὲν
875 4527 960 4601 -εν
996 4548 1160 4620 σαρκὶ
1186 4549 1347 4612 ὄντας
1378 4547 1469 4603 διά
1515 4527 1719 4622 σαρκὸς
1757 4551 1855 4621 ἑμ-

1965 4527 2152 4603 nebris
2183 4556 2239 4602 et
2270 4547 2465 4603 umbra
2505 4549 2703 4605 mortis
2743 4549 3029 4606 sedebant.
3075 4547 3347 4615 Quocirca
3378 4547 3559 4604 homi-

258 4638 435 4711 ψύχου
470 4639 501 4691 ὁ
545 4637 679 4702 Θεὸς
728 4637 903 4706 Λόγος
935 4637 1306 4709 ἐπεσκέψατοε
1339 4637 1542 4708 ψυχαῖς
1573 4638 1633 4692 δὲ
1668 4640 1858 4710 σωμά-

258 4746 370 4783 των
416 4726 871 4799 ἀπηλλαγμέναις
914 4726 1003 4780 διὰ
1049 4727 1149 4797 τῆς
1192 4727 1381 4781 ἐνθέου
1439 4728 1536 4782 καὶ
1582 4729 1854 4802 ἀχράντου

258 4817 431 4873 αὐτοῦ
462 4818 640 4889 ψυχῆς
677 4820 735 4872 ὲν
755 4817 859 4889 ᾄδῃ
876 4818 1140 4888 ἐπέφανε,
1164 4817 1419 4891 σώματος
1440 4819 1557 4874 ἀλλ’
1580 4821 1641 4874 οὐ
1663 4820 1855 4893 θεότη-

257 4929 352 4977 τος
388 4910 844 4982 ἀπηλλαγμένης.
892 4910 1104 4965 Οὐκοῦν
1157 4912 1486 4984 σπεύσωμεν
1519 4912 1600 4983 τῷ
1642 4913 1741 4984 νῷ,
1767 4915 1865 4969 καὶ

259 5003 357 5057 ἐπὶ
383 5002 479 5055 τὸν
512 5000 646 5074 ᾅδην
670 5000 1000 5072 βαδισωμεν,
1050 5003 1199 5066 ὅπως
1230 5003 1427 5074 ἴδωμεν
1453 5003 1572 5067 πῶς
1596 5003 1716 5065 ἐκεῖ
1732 5020 1865 5058 ποτε

261 5093 353 5146 τὸν
398 5091 481 5162 τῷ
545 5094 736 5164 κράτει
768 5092 1031 5164 κραταιὸν
1079 5093 1223 5147 κατά
1269 5094 1471 5165 κράτος
1522 5097 1720 5167 κρατεῖ
1764 5094 1861 5149 τού

263 5180 501 5253 κράτους
530 5179 991 5252 κρατοτύραννον,
1014 5180 1111 5233 καὶ
1130 5179 1247 5253 λαῷ
1266 5183 1574 5254 πανστρατὶ
1595 5186 1665 5255 τῇ
1688 5183 1862 5238 αὑτοῦ

264 5273 518 5346 ἀστραπῇ
543 5273 644 5338 τὰς
665 5273 968 5338 ἀθανάτους
986 5274 1204 5339 ὲκείνας
1224 5274 1336 5331 τῶν
1348 5275 1648 5350 φαλάγγων
1676 5277 1861 5350 ἀχειρὶ

1964 4652 2065 4693 nos
2103 4638 2323 4708 quidem
2366 4654 2535 4696 carne
2564 4641 2824 4712 praeditos
2863 4657 2962 4712 per
2991 4657 3214 4699 carnem
3259 4642 3556 4697 animatam

1961 4733 2108 4786 Deus
2140 4729 2381 4787 Verbum
2412 4733 2634 4803 invisit;
2686 4734 2975 4790 animabus
3008 4750 3139 4791 vero
3170 4750 3201 4790 a
3232 4735 3559 4805 corporibus

1964 4824 2225 4880 liberatas
2254 4840 2352 4895 per
2381 4825 2624 4881 divinam
2664 4833 2718 4880 et
2742 4827 3099 4895 purissimam
3131 4840 3287 4882 suam
3318 4824 3557 4879 animam

1965 4916 2022 4970 in
2052 4915 2269 4971 inferno
2306 4919 2589 4986 apparuit,
2632 4932 2754 4987 quae
2791 4933 2822 4971 a
2853 4933 3105 4986 corpore,
3145 4932 3254 4971 non
3290 4931 3319 4969 a
3356 4915 3559 4971 divini-

1966 5014 2078 5063 tate
2124 5005 2475 5063 discesserat.
2526 5007 2717 5078 Itaque
2754 5021 3114 5079 prOperemus
3158 5017 3358 5072 mente,
3402 5015 3458 5062 ct
3499 5006 3557 5061 in

1966 5098 2243 5153 infernum
2265 5113 2477 5164 eamus,
2504 5107 2563 5153 ut
2588 5099 2872 5156 videamus
2900 5099 3177 5171 quomodo
3198 5098 3312 5154 illic
3334 5100 3555 5155 tandem

1964 5186 2165 5243 robore
2192 5186 2479 5259 praeditum
2508 5187 2874 5243 fortissimum
2909 5197 3203 5261 tyrannum
3236 5189 3476 5243 maxima
3503 5188 3556 5243 vi

1963 5282 2274 5350 superarit;
2301 5289 2357 5337 et
2385 5295 2512 5337 cum
2538 5280 2689 5337 omni
2711 5282 2917 5353 populo
2944 5282 3260 5339 militariter
3281 5281 3556 5339 instructo

334 5471 618 5550 ‘Joangr,
652 5472 739 5550 6.“
782 5470 975 5550 ’_Psal.
1005 5473 1279 5550 exstant:
1353 5472 1855 5550 fPsal._§xx,__i'Z..

1960 5472 2096 5531 Psal.
2123 5492 2313 5550 arxrx,
2346 5478 2403 5536 2.
2480 5480 2500 5511 ⁸
2526 5479 2662 5545 ibid.
2741 5480 2762 5512 θ
2783 5478 2931 5537 Psal.
2965 5497 3195 5550 Lxxvm,
3236 5488 3290 5544 8.
3360 5481 3378 5513 ⁷
3405 5475 3553 5535 Psal.

252 5559 461 5610 uxxv,
492 5543 580 5600 15.
657 5542 679 5575 ⁸
700 5542 851 5599 Psal.
885 5558 1040 5612 χιιι,
1068 5543 1124 5598 4.
1197 5542 1218 5574 '
1240 5541 1389 5599 Psal.
1424 5558 1515 5611 xv,
1547 5543 1635 5600 10.
1715 5543 1758 5577 ¹⁰
1777 5540 1855 5599 Jol

1960 5560 2105 5615 [XII],
2140 5547 2228 5602 18.

324 5733 442 5806 (19)
472 5751 544 5805 γρ
605 5728 694 5787 οἷα
723 5732 798 5786 δέ.
