3988 6426
548 285 654 343 455

1825 278 2031 337 DUBIA
2070 279 2108 336 Α

2249 279 2519 337 SPURIA.
3660 294 3748 352 ‘56

537 432 637 474 sua
673 417 1058 476 coruscatione
1115 414 1454 470 immortales
1505 415 1627 470 illas
1673 415 1929 470 ordinum
1979 419 2117 473 acies

2227 417 2503 488 χειροῦται
2533 415 2716 483 τάξεις
2745 431 2760 445 ⁸
2787 414 2963 486 θύρας
2981 415 3214 488 ἀθύρους
3243 416 3378 489 ἄρας
3405 417 3466 470 ἑκ
3487 417 3655 489 μέσου,
3675 419 3757 474 καὶ

533 523 654 563 sme
683 509 846 563 armis
871 507 1187 578 subegerit:
1213 507 1437 578 quando
1466 507 1610 562 fores
1627 507 1748 562 sine
1766 506 1979 562 foribus
2007 525 2125 564 sus-

533 595 658 649 tulit
677 611 709 651 e
730 596 931 660 medio,
948 604 1002 652 et
1024 605 1209 666 portas
1230 611 1335 650 non
1362 597 1568 666 ligneas
1591 595 1737 666 ligno
1762 596 1946 650 crucis
1963 596 2124 650 Chri-

533 695 654 744 stus
688 690 890 742 ostium
916 687 1098 758 fregit,
1127 688 1406 758 clavisque
1429 687 1632 743 divinis
1665 697 1851 743 vectes
1885 696 2121 743 attentus

533 779 796 834 contrivit
841 778 1250 852 confregitque:
1277 787 1331 835 et
1360 779 1619 843 vinculis,
1650 779 1962 834 divinarum
1994 795 2123 833 sua-

535 887 656 924 rum
710 886 971 925 manuum
1006 871 1328 926 insolubiles
1375 879 1598 926 catenas
1645 881 1902 942 tanquam
1937 888 2118 928 ceram

535 965 807 1021 dissolvit.
836 965 968 1020 Item
992 965 1147 1018 hasta
1173 964 1342 1018 divini
1369 965 1457 1019 sui
1492 964 1678 1019 lateris
1709 963 1898 1020 carnis
1923 980 2120 1036 expers

535 1074 628 1113 cor
651 1059 868 1130 tyranni
890 1057 1207 1128 perforavit.
1231 1058 1345 1112 illic
1362 1058 1619 1112 contrivit
1642 1059 1842 1113 robora
1865 1074 2116 1124 arcuum,

533 1163 660 1201 cum
684 1148 738 1201 in
765 1163 948 1212 cruce,
970 1155 1228 1218 tanquam
1253 1147 1306 1200 in
1337 1161 1490 1210 arcu,
1516 1147 1828 1202 divinarum
1856 1163 2116 1203 manuum

536 1252 735 1292 nervos
767 1238 1030 1292 extendit.
1077 1236 1444 1304 Quamobrem
1476 1238 1523 1293 si
1567 1253 1694 1292 cum
1718 1238 1941 1293 silentio
1969 1255 2121 1294 secu-

531 1335 621 1383 tus
647 1327 816 1383 fueris
843 1329 1144 1388 Christum.
1171 1343 1295 1382 mox
1329 1327 1536 1382 videbis
1564 1329 1788 1383 ubinam
1820 1337 2114 1400 tyrannum

531 1412 821 1484 (-olligarit,
844 1422 897 1469 et
921 1415 1010 1469 ubi
1041 1415 1206 1484 hujus
1230 1423 1396 1486 caput
1422 1417 1808 1486 suspenderit;
1842 1421 2119 1488 quomodo

527 1518 810 1559 carcerem
861 1505 1182 1575 disjecerit;
1239 1521 1349 1578 quo
1399 1508 1616 1564 vinctos
1676 1509 1949 1578 eduxerit,
2007 1527 2118 1581 quo

525 1603 692 1667 pacto
723 1603 1034 1666 serpentem
1076 1599 1440 1662 conculcarit,
1491 1607 1547 1654 et
1592 1600 1687 1655 ubi
1721 1609 1886 1672 caput
1916 1618 2112 1673 appen-

526 1687 700 1754 derit;
745 1687 1023 1758 quomodo
1055 1690 1325 1744 Adamum
1362 1691 1414 1744 in
1451 1691 1756 1746 libertatem
1788 1695 2115 1761 asseruerit;

2224 507 2400 570 πύλας
2455 506 2685 571 ἀξύλους
2738 506 2818 576 τῷ
2878 504 3018 576 ξύλῳ
3071 506 3164 559 τοῦ
3220 505 3451 577 σταυροῦ
3488 507 3757 578 Χριστδςή

2224 596 2364 667 θύρα
2417 595 2793 660 κατακλάσας,
2841 594 2995 664 ἥλοις
3054 612 3114 648 τε
3167 598 3277 656 τοῖς
3317 595 3513 658 ἐνθέοις
3564 596 3758 666 μοχλοὺς

2222 688 2476 751 αἰωνίους
2502 687 2799 758 συντρίψας
2827 687 2922 740 καὶ⁵
2941 686 3264 750 συνθλάσας’
3295 689 3388 740 καὶ
3415 688 3621 757 δεσμοῖς
3643 705 3762 760 χειρ-

2223 778 2424 841 ενθέοις
2452 778 2564 849 (20)
2593 777 2693 841 τάς
2705 778 2935 842 ἀλύτους
2957 778 3178 836 ἁλύσεις
3217 778 3293 841 ὼς
3324 777 3489 848 κηρὸν
3507 779 3759 844 διαλύσας·

2223 874 2317 926 καὶ
2351 872 2520 943 λόγχῃ
2564 875 2630 942 τῇ
2669 871 2990 943 θεοπλεύρῳ
3027 871 3254 942 καρδίαν
3284 870 3380 923 τοῦ
3411 872 3655 942 τυράννου
3680 871 3760 942 τήν

2221 963 2465 1036 ἄσαρκον
2494 965 2817 1035 διατρήσας.
2859 965 3008 1019 Ἐκεῖ
3065 963 3353 1033 συνέτριψε
3402 963 3470 1015 τὰ
3497 963 3655 1036 κράτη
3674 965 3761 1017 τῶν

2219 1055 2410 1121 τόξων,
2437 1057 2525 1110 ὅτε
2553 1055 2632 1127 τῷ
2654 1055 2874 1128 σταυρῷ
2895 1057 3118 1124 τοξότας
3135 1055 3442 1128 χειροΘὲους
3463 1055 3567 1125 (21)
3596 1055 3763 1126 νευρὰς

2219 1149 2464 1202 διέτεινε.
2492 1149 2585 1203 Διὸ
2619 1149 2715 1203 ἐὰν
2740 1150 2862 1221 μεθ’
2889 1151 3124 1221 ἡσυχίας
3160 1148 3526 1220 ἀκολουθήσῃς
3554 1148 3759 1220 Χριστῷ,

2219 1240 2316 1295 νῦν
2369 1241 2475 1313 ὄψῃ
2519 1240 2624 1294 ποῦ
2655 1243 2756 1312 μὲν
2801 1241 2894 1296 τὸν
2936 1243 3204 1314 τύραννον
3253 1241 3440 1312 ἔδησεο
3486 1240 3581 1293 πού
3607 1239 3762 1310 δὲτὴν

2219 1333 2412 1387 τούτου
2445 1334 2690 1404 κεφαλὴν
2731 1335 3009 1406 ἀνήρτησε
3038 1350 3051 1363 ·
3085 1334 3206 1398 πῶς
3237 1333 3296 1388 δὲ
3330 1333 3392 1386 τὸ
3431 1331 3762 1403 δεσμωτήριον

2220 1425 2514 1494 ἀνέσκαψε,
2548 1424 2652 1478 ποῦ
2679 1425 2736 1478 δὲ
2765 1426 2892 1489 τοὺς
2906 1423 3189 1495 δεσμώτας
3207 1424 3462 1495 ἐξήγαγε,
3491 1423 3598 1486 πιῖ›ς
3616 1423 3666 1475 δὲ
3693 1423 3763 1474 τὸν

2219 1517 2343 1585 ὅφιν
2379 1517 2645 1588 ἐπάτησε,
2671 1518 2766 1572 καὶ
2791 1517 2896 1571 ποῦ
2925 1517 3021 1589 τὴν
3046 1517 3223 1589 κάραν
3260 1516 3532 1587 ἐκρέμασε
3553 1531 3567 1548 ·
3597 1514 3697 1578 πῶς
3715 1514 3759 1566 δὶ

2221 1608 2314 1661 τὸν
2348 1608 2520 1679 Ἀδὰμ
2542 1608 2910 1680 ἠλευθέρωσε,
2937 1609 3031 1662 καὶ
3064 1609 3185 1672 πῶς
3217 1607 3316 1678 τὴν
3345 1604 3486 1660 Εὕαν
3512 1605 3757 1675 ἀνέστησε,

2221 1700 2462 1763 καὶπῶς
2489 1701 2551 1754 τὺ
2603 1701 2920 1772 μεσότοιχον
2969 1699 3148 1764 ἔλυσε,
3199 1699 3295 1754 καὶ
3343 1699 3458 1761 πῶς
3485 1697 3569 1750 τὸν
3603 1695 3762 1767 πικρὸν

526 1780 803 1850 quomodo
825 1779 992 1834 Evam
1020 1781 1332 1846 suseitarit;
1365 1796 1472 1852 qua
1501 1783 1712 1838 ratione
1734 1784 2116 1839 intermediam

2224 1791 2549 1844 κατεδίκασε
2581 1767 2872 1861 δράκοντα,
2909 1790 3006 1844 καὶ
3059 1789 3178 1853 πῶς
3219 1789 3290 1842 τά
3335 1790 3576 1859 ἀήττητα
3602 1786 3760 1857 ἔστησε

526 1873 823 1927 maceriam
867 1873 1130 1938 diruerit;
1182 1873 1460 1944 quomodo
1501 1889 1705 1928 saevum
1741 1875 2122 1930 condemnarit

526 1963 845 2029 draconem,
892 1963 1165 2036 quomodo
1204 1965 1407 2020 invicta
1445 1966 1691 2036 posuerit
1738 1973 1964 2037 tropaea,
2024 1969 2113 2022 ubi

525 2065 759 2112 mortem
791 2064 966 2112 morte
996 2057 1260 2121 all‘ecerit,
1311 2065 1364 2112 et
1408 2073 1517 2128 qua
1568 2058 1780 2114 ratione
1811 2061 2121 2129 corruptio-

525 2163 651 2202 nem
683 2149 1014 2219 corruperit,
1046 2148 1434 2219 hominemque
1483 2148 1538 2203 in
1583 2151 1816 2220 pristina
1853 2150 2120 2222 dignitate

524 2239 894 2294 constituerit.

595 2328 724 2385 Heri
781 2331 946 2402 igitur
970 2330 1382 2403 dispensatione
1409 2335 1646 2404 quadam
1682 2335 1924 2408 legiones
1953 2352 2120 2409 ange-

522 2423 702 2477 lorum
736 2438 1000 2479 recusans
1030 2423 1248 2478 dicebat
1280 2422 1484 2480 Petro:
1529 2424 1722 2481 Nonne
1743 2442 1961 2496 possum
1981 2445 2120 2482 nunc

519 2516 764 2570 exhibere
805 2517 924 2584 plus
955 2533 1114 2586 quam
1145 2515 1423 2570 duodecim
1473 2518 1700 2588 legiones
1733 2520 2042 2589 angelorum
2065 2521 2121 2574 ‘?

525 2605 719 2672 llodie,
766 2615 828 2660 ut
859 2606 968 2662 Deo
1009 2622 1106 2677 par
1151 2615 1258 2671 est,
1295 2608 1569 2677 simulque
1609 2609 1872 2666 bellicose
1908 2617 1963 2665 et
1998 2619 2117 2665 tan-

524 2715 688 2770 quam
731 2697 997 2754 Dominus
1044 2698 1332 2753 descendit
1375 2700 1440 2754 ad
1500 2699 1728 2766 inferos,
1758 2708 1813 2756 et
1860 2712 2116 2768 mortem,

524 2806 591 2846 ac
619 2800 908 2862 tyrannum
939 2806 1034 2860 per
1080 2797 1332 2855 mortem,
1381 2791 1718 2847 immortales
1762 2793 2118 2864 incorporeo-

523 2898 647 2938 rum
669 2883 1010 2939 exercituum
1041 2889 1096 2936 et
1119 2882 1429 2936 cohortium
1463 2883 1820 2938 invisibilium
1847 2900 1958 2939 non
1983 2886 2120 2941 duo-

519 2975 696 3031 decim
723 2975 936 3044 aliquas
958 2974 1220 3044 legiones,
1239 2990 1426 3029 verum
1459 2974 1643 3030 decies
1666 2975 1862 3032 millies
1889 2984 2120 3031 centena

2221 1883 2460 1952 τρόπαια
2477 1899 2490 1913 ’
2512 1881 2616 1934 πού
2641 1882 2699 1934 δὲ
2721 1881 2814 1934 τὸν
2830 1880 3061 1934 θάνατον
3082 1879 3413 1942 ἐθανάτωσε,
3449 1879 3538 1931 καὶ
3566 1877 3668 1941 πῶς
3683 1878 3762 1945 τὴν

2222 1971 2430 2044 φθορὰν
2475 1969 2830 2042 κατέφθειρε,
2891 1971 2987 2023 καὶ
3034 1969 3138 2024 ποῦ
3187 1969 3280 2024 τὸν
3310 1967 3587 2040 ἄνθρωπον
3619 1967 3688 2030 εις
3713 1965 3762 2017 τδ

2219 2066 2449 2137 ἀρχαῖον
2489 2063 2828 2134 κατέστησεν
2853 2063 3092 2133 ἀξίωμα.

2302 2326 2361 2380 '0
2389 2326 2515 2398 χθὲς
2546 2325 2726 2382 τοίνυν
2764 2327 3123 2398 οἰκονομικῶς
3151 2326 3253 2391 τάς
3274 2323 3544 2394 λεγεῶνας
3570 2321 3664 2375 τῶν
3684 2320 3761 2387 ἀγ-

2219 2419 2395 2489 γέλων
2438 2419 2912 2493 παραιτούμενος,
2962 2419 3060 2474 καὶ
3104 2418 3284 2488 λέγων
3331 2416 3412 2488 τῷ
3445 2414 3624 2485 Πέτρῳ
3658 2429 3671 2443 ·
3696 2413 3758 2464 Οὐ

2219 2510 2478 2580 δύναμαι
2508 2512 2640 2579 ἄρτι
2679 2508 3070 2579 παραστῆσαι
3109 2509 3364 2574 πλείους
3392 2507 3430 2576 ἢ
3452 2506 3658 2560 δώδεκα
3691 2506 3760 2555 λε-

2221 2601 2443 2671 γεῶνας
2460 2603 2732 2672 ἀγγέλων
2755 2620 2773 2666 ;
2833 2604 3074 2674 σήμερον
3117 2601 3442 2674 θεοπρεπῶς
3473 2599 3598 2670 ὁμοῦ
3620 2615 3669 2650 τε
3687 2595 3758 2648 καὶ

2220 2694 2557 2764 πολεμικῶς,
2611 2697 2707 2750 καὶ
2763 2695 3103 2758 δεσποτικῶς
3135 2694 3354 2748 κάτεισι
3392 2694 3537 2748 κάτω
3557 2689 3640 2744 τοῦ
3663 2688 3757 2760 ᾆδον

2218 2785 2315 2838 καὶ
2353 2783 2586 2839 θανάτου
2613 2805 2631 2818 ο
2661 2788 2756 2841 καὶ
2793 2787 3060 2860 τύραννον
3084 2788 3172 2841 διά
3212 2786 3445 2841 Θανάτου
3478 2785 3570 2847 τὰς
3605 2780 3759 2835 ἀθανά-

2217 2894 2344 2941 τους
2386 2878 2497 2932 τῶν
2539 2880 2849 2951 ἀσωμάτων
2902 2881 3334 2954 στρατευμάτων
3379 2879 3472 2933 καὶ
3515 2873 3758 2945 ταγμάτων

2223 2966 2470 3040 ἀοράτων
2517 2969 2579 3022 οὐ
2633 2969 2843 3024 δώδεκά
2887 2988 3040 3034 τινας
3101 2969 3397 3038 λεγεῶνας,
3442 2967 3568 3020 ἀλλὰ
3604 2969 3759 3035 μυρίας

519 3069 692 3124 millia
726 3068 1068 3138 angelorum,
1089 3067 1568 3136 archangclorum,
1588 3075 1946 3136 potestatum,
1968 3069 2117 3123 thro-

2225 3064 2491 3135 μυριάδας
2507 3065 2600 3116 καὶ
2617 3063 2790 3133 χιλίας
2815 3063 3058 3132 χιλιάδας
3074 3064 3210 3135 ἔχων
3231 3065 3484 3134 ἀγγέλων
3503 3061 3624 3131 (2ο),
3641 3058 3759 3124 ἑξουο

518 3175 741 3224 norum,
769 3159 953 3217 throni
978 3159 1305 3228 expertium,
1327 3159 1475 3214 senis
1499 3159 1602 3213 alis
1618 3159 2118 3229 przeditorum,alis

517 3250 844 3315 carentium,
896 3249 1348 3312 multoculorum,
1398 3249 1590 3304 oculos
1633 3266 1742 3303 non
1795 3251 2117 3307 habentium

517 3343 828 3399 cwlestium
883 3340 1215 3395 cohortium.
1287 3338 1558 3394 Nimirum
1609 3341 1776 3396 veluti
1831 3345 2117 3412 proprium

519 3434 812 3488 Dominum
869 3438 924 3485 et
975 3447 1154 3500 regem
1191 3431 1418 3485 solemni
1455 3447 1652 3501 pompa
1702 3433 2039 3488 deducenles
2065 3443 2119 3490 et

520 3531 741 3578 caterva
772 3523 1062 3591 stipanles,
1107 3521 1402 3591 debitoque
1455 3522 1664 3578 honore
1715 3534 2118 3593 prosequentes

519 3614 835 3678 Christum;
873 3627 980 3665 non
1011 3618 1190 3664 autem
1220 3622 1277 3664 ut
1303 3611 1635 3681 adiutrices;
1673 3618 1949 3684 :tpagcsis!
1981 3614 2122 3682 Qua-

522 3703 666 3758 libus
695 3702 896 3758 etenim
949 3701 1249 3756 socialibus
1300 3702 1475 3772 copiis
1517 3704 1868 3773 omnipotens
1916 3706 2120 3776 indiget

521 3794 814 3849 Christus?
856 3791 1057 3848 Verum
1089 3794 1236 3864 quod
1272 3793 1472 3848 debent
1496 3795 1652 3862 juxta
1691 3804 1746 3849 ct
1780 3805 1986 3860 ainant,
2018 3813 2118 3852 suo

521 3902 739 3956 semper
766 3886 986 3942 Christo
1034 3885 1142 3941 Deo
1177 3895 1380 3950 astare,
1431 3896 1693 3958 tanquam
1731 3889 1899 3959 aliqui
1952 3891 2119 3945 armi-

523 3979 637 4050 geri
669 3979 986 4050 stipatores,
1018 3979 1170 4050 gravi
1207 3987 1486 4033 armatura
1511 3982 1772 4045 contecti,
1802 3990 1856 4036 et
1885 3983 2118 4051 sceptri-

523 4071 628 4128 feri
653 4072 924 4144 splendidi
954 4073 1268 4144 celeresque
1315 4074 1510 4138 divini,
1564 4075 1756 4130 herilis
1826 4083 1881 4130 et
1919 4077 2117 4148 regalis

522 4164 747 4234 sceptri,
800 4163 867 4218 ad
902 4175 1096 4219 nutum
1126 4165 1304 4219 solum
1352 4180 1568 4220 summa
1605 4166 1892 4222 alacritate
1922 4167 2118 4223 celeri-

521 4263 632 4310 tate
657 4255 842 4310 divina
874 4266 1064 4311 mutuo
1119 4264 1560 4324 antevertentes;
1607 4258 1770 4312 simul
1801 4273 1925 4312 cum
1957 4259 2116 4328 jussu

519 4349 589 4404 ad
608 4347 860 4403 cil‘ectum
883 4347 1144 4417 imperata
1168 4348 1521 4410 deducentes,
1545 4355 1597 4402 et
1613 4348 1840 4402 victoria
1864 4349 2111 4403 coronati

2225 3154 2376 3219 σιῶν,
2410 3156 2616 3226 θρόνων
2659 3155 2901 3227 ἁθρόνων
2951 3158 3091 3227 (25),
3132 3156 3540 3228 ὲξαπτερύγων,
3569 3150 3759 3221 ἀπτερύ-

2221 3265 2354 3316 γων,
2392 3249 2817 3320 πολυομμάτων,
2840 3250 3162 3320 ἀομμάτων,
3195 3251 3468 3320 οὐρανίων
3492 3245 3757 3316 ταγμάτων·

2221 3341 2316 3394 ἆτε
2347 3341 2410 3411 δὴ
2442 3341 2538 3394 ἆτε
2583 3341 2660 3404 ὡς
2702 3343 2902 3393 οἰκεῖον
2937 3342 3238 3410 Δεσπότην,
3279 3342 3376 3395 καὶ
3422 3338 3626 3410 βασιλέα
3658 3349 3758 3405 προ-

2222 3433 2571 3502 πεμπούσας,
2603 3433 2699 3486 καὶ
2715 3431 3140 3502 δορυφορούσας,
3169 3432 3265 3484 καὶ
3285 3429 3530 3501 τιμώσας
3550 3422 3756 3497 Χριστόν·

2219 3528 2280 3580 ού
2312 3527 2666 3596 συμμάχους’
2724 3526 2942 3593 ἄπαγει
2980 3524 3144 3586 Ποίας
3188 3522 3303 3592 γὰρ
3360 3524 3455 3576 καὶ
3496 3516 3756 3591 συμμαχίας

2199 3613 2248 3664 -ὁ
2276 3612 2686 3682 παντοδύναμος
2713 3611 2985 3664 ἐπιδέεται
3006 3611 3239 3682 Χριστός
3269 3629 3284 3677 ;
3326 3611 3464 3664 Ἀλλ’
3491 3605 3752 3677 ὀφειλούσας

2219 3704 2354 3775 ὁμοῦ
2379 3706 2473 3758 καὶ
2503 3705 2766 3774 φιλούσας
2813 3703 2892 3774 τῷ
2928 3703 3136 3756 ἑαυτῶν
3180 3703 3269 3756 ἀεὶ
3306 3701 3653 3774 παρίστασθαι
3685 3699 3759 3748 Δε-

2221 3797 2395 3869 σπότῃ
2407 3795 2483 3866 τῷ
2504 3794 2622 3864 Θεῷ
2641 3794 2949 3866 φερέγγειοί
2971 3794 3084 3866 (2-4)
3099 3812 3242 3858 τινες
3265 3795 3567 3866 δορυφόροι,
3586 3789 3758 3843 ὁπλῖται

2220 3889 2315 3941 καὶ
2346 3885 2680 3958 σκηπτοῦχοι
2717 3887 2962 3958 λαμπροὶ
3007 3889 3106 3958 τῆς
3138 3887 3292 3950 θείας
3320 3887 3460 3952 ὀξεῖς
3486 3879 3759 3947 δεσποτικῇ

2222 3980 2616 4051 σκηπουχίας,
2675 3980 2908 4048 νεύματι
2942 3980 3088 4051 μόνῳ
3142 3980 3349 4052 σπουδῇ
3394 3981 3477 4052 τῷ
3503 3978 3620 4048 θείῳ
3639 3973 3759 4043 τάχει

2218 4073 2455 4144 ἀλλήλας
2485 4073 2926 4145 προφθανούσας,
2959 4074 3097 4144 ὁμοῦ
3149 4076 3230 4138 εἰς
3269 4075 3433 4146 ἔργον
3472 4071 3686 4142 ἀγούσας
3708 4065 3758 4134 τῇ

2217 4165 2470 4220 κελεύσει
2515 4166 2614 4236 τὴν
2678 4166 2898 4238 πρᾶξιν,
2956 4165 3052 4218 καὶ
3081 4168 3147 4236 τῇ
3183 4164 3311 4238 νίκῃ
3357 4161 3760 4233 κατεστεμμένας

2218 4257 2355 4328 πρὸς
2387 4257 2598 4328 ἐχθρῶν
2627 4258 2722 4311 καὶ
2751 4259 3088 4328 παρανόμων
3127 4259 3484 4328 παρατάξεις.
3511 4257 3596 4311 Διὸ
3617 4252 3760 4324 δήκαὶ

2220 4350 2518 4412 κατιούσας
2551 4349 2664 4418 (25)
2703 4349 2826 4402 τότε
2877 4349 3098 4420 δρόμοις
3137 4349 3272 4419 ὁμοῦ
3299 4367 3358 4404 τε
3397 4351 3490 4404 καὶ
3517 4347 3758 4417 σύνδρομοι

522 4450 716 4496 contra
752 4443 990 4496 hostium
1018 4450 1071 4495 et
1101 4441 1473 4509 improborum
1496 4441 1739 4497 ordines.
1772 4442 2116 4512 QuaprOpter

2219 4443 2298 4514 τῷ
2325 4443 2446 4513 Θεῷ
2479 4443 2573 4496 καὶ
2594 4444 2840 4514 Δεσπότῃ
2866 4443 2959 4495 ἐπὶ
2978 4441 3047 4495 τὰ
3066 4444 3122 4494 ὲν
3153 4441 3278 4512 ᾅδου
3309 4444 3408 4496 καὶ
3433 4443 3667 4510 ὑπόγεια,
3689 4436 3759 4488 καὶ

522 4540 578 4586 et
611 4541 742 4584 tunc
768 4532 1190 4596 descendebant,
1224 4546 1390 4585 cursu
1423 4531 1587 4584 simul
1629 4540 1683 4585 et
1710 4548 1986 4587 concursu
2023 4547 2114 4586 ac-

523 4623 830 4678 celerantes
867 4638 990 4676 cum
1035 4619 1142 4675 Deo
1187 4630 1241 4675 et
1277 4619 1506 4675 Domino
1544 4622 1597 4674 in
1635 4622 1848 4677 inferna
1897 4634 1949 4678 et
1980 4625 2113 4679 sub-

523 4725 803 4780 terranea;
845 4724 899 4768 et
945 4714 1092 4766 ontni
1134 4720 1279 4766 terra
1331 4711 1712 4781 profundiora,
1752 4731 1874 4784 qua:
1911 4724 2040 4770 sunt
2081 4730 2114 4770 a

522 4807 726 4863 saeculo
764 4814 1105 4860 mortuorum
1148 4804 1422 4859 latebrosa
1467 4805 1768 4871 domicilia,
1812 4821 1937 4860 cum
1973 4806 2112 4862 edu—

521 4910 673 4958 ceret
706 4902 758 4955 in
790 4899 1110 4954 fortitudine
1141 4915 1170 4952 a
1226 4899 1428 4954 saeculo
1479 4900 1531 4952 in
1567 4901 1924 4970 compedibus
1956 4901 2113 4957 babi-

521 5005 631 5051 tos.
673 4994 967 5064 Postquam
1013 4993 1179 5063 igitur
1213 4992 1457 5062 undique
1501 4991 1709 5048 foribus
1756 4994 2022 5054 munitos,
2057 5002 2113 5048 et

523 5089 737 5143 nullum
775 5089 967 5151 solem,
999 5088 1366 5156 sempiternas
1398 5093 1580 5140 autem
1609 5086 1872 5140 tenebras
1906 5085 2115 5140 haben-

523 5189 608 5238 tes
647 5179 847 5233 inferni
891 5194 1164 5243 carceres,
1203 5179 1526 5246 domosque,
1570 5177 1798 5231 latibula
1868 5185 1923 5230 et
1983 5191 2112 5246 spe-

523 5273 713 5328 luncas
757 5270 974 5324 Domini
1013 5285 1119 5324 una
1173 5285 1300 5324 cum
1351 5268 1540 5324 divino
1589 5269 1792 5339 populo
1824 5268 2112 5338 occupavit

597 5431 612 5460 ¹
639 5426 832 5482 Matth.
863 5441 1015 5488 xxvr,
1045 5425 1136 5480 55.

594 5585 705 5652 (20)
738 5602 827 5653 αφ.
867 5583 1184 5654 χειροθέοις.

595 5655 707 5725 (21)
736 5672 830 5725 γρ.
855 5653 928 5718 ὡς
961 5653 1099 5724 τόξῳ
1127 5655 1224 5719 τὰς
1256 5654 1465 5725 χεῖρας.

602 5723 716 5787 (Q9,
753 5723 907 5779 Deest
939 5723 1163 5795 aliquid.

2215 4535 2318 4604 γῆς
2352 4535 2570 4606 ἁπάσης
2601 4533 2898 4605 βαθύτερα,
2915 4533 3024 4587 τῶν
3046 4535 3139 4587 ἀπ’
3163 4535 3361 4598 αἰῶνος
3388 4529 3758 4604 κεκοιμημένων

2217 4627 2510 4697 ύποχθόνια
2562 4629 2875 4699 οἰκητήρια,
2912 4627 3125 4695 ἐξάγων
3163 4629 3221 4680 ὲν
3277 4627 3502 4701 ἀνδρεία
3534 4626 3648 4688 τοὺς
3684 4615 3758 4674 ἀπ’

2215 4719 2414 4784 αἰῶνος
2444 4720 2874 4790 πεπεδημένους.
2921 4720 3008 4783 Ὠς
3051 4719 3182 4788 γοῦν
3223 4719 3294 4774 τὰ
3332 4719 3650 4789 παντόθυρα,
3687 4710 3758 4764 καὶ

2213 4811 2433 4883 ἁνήλια,
2468 4812 2563 4865 καὶ
2619 4811 2940 4881 πανέσπερα
2985 4812 3081 4864 τοῦ
3134 4811 3260 4883 ᾅδου
3304 4811 3642 4882 δεσμωτήρια
3684 4800 3758 4854 καὶ

2213 4903 2531 4974 οίκητήρια,
2578 4903 2901 4966 καταδύσεις
2941 4903 3034 4956 καὶ
3073 4904 3314 4974 σπήλαια
3352 4907 3384 4974 ή
3423 4903 3665 4971 θεόδημος
3682 4889 3756 4946 τοῦ

2213 4997 2485 5050 Δεσπότου
2512 4996 2810 5051 κατέλαϐεν
2831 4997 3162 5068 αίγληφόρος
3183 4996 3475 5066 παρουσία,
3496 4987 3757 5065 προφθάνει

2213 5089 2426 5152 πάντας
2453 5089 2697 5162 Γαϐριὴλ
2725 5089 3168 5162 ἀρχιστράτηγος
3187 5105 3201 5120 ·
3235 5089 3328 5142 ἆτε
3347 5087 3413 5158 δὴ
3432 5088 3522 5141 ἆτε
3547 5083 3604 5147 ἐξ
3629 5077 3756 5134 ἔθους

2212 5179 2289 5234 ὣν
2337 5183 2517 5252 χαρᾶς
2562 5180 2858 5250 εὐαγγέλια
2906 5180 3218 5251 ἀνθρώποις
3268 5179 3453 5250 φέρειν
3491 5174 3578 5230 καὶ
3627 5163 3756 5240 ῥῆσίν

2212 5289 2335 5326 τινα
2369 5272 2597 5342 ἰσχυρὰν
2621 5273 3187 5344 ἀρχαγγελικωτάτων
3222 5274 3315 5325 καὶ
3345 5255 3755 5338 στρατηγικωσά-

2287 5584 2398 5655 (25)
2427 5601 2516 5651 εγ).
2555 5583 2786 5655 ἀθρόων.

2286 5654 2399 5737 (ἓξ)
2434 5671 2523 5723 ττλ
2561 5654 2928 5737 φείρξγχειροιο
3071 5725 3080 5736 ,

2286 5725 2398 5794 (25)
2433 5742 2523 5792 πο.
2559 5725 2858 5796 τυράννων.
2891 5743 2980 5796 γρ.
3019 5725 3248 5780 κάτεισι.
