3988 6402
286 258 393 315 ιδτ

1356 257 1644 317 ΗοΜιιιΑ
1683 260 1730 317 ιι
1772 259 1841 317 ΙΝ
1891 254 2205 314 SABBA’I‘O
2238 255 2502 314 MAGNO.

3466 264 3574 326 L58

291 373 553 447 λαμπρὰν
595 375 695 429 καὶ
741 375 1046 431 λεοντιαίαν
1089 374 1271 447 φωνὴν
1308 377 1446 448 πρὸς
1493 376 1594 439 τὰς
1629 374 1879 439 ἐναντίας

1998 388 2285 429 :oruscans
2321 373 2611 441 adventus,
2643 376 2937 432 antevenit
2957 391 3152 435 omnes
3175 376 3397 437 Gabriel
3420 350 3575 454 prin;

289 465 573 537 δυνάμεις,
602 466 699 520 καὶ
763 467 943 535 λέγει’
973 466 1191 535 Ἀρατε
1237 466 1459 531 πύλας,
1504 467 1559 519 ol
1595 463 1885 535 ἄρχοντες

289 555 463 626 ὑμῶν
480 570 499 588 ο
536 555 655 628 μεθ’
687 557 747 609 ὂν
764 556 863 627 βοᾷ
889 555 981 610 καὶ
1002 554 1220 628 Μιχαήλ
1238 571 1254 586 ·
1288 555 1397 609 Καὶ
1415 554 1730 623 ὲπάρθητε,
1771 555 1884 608 mi-

286 651 395 703 λαι
447 645 691 703 ultimm.
751 643 884 701 Εἶτα
938 646 1032 701 καὶ
1080 648 1136 701 al
1174 645 1433 717 δυνάμεις
1484 644 1677 716 φασίνο
1722 644 1884 698 Ἀπό-

288 756 484 811 ςτητε,
530 738 772 812 πυλωροὶ
825 741 873 793 οἱ
935 739 1274 811 παράνομοι·
1335 735 1453 792 ε’ίτα
1509 738 1606 793 καὶ
1643 737 1881 804 ἐξουσίαι

286 826 726 905 μετ’ἐξουσίαςο
780 831 1136 903 Συντρίϐητε,
1181 831 1239 885 αἱ
1286 829 1511 894 ἁλύσεις
1553 830 1609 883 ai
1652 828 1878 882 ἄλυτοιο

286 925 390 977 καὶ
430 923 624 986 ἀλλος·
665 922 1021 994 Αίσχύνθητε,
1060 924 1293 978 ἐναντίοι
1333 922 1612 993 πολέμιοι·
1639 922 1732 974 καὶ
1759 921 1880 974 ἐτε-

288 1031 418 1087 ροςο
457 1014 757 1085 Φοϐήθητε,
789 1013 1040 1086 τύραννοι
1075 1015 1126 1067 οἱ
1175 1013 1507 1085 παράνομοι.

1984 479 2113 535 eeps
2143 464 2441 527 exercitus.
2473 474 2735 536 tanquam
2763 466 2860 537 qui
2889 483 2954 523 ex
2986 484 3139 525 more
3167 469 3349 527 fausta
3375 471 3587 531 felicia-

1983 572 2091 627 que
2123 557 2315 612 nuntia
2348 556 2666 612 heminibus
2704 556 2849 614 ferre
2885 561 3212 616 consuevit:
3253 569 3310 618 et
3342 562 3617 655 manda—{

1983 658 2099 703 tum
2128 648 2401 719 quoddam
2445 648 2584 705 forte
2609 659 3036 706 consentaneum
3071 653 3250 709 ordini
3276 655 3574 727 archange-

1984 740 2163 796 Iorum
2191 749 2245 799 et
2287 741 2469 797 ordini
2508 743 2816 813 principum
2851 744 3060 799 militia:
3095 746 3244 800 clara
3276 758 3330 802 et
3361 749 3577 805 leonina

1984 847 2119 887 voce
2180 833 2425 889 adversis
2472 835 2839 904 potestatibus
2892 836 3152 893 intonans
3203 838 3314 892 ait:
3388 837 3578 895 Tollite

1984 930 2189 990 portas,
2239 924 2330 992 qui
2383 923 2519 975 inter
2550 939 2638 978 vos
2670 926 2931 995 principes
2970 928 3154 983 estis‘.
3210 927 3347 982 Cum
3378 929 3579 999 quibus

1986 1014 2186 1067 clamat
2238 1021 2292 1067 et
2329 1011 2592 1069 Michael:
2653 1014 3256 1085 Etelevamini,porta:
3306 1021 3578 1073 wternw'.

293 1110 508 1164 Deinde
537 1116 590 1163 et
617 1109 847 1164 virtutes
880 1110 1071 1164 aiunt:
1135 1108 1435 1174 Discedite,
1477 1108 1752 1178 janitores
1794 1108 2057 1179 improbi;
2093 1108 2352 1179 deinceps
2381 1117 2447 1173 et
2492 1096 2793 1180 potestates
2828 1126 3025 1182 magna
3085 1112 3138 1166 vi
3186 1120 3240 1167 et
3286 1114 3524 1183 potentia
3560 1135 3575 1171 :

298 1202 679 1267 Couterimini,
714 1213 923 1259 catenae
986 1192 1350 1273 insolubilés;
1391 1213 1442 1259 et
1493 1202 1631 1258 alius
1687 1218 1701 1255 :

295 1296 519 1370 tyranni
552 1296 747 1365 iniqui.

366 1389 483 1443 Kal.
531 1388 782 1460 καθάπερ
831 1387 921 1440 ἐπί
974 1404 1119 1450 τινος
1177 1385 1415 1457 φοϐερᾶς
1465 1387 1558 1441 καὶ
1612 1387 1884 1459 ἀηττήτου

292 1480 711 1551 παντοδυνάμου
749 1478 1033 1550 βασιλικῆς
1056 1478 1421 1549 τροπαιοῦχον
1447 1478 1681 1550 στρατοῦ
1710 1495 1889 1551 παρα-

292 1571 505 1639 τάξεως
550 1570 720 1641 φρίκη
770 1587 855 1633 τις
889 1569 984 1622 καὶ
1033 1567 1272 1640 τάραχος
1308 1568 1404 1622 καὶ
1447 1567 1612 1636 φόϐος
1646 1565 1888 1622 κατώδυο

290 1682 388 1728 νος
446 1665 558 1726 τοῖς
616 1662 709 1716 τοῦ
772 1661 1219 1730 ἀκαταγωνίστου
1274 1660 1548 1714 Δεσπότου
1604 1660 1889 1714 ἐπιπίπτει

291 1754 548 1827 ἐχθροῖςο
582 1753 723 1807 οὕτω
752 1753 816 1824 δὴ
868 1752 962 1806 καὶ
1000 1753 1093 1806 ἐπὶ
1124 1754 1239 1815 τοῖς
1276 1752 1334 1804 ἐν
1378 1749 1503 1822 ᾅδου
1538 1751 1768 1816 ἐκείνοις
1798 1753 1890 1805 καὶ

294 1845 606 1918 παραδόξου
640 1844 880 1915 Χριστοῦ
930 1846 987 1897 ἐν
1021 1844 1134 1907 τοῖς
1166 1840 1543 1913 καταχθονίοις
1588 1841 1892 1914 παρουσίας

296 1937 564 2008 ἐξαίφνης
616 1937 872 2004 ἐγένετοο
935 1936 1142 1991 ἀνωθεν
1196 1935 1484 2007 ἀστραπῆς
1539 1938 1573 2008 ἠ
1625 1931 1889 2008 ἀμαύρω-

296 2047 385 2092 σις
418 2027 533 2097 (26)
574 2026 678 2080 τῶν
710 2026 969 2081 ἐναντίων
1003 2025 1096 2079 τοῦ
1136 2024 1264 2097 ᾅδου
1296 2024 1582 2096 δυνάμεων
1613 2025 1713 2091 τὰς
1741 2026 1893 2097 ὄψεις

297 2120 628 2183 σκοτίζουσα
647 2120 740 2172 καὶ
760 2116 1144 2190 βροντοφῶνων
1162 2116 1299 2187 βοῶν
1322 2118 1627 2172 ἀκουόντων
1649 2118 1785 2191 (26”)
1800 2120 1894 2173 καὶ

295 2210 554 2281 στρατῶν
608 2208 935 2262 κελευόντων
973 2208 1265 2278 λέγοντας·
1319 2210 1526 2278 Ἄρατε
1565 2211 1795 2277 πύλας,
1839 2214 1894 2265 ol

285 2313 593 2372 ᾶρχοντες
627 2301 813 2369 ὑμῶν.
850 2302 924 2354 Οὐ
958 2299 1068 2373 γάρ
1102 2301 1385 2367 ἀνοίξατε,
1451 2300 1569 2354 ἀλλ’
1605 2301 1663 2368 ἐξ
1713 2301 1895 2356 αὐτῶν

295 2394 573 2465 θεμελίων
621 2393 825 2456 ταύτας
859 2392 1031 2464 ἄρατε
1056 2433 1071 2459 ,
1112 2392 1472 2465 ἐκριζώσατε,
1516 2394 1895 2464 μεταστήσατε

295 2491 379 2549 εἰς
419 2488 483 2540 τὸ
514 2489 711 2558 μηκέτι
741 2486 1016 2539 κλείεσθαι
1041 2501 1056 2516 ⁸
1093 2487 1307 2554 Ἄρατε
1328 2488 1529 2552 πύλας
1549 2524 1564 2548 ,
1595 2489 1649 2539 ol
1680 2485 1898 2555 ἄρχον-

295 2597 399 2645 τες
465 2579 652 2649 ὑμῶν.
713 2580 824 2650 Οὐχ
850 2579 925 2641 ὡς
951 2576 1340 2641 ἀδυνατοῦντος
1377 2576 1471 2630 τοῦ
1512 2576 1779 2649 παρόντος
1801 2580 1901 2631 Δε-

296 2672 507 2725 σπότου
555 2672 650 2725 καὶ
690 2670 868 2743 θυρῶν
902 2668 1305 2739 κεκλεισμένων
1338 2670 1427 2722 ὅτε
1461 2668 1672 2721 κελεύει
1718 2668 1895 2740 εἰσέρ-

293 2760 516 2833 χεσθαι,
563 2760 702 2815 ἀλλά
727 2748 1168 2833 δραπετοδούλως
1196 2758 1308 2829 (27)
1346 2760 1474 2830 ὑμῖν
1510 2758 1897 2832 ἐπιτρέποντος

294 2854 398 2923 τὴν
428 2850 543 2904 τῶν
584 2849 764 2904 πυλῶν
799 2850 908 2903 τῶν
939 2849 1173 2903 αἰωνίων
1207 2847 1439 2919 ἔπαρσιν
1477 2849 1571 2902 καὶ
1627 2848 1899 2919 μετάστα-

298 2961 386 2997 σιν
444 2945 544 2997 noti
570 2942 926 2997 κατάκλασιν.
960 2941 1051 2994 Διὸ
1078 2941 1200 2994 οὐδὲ
1220 2942 1331 3004 τοῖς
1358 2939 1551 3012 δήμοις
1577 2939 1754 3011 ὑμῶν,
1781 2938 1896 2993 ἀλλ’

1768 1201 2192 1258 Confundamini
2230 1203 2458 1273 pudore,
2504 1205 2721 1261 adversi
2754 1205 2976 1268 hostes;
3028 1214 3083 1261 et
3113 1207 3290 1263 alius:
3348 1206 3580 1265 Timete.

2067 1382 2207 1439 Tum
2246 1385 2417 1441 veluti
2459 1399 2523 1440 ex
2556 1385 2737 1455 aliqua
2777 1384 3105 1441 formidabili
3138 1395 3194 1443 et
3227 1388 3431 1445 invicta
3478 1407 3582 1463 po—

1994 1475 2290 1532 tentissimi
2323 1476 2455 1547 regii
2493 1464 2838 1548 triumphalis
2876 1479 3155 1535 exercitus
3195 1481 3317 1537 acie
3384 1483 3582 1540 horror

1994 1569 2215 1640 quidam
2246 1578 2299 1625 et
2341 1570 2581 1625 turbatio
2621 1579 2676 1626 et
2726 1572 2891 1626 timor
2931 1573 3181 1642 trepidus
3230 1573 3451 1630 Domini
3492 1577 3584 1633 in-

1992 1660 2284 1716 victissimi
2317 1660 2506 1717 hostes
2536 1661 2747 1717 invadit
2776 1663 3003 1733 :sicque
3030 1664 3085 1719 in
3116 1665 3264 1731 illos,
3296 1668 3390 1738 qui
3423 1677 3584 1726 erant

1993 1754 2051 1808 in
2094 1753 2329 1817 inferno,
2371 1771 2440 1810 ex
2483 1755 2764 1824 inopinato
2804 1754 3011 1811 Christi
3059 1758 3333 1825 adventu,
3370 1762 3424 1815 in
3466 1762 3585 1819 loca

2003 1839 2363 1896 subterranea
2413 1849 2640 1911 repente
2687 1840 2923 1910 desuper
2958 1840 3100 1897 facta
3134 1851 3221 1899 est
3264 1860 3329 1899 ex
3377 1844 3587 1917 fulgore

1993 1930 2345 1986 tenebrarum
2372 1930 2591 1996 oliusio,
2627 1929 2981 1986 adversarum
3016 1932 3217 1988 inferni
3248 1942 3585 2004 potestatum

1995 2022 2280 2077 oculorum
2317 2023 2491 2077 aciem
2528 2022 2815 2087 hcbetans,
2847 2038 2969 2094 quae
2995 2020 3435 2083 .vociferationes
3463 2034 3587 2083 tan—

1994 2126 2159 2182 quam
2208 2111 2391 2182 aliqua
2439 2113 2682 2167 tonitrua
2746 2113 3062 2179 audiebant,
3108 2123 3164 2171 et
3205 2120 3486 2175 exercitus
3534 2118 3586 2174 vi

1996 2217 2192 2273 magna
2244 2202 2625 2273 imperantes:
2677 2201 2868 2259 Tollite
2919 2216 3122 2274 portas,
3174 2209 3269 2279 qui
3319 2210 3457 2263 inter
3491 2227 3582 2265 vos

1995 2295 2257 2363 principes
2283 2296 2430 2351 estis.
2459 2294 2579 2350 Non
2606 2297 2836 2365 aperite,
2870 2295 2964 2352 sed
2998 2311 3064 2352 ex
3093 2298 3230 2369 ipsis
3257 2300 3586 2358 fundamen-

1996 2387 2067 2441 tis
2109 2401 2205 2442 eas
2247 2387 2444 2452 tollite,
2494 2387 2763 2444 radicitus
2805 2390 3041 2461 evellitq,
3077 2400 3474 2462 transportale,
3523 2404 3588 2450 ut

1996 2490 2108 2532 non
2134 2476 2372 2546 amplius
2427 2477 2774 2532 claudantur.
2815 2478 3008 2534 Tollite
3041 2490 3259 2550 portas,
3313 2485 3401 2554 qui
3450 2485 3588 2539 inter

1998 2585 2087 2624 vos
2120 2569 2383 2637 principes
2412 2570 2563 2623 estis.
2594 2568 2714 2623 Non
2746 2570 2892 2640 quod
2919 2576 3030 2625 tam
3068 2572 3342 2643 impotens
3377 2574 3449 2632 sit
3495 2576 3590 2647 qui

2000 2659 2091 2714 hic
2122 2659 2276 2715 adest
2302 2658 2590 2725 Dominus,
2628 2667 2688 2716 ut
2719 2669 2773 2716 et
2799 2662 2972 2732 portis
3016 2666 3281 2732 occlusis,
3319 2668 3366 2723 si
3406 2669 3588 2735 vellet,

1998 2751 2209 2823 ingredi
2235 2766 2345 2807 non
2377 2761 2596 2822 posset;
2641 2769 2829 2808 verum
2868 2761 2927 2808 ut
2958 2756 3133 2811 servis
3165 2756 3411 2829 fugitivis
3435 2754 3607 2817 vobisl

1997 2843 2254 2913 imperat,
2299 2852 2489 2914 portas
2532 2852 2591 2899 ut
2626 2855 2863 2902 mternas
2905 2847 3131 2913 tollatis,
3182 2853 3481 2908 amoveatis
3537 2859 3594 2909 et

2002 2934 2387 3007 confringatis.
2423 2936 2695 3002 Quocirca
2739 2952 2849 2993 non
2898 2939 3075 2995 turbis
3115 2943 3348 3009 vestris,
3402 2958 3595 3000 verum

299 3034 491 3098 αὐτοῖς
518 3039 629 3098 τοῖς
660 3034 875 3088 δοκοῦσι
908 3033 1039 3105 παρ’
1082 3032 1236 3104 ὑμῶν
1284 3028 1423 3086 εἶναι
1479 3032 1761 3103 ἄρχουσιν,
1798 3031 1894 3084 αὐ-

2000 3027 2159 3097 ipsis,
2204 3028 2298 3097 Qui
2343 3028 2599 3083 videntur
2630 3029 2773 3099 apud
2801 3046 2899 3086 vos
2932 3047 3056 3087 esse
3088 3035 3390 3105 principes,
3423 3036 3595 3107 impe-

302 3131 414 3192 τοῖς
444 3126 730 3198 ἐπιτρέπει
761 3126 933 3195 λέγων
952 3142 965 3156 ·
1006 3127 1221 3192 ’Λρατε
1246 3125 1466 3189 πύλας,
1498 3124 1552 3176 οὶ
1603 3124 1902 3191 ἄρχοντες

186 3284 199 3287 _
303 3221 497 3303 ὑμῶν.
551 3219 758 3290 ’Υμῶν,
793 3219 908 3272 ἀλλ’
941 3218 1041 3271 οὐκ
1067 3216 1241 3271 ἄλλων
1261 3215 1442 3269 τινῶν.
1474 3213 1674 3267 Λοιπὸν
1700 3214 1900 3285 ἄρχον⁴

310 3330 431 3374 τες.
461 3313 523 3364 El
565 3313 675 3382 γὰρ
705 3309 798 3362 καὶ
836 3308 997 3380 μέχρι
1045 3306 1140 3361 τοῦ
1188 3306 1283 3360 νῦν
1314 3306 1424 3359 τῶν
1456 3305 1550 3358 ἀπ’
1584 3303 1776 3367 αἰῶνος
1810 3320 1901 3357 κε-

321 3401 665 3471 κοιμημένων
698 3400 887 3463 κακῶς
925 3397 1160 3471 ἣρξαετιν
1216 3396 1329 3451 ἀλλ’
1358 3396 1543 3450 οὐκέτι
1576 3396 1761 3450 λοιπὸν
1806 3396 1902 3449 αύ-

321 3493 435 3544 τῶν
457 3533 471 3555 ,
500 3492 606 3545 ἀλλ’
630 3491 738 3545 οὐδ’
780 3491 955 3544 ἄλλων
983 3530 998 3556 ,
1047 3490 1162 3544 ἀλλ’
1192 3489 1375 3561 ὑμῶν,
1425 3487 1540 3541 ἀλλ’
1578 3486 1688 3540 οὐδ’
1724 3486 1903 3540 αὐτῶν

319 3582 476 3655 ὑμῶν
505 3583 693 3637 ἔσεσθε
744 3583 1023 3654 ἄρχοντες.
1058 3581 1315 3653 Πάρεστιι
1341 3580 1451 3650 γὰρ
1480 3578 1713 3648 Χριστὸς
1742 3580 1775 3650 ὴ
1822 3580 1904 3632 ού-

311 3677 499 3751 ράνιος
537 3675 708 3748 θύραο
758 3673 1193 3743 Ὀδοποιήσατε
1240 3671 1320 3737 τῷ
1370 3670 1745 3740 ἐπιϐεϐηκότι
1803 3671 1903 3724 ἐπὶ

306 3767 431 3822 τῶν
469 3767 578 3821 τοῦ
607 3767 756 3834 ᾅδου
795 3762 1065 3835 δυσμῶν.
1096 3765 1314 3833 Κύριος
1347 3763 1533 3834 ὄνομα
1560 3761 1747 3818 αὑτοῦ
1766 3804 1780 3829 ,
1807 3762 1905 3816 καὶ

308 3860 421 3916 τοῦ
454 3860 675 3929 Κυρίου
697 3858 924 3926 Κυρίου
967 3860 1026 3910 αἱ
1075 3856 1334 3922 διέξοδοι
1358 3856 1477 3911 τῶν
1501 3856 1608 3912 τοῦ
1645 3855 1905 3913 θανάτου

307 3953 552 4007 πυλῶν.
591 3951 778 4023 Ὑμεῖς
818 3951 1110 4023 ἐποιήσατε
1154 3949 1253 4013 τὰς
1294 3950 1568 4014 εἰσόδους·
1623 3949 1722 4012 τὰς
1766 3948 1907 4015 διεξ-

304 4043 473 4106 όδους
506 4041 670 4105 αὐτὸς
704 4040 929 4112 ποιῆσαι
967 4039 1361 4113 παραγέγονεν.
1405 4037 1495 4093 Διὸ
1537 4037 1611 4109 μὴ
1643 4038 1863 4108 μέλλετε
1888 4053 1904 4069 ο

311 4135 532 4203 Ἀρατε
576 4135 775 4198 πύλας
826 4132 922 4185 καὶ
975 4130 1242 4202 ταχύνατε
1266 4148 1280 4162 ·
1311 4130 1499 4201 ἄρατε,
1529 4129 1623 4182 καὶ
1659 4129 1734 4200 μὴ
1774 4130 1906 4182 ἀνα-

316 4227 567 4282 ϐάλλετε.
602 4227 665 4279 El
693 4225 750 4279 δὲ
780 4223 1071 4295 ἀναμένειν
1102 4222 1351 4294 νομίζετε
1370 4263 1384 4286 ,
1432 4221 1624 4283 αὐταῖς
1652 4222 1773 4284 ταῖς
1801 4219 1906 4273 πύ-

2002 3125 2088 3173 rat
2112 3118 2299 3174 (licens
2333 3136 2348 3173 :
2383 3117 2577 3173 Tollite
2603 3128 2807 3188 portas,
2845 3122 2936 3182 qui
2989 3123 3128 3179 inter
3155 3140 3245 3178 vos
3275 3126 3403 3181 estis
3445 3128 3595 3196 prin-

2003 3210 2162 3276 cipes.
2191 3207 2337 3262 Inter
2370 3224 2488 3275 vos,
2520 3210 2616 3264 sed
2647 3224 2756 3263 non
2790 3210 2933 3265 inter
2960 3212 3100 3268 alios
3138 3215 3451 3284 quospiam.
3485 3216 3594 3271 De-

2004 3300 2169 3370 nique
2222 3300 2520 3369 principes.
2573 3300 2690 3357 Etsi
2750 3302 2892 3356 enim
2969 3303 3256 3374 hucusque
3312 3319 3341 3357 a
3391 3307 3594 3363 saecqu

2003 3391 2237 3446 mortuis
2272 3391 2413 3447 male
2452 3392 2800 3463 imperastis,
2853 3409 2963 3449 non
3008 3396 3118 3466 jam
3165 3397 3401 3465 amplius
3452 3398 3599 3454 inter

2004 3499 2122 3547 eos,
2154 3500 2259 3540 nec
2301 3484 2445 3541 inter
2476 3487 2637 3553 alios,
2675 3487 2770 3543 sed
2816 3489 2960 3544 inter
2988 3504 3087 3544 vos
3135 3490 3285 3560 ipsos
3307 3535 3321 3558 ,
3354 3494 3464 3546 imo
3494 3507 3596 3549 nec

2006 3575 2149 3630 inter
2181 3591 2279 3631 vos
2319 3576 2470 3647 ipsos
2499 3579 2655 3635 eritis
2705 3579 3003 3650 principes.
3037 3580 3209 3637 Adest
3243 3583 3389 3637 enim
3430 3562 3597 3639 Chri-

2007 3674 2127 3723 stus
2148 3666 2319 3738 jantta
2346 3671 2610 3726 caelestis.
2658 3670 2808 3725 Viam
2855 3674 3075 3728 sternite
3106 3674 3154 3727 ei
3177 3714 3190 3737 ,
3221 3675 3312 3741 qui
3359 3675 3601 3730 ascendit

2008 3775 2162 3829 super
2240 3763 2534 3831 inferorum
2586 3781 2853 3820 occasum.
2920 3766 3175 3821 Dominus
3217 3783 3405 3822 nomen
3452 3767 3597 3837 eius,

1990 3858 2057 3927 el
2088 3850 2307 3906 Domini
2341 3853 2558 3910 Domini
2603 3857 2779 3910 exitus
2827 3873 2919 3926 per
2965 3867 3149 3926 portas
3184 3860 3371 3912 mortis
3407 3858 3448 3912 ⁸.
3488 3857 3600 3913 Vos

2009 3942 2218 3999 fecistis
2268 3945 2559 4013 introitus;
2611 3950 2791 4002 exitus
2840 3950 2958 4019 ipse
2994 3958 3056 4003 ut
3096 3948 3305 4006 faceret
3351 3951 3596 4006 advenit.

2010 4032 2192 4101 Quare
2236 4050 2305 4090 ne
2348 4039 2685 4093 cunctamini
2713 4058 2725 4093 :
2758 4038 2949 4094 Tollite
2986 4052 3204 4109 portas,
3256 4043 3598 4106 accelerate,

2009 4137 2112 4178 nec
2142 4123 2377 4180 diﬂ‘erte.
2412 4125 2470 4179 Si
2501 4141 2633 4181 vero
2653 4128 3021 4183 cunctandum
3045 4143 3169 4185 esse
3192 4131 3349 4185 vobis
3372 4130 3599 4195 ducitis,

2012 4214 2147 4285 ipsis
2178 4216 2351 4293 portis
2382 4216 2500 4272 sine
2529 4232 2717 4285 manu,
2752 4233 2962 4301 suaque
2996 4229 3190 4289 sponte
3213 4222 3475 4277 subsilire
3508 4223 3603 4292 ju-

311 4317 438 4381 λαις
465 4317 649 4387 ἀχειρὶ
682 4314 777 4369 καὶ
802 4313 1070 4383 αὐτοματὶ
1099 4311 1346 4384 αἴρεσθαι
1380 4310 1768 4380 ἐπιτρέπομεν.
1799 4309 1894 4365 Καὶ

2012 4306 2227 4363 bemus.
2268 4308 2337 4361 Et
2366 4309 2665 4375 elevamini,
2705 4321 2871 4380 portte
2901 4321 3131 4368 celerum.
3164 4312 3337 4367 Simul
3359 4320 3602 4384 potesta-

310 4383 616 4476 ézdptints
637 4448 652 4473 ,
687 4407 872 4459 πύλαι
902 4403 1146 4458 αὶώνιοι.
1181 4403 1335 4474 ’Ἅμα
1368 4403 1425 4455 αἱ
1459 4401 1716 4472 δυνάμεις
1751 4400 1894 4471 ἐϐόη-

2012 4408 2094 4455 tes
2126 4400 2542 4467 exclamarunt,
2579 4404 2743 4458 simul
2795 4414 2967 4474 porta:
3015 4407 3388 4474 exsiluerunt,
3439 4409 3601 4463 simul

314 4519 419 4554 σαν
439 4544 450 4561 ,
480 4500 597 4570 ἆμα
624 4500 681 4552 αἱ
725 4497 890 4551 πύλαι
922 4496 1242 4569 ἐπήρθησαν
1267 4537 1281 4558 ,
1309 4496 1426 4566 ἅμα
1458 4497 1513 4548 oti
1544 4494 1759 4558 ἁλύσεις
1788 4493 1894 4547 ἐλύ-

2015 4499 2224 4546 catena:
2274 4492 2469 4549 solutae
2499 4505 2648 4563 sunt,
2683 4497 2847 4552 simul
2886 4500 3089 4568 pessuli
3122 4500 3391 4556 confracti
3433 4511 3603 4570 sunt,

312 4592 515 4662 θησαν,
538 4588 657 4659 ἅμα
694 4588 745 4640 οἱ
791 4587 979 4658 μοχλοὶ
1008 4585 1477 4657 κατεκλάσθησαν,
1514 4585 1633 4655 ἅμα
1662 4584 1730 4638 τά
1760 4583 1894 4637 κλεῖ-

2018 4583 2180 4639 simul
2208 4586 2451 4641 claustra
2477 4590 2862 4654 conciderunt,
2894 4591 3060 4645 simul
3096 4592 3454 4649 fundamenta
3484 4610 3605 4651 car-
3638 4628 3645 4665 ς

313 4683 425 4753 θρα
480 4680 782 4746 ἐξέπεσαν,
821 4679 940 4749 ἅμα
989 4677 1057 4732 τά
1106 4677 1332 4747 θεμέλια
1382 4676 1479 4729 τοῦ
1531 4675 1894 4747 δεσμωτηρίοι

2017 4672 2162 4728 ceris
2188 4688 2483 4741 concussa,
2518 4676 2683 4732 simul
2717 4678 2965 4736 adversae
2996 4690 3299 4752 potestates
3332 4684 3390 4738 in
3422 4682 3607 4755 fugam
3640 4678 3646 4689 ’

310 4774 693 4845 ἐδυνήθησαν,
750 4773 868 4843 ἅμα
901 4774 957 4825 αἱ
1012 4770 1249 4826 ἐναντίαι
1290 4769 1548 4841 δυνάμεις
1595 4771 1675 4833 εἰς
1732 4766 1894 4839 φυγὴι

2018 4781 2332 4836 conversae;
2378 4769 2516 4824 alter
2561 4770 2794 4827 alterum
2829 4772 3097 4837 trudens,
3149 4776 3291 4831 alius
3335 4791 3459 4829 cum
3501 4778 3606 4831 alio

316 4865 645 4937 ετράπησαν
671 4905 686 4929 ,
740 4863 928 4935 ἐτερος
972 4862 1158 4933 ἕτερον
1192 4861 1598 4932 συνωθούμενος
1640 4860 1787 4930 (28),
1819 4860 1894 4913 κα⁴

2020 4856 2251 4926 pedibus
2283 4859 2605 4930 implicitus,
2649 4861 2898 4931 alterque
2929 4863 3158 4917 alterum
3193 4865 3259 4918 ad
3296 4863 3479 4934 fugam
3515 4882 3614 4920 ex-

316 4956 485 5018 ἇλλος
537 4954 674 5026 πρὸς
706 4953 864 5009 ἄλλον
914 4950 1409 5024 συμποδιζόμενος,
1458 4953 1553 5004 καὶ
1603 4951 1790 5021 ἕτερος
1833 4948 1894 5019 τίξ

2019 4948 2270 5005 hortans.
2318 4949 2686 5019 Horruerunt,
2730 4954 3100 5022 trepidarunt,
3154 4955 3605 5025 obstupuerunt.

322 5046 502 5119 ἑτέρῳ
541 5045 762 5114 φεύγειν
797 5044 1196 5116 φθεγγόμενος·
1240 5043 1484 5116 ἐφριξαν,
1519 5041 1894 5113 ἐσαλεύθησανη

2014 5043 2259 5105 turbati,
2307 5043 2577 5098 immutati
2644 5045 3071 5116 tumultuatique
3113 5054 3279 5115 sunt;
3336 5057 3605 5104 steterunt

326 5138 751 5209 κατεπλάγησαν
770 5178 785 5202 ,
820 5136 1220 5209 ἐταράχθησαν,
1267 5135 1637 5207 ὴλλοιὼθησαν
1660 5175 1676 5202 ,
1714 5135 1894 5207 ὲθροή-

2009 5136 2175 5190 simul
2213 5144 2266 5191 et
2341 5136 2709 5209 obstupefacti
2771 5146 2933 5206 sunt;
2985 5149 3289 5195 acstuarunt
3342 5142 3505 5196 simul
3556 5154 3604 5197 et

332 5227 520 5301 θησαν,
547 5228 785 5302 ἔστησαν
813 5227 947 5300 ὁμοῦ
976 5230 1073 5282 καὶ⁸
1099 5226 1415 5299 ἐξέστησαν,
1447 5226 1734 5316 ἠπόρησαν
1765 5226 1894 5298 ὁμοῦ

2007 5233 2373 5285 tremuerunt.
2416 5229 2481 5283 Et
2524 5231 2614 5286 ille
2649 5230 2871 5302 quidem
2914 5248 3010 5289 ore
3051 5233 3223 5289 hianti
3270 5235 3481 5303 stabat;
3521 5233 3615 5290 hic

294 5424 315 5441 ρ
412 5381 589 5440 ’Psal.
625 5397 785 5446 χχιιι,
815 5381 867 5448 7,
896 5383 951 5438 9.
1013 5378 1035 5409 ¹
1072 5380 1205 5437 ibid.
1240 5381 1328 5436 10.
1406 5381 1426 5413 ⁸
1456 5379 1601 5436 Psal.
1632 5394 1803 5447 uvn,
1830 5381 1886 5447 5,
1908 5381 1999 5437 2i.

418 5537 508 5604 26)
548 5555 641 5608 γρ.
675 5534 1055 5607 ἀμαυρούσης.
1641 5603 1666 5616 η
2099 5534 2214 5676 ξΞῚ)
2245 5553 2336 5605 γρ.
2360 5536 2741 5609 δραπετωδῶν.

418 5607 537 5676 ξὶϐθ)
574 5625 667 5676 πρ.
725 5606 1098 5676 πληρώσασα,
1155 5605 1232 5667 ὡς
1284 5602 1479 5676 βροντὴ
1514 5620 1708 5673 φωνων
1757 5621 1920 5662 τινων
2123 5606 2215 5676 28)
2247 5623 2339 5675 τρ.
2368 5608 2555 5676 ἕτερον
2584 5627 2741 5676 περισ

323 5602 667 5737 ἁκὲῗϐδ)
716 5602 1098 5676 πληρώσασα,
1155 5605 1232 5667 ὡς
1284 5602 1479 5677 βροντὴ
1514 5603 1708 5673 φωνῶν
1757 5621 1920 5662 τινων
2102 5602 2215 5677 (28)
2368 5602 2555 5679 E'rétm
2584 5615 3123 5687 περισφιγγόμενοςο“

467 5718 507 5748 .,
537 5694 568 5736 e
598 5694 649 5735 ε.

660 5767 932 5829 ΡΑτιιοι.
978 5766 1095 5829 Gn.
1129 5764 1353 5830 XLIII.

2060 5798 2083 5815 κ-
3209 5770 3288 5831 15
