3988 6414
442 336 545 393 450

1713 328 1923 389 DUBIA
1955 314 2098 383 AUT
2141 320 2412 411 Spuma.
3575 319 3665 377 tuo
3754 384 3757 385 ί

444 448 671 521 genibus
714 445 905 502 faciem
938 444 1259 517 obtegebat;
1295 452 1348 500 et
1379 441 1519 499 alter
1555 411 1763 514 pronus
1793 455 1857 494 ac
1892 437 2023 493 defi-

2133 438 2221 492 κα“ι
2248 434 2576 508 ἐτρόμαεαν.
2615 435 2725 490 Kal.
2755 436 2783 489 6
2813 434 2912 505 μὲν
2941 433 3183 506 κεχηνὼς
3213 435 3411 500 ίστατο,
3436 436 3462 489 6
3496 434 3548 488 δέ
3571 441 3669 502 τοῖς

444 555 544 594 xus
568 538 825 602 haerebat,
863 537 1000 592 alter
1027 552 1157 593 vero
1194 544 1453 607 tanQuam
1487 542 1739 590 mortuus
1771 532 2020 602 rigebat;

2125 530 2313 597 γόνασι
2342 527 2402 582 τό
2441 527 2732 600 πρόσωπον
2768 526 3169 581 συνεκάλυπτε·
3200 529 3289 580 καὶ⁸
3315 526 3463 591 ἄλλος
3486 529 3672 599 πρηνὴς
3722 566 3729 572 .

443 631 582 686 alius
627 638 852 701 stupore
881 628 1303 699 corripiebatur,
1347 627 1487 683 alius
1525 626 1848 681 immutatus
1874 624 2024 694 jace-

2133 621 2465 691 άνεπήγνυτο
2490 617 2601 689 (29)
2623 658 2637 682 ,
2666 617 2759 673 καὶ
2782 618 2969 686 ἕτερος
2993 618 3125 670 ὡσεὶ
3151 617 3339 689 νεκρὸς
3367 616 3674 690 ἁπεστηλοῦ-

441 722 557 789 bat,
597 722 739 778 alius
766 717 911 778 intro
938 719 1204 793 fugiebat.

516 972 632 1028 Illic
654 974 799 1029 enim
832 983 964 1031 tunc
986 976 1225 1031 concidit
1251 975 1505 1047 Christus
1548 976 1601 1030 in
1649 976 1753 1031 hac
1785 983 2029 1031 conster-

444 1065 667 1120 natione
698 1067 877 1137 capita
921 1068 1300 1140 dynastarum,
1349 1069 1459 1124 illic
1488 1075 1945 1124 contremuerunt
1972 1069 2028 1122 in

444 1171 533 1219 eo,
568 1155 679 1210 illic
710 1157 968 1214 laxarunt
1020 1158 1175 1215 frena
1216 1175 1313 1215 sua
1345 1161 1590 1215 dicentes
1620 1179 1633 1215 :
1665 1162 1797 1227 Quis
1827 1171 1904 1214 est
1932 1162 2029 1214 iste

447 1245 555 1316 Rea:
585 1248 770 1318 gloria:
798 1250 851 1302 ‘?
890 1250 1015 1319 quis
1053 1260 1138 1307 est
1180 1251 1270 1305 hic
1312 1258 1533 1315 tantus,
1569 1252 1661 1320 qui
1694 1266 1821 1305 cum
1863 1251 2030 1305 tantis

442 1338 573 1392 talia
610 1339 698 1392 hic
733 1348 917 1409 patrat
951 1341 1252 1396 miracula?
1286 1342 1416 1409 Quis
1448 1350 1526 1396 est
1560 1342 1656 1395 iste
1684 1340 1794 1396 Rea:
1820 1342 2027 1412 gloriw,

441 1435 532 1503 qui
564 1449 627 1489 ea
664 1451 810 1490 nunc
840 1436 897 1489 in
925 1435 1141 1491 inferno
1191 1436 1341 1501 facit,
1386 1453 1506 1508 quae
1535 1454 1815 1509 nunquam
1846 1439 1899 1493 in
1943 1440 2030 1493 in-

441 1529 595 1581 l'erno
642 1525 781 1581 facta
827 1529 993 1584 sunt?
1029 1529 1164 1596 Quis
1191 1529 1307 1596 hic,
1337 1530 1430 1600 qui
1475 1530 1660 1585 educit
1688 1530 1815 1585 hinc
1860 1545 1890 1584 a
1920 1546 2028 1586 ειε-

362 1632 369 1639 ‘
438 1620 563 1674 culo
592 1621 879 1676 mortuos?
912 1620 1045 1688 Quis
1075 1630 1158 1677 est
1203 1623 1310 1685 hic,
1359 1622 1451 1693 qui
1488 1623 1650 1677 solvit
1679 1631 1733 1678 et
1772 1622 2028 1680 dissolvit

2127 729 2226 774 το,
2286 711 2381 764 καὶ
2438 709 2595 773 ἄλλος
2635 707 2715 779 τῷ
2771 707 2973 777 θάμϐει
3025 706 3339 777 κατείχετο,
3374 707 3464 760 καὶ
3513 706 3677 778 ἕτερος

2130 802 2442 876 [οὐρανίων]
2468 800 2829 873 ἠλλοιωμένος
2860 799 3166 867 κατέκειτο,
3202 800 3295 854 καὶ
3319 799 3467 864 ἄλλος
3504 801 3681 854 ἐνδότε-

2133 913 2224 966 ρον
2249 895 2499 965 ἔφευγεν.

2214 989 2360 1040 Ἐκεῖ
2382 986 2491 1059 γὰρ
2521 986 2644 1040 τότε
2682 985 2902 1056 διέκοψε
2926 985 3163 1058 Χριστὸς
3192 988 3249 1040 ἐν
3274 983 3518 1039 ἐκστάσει
3539 1002 3683 1055 κεφα-

2131 1080 2227 1143 λὰς
2258 1078 2532 1132 δυναστῶν
2551 1094 2565 1109 ο
2620 1078 2737 1131 ἐκεῖ
2786 1078 3113 1148 ἐσείσθησαν
3143 1078 3200 1131 ἐν
3228 1074 3375 1146 αύτῷ
3402 1075 3508 1144 (50)
3530 1114 3544 1139 ,
3583 1076 3684 1128 ἐκεῖ

2131 1168 2399 1239 διήνοιξαν
2438 1167 2690 1239 χαλινοὺς
2728 1166 2907 1221 αὐτῶν
2939 1166 3218 1234 λέγοντες·
3273 1165 3368 1230 Τίς
3406 1165 3567 1218 ἐστιν
3595 1159 3683 1219 οὗ·

2132 1276 2234 1324 τος
2293 1261 2325 1311 d
2385 1257 2690 1323 βασιλεὺς
2740 1255 2851 1324 τῆς
2896 1256 3116 1323 δόξης;
3169 1254 3251 1318 τίς
3303 1256 3446 1309 ἐστιν
3486 1248 3623 1317 οὗτος
3661 1256 3686 1307 6

2135 1349 2409 1416 τοσοῦτος,
2431 1350 2460 1403 6
2486 1347 2624 1420 μετὰ
2649 1347 2921 1402 τοσούτων
2949 1344 3175 1400 τοιαῦτα
3201 1344 3431 1399 ἐνταῦθα
3450 1342 3688 1397 ἐπιτελῶν

2134 1442 2387 1512 θαύματα
2414 1442 2571 1513 (51);
2623 1441 2720 1507 Τίς
2769 1436 2952 1507 οὗτός
2981 1440 3155 1494 ἐστιν
3188 1442 3221 1493 ὀ
3264 1436 3555 1503 ,ϐασιλεὺς
3596 1435 3689 1504 τῆς

2134 1533 2354 1602 δόξης,
2389 1535 2417 1587 6
2455 1534 2513 1586 ἐν
2561 1532 2664 1605 ᾅδῃ
2696 1530 2862 1586 ποιῶν
2890 1531 2986 1585 νῦν
3012 1531 3080 1585 τὰ
3126 1529 3377 1584 οὐδέποτε
3412 1531 3468 1582 ἐν
3502 1526 3594 1599 ᾄδῃ
3616 1543 3692 1594 γε-

2134 1626 2363 1695 νόμενα;
2392 1625 2477 1687 τίς
2507 1617 2662 1688 οὗτος
2715 1626 2744 1676 6
2793 1623 3004 1692 ἐξάγων
3036 1622 3189 1677 ἐνθεν
3244 1622 3369 1685 τοὺς
3397 1621 3488 1674 ἀπ’
3518 1619 3690 1682 αἰῶνος

437 1718 681 1765 nostram
728 1710 986 1767 invictam
1032 1713 1317 1767 audaciam
1357 1724 1410 1768 et
1455 1715 1776 1782 potentiam,
1830 1723 1886 1769 et
1934 1717 2026 1785 qui

2137 1734 2285 1771 κεκοι
2296 1734 2368 1788 μη
2379 1717 2572 1787 μένους
2598 1733 2613 1783 ;
2640 1716 2725 1780 τίς
2752 1718 2900 1770 ἐστιν
2924 1710 3079 1778 οὗτος
3105 1717 3134 1768 6
3170 1713 3338 1777 λύσας
3367 1713 3459 1766 καὶ
3487 1708 3693 1765 καταλύ-

436 1802 624 1857 educit
653 1817 719 1858 ex
761 1802 959 1859 inferni
990 1804 1237 1859 cuStodia
1282 1819 1312 1857 a
1352 1805 1555 1859 saeculo
1590 1804 1645 1859 in
1677 1798 2030 1876 compedibus

436 1890 695 1947 habitos?
727 1890 931 1946 Contra
972 1908 1113 1963 quos
1139 1892 1589 1948 vociferabantur
1646 1893 1861 1950 Dominl
1917 1898 2031 1951 vir-

438 1990 607 2048 tutcs,
657 1983 901 2039 dicentes
930 2004 943 2039 :
975 1983 1131 2040 Scire
1175 1985 1340 2040 vultis
1363 2025 1377 2049 ,
1409 2001 1443 2040 ο
1478 1985 1717 2055 improbi
1770 1989 2026 2059 tyranni,

435 2077 562 2148 quis
596 2077 665 2133 sit
702 2079 805 2131 istc
841 2078 952 2132 [lex
993 2078 1215 2148 gloriat?
1244 2076 1505 2133 Dominus
1534 2078 1691 2147 fortis
1727 2088 1776 2133 el
1805 2092 1987 2150 potens
2010 2098 2028 2135 :

436 2170 699 2225 Dominus
719 2180 923 2239 potens,
949 2179 998 2224 et
1024 2170 1202 2239 fortis,
1223 2182 1270 2226 et
1296 2174 1666 2243 insuperabilis
1692 2176 1743 2229 in
1766 2175 1967 2242 ριιιείίίε
1985 2176 2025 2227 ¹.

436 2260 537 2317 llic
577 2260 667 2316 ille
711 2269 831 2326 est,
877 2261 970 2332 qui
1002 2277 1066 2317 ex
1116 2263 1432 2319 ccelestibus
1466 2264 1694 2320 orbibus
1723 2266 1929 2335 expulit
1977 2272 2030 2319 et

435 2354 669 2425 proiecit
712 2369 810 2409 vos
835 2394 848 2419 ,
896 2370 929 2408 o
970 2356 1157 2410 miseri
1192 2365 1247 2412 et
1278 2356 1453 2425 iniqui
1489 2358 1737 2431 tyranni!
1794 2356 1895 2414 ilic
1940 2358 2030 2414 ille

436 2452 543 2506 est,
592 2444 685 2515 qui
734 2445 788 2499 in
838 2460 996 2516 aqurs
1029 2444 1286 2502 Iordanis
1318 2448 1578 2504 contrivit
1621 2450 1803 2520 capita
1831 2449 2030 2504 draco-

439 2551 569 2592 num
616 2544 883 2591 vcstrum.
926 2537 1017 2591 Ille
1063 2538 1180 2607 ipse
1218 2547 1337 2603 est,
1384 2541 1477 2610 qui
1529 2556 1625 2597 vos
1671 2558 1767 2610 per
1804 2557 2028 2598 crucem

437 2628 785 2699 proscripsit,
818 2627 885 2684 de
922 2628 1077 2684 vobis
1105 2630 1485 2701 triumphavit,
1518 2643 1571 2686 ct
1593 2639 1768 2688 morte
1808 2648 1907 2688 vos
1949 2632 2033 2687 af-

440 2721 590 2776 fecit.
631 2720 731 2775 liic
764 2722 852 2776 ille
874 2729 980 2783 est.
1016 2722 1109 2791 qui
1140 2722 1337 2788 vinxit,
1369 2733 1420 2778 et
1448 2726 1688 2780 tenebris
1725 2726 2030 2792 damnavit,

438 2821 494 2867 et
542 2813 596 2866 in
646 2813 906 2884 abyssum
940 2812 1174 2867 detrusit
1207 2829 1324 2868 vos.
1374 2814 1466 2870 Ille
1519 2816 1636 2885 ipse
1685 2824 1789 2881 est,
1829 2817 1921 2887 qui
1977 2818 2032 2871 in

440 2908 620 2979 ignem
656 2918 920 2964 arternum
953 2917 1008 2963 et
1045 2908 1349 2978 gehennam
1386 2908 1730 2976 transmittit,
1757 2916 1812 2965 et
1857 2908 2029 2980 perdit

2140 2909 2513 2981 θριαμϐεύσας
2539 2951 2553 2975 ,

2138 1828 2235 1874 σας
2260 1813 2293 1882 ἡ
2304 1809 2418 1881 μῶν
2451 1808 2562 1862 τῶν
2591 1809 2875 1880 ἀηττήτων
2916 1808 2979 1861 τὸ
3019 1806 3218 1880 θράσος
3282 1805 3377 1860 καὶ
3402 1803 3462 1856 τὸ
3493 1802 3690 1871 κράτος,

2134 1902 2228 1953 καὶ
2257 1900 2469 1969 ἐξάγων
2499 1901 2563 1953 ἐκ
2590 1900 2691 1970 τῆς
2719 1897 2813 1952 τοῦ
2854 1897 2981 1970 ᾅδου
3013 1895 3262 1966 φυλακῆς
3294 1894 3419 1955 τοὺς
3456 1893 3545 1945 ἀπ’
3576 1889 3693 1944 αίῶ-

2135 2009 2222 2054 νος
2261 1988 2708 2059 πεπεδημένους;
2751 1987 2896 2058 Πρὸς
2927 1985 3021 2049 οὓς
3070 1982 3375 2059 ἁνέκραζον
3406 1983 3459 2035 αἱ
3498 1980 3583 2033 τοῦ
3607 1981 3689 2032 Δε·

2135 2083 2331 2138 σπότου
2367 2081 2627 2152 δυνάμεις
2652 2080 2951 2148 λέγουσαι·
2979 2077 3189 2132 Μαθεῖν
3224 2073 3496 2145 βούλεσθε,
3529 2065 3571 2125 ὧ
3603 2089 3692 2124 πα-

2136 2177 2359 2249 ράνομοι
2383 2175 2638 2246 τύραννοι
2658 2212 2672 2238 ,
2703 2172 2788 2237 τίς
2818 2172 2966 2224 ἐστιν
2996 2169 3107 2241 (52)
3157 2164 3313 2232 οὗτος
3351 2165 3587 2238 βασιλεὺς
3609 2163 3691 2233 τῆς

2131 2268 2323 2339 δόξης;
2360 2268 2577 2335 Κύριος
2611 2262 2893 2333 κραταιὸς
2927 2262 3026 2316 καί
3054 2260 3348 2326 δυνατός·
3379 2260 3581 2325 Κύριος
3607 2254 3692 2307 δυ-

2134 2361 2307 2427 νατὸς
2372 2359 2471 2413 καί
2515 2357 2770 2427 ἰσχυρὸς
2845 2354 2943 2409 καί
2984 2353 3282 2421 ἀήττητος
3310 2353 3378 2405 ἐν
3418 2349 3690 2418 πολέμοις.

2133 2449 2301 2517 Οὗτος
2331 2451 2535 2514 ἐκεῖνός
2569 2451 2715 2503 ἐστιν
2765 2447 2795 2500 6
2833 2450 2898 2501 ἐκ
2953 2445 3061 2499 τῶν
3097 2445 3365 2517 οὐρανίων
3399 2442 3587 2512 ἀψίδων
3620 2438 3696 2502 ἐξα

2132 2544 2322 2615 ορίσας
2347 2543 2441 2596 καὶ
2470 2539 2786 2613 ἀπορρίψας
2819 2540 2987 2609 ὑμᾶς,
3010 2531 3055 2590 ὧ
3085 2537 3313 2590 δείλαιοι
3353 2536 3444 2590 καὶ
3482 2532 3694 2604 παράνοο

2139 2653 2226 2706 μοι
2265 2633 2549 2705 τύραννοιί
2592 2633 2828 2694 Ἐκεῖνος
2870 2624 3023 2694 οὗτός
3060 2630 3212 2683 ἐστιν
3251 2631 3280 2681 6
3309 2629 3365 2681 ἐν
3396 2624 3693 2691 ὕδασι-Ἰορ·

2134 2728 2292 2781 δάνου
2330 2724 2624 2795 συντρίψας
2652 2723 2753 2787 τὰς
2797 2722 3040 2793 κεφαλὰς
3071 2722 3179 2775 τῶν
3206 2721 3509 2793 δρακόντων
3543 2715 3697 2788 ὑμῶν.

2138 2811 2307 2877 Οὗτος
2336 2816 2541 2879 ἐκεῖνός
2572 2816 2721 2869 ἐστιν
2753 2816 2781 2867 6
2810 2815 2897 2868 διὰ
2926 2812 3160 2885 σταυροῦ
3208 2810 3553 2883 στηλιτεύσας
3572 2848 3585 2871 ,
3616 2806 3697 2860 καί

2606 2910 2700 2962 καὶ
2753 2906 3032 2978 νεκρὼσας
3080 2907 3248 2974 ὑμᾶς.
3293 2907 3523 2968 Ἐκεῖνος
3564 2896 3696 2962 οὗτός

440 3015 558 3056 vos.
595 2999 777 3067 Quare
824 3015 890 3055 ne
923 2999 1281 3065 cunctemini,
1320 3014 1421 3055 nec
1473 2999 1718 3068 tardate;
1778 3002 1871 3056 sed
1909 3016 2029 3072 pro-

2140 3002 2288 3054 ὲστιν
2316 3001 2345 3052 6
2373 3000 2541 3070 δήσας
2561 3039 2576 3063 ,
2605 3001 2699 3053 καὶ
2729 2998 2981 3067 ζοφώσας
3005 3038 3020 3063 ,
3053 2997 3148 3052 καὶ
3173 3000 3243 3069 τῇ
3284 2996 3500 3062 ἀϐύσσςρ
3541 3007 3695 3061 παρα-

439 3101 647 3164 perate,
679 3100 734 3148 ct
766 3091 978 3147 vinctos
1010 3090 1246 3153 educite,
1276 3107 1415 3161 quos
1449 3090 1516 3145 ad
1542 3091 1644 3146 hoc
1673 3107 1850 3163 usque
1897 3101 2029 3145 lem-

2140 3092 2361 3163 πέμψας
2386 3093 2551 3162 ὑμᾶς.
2586 3086 2753 3155 Οὗτος
2780 3090 2988 3153 ἐκεῖνός
3009 3091 3155 3143 ἐστιν
3180 3090 3211 3141 ὁ
3249 3089 3382 3159 πυρὶ
3407 3085 3595 3154 αἰωνίῳ
3617 3082 3693 3136 καὶ

440 3201 543 3256 pus
596 3184 735 3239 tnalc
782 3183 1169 3239 absorbuistis.
1223 3179 1480 3237 Vestrum
1535 3181 1679 3236 enim
1737 3181 2032 3252 imperium

434 3278 546 3347 jam
593 3274 924 3331 dissolutum
970 3282 1087 3342 est;
1131 3280 1314 3329 vestra
1368 3273 1618 3345 tyrannis
1671 3273 1783 3343 jam
1836 3272 2029 3337 desiit;

441 3367 754 3438 arrogantia
810 3378 991 3421 vestra
1055 3365 1294 3436 graviter
1360 3380 1613 3436 repressa
1666 3372 1795 3431 est;
1850 3373 2032 3418 vestra

435 3460 701 3530 jactautia
743 3457 811 3512 ad
856 3457 1017 3511 linem
1075 3456 1327 3523 devenit;
1392 3464 1635 3511 vestrum
1688 3456 1859 3509 robur
1902 3470 2033 3508 con-

441 3549 720 3605 culcatum
782 3555 905 3611 cst,
946 3554 1000 3600 et
1052 3544 1284 3597 interiit.
1340 3543 1691 3599 llmcDomini
1734 3550 2033 3614 potestates

442 3640 692 3695 adversis
722 3637 1091 3709 potestatibus
1140 3635 1416 3698 dicebant,
1469 3636 1741 3705 simulque
1774 3650 2035 3706 propera-

441 3732 597 3789 bant.
637 3730 704 3784 Et
750 3729 801 3784 1ιί
832 3728 1052 3799 quidem
1083 3741 1359 3781 carcerem
1393 3741 1456 3781 ex
1493 3726 1626 3796 ipsis
1658 3725 2034 3780 fundamentis

444 3824 768 3887 diruebant;
801 3822 876 3875 illi
907 3835 1036 3875 vero
1069 3819 1381 3873 contrarias
1410 3826 1708 3887 potestates
1734 3834 2034 3888 perseque-

442 3917 665 3982 bantur,
697 3929 818 3987 qua:
852 3929 919 3968 ex
954 3910 1324 3966 exterioribus
1364 3908 1677 3964 recessibus
1711 3910 1764 3963 in
1805 3909 2033 3964 interio-

442 4024 536 4068 res
565 4008 865 4080 fugiebant.
911 4005 1020 4060 Alii
1064 4004 1313 4070 latibula,
1344 4011 1397 4058 et
1431 4002 1679 4067 castella,
1716 4010 1768 4055 ct
1809 4004 2033 4073 spelun-

442 4117 539 4160 cas
574 4099 1064 4173 perscrutabantur
1085 4142 1099 4167 ,
1133 4104 1187 4152 et
1221 4095 1584 4151 cursitabant.
1624 4095 1751 4160 Alii,
1783 4097 1920 4150 alter
1951 4097 2033 4150 alo

442 4198 627 4247 terum
685 4188 906 4246 aliunde
962 4186 1194 4242 Domino
1249 4188 1489 4241 vinctum
1540 4184 1882 4251 oliercbant,
1940 4187 2033 4241 alii

442 4296 737 4358 tyrannum
786 4282 1022 4338 vinculis
1071 4279 1459 4336 insolubilibus
1495 4279 1829 4345 vinciebant,
1868 4280 1956 4333 alii
2004 4296 2033 4335 a

445 4377 647 4433 saeculo
665 4376 883 4432 vinctos
906 4373 1302 4439 dissolvebant,
1328 4379 1382 4427 et
1412 4371 1501 4426 alii
1527 4372 1730 4427 dabant
1751 4371 2028 4438 mandata,

445 4467 538 4519 alii
576 4465 1021 4535 obsequebantur
1066 4478 1229 4533 quam
1266 4462 1573 4528 celerrime,
1620 4470 1676 4519 et
1716 4462 1773 4518 1ιὶ
1809 4462 2028 4534 quidem

446 4559 594 4612 intro
623 4555 948 4627 ingredienti
978 4554 1209 4608 Domino
1243 4554 1672 4624 praecurrebam,
1712 4554 1766 4608 bi
1801 4571 1929 4610 vero
1973 4563 2031 4610 ut

447 4662 630 4719 regem
653 4654 706 4701 et
738 4645 909 4701 Deum
938 4644 1201 4700 victorem
1241 4644 1561 4699 circumfusi
1593 4645 1984 4714 sequebantur.

2137 3184 2330 3256 γεέννῃ
2364 3184 2751 3255 παραπέμπων
2783 3183 2875 3236 καὶ
2898 3180 3148 3235 ἁπολλῶν
3182 3181 3297 3254 (55)
3327 3181 3488 3251 ὑμᾶς.
3522 3173 3688 3230 Λοιπὸν

2139 3276 2214 3348 μὴ
2261 3277 2483 3349 μέλλετε
2512 3316 2525 3338 ,
2567 3277 2701 3347 μηδὲ
2735 3276 3036 3345 ἀναμένετε
3060 3312 3074 3338 ,
3104 3272 3246 3327 ἀλλὰ
3266 3270 3589 3337 exsucata,
3612 3262 3688 3317 καὶ

2134 3370 2261 3433 τοὺς
2308 3368 2563 3438 δεσμίους
2599 3366 2860 3431 ὲξάξατε,
2910 3364 3005 3429 οὓς
3037 3366 3201 3436 μέχρι
3257 3366 3353 3417 καὶ
3397 3362 3489 3416 νῦν
3537 3355 3693 3416 κακῶς

2134 3460 2441 3515 κατεπίετε.
2462 3460 2533 3513 Τὸ
2564 3460 2674 3531 γὰρ
2701 3460 2966 3531 ὑμέτερον
3005 3457 3207 3529 κράτος
3236 3457 3418 3511 λοιπὸν
3442 3450 3695 3509 καταλέλυ-

2134 3570 2224 3605 ται
2246 3570 2260 3585 ’
2296 3553 2329 3623 ἡ
2365 3551 2518 3623 ὑμῶν
2548 3552 2799 3623 τυραννὶς
2832 3550 3019 3604 λοιπὸν
3075 3554 3388 3604 πέπαυται*
3431 3548 3490 3600 τὸ
3522 3543 3692 3615 ὑμέτε-

2138 3662 2228 3716 ρον
2260 3644 2528 3716 φρύαγμα
2553 3642 2742 3707 δεινῶς
2767 3644 3113 3714 κατήργηται
3133 3656 3149 3673 ·
3187 3644 3222 3712 ἡ
3258 3640 3410 3710 ὑμῶν
3449 3633 3690 3709 μεγαλαυ-

2134 3736 2227 3806 χία
2280 3737 2360 3800 είς
2415 3734 2567 3799 τέλος
2603 3734 2917 3787 ἐκλέλοιπεν
2952 3734 3163 3805 (δυοή
3221 3732 3376 3803 ὑμῶν
3428 3730 3571 3800 ἰσχὺς
3617 3740 3696 3776 πε-

2135 3829 2375 3897 πάτηται
2439 3827 2533 3879 καὶ
2590 3825 2853 3878 ἀπόλωλε.
2908 3825 3096 3877 Ταυτα
3141 3825 3198 3876 αἱ
3256 3819 3567 3876 δεσποτικαὶ
3615 3810 3693 3868 τοῦ

2135 3920 2408 3973 Δεσπότου
2448 3917 2706 3989 δυνάμεις
2734 3919 2853 3980 ταῖς
2893 3915 3165 3979 ἐναντίαις
3193 3915 3487 3985 δυνάμεσιν
3514 3910 3691 3976 ἔλεγον.

2134 4011 2271 4083 ὁμοῦ
2296 4029 2356 4063 τε
2385 4010 2479 4064 καὶ
2506 4008 2892 4063 κατέσπευδον.
2925 4008 3036 4061 Καὶ
3069 4008 3119 4060 οἱ
3152 4007 3253 4078 μέν
3273 4006 3334 4060 τδ
3357 4001 3694 4076 δεσμωτήριον

2135 4101 2195 4168 ἐξ
2246 4102 2429 4156 αὐτῶν
2484 4101 2593 4155 τῶν
2643 4100 2913 4171 θεμελίων
2964 4098 3382 4152 κατέσκαπτονσ
3435 4098 3483 4149 οἱ
3520 4094 3570 4148 δὲ
3612 4091 3692 4151 ﬁt

2138 4195 2387 4257 ἐναντίας
2418 4192 2668 4259 ἐξουσίας
2694 4190 3026 4244 κατεδίωκον
3063 4191 3127 4242 ἐκ
3155 4174 3265 4242 τῶν
3311 4188 3582 4257 ἐξωτέρων
3614 4197 3695 4234 τα·

2138 4284 2306 4353 μείων
2336 4281 2642 4352 φευγούσας
2683 4280 2981 4351 ἐνδότερον.
3013 4280 3122 4332 Καὶ
3156 4277 3310 4332 ἄλλοι
3355 4278 3453 4341 τὰς
3497 4270 3699 4329 καταδύο

2139 4391 2286 4439 σεις,
2322 4372 2417 4425 καὶ
2457 4372 2522 4425 τὰ
2572 4370 2839 4442 φρούρια.
2886 4369 3081 4422 καὶτὰ
3129 4368 3375 4439 σπήλαια
3417 4360 3695 4435 διερεύνων,

2063 4429 2107 4483 D
2139 4429 2501 4534 καίέτρεχον.
2537 4429 2647 4515 Kal.
2673 4429 2847 4531 ἕτεροι
2878 4459 3035 4523 ἄλλος
3055 4459 3211 4513 ἄλλον
3230 4429 3461 4513 ’ἄλλοθεν
3499 4429 3696 4523 δέσμιον

2138 4557 2215 4628 τῷ
2260 4556 2507 4627 Δεσπότῃ
2555 4553 2893 4624 προσέφερον
2922 4591 2937 4617 ,
2995 4553 3092 4605 καὶ
3129 4551 3282 4604 ἄλλοι
3325 4550 3418 4604 τὸν
3463 4546 3696 4619 τύραννον

2136 4651 2353 4720 δεσμοῖς
2387 4648 2602 4710 ἀλύτοις
2636 4646 2781 4700 ἔδεον
2809 4685 2824 4710 ,
2874 4645 2971 4699 καὶ
3022 4645 3200 4716 ἐτεροι
3246 4646 3373 4709 τοὺς
3405 4642 3500 4696 ἀπ’
3532 4638 3695 4693 αἰῶνος

445 4739 701 4811 δεσμίους
732 4736 1005 4793 ἀπέλυονο
1047 4737 1141 4791 καὶ
1194 4736 1343 4791 ἄλλοι
1386 4735 1717 4800 ἐπέταττον,
1781 4741 1875 4794 καὶ
1928 4742 2105 4815 ἕτεροι
2144 4742 2453 4813 ὑπούργουν
2514 4741 2590 4805 ὡς
2634 4741 2865 4811 τάχιστα
2891 4757 2905 4772 ·
2947 4738 3043 4792 καὶ
3096 4738 3147 4789 oi
3201 4737 3302 4809 μὲν
3346 4729 3697 4809 είσερχομένθυ

444 4834 539 4887 τοῦ
572 4830 843 4885 Δεσπότου
877 4828 1152 4900 ἐνδότερον
1187 4829 1549 4901 προέτρεχον,
1596 4831 1645 4883 οἱ
1682 4830 1740 4884 δέ
1774 4832 1850 4896 ὡς
1886 4832 2097 4903 βασιλεῖ
2123 4836 2217 4890 καὶ
2243 4834 2363 4905 Θεῴ
2392 4834 2675 4905 νικηφόρῳ
2711 4833 3063 4904 παρείποντο.

518 4923 645 4981 Haec
679 4924 846 4995 igitur
866 4922 931 4976 ad
965 4936 1089 4978 eum
1122 4922 1367 4987 modum,
1409 4930 1573 4994 atque
1601 4923 1688 4979 bis
1721 4924 1878 4994 plura
1908 4941 2037 4981 cum

448 5020 505 5074 in
541 5015 756 5072 inferno
782 5000 994 5080 fierent,
1028 5029 1331 5085 omnesque
1369 5014 1695 5080 clamarent,
1735 5018 2037 5073 tumultua-

448 5116 641 5164 rentur
697 5114 752 5162 et
781 5105 1142 5175 trepidarent,
1180 5120 1308 5160 cum
1346 5104 1583 5161 adventu
1627 5121 1729 5162 suo
1770 5106 2036 5163 Dominus

449 5200 639 5257 inﬁma
669 5198 789 5270 ipsa
816 5196 935 5250 loca
958 5204 1347 5266 penetraturus
1372 5205 1541 5265 esset,
1564 5197 1736 5251 Adam
1771 5197 1884 5262 ille,
1908 5198 2037 5268 quia

448 5298 577 5347 ante
609 5303 802 5345 omnes
835 5287 1085 5343 homines
1128 5288 1310 5356 primo
1356 5296 1600 5352 creatus,
1646 5296 1701 5346 et
1737 5288 1915 5358 primo
1952 5288 2037 5344 fa-

526 5446 706 5504 ‘Psal.
744 5460 900 5507 χχιιι,
935 5442 990 5507 8,
1028 5444 1111 5498 lo.
1197 5446 1217 5475 ²
1241 5444 1371 5501 ibid.

550 5671 637 5742 ζἒυ)
670 5671 759 5741 τρ-
793 5671 953 5742 “Wil-

547 5601 639 5673 29)
671 5620 759 5672 γρ.
791 5601 1160 5673 ἀπεπήγνυτο.

547 5605 639 5673 29)
671 5620 759 5672 γρ.
791 5605 1120 5669 ἀπεπήγνυτι

526 5605 637 5809 ἔδυ)
670 5689 759 5741 γρ.
793 5671 953 5739 αὐτῇ.

553 5739 640 5807 31)
672 5757 762 5809 γρ.
799 5739 1120 5807 πράγματα.

2216 4926 2431 4979 Τούτων
2480 4925 2545 4997 δὴ
2591 4923 2776 4978 λοιπὸν
2814 4922 3020 4987 οὕτως,
3053 4920 3188 4977 ἀλλὰ
3221 4920 3317 4974 καὶ
3352 4920 3490 4990 ὑπὲρ
3520 4913 3702 4983 τούτων

2144 5018 2202 5071 ἐν
2230 5017 2309 5089 τῷ
2343 5017 2444 5091 ᾄδῃ
2480 5016 2780 5087 γινομένων
2807 5033 2865 5068 τε
2915 5016 3009 5068 καὶ
3060 5014 3375 5085 βοωμένων,
3406 5004 3709 5091 θρυλλουμέ·

2145 5127 2251 5164 νων
2284 5088 2545 5163 ἁπάντων
2582 5108 2678 5161 καὶ
2734 5106 3031 5179 σειομένων
3054 5146 3069 5171 ,
3118 5106 3193 5169 ὡς
3225 5108 3258 5176 ἡ
3314 5100 3577 5173 παρουσία
3616 5088 3700 5146 τοῦ

2134 5199 2417 5252 ,Δεσπότου
2447 5197 2587 5252 αὐτὰ
2624 5197 2695 5250 τὰ
2744 5196 3034 5250 κατώτατα
3060 5195 3170 5248 τῶν
3196 5193 3520 5249 κατωτάτων
3554 5197 3706 5239 καταοι

2144 5288 2444 5361 λαμϐάνειν
2480 5288 2735 5360 ἔμελλεν,
2766 5289 2796 5339 6
2847 5287 3020 5360 Ἀδὰμ
3066 5288 3307 5351 ἐκεῖνος,
3339 5286 3370 5339 ὁ
3400 5282 3603 5338 πάντων
3620 5270 3701 5322 ἀν·

2219 5597 2330 5667 (52)
2360 5596 2421 5653 F.
2452 5598 2537 5660 τίς
2569 5597 2716 5650 ἐστιν
2732 5591 2905 5667 οὗτος.

2239 5669 2328 5735 55)
2365 5685 2453 5737 τερ.
2490 5666 2804 5721 ἀπολωλών.

2241 5737 2331 5807 54)
2362 5755 2453 5807 γρ.
2486 5737 2787 5795 ἐκλέλυται.
