3988 6406
287 354 387 412 ιω

1439 375 1724 435 uorum
1763 376 1807 432 ιι
1836 374 1910 429 IN
1971 375 2285 433 sassaro
2321 376 2582 435 MAGNO.

3502 377 3612 436 462

298 488 541 563 θρώπων
600 497 1024 568 πρωτόκτιστος
1056 537 1072 566 ,
1138 494 1235 551 καὶ
1295 496 1722 569 πρωτόπλαστος
1749 537 1764 564 ,
1822 495 1910 551 καὶ

2021 505 2165 562 ctus,
2195 495 2481 568 primoque
2508 502 2763 552 mortuus
2790 503 2896 565 est,
2920 496 3148 553 interior
3173 498 3452 564 omnibus,
3477 496 3606 553 cum

313 584 704 659 πρωτόθνητος
750 590 1027 663 ἐνδότερος
1078 588 1299 644 πάντων
1322 628 1339 655 ,
1399 589 1538 660 μετὰ
1582 587 1785 660 πολλῆς
1814 587 1915 657 τῆς

312 675 621 745 ἀσφαλείας
661 679 891 750 δέσμιος
924 678 1294 750 κατεχόμενος
1315 718 1331 743 ,
1360 678 1531 749 ῆκουε
1564 678 1673 733 τῶν
1699 678 1793 732 τοῦ
1823 680 1917 730 Δε-

292 830 303 843 ﬁ
320 769 525 823 σπότου
552 768 732 823 ποδῶν
767 770 905 842 πρὸς
931 771 1059 835 τοὺς
1080 768 1335 842 δεσμίους
1366 770 1785 842 εἰσερχομένων,
1820 771 1916 825 καὶ

318 862 592 936 ἐγνώρισε
622 861 722 934 τὴν
750 862 933 935 φωνὴν
967 862 1134 917 αὑτοῦ
1169 864 1227 917 ἐν
1256 861 1335 935 τῷ
1370 863 1731 936 δεσμωτηρίῳ
1762 880 1916 936 περι-

320 955 666 1020 πατοῦντος,
701 956 796 1009 καὶ
853 955 1112 1027 στραφεὶς
1162 955 1302 1025 πρὸς
1354 954 1599 1019 ἅπαντας
1646 956 1771 1020 τοὺς
1819 956 1915 1010 σὺν

321 1050 476 1121 αύτῷ
510 1048 605 1103 ἀπ’
636 1048 833 1110 αἰῶνος
859 1047 1114 1120 δεσμίους
1145 1048 1277 1120 φησί
1297 1064 1309 1078 ’
1343 1047 1533 1119 Φωνὴν
1562 1047 1740 1100 ποδῶν
1768 1058 1916 1111 τινος

323 1141 512 1196 ἀκούω
542 1140 678 1213 πρὸς
707 1141 857 1211 ἡμᾶς
901 1140 1321 1213 εἰσερχομένουο
1359 1139 1454 1192 καὶ
1498 1139 1593 1194 ἐὰν
1635 1140 1773 1204 ὅλως
1822 1141 1913 1201 ἐν-

326 1233 503 1288 ταῦθα
535 1234 741 1307 ἐκεῖνος
772 1231 1179 1303 παραγενέσθαι
1220 1230 1581 1301 κατηξίωσεν,
1616 1233 1778 1303 ἡμεῖς
1806 1232 1915 1287 τῶν

320 1326 543 1398 δεσμῶν
603 1324 1060 1396 ἠλευθερώθημεν
1098 1341 1112 1356 ’
1168 1322 1262 1378 ἐὰν
1324 1323 1461 1388 ὅλως
1524 1325 1731 1377 ἐκεῖνον
1794 1324 1913 1394 μεθ’

317 1421 484 1493 ἡμῶν
513 1418 756 1490 ὀψόμεθα
780 1457 796 1484 ,
842 1419 1005 1489 ἡμεῖς
1030 1415 1123 1470 τοῦ
1162 1416 1289 1489 ᾅδου
1327 1415 1694 1488 λυτρούμεθα.
1727 1416 1913 1470 Ταῦτα

318 1512 522 1569 καὶτὰ
550 1510 775 1565 τοιαῦτα
826 1510 922 1564 τοῦ
974 1508 1148 1581 Ἀδὰμ
1186 1509 1324 1581 πρὸς
1369 1509 1581 1573 πάντας
1620 1509 1747 1573 τοὺς
1783 1526 1915 1578 συγ-

315 1604 650 1667 καταδίκους
683 1600 846 1657 αὐτοῦ
901 1600 1189 1669 λέγοντος,
1244 1600 1492 1671 εἰσῆλθεν
1549 1601 1578 1653 6
1635 1600 1912 1671 Δεσπότης

317 1695 461 1767 πρὸς
491 1693 719 1757 αὐτοὺς,
755 1691 815 1745 τὺ
864 1691 1144 1763 νικητικὸν
1184 1690 1347 1745 ὅπλον
1376 1690 1469 1744 τοῦ
1502 1688 1736 1763 σταυροῦ
1776 1709 1911 1745 κατ-

314 1788 483 1859 έχων.
539 1787 635 1839 Ὃν
677 1783 798 1838 ἰδὼν
847 1786 875 1838 6
920 1783 1091 1854 Ἀδὰμ
1139 1784 1169 1837 6
1195 1782 1656 1857 πρωτόπλαστος,
1717 1784 1812 1836 καὶ
1843 1786 1910 1856 τῇ

2019 603 2215 660 magna
2232 587 2481 645 custodia
2498 588 2551 643 in
2571 587 2806 644 vinculis
2830 588 3075 655 habitus,
3100 589 3369 645 inaudivit
3386 588 3607 645 Domini
3632 610 3643 719 ‘

2019 681 2216 719 nmIm-n
2241 688 2284 719 al
2297 681 2528 719 "Initum
2563 680 2627 719 ad
2646 680 2861 719 vinnlna
2883 680 3283 719 gdvaninnlinm
3327 689 3379 719 nl
3398 697 3606 719 [ιω-ιη-

2017 681 2216 750 pedum
2241 681 2528 751 strepitum
2562 680 2628 735 ad
2646 680 2861 737 vinctos
2882 680 3306 739 advenientium.
3327 689 3384 738 et
3398 697 3606 754 cogno-

2017 773 2094 826 vit
2123 773 2368 828 sonitum
2404 773 2526 842 eius
2557 771 2614 827 in
2645 786 2871 830 carcere
2904 772 3334 840 deambulantis,
3370 782 3426 830 et
3466 790 3606 831 con-
3640 776 3714 844 ι..

2017 879 2213 920 versus
2244 864 2314 920 ad
2342 879 2536 920 omnes
2562 878 2672 918 una
2708 878 2895 919 secum
2923 878 2954 919 a
2987 864 3190 922 saeculo
3219 867 3457 929 vinctos,
3486 866 3563 921 ait
3588 880 3603 919 :
3643 856 3653 911 ἱ

2020 957 2270 1013 Sonitum
2325 957 2527 1028 pedum
2581 957 2870 1028 cujusdam
2919 958 3106 1026 audio,
3155 958 3246 1029 qui
3285 958 3350 1012 ad
3385 974 3488 1015 nos
3524 958 3610 1014 in-
3647 949 3655 958 ’

2017 1050 2269 1123 greditur
2287 1065 2301 1114 ;
2330 1056 2384 1103 et
2420 1047 2466 1104 si
2498 1049 2728 1103 omnino
2765 1049 2877 1103 huc
2907 1048 2999 1104 ille
3033 1048 3295 1104 advenire
3326 1048 3607 1120 dignetur,

2019 1158 2121 1198 nos
2153 1157 2184 1198 e
2216 1141 2455 1196 vinculis
2483 1140 2699 1196 liberati
2732 1155 2950 1196 sumus.
2985 1139 3043 1195 Si
3070 1141 3301 1196 omnino
3327 1138 3480 1195 illum
3508 1155 3611 1194 no-

2016 1235 2233 1289 biscum
2257 1233 2456 1288 adesse
2484 1232 2806 1299 viderimus,
2838 1248 2942 1288 nos
2964 1248 2995 1288 e
3021 1232 3261 1288 vinculis
3294 1231 3499 1289 inferni
3521 1248 3613 1288 re-

2016 1325 2299 1379 dimimur.
2334 1323 2459 1379 Haec
2489 1332 2545 1379 et
2577 1324 2683 1378 alia
2717 1324 2929 1379 Adamo
2958 1325 3025 1379 ad
3060 1339 3253 1381 omnes
3283 1340 3393 1380 una
3419 1340 3609 1382 secum

2017 1418 2416 1473 condemnatos
2438 1416 2677 1482 dicente,
2705 1416 2988 1488 ingressus
3008 1423 3093 1471 est
3114 1415 3380 1472 Dominus
3398 1418 3466 1473 ad
3487 1432 3607 1483 eos,

2018 1507 2264 1567 victricia
2295 1521 2449 1563 arma
2482 1507 2664 1562 crucis
2689 1513 2906 1561 tenens.
2938 1504 3113 1572 Quem
3145 1506 3237 1561 ubi
3265 1507 3403 1562 vidit
3429 1507 3608 1562 Adam

2018 1599 2230 1669 primus
2258 1614 2482 1669 parens,
2520 1614 2633 1669 prae
2667 1606 2894 1669 stupore
2930 1607 3125 1670 pectus
3165 1599 3486 1666 verberans,
3512 1615 3611 1656 ex-

2018 1692 2278 1747 clamavit
2306 1690 2374 1745 ad
2409 1706 2623 1756 omnes,
2659 1690 2909 1761 dixitque
2946 1708 2960 1745 :
2994 1690 3261 1748 Dominus
3292 1706 3447 1749 meus
3480 1708 3608 1748 cum

2020 1784 2300 1839 omnibus.
2332 1781 2399 1837 Et
2427 1782 2771 1853 respondens
2794 1781 3051 1837 Christus
3086 1782 3221 1837 dicit
3248 1781 3461 1837 Adamo
3493 1799 3507 1837 :
3544 1782 3612 1838 Et

316 1875 587 1948 ἐκπλήξει
623 1874 684 1929 τὸ
739 1873 933 1946 στῆθος
974 1873 1183 1944 τύψας,
1240 1873 1435 1945 ἐϐόησε
1490 1874 1627 1947 πρὸς
1680 1875 1910 1939 πάνταξν

2021 1892 2146 1931 cum
2179 1876 2377 1948 spiritu
2417 1882 2533 1940 tuo.
2568 1874 2635 1929 Et
2687 1874 3030 1946 apprehensa
3077 1890 3246 1930 manu
3277 1875 3502 1943 excitat,
3532 1874 3614 1930 di-

314 1970 419 2025 καὶ
450 1965 607 2024 εἶπεν
633 1984 647 2001 ·
703 1967 762 2021 '0
811 1965 1016 2041 Κύριός
1049 1984 1150 2038 μου
1185 1966 1324 2038 μετὰ
1353 1965 1591 2021 πάντων.
1642 1966 1754 2021 Καὶ
1786 1967 1913 2020 ἀπο⁹

312 2060 534 2133 κριθεὶς
566 2060 595 2112 6
622 2058 890 2130 Χριστὸς,
918 2058 1067 2127 λέγει
1115 2058 1193 2130 τῷ
1234 2057 1407 2129 Ἀδάμ
1430 2074 1444 2090 ·
1477 2057 1587 2112 Καὶ
1628 2057 1770 2129 μετὰ
1814 2057 1909 2112 τοῦ

314 2153 631 2224 πνεύματός
670 2170 763 2207 σου
784 2169 800 2184 θ
848 2152 944 2205 καὶ
975 2152 1257 2224 κρατήσας
1286 2151 1450 2205 αὑτοῦ
1481 2151 1582 2222 τῆς
1607 2152 1789 2223 χειρδς
1819 2152 1907 2205 ἀν-

316 2250 542 2321 ίστησι,
586 2246 787 2315 λέγων·
827 2246 1089 2316 Ἔγειρε,
1138 2246 1167 2298 6
1211 2243 1519 2309 καθεύδων,
1572 2245 1666 2297 καὶ
1704 2244 1911 2299 ἀνάστα

313 2343 385 2395 ἐκ
410 2339 523 2393 τῶν
546 2337 790 2410 νεκρῶν,
818 2338 913 2391 καὶ
958 2335 1252 2405 ἐπιφαύσει
1294 2353 1377 2389 σοι
1406 2337 1435 2389 6
1461 2336 1715 2407 Χριστός.
1769 2333 1910 2405 Ἐγὼ

310 2437 343 2490 6
372 2433 513 2497 Θεός
555 2449 684 2499 σου,
716 2434 745 2485 6
768 2430 857 2485 διὰ
905 2430 967 2482 σὲ
1000 2429 1293 2500 γενόμενος
1328 2429 1442 2491 υἱός
1477 2445 1601 2493 σου,
1633 2428 1662 2481 6
1709 2427 1798 2481 διὰ
1850 2429 1910 2481 σὲ

188 2526 203 2539 ’
310 2529 415 2583 καὶ
453 2528 581 2592 τοὺς
634 2525 743 2579 ἀπὸ
800 2523 930 2588 σοῦ,
980 2523 1075 2578 νῦν
1130 2523 1304 2590 λέγων
1350 2523 1446 2576 καὶ
1494 2522 1613 2576 κατ’
1664 2520 1911 2586 ἐξουσίαν

310 2621 635 2692 ἐπιτρέπων
664 2621 777 2681 τοῖς
820 2617 878 2669 ἐν
907 2616 1156 2687 δεσμοῖς·
1219 2614 1495 2679 Ἐξέλθετε
1517 2655 1530 2678 ,
1563 2614 1657 2667 καὶ
1694 2616 1809 2679 τοῖς
1852 2616 1910 2667 ὲν

312 2713 505 2767 σκότει
531 2730 544 2742 ⁸
579 2708 924 2780 Φωτίσθητε,
977 2708 1072 2760 καὶ
1127 2708 1241 2771 τοῖς
1294 2706 1723 2778 κεκοιμημένοις
1754 2706 1865 2778 (55)
1892 2722 1908 2739 ο

324 2803 628 2873 Ἀνάστητε
649 2818 662 2831 ·
698 2801 779 2853 σοὶ
809 2798 1191 2870 διακελεύομαι
1215 2817 1228 2830 ·
1262 2800 1503 2869 Ἔγειρε,
1536 2800 1565 2851 6
1596 2796 1905 2853 καθεύδων·

312 2898 379 2952 οὐ
409 2896 523 2968 γὰρ
570 2893 658 2947 διὰ
694 2892 853 2946 τοῦτό
899 2909 956 2945 σε
995 2890 1271 2964 πεποίηκα
1298 2932 1312 2955 ,
1353 2891 1441 2945 ἴνα
1480 2892 1538 2945 ἐν
1570 2890 1669 2964 ᾅδῃ
1706 2892 1911 2964 κατέχῃ

311 2991 561 3061 δέσμιος.
606 2986 839 3041 ’Δνάστα
875 2986 941 3039 ἐκ
990 2985 1099 3039 τῶν
1129 2984 1337 3056 νεκρῶν
1362 3000 1375 3015 ·
1409 2983 1522 3053 ἐγώ
1568 2986 1683 3055 εἰμι
1712 2985 1746 3055 ἡ
1797 2982 1910 3054 ζωὴ

314 3082 423 3135 τῶν
472 3078 704 3150 νεκρῶν.
762 3075 1032 3142 Ἀνάστα,
1097 3075 1322 3146 πλάσμα
1366 3072 1426 3126 τὸ
1474 3073 1640 3143 ἐμὸν,
1682 3072 1908 3138 ἀνάστα,

317 3171 509 3245 μορφὴ
545 3172 580 3241 ὴ
621 3168 756 3241 ἐμὴ,
795 3167 889 3221 καὶ
949 3167 1067 3221 κατ’
1117 3166 1299 3219 εἰκόνα
1349 3165 1488 3237 ἐμὴν
1537 3163 1899 3236 γεγενημένη.

2020 1984 2153 2025 cens
2182 1988 2194 2024 :
2229 1971 2647 2041 Expergiscere,
2686 1970 2782 2041 qui
2811 1970 3056 2037 dormis;
3113 1978 3167 2025 et
3202 1984 3366 2041 surge
3402 1984 3432 2023 a
3463 1984 3613 2025 inor-

2021 2062 2151 2125 tuis,
2177 2070 2231 2115 et
2257 2062 2539 2117 illucescet
2572 2063 2669 2117 tibi
2700 2052 2984 2118 Christus.
3014 2060 3129 2132 Ego
3152 2060 3300 2118 Deus
3327 2070 3480 2126 tuus,
3513 2063 3609 2133 qui

2024 2163 2248 2226 propter
2275 2162 2327 2210 te
2360 2154 2538 2210 factus
2570 2170 2691 2210 sum
2723 2144 2868 2212 filius
2904 2164 3067 2221 tuus;
3116 2155 3209 2225 qui
3263 2162 3489 2226 propter
3533 2164 3608 2222 te,

2018 2255 2074 2302 et
2104 2253 2328 2318 propter
2352 2246 2472 2312 ltos,
2500 2246 2646 2316 quia
2677 2253 2729 2302 te
2761 2247 2983 2302 oriundi
3017 2257 3170 2312 sunt,
3205 2264 3354 2304 nunc
3379 2248 3527 2316 dico,
3556 2259 3613 2304 et

2022 2354 2117 2409 per
2148 2345 2479 2408 potestatem
2514 2339 2725 2409 impero
2761 2339 2830 2396 iis
2868 2340 2960 2410 qui
3004 2338 3071 2394 in
3126 2340 3362 2397 vinculis
3397 2350 3556 2397 erant
3590 2361 3606 2399 :

2022 2429 2213 2495 Exite;
2247 2439 2300 2485 et
2325 2429 2422 2500 qui
2449 2428 2504 2490 in
2534 2429 2811 2485 tenebris:
2838 2427 3230 2484 llluminamini
3254 2446 3269 2497 ;
3297 2441 3351 2486 et
3378 2432 3605 2502 sapitis:

2020 2520 2330 2593 Resurgite.
2364 2520 2493 2577 Tibi
2532 2522 2799 2592 prazcipio
2830 2540 2845 2577 :
2882 2520 3300 2595 Expergiscere,
3348 2526 3440 2595 qui
3475 2524 3610 2579 dor-

2020 2612 2125 2668 mis
2152 2631 2166 2667 :
2197 2612 2399 2667 etenim
2433 2628 2546 2667 non
2578 2609 2703 2667 ideo
2738 2619 2792 2668 te
2839 2611 2967 2679 feci,
3016 2621 3075 2668 ut
3105 2615 3161 2668 in
3189 2613 3407 2669 inferno
3433 2617 3612 2671 conti—

2020 2719 2187 2759 neare
2217 2705 2457 2760 vinctus.
2491 2704 2666 2778 Surge
2690 2719 2720 2759 a
2751 2704 3020 2772 mortuis;
3042 2720 3143 2775 ego
3174 2720 3296 2761 sum
3324 2706 3436 2760 vita
3465 2722 3612 2763 mor-

2019 2806 2262 2852 tuorum.
2319 2797 2515 2869 Surge,
2572 2812 2710 2869 Opus
2769 2812 3032 2852 manuum
3084 2812 3372 2864 mearum;
3422 2814 3607 2871 surge,

2018 2888 2222 2961 effigies
2277 2905 2421 2958 mea,
2468 2906 2591 2961 quae
2640 2890 2707 2946 ad
2757 2890 3051 2961 imaginem
3110 2906 3287 2946 meam
3336 2890 3481 2945 facta
3526 2907 3607 2947 es.

2022 2979 2216 3053 Surge,
2251 2998 2511 3037 exeamus
2540 2982 2701 3049 hinc;
2738 2989 2796 3036 tu
2832 2982 2977 3037 enim
3012 2982 3067 3036 in
3104 2998 3211 3047 me,
3248 2989 3303 3038 et
3336 2998 3436 3054 ego
3458 2984 3512 3038 in
3531 2991 3606 3050 te,

2019 3089 2129 3127 ttna
2159 3085 2210 3129 et
2234 3072 2467 3129 indivisa
2491 3088 2683 3129 sumus
2706 3089 2961 3143 persona.
2990 3073 3220 3143 Propter
3255 3082 3307 3128 te
3340 3090 3440 3145 ego
3463 3074 3610 3130 Deus

2019 3174 2170 3229 tuus,
2206 3166 2385 3221 factus
2422 3180 2545 3220 sum
2579 3165 2720 3220 filius
2755 3174 2915 3230 tuus;
2961 3174 3189 3236 propter
3223 3173 3275 3221 te
3316 3165 3605 3232 Dominus,

321 3267 570 3336 Ἔγειρε,
618 3263 843 3333 ἄγωμεν
874 3258 1157 3314 ἐντεῦθεν·
1198 3259 1262 3312 σὺ
1312 3258 1423 3330 γὰρ
1456 3259 1514 3311 ἐν
1562 3257 1721 3329 ἐμοὶ,
1758 3256 1910 3325 κάγὼ

2018 3257 2270 3313 servilem
2297 3266 2445 3311 tuam
2473 3256 2712 3327 speciem
2738 3257 2981 3327 sumpsi;
3008 3265 3232 3328 propter
3256 3265 3328 3322 te,
3362 3258 3454 3329 qui
3481 3274 3606 3314 sum

329 3356 390 3407 ἐν
417 3354 501 3406 σοὶ
524 3393 539 3416 ,
560 3355 616 3406 ἓν
645 3354 744 3407 καὶ
781 3350 1084 3422 ἀδιαίρετον
1116 3350 1433 3423 ὑπάρχομεν
1464 3348 1755 3421 πρόσωπον
1780 3365 1792 3378 ·
1824 3345 1913 3400 διὰ

340 3443 401 3496 σὲ
437 3444 466 3494 6
492 3442 613 3506 Θεός
650 3460 743 3495 σου
774 3441 975 3511 γέγονα
1019 3440 1133 3504 υἱός
1165 3457 1256 3493 σου
1280 3457 1292 3470 υ
1325 3438 1415 3492 διὰ
1445 3440 1506 3492 σὲ
1540 3442 1568 3493 6
1611 3439 1909 3510 Δεσπότης,

332 3535 524 3590 ἔλαϐον
558 3535 654 3606 τὴν
688 3535 789 3607 σὴν
847 3533 1062 3605 μορφὴν
1094 3532 1186 3586 τοῦ
1216 3531 1403 3586 δούλου
1430 3549 1443 3563 ο
1477 3531 1565 3586 διὰ
1601 3533 1658 3586 σὲ
1696 3534 1723 3585 6
1752 3532 1914 3604 ὑπερ-

322 3629 438 3683 άνω
465 3627 573 3681 τῶν
602 3625 847 3698 ούρανῶν
891 3621 1055 3698 ἦλθον
1109 3626 1202 3678 ἐπὶ
1225 3626 1325 3697 γῆς
1358 3627 1451 3680 καὶ
1481 3625 1736 3679 ὑποκάτω
1762 3625 1863 3696 γῆς
1896 3643 1910 3655 ⁸

318 3719 409 3773 διὰ
464 3718 525 3772 σὲ
560 3718 650 3773 τὸν
696 3718 982 3790 ἄνθρωπον
1021 3718 1221 3787 γέγονα
1251 3717 1385 3770 ώσεὶ
1430 3718 1716 3790 ἄνθρωπος
1755 3718 1916 3789 ἀϐοή-

316 3812 521 3882 θητος,
555 3812 616 3864 ἐν
656 3813 867 3883 νεκροῖς
900 3810 1183 3881 ἐλεύθερος
1203 3826 1216 3839 ⁸
1257 3810 1345 3864 διὰ
1378 3811 1438 3864 σε
1474 3810 1565 3864 τὸν
1592 3810 1701 3864 ἀπὸ
1732 3812 1911 3882 κήπου

316 3905 612 3973 ἐξελθόντα
651 3905 757 3959 ἀπὸ
803 3905 982 3977 κήπου
1040 3905 1314 3976 Ἰουδαίοις
1347 3903 1650 3977 παρεδόθην
1676 3946 1690 3970 ,
1721 3903 1815 3959 καὶ
1853 3905 1913 3958 ὲν

269 4004 487 4072 ,κήπῳ
555 3996 927 4069 ἐσταυρώθην.
996 3997 1101 4051 Ἴδε
1162 3998 1255 4050 τοῦ
1316 3996 1609 4070 προσώπου
1679 4014 1781 4068 μου
1846 3996 1915 4051 τὰ

315 4090 694 4163 ἐμπτύσματα
713 4132 728 4157 ,
764 4090 908 4162 ειπερ
930 4089 1018 4143 διὰ
1050 4090 1109 4144 σὲ
1135 4091 1532 4161 κατεδεξάμην,
1560 4090 1649 4144 ἵνα
1676 4107 1735 4143 σε
1771 4091 1911 4144 ἀπο-

321 4187 653 4256 καταστὴσω
700 4186 782 4247 εἰς
812 4184 871 4237 τὸ
901 4184 1124 4255 ἀρχαῖον
1156 4183 1479 4255 ἐμφύσημα.
1524 4182 1630 4236 Ἴδε
1668 4200 1771 4254 μου
1801 4183 1912 4238 τῶν

324 4276 593 4342 σιαγόνων
621 4272 690 4326 τὰ
715 4273 1056 4344 ῥαπίσματα,
1091 4272 1126 4326 ἃ
1149 4272 1554 4343 κατεδεξάμην,
1581 4272 1668 4325 ἵνα
1697 4289 1790 4324 σου
1812 4274 1911 4344 τὴν

315 4346 747 4435 διασέραφείσαν
803 4361 1015 4434 μορφὴν
1057 4360 1422 4436 ἐπανορθώσω
1463 4364 1541 4427 εἰς
1591 4363 1650 4415 τὺ
1681 4363 1798 4416 κατ’
1834 4363 1912 4415 εί-

318 4458 455 4512 κόνα
492 4472 614 4528 μου.
650 4455 758 4508 Ἴδε
786 4472 887 4527 μου
916 4454 1010 4507 τοῦ
1036 4453 1207 4508 νώτου
1238 4453 1337 4526 τὴν
1364 4453 1778 4526 φραγγέλλωσιν
1801 4495 1817 4521 ,
1845 4453 1911 4523 ἢν

317 4548 700 4620 κατεδεξάμην
724 4589 740 4614 ,
774 4547 861 4603 ἵνα
897 4548 1179 4619 σκορπίσω
1226 4549 1335 4601 τῶν
1382 4547 1669 4619 ἁμαρτιῶν
1721 4565 1816 4602 σου
1848 4547 1910 4601 τὸ

316 4643 545 4715 φορτίον
577 4642 638 4695 τὺ
693 4642 789 4694 ἐπὶ
836 4640 931 4694 τοῦ
976 4640 1146 4694 νώτου
1192 4640 1465 4711 κείμενον.
1520 4641 1626 4694 Ἴδε
1677 4659 1778 4712 μου
1812 4643 1911 4705 τὰς

317 4730 773 4805 προσηλωθείσας
820 4733 1007 4801 χεῖρας
1056 4731 1115 4782 ἐν
1160 4729 1238 4802 τῷ
1277 4729 1419 4800 ξύλῳ
1464 4730 1678 4796 καλῶς,
1726 4730 1814 4785 διὰ
1848 4732 1909 4783 σὲ

314 4823 410 4877 τὸν
448 4820 768 4875 ἐκτείναντα
800 4819 898 4891 τὴν
946 4821 1104 4891 χεῖρα
1148 4820 1205 4871 ἐν
1242 4818 1318 4889 τῷ
1367 4817 1508 4890 ξύλῳ
1540 4818 1747 4883 κακῶς.
1804 4820 1909 4873 Ἴδε

317 4932 425 4986 μου
458 4913 590 4976 τοὺς
626 4910 1109 4984 προσηλωθέντας,
1157 4910 1252 4964 καὶ
1288 4911 1617 4981 όρυχθὲντας
1644 4912 1721 4981 τῷ
1765 4911 1909 4982 ξύλῳ

313 5006 516 5069 πόδας,
553 5002 644 5056 διὰ
672 5003 798 5066 τοὺς
840 5002 967 5064 σοὺς
1020 5000 1187 5065 πόδας
1232 5001 1359 5064 τοὺς
1392 5008 1573 5065 κακῶς
1600 5003 1909 5072 δραμόντας
1942 4999 1985 5053 D

2016 3364 2181 3419 supra
2210 3349 2401 3415 cmlos,
2435 3350 2557 3403 veni
2584 3349 2637 3402 in
2662 3356 2889 3414 terram,
2921 3356 2975 3403 et
2999 3349 3425 3423 Sttbtus_terram
3448 3371 3463 3419 ;
3487 3366 3608 3422 pro-

2014 3451 2135 3511 pter
2171 3448 2222 3496 te
2263 3441 2540 3496 hominem
2592 3440 2771 3496 factus
2820 3456 2939 3495 sum
2985 3449 3247 3515 tanquam
3289 3443 3452 3497 bona:
3484 3444 3608 3500 sine

2016 3534 2313 3605 adiutorio,
2351 3533 2493 3588 inter
2540 3541 2788 3589 mortuos
2833 3533 3012 3600 liber;
3057 3541 3279 3605 propter
3309 3543 3383 3602 te,
3417 3535 3510 3606 qui
3538 3552 3608 3592 ex

2016 3629 2179 3682 horto
2208 3642 2466 3698 egressus
2505 3642 2585 3694 es,
2629 3642 2698 3682 ex
2728 3626 2892 3681 horto
2932 3625 3141 3683 Iudaeis
3171 3614 3426 3692 traditus,
3467 3635 3522 3684 et
3549 3629 3608 3683 in

2016 3721 2177 3776 horto
2204 3720 2504 3777 cruciﬁxus
2526 3735 2670 3774 sum.
2705 3719 2906 3789 Aspice
2937 3718 3096 3774 faciei
3122 3735 3258 3774 meai
3280 3728 3459 3789 sputa,
3486 3735 3608 3791 qua:

2015 3814 2234 3883 quidem
2278 3823 2501 3883 propter
2535 3821 2587 3867 te
2613 3812 2855 3882 suscepi,
2887 3821 2946 3865 ut
2975 3818 3027 3867 te
3058 3812 3114 3865 in
3150 3812 3444 3883 pristinum
3471 3812 3606 3867 illud

2016 3904 2352 3973 spiraculum
2403 3904 2776 3959 restituerem.
2815 3904 3015 3976 Aspice
3053 3920 3299 3961 mearum
3353 3905 3609 3959 maxilla-

2014 4012 2136 4053 rum
2169 3996 2376 4065 alapas,
2409 4010 2548 4064 quas
2580 3995 2843 4060 sustinui,
2876 4005 2934 4048 ut
2964 4004 3113 4050 tuam
3138 4006 3457 4067 corruptam
3485 4012 3610 4066 spe-

2015 4087 2151 4141 ciem
2176 4085 2561 4151 reformarem,
2598 4085 2664 4139 ad
2701 4086 2996 4160 imaginem
3029 4102 3227 4141 meam.
3265 4089 3466 4157 Aspice
3497 4089 3605 4143 mei

2017 4177 2150 4247 tergi
2182 4175 2625 4248 flagellationem,
2662 4192 2828 4247 quam
2864 4179 3109 4248 suscepi,
3147 4185 3206 4233 ut
3228 4178 3604 4250 dispergerem

2015 4277 2368 4341 peccatorum
2407 4277 2627 4325 tuorum
2662 4285 2835 4336 onus,
2872 4270 3019 4342 quod
3060 4281 3212 4341 tergo
3244 4278 3337 4325 tuo
3374 4271 3605 4341 imposi-

2015 4370 2130 4417 tum
2158 4368 2261 4417 est.
2304 4361 2507 4431 Aspice
2539 4362 2714 4419 clavis
2739 4362 2877 4419 bene
2912 4363 2981 4417 ad
3021 4363 3228 4434 lignum
3260 4361 3449 4419 aliian
3485 4377 3606 4419 ma-

2012 4470 2121 4510 nus
2156 4469 2326 4520 meas,
2361 4463 2586 4526 propter
2618 4463 2690 4519 te,
2732 4455 2824 4526 qui
2862 4470 3083 4510 manum
3118 4456 3185 4510 ad
3216 4455 3424 4525 lignum
3461 4456 3606 4510 male

2015 4548 2294 4617 quondam
2321 4548 2668 4603 extenderas.
2704 4548 2904 4621 Aspice
2939 4549 3103 4618 pedes
3133 4563 3283 4604 meos
3311 4548 3523 4616 aiIixos,
3549 4558 3606 4604 et
3640 4588 3643 4591 -

2013 4640 2295 4711 perfossus
2324 4641 2382 4696 in
2414 4642 2563 4715 ligno
2590 4650 2813 4715 propter
2840 4651 2967 4697 tuos
3001 4641 3189 4713 pedes,
3222 4642 3314 4713 qui
3344 4642 3486 4713 male
3505 4656 3609 4697 cu—
3638 4636 3641 4641 ’

2014 4739 2303 4790 currerant
2332 4734 2400 4790 ad
2426 4736 2634 4807 lignum
2668 4734 3051 4791 inobedientize
3084 4743 3238 4791 sexta
3270 4735 3379 4799 die,
3407 4735 3462 4789 in
3493 4751 3603 4805 qua

2012 4832 2067 4880 et
2106 4826 2380 4881 sententia
2412 4827 2466 4880 in
2503 4835 2555 4881 te
2593 4826 2739 4881 dicta
2780 4826 2980 4891 fuerat,
3034 4835 3089 4880 et
3132 4825 3451 4881 reformatio
3483 4833 3600 4885 tua,

2012 4933 2077 4972 ac
2106 4918 2344 4988 paradisi
2375 4916 2673 4989 patefactio
2702 4933 2824 4973 meo
2856 4929 2939 4974 est
2973 4919 3159 4974 labore
3193 4918 3463 4990 perfecta.

318 5098 412 5153 ἐπὶ
464 5096 527 5150 τὸ
559 5095 717 5163 ξύλον
769 5093 869 5166 τῆς
912 5094 1199 5165 παρακοῆς
1244 5096 1311 5165 τῇ
1361 5094 1496 5167 ’ἐκτῃ
1528 5096 1738 5167 ἡμέρᾳ,
1871 5100 1903 5169 ἡ
1945 5099 2218 5171 ἀπόφασις
2271 5097 2529 5168 γέγονεν,
2589 5098 2681 5150 καὶ
2725 5097 2823 5169 τὴν
2866 5097 2963 5166 σὴν
3006 5096 3343 5162 ἀνάπλασιν,
3377 5098 3472 5184 καί
3498 5114 3612 5154 πα-

326 5190 570 5263 ραδείσου
604 5188 807 5255 ἄνοιξιν
840 5185 1160 5256 πεπόνημαι
1194 5186 1329 5256 (36).

406 5283 750 5354 Ἐγευσάμην
783 5280 873 5334 διὰ
908 5279 968 5333 σὲ
1020 5279 1219 5351 χολὴν,
1267 5280 1353 5334 ἵνα
1401 5280 1641 5352 ίάσωμαί
1690 5299 1771 5336 σοι
1804 5282 1903 5354 τὴν

323 5375 414 5430 διὰ
446 5375 695 5447 βρώσεως
741 5373 958 5442 ἐκείνης
1002 5374 1104 5443 τῆς
1136 5371 1397 5440 γλυκείας
1446 5373 1651 5445 πικράν
1687 5375 1900 5447 ἡδονήν.

334 5467 680 5540 Ἐγευσάμην
704 5465 889 5532 ὄξους,
928 5463 1017 5517 ἵνα
1050 5463 1387 5535 καταργήσω
1424 5464 1518 5517 τοῦ
1549 5464 1642 5518 σοῦ
1673 5466 1902 5520 θανάτου

311 5560 378 5616 τὸ
423 5560 629 5634 δριμὺ,
704 5557 801 5613 καὶ
857 5552 1010 5625 παρὰ
1062 5553 1224 5623 φύσιν
1263 5555 1541 5626 ποτήριον.
1606 5555 1903 5630 Ἐδεξάμην

383 5742 614 5855 gmw.
657 5741 955 5827 κειμένοις.

409 5814 501 5855 ίιίῖὶ
531 5829 617 5855 νη.
655 5808 725 5855 ἧς
756 5811 923 5855 παλαι
947 5829 955 5841 ·

385 5814 478 5887 (56

2085 5284 2312 5340 Gustavi
2333 5293 2555 5356 propter
2577 5292 2631 5341 te
2647 5283 2738 5352 fel,
2754 5290 2813 5338 ut
2833 5297 3086 5338 sanarem
3106 5290 3275 5349 tuam,
3298 5299 3394 5354 per
3411 5298 3597 5339 escam

2012 5378 2160 5432 illam
2180 5378 2422 5442 dulcem,
2448 5392 2689 5432 amaram
2712 5377 3070 5447 voluptatem.
3100 5376 3327 5432 Gustavi
3357 5385 3593 5441 acetum,

2012 5475 2072 5522 ut
2100 5468 2373 5539 abolerem
2393 5478 2499 5524 tute
2525 5469 2720 5525 mortis
2743 5471 3124 5535 acerbitatem,
3153 5478 3208 5524 et
3239 5481 3446 5524 natura:
3470 5482 3603 5523 con-

2014 5558 2245 5613 trarium
2296 5559 2575 5630 poculum.
2620 5558 2850 5645 Suscepi
2897 5561 3207 5635 spongiam,
3254 5569 3314 5615 ut
3358 5560 3597 5617 delerem

2015 5738 2220 5823 ἡμέρᾳ,
2257 5742 2349 5795 καὶ
2386 5742 2482 5815 τὴν
2532 5743 2632 5815 σὴν
2682 5742 2881 5800 πλάσιν
2930 5744 3028 5817 τὴν
3084 5747 3142 5801 ἐν
3184 5746 3262 5819 τῷ
3288 5746 3625 5823 παραδείσῳ
3694 5704 3697 5707 ν

480 5806 620 5884 np,
655 5808 725 5885 ἧς
751 5806 980 5881 audiant)
1016 5809 1274 5883 ἀθέτησις
1293 5807 1537 5876 γέγονενι
1572 5806 1631 5862 έν
1657 5809 1724 5879 τῇ
1753 5809 1888 5881 ἕκτη
1998 5806 2325 5883 πέπδίήμα“’
