3988 6432
424 356 531 416 tas
1564 420 1572 425 _
1642 342 1901 419 ‘nutna
1943 345 2085 403 AUT
2126 354 2207 409 se
2313 355 2401 410 lA.
3299 384 3305 389 -
3540 357 3629 411 tm

427 483 852 556 chirographum
905 480 982 537 tui
1039 480 1271 550 peccati.
1323 477 1555 549 Suscepi
1599 475 1897 542 calamum,
1949 480 2002 527 ut

2060 477 2084 533 ι
2112 468 2373 540 σπόγγον,
2398 467 2485 521 ῐνα
2502 465 2775 538 εξαλείψω
2804 465 2865 520 τὸ
2894 466 3252 539 χειρόγραφον
3277 482 3364 520 σου
3388 468 3478 538 τῆς
3497 472 3635 543 ἀμαρ-

427 578 833 635 subscriberem
876 575 1185 630 libertatem
1221 572 1410 645 generi
1446 572 1710 626 humano.
1765 565 2002 623 Dormivi

2108 561 2250 626 τίας.
2298 559 2596 631 Ἐδεξάμην
2621 560 2867 630 κάλαμον
2890 600 2904 625 ,
2931 559 3019 613 ἴνα
3051 557 3344 631 ὑπογράψω
3369 559 3638 634 ἐλευθερίαν

427 671 481 725 in
511 683 696 734 cruce,
733 674 788 723 et
822 666 1099 738 romphma
1129 665 1438 736 penetravit
1468 676 1648 718 meum
1680 661 1847 723 latus,
1878 672 2002 729 pro-

2108 652 2186 723 τῷ
2216 652 2365 721 γένει
2412 651 2526 704 τῶν
2563 648 2884 738 ἀνθρώπων.
2920 649 3188 703 ’Υπνωσα
3231 652 3287 703 ὲν
3331 648 3407 721 τῷ
3435 652 3640 723 σταυρῷ,

425 770 548 833 pter
575 768 651 825 te,
680 758 774 830 qui
807 758 863 813 in
895 737 1153 828 paradiso
1176 754 1522 817 obdormisti,
1556 759 1609 809 et
1640 751 1805 807 Evam
1837 765 1901 805 ex
1934 750 2000 802 la-

2109 740 2205 795 καὶ
2237 738 2484 812 ῥομφαίᾳ
2511 737 2744 810 ἐνύχθην
2777 739 2876 810 τὴν
2907 737 3148 810 πλευράν
3171 777 3185 801 ,
3230 737 3313 792 διὰ
3365 738 3420 792 σὲ
3469 740 3551 793 τὸν
3595 744 3643 796 ὲν

426 828 546 907 iere
576 828 877 922 protulisti.
905 847 1087 903 Meum
1116 848 1262 902 latus
1287 845 1508 902 sanavit
1530 843 1773 899 dolorem
1798 839 2001 895 lateris.

2112 832 2425 904 παραδείσῳ
2462 828 2788 885 ὑπνώσαντα
2813 869 2830 897 ,
2868 831 2963 884 καὶ
3005 831 3105 902 τὴν
3151 828 3289 884 Εθαν
3344 830 3403 883 ὲκ
3437 830 3645 903 πλευρᾶς

428 943 583 999 Meus
634 956 862 997 somnus
907 940 1103 994 educet
1152 947 1206 994 te
1259 954 1328 993 ex
1380 935 1580 991 inferni
1627 946 1842 989 somno.
1895 929 2003 985 Mea

2111 923 2492 992 ἐξενέγκαντα.
2539 921 2606 975 Ἡ
2653 922 2761 993 ἐμὴ
2789 920 2998 992 πλευρά
3034 920 3221 974 ίάσατο
3268 918 3327 973 τὸ
3371 919 3520 988 ἄλγος
3564 921 3647 992 τῆς

431 1035 706 1105 romphaea
741 1032 1075 1103 romphaeam
1122 1030 1386 1095 coercuit,
1428 1042 1548 1099 quae
1582 1034 1773 1082 contra
1811 1031 1864 1079 ιε
1890 1037 2006 1079 ver-

2112 1014 2351 1087 πλευρᾶς
2376 1028 2390 1043 ·
2423 1015 2453 1067 6
2502 1011 2636 1083 ἐμὸς
2684 1010 2851 1076 ὕπνος
2902 1010 3082 1095 ἐξάξει
3118 1027 3178 1064 σε
3223 1013 3287 1066 ἐκ
3335 1010 3423 1065 τοῦ
3456 1014 3509 1066 ὲν
3558 1011 3646 1084 ᾅδῃ

433 1101 670 1183 tcbatur.
719 1101 912 1195 Surge,
961 1138 1153 1177 eamus
1199 1122 1348 1175 hinc.
1398 1119 1600 1174 Eduxit
1646 1126 1700 1173 te
1732 1115 1908 1171 hostis
1946 1130 2008 1169 ex

2114 1106 2285 1161 ὕπνου
2314 1122 2327 1136 ·
2356 1107 2391 1176 ἡ
2425 1104 2531 1175 ἐμὴ
2560 1103 2804 1175 ῥομφαία
2833 1102 3026 1174 ἔστησε
3056 1103 3154 1174 τὴν
3181 1101 3316 1155 κατά
3336 1101 3426 1156 σοῦ
3456 1116 3651 1175 στρεφο-

432 1228 579 1272 terra
616 1214 887 1287 paradisi;
937 1229 1039 1285 ego
1082 1228 1209 1268 vero
1251 1221 1303 1267 te
1341 1226 1449 1265 non
1484 1208 1720 1281 amplius
1760 1207 1814 1262 in
1854 1220 2007 1277 para-

2118 1198 2286 1270 μένην
2327 1194 2623 1269 ῥομφαίαν.
2669 1192 2870 1249 Λοιπῆν
2901 1193 3117 1265 ἔγειρε,
3155 1193 3368 1265 ἄγωμεν
3416 1192 3648 1248 ἐντεῦθεν.

432 1309 578 1373 diso,
610 1283 704 1362 sed
736 1305 792 1361 in
834 1283 1043 1360 cmiesti
1086 1305 1283 1359 throno
1322 1302 1555 1357 colloco.
1600 1298 1861 1354 Prohibui
1902 1305 1953 1352 te
1984 1311 2007 1349 ε

2126 1287 2392 1361 Ἐξήγαγέ
2426 1303 2485 1340 σε
2533 1287 2563 1339 6
2616 1286 2813 1357 ἐχθρὸς
2858 1285 2966 1340 ἀπὸ
3004 1285 3117 1357 (57)
3172 1285 3273 1356 γῆς
3322 1283 3651 1357 παραδείσου·

432 1401 579 1469 ligno
617 1398 800 1469 typico
826 1397 990 1461 vitae;
1026 1411 1213 1452 verum
1258 1409 1390 1450 ecce
1435 1406 1558 1464 ego,
1597 1390 1690 1462 qui
1724 1390 1832 1444 vita
1869 1402 2007 1454 smn,

2114 1379 2467 1436 ἀποκαθιστῶ
2498 1396 2559 1432 σε
2587 1377 2772 1433 οὐκέτι
2817 1380 2874 1432 ὲν
2917 1377 3229 1449 παραδείσῳ
3255 1416 3269 1441 ,
3298 1376 3406 1430 ἀλλ’
3436 1378 3489 1430 ὲν
3518 1376 3656 1469 οὖρα]

432 1455 528 1547 tibi
564 1455 691 1544 sum
713 1455 1065 1558 coniunctus.
1111 1484 1390 1541 Constitui
1433 1455 1740 1546 cherubim,
1786 1481 1881 1550 qui
1931 1478 2007 1532 fa-

2115 1473 2213 1544 νίῳ
2263 1471 2459 1544 θρόνῳ.
2528 1468 2810 1524 Ἐκώλυσά
2864 1486 2921 1523 σε
2968 1468 3061 1522 τοῦ
3119 1468 3273 1534 ξύλου
3320 1467 3410 1522 τοῦ
3456 1455 3657 1522 τυπικοῧ

431 1581 562 1635 muli
594 1580 646 1634 in
670 1557 876 1635 morem
899 1577 1320 1653 custoditeque;
1360 1574 1503 1631 facio
1522 1581 1580 1629 ut
1605 1572 1888 1653 cherubim
1917 1562 2006 1641 pro

2113 1565 2215 1635 τῆς
2266 1564 2413 1634 ζωῆς
2436 1605 2452 1631 ,
2511 1562 2626 1617 ἀλλ’
2674 1563 2782 1616 ίδοὺ
2804 1562 2978 1625 αὐτὸς
3020 1558 3131 1630 ἐγὼ
3166 1559 3275 1631 (58)
3303 1557 3506 1632 ήνώθην
3534 1560 3658 1632 σοιή

429 1689 495 1728 eo
525 1688 589 1727 ac
620 1670 789 1725 Deum
830 1669 985 1725 decet
1021 1650 1253 1723 adorent
1286 1676 1358 1720 te.
1400 1650 1722 1721 Occultatus
1756 1680 1816 1721 es
1845 1678 1877 1718 a
1905 1661 2004 1719 Dec

2117 1655 2251 1725 ζωή.
2290 1651 2499 1717 Ἐταξα
2549 1652 2621 1706 τά
2669 1651 2937 1726 χερουὸὶμ
2970 1651 3354 1722 δουλοπρεπῶς
3406 1650 3659 1719 φυλάττειν

432 1773 494 1818 ιιι
522 1763 741 1830 nudus;
765 1777 958 1817 verum
983 1774 1110 1816 ecce
1129 1758 1421 1815 occuluisti
1450 1757 1505 1811 in
1524 1764 1575 1811 te
1593 1755 1762 1811 Deum
1784 1755 2007 1809 nudum.

2120 1756 2212 1793 σε’
2249 1738 2385 1792 ποιῶ
2411 1738 2479 1791 τά
2527 1738 2797 1810 χερουὸιμ
2849 1738 3167 1809 θεοπρεπῶς
3196 1738 3550 1810 προσκυνῆσαί
3590 1755 3656 1791 σε.

431 1852 660 1909 lndutus
684 1865 817 1911 eras
853 1848 1083 1919 pudoris
1116 1847 1399 1918 pelliceam
1435 1853 1680 1911 vestem;
1714 1859 1899 1899 verum
1929 1844 2006 1898 in-

2086 1833 2093 1882 ι
2119 1831 2390 1904 Ἐκρύὸης
2410 1830 2518 1885 ἀπὸ
2549 1830 2685 1885 Θεοῦ
2707 1831 2783 1895 ὡς
2814 1834 3020 1903 γυμνός
3038 1850 3053 1865 ο
3082 1832 3197 1885 ἀλλ’
3223 1833 3329 1888 ἰδοὺ
3362 1831 3584 1903 ἔκρυψας
3612 1832 3661 1884 ὲν

442 1953 603 2002 *ιιιιιε
628 1959 749 1999 sum
777 1957 879 2014 ego
908 1941 1053 1998 Deus
1076 1951 1182 1995 tua:
1202 1937 1386 1994 carnis
1410 1938 1766 2007 sanguineam
1786 1944 2017 1991 vestem.

2120 1925 2296 1997 ἑαυτῷ
2322 1925 2452 1979 Θεὸν
2480 1923 2593 2014 (59)
2622 1925 2851 2014 γυμνᾷν.
2882 1925 3173 1996 Ἐνεδύθης
3196 1926 3286 1979 τὸν
3314 1924 3410 1995 τῆς
3436 1923 3662 1995 αἰσχύνης

433 2038 707 2107 Quocirca
739 2034 971 2103 surgite,
1002 2046 1196 2087 eamus
1225 2028 1376 2095 hinc,
1403 2043 1432 2081 a
1466 2036 1639 2082 morte
1671 2025 1738 2081 ad
1768 2026 1956 2091 vitam,
1987 2040 2008 2078 a

2118 2014 2438 2086 δερμάτινον
2469 2013 2704 2083 χιτῶνα·
2738 2013 2855 2067 ἀλλ’
2904 2014 3161 2086 ὲνεδύθην
3187 2013 3320 2077 Θεὸς
3358 2012 3430 2065 ῶν
3461 2013 3545 2067 τὸν
3581 2012 3664 2082 τῆς

434 2106 793 2199 corruptione
825 2123 894 2177 ad
923 2120 1412 2184 immortalitatem,
1450 2132 1479 2171 a
1506 2116 1747 2172 tenebris
1771 2116 1839 2170 ad
1867 2123 2009 2169 aiter.

2121 2108 2218 2178 σῆς
2270 2107 2472 2180 σαρκὸς
2523 2107 2810 2178 αίμάτινον
2854 2107 2966 2180 (40)
3002 2107 3227 2180 χιτῶνα.
3270 2107 3360 2161 Διὸ
3401 2106 3662 2179 ἐγείρεσθε,

431 2234 557 2273 nam
584 2197 781 2271 lueem.
819 2212 1059 2282 Surgite,
1092 2224 1286 2265 eamus
1328 2209 1476 2273 hinc,
1510 2222 1540 2260 a
1570 2206 1760 2263 dolore
1794 2205 1860 2260 ad
1890 2202 2006 2259 laeti-

2118 2199 2342 2271 ἄγωμεν
2370 2199 2630 2254 ἐντεῦθεν
2656 2240 2671 2265 ,
2704 2200 2813 2255 άπὸ
2863 2199 2957 2253 τοῦ
3003 2201 3235 2255 θανάτου
3266 2202 3343 2264 είς
3387 2198 3481 2271 τὴν
3524 2197 3663 2268 ζωὴν,

431 2308 589 2370 tiam,
618 2322 681 2360 ex
721 2304 986 2360 servitute
1018 2303 1073 2354 in
1100 2300 1409 2354 libertatem
1438 2313 1537 2364 ,εχ
1567 2312 1786 2351 carcere
1821 2296 1877 2349 in
1909 2309 2006 2349 co:-

2118 2293 2227 2347 ἀπὸ
2253 2294 2351 2364 τῆς
2380 2293 2586 2367 φθορᾶς
2608 2295 2688 2357 είς
2716 2292 3059 2366 ἀφθαρσίαν,
3087 2293 3196 2348 ἀπὸ
3225 2293 3318 2347 τοῦ
3349 2292 3562 2354 σκότους
3601 2291 3666 2353 είς

431 2398 620 2452 lestem
646 2394 1108 2465 Hierosolymam,
1136 2407 1199 2446 cx
1240 2389 1477 2445 vinculis
1513 2389 1565 2442 in
1597 2389 1927 2449 libertatem,
1951 2401 2006 2440 ex

2118 2385 2178 2439 τὸ
2218 2384 2435 2440 αἰώνιον
2488 2385 2624 2455 φῶς.
2652 2386 2986 2457 Ἐγείρεσθε,
3021 2385 3244 2457 ἄγωμεν
3286 2383 3521 2438 ἐντεῦθεν
3544 2421 3557 2447 ,
3580 2382 3668 2435 ἀπὺ

432 2488 744 2556 captivitate
777 2485 842 2541 ad
885 2484 1125 2554 paradisi
1158 2481 1407 2544 delicias,
1449 2481 1504 2533 in
1549 2479 1750 2533 coelum
1779 2492 1810 2532 e
1850 2486 2007 2532 terra.

2119 2476 2218 2548 τῆς
2243 2477 2436 2548 ὀδύνης
2470 2479 2549 2541 εἰς
2591 2477 2931 2549 εὐφροσύνην
2956 2518 2971 2543 ,
3014 2478 3124 2531 ἀπὸ
3163 2477 3404 2539 δουλείας
3447 2476 3521 2538 είς
3552 2470 3667 2526 ὲλευ-

432 2576 560 2631 ldeo
592 2574 739 2630 enim
774 2581 1025 2627 mortuus
1071 2584 1217 2633 sum,
1252 2575 1307 2623 ει
1353 2566 1653 2632 resurrexi,
1689 2573 1750 2619 ut
1784 2572 1839 2619 et
1868 2566 2007 2620 vivo-

2120 2567 2332 2641 θερίαν,
2364 2569 2473 2622 ἀπὸ
2512 2569 2759 2638 φυλακῆς
2802 2569 2883 2632 εἰς
2907 2568 3005 2641 τὴν
3030 2569 3141 2623 ἀνω
3176 2565 3518 2642 Ἰερουσαλὴμ
3538 2603 3551 2627 ,
3582 2560 3669 2642 ἀπὸ

433 2682 555 2721 rum
587 2675 640 2721 et
667 2676 1013 2719 mortuorum
1036 2661 1374 2717 dominatum
1398 2673 1665 2729 gererem.
1691 2656 1873 2723 Quare
1901 2672 2008 2712 sur-

2118 2658 2228 2713 τῶν
2252 2660 2470 2729 δεσμῶν
2513 2660 2608 2713 ἐπὶ
2639 2658 2737 2730 τὴν
2758 2658 2961 2722 ἀνεσιν,
2990 2661 3097 2713 ἀπὸ
3116 2659 3219 2730 τῆς
3238 2641 3465 2729 κατοχῆς
3490 2654 3572 2707 ἐπὶ
3590 2641 3668 2724 τὴν

433 2759 566 2829 gite,
601 2770 791 2811 eamus
832 2753 980 2807 hinc.
1018 2750 1177 2805 Pater
1207 2750 1353 2804 enim
1391 2763 1548 2803 meus
1581 2746 1826 2801 caelestis
1861 2761 2008 2800 ovem

2117 2750 2213 2805 τοῦ
2253 2750 2580 2823 παραδείσου
2612 2750 2852 2823 τρυφὴν,
2887 2751 2998 2805 ἀπὸ
3048 2750 3148 2822 τῆς
3178 2752 3282 2823 γῆς
3320 2752 3399 2813 είς
3436 2747 3519 2801 τὸν
3544 2746 3669 2815 obpa-

433 2863 557 2920 quae
587 2846 747 2918 periit
784 2850 1088 2915 exspectat.
1129 2840 1438 2912 Nonaginta
1475 2853 1668 2894 novem
1700 2837 2008 2908 angelorum

2119 2842 2227 2897 νόν.
2266 2842 2392 2896 Ἐπὶ
2420 2842 2583 2897 τοῦτο
2620 2844 2729 2919 γὰρ
2758 2842 3050 2909 ἀπέθανον,
3079 2844 3175 2896 καὶ
3198 2843 3424 2913 ἀνέστην
3451 2838 3570 2911 (41),
3600 2836 3667 2889 ἵνα

435 2954 566 2995 oves
598 2952 927 2993 conservum
964 2934 1296 3006 operiuntur
1322 2928 1551 2986 Adam:
1590 2927 1810 3001 quando
1838 2944 2010 2983 resur-

2121 2931 2215 2985 καὶ
2248 2932 2455 3003 νεκρῶν
2502 2932 2600 2987 καὶ
2635 2932 2853 2997 ζώντων
2888 2933 3184 3005 κυριεύσω.
3225 2930 3541 3005 Ἐγείρεσθε,
3561 2927 3677 2995 ἄγω-

435 3043 557 3105 get;
590 3031 808 3103 quando
834 3030 1114 3093 ascendet,
1144 3035 1198 3082 et
1227 3024 1294 3081 ad
1325 3024 1492 3079 Deum
1524 3030 1848 3079 revertetur.
1884 3021 2010 3076 (llic-

2125 3040 2224 3094 μεν
2249 3024 2525 3080 ὲντεῦθεν·
2555 3025 2584 3078 6
2604 3025 2711 3098 γὰρ
2737 3025 2928 3097 Πατήρ
2957 3042 3058 3097 μου
3073 3026 3364 3099 δοὺράνιος
3415 3023 3473 3077 τὸ
3500 3019 3665 3075 ἀπολω-

434 3124 661 3179 rubicus
711 3123 944 3177 thronus
987 3126 1283 3190 apparatus
1330 3124 1438 3184 est,
1492 3114 1662 3185 geruli
1700 3112 1937 3183 prompti
1968 3119 2009 3167 et

2124 3116 2213 3181 λὸς
2241 3116 2517 3187 ἐκδέχεται
2562 3119 2857 3191 πρόϐατον.
2902 3117 2984 3172 Τὰ
3021 3118 3378 3191 ἐννενήκοντα
3414 3114 3554 3169 ἐννέα
3583 3107 3696 3162 τῶν¹

422 3214 631 3287 parati,
667 3214 941 3268 thalamus
972 3219 1325 3266 constructus
1353 3217 1457 3275 est,
1483 3207 1662 3278 parati
1695 3206 1825 3272 cibi,
1861 3213 1997 3259 teter

2085 3205 2092 3227 '
2128 3209 2373 3278 ἀγγέλων
2405 3209 2653 3281 πρόϐατα
2713 3212 2803 3266 τὸν
2830 3210 3116 3283 σύνδουλον
3142 3209 3498 3282 ἀναμένουσιν
3510 3201 3660 3269 ’Δδὰμν

406 3323 505 3364 'na
556 3305 911 3362 tabernacula
962 3316 1017 3359 et
1060 3303 1379 3358 mansiones
1431 3301 1734 3363 adornatae,
1777 3298 1981 3353 thesaut

2130 3298 2259 3351 πότε
2291 3298 2530 3371 ἀναστῇ,
2563 3302 2657 3355 καὶ
2703 3302 2834 3355 πότε
2867 3300 3066 3373 ἀνέλθῃ
3111 3302 3207 3355 καὶ
3234 3300 3370 3374 πρὸς
3401 3298 3523 3352 Θεὸν
3541 3295 3663 3347 ἐπαν-

434 3400 705 3455 bonorum
758 3395 931 3466 aperti
986 3402 1133 3458 sunt,
1191 3406 1533 3463 regnumque
1583 3390 1851 3445 caelorum
1896 3396 2009 3444 ante

2129 3389 2284 3463 έλθῃ.
2309 3391 2641 3462 Χερουδικδς
2693 3392 2882 3465 θρόνος
2911 3393 3314 3465 ηὐτρέπισταιο
3350 3393 3398 3445 oi
3426 3385 3668 3458 ἀναφέρον-

436 3489 637 3544 saecula
666 3495 916 3557 paratum
951 3492 1056 3540 est.
1099 3482 1232 3550 Quae
1266 3485 1463 3539 oculus
1496 3498 1607 3537 non
1636 3481 1797 3546 vidit,
1832 3490 1887 3535 et
1926 3496 2011 3535 au-

2128 3498 2219 3545 τες
2244 3482 2385 3548 ὀξεῖς
2413 3500 2471 3537 τε
2503 3484 2599 3537 καὶ
2631 3485 2870 3558 ἕτοιμοι·
2905 3488 2935 3539 6
2956 3484 3185 3558 νυμφὼν
3225 3482 3669 3559 παρεσκεύασται·

436 3579 516 3634 ris
552 3594 662 3633 non
696 3577 928 3637 audivit,
981 3582 1035 3629 et
1076 3575 1133 3628 in
1182 3588 1279 3627 cor
1325 3573 1563 3629 hominis
1602 3587 1711 3625 non
1749 3570 2011 3640 ascendit,

2129 3573 2401 3645 ἐδέσματα
2438 3574 2662 3648 ἕτοιμα·
2700 3579 2758 3632 αἱ
2792 3576 3001 3633 αίώνιοι
3033 3581 3235 3651 σκηναὶ
3266 3578 3361 3633 καὶ
3392 3575 3540 3648 μοναὶ
3563 3569 3672 3621 ἑτοι-

438 3685 559 3739 qute
587 3670 729 3724 bona
757 3665 1033 3721 hominem
1066 3665 1451 3734 exspectant‘.

2133 3682 2224 3737 μοι
2245 3681 2261 3697 ⁸
2300 3667 2349 3719 οἱ
2388 3665 2653 3741 θησαυροὶ
2678 3669 2805 3724 ⁴τῶν
2857 3669 3077 3739 ἀγαθῶν
3120 3670 3468 3744 ἀνεῴχθησαν
3491 3705 3505 3731 ,
3533 3663 3565 3734 ἡ
3591 3655 3671 3711 τῶν

438 3759 682 3833 οὐρανῶν
714 3756 958 3829 βασιλεία
994 3756 1099 3829 πρὸ
1125 3756 1337 3810 αἰώνων
1368 3756 1698 3826 ἡτοίμασται
1718 3771 1731 3784 ’
1764 3753 1801 3808 ἀ
1836 3753 2115 3826 ὀφθαλμὸς
2146 3759 2247 3812 οὐκ
2272 3753 2415 3812 οἶδεν
2436 3803 2451 3827 ,
2479 3761 2573 3813 καὶ
2632 3757 2723 3824 οὖς
2789 3762 2892 3816 οὐκ
2920 3763 3121 3833 ἤκουσε
3144 3803 3162 3829 ,
3204 3764 3302 3818 καὶ
3337 3760 3430 3814 ἐπὶ
3486 3752 3677 3826 καρδίαν

437 3846 725 3922 ἀνθρώπου
758 3846 859 3901 οὐκ
884 3845 1051 3917 ἀνέϐη
1073 3886 1086 3909 ,
1138 3844 1174 3899 ἀ
1212 3845 1393 3914 ἀγαθά
1440 3844 1531 3898 τὸν
1566 3842 1855 3915 ἄνθρωπον
1882 3846 2259 3917 περιμένουσι.

508 3961 636 4017 Ilaec
669 3969 721 4017 et
747 3959 834 4016 his
870 3959 1071 4014 similia
1106 3957 1371 4013 Dominus
1404 3971 1529 4011 cum
1559 3956 1899 4027 loqueretur,
1927 3972 2019 4013 re-

2201 3962 2389 4016 Ταῢτα
2430 3964 2522 4018 καὶ
2561 3965 2630 4019 τὰ
2684 3966 2907 4021 τοιαῦτα
2963 3968 3057 4023 τοῦ
3114 3969 3386 4024 Δεσπότου
3432 3956 3676 4034 ’λέγοντοςι

440 4052 615 4124 surgit
640 4066 765 4106 cum
795 4065 880 4114 eo,
918 4049 1009 4119 qui
1046 4048 1098 4103 in
1131 4049 1251 4118 ipso
1293 4047 1626 4118 conjunctus
1655 4055 1775 4103 erat
1801 4046 1974 4102 Adam
2002 4064 2015 4115 ;

2129 4050 2440 4107 ἀνίστανται
2500 4056 2595 4109 σὺν
2649 4057 2799 4128 αὐτῷ
2863 4056 2974 4130 (42)
3025 4060 3054 4112 6
3124 4062 3182 4113 ὲν
3240 4057 3389 4128 αὐτῷ
3444 4050 3681 4127 ἡνωμένος

440 4146 681 4203 surrexit
726 4159 837 4200 una
886 4152 941 4199 et
977 4142 1107 4209 Eva,
1141 4150 1196 4197 ct
1243 4141 1349 4195 alia
1401 4142 1572 4196 multa
1613 4156 1870 4211 corpora,
1901 4154 2015 4212 quae

2143 4143 2343 4215 Ἀδὰμ,
2403 4145 2498 4199 καὶ
2560 4149 2944 4203 συνανίσταται
3008 4150 3101 4204 καὶ
3166 4155 3200 4223 ἡ
3252 4150 3366 4204 Εὕα
3395 4165 3410 4181 ⁸
3443 4147 3531 4203 καὶ
3570 4139 3679 4198 ἄλλα

440 4253 564 4295 cum
601 4238 702 4294 [ide
731 4252 761 4291 a
788 4228 987 4291 saeculo
1016 4234 1385 4299 dormiebant,
1413 4241 1856 4301 resurrexerunt,
1879 4247 2015 4304 prae-

2130 4235 2299 4289 πολλά
2326 4237 2553 4309 σώματα
2591 4239 2769 4294 πίστει
2805 4242 2900 4296 ἀπ’
2942 4242 3135 4308 αἰῶνος
3167 4241 3539 4314 κεκοιμημὲνα
3596 4229 3686 4306 (εὖ)

440 4329 679 4386 dicantia
698 4328 912 4383 Domini
934 4336 1057 4399 post
1073 4326 1319 4380 triduum
1337 4325 1821 4381 resurrectionem.
1847 4324 2015 4391 Quam

2131 4330 2438 4404 ἀνέστησαν
2505 4334 2845 4407 κηρύττοντά
2918 4336 3012 4391 τοῦ
3076 4339 3351 4392 Δεσπότου
3422 4331 3682 4405 τριήμερον

410 4410 716 4485 ‘alacriter,
757 4434 789 4474 o
821 4419 1037 4473 ﬁdeles!
1072 4417 1456 4487 suscipiamus,
1487 4416 1773 4472 videamus
1831 4423 1885 4471 et
1919 4431 1985 4470 an

442 4510 751 4531 __‘-A.‘-_._-_.
812 4524 926 4531 ---_.-
968 4509 1173 4531 -__.-I2..
1210 4509 1404 4531 ..Ιιλ-Α-
1450 4506 1708 4531 ιι-.ι.-..ι-ι.
1767 4521 1886 4531 Α.-..ιι
1938 4506 1985 4531 :—

2133 4425 2429 4482 άνάστασιν
2455 4427 2590 4500 (Id),
2623 4429 2690 4501 ἣν
2717 4430 2977 4503 φαιδρῶς,
3007 4433 3053 4485 oi
3078 4432 3282 4498 πιστοὶ,
3312 4419 3682 4494 ὑποδεξώμεθαι

442 4510 774 4583 plectamur,
807 4524 931 4563 cum
967 4509 1177 4579 angelis
1206 4509 1408 4563 choros
1447 4506 1733 4574 ducentes,
1763 4521 1888 4562 cum
1938 4506 2017 4561 in-

2132 4520 2228 4575 καὶ
2274 4519 2555 4591 ὀψὼμεθα,
2613 4524 2708 4577 καὶ
2768 4525 3233 4598 περιπτυξώμεθα
3279 4523 3419 4596 μετά
3467 4514 3680 4591 ἀγγέλων

442 4602 730 4672 corporeis
766 4600 1053 4671 spiritibus
1105 4597 1306 4654 festum
1354 4598 1718 4663 celebrantes,
1754 4597 2017 4668 simulque

2131 4609 2467 4683 χορεύοντες.
2517 4615 2658 4686 μετά
2685 4615 2793 4669 τῶν
2820 4597 3129 4690 ἀσωμάτων
3175 4617 3541 4689 ἑορτάζοντες,
3572 4597 3674 4695 6μοῦ

443 4693 618 4765 gloria
650 4690 945 4746 allicientes
976 4688 1407 4758 Citristum,,qui
1447 4703 1549 4743 nos
1579 4704 1646 4743 ex
1676 4689 2018 4759 corruptione

2134 4704 2229 4757 καὶ
2260 4703 2672 4771 συνδοξάζοντες
2702 4707 2793 4763 τὸν
2826 4688 2971 4779 ὑμᾶς
3009 4713 3075 4766 ὲκ
3105 4711 3204 4777 τῆς
3238 4688 3453 4779 φθορᾶς
3482 4692 3677 4773 Χριστδν

392 4816 401 4823 ι
442 4776 725 4854 excitavit,
775 4792 830 4840 ει
880 4782 1005 4837 vitm
1053 4790 1269 4843 aeterna:
1314 4780 1571 4836 restituit.
1600 4778 1700 4834 Cui
1758 4779 1929 4851 gloria

2132 4794 2534 4866 ἀναστήσαντα,
2700 4770 3115 4871 ζωοποιήσαντα
3354 4770 3502 4864 δόξα,
3532 4770 3615 4846 irai
3633 4781 3681 4875 ait

445 4871 732 4953 imperium
781 4892 905 4933 cum
956 4875 1119 4932 Patre
1171 4873 1499 4946 principium
1549 4887 1660 4926 non
1691 4871 1948 4940 habente,
1977 4882 2020 4928 cl

2134 4885 2338 4957 κράτος
2393 4887 2490 4941 σὺν
2522 4888 2614 4960 ’τῷ
2667 4890 2891 4964 ἀνάρχῳ
2926 4892 3038 4965 (45)
3070 4890 3232 4948 αὑτοῦ
3271 4890 3467 4961 Πατρὶ,
3513 4882 3595 4937 καὶ
3622 4872 3684 4943 τῷ

445 4971 819 5033 sanctissimo,
850 4978 1012 5040 atque
1043 4967 1270 5038 optimo,
1302 4974 1356 5020 et
1384 4963 1693 5019 viviﬁcante
1721 4978 1825 5019 suo
1858 4962 2020 5035 Spiri-

2134 4978 2387 5049 παναγίῳ
2445 4981 2538 5034 καὶ
2606 4982 2797 5053 ἀγαθῷ
2838 4962 2963 5039 οιαὶ
3019 4962 3273 5054 ζωοποιῷ
3330 4977 3493 5036 αὐτοῦ
3543 4964 3685 5028 11νεύ-

447 5074 503 5131 ιιι
558 5080 572 5114 :
623 5078 774 5118 nunc
816 5069 867 5118 et
908 5076 1123 5132 semper
1151 5099 1167 5126 ,
1215 5068 1269 5114 et
1322 5059 1378 5113 in
1430 5056 1629 5112 saecula
1677 5056 2022 5112 saeculorum.

2137 5088 2263 5141 ματι
2282 5088 2294 5099 ·
2332 5071 2428 5125 νῦν
2459 5073 2552 5126 καὶ
2585 5075 2671 5128 ἀεὶ
2727 5076 2824 5129 καὶ
2859 5077 2938 5139 είς
2964 5076 3090 5141 τοὺς
3120 5075 3325 5139 αἰῶνας
3349 5071 3455 5127 τῶν
3484 5064 3683 5124 αἰώνων·

444 5154 642 5210 Amen.

2148 5162 2338 5231 ‘Apnﬁv.

517 5265 533 5295 ¹
578 5261 600 5315 l
622 5261 750 5317 Cor.
781 5277 843 5326 ιι,
864 5262 919 5316 9.

541 5371 633 5459 ΞΖ)
662 5390 755 5459 re
790 5372 1057 5459 same
1083 5388 1141 5423 σε
1173 5370 1300 5425 ἀπὸ·
2206 5381 2318 5459 (ίὲ)
2345 5382 2438 5450 τρο
2474 5384 2676 5459 πάγτες
2698 5389 2749 5441 οι
2779 5386 2842 5459 t2
2866 5386 2945 5457 τῷ
2977 5386 3100 5459 ᾄδῃ·

540 5444 633 5584 ἓξ)
665 5457 757 5580 ζὲῖ
784 5440 1115 5584 Ξξέἓῗέῗιὶῗς·
2136 5439 2321 5584 attigi
2353 5439 2450 5521 ἰίρο
2501 5439 2744 5524 σώμαιεα-
2775 5439 2886 5510 τῶν
2914 5439 3259 5520 satis...
3298 5439 3681 5522 ³,εκοιμημιεων

746 5552 757 5563 ⁸
2136 5536 2321 5587 “Tm”.

977 5647 991 5662 .
1103 5619 1117 5662 :
1182 5646 1228 5662 ,η
1471 5649 1483 5662 .
1558 5649 1640 5662 ..
1871 5659 1880 5662 -
2207 5590 2317 5662 (44)
2352 5610 2443 5661 no-
2473 5592 2714 5662 ἔγερσιν-

445 5733 476 5785 ρ
492 5646 759 5788 “(331.713.
798 5646 1034 5719 Χριστὸς
1091 5646 1354 5711 ἀπέθανε,
1401 5649 1493 5701 καὶ
1547 5649 1789 5721 ἀνέστη,
1834 5659 1887 5707 ει
1940 5670 2033 5708 κυ-
2209 5646 2319 5730 (45)
2462 5646 2735 5739 ἀθανάτω.
