3988 6410
354 416 462 472 865
1155 423 1443 482 HOMILIA
1468 426 1535 483 lli
1571 426 1634 485 IN
1700 427 1811 486 DIE
1851 428 2460 501 RESURRECTIQNlS
2492 430 2781 488 CHRISTI.

1124 544 1201 599 I".
1982 557 2029 614 Α
2809 553 2891 610 Ill.

370 644 587 738 Τιὲἒῒ
615 649 825 738 Eii“?
854 655 1085 738 Πρῖρὸς
1119 657 1291 738 ἡμῶν
1340 659 1686 738 Emme};
1705 661 1957 738 ἐπισκόξ

2069 664 2247 721 Sancti
2277 663 2561 738 Epiphgnii
2611 666 2841 738 epis-capi
2896 665 3057 738 Cypri
3084 674 3257 738 ογαιὶο
3298 675 3353 728 in
3391 684 3634 729 sanctam

3529 437 3631 494 £66

439 732 559 800 που
604 722 853 789 Κύπρου
880 722 1061 794 ,λόγος
1088 722 1173 794 είξ
1204 729 1321 798 τὴν
1346 722 1528 800 ἁγίαν
1555 731 1663 785 τοῦ
1698 731 1957 800 Χριστοῦ

440 785 681 842 ἀνάστα
689 785 817 845 σὶν.

892 898 1085 971 Κύριε,
1119 902 1435 975 εὐλόγησαν.

456 982 515 1038 '0
539 984 639 1056 τῆς
661 943 1011 1061 δικαιοσύνηέ
1033 943 1328 1067 τριήμερος
1361 997 1552 1062 ’Ἤλιος
1590 998 1829 1056 ἀνέτειλε
1861 943 1993 1070 σή“.

375 1090 565 1146 μερον,
592 1078 687 1131 καὶ
719 1082 897 1136 πᾶσαν
928 1083 1026 1154 τὴν
1054 1086 1232 1142 κτίσιν
1273 1087 1539 1157 ἐφώτισεν
1559 1107 1572 1120 ·
1605 1092 1634 1143 6
1659 1092 1959 1163 τριήμερος

374 1166 469 1218 καὶ
522 1169 843 1239 προαιώνιος
886 1174 1122 1245 Χριστὸς
1160 1179 1188 1230 6
1227 1177 1423 1251 βότρυς
1487 1179 1819 1251 ἐϐλάστησε,
1864 1181 1958 1234 καὶ

373 1257 475 1328 τὴν
504 1261 829 1335 οἰκουμένην
875 1266 1214 1340 εὐφροσύνης
1245 1271 1554 1343 ἐπλήρωσε.
1593 1260 1697 1327 Τδν
1725 1273 1959 1328 ἀνέσπε-

374 1365 471 1420 ρον
499 1350 692 1422 ὄρθρον
741 1353 957 1427 ἴδωμεν,
997 1358 1104 1426 πρὸ
1137 1359 1335 1431 ὄρθρου
1367 1363 1667 1437 ἐγείρωμεν
1697 1367 1955 1437 σήμερον,

371 1439 469 1492 καὶ
501 1441 674 1509 φωτὸς
697 1445 871 1513 χαρᾶς
895 1445 1296 1519 ἐπληρώθημεν
1333 1452 1468 1523 (l6).
1494 1453 1667 1507 Πύλαι
1695 1453 1822 1525 ᾅδου
1853 1454 1958 1508 ὑπὸ

372 1529 612 1598 Χριστοῦ
662 1533 1010 1606 ἠνοίχθησαν,
1051 1539 1144 1592 καὶ
1195 1542 1383 1613 νεκροὶ
1419 1542 1495 1607 ὡς
1539 1543 1599 1609 ἐξ
1639 1544 1805 1598 ὕπνου
1860 1547 1957 1600 ἀν-

372 1620 629 1693 έστησαν.
684 1625 904 1698 Ἀνέστη
935 1630 1169 1701 Χριστὸς
1205 1634 1239 1704 ή
1272 1634 1379 1688 τῶν
1413 1636 1689 1691 πεσόντων
1720 1638 1957 1693 ἀνάστα-

372 1727 485 1777 σις,
532 1714 626 1766 καὶ
674 1717 765 1770 τὸν
826 1719 994 1791 Ἀδὰμ
1038 1722 1394 1798 συνήγειρενο
1432 1727 1630 1798 ἀνέστη
1664 1728 1897 1800 Χριστὸς
1923 1730 1957 1800 ή

370 1806 593 1860 πάντων
654 1808 968 1876 ἀνάστασις,
1030 1814 1124 1866 καὶ
1176 1816 1276 1887 τήν
1333 1817 1478 1872 Εὕαν
1553 1821 1656 1890 τῆς
1704 1822 1952 1893 κατάρας

373 1900 712 1972 ἀπήλλαξεν·
759 1903 956 1978 ἀνέστη
989 1907 1223 1979 Χριστὸς
1267 1912 1299 1981 ἡ
1349 1913 1669 1977 ἀνάστασις,
1720 1915 1817 1971 καὶ
1865 1914 1956 1968 τὸν

372 1993 506 2065 πρὶν
528 1993 788 2065 ἄκοσμον,
814 1998 906 2051 καὶ
920 1998 989 2052 τά
1009 1998 1147 2071 (46')
1183 2004 1468 2074 κοσμήσας
1490 2006 1806 2077 ἐφαίδρυνεν
1827 2022 1841 2037 ’
1865 2006 1954 2071 ἐξ·-

372 2081 581 2154 ηγέρθη
616 2083 691 2147 ὡς
720 2086 749 2137 ὁ
781 2085 964 2141 ὑπνῶν
1001 2089 1226 2160 Κύριος,
1262 2093 1503 2157 καὶτοὺς
1536 2094 1761 2167 ἐχθροὺς
1792 2094 1956 2150 αὐτοῦ

372 2174 585 2239 πάντας
635 2178 877 2243 πατάξας
922 2182 1285 2253 κατῄσχυνεν.
1344 2185 1591 2258 Ἀνέστη,
1647 2189 1743 2241 καὶ
1780 2186 1958 2258 χαρὰν

372 2267 526 2339 πάσῃ
558 2272 623 2341 τῇ
664 2270 837 2325 κτίσει
866 2272 1203 2345 ἐδωρήσατο·
1237 2277 1460 2349 ἀνέστη,
1486 2281 1581 2333 καὶ
1618 2280 1677 2332 τὸ
1702 2279 1796 2333 τοῦ
1829 2280 1956 2351 ᾅδου

371 2360 748 2433 δεσμωτήριον
776 2364 1017 2437 ἐκενώθη
1038 2383 1051 2397 ·
1088 2368 1308 2439 ἀνέστη,
1355 2371 1449 2424 καὶ
1473 2371 1572 2443 τὴν
1606 2371 1813 2444 φθορὰν
1860 2372 1960 2443 τῆς

373 2453 593 2523 φύσεως
622 2457 703 2519 είς
729 2456 1038 2529 ἀφθαρσίαν
1068 2462 1381 2532 μετήγαγεν
1405 2480 1418 2493 ·
1461 2463 1660 2534 ἀνέστη
1701 2462 1957 2534 Χριστὸς,

372 2546 469 2599 καὶ
498 2546 588 2599 τὸν
629 2546 798 2618 Ἀδὰμ
816 2550 897 2612 είς
932 2549 994 2602 τὸ
1034 2554 1261 2622 ἀρχαῖον
1282 2553 1499 2624 ἀξίωμα
1524 2554 1626 2624 τῆς
1658 2554 1959 2618 ἀθανασίας

372 2636 728 2708 κατέστησεν.
756 2638 915 2703 Ἢτις
936 2642 992 2695 ἐν
1020 2642 1065 2694 Χ
1075 2641 1243 2713 ριστῷ
1266 2644 1422 2714 καινὴ
1442 2643 1618 2707 κτίσις
1639 2646 1704 2715 τῇ
1728 2643 1963 2697 ἀναστά-

377 2743 458 2780 σει
505 2727 944 2800 ἀνακαινίζηται·
1029 2732 1153 2803 ’ήτις
1243 2736 1299 2786 ἐν
1348 2734 1571 2805 Χριστῷ
1624 2733 1808 2798 καινὸς
1860 2733 1956 2787 κό-

2425 732 2649 791 ΟΙιτίδιῖ
2670 732 3106 793 resurrectionem
3130 732 3289 811 (45‘).

2490 910 2749 977 Benedlc,
2786 911 3036 968 Domine.

2133 999 2697 1070 Triduauusjustitiae
2736 999 2829 1057 Sol
2866 1000 3134 1056 hodierna
3162 1000 3252 1058 die
3294 1002 3634 1067 resurrexit,

2058 1100 2384 1161 creatasque
2435 1107 2526 1148 res
2572 1108 2764 1149 omnes
2811 1107 2912 1147 sua
2942 1072 3073 1148 ‘luce
3114 1094 3478 1149 collustravit.
3514 1092 3638 1147 Tri-
3696 1076 3705 1089 k

2059 1176 2299 1249 duauits,
2332 1181 2580 1251 inquam,
2618 1182 2731 1246 ille,
2762 1189 2926 1252 atque
2960 1182 3217 1237 omnibus
3248 1182 3399 1252 prior
3422 1182 3639 1239 saeculi:

2059 1272 2344 1340 Christus;
2393 1272 2497 1339 sic,
2541 1281 2804 1342 tanquam
2839 1273 3053 1336 botrus,
3084 1273 3428 1343 germinavit,
3462 1287 3528 1327 ac
3557 1282 3636 1328 too
3720 1266 3725 1271 ’

2060 1374 2175 1420 ιυιη
2210 1373 2480 1421 terrarum
2525 1365 2711 1421 orbem
2766 1365 2955 1420 laetitia
2986 1364 3298 1435 complevit.
3335 1363 3470 1434 Age,
3497 1364 3640 1420 dilu-

2059 1459 2266 1525 culum,
2294 1457 2442 1528 quod
2493 1472 2778 1527 vesperam
2831 1458 3066 1529 ignorat,
3109 1459 3422 1511 intueamur
3461 1475 3473 1510 :
3515 1463 3642 1512 ante

2059 1549 2360 1605 diluculum
2394 1546 2686 1619 surgamus
2721 1548 2916 1615 hodie,
2950 1556 3003 1603 et
3029 1548 3466 1603 hilaritatisluee
3491 1562 3642 1602 com-

2058 1640 2329 1711 pleamur.
2359 1638 2667 1693 lnferorum
2688 1643 2735 1692 ‘a
2761 1638 2982 1693 Christo
3013 1638 3297 1708 patefactae
3343 1646 3473 1693 sunt
3514 1653 3641 1709 por-

2061 1739 2127 1785 tae
2148 1773 2162 1797 ,
2195 1745 2260 1784 ac
2282 1729 2486 1785 mortui
2521 1730 2673 1785 velut
2696 1744 2725 1782 a
2752 1744 2949 1784 somno
2979 1738 3362 1784 surrexerunt.
3396 1728 3645 1783 Surrexit

2059 1820 2318 1876 Christus
2342 1833 2535 1875 eorum
2563 1819 2919 1885 resurrectio,
2943 1820 3037 1889 qui
3066 1819 3398 1881 ceciderant,
3428 1826 3483 1872 et
3504 1817 3647 1872 Ada-

2030 1909 2210 1967 Lmum
2265 1926 2374 1966 una
2428 1926 2617 1966 secum
2664 1910 2946 1966 excitavit.
3003 1910 3324 1966 Resurrexit
3369 1909 3645 1976 Christus,

2061 2003 2371 2059 communis
2400 2003 2644 2059 omnium
2676 2004 3030 2069 resurrectio,
3093 2010 3255 2074 atque
3282 2002 3449 2058 Evam
3477 2019 3506 2056 a
3533 2017 3652 2057 mau

2061 2095 2263 2149 ledicto
2300 2092 2568 2147 liberavit.
2604 2092 2929 2149 Resurrexit
2980 2094 3257 2157 Christus,
3281 2092 3646 2163 eumque,qui

2060 2186 2326 2242 deformis
2360 2186 2626 2241 hactenus
2684 2193 2740 2242 et
2772 2186 3099 2242 invenustus
3127 2194 3269 2251 erat,
3304 2201 3449 2241 novo
3479 2199 3647 2241 orna-

2060 2289 2119 2335 tu
2152 2290 2205 2335 et
2239 2280 2515 2334 hilaritate
2544 2278 2830 2350 perfudit;
2863 2281 3135 2335 excitatus
3195 2285 3299 2342 est,
3342 2277 3491 2332 velut
3520 2275 3644 2331 dor-

2061 2374 2261 2436 miens,
2292 2370 2579 2435 Dominus,
2611 2379 2666 2426 et
2705 2372 2907 2429 hostes.
2933 2386 3064 2426 suos
3118 2385 3310 2426 omnes
3344 2368 3650 2424 foedissima

2064 2462 2244 2534 strage
2272 2463 2489 2518 cecidit.
2555 2462 2902 2528 Resurrcsit,
2940 2478 3003 2517 ac
3037 2461 3240 2517 creatis
3269 2462 3437 2517 rebus
3471 2460 3652 2515 omni-

2062 2556 2167 2611 bus
2214 2553 2473 2626 gaudium
2525 2554 2744 2619 attulit;
2777 2553 3100 2617 resurrexit,
3130 2562 3187 2606 et
3219 2550 3521 2605 inferorum
3556 2564 3650 2604 va-

2063 2654 2262 2702 cuatus
2288 2655 2375 2703 est
2401 2661 2594 2700 carcer
2619 2662 2635 2712 ;
2672 2644 3003 2707 resurrexit,
3038 2652 3093 2699 et
3123 2654 3336 2698 natura:
3364 2650 3650 2713 corrupte-

2067 2739 2176 2792 lam
2208 2738 2275 2793 ad
2313 2738 2695 2808 incorruptum
2748 2746 2952 2792 statum
2992 2735 3318 2800 transtulit;
3354 2734 3655 2790 resurrexit

370 2835 513 2889 ιμος
539 2818 678 2889 (47),
711 2820 1076 2892 κοσμηθῶμεν
1108 2826 1157 2876 et
1191 2824 1422 2897 ἄκοσμοι
1443 2842 1455 2855 ·
1492 2827 1611 2896 ἥτις
1643 2828 1699 2880 ἐν
1745 2826 1965 2897 Χριστῷ

2069 2833 2341 2899 Christus,
2372 2841 2427 2886 et
2473 2830 2743 2899 Adamum
2789 2830 3028 2899 priorem
3078 2828 3133 2882 in
3180 2826 3503 2897 dignitatem
3553 2824 3653 2878 im-

384 2911 713 2982 Ἐκκλησία,
767 2914 951 2977 καινὸς
997 2904 1223 2986 ούρανὸς
1282 2919 1550 2989 σήμερον·
1603 2919 1830 2990 οὐρανὸς
1870 2920 1964 2973 τοῦ

2069 2925 2420 2981 mortalitatis
2480 2925 2739 2980 restituit.
2779 2923 3134 2993 Quaecunque
3183 2928 3269 2976 est
3322 2920 3377 2974 in
3432 2918 3655 2975 Christo

368 3003 655 3075 ὁρωμένου
684 3006 908 3077 ούρανοῦ
939 3009 1288 3081 ὡραιότερος.
1350 3012 1424 3064 ού
1456 3011 1567 3084 γὰρ
1607 3004 1756 3083 ἥλιον
1807 3013 1964 3085 περί-

2072 3033 2213 3073 nova
2257 3025 2509 3073 creatura
2536 3056 2551 3081 ,
2587 3014 2994 3072 resurrectione
3040 3022 3305 3078 novetur;
3337 3012 3433 3082 qui
3480 3025 3656 3065 novus

370 3112 559 3150 κειται
590 3096 954 3171 καθημερινὸν
978 3101 1223 3169 δύνοντα,
1251 3103 1438 3158 Ἥλιον
1459 3104 1502 3158 δ’
1528 3104 1586 3159 ὃν
1613 3107 1705 3158 ἐπὶ
1733 3107 1965 3178 σταυροῦ

2069 3112 2154 3160 est
2180 3105 2418 3160 mundus
2450 3107 2464 3125 '
2486 3108 2503 3127 ⁵
2523 3108 2539 3127 ·
2562 3119 2663 3159 nos
2694 3106 2921 3160 ornatus
2952 3110 3203 3174 expertes
3226 3116 3516 3166 orncmur;
3537 3114 3657 3170 qute

372 3188 649 3253 αἰδεσθεὶς
676 3189 858 3247 ἔδυσεν
890 3194 919 3245 6
945 3193 1130 3259 δοῦλος
1175 3189 1331 3263 οὗτος
1380 3197 1552 3268 ἥλιος,
1591 3198 1801 3265 ἽΙλιον,
1841 3201 1968 3269 περὶ

2074 3195 2127 3247 in
2159 3194 2376 3249 Christo
2410 3201 2495 3249 est
2520 3191 2791 3258 Ecclesia,
2829 3206 3029 3246 novum
3087 3189 3248 3244 hodie
3292 3187 3491 3242 ccelum
3523 3191 3609 3240 est
3640 3202 3653 3238 :

376 3278 440 3336 ὦ
462 3300 626 3353 φησιν
664 3286 691 3337 6
724 3286 1032 3358 προφήτης,
1083 3246 1382 3342 Dirae-81's?
1404 3246 1552 3355 ἶτοῒξ·⁷
1576 3246 1968 3359 φοϐουρένοῖς

2075 3284 2296 3346 coelum,
2350 3283 2595 3353 inquam,
2626 3281 2945 3353 aspectabili
2999 3281 3092 3335 illo
3141 3280 3281 3335 cmlo
3332 3276 3655 3333 formosius.

390 3372 497 3425 τὸν
540 3375 773 3442 Ἰησοῦν
821 3374 1160 3447 (48)’Ήλιος
1201 3377 1617 3447 δικαιοσύνης,
1662 3380 1872 3448 Ἥλιον,
1912 3382 1970 3435 ὃν

395 3463 428 3533 ή
476 3462 755 3536 Ἐκκλησία
827 3466 1105 3538 ἀειλαμπῆ
1138 3467 1560 3539 περιϐέϐληται,
1597 3469 1664 3523 δι’
1709 3472 1768 3524 ὃν
1810 3488 1972 3542 φησιν

392 3554 424 3624 ή
452 3552 488 3604 Γ
490 3556 633 3625 ραφή
656 3571 670 3583 ·
705 3555 909 3621 Ἥλιος
925 3554 1183 3624 ἐξῆλθεν
1208 3560 1295 3623 είς
1319 3557 1458 3627 γῆν,
1485 3560 1582 3612 καὶ
1610 3560 1816 3613 Λωτὸν
1836 3559 1972 3630 (49),

377 3646 463 3709 είς
508 3645 682 3699 τύπον
729 3644 823 3698 τοῦ
877 3646 1064 3716 νόμου,
1121 3646 1410 3715 εἰσῆλθεν
1448 3651 1536 3716 εὶς
1575 3647 1788 3719 Σιγὼρ,
1835 3649 1973 3721 ὅπερ

373 3737 705 3807 σμικρότης
738 3737 1116 3809 ἑρμηνεύεται.
1153 3733 1322 3804 Οὗτος
1358 3742 1386 3793 6
1412 3741 1603 3805 ’Ἥλιος
1629 3741 1862 3809 σοφίζων
1908 3741 1975 3794 τὰ

374 3832 595 3901 ἀσοφαο
632 3824 785 3896 οὗτος
816 3831 846 3882 ὁ
893 3831 1082 3895 Ἥλιος
1111 3830 1270 3903 ἐντῷ
1305 3832 1509 3904 στερεῷ
1543 3832 1682 3903 μετά
1719 3833 1829 3904 (50)
1863 3833 1961 3903 τῆς

375 3923 547 3995 ἡμῶν
586 3923 821 3987 πίστεως
862 3923 1274 3995 τεθεμελίωται.
1307 3924 1407 3976 Διά
1430 3923 1621 3978 τοῦτον
1653 3924 1743 3976 τὸν
1772 3924 1869 3995 τῆς
1897 3924 1975 3977 δι-

376 4013 680 4084 καιοσύνης
708 4013 897 4067 ’Ἡλιον
937 4013 1174 4085 Χριστὸν
1197 4013 1426 4083 οὐρανὸς
1469 4014 1501 4083 ή
1549 4012 1845 4082 Ἐκκλησία
1882 4029 1976 4080 γε-

378 4109 615 4177 γένηται
640 4123 654 4135 ·
703 4107 763 4159 οὐ
801 4105 1030 4177 σελήνην
1064 4104 1335 4173 αὔξουσαν
1380 4107 1475 4159 καὶ
1512 4104 1806 4175 λήγουσαν,
1842 4104 1976 4157 ἀλλά

378 4198 546 4270 χάριν
584 4198 868 4270 ἀειλαμπῆ
921 4198 1147 4269 ἔχουσαι
1208 4196 1307 4250 οὐκ
1353 4196 1589 4266 ἀστέρας
1649 4195 1802 4260 τινὰς
1846 4195 1981 4249 πλα-

378 4289 554 4358 νήτας
618 4288 985 4342 ἀνατέλλουσα
1022 4327 1037 4354 ,
1117 4287 1232 4341 ἀλλ’
1298 4285 1532 4356 ἀστέρας
1588 4285 1979 4353 νεοφωτίστους

381 4381 455 4432 ἐκ
481 4378 872 4451 κολυμϐήθρας
909 4378 1254 4450 ἀναφέρουσα
1276 4394 1288 4407 '
1331 4379 1390 4432 οὐ
1427 4377 1657 4446 νεφέλας
1692 4375 1971 4447 ὀμϐροφό-

384 4488 542 4543 ρους,
570 4472 706 4526 ἀλλά
733 4471 1089 4536 διδασκάλους
1126 4470 1463 4542 θεολόγουςή
1505 4468 1802 4541 Ἐκκλησία
1823 4458 1985 4540 έχουέ

386 4578 492 4615 σα·
525 4562 629 4615 οὐκ
669 4562 898 4617 ἐπὶτῶν
937 4560 1174 4634 θολερῶν
1218 4562 1427 4618 ὑδάτων
1472 4561 1823 4634 κρεμαμένη,
1864 4561 1978 4616 ἀλλ’

2074 3374 2261 3445 Neque
2289 3375 2433 3429 enim
2467 3376 2636 3430 solem
2679 3376 2833 3429 illum
2882 3373 3072 3435 ambit,
3105 3374 3198 3442 qui
3231 3370 3478 3442 quotidie
3507 3368 3657 3423 occi-

2076 3464 2202 3519 dit:
2238 3464 2333 3520 sed
2376 3480 2500 3518 eum
2544 3463 2748 3526 Solem,
2796 3479 2960 3534 quem
3007 3464 3063 3517 in
3113 3478 3278 3518 cruce
3328 3474 3657 3529 suspensum
3732 3464 3737 3469 “

2077 3553 2315 3608 famulus
2359 3554 2463 3608 iste
2492 3554 2574 3607 sol
2600 3553 2867 3608 reveritus
2901 3553 3104 3609 occidit
3134 3570 3146 3605 :
3178 3552 3381 3618 Solem,
3414 3552 3657 3618 inquam,

2078 3646 2145 3701 de
2191 3660 2299 3716 quo
2352 3645 2428 3699 ita
2483 3645 2746 3716 propheta
2784 3645 3073 3727 loquitur:
3110 3643 3660 3707 Orieturjimentibtts

2079 3736 2365 3791 Dominum
2405 3735 2500 3791 Sol
2524 3736 2812 3808 justitiw‘.
2849 3737 3034 3793 Solem
3068 3738 3222 3791 illum
3276 3736 3532 3807 denique,
3568 3736 3659 3808 qui

2079 3830 2303 3885 assidue
2333 3826 2548 3897 fulgens
2580 3826 2842 3885 Ecclesiae
2865 3829 3238 3885 circumfusus
3272 3836 3376 3884 cst.
3399 3829 3479 3883 Ad
3500 3843 3660 3898 quem

2078 3906 2380 3991 respiciens
2409 3918 2695 3989 Scriptura
2723 3920 2862 3975 dixit
2928 3927 2942 3964 ³
3012 3917 3109 3977 Sol
3143 3935 3379 3989 egressus
3407 3932 3482 3975 est
3513 3937 3670 3990 suprr

2077 4024 2297 4075 terram,
2336 4019 2383 4065 et
2427 4009 2548 4082 Lat,
2583 4011 2636 4062 in
2672 4009 2901 4081 figuram
2951 4009 3107 4080 legis,
3144 4010 3410 4079 ingressus
3451 4018 3529 4062 est
3567 4007 3664 4061 Se-

2078 4104 2239 4172 gor',
2275 4100 2423 4170 quod
2449 4101 2766 4168 parvitatem
2808 4101 3258 4171 interpretamur.
3287 4098 3386 4153 llic
3441 4106 3526 4154 cst
3574 4097 3664 4151 ille

2085 4192 2199 4259 Sol,
2234 4193 2330 4263 qui
2382 4192 2705 4262 sapientiam
2769 4191 3163 4262 insipientibus
3197 4191 3448 4256 confert;
3485 4191 3578 4261 qui
3607 4190 3661 4243 in

2083 4283 2207 4339 fidei
2235 4292 2435 4339 nostrae
2463 4283 2809 4341 ﬁrmamento
2834 4283 3096 4339 fundatus
3130 4292 3231 4339 est.
3264 4281 3494 4351 Pr0ptcr
3516 4281 3665 4336 hunc

2078 4377 2306 4448 justitite
2342 4375 2525 4431 Solem
2551 4375 2858 4443 Christum,
2878 4376 3076 4431 coelum
3108 4382 3194 4430 est
3224 4373 3468 4430 Ecclesia
3498 4373 3661 4435 facta,

2085 4483 2196 4523 non
2218 4476 2556 4524 crescentem
2597 4467 3047 4538 desinentemque
3063 4468 3273 4531 lunam,
3290 4465 3384 4523 sed
3406 4475 3666 4537 perpetuo

2090 4560 2380 4630 splendore
2410 4561 2703 4617 micantem
2749 4569 3047 4618 consecuta
3079 4562 3329 4632 gratiam.
3374 4560 3559 4632 Neque
3584 4575 3669 4617 cr-

381 4654 483 4708 ἐπὶ
510 4652 618 4708 τῶν
641 4654 803 4727 ἱερῶν
828 4619 1113 4725 δογμάτών
1136 4619 1604 4726 τεθεμελιωμένηὶ
1635 4619 1734 4707 aint
1778 4619 1968 4723 tipﬁpm

2089 4650 2338 4703 rabunda
2369 4650 2559 4705 nescio
2588 4666 2709 4720 quae
2734 4651 2989 4708 attollens
3018 4652 3219 4720 sidera,
3255 4652 3350 4709 sed
3386 4650 3669 4707 recens'il-

382 4745 720 4817 χειμωνικὸν
738 4745 1160 4815 ἀναπέμπουσα,
1184 4745 1285 4800 οὐκ
1311 4745 1511 4816 ὀρνέων
1542 4745 1830 4814 κλαγγαῖς,
1848 4744 1968 4798 ἀλλά

2089 4747 2390 4802 luniinatas
2419 4761 2487 4803 ex
2520 4746 2740 4818 piscina
2768 4748 2956 4804 stellas
2985 4746 3246 4806 educens.
3278 4745 3397 4803 Non
3426 4744 3669 4801 imbrife-

385 4836 733 4894 διδασκάλων
758 4840 963 4907 φωναῖς
984 4837 1307 4910 ἀνθρώπους
1329 4837 1725 4905 καταλέγουσα.

2092 4853 2182 4894 ras
2217 4838 2420 4905 nubes,
2453 4839 2550 4895 sed
2580 4839 2868 4909 theologos
2903 4839 3157 4894 doctores
3191 4838 3356 4892 habet
3403 4837 3666 4893 Ecclesia.

386 4931 583 5001 Neque
605 4931 674 4987 ad
703 4946 875 5003 aquas
898 4931 1145 4988 turbidas
1168 4932 1545 5003 suspenditur,
1595 4932 1692 4987 sed
1744 4945 2030 4987 sacrorum
2068 4933 2387 5003 dogmatum
2439 4932 2814 4989 fundamentis
2878 4934 3151 4988 innititur.
3220 4929 3340 4985 Non
3410 4932 3670 4987 hibernas

387 5026 518 5082 illas
555 5025 768 5096 pluvias
829 5025 1123 5093 amittens,
1179 5040 1356 5097 neque
1399 5004 1644 5080 stridulis
1693 5024 1876 5079 avium
1927 5025 2300 5095 clangiribus,
2329 5025 2425 5079 sed
2470 5026 2860 5095 magistrorum
2921 5025 3151 5080 vocibus
3177 5024 3425 5078 homines
3455 5023 3664 5094 deligit.

466 5210 631 5280 Αὕτη
671 5210 895 5281 ἡμέρα,
945 5209 1025 5278 ἣν
1074 5210 1365 5279 ἐποίησεν
1411 5212 1443 5264 d
1490 5210 1741 5278 Κύριος’
1794 5208 1968 5278 dral-

2166 5207 2293 5263 ch
2323 5207 2455 5270 dies,
2498 5223 2654 5278 quam
2683 5206 2809 5277 facit
2836 5205 3095 5262 Dominus
3121 5224 3136 5273 ;
3159 5204 3483 5260 exsultemus
3510 5200 3673 5274 spiri-

396 5300 744 5365 λιασώιιεθα
789 5299 1177 5373 πνευματικῶς
1192 5297 1234 5368 ,’
1260 5301 1358 5359 καὶ
1398 5298 1823 5375 εὐφρανθῶμεν
1865 5299 1968 5353 θεο-

2089 5299 2294 5365 taliter,
2326 5309 2375 5355 et
2400 5299 2602 5356 divinis
2635 5300 2851 5371 gaudiis
2875 5298 3115 5355 fatemur
3139 5300 3191 5352 in
3219 5298 3335 5367 ipsa
3353 5296 3391 5351 ³.
3416 5293 3490 5350 Ea
3507 5291 3671 5365 quip-

474 5454 743 5514 ‘Malach.
780 5471 856 5523 tv,
886 5456 940 5510 2.
1002 5454 1206 5512 "Gen.
1240 5473 1352 5523 xix,
1380 5456 1473 5511 23.
1548 5457 1569 5490 ³
1590 5454 1738 5514 Psal.
1772 5469 1943 5521 cxvn,
1972 5453 2068 5510 24.

474 5612 1153 5686 (45f)_Diottysio_ffetavio
1176 5613 1493 5686 interprete.

2172 5610 2285 5686 (ιβ)
2318 5611 2445 5686 «eor-
2478 5607 2701 5686 Ww-

474 5612 612 5685 (45⁸)
641 5612 902 5685 Dionysio
928 5612 1153 5670 Petavio
1176 5613 1493 5686 interprete.

474 5683 591 5752 (46)
616 5682 676 5737 F.
706 5683 1102 5755 πληρωθῶμεν.
1271 5698 1284 5713 '

479 5769 622 5825 (45')
655 5770 917 5824 Fortasse
940 5769 1398 5825 κατακοσμήσας.

2193 5611 2285 5753 48;
2318 5611 2445 5665 Cor.
2478 5611 2618 5680 Κύρι

2193 5680 2261 5734 49
2316 5681 2443 5736 Cor.
2474 5677 2618 5732 Λώτ.

2172 5611 2286 5825 £50)
2324 5750 2448 5808 Cor.
2480 5764 2618 5821 στερη

479 5745 497 5836 ξ
504 5745 641 5842 t§")_
655 5745 917 5842 Fortasse
940 5745 1398 5842 κατακοσμήσεις.

2174 5745 2286 5825 (50)
2324 5750 2448 5808 Cor.
2480 5745 2838 5821 στερεώματι.

475 5841 528 5900 (4
542 5840 592 5909 7)
624 5838 842 5897 Mutilus
869 5839 1065 5897 locus.-
