3988 6424
442 411 557 470 ’467

1718 410 1927 473 DUBIA
1960 415 2059 473 AU‘

2158 416 2416 477 SPURIA.
3575 437 3658 493 ωδ

459 553 528 613 pe
546 541 814 600 testarum
845 546 1007 604 nobis
1030 547 1276 603 omnium
1300 553 1386 605 est
1411 548 1688 619 princeps.
1716 547 1832 604 Hoc
1862 550 2042 621 ipsum

2158 548 2660 624 πρεπῶςὲναὶντῇ.
2682 550 2829 626 Αὕτη
2875 552 3007 626 ἡμίν
3064 555 3097 626 ἡ
3134 550 3318 610 πασῶν
3355 554 3453 610 τῶν
3490 556 3660 627 ἑορτῶν

457 641 543 686 cst
582 632 807 699 festum,
844 636 912 692 de
937 652 1048 708 quo
1081 635 1322 707 Spiritus
1358 647 1585 692 sanctus
1610 637 1696 692 his
1726 653 1829 693 nos
1859 640 2043 695 verbis

457 722 757 781 hortatur:
788 725 1109 783 Constituite
1155 731 1292 783 diem
1337 728 1622 783 solemnem
1668 730 1723 781 in
1768 729 2044 784 condensis

457 816 647 882 sim’ul,
678 826 733 873 et
760 827 1010 891 tempore
1057 837 1158 877 suo
1202 821 1534 888 foventibus,
1565 839 1725 893 usque
1767 824 1837 878 ‘ad
1882 840 2045 878 cornu

458 910 654 965 altaris
673 912 714 965 ⁸.
749 909 865 967 Hoc
893 921 978 969 cst
1008 915 1175 971 totius
1209 915 1397 970 mundi
1432 914 1631 971 festum
1658 930 1768 970 una
1790 922 1846 972 et
1871 931 2046 972 enrae-
2064 935 2091 962 ο

459 1002 552 1057 nia
584 1002 835 1073 quaedam
863 1007 1152 1073 exhibens,
1200 1017 1255 1063 et
1285 1008 1545 1063 salutare.
1584 1007 1736 1063 Idem
1772 1023 1938 1079 porro
1967 1008 2045 1064 fe-

459 1102 607 1149 stum
642 1103 832 1150 vertex
873 1103 959 1152 est
985 1108 1039 1153 et
1064 1112 1160 1152 arx
1193 1098 1445 1169 quaedam
1478 1098 1743 1155 festorum
1774 1101 2045 1185 omnium.

459 1184 590 1241 llaec
621 1187 761 1254 dies,
787 1188 878 1242 cui
899 1188 1178 1245 benedixit
1197 1189 1367 1273 Deus,
1388 1199 1441 1247 et
1462 1184 2046 1263 sanctificavitipsam,

324 1342 332 1350 .
374 1288 403 1354 _-‘
459 1278 721 1347 quoniam
764 1280 821 1334 in
871 1280 964 1334 illa
999 1281 1068 1335 ab
1099 1282 1247 1336 omni
1289 1297 1390 1337 suo
1422 1298 1588 1354 opere
1615 1284 1891 1339 cessavit'
1917 1325 1932 1350 ,
1957 1285 2050 1339 ubi

372 1396 379 1407 κ
458 1378 570 1423 tam
600 1381 793 1425 eorum
826 1372 919 1439 qui
954 1372 1009 1427 in
1051 1380 1220 1437 terra,
1253 1389 1419 1444 quam
1460 1375 1556 1445 qui
1587 1375 1691 1432 sub
1723 1382 1869 1431 terra
1899 1382 2048 1444 sunt,

459 1459 692 1515 salutem
743 1461 983 1531 perfecte
1032 1464 1264 1520 molitus
1303 1472 1422 1530 est;
1459 1465 1516 1520 in
1550 1466 1740 1521 eadem
1767 1466 1857 1522 die
1883 1466 2051 1522 simu-

456 1551 739 1607 lacrorum
769 1561 825 1608 et
854 1553 1155 1610 bestiarum
1187 1571 1348 1613 saera
1381 1566 1438 1613 et
1466 1559 1790 1615 saltationes
1816 1559 2052 1630 abroga-

456 1643 555 1697 vit.
608 1643 668 1699 In
708 1646 829 1716 ipsa
861 1646 1310 1703 adversariorum
1342 1644 1590 1704 omnium
1618 1651 1729 1705 vim
1763 1664 1829 1703 ac
1857 1659 2052 1720 poten-

459 1736 594 1788 tiam
629 1735 823 1807 fregit;
853 1737 909 1790 in
941 1738 1060 1807 ipsa
1105 1739 1392 1809 gentilium
1440 1738 1778 1795 solemnibus
1832 1755 1898 1794 ac
1942 1740 2053 1795 dae-

462 1840 689 1882 monum
720 1829 1133 1885 celcbritatihus
1164 1828 1324 1885 linem
1356 1830 1642 1899 adhibuit;
1668 1833 1721 1887 in
1747 1834 1863 1903 ipsa
1889 1847 2049 1887 cruo—

2146 644 2522 717 ὑπερεόρτιος·
2573 646 2711 718 αῦτη
2743 649 2776 717 ὴ
2821 647 3004 719 ἑορτὴ,
3045 649 3172 718 περὶ
3212 644 3276 719 ἦς
3301 648 3361 701 τὸ
3394 647 3592 718 Πνεῦμα
3615 650 3665 703 τὸ

2145 734 2301 804 ἅγιον
2345 735 2779 807 παρακελεύεται
2816 736 3004 806 λέγον
3062 736 3443 804 Συστήσασθε
3486 736 3667 807 ἑορτὴν

2145 827 2215 879 ἐν
2243 827 2366 894 τοῖς
2405 825 2779 889 πυκάζουσιν
2825 828 2962 896 ὁμοῦ
3011 846 3069 882 τε
3113 830 3203 882 καὶ
3248 828 3538 891 θάλπουσιν,
3576 827 3670 894 ἕως

2145 917 2266 970 τῶν
2313 917 2579 988 κεράτων
2626 919 2735 973 τοῦ
2785 920 3251 986 θυσιαστηρίου·
3290 918 3423 988 αὕτη
3462 920 3493 989 ἡ
3535 919 3670 990 ἑορτὴ

2147 1007 2240 1061 τοῦ
2274 1009 2475 1073 παντὸς
2516 1008 2742 1080 κόσμου,
2785 1008 3060 1077 ὲγκαίνιον
3106 1007 3239 1078 ὁμοῦ
3294 1008 3381 1062 καὶ
3421 1009 3668 1079 σωτήριον.

2148 1097 2295 1169 Αὕτη
2326 1101 2360 1169 ή
2391 1100 2551 1173 ἑορτὴ
2587 1098 2778 1154 πασῶν
2801 1100 2909 1155 τῶν
2942 1100 3143 1171 ἑορτῶν
3169 1098 3373 1172 κορυφὴ
3428 1098 3512 1152 καὶ
3537 1098 3673 1169 d296-

2150 1188 2304 1253 πολις
2322 1206 2336 1219 ·
2364 1189 2504 1261 αῦτη
2534 1191 2567 1262 η
2602 1192 2808 1263 ἡμέρα,
2840 1192 2906 1261 ἦν
2933 1190 3225 1261 εὐλόγησεν
3256 1192 3282 1244 ὁ
3307 1188 3452 1254 Θεὸς,
3481 1189 3675 1260 ἡγίασεν

2149 1281 2339 1353 αὐτὴν,
2388 1282 2469 1337 ὅτι
2522 1284 2581 1337 ἐν
2629 1284 2766 1356 αὐτῇ
2816 1284 3158 1338 κατέπαυσεν
3202 1282 3306 1335 ἀπὸ
3352 1281 3549 1335 πάντων
3587 1281 3676 1334 τῶν

2151 1373 2328 1445 ἔργων
2363 1371 2552 1437 αὐτοῦ,
2578 1372 2875 1439 τελειώσας
2906 1374 3004 1445 τὴν
3037 1372 3307 1444 σωτηρίαν
3333 1371 3438 1425 τῶν
3460 1370 3678 1435 ἐπιγείων

2152 1465 2287 1537 ὁμοῦ
2322 1466 2415 1520 καὶ
2445 1465 2838 1537 καταχθονίων.
2895 1466 2985 1519 Ἐν
3016 1466 3153 1537 αὐτῇ
3199 1464 3525 1518 κατέπαυσεν
3551 1458 3677 1513 είδὼ-

2152 1558 2260 1611 λων
2304 1557 2399 1611 καὶ
2430 1557 2722 1611 κνωδάλων
2782 1555 3005 1619 τελετὰς
3045 1557 3138 1609 καὶ
3170 1556 3438 1627 ὀρχήσεις·
3474 1554 3525 1604 ὲν
3566 1551 3680 1619 αὐτῇ

2153 1650 2466 1704 κατέπαυσε
2501 1649 2601 1720 τὴν
2624 1648 2854 1720 δύναμιν
2884 1647 3101 1702 πάντων
3131 1646 3400 1701 ἐναντίων.
3436 1644 3516 1696 Ἐν
3540 1640 3681 1711 ταύτῃ

2152 1741 2494 1795 κατέπαυσεν
2539 1739 2734 1813 ἑορτάς
2775 1740 2871 1793 καὶ
2908 1738 3229 1811 δαιμονικάς
3265 1735 3601 1807 πανηγύρεις·
3636 1732 3683 1787 ἐν

2149 1834 2322 1906 ταύτῃ
2363 1833 2706 1889 κατέπαυσεν
2750 1832 3047 1886 είδωλικῶν
3075 1832 3325 1903 αίμάτων
3370 1829 3578 1890 κνίσσας
3608 1826 3685 1879 καὶ

463 1918 544 1973 ris
573 1919 902 1975 immolatitii
931 1920 1180 1977 nidorem
1233 1937 1298 1977 ac
1327 1924 1599 1978 sacrificia
1631 1925 1852 1980 delevit.
1884 1923 1943 1980 In
1970 1941 2056 1980 ea-

2158 1925 2346 1988 θυσίας
2370 1941 2384 1955 ·
2430 1927 2488 1979 ὲν
2529 1924 2702 1998 ταύτῃ
2743 1924 3057 1978 κατέπαυσε
3099 1923 3201 1993 τὴν
3228 1920 3428 1989 πλάνην
3462 1919 3550 1987 τῆς
3585 1915 3685 1969 ἀσε·

465 2008 592 2064 dem
625 2010 922 2081 impietatis
952 2028 1198 2069 errorem
1236 2016 1482 2071 sustulit.
1517 2014 1575 2069 ln
1604 2016 1694 2071 illa
1719 2017 1936 2089 tyranni
1962 2017 2057 2072 do-

463 2100 734 2155 minatum
782 2111 837 2157 et
864 2104 1150 2159 stimulum
1176 2106 1369 2161 mortis
1399 2106 1657 2178 infregit;
1692 2108 1747 2162 in
1780 2108 1883 2161 hac
1910 2107 2054 2163 cele-

462 2194 591 2248 bres
622 2195 1025 2251 sacrificiorum
1061 2205 1360 2269 apparatus
1423 2205 1477 2254 et
1515 2200 1836 2254 neomenias
1867 2200 2056 2255 abstu-

462 2286 546 2340 lit.
584 2286 643 2341 ln
676 2288 865 2343 eadem
910 2303 1081 2345 novas
1130 2290 1335 2346 creatis
1392 2291 1558 2347 rebus
1607 2292 1926 2347 sanctiones
1988 2307 2054 2347 ac

462 2380 685 2436 decreta
717 2382 1087 2459 praescripsit;
1135 2381 1187 2436 in
1235 2382 1341 2436 bac
1384 2380 1595 2437 Pascha
1626 2382 1928 2452 legitimum
1993 2397 2058 2437 ac

464 2470 755 2525 Judaicum
796 2473 1132 2543 antiquavit;
1172 2472 1229 2527 in
1275 2472 1378 2527 hac
1412 2487 1576 2527 omne
1619 2472 1824 2544 figura},
1859 2474 2055 2529 adum-

466 2561 741 2617 brationis
797 2577 861 2617 ac
887 2563 1189 2633 prophetiae
1209 2578 1384 2634 genus
1416 2563 1678 2634 implevit.
1715 2563 1931 2619 Pascha
1961 2582 2057 2620 no-

466 2663 659 2718 atrum,
690 2650 903 2707 Pascha
936 2670 1128 2709 verum
1156 2655 1393 2721 scilicet,
1435 2655 1742 2710 immolatus
1780 2666 1859 2711 est
1907 2655 2060 2712 Chri-

464 2743 630 2811 stus’,
661 2752 714 2800 et
749 2746 797 2799 si
819 2761 924 2814 qua
960 2755 1037 2800 est
1063 2747 1118 2799 in
1144 2744 1353 2801 Christo
1369 2762 1503 2801 nova
1527 2748 1839 2815 creatum",
1873 2748 1917 2803 si
1948 2764 2056 2819 qua

467 2843 554 2890 cst
588 2836 643 2890 in
674 2835 897 2892 Christo
932 2853 1071 2894 nova
1107 2838 1264 2903 fides,
1303 2855 1458 2894 nova:
1511 2841 1680 2911 leges,
1735 2857 1909 2897 novus
1962 2841 2057 2897 Dei

468 2929 730 2998 populus,
763 2944 966 2995 novus,
1001 2929 1252 3001 inquam,
1287 2946 1399 2985 non
1435 2939 1589 2988 vetus
1616 2932 1783 2989 Israel
1808 2949 1824 2999 ;
1854 2947 2058 2988 novum

467 3021 720 3089 Pascha;
753 3037 895 3077 nova
925 3031 980 3079 et
1006 3024 1274 3095 spiritalis
1318 3024 1696 3090 circumcisio,
1728 3039 1929 3079 novum
1972 3025 2059 3079 in-

467 3124 875 3185 cruentumque
908 3117 1263 3181 sacrificium,
1296 3131 1500 3173 novum
1526 3128 1580 3173 et
1616 3118 1861 3172 divinum
1896 3124 2059 3174 testa-

467 3213 737 3259 mentum.
772 3204 1136 3261 Renovamini
1169 3206 1435 3263 hodierno
1463 3207 1574 3273 die,
1605 3216 1658 3262 et
1683 3207 1939 3278 spiritum
1978 3223 2058 3261 re-

2157 2015 2338 2079 δείαςο
2369 2017 2428 2068 ὲν
2447 2015 2619 2087 ταύτῃ
2648 2015 2962 2069 κατέπαυσε
2986 2016 3047 2068 τὺ
3073 2013 3273 2085 κράτος
3314 2008 3404 2063 τοῦ
3439 2005 3685 2077 τυράννου,

2157 2105 2369 2161 καὶτοῦ
2400 2105 2531 2159 λαοῦ
2562 2105 2672 2175 (5l)
2697 2105 2759 2158 τὸ
2790 2106 3014 2177 κέντρον
3038 2121 3052 2133 ·
3097 2106 3158 2158 ὲν
3191 2102 3360 2172 ταύτῃ
3392 2097 3687 2153 κατέπαυσεν

2157 2197 2359 2268 ὁμικὰς
2392 2198 2503 2267 (52)
2528 2196 2721 2261 θυσίας
2752 2197 2845 2251 καὶ
2878 2195 3175 2267 νεομηνίας
3194 2212 3205 2224 ’
3237 2186 3294 2246 ὲῦ
3318 2191 3485 2261 ταύτῃ
3507 2185 3687 2248 καινοὺς

2157 2290 2397 2362 ἐπήξατο
2428 2293 2495 2360 τῇ
2531 2291 2707 2344 κτίσει
2732 2291 2889 2361 ὅρους
2917 2289 3010 2342 καὶ
3046 2288 3248 2359 νόμους
3270 2303 3284 2316 ·
3329 2285 3385 2339 ὲν
3414 2274 3573 2352 ταύτῃ
3592 2293 3681 2331 tta?

2158 2380 2366 2435 έπαυσε
2398 2380 2458 2434 τὸ
2484 2381 2677 2453 Πάσχα
2706 2381 2802 2434 τοῦ
2826 2382 3015 2453 νόμου,
3048 2380 3146 2433 καὶ
3173 2377 3452 2432 Ἰουδαίων
3480 2375 3532 2426 ὲν
3550 2367 3689 2439 ταύτῃ

2159 2474 2444 2545 ὲπλήρίυτιτε
2473 2474 2648 2529 πάντα
2667 2475 2758 2530 τὸν
2784 2474 2973 2542 τύπον,
3032 2473 3194 2528 σκιὰν
3242 2472 3335 2527 καὶ
3379 2461 3688 2538 προφητείαν.

2163 2565 2237 2619 Τὸ
2265 2563 2481 2634 Πάσχα
2505 2565 2695 2636 ἡμῶν,
2724 2568 2784 2621 τὸ
2817 2568 3009 2638 Πάσχα
3028 2567 3088 2620 τὸ
3108 2564 3379 2637 ἀληθινὸν,
3399 2559 3562 2622 ἐτύθη
3589 2554 3686 2620 Χρι-

2158 2657 2326 2724 στὸς,
2368 2658 2464 2712 καὶ
2499 2658 2633 2726 ἣτις
2678 2659 2749 2713 ἐν
2788 2658 3019 2729 Χριστῷ
3062 2656 3245 2725 καινὴ
3285 2653 3493 2716 κτίσις,
3518 2646 3622 2739 ἥτις
3645 2642 3689 2739 ἒξ

2158 2748 2382 2820 Χριστῷ
2425 2747 2584 2820 καινὴ
2633 2749 2837 2813 πίστις,
2894 2749 3071 2801 καινοὶ
3121 2747 3305 2817 νόμοι,
3356 2739 3527 2800 καινὸς
3562 2737 3587 2788 6
3618 2737 3691 2784 τοῦ

2159 2842 2295 2895 Θεοῦ
2346 2841 2508 2906 λαός·
2551 2842 2758 2905 καινὸς,
2808 2840 2921 2895 ἀλλ’
2964 2841 3025 2894 ού
3069 2838 3304 2899 παλαιὸς
3369 2828 3581 2903 Ἰσραὴλ,
3620 2822 3690 2877 καὶ

2159 2934 2345 2988 καινὸν
2390 2935 2581 3004 Πάσχα
2605 2950 2620 2967 ο
2678 2932 2842 3003 καινὴ
2890 2932 2984 2985 καὶ
3038 2927 3383 3003 πνευματικὴ
3435 2915 3686 2992 περιτομή’

2161 3024 2326 3097 καινὴ
2351 3024 2447 3078 καὶ
2475 3025 2815 3096 ἀναίμακτος
2847 3024 3008 3077 θυσία
3029 3040 3042 3054 ’
3076 3022 3242 3094 καινὴ
3276 3020 3371 3074 καὶ
3409 3014 3519 3069 θεία
3542 3005 3688 3074 διαθή-

2160 3133 2253 3187 κη.
2293 3114 2698 3184 Ἐγκαινίζεσθε
2732 3116 2992 3185 σήμερον,
3021 3111 3115 3165 καὶ
3146 3109 3367 3177 πνεῦμα
3388 3102 3527 3163 εύθὲς
3546 3099 3698 3192 ivnct-

2161 3185 2343 3257 νίσατε
2375 3204 2432 3257 έν
2457 3205 2578 3266 ταῖς
2606 3202 2855 3273 καρδίαις
2889 3200 3041 3272 ὑμῶν
3061 3241 3076 3266 ,
3114 3201 3268 3263 ὅπως
3304 3192 3512 3265 δέξησθε
3533 3185 3584 3237 τὰ
3607 3185 3681 3249 τῆς

467 3308 616 3351 ctum
669 3298 930 3354 innovate
963 3299 1018 3352 in
1049 3299 1310 3355 cordibus
1358 3299 1580 3365 vestris,
1624 3310 1685 3354 ut
1731 3301 1855 3355 novi
1904 3301 2055 3355 illius

2161 3294 2353 3365 ἑορτῆς
2380 3295 2479 3364 τῆς
2499 3294 2623 3355 νέας
2651 3296 2745 3347 καὶ
2771 3293 3031 3365 ἀληθινῆς
3071 3292 3374 3364 μυστήρια,
3406 3285 3491 3340 καὶ
3521 3274 3685 3365 τρυφῇ·

463 3388 693 3459 verique
747 3388 873 3445 festi
926 3393 1182 3461 mysteria
1225 3392 1563 3463 percipiatis,
1614 3409 1679 3449 ae
1736 3394 2056 3450 cmlcstihus

464 3493 661 3533 revera
689 3479 904 3536 deliciis
932 3480 1143 3551 perfrui
1180 3482 1435 3551 possitis;
1464 3490 1519 3537 et
1546 3498 1645 3553 pro
1676 3492 1880 3547 vetere,
1931 3481 2058 3538 novi

465 3569 756 3627 Paschalis
798 3574 1100 3644 expressis;
1134 3587 1199 3628 ac
1248 3588 1531 3644 nunquam
1583 3576 2058 3632 obsolesceutibus

468 3665 862 3736 mysteriorum
915 3665 1323 3735 exemplaribus
1377 3666 1597 3733 initiati,
1652 3667 2059 3739 illuminatique

467 3758 1308 3830 discedatis;.cognoseatisque
1350 3767 1617 3831 quantum
1673 3761 1815 3817 inter
1846 3771 2057 3830 nostra,

469 3856 526 3903 et
552 3846 781 3904 Iudaica
815 3849 1157 3906 discriminis
1207 3851 1448 3920 intersit,
1480 3867 1710 3923 qumque
1758 3853 1831 3908 sit
1860 3853 2061 3924 ﬁgura-

469 3957 593 3995 rum
623 3957 751 3997 cum
777 3942 1010 3999 veritate
1047 3945 1407 4015 comparatio.
1433 3945 1547 4017 Age
1575 3961 1729 4011 vero,
1758 3946 1826 4002 de
1855 3945 2059 4003 Christi

472 4032 763 4089 Paschalis
792 4035 1334 4107 resurrectionisque
1362 4037 1628 4109 mysterio
1657 4037 1971 4108 disputandi
1996 4052 2062 4092 ac

472 4123 881 4193 contemplandi
910 4123 1037 4179 inde
1064 4124 1224 4181 nobis
1258 4132 1522 4180 nascatur
1553 4124 1863 4179 exordium.

544 4213 1018 4281 Quemadmodum
1045 4214 1177 4269 olim
1208 4213 1275 4269 ad
1299 4215 1484 4286 populi
1517 4215 1751 4270 salutem
1782 4213 2062 4285 legislator

469 4322 503 4362 a
537 4305 649 4364 Deo
701 4306 884 4363 Moses
928 4322 959 4362 e
1012 4307 1233 4362 sublimi
1279 4315 1467 4364 monte
1493 4306 1885 4363 adumbranda:
1926 4306 2063 4378 legis

470 4398 698 4468 imagini
728 4397 933 4452 missus
976 4404 1063 4451 est
1101 4415 1114 4450 :
1149 4396 1245 4460 ita,
1281 4412 1402 4466 quae
1436 4395 1643 4451 veritas
1679 4394 1798 4465 ipsa
1848 4403 1955 4461 est,
1994 4394 2066 4449 le-
2088 4450 2101 4464 ,

474 4489 726 4559 gislator,
763 4488 1029 4544 Dominus
1057 4496 1114 4544 et
1133 4486 1278 4542 Deus
1309 4503 1339 4541 a
1372 4488 1502 4554 Deo,
1541 4502 1700 4541 mons
1735 4502 1765 4540 a
1790 4493 1978 4540 monte
1997 4502 2063 4541 ex

475 4578 800 4635 ccelestibus
846 4578 1130 4635 montibus
1154 4578 1222 4632 ad
1249 4578 1422 4631 nostri
1471 4577 1654 4646 populi
1704 4576 1938 4630 salutem
1981 4584 2064 4630 est

2162 3363 2292 3455 στίτε
2311 3363 2559 3455 -σήμὲρον
2585 3383 2797 3455 τρυφὴν
2819 3363 2920 3455 την
2941 3363 3110 3446 ὅντως
3140 3382 3412 3453 οὐράνιον,
3441 3371 3524 3427 καὶ
3559 3363 3691 3420 ἁπέλ-

2160 3476 2289 3544 θητε
2315 3474 2672 3544 φωτισθέντες
2696 3476 2763 3530 τὰ
2789 3476 2863 3547 μὴ
2881 3474 3261 3545 παλαιούμενα
3281 3469 3373 3525 τοῦ
3390 3467 3501 3522 νέου
3543 3458 3693 3523 Πάσχα

2159 3568 2281 3622 ἀντὶ
2360 3566 2589 3622 παλαιοῦ
2664 3569 2937 3639 μυστήρια
2997 3565 3304 3621 ἀντίτυπαο
3372 3563 3509 3619 ὅπως
3564 3547 3688 3639 συνῆς

2163 3675 2290 3731 σητε
2330 3659 2453 3712 ὅσον
2504 3660 2565 3713 τὸ
2630 3631 2943 3731 μ-έσονξκαὶ
2969 3658 3232 3730 διάφορον
3254 3655 3359 3710 τῶν
3392 3631 3703 3731 Ἰουδαίωνῖά

2160 3726 2409 3821 ἡμέτερα
2430 3750 2567 3821 (55),
2595 3726 2690 3803 καὶ
2717 3750 2802 3813 τίς
2832 3726 3123 3821 σύγκρισις
3138 3726 3257 3805 τῶν
3281 3745 3461 3799 τύπων
3479 3735 3601 3808 πρὸς
3625 3726 3697 3821 τὴν

2162 3818 2448 3913 ἀλήθειαν..
2468 3818 2786 3913 Ἀρξώμεθα
2808 3840 2877 3894 τὰ
2904 3818 3003 3912 τῆς
3031 3839 3272 3913 Χριστοῦ
3300 3836 3486 3907 Πάσχα
3512 3818 3699 3884 ἀναστά-

2164 3950 2321 4000 σεως,
2367 3934 2463 3987 καὶ⁵
2504 3933 2759 4005 θεωρίας,
2806 3934 2871 3987 ὲκ
2897 3933 3006 3988 τῶν
3036 3934 3307 3988 ἐντεῦθεν.

2248 4201 2636 4255 Ἀπεστέλλετό
2666 4218 2795 4255 ποτε
2822 4201 2957 4273 πρὸς
2991 4200 3269 4273 σωτηρίαν
3307 4192 3435 4250 λαοῦ
3474 4186 3570 4244 ἀπὸ
3596 4174 3704 4279 Θεοῦ

2166 4293 2225 4359 ἐξ
2246 4294 2404 4367 ὅρους
2427 4294 2633 4367 ὑψηλοῦ
2658 4298 2685 4349 ὁ
2724 4296 3021 4367 νομοθέτης
3057 4295 3303 4364 Μωῦσῆς
3352 4289 3483 4361 πρὸς
3518 4281 3595 4335 τὸν
3631 4288 3704 4326 τον

2165 4385 2330 4455 νόμου
2360 4384 2562 4439 τύπον·
2598 4384 2881 4457 ἀπεστάλη
2912 4386 3006 4438 κα)⁸
3049 4388 3078 4438 ὁ
3121 4384 3329 4456 Κύριος
3366 4381 3395 4431 ὁ
3431 4368 3704 4445 νομοθέτης,

2166 4479 2260 4532 καὶ
2301 4478 2434 4543 Θεὸς
2478 4479 2586 4532 ἀπὸ
2633 4479 2789 4544 Θεοῦ,
2827 4478 2923 4530 καὶ
2961 4477 3087 4550 ὅρος
3138 4479 3235 4531 ἀπ’
3283 4475 3441 4546 ὅρους
3482 4458 3704 4537 οὐρανίων

2167 4569 2361 4642 ὀρέων,
2391 4572 2472 4635 είς
2500 4571 2775 4643 σωτηρίαν
2799 4569 2895 4623 τοῦ
2931 4570 3203 4642 ἡμετέρου
3227 4564 3383 4631 λαοῦ,
3411 4562 3469 4616 τὸ
3490 4560 3577 4626 τῆς
3601 4550 3697 4643 ἀέη⁴

472 4671 704 4728 missus.
732 4668 933 4725 Verum
972 4667 1187 4739 Moyses
1237 4683 1267 4721 a
1320 4642 1632 4729 Pharaone,
1687 4673 1741 4720 et
1791 4663 2059 4735 Egyptiis

2171 4662 2340 4727 θείας.
2387 4662 2549 4716 Ἀλλὰ
2576 4642 2817 4734 Μωῦσῆς
2845 4664 2911 4715 ὲκ
2934 4662 3135 4734 Φαραὼ
3165 4661 3262 4715 καὶ
3291 4653 3588 4726 Αἰγυπτίων
3607 4642 3699 4739 έλυ-

473 4764 720 4832 exemit;
749 4762 1010 4819 Christus
1054 4775 1088 4820 a
1135 4759 1355 4816 diabolo
1378 4774 1504 4824 nos,
1536 4769 1590 4814 et
1612 4757 1921 4813 daemonum
1954 4772 2065 4813 ser-

471 4854 653 4910 vitute
698 4852 975 4909 liberavit.
1011 4850 1191 4907 Moses
1226 4848 1527 4914 interfecit,
1563 4857 1620 4905 et
1663 4862 1833 4904 arena
1877 4846 2065 4903 obruit

472 4963 622 5012 eum,
654 4948 750 5020 qui
782 4946 972 5003 Judato
1000 4944 1237 5001 faciebat
1269 4943 1563 5015 iniuriam;
1594 4942 1851 4998 Christus
1881 4941 2067 4996 diabo-

473 5042 591 5095 lum
636 5040 691 5095 in
739 5041 1002 5112 abyssum
1034 5037 1337 5095 detrudens
1372 5036 1597 5093 occidit.
1627 5034 1843 5106 Moyses
1868 5034 2068 5090 fratres

477 5131 622 5187 duos
653 5131 901 5188 rixantes
935 5133 1080 5188 inter
1111 5148 1173 5188 se
1208 5130 1553 5203 pacificavit;
1579 5129 1835 5185 Christus
1869 5128 2065 5183 ambos

479 5238 613 5281 suos
641 5225 877 5296 p0pulos
911 5225 1144 5282 invicem
1178 5224 1522 5287 conciliavit,
1554 5230 1609 5277 et
1663 5237 1787 5277 cum
1832 5222 2068 5277 terrenis

477 5316 731 5375 caelestia
785 5316 1097 5386 conjunxit.
1148 5314 1264 5370 Illic
1316 5314 1623 5370 Pharaonis
1667 5311 1797 5375 ﬁlia,
1834 5327 1958 5366 eum
2001 5311 2067 5365 ad

478 5406 775 5468 lavandum
813 5416 1088 5478 pergeret,
1125 5408 1407 5464 inventum
1464 5406 1689 5477 Moysen
1736 5404 1969 5474 excepit.
2002 5402 2069 5458 At

2171 4754 2449 4828 τρώσατοο
2482 4755 2717 4827 Χριστὸς
2744 4733 2802 4808 δὲ
2820 4756 2888 4808 ἐκ
2920 4754 3186 4818 διαϐόλου,
3226 4752 3323 4807 καὶ
3343 4746 3596 4818 δαιμόνων
3617 4733 3705 4828 ὲλξν

2171 4825 2419 4919 τρώσατο
2440 4825 2607 4918 ήμάς.
2664 4830 2828 4900 Ἀλλά
2861 4848 3164 4917 πεφόνευκε
3197 4843 3440 4912 Μωῦσῆς
3472 4834 3633 4909 χώσας
3666 4825 3709 4875 ὲν

2168 4945 2239 5014 τῇ
2278 4943 2449 5013 ἄμμῳ
2492 4941 2585 4995 τὸν
2629 4941 2918 4996 ἀδικοῦντα
2945 4940 3036 4995 τὸν
3078 4940 3333 4993 Ἰουδαῖον
3355 4953 3370 4968 ο
3414 4925 3710 4986 τεθανάτωκε

2170 5035 2264 5089 καλ⁴
2284 5034 2521 5105 Χριστὸς
2542 5034 2808 5099 διάϐολον,
2833 5030 3208 5105 παραπέμψας
3230 5027 3393 5082 αὑτὸν
3504 5015 3709 5115 addecet.

2166 5128 2465 5199 Εἰρήνευσε
2521 5126 2763 5197 Μωῦσῆς
2802 5126 2929 5188 τοὺς
2965 5122 3059 5176 δύο
3105 5120 3371 5189 ἀδελφοὺς
3426 5113 3589 5200 αὐτοῦ.
3631 5113 3711 5200 μςιί

2170 5194 2466 5290 χοιιένουςο
2517 5194 2803 5289 εἰρήνεύσε
2842 5215 2938 5270 κσὶ
2969 5216 2998 5269 ὁ
3034 5211 3271 5286 Χριστὸς
3311 5207 3438 5267 τοὺς
3465 5194 3712 5290 δύοέλανὺξ

2173 5274 2364 5376 αὐτοῦ,
2402 5274 2717 5373 ένώσάςιτά
2748 5308 2978 5379 οὐράνια
3023 5274 3136 5369 τοίς
3180 5299 3461 5370 δπιγείοις.
3519 5274 3710 5379 Ἐπιξῖῇ

2174 5370 2420 5475 θυγάτηρ
2458 5370 2661 5472 Φαραὼ
2680 5370 2975 5454 λούσασθαι
3007 5395 3357 5470 ἀπερχομένη
3399 5380 3518 5459 εὗρε
3542 5370 3711 5432 λαόοὗ·

555 5596 571 5625 ¹
592 5593 741 5652 Psal.
771 5610 939 5662 cxvn,
973 5595 1063 5648 27.
1141 5597 1162 5627 ³
1202 5594 1341 5649 Gen.
1370 5607 1434 5658 tt,
1463 5592 1519 5647 2.
1598 5592 1661 5645 'l
1693 5592 1822 5665 Cor.
1851 5607 1904 5657 v,
1938 5589 1987 5645 7.

2183 5590 2311 5647 Cor.
2344 5607 2400 5659 v,
2428 5591 2516 5647 l7.

574 5772 663 5827 5|)
690 5769 759 5823 F.
795 5768 1047 5827 θανάτου.

574 5772 632 5826 5|
690 5771 759 5823 F.
795 5771 1047 5827 θανάτου.

548 5771 663 5913 $52}
716 5836 826 5889 Pro
875 5841 1097 5909 όμικάς,
1142 5839 1290 5901 aliud
1342 5835 1784 5896 substituendum
1835 5837 1944 5895 nisi
1997 5838 2065 5895 ab

2170 5768 2306 5840 ὁμοῦ
2339 5768 2449 5840 ﬁat.

2247 5838 2362 5911 (55)
2388 5839 2515 5899 Cor.
2544 5838 2677 5911 πρὸς
2702 5839 2771 5894 τὰ
2804 5836 3066 5911 ἡμέτερα.
