3988 6446
398 423 508 479 ιοο

1364 425 1654 484 HOMILIA
1678 424 1744 481 III
1789 414 1858 474 IN
1896 420 2007 488 DIE
2034 419 2646 479 RESURRECTIONIS
2677 419 2976 480 CHRISTI.

3566 422 3675 482 ι7ο

398 545 467 583 σα
511 532 607 587 τὸν
644 533 921 607 Μωῦσῆνο
968 534 1003 607 ἡ
1047 535 1106 590 δὲ
1139 535 1235 591 τοῦ
1265 538 1503 610 Χριστοῦ
1566 534 1863 608 Ἐκκλησία
1898 535 1992 589 καί⁵

2094 532 2342 590 Ecclesia
2371 532 2578 590 Christi
2603 533 2814 605 pariter
2843 543 2897 590 et
2926 532 3035 588 ﬁlia
3072 546 3199 589 cum
3228 502 3503 606 baptismo
3534 534 3674 591 elui-

399 624 651 697 θυγάτηρ
689 625 1048 696 βαπτίζεσθαι
1094 627 1206 700 (54)
1257 628 1522 699 λαμϐάνει
1576 629 1831 700 Χριστὸν,
1887 626 1988 680 οὐκ

400 716 512 770 ἀπὸ
574 712 736 786 ίὶίϐης
787 720 1150 790 τριμηνιαῖον,
1202 719 1278 783 ὡς
1322 719 1591 790 Μωῦσῆν,
1636 719 1751 772 ἀλλ’
1792 719 1856 771 ὲκ
1893 716 1987 770 τοῦ

398 806 576 876 τάφου
631 809 931 881 τριὴμερον
972 810 1094 864 ἀντὶ¹
1140 812 1372 882 Μωῦσῆ.
1419 812 1567 865 Ἐκεῖ
1616 810 1861 875 τυπικῶς
1893 812 1990 866 καὶ

399 900 734 971 νυκτερινῶς
777 902 837 956 τὸ
876 903 1069 973 Πάσχα
1102 906 1130 958 6
1180 904 1398 976 Ἰσραὴλ
1437 904 1720 976 εποίησεν·
1754 902 1989 958 ἐνταῦθα

401 992 686 1060 φωτεινιῖκ
735 1010 795 1045 τε
839 993 930 1047 καὶ
976 994 1252 1068 ἡμερινῶς
1303 995 1367 1048 τὸ
1405 996 1601 1066 Πάσχα
1632 994 1984 1066 ἑορτάζομεν.

412 1081 565 1134 Ἐκεῖ
614 1081 753 1153 πρὸς
807 1083 1046 1154 ἑσπέραν
1102 1083 1203 1151 τῆς
1254 1084 1497 1156 ἡμέρας·
1556 1084 1790 1139 ἐνταῦθα
1850 1084 1987 1156 πρὸς

400 1174 645 1246 ἑσπέραν
666 1174 773 1229 τῶν
806 1176 1011 1248 χρόνων
1045 1174 1137 1229 τοῦ
1165 1176 1381 1240 αἰῶνος.
1428 1177 1575 1231 Ἐκεῖ
1595 1177 1652 1231 αἱ
1677 1176 1784 1231 τῶν
1816 1175 1987 1246 φλιῶν

401 1264 562 1336 θύραι
592 1265 669 1337 τῷ
699 1267 890 1337 αἵματι
943 1268 1186 1338 ἐχρίοντο
1207 1285 1219 1299 ·
1268 1267 1503 1323 ἐνταῦθα
1536 1270 1591 1324 αί
1620 1268 1729 1322 τῶν
1777 1262 1987 1323 πιστῶν

398 1358 622 1430 καρδίαι
656 1359 732 1430 τῷ
763 1360 857 1412 τοῦ
890 1360 1126 1430 Χριστοῦ
1163 1362 1551 1431 σφραγίζονται
1580 1362 1794 1433 αἵματι.
1841 1361 1989 1415 Ἐκεῖ

399 1451 691 1522 νυκτερινὴ
718 1446 787 1523 ἦν
823 1452 1004 1515 θυσία,
1036 1453 1130 1507 καί
1163 1454 1317 1506 νυκτὶ
1361 1456 1394 1525 ἡ
1437 1455 1536 1525 τῆς
1575 1454 1842 1526 Ἐρυθρᾶς
1892 1453 1986 1507 θα-

396 1541 607 1612 λάσσης
638 1542 919 1606 διάϐασις*
952 1544 1187 1597 ἐνταῦθα
1231 1544 1497 1616 σωτηρία,
1548 1544 1642 1598 καὶ⁵
1683 1544 1922 1616 φωτεινὴ
1951 1546 1985 1615 ἡ

396 1631 503 1702 τῆς
528 1633 794 1705 Ἐρυθρᾶς
824 1634 934 1704 (55)
954 1634 1046 1687 τοῦ
1070 1635 1442 1706 βαπτίσματος
1468 1634 1732 1701 Θάλασσα,
1763 1639 1860 1690 καὶ
1885 1652 1987 1689 πυ-

400 1723 662 1795 ριζούσης
685 1725 746 1778 τὸ
775 1724 886 1797 πῦρ
919 1726 1014 1780 τοῦ
1048 1727 1368 1797 Πνεύματος
1388 1746 1401 1759 ο
1442 1731 1499 1782 ὲν
1528 1721 1572 1798 ᾧ
1622 1731 1716 1783 καὶ
1756 1730 1984 1801 Πνεῦμα

396 1813 536 1868 Θεοῦ
560 1816 776 1886 άληθῶς
815 1817 1133 1888 ἐπιφέρεται
1171 1818 1329 1889 ὁμοῦ,
1364 1820 1456 1874 καὶ
1485 1820 1852 1890 ἐπιφαίνεται,
1889 1823 1983 1877 καὶ

398 1907 498 1959 ἐπὶ
535 1909 630 1961 τοῦ
668 1907 832 1962 αὑτοῦ
872 1909 1084 1975 ὓδατος,
1126 1912 1183 1965 ὲν
1228 1905 1272 1979 ᾧ
1313 1913 1659 1984 συντρίϐεται
1701 1915 1735 1985 ἡ
1775 1915 1985 1986 κεφαλὴ

394 1996 495 2051 τοῦ
536 1998 850 2067 δράκοντος,
906 2002 1000 2054 καὶ
1051 2003 1311 2072 ἄρχοντος
1356 2002 1465 2057 τῶν
1517 2004 1827 2076 δρακόντων
1876 2006 1986 2061 τῶν

393 2084 730 2157 δαιμονικῶν
779 2088 872 2142 τοῦ
914 2089 1167 2146 διαϐόλου
1221 2092 1389 2147 λαῶν.
1449 2094 1597 2146 Ἐκεῖ
1636 2095 1728 2148 τὸν
1771 2097 1985 2168 Ἰσραὴλ

393 2180 701 2251 νυκτερινῷ
749 2181 996 2250 Μωῦσῆς
1054 2180 1425 2252 βαπτίσματι·
1487 2186 1604 2238 ἐκεῖ
1652 2189 1850 2258 νεφέλη
1896 2188 1987 2244 τὸν

391 2269 526 2322 λαδν
578 2269 801 2322 σκέπει·
849 2269 939 2323 τὸν
990 2271 1044 2324 δὲ
1092 2270 1330 2343 Χριστοῦ
1372 2273 1563 2345 λαὺνὴ
1609 2274 1839 2347 δύναμις
1890 2276 1985 2331 τοῦ

406 2360 667 2430 Ὑψίστου
707 2361 1036 2424 ἐπισκιάζει.
1094 2363 1242 2417 Ἐκεῖ
1306 2365 1399 2418 τοῦ
1447 2365 1578 2420 λαοῦ
1633 2368 1899 2434 σωθέντος
1953 2371 1985 2441 ἡ

392 2451 679 2515 Μωῦσέως
717 2452 903 2523 Μαρία
951 2454 1276 2525 ἐχόρευσεν·
1329 2456 1563 2511 ἐνταῦθα
1605 2459 1661 2512 δὲ
1713 2460 1807 2513 τοῦ
1854 2460 1985 2515 λαοῦ

384 2542 508 2596 τῶν
538 2541 710 2596 ἐθνῶν
749 2544 1058 2615 σωζομένου
1087 2549 1119 2617 ἡ
1156 2544 1249 2599 τοῦ
1280 2547 1522 2618 Χριστοῦ
1566 2550 1861 2622 Ἐκκλησία
1890 2556 1986 2608 σὺν

394 2635 605 2698 πάσαις
642 2635 809 2707 αὐτῆς
844 2637 964 2699 ταῖς
1010 2637 1359 2709 Ἐκκλησίαις
1388 2640 1668 2711 ἑορτάζει.
1716 2641 1863 2696 Ἐκεῖ
1886 2644 1988 2713 τῆς

391 2726 634 2789 κτίσεως
690 2727 866 2799 πέτρᾳ
914 2728 1249 2799 προσφεύγει
1299 2730 1574 2802 Μωῦσῆς·
1620 2734 1853 2788 ἐνταῦθα
1878 2737 1985 2809 ετῆς

390 2819 641 2882 πίστεως
681 2819 860 2891 πέτρα
894 2821 1231 2891 προσφεύγει
1265 2823 1293 2874 6
1332 2821 1479 2887 λαός.
1520 2824 1666 2877 Ἐκεῖ
1694 2828 1749 2879 at!
1785 2828 1986 2883 πλάκαι

389 2911 451 2962 αἱ
505 2911 731 2980 νομικαὶ
785 2912 1178 2984 συντρίϐονται,
1232 2914 1331 2985 τὴν
1388 2913 1482 2967 τοῦ
1526 2915 1691 2986 νόμου
1739 2919 1987 2975 διάϐασιν

393 3001 706 3073 μηνύουσαι
740 3002 897 3073 ὁμοῦ,
936 3003 1031 3056 καὶ
1061 3004 1391 3060 παλαίωσιν·
1434 3008 1668 3061 ἐνταῦθα
1696 3010 1751 3062 δὲ
1778 3012 1825 3064 ot
1856 3011 1984 3069 θεῖοι

390 3094 553 3164 νόμοι
579 3093 937 3166 ἀδιάρῤηκτοι
960 3095 1243 3161 σώζονται.
1290 3098 1438 3152 Ἐκεῖ
1469 3100 1669 3171 μόσχος
1694 3104 1988 3173 ἐχωνεύετο

2092 635 2202 693 tur,
2234 625 2514 682 Christum
2559 627 2761 697 excipit
2792 644 2807 681 :
2838 640 2950 680 non
2997 624 3149 679 illum
3199 625 3415 696 quidem
3444 641 3513 682 ex
3543 639 3671 680 arca

2091 721 2449 785 trimestrem,
2484 719 2562 773 uti
2595 718 2843 791 Moysen,
2872 717 2966 774 sed
2996 731 3097 787 pro
3119 715 3305 790 Moyse
3326 733 3393 772 ex
3416 717 3671 788 sepulcro

2090 811 2431 871 triduanum.
2464 809 2581 878 Illic
2613 812 2866 882 ﬁgurate,
2896 824 2961 865 ac
2990 819 3157 864 noctu
3188 808 3399 864 Pascha
3427 808 3671 865 celebra-

2091 904 2168 960 vit
2200 904 2405 969 Israel;
2439 903 2531 960 hic
2558 919 2683 959 cum
2715 904 2837 959 luce
2864 917 2929 957 ac
2963 901 3273 973 splendore,
3302 902 3543 957 interdiu
3567 900 3672 983 Pa-

2090 996 2223 1052 scha
2266 996 2600 1067 peragimus.
2642 992 2761 1049 Illic
2809 992 2914 1050 sub
2969 992 3078 1048 diei
3124 1008 3447 1064 vesperam;
3495 993 3586 1047 hic
3615 993 3670 1047 in

2089 1102 2371 1159 vesperam
2442 1086 2836 1142 inclinantibus
2896 1084 3083 1141 saeculi
3139 1084 3498 1154 temporibus.
3557 1083 3673 1139 Illic

2078 1178 2329 1249 pestium
2370 1192 2434 1232 ac
2482 1177 2733 1232 liminum
2766 1174 2983 1237 foribus
3013 1175 3183 1231 illitus
3224 1182 3309 1230 est
3352 1189 3553 1242 cruor;
3583 1175 3675 1230 hic

2087 1271 2356 1342 sanguine
2389 1267 2592 1324 Christi
2624 1266 2794 1324 corda
2841 1266 3083 1322 ﬁdelium
3138 1266 3519 1337 obsignantur.
3556 1265 3674 1321 Illic

2087 1373 2140 1422 et
2165 1372 2328 1420 noctu
2348 1362 2743 1428 sacriﬁcatum,
2768 1368 2823 1416 et
2847 1368 3018 1415 noctu
3047 1357 3293 1413 Rubrum
3313 1373 3466 1413 mare
3489 1366 3671 1413 trans-

2087 1455 2318 1512 missum
2366 1462 2487 1520 est;
2528 1453 2616 1508 hic
2649 1468 2780 1508 vero
2814 1452 2985 1517 salus,
3016 1460 3070 1506 et
3103 1450 3446 1521 splendidum
3479 1465 3541 1505 ac
3573 1439 3672 1504 ru—

2085 1547 2245 1602 brum
2277 1546 2418 1600 inest
2437 1543 2789 1614 baptismatis
2814 1556 2986 1606 mare,
3017 1541 3164 1612 quod
3192 1540 3429 1610 Spiritus
3462 1540 3674 1611 fulgore

2085 1636 2275 1691 rutilat
2309 1653 2322 1689 :
2353 1633 2441 1689 cui
2476 1633 2695 1703 quidem
2731 1647 2921 1688 revera
2951 1630 3046 1686 Dei
3080 1630 3319 1700 Spiritus
3345 1616 3591 1696 incubat,
3615 1631 3673 1685 in

2086 1746 2263 1801 eoque
2309 1729 2685 1799 conspicitur;
2734 1728 2923 1782 eadem
2982 1725 3234 1781 videlicet
3284 1740 3446 1795 aqua,
3474 1725 3530 1779 in
3564 1741 3669 1796 qua

2089 1822 2345 1878 draconis
2396 1820 2641 1889 adeoque
2666 1816 2967 1872 draconum
2999 1816 3284 1887 principis,
3312 1817 3417 1870 hoc
3445 1822 3523 1870 est
3550 1815 3672 1870 dia—

2090 1914 2198 1970 boli
2233 1912 2548 1975 satellitum,
2587 1915 2752 1979 caput
2785 1902 3111 1963 conteritur.
3151 1905 3268 1961 Illic
3313 1906 3526 1978 Moyses
3571 1920 3674 1960 no-

2091 2014 2289 2059 cturno
2335 2003 2610 2072 baptismo
2646 2000 2925 2055 Israelitas
2955 2000 3107 2066 lavit,
3142 1999 3250 2052 illic
3276 1999 3677 2079 populum‘nu-

2090 2096 2189 2151 bes
2230 2094 2458 2149 obtexit.
2509 2092 2579 2145 At
2625 2090 2831 2145 Christi
2878 2090 3138 2160 populum
3184 2087 3454 2143 Altissimi
3499 2088 3676 2143 virtus

2091 2183 2399 2238 obumbrat.
2436 2179 2572 2241 Illic,
2600 2185 2788 2247 erepto
2830 2178 3052 2249 populo,
3082 2176 3283 2248 Moysis
3313 2192 3470 2232 soror
3504 2176 3674 2230 Maria

2091 2275 2322 2331 choreas
2364 2272 2554 2337 duxit;
2589 2270 2676 2324 hic
2726 2269 2955 2323 liberato
3001 2268 3280 2337 gentilium
3318 2268 3540 2337 populo,
3575 2266 3677 2322 Ec-

2091 2367 2258 2422 clesia
2287 2363 2493 2421 Christi
2523 2376 2647 2416 eum
2689 2360 2805 2416 suis
2833 2360 3088 2414 omnibus
3124 2358 3388 2415 Ecelesiis
3420 2358 3558 2415 festa
3585 2374 3677 2414 ce-

2091 2457 2281 2511 lebrat.
2325 2453 2439 2507 Illic
2491 2452 2558 2506 ad
2611 2458 2851 2506 creatam
2894 2457 3103 2520 petram
3141 2449 3353 2521 Moyses
3384 2448 3672 2519 confugit;

2090 2548 2179 2602 hic
2209 2547 2277 2601 ad
2315 2545 2437 2600 ﬁdei
2469 2552 2678 2614 petram
2713 2542 2952 2613 populus
2992 2556 3115 2596 sese
3142 2541 3354 2611 recipit.
3389 2540 3505 2594 Illic
3535 2540 3676 2610 legis

2094 2640 2293 2694 tahulze
2319 2637 2668 2707 franguntur,
2701 2648 2823 2704 quae
2859 2648 2947 2687 res
2979 2620 3355 2702 praeteritum,
3383 2638 3437 2686 et
3471 2631 3677 2687 invete-

2089 2739 2291 2786 raturae
2335 2729 2473 2798 legis
2514 2726 2778 2781 indicium
2835 2723 2966 2789 fuit;
3004 2723 3092 2777 hic
3124 2722 3324 2777 divinae
3362 2722 3508 2792 leges
3537 2721 3677 2777 inte-

2091 2837 2200 2893 grae
2229 2820 2609 2888 inviolataeque
2653 2804 2962 2871 servantur.
2994 2811 3109 2869 Illic
3159 2814 3224 2869 ad
3247 2814 3433 2885 populi
3459 2828 3675 2884 poenam

2092 2915 2364 2970 conﬂatur
2396 2913 2640 2977 vitulus;
2677 2909 2765 2964 hic
2792 2909 2861 2965 ad
2896 2908 3129 2964 salutem
3160 2908 3347 2977 populi
3369 2906 3464 2961 Dei
3489 2907 3677 2978 Agnus

2092 3010 2427 3064 immolatur.
2471 3004 2589 3058 Illic
2636 3012 2791 3073 petra
2836 3002 2990 3071 virga
3045 3000 3387 3070 percutitur;
3418 2998 3511 3055 hic
3544 3014 3678 3055 vero

2091 3100 2314 3164 Christi,
2345 3098 2439 3169 qui
2473 3106 2556 3152 est
2582 3104 2755 3165 petra,
2800 3094 2943 3147 latus
2972 3091 3350 3146 transfoditur.
3396 3090 3508 3145 Illic
3535 3103 3678 3161 aqua

388 3185 474 3272 είς
500 3182 725 3272 τοῦ
754 3184 883 3238 λαοῦ
908 3186 1175 3258 τιμωρίαν
1194 3204 1209 3218 ο
1247 3188 1482 3242 ἐνταῦθα
1518 3190 1573 3243 δὲ
1599 3193 1627 3244 ό
1646 3193 1862 3263 κ’Λμνὸς
1894 3194 1985 3250 τοῦ

2092 3198 2158 3252 de
2188 3203 2341 3266 petra
2370 3189 2710 3263 prorumpit;
2750 3186 2838 3240 hic
2872 3199 2938 3240 ex
2967 3183 3182 3239 viviﬁco
3241 3185 3406 3237 latere
3451 3180 3678 3252 sanguis

391 3270 531 3323 Θεοῦ
598 3271 787 3325 θύεται
844 3276 925 3338 είς
977 3276 1073 3347 τὴν
1121 3276 1214 3329 τοῦ
1277 3276 1407 3331 λαοῦ
1475 3284 1772 3353 σωτηρίαν.
1844 3285 1993 3341 Ἐκεῖ

2094 3297 2147 3344 et
2179 3301 2320 3358 aqua
2351 3282 2595 3355 proﬂuit.
2630 3280 2709 3335 Illi
2739 3276 3085 3333 coturnicum
3124 3289 3321 3329 carnes
3353 3273 3572 3328 coalitus
3593 3286 3679 3326 ac-

409 3362 584 3433 ράϐδῳ
624 3364 801 3435 πέτρα
846 3364 1110 3419 τύπτεται
1132 3379 1145 3395 ⁸
1197 3367 1432 3421 ἐνταῦθα
1466 3370 1523 3423 δὲ
1556 3372 1791 3444 Χριστὸς
1825 3377 1857 3447 ἡ
1893 3377 1989 3429 πέα

2091 3389 2387 3450 ceperunt;
2439 3390 2541 3430 nos
2596 3372 2835 3443 Spiritus
2884 3369 3058 3425 sancti
3105 3365 3413 3423 columbam
3465 3379 3531 3419 ex
3566 3364 3677 3418 aito

407 3470 509 3524 τρα
533 3454 620 3525 τὴν
654 3455 897 3527 πλευρὰν
915 3456 1185 3523 νύτῖεται.
1218 3459 1365 3514 Ἑκεῖ
1390 3459 1535 3533 ὕδωρ
1566 3464 1628 3517 ἐκ
1661 3465 1760 3536 τῆς
1784 3468 1989 3539 πέτρας

2091 3472 2446 3543 suscipimus.
2480 3467 2559 3519 Illi
2593 3461 2988 3534 temporarium
3045 3473 3249 3513 manna
3293 3455 3672 3517 comederunt,

399 3543 711 3616 ἐξέρχεται·
788 3546 1023 3602 ἐνταῦθα
1071 3544 1208 3620 αἷμα
1255 3553 1349 3605 καὶ
1409 3551 1552 3624 ὕδωρ
1608 3557 1672 3609 ὲκ
1722 3557 1986 3622 ζωοποιοῦ

2091 3573 2138 3621 et
2170 3562 2369 3619 mortui
2395 3566 2555 3623 sunt;
2589 3571 2691 3611 nos
2722 3569 2861 3626 pane
2890 3551 3168 3608 vescimur
3199 3550 3254 3605 in
3281 3550 3443 3605 vitam
3477 3546 3677 3617 sempi-

392 3638 639 3708 πλευρᾶς
670 3639 999 3709 πηγάςεται.
1046 3643 1273 3696 Ἐκεῖνοι
1298 3644 1718 3720 ὀρτυγομήτραν
1749 3653 1887 3723 κρέα
1926 3660 1984 3726 ἐξ
2090 3669 2319 3714 lernam.

386 3733 626 3805 οὐρανοῦ
673 3734 954 3827 ἐδέξαντο·
1014 3738 1175 3809 ἡμεῖς
1203 3739 1260 3792 δὲ
1297 3741 1625 3814 περιστερὰν
1666 3747 1759 3801 τοῦ
1817 3754 2135 3827 Πνεύματος
2186 3751 2246 3818 ἐξ
2293 3749 2464 3821 ὕψους
2504 3742 2795 3817 δεχόμεθα.
2852 3741 3082 3794 Ἐκεῖνοι
3128 3737 3302 3809 μάννα
3344 3733 3680 3805 πρόσκαιρον

386 3828 623 3895 ἔφαγον,
654 3828 746 3881 καὶ
783 3826 1053 3883 ἀπέθανον
1073 3846 1086 3859 ·
1136 3832 1299 3901 ἡμεῖς
1329 3832 1479 3903 (γάρ)
1520 3836 1682 3906 ἄρτον
1712 3826 1980 3916 ,ἐσθίομεν
2014 3851 2094 3912 εις
2129 3846 2274 3915 ζωὴν
2303 3842 2541 3895 αἰώνιον.

479 3919 623 3972 Ἀλλ’
654 3922 838 3975 ἐκεῖνα
866 3921 941 3985 ὡς
974 3922 1178 3977 παλαιά
1205 3925 1297 3977 καὶ
1338 3924 1540 3999 σκιώδη
1580 3933 1983 4006 πεπαλαίωται,

2166 3937 2368 3995 Verum
2400 3935 2489 3987 illa
2526 3939 2786 4000 tanquam
2808 3934 2992 3981 vetera
3020 3931 3073 3977 et
3099 3919 3423 3975 adumbrata
3454 3916 3677 3972 demum

387 4010 492 4064 καὶ
520 4011 860 4066 τετέλεσταιυ
890 4012 959 4066 τὰ
992 4014 1049 4066 δὲ
1094 4012 1190 4072 τοῦ
1228 4016 1499 4088 ἡμετέρου
1528 4018 1657 4074 λαοῦ
1689 4024 1861 4094 αὔξει,
1895 4031 1987 4083 καὶ

2096 4030 2500 4089 obsoleverunt,
2539 4031 2592 4077 et
2627 4020 2896 4089 completa
2933 4024 3063 4072 sunt
3102 4034 3114 4068 :
3148 4028 3269 4084 qum
3314 4013 3379 4065 ad
3426 4018 3678 4065 nostrum

390 4100 629 4154 ἐπανθεῖ
652 4102 732 4164 είς
754 4102 842 4155 ἀεὶ
867 4102 1211 4173 διαμένοντα.
1253 4103 1402 4175 Αὕτη
1434 4105 1525 4161 τοῦ
1559 4109 1749 4182 Πάσχα
1772 4116 1930 4186 ἡμῶν
1953 4119 1986 4187 ἡ

2098 4120 2356 4193 populum
2403 4114 2697 4187 pertinent,
2729 4116 2998 4180 augentur
3048 4107 3102 4159 in
3154 4105 3293 4167 dies,
3332 4113 3384 4158 et
3419 4100 3680 4193 percu—nia

391 4193 677 4265 πρότυπος
699 4212 712 4223 ·
749 4194 889 4265 αῦτη
919 4194 1025 4250 τῶν
1048 4196 1289 4266 νομικῶν
1321 4197 1663 4269 πραγμάτων
1690 4206 1722 4275 ἡ
1754 4206 1989 4278 σκιώδης

2092 4191 2460 4283 perpetuaque
2487 4204 2806 4257 ﬂorescunt.
2848 4195 3133 4268 Ejusmodi
3166 4195 3341 4266 ﬁgura
3370 4192 3545 4247 nostri
3575 4191 3680 4245 Pa-

392 4285 672 4351 ὃιάϐασις.
703 4287 858 4340 Οῦτω
902 4286 971 4342 τὰ
1011 4288 1108 4358 τῆς
1140 4288 1332 4360 ἑορτῆς
1360 4289 1552 4362 νόησον
1574 4309 1587 4325 ·
1621 4293 1765 4350 οῦτω
1793 4297 1863 4351 τὰ
1895 4299 1990 4354 τοῦ

2093 4302 2300 4358 schatis
2331 4298 2460 4365 fuit;
2489 4296 2605 4349 haec
2653 4293 2788 4362 legis
2832 4289 3175 4362 negotiorum
3232 4283 3551 4339 adumbrata
3579 4283 3677 4337 de-

396 4373 645 4438 Μωσέως
675 4376 769 4427 καὶ
809 4374 917 4430 τῶν
947 4377 1241 4448 προφητῶν
1268 4380 1397 4451 περὶ
1423 4381 1522 4451 τῆς
1560 4384 1774 4456 ἡμέρας
1794 4391 1997 4463 σκόπη-

2093 4393 2299 4451 cursio.
2336 4390 2463 4445 Haec
2509 4387 2609 4442 tibi
2653 4384 2778 4441 festi
2822 4382 2969 4438 illius
3009 4376 3353 4435 informanda
3379 4375 3570 4430 notio:
3599 4373 3680 4430 sic

397 4484 516 4532 σον,
531 4467 620 4520 ἵνα
643 4467 871 4539 πεισθῇς
884 4471 950 4539 τῇ
967 4470 1280 4533 ἀναστάσει.
1300 4474 1583 4540 Ἀπιστίας
1597 4477 1668 4545 γά
1676 4495 1705 4547 ρ
1721 4480 1921 4547 πάντες
1936 4485 1995 4538 τὸ

2095 4502 2179 4551 ea,
2211 4499 2334 4556 quae
2368 4482 2436 4537 ad
2468 4480 2733 4552 Moysem,
2755 4482 2810 4533 et
2838 4473 3134 4545 prophetas
3168 4470 3422 4536 attinent,
3445 4468 3512 4522 ad
3536 4468 3680 4523 hanc

397 4557 669 4627 κάλυμμα
691 4558 1217 4632 περίκεινται.⁹Έχει
1232 4561 1344 4633 (56)
1376 4564 1608 4631 πολλοὺς
1624 4569 1750 4633 τοὺς
1764 4570 1988 4641 τύπους,

2098 4562 2241 4634 diem
2268 4572 2732 4644 contemplatione
2757 4567 3044 4624 referenda
3072 4574 3222 4631 sunt,
3248 4571 3309 4617 ut
3327 4562 3684 4619 resurrectio-

397 4653 499 4706 καὶ
540 4654 986 4727 άπεριγράπτους
1028 4658 1127 4728 τῆς
1165 4660 1230 4713 ἐκ
1256 4661 1465 4733 νεκρῶν
1492 4664 1860 4729 ἀναστάσεως,
1897 4665 1991 4719 καὶ

2094 4666 2333 4726 ηϊῆιίθιιι
2354 4666 2637 4723 adhibeas.
2669 4662 2938 4717 Omnibus
2962 4660 3107 4714 enim
3133 4657 3313 4713 velum
3343 4653 3681 4711 inﬁdelitatis

394 4744 769 4810 ἀναϐιώσεως.
815 4748 1031 4829 Ταύτης
1091 4749 1307 4823 μάρτυρ
1366 4753 1681 4820 ἀξιόπιστος
1719 4756 1903 4811 Ἰσαὰκ
1954 4760 1989 4829 ἡ

400 4840 626 4923 σφαγή·
677 4838 885 4910 ταύτης
937 4840 1108 4905 τύπος
1163 4844 1191 4894 6
1235 4842 1435 4909 λάκκος
1473 4846 1568 4899 τοῦ
1607 4848 1824 4920 Ἰωσὴφ,
1860 4850 1918 4903 ἐν
1948 4841 1993 4918 ᾧ

398 4927 510 4981 ὑπὸ
542 4924 648 4981 τῶν
670 4928 913 4999 ἀδελφῶν
944 4931 1231 5004 ἐνεϐλήθη,
1256 4933 1407 4988 ἔνθεν
1430 4936 1661 5007 ἀνῆλθεν
1686 4938 1951 5004 ἀθάνατος
1975 4957 1989 4971 θ

394 5018 608 5089 ταύτης
634 5019 803 5084 τύπος
843 5022 1109 5093 Ἰερεμίου
1144 5025 1172 5076 6
1202 5024 1423 5092 λάκκος,
1462 5026 1583 5082 ὅθεν
1619 5028 1767 5094 ἅπαξ
1799 5033 1863 5083 ὲκ
1894 5031 1993 5101 τῆς

396 5110 630 5183 φθορᾶς,
660 5112 871 5166 καὶτοῦ
901 5112 1161 5187 βορϐόρου
1206 5116 1425 5187 ἀνῆλθε.
1460 5119 1698 5189 Χριστοῦ
1733 5120 1833 5193 τῆς
1858 5122 1992 5176 ἁνα-

403 5203 649 5266 στάσεως
689 5199 861 5269 τύπος
894 5204 989 5258 τοῦ
1042 5207 1193 5260 Ἰωνᾶ
1222 5210 1283 5262 τὸ
1320 5211 1506 5280 κῆτος,
1538 5212 1596 5278 ἐξ
1645 5206 1706 5267 οῦ
1755 5214 1993 5286 προῆλθε

405 5294 919 5365 τριήμερος.Ἔχεις
944 5296 1038 5350 καὶ
1069 5297 1226 5352 ἄλλον
1243 5297 1338 5352 τοῦ
1370 5301 1428 5352 ὲν
1460 5299 1587 5373 ᾅδου
1615 5301 1993 5375 δεσμωτηρίου

406 5382 572 5437 τύπον
605 5383 667 5436 τὸ
694 5382 790 5437 τοῦ
830 5384 1027 5457 Ἰωσὴφ
1056 5386 1452 5462 δεσμωτήριον,
1488 5389 1614 5444 ἔνθα
1634 5390 1796 5446 αὐτὸν
1820 5394 1853 5462 ἡ
1884 5410 1997 5464 μοι·

402 5475 561 5544 χαλὶς
595 5473 890 5546 συναγωγὴ
916 5475 1290 5541 κατέκλεισεν,
1324 5476 1384 5542 ἐξ
1432 5471 1492 5532 οῦ
1534 5477 1797 5551 προῆλθεν
1828 5478 1995 5532 ἀϐλα-

398 5567 506 5639 ϐὴς
549 5566 645 5621 καὶ
682 5567 922 5639 τριετὴς,
955 5567 1029 5631 ὡς
1059 5567 1296 5640 Χριστὸς
1342 5573 1634 5644 τριὴμερος
1675 5572 1739 5627 ὲκ
1762 5571 1991 5645 νεκρῶν.

475 5770 591 5841 (54)
634 5771 693 5841 F.
733 5774 791 5824 ὲν
815 5770 897 5837 τῷ
926 5772 1086 5840 βαπτ.

474 5840 591 5913 (55)
630 5840 690 5898 Β.
722 5843 816 5896 καὶ
848 5841 1106 5913 Ἐρυθρά.

2095 4762 2407 4819 obducitur.
2429 4758 2687 4815 Plurimae
2717 4761 2866 4820 sunt,
2893 4762 2946 4810 et
2968 4767 3089 4823 quae
3105 4748 3491 4822 comprehendi
3520 4746 3684 4802 facile

2096 4863 2391 4926 nequeant,
2425 4847 2850 4907 resurrectionis
2899 4860 2930 4899 a
2972 4843 3204 4899 mortuis
3236 4850 3292 4897 et
3321 4839 3682 4897 instauratio-

2095 4945 2183 4999 nis
2208 4945 2410 5014 ﬁgurae.
2446 4939 2623 5009 Hujus
2656 4939 2853 4994 idonea
2882 4934 3041 4989 testis
3064 4938 3150 4986 est
3178 4929 3352 4985 Isaaci
3385 4927 3678 5001 jugtrlatio.

2099 5034 2272 5102 Hujus
2302 5033 2430 5087 item
2469 5029 2637 5100 ﬁgura
2659 5025 2879 5096 Iosephi
2906 5035 3105 5094 puteus
3129 5020 3219 5075 ille
3240 5017 3363 5087 fuit,
3383 5019 3438 5075 in
3462 5035 3624 5090 quem
3648 5033 3679 5074 a

2096 5124 2357 5180 fratribus
2381 5114 2465 5179 e§t
2496 5116 2800 5190 coniectus,
2826 5114 2969 5171 unde
2981 5123 3037 5168 et
3053 5128 3250 5185 expers
3274 5112 3465 5168 mortis
3488 5125 3683 5167 ascena

2097 5217 2193 5271 dit.
2226 5213 2483 5270 Eamdem
2512 5221 2566 5268 et
2590 5209 2839 5266 Ieremite
2867 5208 3106 5264 cisterna
3138 5205 3502 5278 signiﬁcavit;
3536 5201 3682 5257 unde

2096 5323 2164 5364 ex
2190 5305 2561 5376 corruptione,
2592 5310 2647 5360 et
2679 5316 2838 5357 emno
2878 5298 3045 5356 semel
3071 5305 3295 5354 evectus
3322 5305 3427 5351 est.
3477 5292 3686 5350 Resur-

2096 5398 2393 5453 reetionem
2435 5393 2640 5450 Christi
2685 5391 2838 5447 Jonas
2891 5399 3046 5447 cetus
3096 5386 3465 5454 adumbravit,
3514 5399 3681 5455 equo

2100 5487 2389 5543 triduanus
2419 5484 2642 5558 prodiit.
2674 5483 2853 5540 [labes
2884 5491 2936 5537 et
2970 5483 3131 5538 aliam
3162 5478 3463 5536 inferorum
3494 5491 3685 5533 carce-

2098 5579 2175 5635 ris
2208 5578 2521 5650 imagincm,
2550 5574 2773 5647 Iosephi
2805 5575 3019 5632 scilicet
3057 5585 3372 5639 carcerem;
3421 5569 3478 5625 in
3518 5583 3688 5642 quem

2171 5773 2287 5847 (56)
2334 5769 2390 5829 Ρ.
2432 5774 2588 5845 ἔχεις.
