3988 6422
472 432 572 492 ιιι

1733 466 1736 470 ’
1772 444 1980 505 DUBIA
2020 446 2060 501 Α

2163 447 2166 464 '
2202 447 2475 504 SPURIA.
3609 469 3699 524 4⁸72

459 553 630 618 illum
657 554 906 614 adultera
941 558 1226 633 Synagoga
1271 563 1567 636 compegit,
1605 534 1747 623 unde
1779 577 1833 623 et
1863 569 2060 626 illaesus

2167 571 2304 626 Μεθ’
2322 565 2397 626 ὧν
2423 573 2516 626 καὶ
2546 573 2745 646 Δανιὴλ
2759 573 2868 645 (57)
2888 574 2978 630 τὸν
3005 575 3115 630 τῶν
3143 577 3364 634 λεόντων
3386 580 3567 641 λάκκον
3588 604 3701 660 προ-

471 655 595 717 post
641 649 942 705 triennium
995 653 1151 720 exiit,
1178 655 1256 710 uti
1307 665 1430 728 post
1477 657 1720 713 triduum
1755 660 2007 718 Christus
2036 679 2066 718 a

474 738 706 793 mortuis
735 739 1029 796 excitatur.
1064 743 1377 800 Secundum
1408 747 1547 803 istos
1578 758 1628 804 et
1660 747 1843 806 Daniel
1873 752 1926 806 in
1953 754 2066 808 leo-

476 841 603 879 num
634 843 859 885 caveam
884 832 1166 891 immissus
1189 835 1488 894 Salvatoris
1515 841 1826 909 sepulcrum
1857 843 2068 899 indica-

475 923 575 981 vit,
604 932 671 972 ex
725 936 837 990 quo
886 923 1043 980 vivus
1092 925 1254 983 Jesus
1297 929 1622 998 ascendens,
1654 933 1722 988 ab
1775 935 1968 994 inferis
2013 946 2068 994 et

472 1019 673 1078 morte,
721 1021 979 1084 tanquam
1030 1034 1060 1072 e
1111 1020 1310 1077 mediis
1363 1023 1638 1091 leonibus,
1672 1028 1917 1084 emersit.
1970 1028 2066 1087 His

474 1097 649 1158 fretus
672 1101 892 1162 Iudaeos
925 1107 1225 1180 redargue;
1269 1113 1352 1170 bis
1401 1116 1524 1173 illos
1552 1117 1810 1188 increpa;
1841 1121 1910 1176 ad
1940 1138 2065 1179 eum

473 1194 696 1248 modum
725 1196 926 1254 Christi
948 1203 1258 1270 passionem
1318 1221 1381 1262 ac
1404 1212 1865 1268 resurrectionem
1891 1223 2063 1271 tuere.

469 1281 599 1339 Haec
634 1287 729 1341 tibi
769 1304 1046 1346 armorum
1083 1296 1338 1364 praesidia
1379 1299 1646 1356 hodierna
1692 1305 2068 1375 suppeditabit

461 1373 684 1445 ’oratio;
711 1378 828 1435 haec
859 1391 910 1437 te
938 1386 1202 1456 mysteria
1229 1390 1520 1448 celebritas
1551 1395 1655 1449 ista
1687 1373 1990 1466 perdocuit.

541 1467 744 1526 Verum
789 1475 916 1545 quid
949 1478 1193 1535 deinde?
1227 1481 1367 1538 Num
1416 1486 1518 1540 soli
1560 1503 1663 1544 nos
1697 1490 1895 1545 festum
1933 1493 2066 1547 illud

467 1558 712 1616 solemne
743 1564 1185 1637 celebrabimus,
1242 1588 1312 1627 an
1356 1582 1411 1629 et
1458 1575 1525 1632 de
1563 1579 1830 1648 proximis
1859 1583 2067 1640 nostris

468 1651 693 1707 solliciti
729 1657 980 1714 erimus?
1005 1659 1139 1728 Nos,
1166 1664 1413 1735 inquam,
1439 1671 1763 1729 celebritate
1795 1674 1898 1730 ista
1926 1675 2070 1731 frue-

466 1756 620 1811 mur,
653 1759 722 1800 an
759 1749 993 1804 aliorum
1027 1752 1278 1810 habenda
1336 1775 1555 1831 quoque
1610 1765 1751 1819 ratio
1796 1767 1920 1821 est?
1960 1767 2068 1824 Pro

466 1850 534 1890 eo
567 1852 700 1895 sane
754 1855 820 1896 ac
848 1842 1046 1900 festum
1081 1847 1215 1903 illud
1247 1862 1496 1908 nostrum
1531 1860 1848 1914 necessario
1875 1871 2067 1931 postu-

2167 665 2329 717 τυποῖ
2358 665 2446 719 τὸν
2470 664 2566 718 τοῦ
2601 666 2855 739 Σωτῆρος
2874 669 3066 738 τάφον,
3093 669 3150 736 ἐξ
3182 665 3240 725 οῦ
3273 671 3376 736 ζῶν
3421 676 3604 748 Ἰησοῦς
3627 683 3703 734 ἀνα

2167 755 2353 826 ἦλθεν,
2387 756 2464 821 ὡς
2490 759 2554 811 ὲκ
2598 758 2830 812 λεόντων
2862 761 3083 832 ρυσθεὶς
3115 761 3208 816 τοῦ
3235 763 3377 836 ᾅδου,
3404 769 3490 822 καὶ
3517 770 3596 823 τοῦ
3623 773 3704 826 θα-

2167 850 2354 904 νάτου.
2391 850 2492 906 Διὰ
2536 851 2742 906 τούτων
2785 853 3076 920 Ἰουδαίους
3123 855 3362 925 ἔλεγξον·
3412 857 3495 913 διὰ
3532 855 3749 940 τουτωνί

2169 946 2370 1008 αὐτοὺς
2399 945 2726 1017 ἐπιτίμησον
2747 963 2761 976 ·
2789 947 2962 1011 οὕτως
2987 948 3127 1020 ὑπὲρ
3154 949 3246 1002 τοῦ
3279 951 3503 1022 Χριστοῦ
3532 941 3719 1020 πάθους

2168 1037 2265 1091 καὶ
2293 1038 2644 1102 ἀναστάσεως
2673 1039 3233 1111 ἀπολόγησαι.Ταῦτά
3265 1060 3342 1096 σοι
3372 1045 3497 1116 πρὸς
3523 1063 3706 1118 συμμαο

2167 1127 2291 1200 χίαν
2316 1129 2553 1200 σήμερον
2584 1128 2652 1182 τὰ
2681 1129 2819 1184 ὅπλα
2853 1131 2880 1182 ὁ
2911 1130 3066 1200 λόγος
3099 1132 3400 1204 χαρίζεται·
3423 1135 3579 1191 ταῦτά
3605 1141 3703 1209 σεή

2168 1219 2331 1292 ἑορτὴ
2356 1220 2694 1276 ὲπιδιδάσκει
2719 1224 3010 1296 μυστήρια,

2240 1479 2372 1540 Εἶτα
2392 1486 2445 1539 τί
2470 1488 2565 1541 καὶ
2593 1489 2732 1559 μετὰ
2757 1488 2927 1544 ταῦτα
2948 1509 2962 1559 ;
3001 1491 3192 1565 Ἡμεῖς
3215 1493 3363 1564 μόνοι
3388 1494 3707 1566 ἑορτάζομεν,

2165 1580 2198 1652 ἢ
2241 1579 2334 1633 καὶ
2363 1579 2456 1633 τοῦ
2497 1580 2724 1653 πλησίον
2753 1584 3196 1654 μεριμνήσομεν;
3238 1585 3422 1656 Ἡμεῖς
3448 1589 3710 1658 πανηγυρί-

2169 1686 2382 1741 σωμεν,
2407 1670 2440 1741 ἢ
2474 1672 2568 1725 καὶ
2597 1673 2728 1744 περὶ
2753 1673 2927 1728 ἄλλων
2977 1677 3108 1746 ἡμῖν
3133 1677 3160 1728 ὁ
3189 1676 3378 1744 λόγος;
3413 1678 3708 1746 ’Δναγκαίως

2165 1763 2266 1833 τῆς
2305 1765 2336 1834 ἡ
2348 1763 2465 1834 μῶν
2507 1765 2704 1836 ἑορτῆς
2739 1765 3032 1838 θεάρεστος
3064 1767 3199 1838 ὁμοῦ
3235 1769 3328 1821 καὶ
3357 1769 3708 1841 εὐπρόσδεκτος

2165 1855 2411 1923 γενέσθω
2441 1874 2525 1920 τις
2559 1858 2739 1920 κοινὸς
2767 1858 2865 1929 τῆς
2901 1859 3224 1930 Ἐκκλησέας
3276 1860 3561 1930 στεναγμὸς
3601 1861 3711 1929 πρὸς

469 1926 568 1994 lat,
601 1940 792 2001 gratus
816 1937 1043 2006 quidam
1072 1947 1126 1994 et
1155 1953 1416 2014 acceptus
1452 1945 1566 2003 Deo
1601 1951 1768 2008 totius
1804 1926 2060 2032 Ecclesiae

2163 1951 2253 2005 τὸν
2284 1949 2437 2015 Θεὸν,
2464 1951 2558 2003 και
2602 1951 2742 2022 ὑπὲρ
2785 1926 3302 2023 τῶνὲνάγριῖιιςῶὃ)
3331 1926 3483 2024 ἡμῶν
3507 1926 3711 2019 ἀδελᾲῖη

465 2024 704 2091 gemitus
752 2027 819 2081 ad
874 2029 1028 2084 illum
1071 2046 1342 2105 erumpat.
1401 2036 1773 2097 Recordemur
1830 2029 2062 2100 fratrum

465 2126 807 2182 nostrorum,
841 2121 934 2190 qui
966 2127 1294 2184 necessitate
1351 2146 1532 2186 rerum
1563 2135 1806 2189 omnium
1851 2145 1906 2191 et
1952 2137 2066 2193 ino-
2101 2144 2109 2156 ’

463 2207 555 2276 pia
585 2219 934 2280 premuntur;
963 2217 1420 2288 propinquorum,
1447 2225 1696 2295 inquam,
1718 2237 2060 2296 nostrorum,

463 2300 557 2369 qui
584 2301 818 2361 desertis
847 2306 904 2361 in
933 2308 1067 2364 locis
1095 2312 1408 2372 calamitate
1439 2326 1604 2388 atque
1647 2331 1892 2393 egestate
1925 2339 2062 2378 con-

463 2391 761 2452 ﬂictantur.
794 2398 892 2456 His
923 2416 1078 2472 ergo,
1111 2407 1205 2475 qui
1239 2409 1394 2478 gravi
1427 2391 1758 2470 necessitate
1785 2417 2059 2484 laborant,

464 2485 910 2545 misericordiam
947 2494 1332 2556 adhibeamus.
1363 2502 1574 2560 Etenim
1607 2507 1651 2562 si
1691 2523 1861 2562 unum
1891 2525 2064 2564 mem-

462 2575 626 2632 brum
679 2582 929 2650 patitur,
983 2591 1395 2658 compatiuntur
1444 2603 1499 2650 et
1551 2597 1737 2652 omnia
1795 2600 2058 2654 membra.

464 2667 647 2732 Quare
677 2679 1080 2745 compatiamur
1114 2696 1240 2736 cum
1272 2682 1538 2742 fratribus
1564 2690 1938 2760 membrisque
1961 2708 2062 2745 no-

465 2762 620 2826 stris,
667 2767 760 2822 alii
804 2771 1010 2836 verbis,
1049 2773 1141 2827 alii
1197 2775 1582 2844 beneficentia,
1618 2783 1876 2850 precibus
1931 2801 2061 2839 vero

463 2853 535 2908 ad
585 2855 758 2912 Deum
804 2869 859 2916 et
909 2865 1259 2922 orationibus
1313 2869 1580 2928 universi.
1649 2872 1894 2929 Obsecro
1939 2892 2056 2939 vos,

461 2951 776 3008 communis
803 2954 871 3008 ad
907 2953 1078 3010 Deum
1107 2975 1207 3028 pro
1240 2959 1350 3015 illis
1378 2961 1541 3017 hodie
1571 2965 1770 3034 legatio
1792 2967 2062 3038 suscipia-

461 3046 575 3107 tur,
625 3044 887 3112 quoniam
936 3049 1097 3106 nobis
1147 3059 1232 3106 est
1281 3061 1336 3106 et
1387 3055 1679 3124 captivitas
1726 3062 2056 3116 communis.

460 3130 603 3201 Fiat,
641 3152 848 3205 qumso,
876 3143 1186 3199 communis
1234 3146 1583 3214 supplicatio,
1618 3150 2058 3222 quandoquidem

458 3232 545 3279 est
587 3234 642 3281 et
691 3233 1004 3288 communis
1059 3236 1485 3292 animadversio.
1524 3239 1828 3298 Audiamus
1871 3243 2058 3304 dicen-

460 3324 568 3372 tem
597 3339 610 3373 :
639 3320 802 3377 Orate
837 3340 932 3392 pro
977 3327 1236 3394 invicem,
1268 3340 1324 3383 ut
1360 3329 1636 3386 salvemini
1656 3335 1694 3388 ¹.
1753 3335 1892 3390 Tum
1929 3354 2060 3392 vero

460 3409 744 3471 Christum
779 3419 854 3473 ita
902 3421 1212 3490 loquentem
1244 3441 1257 3477 :
1294 3424 1351 3480 Si
1386 3425 1519 3488 duo,
1553 3429 1636 3484 vel
1669 3437 1783 3485 tres
1823 3447 2059 3487 consen-

460 3505 638 3561 serint
689 3509 743 3563 in
792 3514 1122 3580 orationem,
1171 3516 1240 3571 de
1287 3531 1618 3592 quacunque
1663 3522 2056 3591 postulatione,

463 3612 628 3667 quam
659 3601 938 3670 petierint,
973 3604 1063 3660 ﬁet
1103 3605 1258 3676 ipsis.
1295 3608 1492 3680 Magna
1523 3620 1673 3676 sunt,
1709 3612 1930 3680 fratres,
1970 3632 2060 3670 ar-

461 3705 554 3746 ma
581 3707 774 3762 preces
805 3694 1100 3764 Ecclesiae;
1133 3715 1364 3771 magnus
1387 3710 1471 3756 est
1492 3717 1684 3758 murus
1715 3709 2062 3764 consentien-

463 3781 602 3835 tium
636 3782 782 3838 inter
812 3800 874 3840 se
896 3786 1257 3856 plurimorum
1287 3790 1487 3854 oratio,
1520 3792 1826 3860 praesertim
1858 3809 1980 3868 quae
2027 3811 2058 3848 a

415 3901 422 3908 σ
461 3873 611 3930 ﬁdeli
653 3876 858 3945 populo
898 3877 1222 3949 captivoque
1253 3879 1644 3951 proficiscitur.
1678 3881 1848 3938 Nemo
1875 3885 2058 3941 dicere

411 3991 419 4006 ι
461 3967 614 4024 istud
639 3969 839 4026 audeat
868 3987 884 4025 :
919 3979 1239 4041 peccatores
1260 3989 1290 4027 a
1316 3971 1427 4028 Deo
1459 3989 1569 4028 non
1597 3975 1868 4030 exaudiri.
1889 3976 2058 4033 Multo

461 4057 611 4114 enim
659 4058 919 4117 libentius
973 4061 1266 4138 humilium
1317 4079 1382 4118 ac
1434 4076 1787 4135 peccatorum
1867 4083 2058 4137 preces

461 4153 703 4224 excipit;
731 4169 1033 4226 eorumque
1063 4157 1435 4227 potissimum,
1475 4157 1568 4228 qui
1599 4168 1825 4229 propter
1855 4176 2055 4216 nomen

458 4245 636 4316 ipsius
665 4246 873 4312 afﬂicti,
904 4246 1184 4319 flagellati,
1220 4249 1488 4306 custodiis
1532 4253 1820 4316 macerati,
1850 4254 2052 4319 vexati,

457 4338 679 4408 probris
714 4341 785 4396 ab
815 4341 1069 4398 hostibus
1093 4341 1297 4398 Christi
1325 4341 1529 4408 aﬂ‘ecti,
1565 4343 1724 4398 fidem
1749 4360 1858 4398 non
1889 4345 2056 4400 abne-

457 4439 678 4502 garunt.
703 4431 823 4498 Quo
851 4449 917 4488 ex
947 4449 1146 4503 genere
1179 4435 1425 4504 plerique
1447 4423 1613 4492 sexus
1641 4439 1929 4509 utriusque
1953 4440 2054 4496 hoc

457 4521 520 4576 in
559 4521 748 4589 populi
781 4532 927 4576 coetu
968 4533 1281 4587 versantur,
1319 4523 1523 4580 Christi
1555 4526 1926 4595 confessores,
1960 4531 2050 4600 qui

457 4611 531 4666 ab
555 4626 621 4666 eo
643 4611 932 4667 celerrime
956 4613 1342 4674 exaudiuntur.
1387 4614 1579 4687 Magna
1606 4624 1735 4672 sunt
1762 4633 1934 4684 arma,
1971 4621 2056 4676 di-

2167 2059 2272 2112 μνη
2283 2041 2659 2114 μονεύσωμεν,
2685 2043 2793 2097 τῶν
2823 2045 2879 2096 ὲν
2903 2045 3132 2116 ἐρήμοις
3155 2046 3411 2114 ὲνὰγκαις
3434 2045 3711 2114 ἐξεταζομέ-

2163 2151 2270 2188 νων
2307 2134 2452 2188 ἰδίων
2483 2134 2661 2206 ήμῶν.
2701 2134 2995 2208 Γενώμεθα
3023 2136 3099 2199 ὡς
3129 2137 3494 2208 συνδεδεμένοι
3524 2141 3620 2201 τοῖς
3643 2137 3710 2189 δε-

2161 2227 2449 2297 δεμένοις·
2497 2225 2786 2298 γενώμεθα
2862 2227 2938 2290 ὡς
3017 2229 3429 2298 συμπάσχοντες
3501 2230 3600 2292 τοῖς
3631 2229 3709 2299 τὴν

2163 2322 2410 2393 ἀνάγκην
2431 2322 2732 2392 πάσχουσιν
2751 2338 2765 2352 ·
2795 2322 2876 2375 ὃτι
2907 2320 3002 2374 ἐὰν
3029 2321 3087 2373 ἓν
3109 2322 3267 2388 μέλος
3289 2322 3497 2392 πάσχοι,
3529 2322 3708 2393 συμπά-

2165 2431 2283 2483 σχει
2305 2415 2483 2467 πάντα
2507 2413 2575 2466 τά
2604 2413 2761 2484 μέλη.
2781 2413 3242 2485 Συμπαθήσωμεν
3267 2415 3442 2468 τοίνυν
3465 2417 3566 2477 τοῖς
3584 2413 3707 2483 ἡμῶν

2163 2505 2434 2576 ἀδελφοῖς,
2467 2508 2579 2570 τοῖς
2615 2505 2772 2576 ἡμῶν
2804 2506 3023 2578 μέλεσιν
3047 2523 3059 2538 ·
3091 2508 3140 2559 οἱ
3175 2507 3276 2576 μὲν
3304 2506 3390 2559 διὰ
3411 2506 3704 2578 χρημάτων,

2161 2600 2211 2652 οἱ
2237 2599 2294 2652 δὲ
2319 2598 2408 2652 διὰ
2441 2599 2736 2670 ῥημάτων,
2769 2601 2864 2653 καὶ¹
2889 2599 3036 2652 ἄλλοι
3067 2599 3134 2652 δι’
3171 2598 3444 2663 εὐποιίας,
3473 2600 3646 2660 πάντες
3663 2596 3706 2649 δὲ

2160 2690 2251 2744 διὰ
2291 2691 2391 2762 τῆς
2427 2691 2564 2762 πρὸς
2597 2691 2730 2744 Θεὸν
2764 2692 2906 2762 ὑπὲρ
2948 2693 3128 2746 αὐτῶν
3160 2692 3390 2756 ἱκεσίας.
3429 2690 3581 2761 Κοινὴ
3607 2689 3706 2741 πάν-

2161 2773 2290 2846 τῖυν,
2328 2781 2656 2852 παρακαλῶ,
2705 2784 2945 2853 σήμερον
2981 2773 3226 2850 γενέσθω
3259 2782 3394 2853 πρὸς
3433 2780 3554 2832 Θεὸν
3599 2794 3704 2846 πρε-

2165 2873 2342 2938 σϐεία,
2373 2875 2456 2927 ὃτι
2487 2873 2640 2944 κοινὴ
2666 2877 2697 2944 ἡ
2708 2875 2826 2945 μῶν
2849 2876 2942 2928 καὶ
2969 2877 3002 2945 ή
3035 2876 3404 2945 αἰχμαλωσία.
3434 2873 3602 2943 Κοινὴ,
3627 2889 3704 2923 τα-

2164 2965 2409 3037 ρακαλῶ,
2437 2963 2680 3033 γενέσθω
2708 2968 2741 3037 ἡ
2775 2965 2982 3038 δέησις,
3008 2967 3091 3020 ὅτι
3128 2969 3288 3038 κοινὴ
3319 2967 3539 3038 ὑπάρχει
3561 2966 3588 3034 ή
3608 2961 3700 3013 παί-

2161 3057 2359 3122 δευσις.
2379 3057 2730 3128 Ἀκούσωμεν
2757 3059 2850 3111 τοῦ
2877 3058 3148 3128 λέγοντος,
3183 3061 3268 3113 ὅτι
3305 3059 3562 3123 Εῦξασθε
3585 3053 3701 3118 ὑπὲρ

2162 3149 2458 3218 ἀλλήλων
2483 3151 2643 3218 ὅπως
2658 3150 2876 3220 ἐσθῆτες
2891 3151 3025 3221 (59).
3045 3152 3394 3224 ’Λκούσωμεν
3415 3147 3614 3222 Χριστοῦ
3629 3146 3698 3196 λέ-

2163 3259 2382 3310 γοντος,
2414 3242 2496 3295 ὅτι
2538 3241 2664 3295 Ἐὰν
2697 3241 2790 3295 δύο
2822 3243 2856 3313 ἢ
2885 3246 3037 3314 τρεῖς
3076 3245 3522 3315 συμφωνήσουσιν
3544 3240 3602 3299 εἰς
3623 3235 3692 3286 εἰ·

2164 3331 2284 3403 χὴν,
2316 3334 2443 3405 περὶ
2474 3334 2678 3398 παντὸς
2705 3335 2828 3404 αίτή
2839 3353 3009 3405 ματος
3047 3329 3109 3388 οὗ
3157 3338 3488 3408 αἰτήσονται,
3518 3333 3697 3401 γενήσε-

2163 3441 2252 3476 ται
2285 3424 2490 3488 αὐτοῖς.
2534 3426 2717 3494 Μέγα,
2752 3425 2992 3494 ἀδελφοὶ,
3021 3427 3187 3481 ὅπλον
3219 3427 3353 3498 εὐχὴ
3389 3421 3666 3494 Ἐκκλησίας
3686 3435 3698 3448 '

2168 3515 2310 3585 μέγα
2358 3519 2556 3586 τεῖχος,
2585 3516 2828 3585 ἀδελφοὶ,
2865 3518 3003 3588 πρὸς
3050 3519 3186 3573 Θεὸν
3239 3519 3370 3590 εὐχὴ
3415 3514 3699 3588 συμφωνίας,

2163 3609 2255 3662 καὶ
2291 3608 2524 3679 μάλιστα
2555 3608 2683 3663 λαοῦ
2713 3609 2904 3663 πιστοῦ
2935 3609 3338 3680 αἰχμαλωσίας.
3358 3611 3548 3681 Μηδεὶς
3568 3608 3700 3660 εἰπεῖν

2161 3701 2448 3772 τολμήσει,
2491 3702 2571 3754 ὅτι
2623 3703 2724 3756 οὐκ
2787 3703 3061 3756 είσακούει
3123 3707 3151 3758 ὁ
3209 3706 3342 3769 Θεὸς
3395 3701 3701 3776 ἁμαρτωλῶν.

2163 3794 2353 3848 Πλείον
2387 3793 2600 3864 δέχεται
2629 3795 2727 3866 τὴν
2754 3794 2944 3866 δέησιν
2991 3797 3100 3850 τῶν
3134 3798 3426 3864 ταπεινῶν,
3459 3798 3543 3851 καὶ
3577 3793 3704 3866 μάλι-

2163 3903 2264 3938 στα
2297 3885 2406 3938 τῶν
2434 3886 2522 3940 διὰ
2544 3886 2604 3939 τὸ
2623 3887 2795 3958 ὄνομα
2822 3888 2990 3942 αὐτοῦ
3014 3891 3519 3962 καταπονουμένων,
3551 3902 3707 3958 μαστι-

2161 3977 2426 4050 ζομένων,
2478 3979 2952 4050 φυλακιζομένων,
2995 3981 3350 4052 θλιϐομένων,
3393 3983 3491 4036 ὑπὸ
3535 3976 3706 4050 ἐχθρῶν

2161 4071 2588 4142 όνειδιζομένων,
2622 4073 2717 4126 καὶ
2750 4073 2849 4145 τὴν
2868 4074 3050 4128 πίστιν
3080 4076 3322 4147 Χριστοῦ
3350 4075 3422 4148 μὴ
3443 4068 3710 4148 ἀρνησαμέ-

2161 4180 2286 4218 νων.
2307 4164 2396 4230 Ἐξ
2421 4157 2494 4217 ὧν
2520 4164 2824 4236 ὑπάρχουσι
2851 4164 3033 4219 πολλοὶ
3086 4168 3178 4220 καὶ
3207 4168 3397 4221 πολλαὶ
3421 4170 3475 4220 ὲν
3499 4165 3568 4234 τῷ
3592 4177 3706 4230 ταρ-

2157 4256 2272 4310 όντι
2307 4257 2465 4329 ἡμῶν
2507 4256 2622 4328 λαῷ
2655 4257 2749 4311 τοῦ
2777 4259 3019 4328 Χριστοῦ
3071 4260 3404 4332 ὀμολογηταὶ
3446 4257 3706 4327 γενόμενῡῑν

2159 4349 2255 4422 καὶ
2288 4350 2418 4422 παρ’
2443 4351 2608 4406 αὑτοῦ
2655 4352 2864 4424 ταχέως
2900 4354 3332 4425 εἰσακουόμενοι.
3373 4355 3523 4422 Μέγα
3556 4348 3704 4405 ὅπλον,

2159 4445 2459 4516 ἀγαπητοὶ,
2492 4447 2525 4516 ἡ
2561 4445 2790 4500 ἐκείνων
2813 4447 2980 4517 εὐχή·
3009 4448 3244 4502 αἰδεῖται
3269 4448 3378 4520 γὰρ
3399 4447 3582 4506 αὐτοὺς
3611 4439 3706 4495 πάν·

2157 4554 2256 4600 τας
2283 4541 2310 4591 ό
2338 4538 2595 4609 Χριστὸς,
2633 4539 2700 4593 δι’
2749 4533 2824 4594 ὧν
2866 4541 2978 4612 (60)
3021 4544 3116 4596 καὶ
3149 4544 3274 4598 καθ’
3309 4543 3517 4615 ἡμέραν
3564 4534 3698 4591 κινδυ-

2157 4644 2392 4686 νευουσι.

457 4702 777 4769 lectissimi,
835 4703 1069 4759 istorum
1142 4706 1430 4784 hou‘iinum
1487 4725 1699 4779 preces.
1761 4711 1872 4767 llos
1931 4714 2080 4784 ipsos
2115 4719 2262 4774 enim
2295 4732 2578 4777 reveretur
2599 4723 2873 4793 Christus,
2921 4739 3143 4799 propter
3186 4745 3349 4800 quem
3405 4724 3622 4800 quotidie
3643 4733 3706 4787 βε·

455 4798 790 4854 riclitantur.

527 4889 898 4958 Quamobrem
952 4909 1053 4951 nos
1097 4893 1318 4949 illorum
1368 4898 1713 4955 orationibus
1765 4903 1978 4968 confisi,
2009 4913 2060 4960 et

2185 4891 2190 4896 l
2241 4907 2329 4960 Διὸ
2359 4911 2480 4970 ταῖς
2513 4909 2718 4964 τούτων
2746 4912 2906 4982 ἡμεῖς
2949 4911 3280 4983 θαρροῦντες
3307 4913 3509 4983 εὐχαῖς,
3535 4908 3615 4963 καὶ
3649 4905 3709 4965 εἰς

455 5001 651 5041 eorum
697 4985 842 5057 apud
893 4987 1066 5043 Deum
1097 4989 1294 5046 fiducia
1347 4990 1492 5058 freti,
1521 5009 1622 5064 pro
1654 4994 1922 5054 fratribus
1957 5014 2057 5053 no-

456 5079 612 5139 stris,
645 5079 736 5146 qui
794 5079 850 5134 in
901 5081 1308 5138 calamitatibus
1349 5096 1663 5152 versantur,
1692 5090 2058 5144 communiter

457 5185 525 5224 ac
556 5178 880 5226 constanter
907 5181 1030 5227 vota
1058 5173 1350 5232 faciamus.
1381 5176 1516 5232 Nam
1560 5195 1937 5250 saepenumero
1977 5182 2059 5238 fe—

457 5262 562 5318 stis
606 5261 800 5319 diebus
833 5264 1108 5336 plerisque
1143 5269 1526 5326 condemnatis
1562 5273 1711 5342 regia
1747 5273 2058 5343 benignitas

454 5368 634 5423 poma?
664 5355 897 5424 gratiam
943 5371 1009 5410 ac
1030 5360 1241 5414 veniam
1275 5362 1540 5435 indulget.
1565 5365 1818 5435 Magnum
1853 5367 2054 5438 itaque,

456 5447 580 5503 dico
611 5447 834 5512 iterum,
885 5447 1107 5514 fratres,
1150 5454 1410 5522 quiddam
1461 5466 1592 5512 sunt
1624 5457 1885 5516 Ecclesiae
1935 5478 2057 5531 pre-

531 5601 687 5661 ‘Jac.
719 5624 773 5670 ν,
811 5608 897 5662 16.

554 5762 642 5830 57)
679 5762 838 5833 Deest
903 5764 1095 5833 liquid.

775 5832 1146 5908 evan/avaras,
1180 5845 1236 5890 ut
1269 5847 1319 5894 et
1340 5837 1501 5908 paulo
1531 5847 1673 5907 post.

555 5902 644 5974 ὅθ)
671 5902 797 5958 Cor.
831 5903 1037 5974 ἰαθῆτε.

2164 5001 2262 5071 τὴν
2293 4999 2499 5054 τούτων
2529 5003 2844 5074 παρρησίαν
2880 5007 3016 5075 πρὸς
3041 5006 3174 5060 Θεὸν
3197 5007 3598 5066 ἀποϐλέποντες,
3623 5015 3709 5052 κοι-

2164 5093 2269 5157 νῶς
2289 5094 2383 5147 καὶ
2404 5095 2639 5158 ἐκτενῶς
2660 5096 2798 5168 ὑπὲρ
2815 5096 2922 5149 τῶν
2940 5099 3198 5168 ἐνάγκαις
3211 5098 3325 5171 (61)
3342 5095 3569 5166 ἀδελφῶν
3585 5087 3710 5162 ἡμῶν

2167 5187 2619 5258 προσευξώμεθα,
2641 5186 2777 5242 διότι
2811 5191 3076 5254 πολλάκις
3095 5192 3469 5262 φιλανθρωπία
3495 5179 3708 5258 βασιλικὴ

2164 5285 2223 5335 ὲν
2251 5284 2372 5346 ταῖς
2405 5285 2622 5355 ἑορταῖς
2657 5284 2873 5350 πολλοῖς
2907 5288 3221 5351 καταδίκοις
3252 5289 3442 5357 ἄφεσιν
3477 5284 3562 5337 καὶ
3601 5279 3706 5331 ἀπο·

2163 5373 2433 5445 λύτρωσιν
2465 5378 2770 5450 χαρίζεται.
2801 5380 2982 5450 Μέγα,
3017 5380 3177 5435 πάλιν
3201 5380 3362 5450 λέγω,
3399 5373 3612 5444 ἀδελφοὶ,
3637 5367 3704 5420 εὖ·

2162 5463 2231 5535 χὴ
2267 5465 2731 5539 Ἐκκλησίαςςκαὶ
2750 5470 2985 5541 μάλιστα
3021 5472 3203 5536 πίστις
3217 5472 3328 5544 (62)
3357 5457 3705 5541 αἰχμαλωσίας·

2237 5776 2349 5846 (60)
2387 5775 2446 5829 F.
2481 5776 2547 5830 δι’
2582 5777 2660 5830 ὅν.

2237 5848 2350 5914 (61)
2385 5846 2513 5901 Cor.
2541 5849 2599 5899 ὲν
2615 5848 2917 5916 ,ἀνάγκαις

2236 5917 2346 5989 (62)
2382 5916 2442 5972 ιε’.
2481 5917 2696 5990 πιστῆς.
