3988 6418
244 466 354 523 473

993 464 1378 525 HOMlLlAlll
1442 456 1687 526 IN'DIE
1743 426 2348 526 RESL‘RRECTIDNIS
2385 464 2684 521 CHRISTI.

3370 490 3371 497 ‘
3421 473 3529 530 476

240 582 361 637 Kal.
372 579 483 653 γὰρ
496 579 596 634 καὶ
617 558 875 652 βασιλεὺς,
887 580 1145 649 πολλάκις
1155 585 1384 642 αἰδεῖται
1402 605 1479 641 πα
1487 587 1748 661 ράκλησιν
1762 587 1850 659 δή·

1955 600 2063 651 ccs,
2098 600 2160 637 ac
2185 582 2488 655 praesertim
2516 597 2546 637 a
2577 581 2826 638 ﬁdelibus
2857 583 3091 655 captivis
3118 584 3393 656 profecta}.
3421 589 3530 644 Sac.

241 691 377 745 μου,
399 673 496 727 καὶ
517 673 807 745 χαρίζεται
831 674 1154 741 καταδίκους
1173 677 1509 733 δυσωποῦντι
1530 679 1687 752 ὄχλου
1703 677 1836 751 (65).

237 762 465 819 Οὐκοῦν
491 765 728 836 δεόμεθα
750 768 926 821 πᾶσαν
945 769 1044 840 τὴν
1071 771 1341 844 ὑμετέραν
1364 772 1587 845 ἀγάπην
1610 773 1842 836 ἐκτενῶς

238 856 628 928 μνημονεῦσαι
644 857 754 912 τῶν
771 857 1013 928 ἀδελφῶν
1040 861 1196 932 ἡμῶν
1216 862 1325 917 τῶν
1356 864 1574 939 ἐνάγκῃ
1595 864 1725 936 (64)·
1745 866 1841 919 καὶ

238 948 374 999 κατ’
426 947 599 1017 αὐτὴν
652 947 868 1018 ἐκείνην
896 947 995 1020 τὴν
1036 952 1480 1025 φρικωδεστάτην
1524 954 1693 1027 ὤραν,
1725 947 1841 1029 ἐνῇ

239 1039 341 1093 τὸν
368 1038 633 1110 ἀτίμητον
673 1040 1016 1112 μαργαρίτην
1040 1041 1135 1095 τοῦ
1160 1043 1398 1116 Χριστοῦ
1426 1044 1677 1117 σώματος
1709 1046 1843 1099 ὑπο-

244 1131 519 1203 δεξόμεθα
539 1134 597 1185 ἐν
618 1135 740 1196 ταῖς
759 1134 948 1206 χερσὶν
970 1134 1151 1206 ἡμῶν.
1197 1134 1385 1200 Οῦτως
1406 1137 1547 1209 ὑπὲρ
1567 1136 1674 1192 τῶν
1695 1136 1845 1191 ἀδελ-

252 1226 373 1295 φῶν
414 1224 577 1295 ἡμῶν
623 1225 859 1290 ἐκτενῶς
903 1227 1356 1300 προσευξώμεθα,
1393 1231 1489 1284 καὶ
1515 1229 1592 1301 τῷ
1619 1229 1842 1301 Χριστῷ

244 1314 501 1384 εἴπωμεν
519 1330 534 1344 ⁸
563 1314 736 1378 Αὐτὸς
768 1316 796 1368 6
828 1315 986 1385 μόνος
1014 1318 1042 1369 6
1062 1318 1183 1370 τότε
1210 1317 1305 1371 καὶ
1333 1315 1429 1372 νῦν
1458 1317 1660 1386 ἀγαθὸς
1687 1317 1840 1383 Θεὸς,

242 1405 351 1458 καὶ
398 1403 785 1477 φιλάνθρωπος
831 1406 1127 1477 Δεσπότης,
1158 1407 1187 1459 6
1234 1406 1321 1461 διά
1368 1406 1463 1461 τοῦ
1513 1407 1705 1478 Πάσχα
1751 1407 1843 1460 τὸν

254 1493 486 1565 Ἰσραὴλ
510 1494 576 1547 ἐκ
595 1493 839 1558 δουλείας
857 1495 1136 1565 Αἰγύπτου
1170 1498 1476 1568 ῥυσάμενος
1521 1499 1614 1551 καὶ
1639 1498 1725 1551 διὰ
1740 1495 1841 1551 τοῦ

242 1586 490 1657 αἵματος
516 1586 611 1663 τοῦ
636 1585 810 1657 ἀμνοῦ
833 1585 1145 1659 ἐλευθερίαν
1177 1587 1324 1659 αὐτῷ
1344 1589 1728 1659 χαρισάμενος,
1753 1589 1846 1641 αὐ·-

241 1679 344 1742 τὸς
374 1679 477 1733 καὶ
506 1678 602 1731 νῦν
630 1678 717 1731 διὰ
743 1678 834 1731 τοῦ
860 1680 1132 1751 ἀχράντου
1181 1696 1274 1732 σου
1312 1679 1583 1750 σώματος,
1617 1680 1712 1734 καὶ
1747 1678 1842 1733 τοῦ

241 1770 441 1842 τιμίου
486 1770 737 1840 αἵματος,
762 1769 861 1841 τῆς
905 1771 1109 1841 πικρᾶς
1154 1770 1400 1834 δουλείας
1429 1770 1743 1841 ἐλευθερίαν
1767 1770 1845 1841 τῷ

246 1861 452 1929 κόσμῳ
483 1876 579 1912 σου
615 1858 877 1930 δώρησαι.
897 1859 1426 1932 Ὀιπροσδεξάμενος
1453 1861 1552 1930 τῆς
1581 1861 1836 1931 ἁμαρτω-

1946 691 2013 746 pe
2048 676 2192 730 enim
2240 690 2332 729 rex
2390 674 2578 745 populi
2610 673 3009 749 supplicatione
3036 687 3432 744 commovetur,
3464 694 3529 736 ac

1944 763 2261 835 deprecanti
2313 765 2487 819 turbae
2533 764 2822 819 damnatos
2866 766 3094 821 relaxat.
3125 766 3465 839 Quapropter
3494 754 3531 828 la

1944 865 2127 912 vestra
2156 856 2401 911 omnium
2439 856 2709 911 cbaritate
2736 856 3140 924 contendimus,
3172 859 3248 913 uti
3299 862 3527 915 calami-

1945 956 2189 1001 tosorum
2223 945 2452 999 fratrum
2486 953 2802 1001 nostrorum
2838 947 3073 1002 sollicite
3104 956 3532 1021 constanterque

1922 1038 2334 1105 'memineritis;
2360 1037 2599 1107 atquein
2624 1038 2713 1092 illa
2742 1038 2971 1093 terribili
2998 1039 3132 1093 hora
3158 1041 3529 1110 potissimum,

1945 1146 2052 1201 qua
2084 1130 2259 1201 pretio
2291 1130 2551 1200 majorem
2581 1130 2727 1184 omni
2759 1130 2960 1186 Christi
2991 1132 3237 1202 corporis
3270 1134 3534 1204 margari-

1945 1231 2056 1276 tam
2091 1221 2345 1276 manibus
2372 1220 2680 1290 excipietis.
2712 1219 2868 1275 Hunc
2898 1221 3065 1291 igitur
3095 1223 3153 1276 in
3183 1223 3408 1278 modum
3434 1240 3533 1294 pro

1945 1313 2211 1367 fratribus
2240 1313 2447 1369 nostris
2485 1312 2740 1368 ardenter
2773 1327 3030 1380 oremus;
3065 1320 3229 1384 atque
3272 1314 3347 1368 ita
3380 1315 3535 1369 Chri-

1946 1414 2089 1461 stum
2142 1404 2489 1474 alloquamur
2525 1422 2538 1458 :
2570 1402 2714 1458 Deus
2764 1418 2827 1458 ac
2874 1403 3109 1475 benigne
3155 1405 3406 1467 Domine,
3439 1407 3533 1477 qui

1946 1507 2091 1546 unus
2137 1498 2195 1545 ut
2229 1492 2382 1558 olim,
2419 1491 2493 1544 ita
2527 1506 2675 1544 nunc
2704 1491 2883 1546 bonus
2922 1508 3002 1559 es,
3050 1495 3141 1563 qui
3194 1510 3289 1564 per
3322 1494 3531 1550 Pascha

1946 1581 2224 1638 lsraelitas
2269 1583 2337 1637 ab
2378 1580 2701 1653 Egyptiaca
2732 1584 2997 1639 servitute
3038 1586 3275 1641 liberasti
3301 1627 3316 1653 ,
3345 1590 3537 1658 eisque

1946 1691 2043 1746 per
2092 1675 2220 1745 agni
2266 1674 2593 1744 sanguinem
2626 1676 2931 1731 libertatem
2963 1677 3274 1732 indulsisti:
3312 1679 3452 1734 idem
3482 1690 3537 1735 et

1946 1780 2095 1820 nunc
2122 1780 2218 1836 per
2246 1765 2656 1819 immaculatum
2685 1781 2886 1837 corpus
2935 1776 3087 1821 tuum
3143 1783 3205 1822 ac
3237 1770 3535 1839 pretiosum

1949 1857 2292 1925 sanguinem,
2322 1854 2586 1908 mundum
2635 1862 2786 1909 tuum
2823 1856 2893 1910 ab
2939 1857 3139 1911 acerba
3186 1859 3450 1914 servitute
3474 1859 3541 1913 li-

244 1951 349 2005 λοῦ
382 1950 594 2024 πόρνης
621 1950 710 2003 τὸν
735 1949 1031 2022 κλαυθμὸν,
1053 1949 1343 2022 πρόσδεξαι
1375 1952 1614 2024 σήμερον
1642 1950 1735 2004 καὶ
1749 1951 1847 2023 τὴν

1955 1947 2101 2002 bera.
2133 1946 2237 2013 Tu,
2271 1947 2364 2018 qui
2409 1948 2737 2018 peccatricis
2773 1949 3081 2004 meretricis
3128 1949 3311 2005 ﬂetum
3361 1951 3539 2006 admi-

247 2043 358 2114 σὴν
423 2041 754 2111 Ἐκκλησίαν
797 2041 891 2094 καὶ
942 2042 1322 2114 αἰχμαλωσίας
1371 2043 1463 2097 τὸν
1502 2044 1840 2115 στεναγμόν·

248 2136 281 2187 6
320 2132 768 2205 προσδεξάμενος
806 2132 901 2186 τοῦ
945 2132 1145 2206 λῃστοῦ
1182 2134 1277 2188 τοῦ
1308 2134 1501 2187 πιστοῦ
1531 2134 1630 2207 τὴν
1662 2133 1847 2205 παρά-

254 2225 481 2296 κλησιν,
514 2222 805 2296 πρόσδεξαι
833 2222 927 2277 τοῦ
952 2222 1083 2277 λαοῦ
1114 2241 1208 2277 σου
1237 2224 1330 2277 τοῦ
1364 2224 1557 2278 πιστοῦ
1587 2224 1687 2297 τὴν
1724 2225 1848 2296 δέη-

251 2331 344 2369 σιν
363 2332 377 2345 ·
412 2315 444 2367 ὁ
471 2313 907 2385 προσδεξάμενος
928 2314 1022 2367 τοῦ
1048 2314 1259 2384 Πέτρου
1288 2315 1387 2387 τὴν
1425 2316 1734 2386 μετάνοιαν,
1752 2316 1848 2368 καὶ

247 2412 349 2464 τὸν
365 2408 693 2479 στεναγμὸν,
715 2407 1003 2479 πρόσδεξαι
1030 2410 1121 2462 καί
1146 2411 1178 2480 ὴ
1187 2409 1302 2480 μῶν
1329 2408 1418 2463 τὸν
1446 2408 1724 2479 κλαυθμὸν
1739 2408 1848 2462 τῶν

249 2496 533 2568 πτωχῶν*
591 2498 619 2551 6
673 2496 748 2569 μὴ
793 2496 1145 2569 ἀποστρέψας
1173 2497 1485 2561 Χαναναίας
1514 2497 1582 2550 τὰ
1615 2497 1847 2568 δάκρυα,

246 2590 408 2655 δέξαι
441 2589 541 2644 καὶ
576 2588 777 2660 μικρὰν
824 2589 1149 2660 Ἐκκλησίαν
1189 2590 1331 2659 ὑπὲρ
1370 2589 1612 2660 μεγάλης
1648 2591 1850 2660 αἰχμα-

246 2682 467 2745 λωσίας
498 2679 933 2752 πρεσὸεύουσαν,
959 2680 1053 2733 καὶ
1081 2680 1218 2750 πρὸς
1244 2680 1303 2733 σὲ
1332 2680 1422 2734 τὸν
1451 2680 1582 2733 Θεὸν
1612 2680 1850 2751 σήμερον

254 2775 480 2847 βοῶσαν
524 2773 620 2827 καὶ
641 2771 906 2841 λέγουσαν
926 2789 941 2803 ·
979 2773 1039 2826 '0
1061 2772 1216 2838 Θεὸς,
1238 2775 1266 2826 6
1284 2772 1585 2845 τριήμερος
1610 2771 1852 2836 ἀναστὰς
1878 2786 1885 2793 '

251 2868 322 2920 ἐκ
352 2864 471 2918 τῶν
496 2862 1061 2935 νεκρῶν,·ἀνάστησον
1090 2863 1155 2915 ἐκ
1172 2861 1282 2915 τῶν
1304 2861 1515 2934 ἐχθρῶν
1543 2862 1634 2916 τὸν
1662 2861 1852 2914 πιστόν

258 2974 354 3013 σου
386 2956 525 3010 λαόν
544 2972 560 2987 ο
591 2956 620 3008 6
649 2954 740 3008 τὸν
789 2955 959 3027 Ἀδὰμ
991 2956 1211 3026 ἐγείρας
1235 2957 1300 3010 ἐκ
1327 2955 1435 3009 τῶν
1461 2954 1854 3025 θνητῶν,εγει-

264 3067 353 3120 ρον
378 3050 446 3101 τὸ
473 3047 647 3116 κέρας
678 3046 788 3100 τῶν
813 3046 1186 3119 Χριστιανῶν·
1219 3047 1381 3111 αὐτὸς
1415 3049 1443 3100 6
1472 3048 1594 3100 τότε
1625 3048 1719 3100 καί
1758 3046 1853 3100 νῦν

263 3142 417 3207 Θεὸς,
449 3141 479 3195 6
506 3140 611 3210 τὴν
644 3138 858 3210 μορφὴν
885 3138 981 3192 τοῦ
1016 3139 1202 3193 δούλου
1229 3137 1535 3204 ἀναλαϐὼν,
1579 3136 1853 3210 λύτρωσαι

261 3233 326 3287 ἐκ
351 3231 603 3293 δουλείας
623 3229 713 3282 τὸν
741 3229 996 3299 ταπεινόν
1024 3246 1116 3282 σου
1138 3228 1267 3282 λαόν
1286 3245 1301 3260 ο
1328 3231 1357 3281 6
1383 3229 1575 3299 νήπιος
1600 3227 1855 3296 γενέσθαι

1950 2041 2091 2108 sisti,
2119 2040 2345 2095 admitte
2378 2040 2541 2094 modo
2571 2048 2625 2094 et
2658 2039 2953 2096 Ecclesiam
3011 2049 3159 2096 tuam
3211 2050 3266 2097 et
3312 2043 3541 2112 captiva:

1948 2130 2123 2185 turbae
2148 2129 2381 2199 gemitus
2432 2143 2494 2182 ac
2522 2127 2798 2196 suspiria;
2823 2127 2915 2196 qui
2947 2127 3121 2183 fidelis
3150 2129 3379 2184 latronis
3415 2144 3540 2198 pre-

1950 2237 2041 2277 ces
2089 2220 2383 2282 exaudisti,
2427 2220 2611 2289 populi
2659 2220 2736 2273 tui
2786 2220 2959 2274 fidelis
2989 2220 3268 2273 orationes
3306 2219 3537 2284 exaudi;

1950 2315 2043 2385 qui
2078 2313 2223 2368 Petri
2257 2313 2632 2382 paenitentiam
2666 2322 2717 2366 et
2748 2312 2984 2366 lamenta
3011 2311 3234 2366 minime
3255 2319 3543 2367 aversatus

1904 2422 2044 2485 “es,
2090 2405 2463 2461 meudicorum
2523 2411 2774 2459 nostrum
2824 2403 3069 2458 omnium
3118 2401 3278 2461 ﬂetus
3313 2405 3535 2474 excipe;

1951 2500 2042 2571 qui
2065 2499 2385 2554 Chananmac
2438 2500 2708 2569 lacrymas
2739 2513 2846 2552 non
2885 2496 3221 2567 rcpudiasti,
3259 2498 3448 2566 accipe
3488 2505 3544 2551 et

1952 2589 2256 2647 Eeclesiam
2306 2607 2554 2661 parvam,
2592 2605 2690 2660 pro
2744 2590 2953 2659 majore
2993 2590 3334 2659 captivorum
3384 2589 3543 2643 turba

1954 2682 2376 2753 supplicantem,
2408 2690 2461 2735 et
2498 2681 2561 2735 ad
2610 2689 2662 2735 te
2702 2680 2869 2734 Deum
2929 2680 3089 2734 hodie
3123 2680 3447 2734 clamantem
3480 2694 3545 2733 ac

1953 2774 2223 2828 dicentem
2251 2792 2262 2826 :
2298 2773 2466 2837 Deus,
2496 2773 2588 2842 qui
2618 2779 2741 2841 post
2768 2770 3009 2825 triduum
3038 2786 3067 2823 a
3102 2769 3332 2823 mortuis
3358 2784 3545 2823 resur-

1953 2865 2167 2929 rexisti,
2208 2865 2417 2919 fidelem
2451 2872 2601 2917 tuum
2636 2862 2893 2933 populum
2930 2861 2999 2916 ab
3040 2860 3389 2915 inimicorum
3422 2875 3539 2913 ma-

1955 2958 2118 3012 nibus
2172 2955 2800 3026 excita;quiAdmnum
2852 2971 2883 3010 e
2933 2955 3246 3009 mortalium
3304 2953 3546 3009 eduxiin

1956 3066 2211 3115 numero,
2261 3065 2433 3104 cornu
2484 3048 2924 3104 Christianorum
2974 3047 3195 3112 attolle;
3259 3046 3351 3114 qui
3405 3045 3546 3101 Deus

1956 3140 2084 3194 olim
2143 3128 2384 3192 etKnunc
2436 3138 2709 3191 exsistens
2756 3135 3010 3190 servilem
3062 3135 3287 3189 indutus
3329 3150 3389 3190 es
3433 3134 3547 3193 for-

1957 3246 2124 3295 mam,
2154 3230 2412 3283 humilem
2464 3238 2617 3282 tuum
2670 3243 2701 3280 a
2753 3227 3017 3281 servitute
3054 3226 3311 3295 populum
3355 3225 3542 3294 eripe;

270 3322 613 3387 καταξιώσας
640 3321 782 3392 ὑπὲρ
810 3318 987 3392 ἡμῶν,
1026 3318 1198 3373 σῶσον
1235 3318 1509 3390 μαχαίρας
1547 3317 1609 3370 τὸ
1656 3317 1855 3388 πλῆθος

1961 3322 2054 3392 qui
2086 3321 2266 3375 infans
2288 3336 2408 3378 esse
2436 3329 2629 3376 nostra
2659 3334 2827 3375 causa
2854 3317 3097 3384 voluisti,
3122 3315 3424 3374 infantulos
3448 3333 3546 3374 no-

282 3414 393 3467 τῶν
422 3413 618 3483 νηπίων
641 3412 819 3484 ἡμῶν.

352 3505 523 3569 Αὐτὸς
549 3504 577 3557 6
604 3506 726 3559 τότε
754 3503 908 3570 Θεὸς,
935 3504 964 3556 6
999 3503 1138 3575 μετά
1171 3502 1376 3574 μητρὸς
1396 3502 1453 3555 ἐν
1479 3499 1743 3570 Αἰγύπτῳ
1773 3499 1859 3563 ξε-

275 3597 549 3660 νιτεῦσας,
582 3595 915 3650 ἁνακάλεσαι
950 3595 1050 3666 τῆς
1088 3595 1307 3665 μακρᾶς
1332 3592 1596 3657 ξενιτείας
1621 3590 1720 3654 τάς
1749 3609 1856 3661 μη-

268 3691 436 3763 τέρας
460 3691 558 3743 ml.
576 3688 644 3743 τὰ
661 3688 856 3742 τέκνα·
881 3690 909 3741 6
932 3686 1161 3759 πραθεὶς
1184 3688 1323 3758 ὑπὲρ
1346 3685 1555 3740 πολλῶν
1572 3684 1873 3747 ἑκουσίως,

262 3783 479 3836 παῦσον
519 3780 620 3852 τὴν
664 3778 868 3851 πράσιν
898 3777 994 3832 τοῦ
1023 3777 1152 3831 λαοῦ
1185 3777 1293 3830 τῶν
1335 3774 1672 3847 Ἐκκλησιῶν
1695 3792 1707 3803 ·
1740 3774 1768 3827 6
1793 3775 1861 3827 δι’

261 3876 415 3947 ἡμᾶς
445 3874 506 3926 ἐν
540 3870 618 3943 τῷ
652 3872 807 3941 νώτῳ
834 3870 1127 3941 δεξάμενος
1162 3869 1261 3932 τὰς
1283 3867 1378 3922 τοῦ
1410 3867 1644 3921 Πιλάτου
1677 3865 1873 3935 μάστι-’

258 3987 390 4038 γας,
426 3967 527 4021 καὶ
563 3964 811 4028 ἀπειλάς,
842 3964 1005 4028 αὐτὸς
1035 3965 1063 4017 6
1088 3963 1357 4026 κοπιάσας
1386 3961 1453 4014 δι’
1480 3962 1629 4032 ἡμᾶς
1669 3963 1733 4014 ἐκ
1766 3961 1865 4030 τῆς

257 4058 607 4130 ὁδοιπορίας,
644 4056 853 4110 παῦσον
897 4052 990 4107 τοῦ
1042 4052 1173 4107 λαοῦ
1223 4069 1317 4112 σου
1351 4053 1479 4115 τοὺς
1522 4049 1725 4113 κόπους
1771 4048 1865 4100 καὶ

258 4148 682 4220 ταλαιπωρίας·
714 4149 744 4201 6
772 4149 829 4201 ἐν
873 4144 1091 4217 σταυρῷ
1125 4143 1356 4215 βοήσας’
1393 4139 1574 4211 mea),
1619 4139 1866 4206 δρόσισον

266 4244 452 4316 ψυχὰς
477 4239 670 4305 δεινῶς
696 4238 936 4309 διψὼσας
963 4239 1055 4291 καί
1080 4235 1353 4299 πεινώσας
1372 4252 1386 4266 °
1424 4237 1451 4287 6
1488 4232 1626 4305 μετά
1649 4232 1866 4303 ἀνόμων

266 4338 379 4392 ὑπὸ
402 4335 629 4405 ἀνόμων
655 4331 1031 4403 κατακριθείς,
1062 4330 1225 4401 ῥῦσαι
1258 4328 1352 4381 καὶ
1380 4328 1530 4399 ἡμᾶς
1552 4328 1616 4379 ἐκ
1637 4326 1738 4396 τῆς
1759 4322 1866 4377 τῶν

1959 3426 2102 3469 stros
2133 3428 2162 3466 a
2191 3413 2387 3483 gladiis
2411 3412 2612 3467 exime.

2029 3505 2130 3567 Tu,
2159 3504 2251 3573 qui
2300 3519 2396 3573 per
2447 3504 2579 3558 illud
2630 3511 2867 3573 tempus,
2904 3516 3028 3555 eum
3086 3516 3238 3557 esses
3292 3500 3459 3567 Deus,
3492 3501 3547 3554 in
3634 3520 3639 3529 ·

1958 3593 2195 3665 [Egypto
2242 3610 2365 3649 cum
2403 3603 2575 3648 matre
2608 3594 2987 3664 peregrinatus
3023 3610 3105 3655 es,
3137 3594 3205 3647 ab
3250 3592 3548 3661 longinqua

1962 3688 2401 3758 peregrinatione
2445 3696 2655 3745 matres
2697 3702 2761 3741 ac
2809 3686 3014 3742 liberos
3046 3701 3279 3753 revoca;
3323 3685 3417 3755 qui
3455 3701 3550 3753 pro

1964 3781 2152 3834 multis
2195 3779 2262 3833 de
2299 3787 2390 3833 tua
2429 3780 2705 3834 voluntate
2737 3778 2990 3834 venditus
3021 3794 3102 3842 cs,
3140 3779 3223 3831 fac
3268 3786 3326 3830 ut
3376 3784 3552 3831 cesset

1964 3871 2138 3941 plebis
2174 3871 2543 3925 Ecclesiarum
2579 3878 2798 3924 tuarum
2827 3871 2933 3926 ista
2963 3868 3243 3936 venditio;
3284 3868 3374 3939 qni
3422 3884 3550 3937 pro-

1965 3969 2085 4032 pter
2100 3977 2199 4016 nos
2216 3959 2376 4015 Pilati
2410 3961 2637 4015 verbera
2669 3968 2821 4030 tergo
2858 3968 2952 4015 tuo
2974 4000 2987 4020 ,
3024 3975 3087 4013 ac
3124 3960 3300 4013 minas
3336 3958 3554 4027 excepi-

1967 4054 2035 4109 sti
2062 4070 2075 4118 ;
2114 4053 2205 4123 qui
2240 4059 2429 4106 nostra
2460 4066 2627 4105 causa
2657 4066 2723 4104 ex
2754 4050 2948 4106 itinere
2983 4050 3242 4120 fatigatus
3265 4065 3343 4112 es,
3370 4049 3551 4117 populi

1966 4147 2045 4201 lui
2078 4145 2358 4200 laboribus
2419 4151 2473 4198 et
2516 4143 2777 4198 aerumnis
2834 4144 3052 4197 modum
3095 4142 3328 4202 adhibe;
3367 4140 3463 4209 qui
3499 4139 3553 4193 in

1966 4252 2132 4291 cruce
2160 4234 2495 4291 vociferatus
2541 4249 2601 4288 es
2631 4252 2644 4288 :
2676 4232 2887 4299 Sitio‘,
2921 4231 3162 4303 graviter
3193 4231 3467 4294 sitientes,
3499 4237 3554 4284 ct

1966 4315 2276 4386 esurientes
2302 4328 2515 4382 animas
2536 4326 2748 4382 caelesti
2778 4342 2901 4380 rore
2929 4323 3242 4394 perfundito
3266 4340 3279 4386 ;
3308 4323 3399 4392 qui
3426 4338 3553 4378 eum

262 4429 498 4500 ἀνόμων
532 4424 759 4496 βουλῆς’
792 4426 820 4476 6
849 4421 1156 4495 γυμνωθεὶς
1179 4421 1255 4482 ὡς
1279 4420 1585 4493 κακοῦργος
1613 4418 1718 4471 ὑπὸ
1746 4416 1855 4471 ἀνό-

1968 4418 2253 4474 sceleratis
2282 4418 2351 4472 ab
2385 4416 2672 4472 sceleratis
2698 4414 2992 4469 damnatus
3050 4428 3130 4478 es,
3164 4412 3316 4483 eripe
3367 4426 3470 4467 nos
3526 4426 3556 4464 a

268 4519 836 4587 μων,αὒτὸςέκεῖνος,
855 4515 1121 4581 Δέσποτα,
1152 4513 1258 4568 ὑπὸ
1285 4513 1618 4585 παρανόμων
1643 4511 1855 4582 δεσμευη

1970 4508 2365 4562 sceleratorum
2401 4506 2668 4571 consilio;
2694 4506 2785 4575 qui
2819 4504 2888 4558 ab
2914 4501 3137 4557 nefariis
3166 4511 3425 4571 tanquam
3450 4515 3562 4556 ma»

264 4611 413 4675 θεὶς,
438 4609 603 4663 λῦσον
648 4609 776 4674 τοὺς
828 4609 884 4661 ἐν
927 4607 1147 4678 δεσμοῖς
1199 4605 1608 4676 πεπεδημένους
1634 4620 1647 4634 ’
1705 4605 1733 4657 6
1773 4603 1855 4674 rip

1971 4599 2162 4655 leficus
2196 4598 2438 4654 nudatus
2465 4613 2556 4665 es;
2589 4605 2670 4661 tu,
2704 4596 2948 4666 inquam,
2984 4590 3120 4664 ipse,
3160 4595 3251 4664 qui
3278 4595 3346 4649 ab
3374 4593 3560 4665 impiis

265 4702 554 4776 ἄχραντόί
587 4718 679 4755 σου
711 4700 923 4773 μητέρα
955 4697 1344 4770 παρακαλέσας
1367 4697 1476 4750 ἀπὸ
1508 4687 1600 4749 τοῦ
1637 4693 1855 4767 σταυροῐ

1974 4693 2173 4763 ligatus
2210 4707 2302 4760 es;
2339 4706 2435 4744 eos
2469 4689 2618 4759 ipsos
2643 4690 2887 4750 exsolve,
2937 4687 3030 4757 qui
3072 4686 3307 4741 vinculis
3354 4686 3560 4757 alligati

264 4794 545 4868 ὀδυρμοῦ,
579 4794 673 4848 καὶ
722 4792 816 4846 τοῦ
869 4789 1152 4861 κλαυθμοῦ
1176 4805 1188 4820 ·
1233 4789 1393 4852 αὐτὸς
1439 4790 1467 4841 6
1512 4788 1634 4841 τότε
1670 4786 1855 4857 βοήσας

1974 4791 2137 4848 sunt;
2169 4782 2262 4852 qui
2296 4781 2573 4836 inviolatae
2613 4782 2805 4836 matris
2841 4790 2946 4833 tuae
2991 4778 3196 4834 luctum
3262 4793 3326 4833 ac
3371 4779 3558 4833 fletum

267 4891 402 4953 ταῖς
445 4886 779 4958 μυροφόροις
808 4884 890 4952 τὸ,
922 4884 1184 4952 Χαίρετε,
1230 4881 1392 4945 αὐτὸς
1426 4879 1521 4932 καί
1563 4877 1657 4931 νῦν
1681 4877 1855 4948 βόησοπ

1978 4869 2051 4931 de
2106 4889 2272 4929 cruce
2317 4874 2636 4928 consolatus
2678 4888 2759 4936 es,
2793 4872 2996 4942 quique
3057 4878 3186 4924 tunc
3221 4879 3558 4940 unguentum

269 4984 401 5043 ταῖς
417 4976 773 5049 Ἐκκλησίαις
806 4993 922 5041 σου,
940 4974 1176 5045 Χαίρετε
1197 4992 1211 5005 ·
1242 4972 1404 5036 αὐτὸς
1423 4974 1451 5025 6
1473 4973 1581 5034 τοῖς
1594 4969 1742 5040 ἣλοις
1764 4969 1855 5022 τοῦ

1976 4966 2281 5024 ferentibus
2322 4964 2431 5019 illis
2476 4963 2849 5026 mulierculis,
2883 4962 3039 5015 Avete
3059 4963 3103 5024 ¹,
3138 4961 3323 5016 dixisti
3359 4980 3371 5015 :
3404 4962 3564 5030 cujus

275 5072 491 5142 τιμίοις
514 5067 893 5141 προσηλωθεὶς
912 5067 1011 5130 τάς
1035 5068 1223 5139 χεῖρας
1244 5064 1335 5118 καί
1359 5064 1485 5127 τοὺς
1506 5062 1691 5125 πόδας,
1714 5060 1876 5113 λῦσον

285 5161 700 5234 σιδηροδέσμων
727 5158 872 5213 λαῶν
901 5157 1001 5222 τὰς
1035 5159 1225 5228 χεῖρας
1253 5156 1348 5210 καὶ
1370 5154 1497 5219 τοὺς
1524 5152 1709 5215 πόδας.
1738 5150 1867 5218 Ναὶ,

289 5255 537 5309 Δέσποτα
586 5252 958 5324 φιλάνθρωπε,
985 5252 1014 5303 6
1037 5250 1237 5305 εἰπών·
1272 5246 1616 5316 Περίλυπός
1639 5245 1810 5299 ἐστιν
1836 5246 1880 5314 ἡ

290 5344 466 5417 ψυχή
494 5364 615 5417 μου
642 5346 712 5400 ἐκ
745 5343 1025 5410 θανάτου,
1065 5344 1224 5416 ῥῦσαι
1256 5341 1348 5395 τὸν
1377 5339 1506 5393 λαόν
1542 5356 1634 5392 σου
1659 5338 1759 5409 τῆς
1784 5338 1881 5391 λύ-

288 5457 404 5513 πης
431 5441 522 5494 καί¹
547 5439 640 5494 τοῦ
671 5438 906 5493 θανάτου
922 5454 936 5468 '
969 5437 1134 5500 αὐτὸς
1157 5438 1185 5490 6
1208 5437 1276 5506 τῇ
1309 5433 1554 5507 ῥομφαίᾳ
1575 5431 1757 5501 νυγεὶς
1782 5431 1881 5502 τὴν

283 5530 537 5604 πλευράν
584 5549 701 5599 σου,
747 5529 1039 5603 σύντριψον
1084 5527 1196 5581 τῶν
1238 5525 1448 5598 ἐχθρῶν
1480 5524 1577 5595 τὴν
1609 5522 1883 5595 ῥομφαίαν

1978 5076 2175 5115 manus
2211 5072 2274 5112 ac
2309 5056 2473 5128 pedes
2514 5053 2927 5126 pretiosissimis
2968 5052 3139 5107 clavis
3203 5053 3379 5107 suflixi
3411 5062 3560 5116 sunt,

1979 5167 2316 5222 qumumus,
2353 5164 2385 5202 o
2428 5146 2823 5218 benignissime
2869 5146 3127 5200 Domine!
3184 5145 3279 5217 qui
3319 5146 3505 5201 dixisti
3547 5167 3561 5201 :

1980 5244 2173 5299 Tristis
2226 5250 2304 5297 est
2355 5243 2535 5295 anima
2569 5256 2702 5305 mea,
2734 5246 2946 5308 propter
2979 5238 3271 5304 mortem”;
3305 5238 3565 5307 populum

1979 5343 2132 5391 tuum
2164 5351 2195 5390 a
2226 5333 2413 5389 dolore
2436 5348 2499 5386 ac
2531 5339 2707 5385 morte
2762 5327 3076 5393 libera.Tu,
3109 5329 3199 5385 cui
3232 5331 3421 5383 lancea
3441 5344 3563 5398 pero
3610 5386 3624 5399 ,

1952 5416 2217 5483 ’[οιοοιιιιη
2266 5427 2411 5481 latus
2439 5432 2545 5484 est.
2580 5424 2820 5479 hostium
2877 5423 3123 5476 lanceam
3158 5418 3366 5493 potenti
3400 5435 3565 5473 manu

1983 5532 2075 5577 tua
2100 5518 2418 5589 confringe;
2444 5526 2611 5588 atque
2639 5524 2698 5572 ut
2725 5508 2899 5572 ﬁdelis
2920 5515 3049 5571 olim
3077 5512 3309 5567 latronis
3340 5509 3419 5566 tui
3447 5551 3462 5578 ,
3488 5511 3565 5565 ita

282 5630 351 5701 τῇ
378 5626 534 5699 χειρί
572 5642 669 5680 σου
698 5627 768 5697 τῇ
792 5623 1053 5697 κραταιᾷ,
1076 5622 1170 5676 καί⁴
1195 5617 1488 5692 μνήσθητι,
1519 5616 1782 5681 Δέσποτα,
1810 5613 1855 5667 ὡ

1986 5612 2160 5669 fidelis
2198 5611 2359 5667 modo
2390 5610 2471 5664 tui‘
2504 5609 2695 5680 populi
2731 5608 3067 5679 memineris.
3106 5605 3208 5672 Qui
3253 5618 3355 5675 pro
3402 5604 3574 5661 nobis

261 5746 285 5834 ξ
361 5786 384 5819 ¹
406 5782 573 5841 Joan.
604 5800 720 5848 xix,
743 5784 837 5840 28.
915 5785 934 5815 ²
956 5781 1146 5838 Matth.
1170 5794 1363 5848 xxvm,
1388 5779 1444 5835 9.
1520 5776 1540 5810 ⁸
1562 5774 1751 5831 Matth.
1770 5776 1937 5836 ‘xxvt,
1980 5769 2069 5825 58.

357 5901 483 5976 (63)
516 5901 646 5958 Cor.
678 5875 841 5971 6x16.

2018 5904 2021 5905 ν
2069 5878 2180 5951 (64)
2211 5877 2273 5935 F.
2306 5880 2363 5933 ἐν
2392 5877 2626 5947 ἀνάγκῃ.
