3988 6418
231 419 338 476 4⁵17

1155 408 1442 468 “OMILIA
1486 411 1555 468 IV
1586 414 1654 469 IN
1718 411 2268 471 ASSUMPTIONEM
2296 415 2595 474 CHRISTI.

3396 420 3506 478 478

220 530 328 602 τῆς
354 526 612 592 παιδείας
655 526 823 593 δεῖξον
864 525 957 580 καὶ
1003 526 1102 599 τὴν
1151 526 1249 599 σὴν
1286 526 1713 599 φιλανθρωπίαν,
1742 528 1828 583 ῐνα

1960 528 2230 587 'eliemens
2281 533 2551 586 malorum
2597 531 2856 600 aculeus;
2910 539 3065 587 atrox
3117 533 3353 599 illorum,
3409 533 3510 589 Do-

227 620 313 694 μὴ
340 620 420 683 εἰς
457 619 615 683 τέλος
664 620 713 672 οἱ
758 617 994 672 Ἰουδαῖοι
1043 619 1469 689 καυχήσωνται,
1510 619 1595 673 ἵνα
1640 619 1714 691 μὴ
1759 620 1828 674 τά

224 717 369 788 ἔθνη
398 713 530 785 περὶ
554 713 716 785 ἡμῶν
747 713 940 766 εἴπωσι
964 730 979 742 ·
1008 712 1134 767 Ποῦ
1169 711 1341 766 ἐστιν
1360 716 1393 768 ό
1428 713 1574 780 Θεὸς
1608 712 1830 780 αὐτῶν;

225 808 349 862 Ποῦ
393 807 541 860 ἔστιν
582 808 612 859 ὁ
650 804 881 876 Χριστὸς
927 803 1139 870 αὐτῶν;
1169 804 1281 859 Ποῦ
1327 803 1475 857 ἔστιν
1520 806 1549 858 ὁ
1599 805 1830 875 σταυρὸς

224 900 455 964 αῦτῶν;
483 898 594 952 Ποῦ
624 898 824 968 ἔστινὴ
857 896 1013 959 ἐλπὶς
1043 896 1257 962 αὐτῶν;
1287 895 1398 949 Ποῦ
1437 896 1471 967 ἡ
1512 896 1692 961 πίστις
1721 896 1829 951 τῶν

225 991 620 1064 Χριστιανῶν;
649 991 768 1044 Ἵνα
818 988 893 1062 μὴ
942 990 1115 1043 ταῦτα
1159 988 1378 1055 εἴπωσι,
1430 989 1566 1060 ταχὺ
1604 990 1670 1044 τὰ
1706 989 1829 1060 ὲλέη

231 1102 334 1138 σου
361 1085 445 1146 εἰς
468 1084 616 1155 ἡμᾶς
645 1081 982 1153 θεωρήσουσι
1002 1098 1016 1112 ·
1054 1080 1211 1149 Ταχὺ
1256 1081 1827 1151 προσκαταλαϐἐτω-

236 1192 363 1231 σαν
389 1174 502 1247 (68)
530 1172 685 1243 ἡμᾶς
709 1175 765 1226 οὶ
796 1173 1085 1242 οἰκτιρμοί
1131 1189 1270 1235 σου,
1307 1173 1503 1241 Κύριε,
1530 1172 1619 1225 ὅτι
1648 1172 1832 1225 ἐπτω-

233 1267 553 1337 χεὺσαμεν
572 1264 827 1333 σφόδρα,
852 1264 935 1317 ὅτι
979 1260 1427 1333 ὲταπεινώθημεν
1474 1260 1698 1332 σφόδρα,
1750 1262 1831 1315 ὅτι

231 1357 604 1428 ὠλιγώθημεν
634 1358 857 1429 σφόδρα.
901 1356 1102 1411 Λοιπὸν
1149 1355 1438 1410 εἰσελθέτω
1483 1353 1710 1409 ἐνώπιόν
1738 1372 1831 1407 σου

230 1452 264 1504 ὁ
290 1448 599 1519 στεναγμὸς
651 1447 759 1501 τῶν
817 1447 1238 1519 πεπεδημὲνωνο
1295 1447 1607 1517 δυσωπήσει
1657 1462 1714 1498 σε
1767 1445 1834 1499 τά

231 1540 456 1612 δάκρυα
484 1538 589 1592 τῶν
634 1539 855 1592 ἀκάκων
898 1540 1129 1610 νηπίων,
1156 1540 1265 1591 τῶν
1300 1530 1829 1606 ’κατασφαζομένωνο

236 1630 522 1684 ἱκετεύσει
566 1647 623 1683 σε
658 1630 890 1703 όδυρμῂ
944 1630 1196 1703 μητέρων
1240 1629 1350 1683 τῶν
1402 1627 1831 1699 ἀτεκνουμένων.

233 1723 433 1779 Ταῦτα
462 1723 708 1791 λέγοντες
736 1723 987 1794 δεόμεθα,
1004 1724 1064 1775 οὐ
1088 1722 1397 1794 μαχόμεθα,
1443 1719 1836 1773 Δέσποταθδεό-

239 1815 412 1885 μεθα,
443 1814 557 1867 ἀλλ’
581 1815 642 1867 οὐ
673 1815 809 1886 πρὸς
840 1815 897 1867 σὲ
924 1813 1277 1884 δικαζόμεθα.
1331 1811 1596 1883 Δεόμεθα,
1625 1812 1705 1864 ὃτι
1734 1809 1838 1863 ὑπὸ

1932 623 2098 688 mine,
2152 623 2439 692 tragoedia.
2479 621 2638 679 Netu
2689 623 2813 679 illos
2862 624 3103 680 exterius
3135 640 3308 695 usque
3341 626 3511 682 desti-

1932 719 2060 777 tue,
2108 713 2205 769 sed
2249 729 2358 769 una
2406 731 2533 770 cum
2595 715 3072 773 animadversione
3117 718 3509 788 benignitatem

1933 813 2082 858 tuam
2131 806 2352 871 exhibe,
2404 814 2465 860 ut
2502 822 2569 862 ne
2596 806 2770 864 Judaei
2811 807 2880 863 ad
2926 807 3089 864 linem
3135 824 3311 879 usque
3354 809 3511 866 nobis

1932 896 2244 960 insultent,
2300 912 2371 952 ne
2424 895 2492 952 de
2544 898 2705 955 nobis
2763 905 2954 969 gentes
3014 899 3149 954 illud
3208 908 3511 969 usurpent:

1938 983 2039 1039 Ubi
2083 996 2163 1041 est
2203 987 2345 1042 Deus
2395 989 2659 1045 eorum‘?
2698 988 2800 1044 Ubi
2829 999 2916 1047 est
2942 990 3197 1048 Christus
3233 990 3519 1061 ipsorum?

1934 1075 2038 1132 Ubi
2084 1088 2170 1134 est
2241 1096 2374 1135 crux
2434 1082 2715 1152 ipsorum?
2746 1080 2855 1137 Ubi
2895 1093 2985 1138 est
3050 1098 3178 1155 spes
3234 1080 3520 1153 ipsorum?

1937 1164 2041 1223 Ubi
2101 1168 2236 1226 ﬁdes
2286 1170 2772 1228 Christianorum?
2837 1171 2919 1228 Ne
2972 1172 3244 1244 ejusmodi
3308 1171 3518 1240 jactare

1935 1261 2205 1329 audeant,
2235 1271 2382 1318 tuam
2411 1265 2468 1318 in
2493 1280 2595 1321 nos
2620 1266 2738 1321 cito
2767 1264 3204 1321 misericordiam
3235 1263 3517 1320 videbunt.

1937 1352 2282 1410 Prwveniant
2312 1374 2406 1411 nos
2430 1358 2702 1413 celerrime
2722 1360 3089 1413 miserationes
3121 1367 3244 1423 tuae,
3279 1356 3519 1421 Domine,

1937 1452 2191 1521 quoniam
2245 1465 2501 1519 pauperes
2567 1449 2698 1519 facti
2750 1465 2934 1503 sumus
2984 1447 3204 1515 valde',
3262 1444 3523 1516 quoniam

1948 1542 2221 1596 humiliali
2258 1558 2447 1597 sumus
2490 1541 2667 1607 valde,
2699 1542 2959 1613 quoniam
2992 1540 3149 1611 pauci
3176 1539 3304 1594 iacti
3332 1551 3523 1592 sumus

1940 1634 2112 1689 valde.
2149 1633 2306 1700 Quod
2338 1640 2614 1703 superest,
2666 1633 2830 1688 intret
2882 1634 2938 1687 in
2978 1640 3332 1702 conspectum
3369 1637 3523 1684 tuum

1938 1728 2175 1796 gemitus
2204 1728 2552 1790 vinctorum;
2582 1725 2803 1781 ﬂectent
2839 1733 2893 1779 te
2934 1722 3308 1779 innocentium
3348 1719 3528 1774 infau-

1943 1819 2182 1872 tulorum
2204 1816 2296 1886 qui
2325 1816 2667 1887 jugulautur,
2711 1818 3002 1886 lacrymm;
3045 1822 3279 1868 matrum
3305 1821 3376 1873 te,
3407 1824 3529 1879 qua:

237 1906 467 1975 ἀνόμων
505 1904 899 1975 ὀνειδιζόμεθα,
952 1907 1035 1958 ὅτι
1093 1904 1153 1970 ἐξ
1192 1904 1457 1976 Ἑλλήνων
1507 1903 1842 1957 καταπονοῦ-

1960 1908 2139 1964 liberis
2176 1908 2471 1974 orbantur,
2512 1908 2771 1978 planctus
2799 1907 3069 1963 exorabit.
3126 1903 3251 1960 Haec
3286 1903 3531 1957 dicentes

239 1998 422 2071 μεθα·
460 1998 520 2050 οὐ
559 1998 860 2069 μαχόμεθα,
915 1997 1049 2052 ἀλλά
1097 1996 1590 2069 ὲξομολογοῦμεθα.
1641 1995 1844 2049 Κλαίο·⁵

243 2108 374 2162 μεν,
394 2092 479 2144 ὅτι
504 2091 596 2143 καὶ
618 2092 666 2143 οἱ
695 2090 870 2143 λοιποὶ
896 2090 1314 2145 κινδυνεύουσιν.
1338 2090 1399 2144 Ei
1416 2093 1524 2162 γὰρ
1548 2090 1641 2143 καὶ
1669 2090 1843 2160 ἀμαρ-

243 2185 432 2248 τωλοὶ,
480 2182 594 2237 ἀλλ’
641 2185 791 2253 ὅμως
835 2184 1152 2254 Χριστιανοὶ
1204 2184 1579 2254 τυγχάνομεν’
1639 2184 1688 2235 εἰ
1750 2180 1844 2233 καὶ¹

241 2273 520 2338 ταπεινοὶ,
558 2271 670 2326 ἀλλ’
702 2272 851 2342 ὅμως
898 2273 1001 2342 τῆς
1053 2270 1289 2334 πίστεώς
1336 2289 1430 2325 σου
1477 2271 1635 2335 λαός·
1669 2271 1716 2323 εἰ
1752 2270 1845 2323 καὶ

240 2360 466 2425 ἀνάξιοι
518 2359 938 2430 φιλανθρωπίας,
985 2359 1098 2414 ἀλλ’
1127 2361 1276 2432 ὅμως
1309 2360 1556 2432 πρόϐατα
1596 2362 1696 2431 τῆς
1747 2360 1846 2431 σῆς

256 2451 595 2522 Ἐκκλησεας
621 2451 786 2522 ἐσμὲν
817 2452 873 2504 ὲν
903 2452 983 2506 ἐνὶ
1026 2453 1491 2525 συνηθροισμένοι.
1521 2452 1736 2524 Ταύτην
1766 2469 1847 2505 σοι

250 2546 352 2615 τὴν
380 2543 593 2596 ἱκεσίαν
624 2544 673 2595 οἱ
706 2544 909 2613 πτωχοὶ
940 2544 1081 2616 ὑπὲρ
1121 2544 1359 2615 πλήθους
1406 2543 1534 2598 λαοῦ
1569 2544 1849 2615 αἰχμαλω-

247 2638 400 2701 σίας,
456 2637 515 2688 ἐν
564 2638 629 2706 τῇ
679 2636 745 2705 σῇ
806 2637 1090 2709 τριημέρῳ
1155 2637 1447 2690 ἀναστάσει
1501 2638 1850 2708 προσάγομεν

249 2730 426 2798 ἱερεῖς
454 2728 550 2780 καὶ
579 2726 715 2793 λαοὶ,
752 2728 1022 2782 νεανίσκοι
1072 2728 1167 2782 καὶ
1218 2728 1497 2800 παρθένοι,
1547 2728 1851 2802 πρεσϐῦται

254 2820 398 2892 μετά
425 2820 739 2893 νεωτέρων,
775 2822 946 2892 νήπια
997 2820 1133 2892 μετά
1189 2821 1462 2893 μητέρων,
1507 2823 1658 2874 πᾶσα
1706 2820 1851 2891 ψυχὴ

254 2911 365 2965 τῶν
396 2911 766 2965 πιστευόντων
798 2914 878 2976 εὶς
908 2912 998 2965 σέ·
1042 2912 1135 2977 οὓς
1190 2912 1464 2984 λύτρωσαι
1503 2914 1709 2976 πάντας
1751 2912 1856 2966 πά-

260 3023 360 3075 σης
388 3006 487 3076 τῆς
519 3006 875 3078 ἐπικειμένης
909 3005 1159 3076 ἀπειλῆς,
1186 3006 1280 3059 καὶ
1311 3006 1409 3077 τῆς
1444 3006 1542 3076 σῆς
1578 3004 1855 3075 βασιλείας

263 3094 446 3159 ἀξωυς
500 3092 747 3165 ποίησον,
781 3095 964 3174 χάριτι
1012 3096 1108 3148 καὶ
1155 3094 1534 3166 φιλανθρωπίᾳ
1570 3094 1663 3147 τοῦ
1701 3111 1857 3164 μονο-

264 3186 455 3256 γενοῦς
510 3203 608 3239 σου
655 3186 784 3239 Υξοῦ
826 3187 918 3241 καὶ
968 3187 1238 3240 Δεσπότου
1280 3187 1412 3240 Θεοῦ
1465 3188 1559 3240 καὶ
1605 3186 1856 3256 Σωτῆρος

1945 2001 2222 2072 supplices
2255 2017 2566 2072 precamur,
2598 2017 2704 2054 non
2736 2014 3061 2071 pugnamus,
3103 1997 3365 2061 Domine;
3408 2009 3532 2063 pre-

1947 2107 2161 2157 camur,
2195 2107 2308 2147 non
2338 2101 2515 2146 tecum
2547 2092 2760 2161 judicio
2789 2078 3200 2147 contendimus.
3231 2087 3531 2141 Precamur

1947 2182 2207 2251 quoniam
2256 2196 2286 2235 a
2332 2181 2582 2236 scelestis
2622 2181 2712 2234 illa
2754 2180 2912 2234 nobis
2938 2178 3362 2248 exprobrantur,
3388 2187 3526 2244 quo-

1949 2277 2093 2330 niam
2145 2289 2176 2327 a
2226 2274 2524 2345 gentilibus
2580 2273 2989 2343 opprimimur;
3057 2285 3166 2325 non
3229 2279 3535 2338 pugnamus

1949 2375 2165 2433 tecum,
2198 2366 2291 2422 sed
2335 2366 2699 2433 confitemur;
2746 2367 3046 2436 ploramus,
3097 2363 3355 2433 quoniam
3391 2359 3538 2429 peri-

1952 2459 2222 2511 clitantur
2282 2468 2337 2513 et
2404 2458 2626 2525 reliqui.
2691 2456 2954 2523 Quamvis
3017 2456 3162 2509 enim
3217 2460 3537 2522 peccatores

1952 2548 2145 2613 simus,
2179 2547 2487 2602 Christiani
2526 2555 2709 2602 tamen
2758 2560 2989 2602 sumus:
3022 2545 3126 2599 etsi
3171 2543 3394 2597 humilis
3427 2556 3538 2611 po—

1952 2639 2136 2709 pulus,
2178 2639 2338 2694 ﬁdem
2388 2646 2574 2695 tamen
2624 2639 2980 2709 profitemur;
3030 2638 3158 2691 licet
3202 2636 3539 2691 immanitate

1958 2740 2052 2785 tua
2080 2732 2256 2786 simus
2298 2731 2528 2803 indigni,
2578 2730 2941 2786 nihilominus
2983 2745 3112 2784 oves
3150 2728 3404 2783 Ecclesiae
3436 2735 3541 2780 tua:

1956 2840 2171 2889 sumus,
2194 2826 2247 2879 in
2271 2840 2440 2879 unum
2467 2824 2705 2881 collecti.
2732 2822 2845 2879 Has
2870 2822 2967 2878 tibi
2990 2836 3180 2892 preces
3206 2835 3306 2891 pro
3327 2818 3542 2888 captivo

1958 2917 2159 2986 populo
2204 2917 2258 2971 in
2312 2917 2416 2973 hac
2456 2916 2714 2970 triduana
2747 2923 2838 2970 tua
2865 2913 3270 2971 resurrectione
3305 2911 3404 2965 tibi
3440 2924 3542 2964 nos

1959 3007 2152 3076 inopes
2201 3005 2504 3069 oﬂ‘erimus,
2543 3005 2861 3061 sacerdotes
2899 3020 3022 3057 cum
3060 3002 3239 3072 plebe,
3285 3001 3543 3070 juvenes,

1959 3094 2222 3164 virgines,
2270 3108 2430 3148 senes
2484 3107 2610 3147 cum
2660 3092 2869 3162 pueris,
2914 3090 3153 3145 infantes
3195 3104 3319 3144 cum
3355 3088 3546 3141 matri-

1962 3184 2066 3239 bus
2100 3202 2114 3238 :
2164 3184 2409 3238 omnium
2451 3183 2504 3237 in
2536 3194 2589 3237 te
2617 3182 2959 3237 credentium
2984 3182 3217 3235 animze:
3247 3193 3385 3249 quos
3419 3178 3545 3248 qui-

266 3281 424 3350 ἡμῶν
460 3280 638 3351 Ἰησοῦ
674 3281 932 3351 Χριστοῦ,
966 3283 1062 3334 σὺν
1095 3280 1172 3351 τῷ
1198 3279 1445 3350 παναγεῳ
1472 3282 1565 3332 καὶ
1608 3279 1851 3348 quam“;

1960 3273 2083 3328 dem
2117 3289 2311 3329 omnes
2362 3274 2431 3327 ab
2482 3272 2900 3326 imminentilnis
2947 3271 3206 3341 periculis
3250 3270 3424 3339 eripe,
3480 3283 3545 3323 ae

279 3370 446 3423 αὐτοῦ
478 3368 775 3444 Πνεῦματιο
823 3371 917 3427 νῦν
971 3372 1066 3427 καὶ
1111 3373 1199 3426 ἀεὶ
1256 3372 1348 3425 καὶ
1389 3372 1467 3433 εἰς
1507 3371 1629 3433 τοὺς
1659 3368 1858 3432 αἰῶνας

287 3463 396 3516 τῶν
427 3463 637 3521 αἰώνων.
684 3466 742 3518 Ἀ
750 3466 879 3537 μήν.

1033 3857 1109 3910 Δ’.

267 3973 389 4030 Τοῦ
420 3971 495 4026 ἐν
521 3969 712 4037 ἁγίοις
753 3969 981 4038 Πατρός
1021 3967 1191 4036 ἡμῶν
1231 3968 1583 4036 Ἐπιφανίου
1620 3968 1863 4020 ἐπισκό-

336 4062 465 4098 που
510 4043 755 4110 Κύπρου
816 4044 903 4106 εὶς
960 4039 1076 4107 τὴν
1124 4038 1436 4107 ἀνάληψιν
1483 4038 1589 4091 τοῦ
1641 4038 1862 4105 Κυρίου

336 4112 516 4185 ἡμῶν
561 4112 762 4180 Ἰησοῦ
788 4110 1065 4181 Χριστοῦ.

796 4222 1105 4294 Εὐλογητὸς
1133 4224 1163 4276 ό
1193 4221 1345 4284 Θεός.

343 4316 566 4387 Κόσμος
598 4314 846 4386 σώματος
873 4316 906 4385 ἡ
936 4312 1249 4368 ἔπι-τεθεῖσα
1272 4310 1349 4382 τῷ
1375 4310 1588 4381 σώματι
1618 4309 1854 4381 κεφαλή·

264 4411 484 4480 κόσμος
519 4409 578 4462 δὲ
615 4407 735 4465 τῶν
775 4405 976 4480 ἑορτῶν
1022 4408 1057 4477 ή
1106 4406 1349 4477 σήμερον
1388 4404 1569 4475 ἑορτή.
1614 4402 1677 4455 Τί
1722 4402 1864 4472 γάρ;

266 4501 434 4575 φησι.
513 4496 754 4569 Χριστοῦ
824 4495 1094 4566 ἀνάληψιν
1168 4493 1304 4565 μετά
1367 4492 1568 4565 σαρκὸς
1618 4492 1870 4563 ἑορτάζο-

1962 3374 2056 3420 tuo
2103 3380 2272 3435 regno
2330 3365 2528 3434 dignos
2622 3364 2799 3428 cllice,
2857 3364 3028 3434 gratia
3095 3371 3149 3417 et
3214 3360 3547 3430 benignitate

1961 3458 2224 3526 uuigcniti
2300 3457 2377 3511 tui
2422 3454 2545 3509 Filii
2612 3470 2676 3509 ac
2730 3454 2941 3509 Domini
2988 3453 3082 3507 Dei
3146 3460 3201 3507 et
3245 3452 3547 3506 Salvatoris

1961 3550 2133 3605 nostri
2179 3547 2306 3605 Jesu
2358 3548 2585 3613 Christi,
2638 3562 2765 3602 cum
2805 3545 3155 3601 sanctissimo
3212 3551 3265 3599 et
3327 3544 3545 3598 viviﬁco

1962 3643 2136 3713 ipsius
2157 3642 2388 3713 Spiritu,
2431 3656 2578 3696 nunc
2605 3649 2658 3696 et
2682 3654 2900 3711 semper
2929 3646 2983 3695 et
3022 3639 3078 3693 in
3102 3638 3300 3694 saecula
3322 3637 3550 3693 saeculo-

1965 3752 2108 3790 rum.
2132 3737 2327 3790 Amen.

2712 3866 2804 3923 ιν.

1968 3962 2156 4019 Sancti
2218 3960 2507 4029 Epiphanii
2556 3960 2788 4028 episcopi
2840 3958 3170 4013 Constantia:
3232 3955 3463 4029 Cypri,”
3490 3955 3555 4008 de

2037 4027 2449 4087 Domini’u‘ostri
2476 4027 2605 4083 Iesu
2635 4030 2834 4084 Christi
2855 4030 3210 4095 assumptione
3237 4027 3550 4095 oratio(69).

2498 4208 2827 4266 Benedictus
2869 4208 3030 4261 Deus.

2042 4307 2309 4377 Corporis
2348 4310 2736 4359 ornamentum
2776 4309 2859 4355 est
2883 4305 3049 4367 caput
3084 4293 3302 4365 corpori
3333 4293 3558 4362 imposio

1971 4414 2115 4468 tum;
2173 4408 2226 4453 at
2281 4399 2544 4454 festorum
2593 4396 2766 4451 decus
2812 4401 2897 4448 est
2951 4391 3150 4445 festum
3210 4386 3555 4441 hodiernum.

1971 4495 2328 4551 Celchramus
2373 4490 2520 4545 enim
2558 4487 2768 4542 Christi
2826 4482 3044 4538 Domini
3094 4478 3395 4535 secundum
3434 4492 3563 4530 ear-

271 4573 400 4668 μεν,
436 4592 514 4658 ὡς
550 4593 658 4646 τῶν
688 4589 1034 4644 Δεσποτικῶν
1090 4588 1295 4660 ἑορτῶν
1338 4584 1691 4655 δεικνυμένην
1732 4584 1851 4655 πλήη

1980 4604 2102 4645 nem
2150 4600 2474 4651 ascensum;
2531 4582 2677 4653 quod
2730 4594 2862 4636 sane
2912 4577 3109 4631 festum
3153 4573 3561 4627 Dominicorum
3640 4604 3643 4605 ν

270 4705 467 4760 ρωμα.
515 4684 784 4755 Καθάπερ
832 4681 944 4753 γάρ
992 4680 1203 4751 κεφαλὴ
1264 4678 1687 4749 φαιδρόμορφος,
1732 4675 1874 4730 οὕτω

268 4782 371 4835 καὶ⁵
398 4782 434 4850 ὴ
472 4778 712 4849 σήμερον
755 4774 917 4848 ἑορτὴ
948 4774 1050 4844 τῆς
1092 4771 1280 4843 θεῖκῆς
1312 4770 1532 4842 χάριτος
1566 4769 1875 4837 ἀπαυγάζει

268 4875 337 4928 τὺ
363 4871 570 4936 κάλλος
589 4886 601 4900 ’
634 4870 749 4923 ἀλλ’
794 4870 845 4922 οἱ
881 4867 1068 4921 πολλοὶ
1099 4864 1422 4936 ἀγνοοῦντες
1448 4863 1509 4916 τὸ
1539 4864 1741 4933 ταύτης
1777 4861 1877 4933 μέα

272 4970 468 5039 γεθος,
498 4960 662 5038 ἦττον
700 4962 870 5035 αὐτὴν
902 4959 1202 5032 νομίζουσι.
1253 4957 1365 5011 Καὶ
1394 4958 1442 5009 εἰ
1483 4954 1737 5026 βούλεσθε
1772 4970 1878 5024 μα-

279 5060 420 5122 θεῖν,
467 5055 808 5121 ἀνεξικάκως
865 5051 1175 5107 συντείνατέ
1237 5067 1325 5120 μοι
1378 5047 1469 5100 τὸν
1519 5046 1664 5101 νοῦν.
1712 5045 1881 5100 Μόνον

292 5170 380 5222 μοι
407 5151 478 5204 δι’
506 5149 682 5219 εὐχῶν
716 5146 1113 5218 συνεργήσατε,
1145 5139 1477 5214 παρακαλῶ·
1514 5141 1609 5192 καὶ
1647 5139 1746 5202 τὰς
1784 5155 1881 5210 μο-

292 5242 570 5307 λιϐδιῖκῖεις
599 5245 773 5313 αὔρας
800 5238 1188 5294 καταστείλατε
1211 5253 1226 5270 ο
1267 5235 1362 5288 καὶ
1403 5233 1470 5288 τά
1522 5231 1744 5304 κύματα
1788 5232 1887 5302 τῆς

297 5335 563 5406 φλυαρίας
618 5332 986 5405 γαληνιάσατε
1007 5348 1023 5362 ο
1084 5331 1180 5383 καὶ
1235 5324 1600 5398 σχολάζουσαν
1652 5341 1740 5396 μοι
1791 5323 1888 5395 τὴν

288 5427 469 5484 ἀκοὰν
498 5427 838 5498 παράσχητε.
876 5422 1034 5478 Κατὰ
1062 5422 1172 5493 γὰρ
1204 5420 1293 5474 τὸν
1342 5419 1504 5487 σοφὸν
1548 5415 1888 5487 Σολομῶντα,

1981 4681 2226 4737 omnium
2270 4679 2732 4748 complementum
2787 4671 3027 4728 exhibet.
3084 4667 3154 4723 Ut
3203 4668 3350 4722 enim
3401 4673 3561 4736 caput

1981 4778 2153 4825 totam
2209 4770 2460 4840 corporis
2521 4767 2975 4823 constitutionem
3031 4766 3304 4817 exornat:
3342 4758 3417 4811 ita
3470 4757 3567 4810 ho-

1982 4862 2172 4917 dierna
2216 4859 2537 4916 solemnitas
2586 4857 2785 4912 divinae
2848 4853 3036 4925 gratia;
3079 4847 3564 4919 puichritudinem,

1984 4952 2141 5022 quasi
2178 4951 2537 5020 coloplionem
2574 4948 2651 5001 illi
2679 4947 2988 5015 imponens,
3037 4938 3268 4992 mirliice
3305 4936 3564 4989 illustrat.

1990 5043 2191 5099 Verum
2219 5041 2376 5096 multi
2407 5037 2835 5110 magnitudinem
2873 5033 3018 5087 illius
3041 5029 3377 5100 ignorantes,
3423 5026 3567 5081 haud

1986 5139 2060 5192 ita
2087 5135 2267 5206 magni
2297 5130 2431 5188 illud
2456 5131 2664 5186 faciunt
2690 5127 2838 5200 [cum
2867 5125 2985 5195 ipsa
3013 5132 3195 5177 tamen
3229 5124 3308 5175 rei
3336 5131 3558 5183 natura,

1986 5230 2203 5286 caeteris
2256 5226 2515 5283 omnibus
2551 5220 2962 5279 celebritatibus
2994 5217 3266 5273 illustrius
3290 5229 3412 5270 esse
3437 5228 3569 5268 cono

1985 5320 2191 5393 vincat]
2224 5364 2239 5387 ,
2281 5316 2740 5391 quemadmodum
2772 5312 2825 5367 id
2850 5328 2916 5367 ex
2940 5310 3206 5365 orationis
3240 5322 3372 5362 mea:
3395 5306 3561 5369 serie,

1990 5419 2036 5472 si
2071 5414 2232 5471 modo
2259 5428 2479 5484 requum
2516 5412 2623 5466 huc
2654 5409 2896 5463 animum
2926 5403 3241 5466 attuleritis,
3285 5398 3573 5470 perspicue

288 5521 443 5593 λόγοι
472 5521 652 5591 σοφῶν
689 5521 749 5575 ὲν
781 5516 1084 5576 ἀναπαύσει
1124 5512 1433 5569 ἀκούονται.
1480 5509 1681 5583 Πρώτη
1711 5509 1851 5563 τοίνυ

1990 5520 2328 5578 cognoscere
2372 5503 2579 5559 licebit.
2628 5498 2780 5556 Velis
2833 5497 3063 5569 proinde
3109 5508 3255 5551 aurae
3293 5492 3571 5563 popularis

389 5679 405 5711 '
426 5677 576 5734 Psal.
602 5692 760 5743 exui,
794 5676 885 5731 12.
924 5676 944 5708 ²
968 5672 1110 5730 Psal.
1146 5685 1373 5739 uxvm,
1401 5667 1453 5725 8.

365 5834 487 5907 (68)
517 5835 645 5893 Cor.
683 5849 928 5908 προκατ,

2078 5815 2184 5889 (69)
2216 5813 2504 5871 Theodoro
2536 5810 2761 5867 Peltano
2791 5806 3105 5876 interprete.
