3988 6432
203 298 308 355 ιει

1162 296 1444 354 llOMlLlA
1479 298 1549 354 ιν
1581 298 1651 354 IN
1739 297 2285 360 ASSDMPTIONEM
2321 304 2620 365 CHRISTI.

3423 318 3536 378 482

214 428 561 486 novumque,
622 415 699 490 et]
750 412 1077 486 stupendum
1138 415 1457 486 agitatorem
1515 422 1796 488 spectate;
1862 432 2058 491 nempe
2131 429 2401 479 creaturae
2477 424 2754 496 opiﬁcem,
2833 429 3073 487 humana
3123 444 3318 491 natura
3367 438 3526 508 quasi

212 511 480 567 vehiculo
517 520 766 570 utentem
793 531 807 568 :
835 513 926 583 qui
961 527 1072 567 non
1103 526 1330 568 currum
1363 514 1732 584 incomposite
1763 515 1821 569 in
1861 525 2009 572 terra
2043 527 2199 591 regat

2250 538 2264 575 :
2325 521 2424 577 sed
2479 523 2575 594 qui
2626 540 2771 582 novo
2815 540 2971 586 more
3036 532 3331 604 modoque,
3395 550 3529 589 cur-

211 618 346 659 sum
380 618 480 673 per
533 606 708 662 emlos
774 613 970 671 tentet,
1032 605 1431 695 caelestemque
1475 615 1675 662 metam
1726 621 1891 679 quam
1933 612 2171 681 primum
2212 627 2512 695 occupare
2571 615 2821 687 festinet,
2876 634 2944 676 ac
3000 631 3524 692 praetercurrentem

211 697 400 752 Belial
433 706 691 767 potenter
718 700 965 754 excutiat
1006 710 1082 756 (et
1112 708 1346 756 evertat.

301 795 452 849 Ἀλλ’
487 796 757 851 Ἰουδαίων
796 797 983 862 παῖδες
1021 800 1070 851 οἱ
1112 797 1374 869 βάσκανοι
1419 798 1522 868 τῆς
1565 798 1819 871 ἀληθείας

1999 797 2072 853 At
2097 813 2227 854 vero
2253 798 2425 855 Judaei
2460 800 2665 856 invidia
2690 799 2953 858 obcaecati
2978 805 3264 863 veritatem
3296 811 3525 869 audien-
3593 776 3603 790 '

209 890 581 955 ἀκούσαντες,
616 891 699 943 ὅτι
741 892 768 943 6
819 889 1055 961 Χριστὸς
1099 889 1377 963 ἀνελήφθη
1420 893 1501 951 είς
1533 892 1820 963 οὐρανοὺς,

206 964 560 1054 ἀμαυρῶσαι
620 982 935 1053 βουλόμενοι
992 982 1055 1035 τὸ
1121 983 1427 1054 παράδοξον
1480 983 1667 1055 θαῦμα
1728 982 1824 1037 τοῦ

220 1074 421 1127 Ἡλίου
473 1075 571 1145 τῆς
605 1073 973 1144 δικαιοσύνης,
1031 1074 1123 1127 τὸν
1184 1075 1371 1129 Ἠλίαν
1426 1076 1825 1148 παρεισάγουσι

214 1164 512 1234 λέγοντες·
565 1166 629 1219 Τί
682 1167 894 1237 μεγάλα
949 1165 1290 1238 κομπάζετε,
1347 1168 1690 1239 Χριστιανοὶ,
1740 1169 1824 1221 ὅτι

213 1258 503 1329 ἀνελήφθη
533 1259 563 1311 6
584 1259 839 1330 Χριστὸς,
871 1259 946 1322 ὡς
974 1259 1194 1328 λέγετε;
1226 1259 1335 1311 Καὶ
1358 1258 1466 1331 γὰρ
1490 1257 1702 1325 Ἠλίας,
1734 1259 1828 1314 ἄν·

209 1352 448 1423 θρωπος
476 1350 569 1418 ὢν,
603 1350 704 1419 τῆς
739 1350 930 1421 ὁμοίας
963 1350 1123 1422 δόξης
1158 1351 1409 1417 ἀξιωθεὶς
1437 1351 1710 1422 ἀνελήφθη
1745 1353 1827 1416 είς

208 1442 511 1514 οὐρανούς.
555 1442 698 1513 Πρὸς
752 1442 848 1506 οὓς
896 1442 1036 1514 μετά
1083 1442 1400 1515 παρρησίας
1454 1442 1822 1514 φθεγξόμεθα·

209 1535 325 1589 Διά
357 1535 432 1598 τί,
464 1528 508 1587 ὦ
550 1520 811 1600 Ἰουδαῖοι,
833 1536 933 1598 τὰς
957 1534 1172 1605 βίϐλους
1191 1535 1267 1598 ώς
1285 1534 1479 1605 τυφλοὶ
1510 1535 1822 1602 σκυλεύετε,

209 1624 316 1677 καὶ
338 1622 410 1676 τά
436 1623 797 1693 γεγραμμένα
825 1625 883 1678 ὲν
915 1624 1110 1688 αὑταῖς
1141 1624 1280 1696 μετά
1307 1625 1594 1697 ἀκριϐείας
1619 1627 1679 1680 οὑ
1708 1627 1826 1699 βλέ-

208 1734 355 1770 πετε
376 1733 392 1781 ;
414 1716 514 1770 Διά
539 1716 590 1769 τί
618 1716 1044 1785 ἀναγινώσκετε,
1070 1719 1166 1772 καὶ
1191 1718 1291 1771 οὐκ
1314 1718 1707 1787 ἐπιγινώσκετε
1726 1738 1739 1785 ;
1758 1720 1824 1773 Τί

146 1794 153 1800 ’
206 1810 334 1880 γάρ
373 1826 537 1878 φησιν
572 1810 605 1880 ἡ
636 1808 757 1861 θεία
786 1810 1016 1880 Γραφή;
1062 1810 1172 1864 Καὶ
1215 1810 1491 1884 ἀνελήφθη
1536 1812 1721 1877 Ἠλίας
1765 1814 1822 1867 ὲν

210 1899 543 1971 συσσεισμῷ
570 1903 645 1964 ὡς
679 1902 759 1966 είς
780 1901 872 1955 τὸν
896 1903 1128 1973 οὐρανόν
1147 1920 1160 1934 δ
1190 1905 1251 1957 τὸ
1277 1904 1356 1969 δὲ,
1383 1906 1463 1970 ὡς
1487 1908 1575 1972 εὶς
1601 1905 1707 1959 τὸν
1724 1909 1825 1961 ού-

205 1990 432 2061 ρανὸν,
466 1991 766 2062 ἀμφίϐολον
812 1992 924 2064 ἔχει
980 1993 1079 2064 τὴν
1116 1994 1344 2049 έννοιαψ
1378 1996 1439 2050 τὸ
1465 1997 1543 2062 δὲ,
1583 2000 1671 2063 εἰς
1708 1998 1818 2053 τὸν

214 2083 510 2152 οὐρανὸν,
538 2084 742 2155 τρανὴν
775 2085 1014 2139 δείκνυσι
1034 2085 1131 2155 τὴν
1163 2086 1441 2158 ἀλήθειαν.
1463 2089 1587 2143 Ὅτι
1616 2091 1674 2143 δὲ
1698 2088 1823 2144 οὔτε

1930 894 2012 943 tes
2058 876 2519 957 quemadmodum
2572 889 2826 946 Christus
2876 891 2932 946 in
2975 893 3145 950 caelos
3204 908 3526 969 assumptus

1928 980 2001 1037 sit
2027 981 2299 1054 stupende
2330 980 2412 1035 illi
2459 982 2895 1054 admirandoque
2923 982 3066 1042 Solis
3087 984 3317 1055 iustitia:
3345 991 3527 1045 mira-

1928 1073 2053 1128 culo
2087 1073 2343 1128 tenebras
2377 1071 2659 1129 oﬂundere
2686 1075 2945 1140 nitentes,
2976 1075 3108 1131 Elia:
3143 1079 3303 1136 nobis
3333 1096 3525 1137 exem-

1928 1168 2080 1238 plum
2139 1167 2424 1237 objiciunt.
2483 1166 2625 1233 Quid
2688 1184 2818 1234 vos,
2874 1169 3162 1240 inquiunt,
3197 1171 3521 1241 Christiani,

1928 1260 2264 1329 gloriamini,
2306 1260 2451 1329 quod
2488 1259 2744 1317 Christus
2790 1273 3109 1333 assumptus
3143 1264 3262 1320 sit?
3298 1265 3434 1322 Nam
3470 1276 3528 1324 et

1928 1355 2099 1421 Elias,
2134 1371 2260 1411 cum
2293 1357 2461 1411 homo
2496 1364 2666 1420 esset,
2696 1373 2884 1428 parem
2918 1371 3249 1417 consecutus
3282 1371 3369 1419 est
3398 1364 3521 1435 glo-

1925 1448 2089 1511 riam,
2119 1457 2174 1503 et
2206 1449 2324 1518 ipse
2352 1463 2570 1518 quoque
2627 1449 2681 1503 in
2730 1451 2931 1505 cadum
2974 1461 3228 1522 receptus
3255 1462 3359 1511 est.
3388 1454 3525 1521 Qui-

1925 1540 2030 1597 bus
2054 1555 2155 1595 nos
2179 1540 2450 1608 ejusmodi
2492 1539 2743 1596 oratione
2776 1543 3041 1599 audacter
3073 1545 3290 1599 obviam
3326 1545 3472 1603 imus
3500 1565 3516 1603 :

1925 1631 2058 1697 Cur,
2095 1633 2221 1688 caeci
2254 1631 2448 1696 Judmi,
2495 1646 2685 1689 sacros
2724 1634 2897 1691 libros
2944 1636 3288 1705 praedamini,
3313 1647 3369 1695 et
3398 1657 3524 1711 quae

1925 1726 1980 1780 in
2017 1725 2127 1780 illis
2155 1733 2383 1780 exarata
2422 1731 2575 1789 sunt,
2608 1735 2867 1782 accurate
2900 1744 3011 1783 non
3048 1731 3386 1800 expenditis?
3409 1731 3520 1788 Cur

1925 1818 2107 1888 legitis
2151 1826 2205 1873 et
2257 1834 2369 1874 non
2419 1818 2759 1889 intelligitis?
2802 1820 3036 1889 Ecquid,
3075 1837 3288 1891 quasso,
3336 1823 3521 1879 divina

1928 1910 2215 1982 Scriptura
2264 1912 2331 1968 de
2385 1911 2504 1966 Elia
2542 1912 2825 1983 prodidit?
2868 1913 3120 1984 nunquid
3173 1923 3520 1988 assumptum

1925 2020 2050 2062 esse
2083 2005 2136 2059 in
2167 2005 2371 2060 coelum
2405 2004 2428 2059 ?
2460 2020 2806 2075 nequaquam
2833 2005 3099 2075 ;prodidit
3127 2014 3345 2075 autem,
3397 2025 3519 2064 cum

1927 2096 2073 2151 aeris
2112 2094 2252 2151 facta
2286 2102 2433 2150 esset
2462 2095 2782 2158 commotio,
2814 2104 3157 2166 assumptum
3203 2112 3327 2153 esse
3360 2097 3518 2167 quasi

228 2172 441 2238 Ἠλίας,
466 2170 591 2225 οὔτε
618 2171 808 2246 ἕτερός
846 2193 928 2239 τις
963 2176 1131 2246 ἀνέϐη
1166 2179 1255 2242 εὶς
1292 2178 1400 2231 τὸν
1444 2178 1731 2247 οὐρανὸν,
1768 2182 1816 2233 εί

1923 2188 1978 2243 in
2012 2189 2213 2242 caelum
2245 2190 2283 2240 ί.
2314 2186 2479 2257 Atqui
2506 2187 2674 2242 verba
2722 2187 2850 2252 ista,
2881 2188 3038 2257 quasi
3067 2188 3119 2242 in
3148 2188 3355 2253 caelum,
3395 2203 3517 2242 am-

215 2266 292 2337 μὴ
339 2265 506 2335 μόνος
545 2268 574 2318 6
602 2268 667 2318 ὲκ
691 2266 786 2319 τοῦ
818 2268 1048 2337 ούρανοῦ
1084 2270 1334 2333 καταϐὰς
1356 2271 1385 2321 6
1413 2271 1706 2344 μονογενὴς
1724 2272 1818 2325 τοῦ

210 2356 352 2411 Θεοῦ
389 2356 540 2420 Υἱὸς,
584 2357 745 2421 αὐτὸς
790 2360 918 2429 περὶ
961 2360 1157 2414 ἑαυτοῦ
1201 2362 1411 2425 πάντας
1456 2363 1820 2435 πληροφορῶν

207 2447 382 2517 λέγει’
415 2448 629 2515 Οὐδεὶς
660 2450 1026 2517 ἀναϐέϐηκεν
1046 2455 1134 2519 εὶς
1158 2453 1263 2507 τὸν
1290 2455 1572 2523 οὐρανὸν,
1602 2458 1653 2508 ει
1673 2455 1756 2526 μὴ
1788 2458 1821 2510 ὁ

210 2542 281 2594 ἐκ
314 2540 426 2594 τοῦ
462 2542 727 2608 οἰιοανοῦ
756 2543 1039 2609 καταϐὰς,
1079 2548 1111 2598 ὁ
1158 2546 1290 2611 Υἱὸς
1328 2546 1436 2601 τοῦ
1479 2546 1818 2615 ἀνθρώπου,

213 2636 245 2686 ὀ
272 2630 362 2685 ὢν
386 2633 463 2685 ἐν
484 2632 568 2698 τῷ
599 2634 833 2701 οὐρανῷ
852 2650 866 2664 ’
896 2637 925 2688 6
964 2637 1171 2709 ποιμὴν
1197 2638 1225 2690 6
1255 2637 1441 2702 καλὸς,
1475 2641 1503 2692 ὀ
1529 2639 1597 2692 τὰ
1633 2640 1820 2711 ἐνενή-

211 2743 382 2780 κοντα
425 2726 588 2778 ἐννέα
636 2727 745 2780 τῶν
780 2716 1026 2797 ἀγγέλῖιιν
1075 2729 1328 2800 πρόϐατα
1368 2731 1687 2785 καταλιπὼν
1731 2732 1822 2785 ἐπὶ

215 2817 281 2870 τά
319 2818 562 2890 οὐράνια
588 2817 714 2889 ὅρη,
754 2821 848 2873 καὶ
876 2820 937 2873 τὸ
965 2822 1384 2893 πεπλανημένον
1423 2823 1696 2895 πρόϐατον
1726 2824 1819 2876 εύ-

218 2910 426 2983 ρηκὼς,
462 2912 563 2964 καὶ
594 2910 766 2982 ὤμοις
809 2912 1222 2986 φιλανθρωπίας
1255 2914 1562 2985 βαστάζων,
1607 2915 1700 2969 καὶ
1741 2916 1821 2978 είς

218 3004 305 3056 τὸν
345 3004 614 3075 ούράνιον
648 3004 844 3075 λιμένα
877 3004 1209 3074 ἀνενεγκὼν,
1249 3005 1328 3077 τῷ
1382 3007 1497 3077 ἰδίῳ
1533 3004 1820 3079 Γεννήτορι

221 3096 555 3169 δωροφορῶν
593 3096 921 3167 φθέγγεται*
958 3090 1155 3168 Εὗρον,
1199 3099 1404 3171 Πάτερ,
1440 3101 1501 3152 τὸ
1546 3098 1819 3171 πρόϐατον

216 3187 280 3241 τὸ
328 3187 711 3260 πλανώμενον,
760 3190 898 3262 ὅπερ
934 3190 963 3242 6
1007 3188 1264 3244 ἀπατεὼν
1306 3189 1429 3260 ὄφις
1473 3189 1820 3261 δολοτρόποις

219 3287 595 3356 τεχνάσμασιν
640 3285 913 3357 ὴπάτησε,
966 3286 1060 3339 καὶ
1098 3285 1299 3350 κακίας
1350 3286 1501 3348 ὀδοὺς
1549 3284 1817 3351 ὑπέδειξε,

232 3374 401 3444 πηλῷ
429 3375 486 3426 δὲ
514 3376 607 3446 τῆς
635 3370 933 3439 πολυθεϊας
964 3373 1063 3447 τὴν
1093 3375 1443 3446 καθαρότητα
1466 3374 1564 3444 τῆς
1587 3373 1821 3443 θεογνω-

237 3463 362 3528 σίας
391 3465 624 3536 ἑμόλυνε.

1922 2276 2142 2345 biguam
2201 2274 2660 2345 significationem
2694 2277 3017 2344 continent;
3062 2277 3179 2332 haec
3218 2286 3426 2344 autem,
3459 2279 3517 2333 in

1922 2368 2131 2433 cazlum,
2164 2369 2453 2424 veritatem
2484 2368 2867 2438 planissimam
2895 2379 3194 2439 exponunt.
3228 2369 3384 2436 Quod
3414 2386 3514 2425 auc

1924 2471 2031 2517 tem
2059 2476 2237 2531 neque
2266 2461 2433 2527 Elias,
2459 2478 2639 2532 neque
2665 2462 2815 2518 ullus
2845 2463 2986 2518 alius
3012 2462 3067 2516 iu
3099 2461 3285 2517 caelum
3320 2479 3518 2520 ascen-

1922 2554 2085 2618 derit,
2147 2555 2241 2609 sed
2294 2553 2340 2609 is
2396 2561 2635 2620 tantum,
2666 2554 2760 2624 qui
2816 2553 2884 2608 de
2934 2555 3076 2607 caelo
3125 2554 3508 2618 descenderat,

1924 2663 2116 2717 nempe
2150 2648 2466 2718 unigenitus
2511 2646 2605 2701 Dei
2635 2646 2809 2702 Filius
2833 2688 2848 2710 ,
2882 2646 2989 2700 hoc
3035 2646 3154 2715 ipse
3196 2645 3264 2701 de
3326 2647 3517 2716 seipso

1924 2736 2231 2805 perspicuis
2260 2737 2441 2790 verbis
2474 2744 2733 2790 testatum
2761 2733 2893 2789 facit
2921 2752 2935 2789 :
2970 2733 3165 2822 Nemo,
3202 2735 3296 2800 ait,
3324 2752 3516 2791 ascen-

1922 2827 2000 2878 dit
2038 2826 2091 2879 in
2131 2830 2342 2893 caelum,
2369 2826 2475 2881 nisi
2501 2826 2590 2897 qui
2620 2826 2888 2881 descendit
2916 2825 2979 2881 de
3013 2827 3162 2892 creto,
3200 2826 3377 2912 Filii“
3417 2827 3515 2882 lio-

1924 2917 2103 2980 minis,
2137 2918 2227 2987 qui
2255 2928 2332 2971 est
2364 2918 2418 2971 in
2449 2918 2577 2971 caelo
2609 2919 2649 2971 '.
2683 2916 2953 2972 Nimirum
2980 2925 3169 2987 pastor
3197 2917 3287 2972 ille
3310 2918 3517 2989 bonus,

1923 3009 2017 3079 qui
2054 3006 2356 3080 nonaginta
2388 3026 2586 3066 novem
2615 3011 2813 3066 ovibus
2843 3011 2885 3077 ³,
2918 3010 3020 3065 hoc
3048 3018 3155 3074 est,
3184 3011 3420 3079 angelis,
3455 3011 3512 3066 in

1923 3098 2204 3154 montibus
2263 3099 2590 3155 coelestibus
2651 3100 2883 3164 relictis,
2935 3099 3319 3155 errabundum!
3356 3115 3513 3157 ovem

1924 3189 2199 3260 quaesivit,
2252 3189 2640 3267 inventamque
2706 3200 2873 3263 atque
2918 3190 3168 3247 humeris
3216 3192 3514 3248 clementer

1924 3281 2261 3352 impositam,
2324 3283 2391 3338 ad
2444 3285 2722 3340 caelestem
2770 3292 2990 3355 portum
3041 3284 3289 3348 adduxit,
3339 3284 3510 3340 addu-

1924 3381 2070 3429 ctam
2103 3380 2286 3427 autem
2314 3373 2526 3430 caelesti
2564 3375 2705 3429 Patri
2738 3375 2986 3430 muneris
3017 3375 3140 3430 loco
3169 3375 3392 3443 obtulit,
3427 3376 3511 3431 di-

1924 3480 2057 3521 cens
2086 3484 2097 3519 :
2131 3464 2316 3532 Pater,
2354 3457 2538 3521 inveni
2580 3467 2948 3522 errabundam
2981 3483 3158 3535 ovem,
3189 3483 3354 3539 quam
3390 3484 3512 3525 ser—

232 3575 366 3630 pens
400 3562 770 3633 imposturque
799 3562 1053 3618 diabolus
1084 3561 1279 3619 callide
1328 3561 1814 3632 fraudulenterque
1861 3561 2298 3627 circumventam
2356 3560 2411 3614 in
2467 3577 2713 3617 errorem
2767 3570 3130 3634 pertraxerat,
3181 3579 3511 3636 omnemque

225 3655 366 3708 viam
397 3653 766 3724 improbitatis
798 3655 1115 3720 edocuerat,
1146 3669 1210 3707 ac
1242 3653 1442 3709 divinas
1482 3654 1816 3733 cognitionis
1858 3652 2152 3724 puritatem
2204 3651 2531 3707 idololatriae
2563 3667 2717 3709 coeno
2759 3652 2903 3710 foede
2953 3656 3443 3714 contaminaverat.

288 3747 641 3817 Θεασάμενός
686 3743 779 3801 οὖν
830 3747 962 3800 αὐτὸ
1017 3747 1075 3799 ὲν
1129 3746 1206 3816 τῷ
1257 3746 1504 3819 βορϐόρῳ
1555 3748 1649 3801 τοῦ
1703 3747 1817 3817 βίου

1992 3743 2130 3799 Cum
2166 3745 2352 3815 itaque
2383 3745 2645 3813 improba:
2677 3748 2800 3801 vitae
2841 3745 2960 3802 luto
2990 3763 3219 3817 prorsus
3259 3747 3512 3806 obrutam

219 3841 576 3911 πνιγόμενον,
641 3844 707 3912 τῇ
771 3841 872 3912 τῆς
931 3839 1184 3909 θεότητός
1249 3856 1351 3909 μου
1400 3839 1553 3911 δεξιᾷ
1606 3839 1817 3910 ταχέως

1922 3836 2205 3901 vidissem,
2234 3836 2539 3893 divinitatis
2574 3854 2706 3893 mea:
2746 3837 2970 3894 dextera
3003 3849 3281 3910 porrecta,
3322 3843 3505 3900 celeri-

218 3933 553 4004 ἀνήρπασαι
606 3932 697 3986 καὶ
742 3934 856 3995 τοῖς
887 3932 997 3986 τῶν
1043 3929 1346 4002 οἰκτιρμῶν
1399 3931 1729 4002 σπλάγχνοις
1761 3932 1817 3983 ἐν

215 4025 329 4086 τοῖς
366 4021 468 4075 τοῦ
510 4021 779 4092 Ἰορδάνου
811 4020 1081 4092 ῥεύμασιν
1109 4019 1419 4085 ἀπέπλυνα,
1456 4020 1549 4072 καὶ
1581 4018 1817 4090 μυρίσας

216 4118 287 4187 τῇ
317 4114 528 4187 εὐωδίᾳ
571 4114 664 4168 τοῦ
690 4113 848 4182 ἁγίου
892 4131 995 4184 μου
1034 4113 1377 4185 Πνεύματος,
1413 4113 1500 4166 διά
1540 4111 1641 4181 τῆς
1681 4113 1817 4165 ἀνα-

227 4207 469 4271 στάσεως
519 4205 617 4259 νῦν
660 4205 1036 4277 παραγέγονα,
1082 4204 1230 4271 ἄξιον
1270 4205 1369 4277 τῆς
1412 4204 1514 4275 σῆς
1566 4203 1819 4273 θεότητος

224 4297 614 4372 προσκομίζων
651 4315 735 4352 σοι
765 4296 959 4363 ξένιον,
989 4297 1050 4351 τὸ
1074 4297 1292 4367 λογικὸν
1322 4296 1613 4367 πρόϐατον.
1649 4296 1819 4366 Σήμε-

222 4397 376 4468 ρον,ὸ
405 4393 655 4457 διάϐολος
688 4394 790 4466 τὴν
824 4393 1035 4446 οἰκείαν
1058 4388 1229 4464 ἧτταν
1264 4390 1536 4462 ὀδύρεται,
1578 4387 1719 4460 ὁρῶν
1758 4387 1818 4441 τὸ

221 4488 497 4559 ⁴ίῖμέτερον
529 4486 690 4557 σῶμα
713 4488 792 4549 εἰς
816 4485 1077 4555 οὐρανοὺς
1103 4483 1438 4554 ἀναγόμενον
1459 4498 1471 4512 ’
1512 4484 1752 4553 σήμερον
1783 4481 1816 4551 ἡ

222 4580 472 4651 ἁμαρτία
505 4579 595 4632 διὰ
634 4579 733 4648 τῆς
770 4577 1090 4649 ἀναλήψεως
1116 4576 1211 4631 τοῦ
1240 4576 1480 4650 Χριστοῦ
1526 4574 1703 4647 Ἰησοῦ
1742 4574 1769 4625 ιτ
1804 4612 1819 4639 ,

223 4674 434 4735 καπνὸς
468 4672 778 4727 διαλέλυται
804 4688 819 4701 ο
869 4673 1109 4745 σήμερον
1147 4673 1175 4726 6
1210 4670 1457 4734 διάϐολος
1497 4670 1687 4742 θρηνεῖ
1728 4660 1817 4721 λδ

220 4782 354 4832 γων,
386 4764 459 4816 Τί
498 4764 733 4835 ποιήσω,
766 4763 797 4815 6
824 4762 1041 4826 ἄθλιοςς
1080 4761 1299 4827 Πάντας
1333 4760 1458 4825 τοὺς
1502 4760 1597 4814 ἀπ’
1622 4759 1817 4823 αἰῶνος

223 4870 295 4921 tog
327 4853 490 4927 ἱέραξ
519 4854 787 4926 ὀξυπετὴς
819 4854 1071 4926 ἁρπάξας
1115 4856 1243 4926 παρ’
1303 4853 1461 4925 ἐμοῦ,
1509 4852 1716 4926 ἔρημόν
1748 4870 1816 4918 με
1844 4874 1853 4891 ι

217 4948 553 5018 κατέστησε,
611 4948 706 5000 καὶ
765 4946 1103 5018 πανταχόθεν
1153 4963 1219 5017 με
1263 4946 1685 5015 πτεροκοπήσας
1733 4944 1815 5006 εἰς

218 5041 318 5113 γῆν
353 5038 719 5111 κατέρῤαξεν.
769 5038 1048 5109 Ἠπάτησέ
1089 5056 1155 5109 με
1210 5041 1238 5092 ὁ
1284 5037 1382 5107 τῆς
1430 5035 1646 5107 Μαρίας
1678 5035 1811 5098 υἱός.

1920 3938 2001 3983 ter
2020 3944 2137 3985 eam
2155 3929 2327 3999 erexi,
2351 3930 3009 4001 commiscrationumque
3023 3948 3269 3987 mearum
3293 3932 3511 3990 viscera

1919 4019 2025 4075 late
2059 4019 2395 4085 ditl‘undens,
2425 4021 2480 4075 in
2511 4020 2770 4077 Jordanis
2798 4021 3024 4079 ﬂumine
3047 4023 3196 4080 ablui
3225 4042 3240 4079 :
3265 4024 3510 4081 ablutam

1919 4112 2140 4166 tandem
2184 4112 2527 4167 suaveolenti
2561 4111 2798 4183 Spiritus
2844 4114 3020 4170 sancti
3066 4124 3350 4185 unguento
3387 4131 3510 4186 per-

1921 4205 2075 4259 unxi.
2109 4205 2175 4260 Et
2202 4221 2351 4260 nunc
2389 4220 2487 4275 per
2531 4206 2991 4275 resurrectionem
3024 4207 3092 4262 ad
3126 4215 3179 4264 te
3210 4208 3357 4273 veni,
3392 4224 3519 4265 mu-

1917 4297 2211 4352 nusculum
2244 4296 2534 4352 divinitate
2574 4306 2663 4352 tua
2697 4297 2839 4352 haud
2874 4298 3160 4368 indignum
3193 4297 3507 4363 oblaturus,

1917 4404 2075 4443 ovem
2104 4388 2361 4444 videlicet
2410 4396 2592 4445 mente
2626 4399 2680 4444 et
2734 4390 2950 4446 ratione
2993 4390 3302 4460 praeditam.
3336 4388 3508 4455 Hodie

1917 4483 2171 4540 diabolus
2194 4498 2395 4552 corpus
2427 4491 2681 4539 nostrum
2707 4483 2760 4537 in
2790 4484 2992 4539 coelum
3025 4483 3367 4541 sublevatum
3400 4497 3514 4537 cer-

1917 4590 2077 4638 nens,
2112 4573 2479 4629 calamitatem
2516 4589 2674 4629 suam
2709 4574 2996 4645 deplorat;
3034 4574 3195 4629 hodie
3224 4581 3511 4645 peccatum

1917 4676 2146 4737 proptcr
2176 4665 2366 4722 Jesum
2398 4674 2766 4739 assumptum,
2797 4666 2967 4723 veluti
3000 4666 3183 4721 fumus
3215 4665 3461 4738 disparet
3488 4684 3503 4731 ;

1918 4757 2081 4813 hodie
2101 4757 2355 4813 diabolus
2376 4759 2569 4830 lugens
2618 4760 2951 4830 ploransque
2975 4756 3247 4829 ejusmodi
3272 4756 3506 4814 naniam

1917 4848 2068 4903 edit:
2104 4847 2247 4915 Quid
2284 4850 2508 4914 faciam,
2553 4841 2784 4904 infelix?
2817 4848 3043 4913 Omnes,
3075 4863 3216 4919 quos
3243 4861 3272 4900 a
3304 4847 3507 4902 saeculo
3558 4856 3565 4863 '

1917 4940 2134 4996 vinctos
2164 4940 2499 5007 detinebam,
2529 4941 2684 5010 lapsu
2718 4940 3126 5005 incitatissimo,
3158 4939 3335 4995 inetar
3361 4940 3507 4992 acci-

1922 5033 2104 5103 pitris,
2137 5033 2422 5097 advolans,
2450 5032 2585 5087 mibi
2620 5031 2948 5101 intercepit;
2983 5044 3179 5099 meque
3201 5028 3502 5096 desertum,

226 5135 334 5188 Οὐκ
360 5134 531 5205 ᾔδειν,
558 5133 642 5207 ὅτι
667 5132 799 5195 Θεὸς
817 5134 873 5185 ὲν
899 5131 1225 5202 ἀνθρωπίνῳ
1249 5129 1551 5200 κρύπτεται
1577 5126 1807 5199 σώματι.

1922 5123 2175 5193 omnique
2221 5139 2288 5178 ex
2326 5129 2482 5193 parte
2512 5122 2614 5177 alis
2651 5129 2872 5175 exutum
2907 5120 2961 5174 in
2996 5126 3200 5176 terram
3240 5116 3504 5174 deturba-

230 5224 493 5279 Ἔϐλεπον
523 5224 688 5278 αὐτὸν
716 5224 875 5295 σῶμα
910 5222 1249 5295 ἀνθρώπινον
1273 5221 1679 5292 περικείμενον,
1718 5218 1811 5272 καὶ

225 5309 506 5386 ἄνθρωπον
555 5313 721 5368 αὐτὸν
784 5313 1011 5383 νομίσας
1059 5312 1239 5382 ψιλὸν,
1289 5313 1408 5366 κατ’
1466 5309 1633 5363 αὑτοῦ
1684 5300 1811 5370 τοὺς

232 5406 519 5471 Ἰουδαίους
542 5406 805 5476 ὲκίνησα·
830 5405 924 5458 καὶ
958 5403 1102 5476 άπερ
1136 5403 1202 5456 δι’
1243 5401 1438 5457 ἑαυτοῦ
1466 5401 1540 5473 μὴ
1564 5400 1809 5471 ἐτόλμων

210 5496 645 5569 διαπράξασθαι,
681 5493 856 5549 ταῦτα
895 5493 984 5547 διὰ
1023 5492 1296 5548 Ἰουδαίων
1339 5494 1638 5567 ὲνὴργησα.
1685 5491 1807 5571 Μυ-

279 5650 391 5709 ‘lV
421 5649 558 5724 Reg.
594 5666 658 5717 tt,
701 5649 784 5704 Η.

866 5645 1063 5704 ’Joan.
1090 5664 1174 5718 ut,
1209 5648 1293 5702 13.
1372 5646 1550 5701 ‘Luc.
1590 5661 1679 5713 xv,
1716 5649 1749 5700 4
1782 5661 1905 5717 sqq.

1918 5216 2016 5271 vit.
2069 5215 2293 5285 Decepit
2332 5230 2419 5271 me
2452 5213 2637 5269 Mariae
2681 5212 2850 5268 titius.
2883 5210 3205 5283 lgnoraham
3248 5208 3504 5283 equidem

1917 5308 2087 5365 Deum
2121 5309 2178 5363 in
2228 5308 2471 5363 humano
2502 5321 2734 5378 corpore
2781 5304 3026 5361 abditum
3068 5304 3258 5360 latere.
3296 5302 3505 5359 Cerne-

1917 5400 2041 5454 bam
2073 5399 2227 5454 illum
2272 5398 2493 5454 mortali
2518 5412 2753 5469 corpore
2782 5396 3036 5452 indutum
3062 5414 3079 5465 ;
3114 5402 3374 5466 ratusque
3402 5390 3503 5448 lto-

1916 5491 2121 5550 minem
2160 5497 2379 5547 tantum
2421 5506 2548 5549 esse
2601 5496 2658 5547 et
2703 5487 2856 5547 aliud
2902 5489 3062 5561 nihil,
3091 5487 3312 5545 Iudaeos
3346 5482 3501 5557 ﬂagi-
