3988 6466
490 339 590 396 ιεσ

1781 323 1985 380 DUBIA
2023 325 2166 386 AUT
2204 329 2478 389 SPURIA.

3630 333 3717 392 481-

488 458 629 512 tiose
648 457 916 513 adversus
946 457 1096 511 illum
1120 454 1427 526 concitavi;
1451 465 1505 515 et
1521 472 1644 529 quae
1662 472 1758 529 per
1800 459 2070 529 meipsum

2196 457 2303 521 >ίας
2353 456 2721 527 συκοφαντίας
2772 446 3037 528 ἐφεῦρον·
3086 454 3197 509 πᾶν
3240 446 3380 518 εἶδος
3428 452 3620 526 ὕϐρεως
3658 460 3724 524 εις

488 556 702 602 tentare
729 563 840 603 non
891 547 1184 613 audebam,
1217 560 1285 603 ca‘
1324 563 1422 618 per
1467 547 1590 603 illos
1623 547 1835 603 confeci
1869 566 1883 603 :
1915 548 2091 602 innu-I

2178 550 2341 603 αὐτὸν
2398 549 2701 620 ἐπενόησα·
2758 547 2993 618 καλάμῳ
3027 547 3118 599 καὶ
3160 545 3387 615 σπόγγῳ
3436 545 3586 599 αὑτὸν
3623 548 3727 602 ἐπό-

488 654 672 693 meras
730 638 1041 693 calumnias
1088 648 1142 693 et
1170 639 1561 710 sycophantias
1610 640 1887 703 adinveni,
1915 653 2080 693 omne

2196 657 2337 694 τισα·
2383 639 2647 704 ἀκάνθαις
2696 641 2796 711 τὴν
2851 639 3097 710 κεφαλὴν
3154 637 3322 692 αὑτοῦ
3378 639 3722 709 ἐστεφάνωσα-

492 729 963 784 contumeliarum
997 744 1172 800 genus
1195 737 1388 784 contra
1421 730 1570 783 illum
1597 729 1930 800 excogitavi;
1957 741 2080 783 ace-

491 832 604 874 tum
637 836 735 893 per
766 821 1089 876 arundinem
1138 829 1192 876 et
1214 820 1497 891 spongiam
1529 820 1605 873 illi
1635 821 1939 891 propiuavi,
1968 820 2078 890 spio

491 912 576 967 nis
613 920 780 982 caput
809 913 959 967 illius
1003 912 1307 977 coronavi;
1347 912 1521 981 alapis
1552 911 1802 967 eumdem
1839 912 2082 967 dehone-

2183 730 2522 802 ῥαπίσμασιν
2548 731 2713 785 αὐτὸν
2762 729 3041 801 ὴτίμωσα,
3084 728 3306 801 σταυρῷ
3330 727 3416 782 διὰ
3435 728 3574 799 ἤλων
3598 747 3735 802 προσ·

2184 823 2371 894 ήλωσα
2394 840 2407 854 ·
2444 823 2660 893 Θανάτῳ
2697 821 2851 885 τέλος
2885 818 3193 886 ὑποϐαλὼν,
3225 819 3301 883 ὡς
3333 820 3575 889 νικήσας,
3618 822 3734 889 μετὰ

2194 908 2464 969 Ἰουδαίων
2514 912 2794 986 ἐόρταξον.
2848 913 3197 983 Θεασάμενός
3250 910 3307 962 δὲ
3358 910 3512 963 αὑτὸν
3561 911 3633 963 ὅτι
3681 915 3733 983 τῇ

493 1003 658 1065 stavi,
693 1003 866 1059 clavis
895 1003 1048 1058 cruci
1086 1002 1263 1070 allixi;
1298 1002 1461 1057 morti
1494 1002 1729 1072 denique
1752 1002 1986 1073 subjeci,
2026 1009 2082 1056 et

2196 1008 2344 1080 τρίτῃ
2380 1007 2567 1079 ἡμέρᾳ
2595 1008 2930 1079 ἐγήγερται,
2964 1004 3149 1068 καθὼς
3192 1006 3476 1074 προεῖπον,
3515 1003 3585 1066 ὡς
3609 1002 3735 1073 ξίφος

496 1092 1022 1163 ιίιηᾳιιοῐηνίοιονὶο
1052 1095 1282 1165 potitus,
1329 1109 1434 1148 una
1468 1109 1592 1148 cum
1637 1093 1842 1149 Judaeis
1882 1094 2080 1148 festum

496 1184 641 1238 diem
675 1186 900 1256 agebam
932 1204 945 1239 :
971 1194 1025 1237 at
1049 1199 1178 1239 vero
1207 1184 1397 1238 videns
1424 1182 1574 1238 illum
1602 1185 1761 1239 tertia
1784 1184 1892 1249 die,
1921 1191 2085 1255 prout

500 1274 854 1345 praedixerat,
891 1293 921 1331 a
959 1279 1192 1333 mortuis
1218 1278 1610 1343 resurrexisse,
1643 1287 1887 1348 repente,
1921 1278 2085 1341 veluti

496 1378 655 1421 acuta
689 1368 916 1437 cuspide
949 1369 1190 1439 undique
1217 1369 1500 1438 trajectus,
1529 1370 1584 1423 in
1617 1377 1817 1425 terram
1843 1371 2082 1439 concidi,

496 1476 693 1516 rursus
724 1476 881 1531 teque
941 1476 1066 1516 eum
1115 1469 1282 1531 atque
1332 1470 1459 1516 ante
1500 1463 1786 1519 comedere
1819 1472 1873 1519 et
1901 1464 2089 1520 bibere

493 1571 748 1622 cernens,
784 1555 945 1609 aliam
971 1554 1155 1611 denuo
1190 1570 1413 1611 crucem
1446 1556 1526 1610 illi
1571 1556 1937 1612 destinabam.
1969 1556 2089 1612 Ca:-

493 1658 670 1705 terum
700 1651 830 1705 dum
865 1652 982 1706 haec
1010 1652 1276 1711 adversus
1308 1652 1460 1707 illum
1488 1650 1901 1715 comminiscor,
1931 1650 2089 1707 video

494 1742 647 1797 illum
703 1757 817 1796 non
858 1744 1068 1813 absque
1118 1742 1330 1812 ingenti
1376 1741 1549 1812 gloria
1596 1749 1650 1796 et
1713 1742 1999 1812 majestate
2031 1742 2088 1797 in

2186 1100 2327 1155 κατά
2346 1100 2576 1171 καρδίας
2594 1098 2808 1169 ἀθρόως
2830 1097 3125 1168 δεξάμενος
3147 1095 3476 1150 κατέπεσον·
3502 1094 3738 1165 θεασάμε-

2186 1211 2275 1258 νος
2297 1193 2355 1246 δὲ
2385 1192 2547 1247 αὐτὸν
2580 1192 2661 1244 ὅτι
2694 1188 2863 1243 ἐσθίει
2892 1189 2987 1242 καὶ
3015 1187 3182 1252 πίνει,
3215 1186 3381 1239 πάλιν
3404 1186 3583 1258 ἕτερον
3601 1202 3735 1239 σταυ-

2190 1285 2283 1357 ρὸν
2344 1282 2768 1346 κατεσκεύαζον.
2830 1280 2970 1334 Ἀλλ’
3031 1280 3108 1343 ὡς
3166 1278 3344 1333 ταῦτα
3402 1277 3736 1349 ἐνεθυμούμην

2188 1375 2327 1447 πρὸς
2384 1374 2593 1439 ἑαυτὸν,
2642 1371 2753 1444 ὁρῶ
2799 1370 2961 1424 αὑτὸν
3020 1368 3158 1440 μετά
3208 1367 3370 1438 δόξης
3427 1368 3505 1430 είς
3545 1368 3735 1438 οὐρανὸν

2189 1464 2574 1535 ἀνερχόμενον,
2603 1461 2726 1514 ὅθεν
2766 1457 2877 1528 ἐγὼ
2907 1458 3024 1528 μετ’
3070 1457 3339 1527 αἰσχύνης
3380 1454 3640 1520 ἐξέπεσον.
3665 1455 3735 1508 Διὸ

2190 1558 2285 1612 καὶ
2314 1554 2622 1627 Ψαλμῳδὸς
2653 1556 2719 1608 ἐκ
2754 1550 2966 1605 πολλῶν
3011 1549 3121 1603 τῶν
3148 1549 3364 1621 χρόνων
3397 1547 3523 1601 ἐϐόα
3562 1547 3732 1616 λέγων·

2190 1646 2397 1704 Πάντα
2434 1646 2507 1699 τὰ
2548 1644 2720 1712 ἔθνη,
2770 1640 3108 1712 κροτήσατε
3151 1638 3357 1709 χεῖρας
3379 1656 3393 1669 ·
3438 1637 3737 1703 ἀλαλάξατε

2191 1739 2273 1807 τῷ
2311 1738 2433 1805 Θεῷ
2470 1740 2541 1793 ἐν
2576 1734 2749 1807 φωνῇ
2789 1733 3235 1806 ἀγαλλιάσεως,
3271 1732 3360 1785 ὅτι
3399 1731 3603 1799 Κύριος
3630 1730 3734 1799 ὕψι-

494 1835 717 1900 cmlum,
751 1836 898 1891 unde
931 1850 1033 1905 ego
1079 1849 1203 1889 cum
1242 1849 1444 1905 magno
1476 1834 1679 1904 probro
1735 1843 1788 1888 et
1816 1833 2085 1889 dedecore

2196 1849 2357 1899 στος,
2401 1828 2707 1897 ,ϐασιλεὺς
2747 1825 3023 1898 φοϐερὸς,
3056 1823 3250 1894 μέγας
3280 1822 3380 1877 ἐπὶ
3421 1820 3615 1876 πᾶσαν
3648 1822 3736 1887 τὴν·

494 1925 832 1992 excideram,
892 1927 1200 1981 subvolare.
1248 1924 1368 1991 Quo
1410 1924 1697 1995 psalmista
1749 1925 1917 1980 David
1963 1940 2085 1995 spe-

503 2021 664 2090 ctans
697 2017 1023 2086 jamdudum
1049 2018 1123 2071 ita
1156 2017 1469 2072 clamabat:
1503 2016 1697 2073 Omnes
1720 2025 1917 2089 gentes,
1940 2016 2090 2086 plau-

502 2107 611 2160 dite
645 2108 892 2182 manibus
928 2110 969 2161 ¹.
1002 2108 1289 2163 Exsultate
1312 2107 1441 2164 Deo-
1463 2109 1520 2163 in
1545 2108 2085 2174 voceexsultationis,

494 2201 746 2266 quoniam
777 2199 918 2255 Deus
948 2201 1209 2266 excelsus,
1242 2200 1495 2256 terribilis
1524 2210 1573 2255 et
1630 2216 1723 2254 rex
1751 2217 1973 2271 magnus
1997 2215 2089 2254 su-

494 2305 586 2358 per
621 2310 827 2348 omnem
859 2303 1074 2349 terram.
1112 2293 1178 2349 Et
1224 2294 1416 2364 paucis
1452 2292 1758 2361 interjectis
1791 2311 1803 2346 :
1839 2291 2090 2346 Ascendit

2190 1924 2342 1995 γῆν·
2400 1922 2496 1976 καὶ
2541 1919 2736 1974 πάλιν·
2806 1918 3005 1985 Ἀνέϐη
3050 1920 3084 1971 ό
3129 1916 3280 1981 Θεὸς
3329 1915 3399 1968 ἐν
3439 1912 3731 1982 ἀλαλαγμῷ,

2194 2018 2411 2085 Κύριος
2457 2014 2529 2067 ἐν
2576 2010 2747 2083 φωνῇ
2795 2009 3152 2079 σάλπιγγος.
3200 2006 3354 2062 Θέλω
3400 2006 3555 2061 αὐτὸν
3601 2021 3734 2058 κατα-

2194 2108 2405 2175 διῶξαι,
2460 2105 2558 2159 καὶ
2614 2105 2691 2168 ὡς
2742 2102 2994 2174 μόλιϐδος
3046 2101 3202 2155 κάτω
3274 2101 3538 2171 φέρομαι·
3592 2096 3735 2168 βούλο-

2199 2217 2296 2271 μαι
2355 2196 2520 2252 αὑτὸν
2584 2193 2895 2268 κρατῆσαι,
2965 2190 3058 2246 καὶ
3127 2190 3382 2262 ἀοράτως
3431 2184 3734 2257 ἐξαγκωνίζο-

2200 2309 2320 2363 μαι.

496 2383 641 2439 Deus
673 2386 727 2439 in
756 2385 972 2457 jubito;
1005 2385 1264 2439 Dominus
1296 2386 1350 2439 in
1386 2401 1508 2440 voce
1538 2384 1678 2439 tubae
1700 2385 1743 2438 ¹.
1796 2383 1934 2439 Volo
1975 2399 2118 2455 pone
2159 2384 2315 2439 illum
2383 2382 2637 2454 insequi;
2698 2388 2753 2437 et
2809 2394 2939 2436 ecce
2989 2378 3154 2434 veluti
3205 2377 3483 2450 plumbum
3525 2376 3730 2432 deorsum

495 2474 776 2532 detrahor.
814 2476 952 2532 Volo
983 2477 1137 2531 illum
1167 2477 1438 2561 detinere,
1472 2484 1528 2531 et
1559 2492 1688 2532 ecce
1728 2476 1803 2541 vi,
1830 2492 1955 2547 qua:
1984 2476 2088 2531 sub
2120 2489 2401 2547 aspectum
2427 2492 2540 2531 non
2581 2475 2750 2542 cadit,
2784 2472 3112 2546 przepedior.

572 2568 714 2635 Quid
749 2568 943 2623 faciam
977 2568 1180 2623 miser!
1209 2566 1288 2621 Ex
1319 2568 1469 2628 omni
1503 2568 1625 2623 loco
1654 2575 1709 2622 et
1748 2570 1973 2639 regione
2003 2583 2092 2622 me

498 2663 692 2732 abigit.
743 2660 785 2714 E
833 2661 972 2716 cmlo
1007 2669 1273 2730 tanquam
1319 2660 1555 2730 lapidem
1601 2661 1859 2730 exiguum
1923 2658 2091 2714 funda

500 2756 743 2808 rotatdm
792 2767 918 2806 cum
967 2751 1176 2822 impetu
1223 2751 1425 2820 dejecit
1466 2751 1523 2804 in
1563 2757 1790 2804 terram.
1838 2749 1918 2807 Eo
1960 2766 2091 2808 vero

498 2848 751 2918 dejectus
806 2848 862 2901 in
920 2847 1082 2916 aquis
1136 2845 1418 2900 occultare
1461 2858 1547 2899 me
1585 2843 1767 2909 volui;
1811 2852 1867 2898 at
1900 2843 1993 2899 ille
2033 2844 2089 2898 in

498 2938 763 2997 Iordanis
818 2938 1048 2994 ﬂumine
1124 2937 1410 2993 inventum
1480 2934 2087 3006 comprehensumque,

504 3039 774 3102 tanquam
819 3036 1023 3084 tetrum
1069 3028 1391 3101 draconem,
1431 3025 1675 3097 indignis
1706 3025 1881 3081 modis
1909 3026 2095 3097 ﬂagris

2268 2569 2333 2621 Τί
2381 2570 2592 2640 ποιήσω
2636 2568 2665 2620 ὁ
2707 2566 2910 2632 τάλας;
2955 2565 3309 2636 Πανταχόθεν
3338 2582 3404 2636 με
3438 2564 3724 2636 περιήλασεν.

2209 2661 2301 2727 Ἐξ
2324 2660 2571 2734 οὐρανῶν
2604 2678 2671 2732 με
2696 2660 2773 2723 ὡς
2799 2658 2946 2713 λίθον
2980 2658 3328 2731 βραχύτατον
3360 2661 3437 2722 είς
3466 2658 3562 2728 γῆν
3588 2660 3728 2726 ἐσφεν-

2195 2754 2386 2825 δόνησε
2424 2753 2595 2807 κάτω.
2627 2751 2818 2807 Πεσὼν
2843 2752 2900 2805 δὲ
2928 2753 2985 2806 ἐν
3015 2754 3081 2823 τῇ
3112 2753 3213 2822 γῇ,
3244 2753 3301 2804 ἐν
3330 2753 3438 2815 τοῖς
3467 2750 3603 2803 ὕδασι
3629 2765 3723 2820 κρυα

2197 2844 2357 2915 ϐῆναι
2382 2843 2659 2916 ἠθέλησα·
2695 2844 2792 2898 καὶ
2818 2841 2996 2916 εὑρών
3035 2860 3103 2913 με
3132 2845 3197 2896 ἐν
3227 2845 3340 2907 τοῖς
3381 2842 3470 2895 τοῦ
3520 2841 3718 2913 Ἰορδάνου

2200 2935 2437 3007 ῥείθροις
2471 2937 2867 3008 κρυπτόμενον,
2901 2934 2978 3000 ὡς
3011 2935 3313 3007 δράκοντα,
3355 2937 3607 3007 κρατήσας
3629 2932 3711 3003 ἐμά·

2206 3027 2373 3094 στιξε.
2407 3028 2558 3081 Θέλω
2591 3030 2697 3082 κᾶν
2729 3029 2829 3100 τῆς
2873 3029 2977 3099 γῆς
3004 3028 3306 3099 κρατῆσαι,
3342 3028 3433 3082 καὶ
3476 3027 3644 3089 πάντες
3669 3023 3718 3085 ὡς

501 3123 769 3181 concidit.
812 3121 1020 3176 Studeo
1046 3135 1267 3176 rursum
1300 3120 1387 3174 vel
1417 3119 1474 3174 in
1510 3119 1673 3175 terris
1694 3119 1951 3191 angulum
1984 3120 2086 3175 ali-

2196 3120 2521 3190 δεσποτικῆς
2582 3120 2755 3191 νομῆς
2801 3118 3064 3187 φύλακες,
3105 3119 3215 3191 τὴν
3264 3121 3386 3175 κατ’
3433 3117 3549 3191 ἐμοῦ
3583 3114 3722 3184 φωνὴν

498 3231 664 3291 quem
697 3214 1055 3280 obtinere,et
1091 3228 1285 3268 omnes
1321 3226 1451 3266 mox
1480 3211 1649 3266 veluti
1681 3210 1953 3267 Dominici
1988 3223 2085 3283 pa“-

502 3304 625 3363 scui
664 3304 957 3370 custodes,
997 3304 1231 3359 sublatis
1274 3302 1506 3358 vocibus
1549 3315 1744 3357 contra
1785 3318 1873 3358 me
1906 3303 2093 3358 insur-

500 3404 637 3467 gunt
675 3398 958 3467 altumque
1017 3396 1434 3451 vociferantur:
1467 3394 1711 3467 DominiA
1728 3406 1806 3451 est
1864 3406 2005 3451 terra
2039 3405 2088 3452 et

499 3489 771 3560 plenitudo
804 3490 943 3560 ejus,
987 3490 1129 3546 orbis
1164 3500 1431 3543 terrarum
1460 3500 1509 3544 et
1544 3459 1795 3550 unive.rsi,
1817 3491 1906 3560 qui
1941 3491 2094 3544 habi-

496 3585 620 3636 ‘tant
651 3583 706 3635 in
742 3599 802 3636 eo
824 3582 866 3637 ³.
901 3581 1041 3637 Sane
1063 3591 1262 3636 terram
1298 3581 1515 3636 Domini
1554 3596 1699 3646 esse,
1736 3582 1960 3653 grandis
2004 3583 2094 3638 ille

503 3678 668 3729 terrae
697 3682 883 3730 motus
904 3672 1167 3730 ostendit.
1200 3672 1372 3731 Terra
1401 3675 1604 3729 etenim
1646 3674 1742 3729 Dei
1773 3684 1827 3729 et
1869 3674 2092 3729 Domini

503 3766 589 3821 sui
613 3774 970 3836 conspectum
996 3764 1190 3825 verita.
1223 3752 1438 3819 necnon
1476 3765 1547 3820 ob
1576 3765 1811 3819 ﬁliorum
1864 3781 2094 3822 suorum

504 3860 917 3932 perversitatem
950 3857 1264 3912 immaniter
1284 3872 1448 3923 caesa,
1468 3856 1692 3913 Christo
1726 3858 1985 3929 patiente,
2010 3858 2095 3914 in-

504 3953 653 4023 genti
689 3959 928 4006 tremore
956 3964 1227 4005 concussa
1254 3956 1371 4017 est;
1413 3948 1602 4004 eadem
1653 3966 1873 4027 rursum
1910 3951 2093 4008 hiatus

505 4043 913 4113 scissurasque,
949 4042 1117 4098 veluti
1141 4057 1204 4098 os
1239 4041 1505 4098 adversus
1527 4043 1797 4098 elementa
1820 4046 2091 4115 aperiens,

508 4134 715 4189 occulti
753 4134 965 4189 doloris
1015 4133 1470 4205 magnitudinem,
1509 4150 1620 4189 non
1652 4136 1772 4191 sine
1805 4138 1957 4206 gravi
2000 4154 2097 4192 ru-

504 4227 641 4299 gitu,
682 4233 989 4284 contestata
1036 4234 1144 4291 est,
1188 4233 1353 4297 atque
1396 4234 1456 4281 ut
1502 4229 1890 4299 peccatoribus
1943 4230 2097 4299 igno-

504 4327 781 4388 sceretur,
826 4321 979 4375 velut
1024 4327 1200 4374 mater
1244 4334 1345 4391 pro
1390 4319 1519 4376 ﬁliis
1562 4322 1910 4391 supplicavit.
1963 4322 2097 4388 Quis

507 4415 745 4484 loquitur
790 4413 1059 4482 potentias
1115 4412 1388 4470 Domini?
1444 4415 1660 4469 auditas
1711 4415 1870 4485 faciet
1915 4432 2094 4471 omnes

2199 3215 2391 3286 βοῶσι·
2428 3214 2540 3269 Τοῦ
2560 3216 2781 3284 Κυρίου
2802 3215 2936 3286 ήγῆ
2973 3214 3155 3269 καὶτὸ
3194 3215 3481 3286 πλήρωμα
3497 3207 3710 3279 αἰ·τῆς,ή

2194 3305 2517 3389 οἰκουμένη
2557 3307 2657 3362 καὶ
2705 3307 2931 3374 πάντες
2973 3310 3027 3361 οὶ
3072 3291 3560 3374 καὲοικοῦντεςὲν
3588 3297 3720 3367 αὐτῇ.

2200 3400 2439 3467 Ἔδειξεν
2456 3399 2485 3452 ό
2509 3400 2751 3471 σεισμὸς,
2770 3401 2852 3455 ὅτι
2872 3399 2966 3463 τοῦ
2994 3400 3209 3472 Κυρίου
3238 3398 3271 3472 ὴ
3294 3401 3388 3471 γῆ.
3421 3400 3482 3453 Ἥ
3501 3396 3590 3469 γὰρ
3610 3394 3665 3463 γῆ
3679 3390 3722 3442 τὸ

2193 3489 2288 3544 τοῦ
2312 3491 2517 3562 Κυρίου
2550 3490 2721 3562 ὄνομα
2769 3491 2842 3563 μὴ
2902 3490 3146 3562 φέρουσα
3197 3493 3546 3563 ἀκαρτερήτῳ
3580 3486 3719 3557 τρόμῳ

2194 3582 2512 3655 ἐϐράσσετο,
2543 3582 2632 3637 διὰ
2650 3583 2748 3655 τὴν
2763 3582 2987 3650 ἀταξίαν
3003 3582 3111 3637 τῶν
3129 3584 3197 3636 αύ
3205 3585 3305 3654 τῆς
3320 3585 3511 3638 τέκνων
3528 3575 3718 3653 μαστιζο·

2198 3674 2360 3748 μένη,
2381 3676 2632 3749 καθάπερ
2651 3677 2827 3747 στόμα
2849 3675 2990 3730 κατά
3009 3675 3117 3729 τῶν
3138 3678 3420 3749 στοιχείων
3432 3673 3647 3738 ἀνοίξασα
3659 3669 3719 3737 ῥή-

2185 3770 2503 3845 γματα,τῆς
2514 3766 2899 3839 κρυπτομένης
2937 3766 3129 3837 ὀδύνης
3154 3768 3291 3822 ἐϐόα
3316 3769 3374 3823 τὸ
3413 3765 3637 3840 μέγεθος·
3656 3756 3720 3812 καὶ

2195 3857 2486 3927 φείσασθαι
2517 3858 3066 3931 τῶνὴμαρτηκότων,
3097 3858 3172 3922 ὡς
3200 3862 3385 3932 μήτηρ
3411 3856 3539 3927 ὑπὲρ
3551 3852 3718 3908 τέκνων,

2200 3950 2428 4003 ἱκέτευε.
2462 3951 2558 4018 Τίς
2582 3950 2845 4019 λαλήσει
2874 3951 2981 4017 τὰς
3006 3951 3378 4018 δυναστείας
3399 3949 3498 4004 τοῦ
3523 3943 3720 4012 Kvplov.’

2195 4043 2503 4111 ἀκουστὰς
2526 4042 2769 4110 ποιήσει
2794 4042 3000 4110 πάσας
3032 4039 3621 4115 τὰςαινέσειςαὺτοῶ
3644 4029 3717 4089 Τοῦ

2198 4135 2422 4201 Κυρίου
2442 4134 2479 4201 ἠ
2496 4131 2568 4203 γῆ
2591 4132 2775 4187 καὶτὸ
2797 4132 3089 4203 πλήρωμα
3110 4135 3326 4203 αὐτῆς.
3345 4135 3451 4205 Τὴν
3475 4130 3570 4201 γὰρ
3592 4125 3719 4194 σάρκα

2196 4225 2296 4296 τὴν
2318 4225 2380 4277 ἐκ
2405 4226 2508 4297 γῆς
2542 4224 2874 4280 πλασοείσαν
2892 4226 3104 4296 ἥνωσεν
3138 4230 3195 4280 ὲν
3211 4227 3360 4298 αὐτῷ
3379 4229 3406 4280 ὁ
3428 4220 3644 4296 Χριστὸς,
3657 4214 3720 4270 καὶ

2197 4316 2453 4370 ἐκάθισεν
2484 4319 2541 4370 ἐν
2574 4319 2845 4388 οὐρανοῖς.
2896 4319 3156 4391 Ἔρχεται
3196 4320 3228 4372 ὁ
3263 4316 3498 4380 διάϐολος
3525 4311 3597 4367 διὰ
3622 4321 3717 4377 πορ·

2199 4408 2351 4472 νείας
2381 4408 2629 4480 μολύνειν
2661 4409 3004 4481 βουλόμενος.
3053 4410 3193 4464 Ἀλλ’
3219 4412 3297 4475 ὡς
3321 4409 3484 4482 φύλαξ
3505 4408 3716 4476 ἄγρυπνον

507 4507 690 4563 laudes
771 4508 885 4577 ejus
926 4508 1008 4560 δῗ
1066 4507 1284 4563 Domini
1345 4517 1423 4561 est
1497 4518 1641 4563 terra
1708 4521 1757 4564 et
1815 4510 2087 4580 plenitudo

2204 4501 2345 4573 ἔχων
2375 4503 2467 4557 τὸν
2499 4503 2599 4573 τῆς
2636 4503 2816 4575 ψυχῆς
2844 4503 3146 4575 ὀφθαλμὸν,
3203 4505 3278 4577 μὴ
3321 4501 3637 4573 συγχωρήσης

506 4600 644 4670 ejus.
688 4598 948 4655 Christus
994 4614 1233 4669 namque
1271 4614 1495 4654 carnem
1532 4615 1563 4654 e
1612 4606 1758 4655 terra
1807 4601 2096 4657 formatam

512 4692 619 4749 sibi
657 4689 879 4758 aScivit,
905 4690 1246 4761 ascitamque
1276 4691 1330 4745 in
1362 4692 1518 4746 caelis
1550 4693 1858 4749 constituit.
1883 4696 2100 4766 Arrepit

512 4782 750 4842 subinde
782 4782 1066 4850 diabolus,
1124 4797 1220 4852 per
1276 4780 1693 4838 fornicationem
1741 4799 1861 4838 eam
1911 4797 2101 4841 conta-

514 4875 733 4931 minare
786 4870 1143 4928 contendens.
1180 4871 1249 4925 At
1282 4881 1362 4936 tu,
1404 4878 1667 4942 tanquam
1705 4871 1846 4928 ﬁdus
1890 4882 2100 4941 custOs,

512 4969 714 5023 anima:
759 4966 981 5021 oculum
1039 4965 1258 5035 vigilem
1331 4978 1549 5035 semper
1609 4973 2103 5037 experrectumque

511 5060 740 5125 habens,
776 5058 1043 5115 latronem
1085 5059 1240 5114 illum
1280 5059 1482 5114 mentis
1514 5066 1621 5114 tuae
1652 5060 1858 5115 lumina
1895 5060 2103 5115 violare

509 5165 621 5206 non
656 5149 831 5218 sinas,
879 5162 943 5205 ut
998 5151 1156 5220 plena
1207 5149 1428 5205 tandem
1459 5150 1690 5205 victoria
1726 5152 1967 5222 potitus,
2004 5167 2102 5206 au-

509 5241 704 5298 dacter
734 5241 802 5295 ad
840 5242 994 5296 illum
1025 5243 1209 5297 dicere
1235 5257 1448 5312 queas:
1493 5240 1834 5298 Dominicam
1880 5258 2098 5313 posses-

512 5336 748 5401 sionem,
791 5350 825 5390 ο
858 5334 1098 5402 diabole,
1129 5350 1239 5389 non
1270 5334 1532 5405 prodidi;
1567 5335 1783 5391 Domini
1829 5337 1973 5392 enim
2017 5343 2103 5393 est

513 5434 661 5483 terra
720 5433 780 5484 et
814 5426 1064 5483 Ecclesia
1090 5426 1319 5493 Christi,
1354 5445 1478 5499 quae
1504 5428 1708 5500 ubique
1736 5430 1947 5485 cmlesti
1978 5431 2101 5500 plu-

514 5520 596 5574 via
654 5519 877 5577 exculta
920 5520 1275 5591 irrigataque,
1311 5521 1527 5578 fructus
1567 5523 1750 5578 varios
1808 5531 2102 5593 perpetuo-

515 5621 620 5681 que
657 5612 903 5666 virentes
946 5610 1027 5665 illi
1073 5609 1275 5678 l'undit,
1302 5626 1500 5682 nempe
1532 5612 1895 5677 tricesimum,
1937 5627 2098 5669 sexa-

589 5763 606 5795 ¹
627 5763 776 5820 Psal.
804 5780 951 5832 nvi,
973 5767 1030 5837 ἓ,
1062 5769 1117 5827 3.
1200 5771 1221 5805 ³
1242 5767 1377 5826 ibid.
1406 5768 1460 5823 6.
1538 5769 1720 5827 ’Psal.
1750 5784 1911 5838 xxm,
1943 5770 1997 5828 1.

2206 4593 2377 4669 λῃστῇ
2429 4595 2520 4648 τὸν
2563 4595 2665 4666 τῆς
2709 4596 2949 4660 διανοίας
3004 4596 3295 4669 διαρρῆξαι
3347 4589 3610 4665 ὀφθαλμὸν,
3651 4584 3708 4634 ἵνα

2208 4682 2427 4757 θδρῤὦν
2486 4687 2624 4759 πρὸς
2676 4688 2841 4743 αὑτὸν
2893 4688 3083 4760 εἴπῃς·
3133 4686 3459 4744 Δεσποτικοῦ
3506 4682 3713 4752 κτήματος

2203 4780 2472 4851 προδότης
2504 4781 2566 4834 οὐ
2595 4781 2839 4852 γίνομαι,
2874 4781 3111 4837 διάϐολε.
3136 4781 3245 4836 Τοῦ
3270 4782 3470 4853 Κυρίου
3493 4776 3583 4846 γὰρ
3607 4772 3632 4839 ἢ
3663 4763 3711 4832 γῆ

2204 4869 2300 4922 καὶ
2333 4871 2366 4939 ή
2411 4870 2710 4941 Ἐκκλησία
2732 4871 2826 4925 τοῦ
2850 4870 3090 4943 Χριστοῦ
3127 4873 3160 4944 ή
3186 4873 3411 4927 πάντοτε
3444 4867 3537 4922 ὑπὸ
3560 4858 3636 4914 τοῦ
3651 4854 3711 4907 ού·

2208 4963 2396 5035 ρανίου
2440 4963 2650 5036 ὄμϐρου
2691 4967 3107 5039 γεωργουμένη,
3150 4968 3244 5021 καὶ
3275 4960 3513 5023 ἀειθαλὲς
3556 4961 3711 5021 καρπο-

2206 5055 2449 5128 φοροῦσα
2479 5057 2702 5129 Χριστῷ
2722 5059 3018 5129 τριάκοντα
3074 5058 3195 5133 [καὶ
3225 5051 3495 5130 ἑξήκοντα]
3531 5046 3606 5102 καὶ
3626 5041 3717 5133 tua:

2371 5123 2640 5218 Ἐξῆλθε,
2669 5123 2855 5221 ἐρησὶν,
2896 5153 2929 5206 ό
2961 5123 3229 5221 σπείρων
3254 5123 3361 5204 τοῦ
3384 5123 3596 5211 anellum
3614 5150 3624 5162 '
3643 5123 3715 5182 καὶ

2203 5243 2271 5298 τὸ
2293 5244 2411 5314 μὲν
2437 5247 2663 5301 ἔπεσεν
2693 5246 2793 5301 ἐπὶ
2818 5247 2933 5317 τὴν
2960 5249 3127 5315 ὁδὸν,
3174 5249 3270 5321 τὴν
3297 5245 3496 5312 ἀπάτην
3524 5235 3604 5306 τὴν
3631 5223 3717 5326 '5}.

2203 5336 2456 5408 ληνικήν.
2498 5338 2610 5393 Kal
2644 5335 2837 5410 ἦλθον
2882 5339 2954 5394 τὰ
2984 5343 3255 5407 πετεινὰ,
3290 5340 3336 5392 ol
3370 5333 3604 5399 ὀξύπεινω
3634 5330 3716 5410 τω

2200 5428 2474 5500 δαιμόνων
2510 5409 2787 5502 ἅρπαγες,
2844 5433 2945 5486 καί
2992 5432 3330 5503 κατέφαγον
3375 5422 3525 5481 αὔτό.
3575 5409 3714 5507 Ἀλξθ

2202 5521 2429 5576 ἔπεσεν
2472 5523 2572 5579 ἐπὶ
2619 5525 2691 5580 τὰ
2741 5525 3035 5596 πετρώδη,
3085 5527 3186 5599 τὴν
3232 5518 3602 5599 σκληρῦτροπον,

2216 5613 2490 5672 Ἰουδαίων
2550 5619 2697 5691 me“
2755 5588 3095 5692 πρᾶαίρεᾷὶν,
3141 5588 3255 5674 ’καὶ
3306 5588 3488 5672 me;
3524 5588 3713 5658 ἀνέτειλε

2078 5779 2102 5806 ⁵
2122 5770 2272 5831 Psal.
2298 5786 2389 5845 cv,
2412 5773 2466 5829 2.
