3988 6436
168 361 258 418 ιὸτό
680 394 687 399 α
878 360 1160 418 HOMILIA
1194 359 1237 415 V
1275 358 1340 415 ΙΝ
1401 355 1676 415 LAUDES
1718 352 2012 411 SANCTAS
2050 351 2295 408 MARUE
2340 353 2690 410 DElPARA‘J.

3342 308 3452 417 iss

174 481 510 564 προπετείας
549 480 716 550 φυτὸν
762 478 899 552 [καὶ]
939 478 1302 551 παρανομίας.
1351 473 1602 564 Τοιοῦτος
1634 475 1744 547 γὰρ

1883 472 2112 527 esimum
2176 480 2229 529 et
2262 474 2623 529 centesimum
2664 472 2798 543 (73).
2834 470 3046 545 [Exiit,
3075 472 3254 545 inquit
3275 479 3315 542 ³,
3356 474 3453 546 qui

188 569 443 625 Ἰουδαίων
490 563 521 623 ό
554 572 775 642 τρόπος.
825 570 910 625 Ἐν
954 569 1063 643 γὰρ
1101 572 1167 641 τῇ
1209 569 1403 640 ἐρήμῳ
1437 563 1757 639 νομοθετού-

183 672 317 732 μενοι
340 659 590 728 ἔφασκον
623 660 760 732 πρὸς
804 659 1079 731 Μωῦσῆνο
1126 658 1334 712 Πάντα
1366 657 1485 711 ὅσα
1518 653 1688 711 εἶπεν
1724 660 1756 711 ό

181 752 333 818 Θεὸς,
362 754 740 822 ποιησόμεθα
767 752 865 806 καὶ
924 751 1326 820 ἀκουσόμεθα.
1357 751 1466 804 Καὶ
1502 751 1552 803 ol
1583 747 1757 803 ταῦτα

179 844 655 915 ἐπαγγελλόμενοι,
703 843 900 915 μόσχον
948 844 1155 916 ἄψυχον
1212 842 1604 916 προσεκύνουν,
1666 843 1758 896 καὶ

176 937 257 990 τὸν
292 936 486 1008 νεκρὸν
506 936 601 989 τοῦ
636 935 836 1001 ζῶντος
855 936 991 990 Θεοῦ
1031 938 1365 1009 προετίμων.
1405 938 1584 992 ’Άλλο
1624 935 1760 989 ἔπε-

175 1046 284 1084 σεν
324 1028 426 1082 ἐπὶ
477 1029 583 1094 τὰς
636 1028 938 1096 ἀκάνθας,
1008 1029 1107 1093 τὰς
1166 1030 1606 1103 τραχυκέντρους
1667 1029 1760 1083 καὶ

180 1118 1043 1191 βλασφημογλώσσους·αἱρέσεις,
1086 1119 1290 1184 αἵτινες
1337 1121 1428 1174 τὸν
1477 1120 1576 1191 τῆς
1602 1120 1759 1173 εὐσε-

181 1211 324 1274 ϐείας
368 1210 568 1282 σπόρον
612 1209 734 1265 καθ’
781 1210 999 1283 ἡμέραν
1047 1213 1463 1282 συμπνίγουσιν.
1517 1213 1762 1281 Ἕτερον

177 1301 395 1355 ἔπεσεν
421 1302 519 1355 ἐπὶ
550 1300 667 1370 τὴν
695 1300 815 1371 γῆν
843 1302 960 1370 τὴν
995 1301 1223 1371 καλὴν,
1275 1303 1374 1375 τὴν
1434 1302 1761 1375 Ἐκκλησίαν

174 1391 263 1448 τοῦ
326 1392 604 1465 Χριστοῦ.
661 1393 760 1466 τὴν
813 1392 1088 1465 εὔφορον,
1151 1393 1248 1464 τὴν
1304 1395 1762 1467 καρποφοροῦσαν

174 1485 465 1559 τριάκοντα
501 1485 595 1538 καὶ
627 1483 890 1555 ἑξήκοντα
946 1485 1042 1538 καὶ
1098 1484 1310 1539 ἑκατόν.
1345 1485 1650 1555 Τριάκοντα
1672 1484 1762 1537 τὸν

172 1579 269 1649 τῆς
299 1576 654 1648 σωφροσύνης
687 1576 850 1645 ζυγόν
870 1595 881 1606 ·
927 1576 1191 1648 ἑξήκοντα
1218 1576 1318 1647 τῆς
1347 1576 1761 1648 ἁγγελομόρφου

176 1669 507 1741 παρθενίας·
555 1669 751 1723 ἑκατὸν
792 1670 890 1740 τῆς
941 1670 1090 1734 θείας
1153 1668 1521 1741 δικαιοσύνης,
1572 1671 1668 1724 καὶ
1698 1672 1762 1724 ἀ-

179 1763 382 1831 γνείας,
417 1763 511 1817 καὶ
542 1762 641 1833 τῆς
669 1761 776 1815 τῶν
812 1761 1107 1834 μαρτύρων
1135 1760 1523 1835 ἀνδραγαθίας.

1860 563 2081 619 seminat
2138 563 2447 636 seminare]
2532 562 2601 616 Et
2638 562 2784 617 aliud
2834 564 3043 635 quidem
3069 566 3257 620 cecidit
3299 581 3450 621 secus

1862 658 2023 721 viam,
2071 656 2176 711 hoc
2223 664 2307 712 est
2350 657 2726 712 Graecanicam
2773 655 3044 713 fraudem.
3091 656 3161 711 Et
3202 666 3453 714 venerunt

1861 752 2145 816 volucres;
2180 751 2441 805 nimirum
2487 749 2721 807 famelici
2753 750 3065 807 daemonum
3092 759 3375 821 raptores;
3399 761 3450 806 et

1861 842 2200 898 comederunt
2238 841 2398 899 illud.
2438 843 2608 916 Aliud
2663 844 2852 899 cecidit
2891 845 2946 898 in
2997 853 3199 914 petras,
3255 861 3453 915 nempe
3500 882 3512 903 ι

1862 935 2057 990 duram
2105 950 2170 990 ac
2223 942 2606 991 contumacem
2640 935 2957 992 Iudaeorum
3003 937 3362 991 voluntatem.
3390 936 3455 989 Et

1865 1030 2054 1085 statim
2080 1029 2407 1085 temeritatis
2431 1029 2583 1084 calor
2602 1029 2896 1100 impietatis
2920 1030 3149 1100 stirpem
3174 1027 3454 1098 produxit.

1864 1120 2149 1192 Ejusmodi
2179 1122 2382 1192 quippe
2416 1126 2547 1177 sunt
2581 1119 2796 1175 Judaici
2834 1105 3016 1175 mores
3042 1138 3057 1175 :
3088 1134 3216 1173 nam
3246 1133 3371 1172 cum
3400 1117 3456 1170 in

1864 1212 2083 1269 deserto
2126 1213 2215 1268 lex
2248 1213 2358 1268 illis
2391 1212 2646 1277 ferretur,
2698 1212 2958 1267 dicebant
2994 1210 3209 1282 Moysi:
3261 1208 3460 1265 Omnia

1864 1321 2186 1375 quaecunque
2229 1304 2370 1359 Deus
2409 1302 2565 1369 dixit,
2603 1304 2859 1373 faciemus
2934 1311 2983 1358 et
3034 1302 3307 1357 audiemus
3327 1301 3368 1355 ².
3391 1299 3459 1353 Et

1866 1403 2051 1452 tamen
2103 1396 2183 1450 illi
2226 1396 2353 1467 ipsi,
2384 1397 2477 1466 qui
2509 1396 2613 1455 ista
2654 1396 3056 1465 promiserant,
3096 1393 3456 1447 inanimatuzn

1865 1488 2097 1543 vitulum
2135 1488 2478 1551 adorabant,
2513 1502 2578 1543 ac
2618 1488 2744 1542 vivo
2792 1485 2904 1541 Deo
2947 1493 3223 1563 mortuum
3260 1483 3458 1554 praefe-

1867 1580 2081 1635 rebant.
2127 1578 2290 1633 Aliud
2334 1577 2519 1632 cecidit
2557 1579 2613 1631 in
2638 1579 2842 1647 spinas,
2879 1577 2984 1631 hoc
3057 1585 3141 1632 est
3183 1577 3460 1630 aculeatas

1868 1679 1923 1725 et
1965 1671 2395 1726 contumeliosas
2440 1670 2498 1725 in
2543 1670 2713 1726 Deum
2764 1670 3041 1725 haereses:
3087 1684 3207 1739 quae
3237 1668 3459 1737 pietatis

1871 1771 2175 1820 sementem
2207 1763 2457 1833 quotidie
2494 1763 2816 1834 praefocant.
2850 1761 3012 1816 Aliud
3047 1760 3234 1815 cecidit
3271 1761 3323 1813 in
3355 1769 3461 1814 ter—

176 1854 674 1920 ram~bonam;hoc
693 1862 777 1909 est
808 1854 1109 1910 Ecclesiam
1177 1855 1408 1920 Christi,
1482 1854 1812 1920 fertilem,et
1863 1856 2126 1921 tricenos,
2184 1870 2488 1926 sexagenos
2537 1871 2601 1910 ac
2648 1863 2908 1911 centenos
2972 1852 3186 1908 fructus
3230 1853 3465 1907 redden—

102 1997 119 2011 π
177 1945 572 2011 tem.Quorum
604 1946 800 1999 triceni
848 1945 916 1999 ad
951 1946 1210 2015 pudicum
1265 1947 1579 2016 nuptiarum
1607 1946 1799 2018 jugum
1837 1949 2158 2018 pertinent;
2232 1948 2509 2019 sexageni,
2553 1947 2791 2004 similem
2854 1947 3174 2018 angelorum
3229 1944 3463 2015 virgini-

174 2045 340 2093 tatem
372 2037 699 2099 continent;
733 2038 948 2092 centeni
984 2037 1219 2108 denique
1240 2037 1304 2093 ad
1340 2037 1578 2092 divinam
1598 2037 1890 2108 justitiam,
1935 2037 2268 2112 [castitatem
2322 2046 2376 2095 et
2433 2039 2652 2111 egregia
2686 2046 2990 2111 martyrum
3062 2036 3335 2110 facinora]
3370 2052 3462 2093 re—

180 2136 453 2191 feruntur.

243 2250 305 2302 Οἱ
346 2246 461 2317 γὰρ
493 2247 592 2318 τῆς
640 2247 921 2312 εὐσεϐείας
962 2249 1205 2321 κήρυκες
1239 2248 1337 2319 τὴν
1382 2250 1468 2302 ἐπ’
1522 2248 1767 2320 ἐσχάτων

1940 2243 2114 2299 Porro
2145 2250 2330 2299 autem
2354 2258 2497 2298 verae
2535 2241 2761 2313 pietatis
2785 2255 3087 2324 praecones,
3123 2250 3463 2311 postremum

176 2338 264 2392 τοῦ
309 2338 518 2409 Κυρίου
566 2337 779 2391 ἓλευσιν
819 2341 985 2393 πᾶσιν
1029 2338 1510 2409 εὐαγγελιζόμενοι
1547 2338 1766 2406 ἔλεγονο

180 2429 381 2495 Οὕτως
429 2428 745 2482 ἐλεύσεται
766 2442 801 2491 ,δ
826 2429 897 2482 ὃν
934 2430 1162 2498 τρόπον
1205 2429 1539 2483 ἐθεάσασθε
1585 2428 1772 2483 αὐτόν

175 2520 775 2590 ἀναλαμϐανόμενον.
833 2520 1115 2593 Ὠφθησαν
1165 2521 1272 2592 γὰρ
1322 2521 1416 2574 δύο
1468 2520 1664 2591 ἄνδρες
1715 2521 1772 2572 ὲν

176 2615 364 2685 ἐσθῆτι
400 2613 594 2683 λευκῇ.
633 2612 755 2677 Δύο,
784 2612 873 2666 ἵνα
913 2612 1174 2684 πιστευθῇ
1200 2614 1232 2684 ὴ
1258 2612 1483 2684 ἀλήθεια
1504 2629 1516 2642 ·
1556 2612 1768 2681 ἄνδρες,

179 2707 259 2758 ἵνα
283 2706 366 2767 είς
395 2702 623 2773 ἀνδρίαν
657 2702 783 2763 τοὺς
828 2701 1075 2772 μαθητὰς
1116 2701 1445 2772 στηρίξωσι·
1487 2700 1774 2771 λευχειμο-

180 2792 417 2857 νοῦντες,
473 2792 563 2845 ἵνα
610 2790 1114 2862 καταλαμπρύνωσι
1163 2790 1263 2854 τὰς
1304 2790 1414 2845 τῶν
1465 2790 1776 2843 ἀκουόντων

176 2885 433 2948 διανοίας.
480 2883 549 2935 Τί
596 2877 688 2937 οὖν
731 2883 781 2935 οἱ
824 2882 1084 2952 ὀφθέντες
1141 2883 1475 2953 ὲκήρυττον;
1533 2881 1776 2950 Ἄνδρες
1804 2887 1817 2893 ’

186 2976 572 3048 Ἰσραηλῖται,
614 2977 671 3030 τι
707 2976 1003 3043 ἑστήκατε
1030 2976 1374 3041 ,βλέποντες
1403 2977 1491 3042 εὶς
1529 2976 1639 3029 τὸν
1677 2978 1778 3030 οὐ·

168 3072 393 3141 ρανόν;
422 3069 477 3122 τί
504 3070 584 3132 εἰς
612 3069 703 3122 τὸν
733 3070 960 3142 οὐρανὸν
990 3068 1262 3132 ἀτενίζετε
1286 3086 1300 3136 ;
1327 3067 1544 3123 Μᾶλλον
1570 3067 1659 3122 τὸν
1688 3069 1776 3121 οὐ·

176 3165 339 3236 ρανοῦ
368 3163 610 3235 ποιητὴν
645 3161 997 3233 θεωροῦντες,
1034 3161 1293 3227 δοξάσατε
1327 3161 1420 3215 τοῦ
1454 3162 1766 3233 ἀναλαμϐα-

171 3257 408 3327 νομένου
438 3255 504 3308 τὸ
540 3252 795 3325 μέγεθος,
849 3254 943 3307 καὶ
994 3254 1091 3326 τὴν
1149 3254 1557 3323 συγκατάὸασιν
1608 3240 1776 3309 αὑτοῦ

176 3348 281 3416 τῆς
306 3345 715 3417 φιλανθρωπίας
744 3346 1085 3417 θαυμάσατε,
1117 3346 1200 3400 ὅτι
1226 3346 1334 3399 τὸν
1352 3346 1540 3417 γήινον
1571 3344 1779 3410 ἐνώσας

190 3435 378 3505 ἑαυτῷ
412 3436 704 3507 ἄνθρωπον,
732 3436 1155 3507 οὐρανοπολίτην
1201 3436 1460 3502 ἀνέδειξε,
1504 3437 1597 3491 καὶ
1626 3439 1780 3509 οἰκή-

191 3544 331 3598 τορα
358 3528 575 3600 ούρανοῦ
604 3528 937 3599 κατέστησε’
980 3528 1171 3599 βαϐαίῑ
1211 3529 1300 3582 τὸν
1344 3528 1496 3583 κάτω
1532 3528 1779 3600 κείμενον

192 3617 295 3671 ποῦ
334 3618 599 3689 ἀνήγαγε.
638 3618 699 3672 Τί
735 3617 1033 3686 ἑστήκατε
1056 3618 1398 3685 βλέποντες
1429 3622 1517 3684 εἰς
1544 3619 1651 3673 τὸν
1681 3621 1782 3673 οὐ·
1810 3594 1852 3652 C

178 3712 403 3779 parcir;
453 3711 656 3776 Οὕτως
696 3710 1032 3765 ἐλεύσεται.
1070 3710 1261 3771 Οὕτω,
1289 3712 1441 3777 Πῶς;
1490 3712 1563 3765 Τὸ
1622 3712 1781 3783 σῶμα

182 3802 241 3855 τὸ
268 3802 546 3873 ἡμέτερον
587 3803 992 3874 περικείμενος,
1028 3801 1128 3873 τὴν
1180 3801 1483 3883 τρωθεῖσαν
1510 3804 1578 3873 τῇ
1608 3802 1793 3887 λόγχῃ,

178 3892 427 3964 πλευρὰν
454 3892 893 3966 προϐαλλόμενος
914 3910 927 3924 ·
963 3893 1051 3947 ἵνα
1080 3892 1320 3962 suum;
1353 3894 1400 3946 oi
1435 3893 1678 3946 Ἰουδαῖοι
1701 3894 1781 3957 είς

174 3985 234 4037 ὃν
280 3984 689 4055 ἐξεκέντησαν·
744 3987 906 4056 ἡμεῖς
956 3984 1013 4037 δὲ
1071 3982 1392 4056 ἁξιωθῶμεν
1442 3984 1671 4053 ὄψεσθαι
1718 3985 1779 4039 τὸ

172 4075 480 4148 πρόσωπον
505 4076 671 4131 αὐτοῦ
711 4076 847 4148 μετὰ
877 4075 1207 4149 παρρησίας,
1245 4076 1470 4130 καὶτῶν
1503 4077 1779 4148 ἐπηγγελ-

180 4169 361 4238 μένων
390 4170 619 4237 ἀγαθῶν
652 4170 1025 4240 ὲπιτύχωμεν·
1062 4169 1245 4241 χάριτι
1276 4170 1370 4222 καὶ
1394 4170 1780 4243 φιλανθρωπίᾳ

180 4256 279 4310 τοῦ
303 4259 512 4331 Κυρίου
537 4257 695 4329 ήμῶν
732 4258 906 4329 Ἰησοῦ
937 4258 1172 4330 Χριστοῦ
1193 4274 1207 4288 ·
1244 4256 1361 4328 μεθ’
1396 4251 1458 4310 οὗ
1496 4256 1573 4328 τῷ
1604 4258 1782 4327 Πατρὶ

180 4351 276 4403 καὶ
311 4351 458 4420 ἁγίῳ
486 4348 771 4420 Πνεύματι
800 4349 946 4415 δόξα,
978 4350 1200 4420 κράτος,
1239 4348 1395 4420 τιμὴ,
1429 4348 1521 4402 νῦν
1553 4348 1646 4402 καὶ
1675 4349 1783 4414 ἀεὶ,

174 4443 276 4495 καἻ.
298 4444 381 4506 είς
407 4443 538 4505 τοὺς
561 4442 763 4506 αἰῶνας
794 4442 901 4497 τῶν
927 4440 1155 4496 αἰώνων.
1202 4439 1392 4513 Ἀμήν.

1876 2334 2094 2389 Domini
2148 2334 2445 2388 adventum
2498 2332 2757 2388 omnibus
2821 2333 3000 2403 palam
3051 2333 3462 2400 denuntiantes,

1875 2425 2022 2479 inter
2047 2431 2245 2479 caetera
2267 2423 2556 2478 dicebant:
2584 2422 3045 2489 Quemadmodum
3077 2424 3285 2479 uidistis
3309 2425 3466 2480 illum

1873 2523 2082 2570 euntem
2123 2515 2180 2567 in
2208 2514 2428 2577 costum,
2458 2514 2535 2566 ita
2571 2513 2736 2567 veniet
2760 2513 2799 2568 ³.
2840 2512 2949 2569 Visi
2988 2522 3119 2569 sunt
3160 2515 3304 2570 enim
3356 2514 3469 2571 duo

1876 2607 1983 2661 viri
2033 2606 2087 2660 in
2131 2606 2271 2660 stola
2313 2604 2546 2658 candida
2583 2624 2595 2659 :
2655 2606 2764 2660 duo
2816 2606 3061 2675 quidem,
3098 2622 3208 2676 quo
3252 2607 3470 2663 veritati

1880 2699 2037 2754 [idem
2092 2698 2329 2763 faciant;
2388 2698 2491 2751 viri
2529 2705 2750 2761 autem,
2804 2714 2914 2768 quo
2969 2698 3037 2751 ad
3091 2699 3249 2754 virile
3297 2701 3471 2755 animi

1878 2791 2048 2846 robur
2074 2790 2382 2861 discipulos
2434 2789 2794 2855 conﬁrment;
2841 2789 2897 2843 in
2928 2798 3085 2845 veste
3119 2798 3300 2845 autem
3340 2808 3472 2846 can-

1879 2882 2007 2936 dida
2030 2923 2044 2949 ,
2078 2896 2190 2952 quo
2234 2880 2552 2936 auditorum
2586 2887 2821 2945 mentes,
2860 2890 2913 2936 et
2950 2882 3321 2942 conscientias
3347 2882 3474 2939 illu-

1880 2980 2076 3029 strent.
2126 2972 2337 3044 Ecquid
2391 2973 2563 3043 igitur
2603 2972 2715 3027 viri
2770 2972 2850 3026 illi
2923 2973 3016 3043 qui
3064 2974 3471 3041 cernebantur,

1880 3065 2290 3135 praedicabant?
2332 3064 2445 3118 Viri
2478 3064 2730 3130 Galilwi,
2770 3064 2895 3134 quid
2944 3068 3109 3121 statis
3152 3068 3470 3137 aspicientes

1880 3159 1935 3212 in
1966 3158 2197 3213 coelum?
2240 3156 2384 3223 Quid
2436 3158 2640 3211 coelum
2690 3157 2867 3212 oculis
2896 3156 3091 3213 deﬁxis
3140 3159 3474 3213 intuemini?

1881 3246 2018 3300 Eum
2065 3247 2283 3317 potius,
2331 3247 2424 3317 qui
2460 3247 2663 3301 cmlum
2694 3246 2975 3312 condidit,
3024 3248 3223 3304 mentis
3274 3256 3472 3303 vestrm

1882 3337 2188 3393 luminibus
2215 3346 2570 3409 usurpantes,
2586 3338 2813 3410 hymnis
2848 3346 2903 3394 et
2924 3339 3179 3396 laudibus
3201 3341 3471 3411 assumpli

1882 3430 2320 3500 magnitudinem
2359 3432 2642 3494 extollite,
2686 3446 2752 3487 ac
2792 3432 3115 3502 stupendam
3160 3433 3307 3489 illius
3354 3433 3468 3489 cle-

1886 3523 2144 3578 mentiam
2183 3524 2462 3594 animique
2512 3523 2905 3580 demissionem
2957 3525 3161 3581 summi
3219 3526 3473 3581 miraculi

1888 3613 2011 3668 loco
2042 3613 2227 3670 ducite
2253 3634 2266 3670 :
2295 3616 2737 3686 quandoquidem
2767 3616 2813 3671 is
2839 3616 2930 3672 ille
2961 3618 3173 3688 est,qui
3198 3618 3475 3675 hominem

1887 3714 2167 3762 terrenum
2207 3709 2310 3763 sibi
2362 3711 2741 3774 consociavit,
2788 3705 3283 3783 consociatumque
3330 3714 3478 3769 inter

1889 3797 2012 3852 coeli
2036 3798 2186 3854 cives
2210 3799 2487 3870 ascripsit,
2506 3803 2884 3874 cmlorumque
2910 3804 3145 3860 incolam
3170 3805 3476 3861 constituit.

1887 3887 2082 3959 Papae!
2111 3905 2220 3960 quo
2242 3890 2391 3945 humi
2423 3891 2700 3961 jacentem
2728 3894 2952 3949 evexit?
2984 3894 3125 3961 Quid
3152 3897 3311 3951 statis
3332 3899 3477 3966 aspi-

1887 3982 2081 4035 cientes
2108 3982 2163 4034 in
2206 3981 2442 4039 caelum?
2486 3982 2590 4037 Hic
2640 3983 2824 4052 Jesus,
2852 3973 2943 4057 qui
2975 3998 3281 4056 assumptus
3328 3997 3407 4043 est
3445 4006 3480 4045 α

1890 4073 2031 4127 vobis
2061 4075 2114 4127 in
2141 4074 2349 4139 calami,
2380 4076 2457 4129 sic
2492 4077 2679 4131 veniet.
2715 4075 2826 4133 Sic.
2866 4079 3194 4144 Quomodo?
3235 4082 3479 4151 Corpore

1888 4173 2080 4220 nostro
2116 4167 2351 4221 vestitus
2400 4168 2583 4221 veniet
2613 4167 2915 4240 [clavorum
2971 4171 3213 4241 vestigiis
3251 4171 3477 4241 pulchre

1895 4256 2254 4330 insignitus];
2310 4258 2459 4313 latu’s
2483 4260 2672 4315 lancea
2701 4261 2818 4314 dira
2855 4260 3191 4330 perforatum
3221 4264 3478 4318 omnibus

1895 4356 2220 4405 ostensurus
2255 4367 2268 4403 :
2305 4365 2416 4419 quo
2456 4351 2714 4405 nimirum
2747 4349 2919 4406 Judazi
2961 4352 3202 4418 videant,
3225 4355 3281 4408 in
3314 4368 3477 4424 quem

1896 4442 2025 4496 olim
2066 4442 2451 4513 conﬂixerunt;
2495 4458 2598 4498 nos
2628 4444 2992 4523 autemdigni
3027 4444 3349 4510 habeamur,
3384 4445 3477 4514 qui

174 4534 404 4588 vultum
466 4535 616 4591 illius
689 4550 816 4588 cum
878 4533 1075 4588 ﬁducia
1138 4534 1583 4604 conspiciamus,
1640 4534 2157 4605 promissorumque
2218 4535 2487 4591 bonorum
2544 4536 2843 4607 participes
2892 4536 3231 4601 efﬁciamur,
3279 4539 3477 4610 gratia,

174 4635 233 4680 et
263 4626 568 4682 clementia
597 4625 811 4681 Domini
844 4627 1015 4681 nostri
1047 4625 1176 4682 Jcsu
1211 4626 1419 4684 Christi
1454 4645 1469 4681 :
1514 4642 1639 4681 cum
1696 4624 1831 4699 “quo
1864 4626 2040 4694 Patri,
2083 4634 2136 4682 ct
2174 4625 2404 4699 Spiritui
2453 4640 2646 4685 sancto
2687 4629 2760 4684 sit
2813 4628 3022 4701 gloria,
3065 4630 3356 4701 imperium
3427 4639 3482 4687 et

175 4717 389 4785 honor,
424 4734 579 4774 nunc
612 4727 666 4774 et
706 4736 925 4792 semper
971 4730 1024 4776 et
1061 4722 1117 4776 in
1187 4720 1387 4776 saacula
1438 4722 1788 4778 saeculorum.
1827 4721 2023 4777 Amen.

947 4855 1031 4908 E’.

172 4971 308 5027 Ταῦ
348 4972 425 5025 ἐν
456 4969 649 5038 ἁγίοις
684 4966 916 5035 Πατρός
954 4965 1122 5036 ἡμῶν
1162 4968 1509 5038 Ἐπιειςανίου
1543 4969 1788 5022 ἐπισκό-

249 5058 382 5096 που
413 5041 652 5104 πόλεως
690 5039 1146 5108 Κωνσταντίαςγ,
1182 5037 1294 5105 τῆς
1322 5038 1786 5108 Κυπριωνήσου.

256 5112 562 5181 ἐπικώμιος
596 5112 685 5175 εὶς
722 5107 836 5177 τὴν
865 5107 1045 5178 ἁγίαν
1070 5107 1186 5175 τὴν
1221 5111 1532 5163 Θεοτόκον.

265 5223 381 5286 Τὰς
409 5221 800 5293 ἐκλαμπούσας
831 5222 1202 5294 μαρμαρυγὰς
1227 5223 1327 5292 τῆς
1348 5222 1612 5277 Θεοτόκου
1644 5223 1793 5278 ἀκτῖ-

187 5327 301 5375 νας
351 5310 589 5383 φοϐερὰς
645 5311 739 5364 καὶ
773 5311 1193 5383 ἀκαταλήπτους
1239 5312 1529 5382 δυνάμεις,
1559 5313 1790 5386 οὐρανοῦ

2666 4856 2720 4910 ν.

1896 4963 2083 5021 Sancti
2114 4965 2293 5021 Patris
2336 4968 2506 5023 nostri
2536 4968 2823 5037 Epiphanii
2869 4970 3098 5037 episcopi
3148 4967 3480 5024 Constantia!

1964 5037 2125 5106 Cypri
2159 5038 2223 5091 de
2252 5038 2500 5092 laudibus
2564 5048 2765 5093 sanctae
2818 5039 3015 5094 Marica
3054 5038 3320 5107 Deiparw,
3354 5056 3482 5094 ora-

1969 5109 2040 5160 tio
2072 5108 2210 5179 (74).

1962 5221 2131 5276 Miser
2158 5236 2260 5293 ego
2298 5236 2443 5287 sum,
2474 5223 2569 5292 qui
2612 5222 2934 5294 effulgentes
2983 5224 3305 5294 splendores
3354 5223 3481 5280 Dci-

1894 5327 2040 5384 parae
2059 5314 2267 5380 radios,
2292 5315 2565 5371 terribiles
2590 5323 2645 5371 et
2666 5316 3149 5388 incomprehensas
3174 5317 3483 5385 facultates,

185 5404 297 5461 καὶ
323 5404 431 5475 γῆς
465 5405 794 5476 οἰκουμένης
831 5404 1129 5476 μυστήριον
1153 5445 1169 5467 ,
1218 5403 1439 5476 θαῦμα,
1480 5404 1773 5482 ίλαστήριοπ

1893 5407 2020 5463 ειειὶ
2048 5415 2103 5464 et
2134 5413 2300 5464 terrae
2326 5409 2651 5465 inhabitataa
2686 5410 3033 5482 mysterium,
3067 5406 3483 5466 admirandum-

240 5560 481 5617 1|Matth.
506 5577 630 5629 xm,
657 5562 692 5616 5
719 5575 840 5632 sqq.
917 5560 937 5591 ³
959 5557 1132 5617 Exod.
1159 5577 1310 5629 xxxv,
1344 5561 1394 5615 7.
1470 5560 1491 5593 ³
1512 5562 1634 5615 Act.
1664 5577 1703 5626 ι,
1738 5561 1798 5615 il
1831 5577 1953 5634 sqq.

254 5722 381 5796 (75)
423 5721 561 5796 Quae
614 5728 927 5791 sequuntur
978 5721 1137 5779 uncis
1174 5720 1419 5787 inclusa,
1474 5722 1529 5776 in
1572 5719 1785 5777 Peltani

179 5794 442 5852 editione
468 5794 723 5855 deerant.

1967 5722 2081 5796 (74)
2112 5720 2329 5782 Joanne
2357 5722 2489 5783 Pico
2515 5724 2837 5797 interprete.
