3988 6430
557 278 668 338 ρετ
1845 266 2049 330 eum
2087 274 2231 333 AUT
2273 271 2548 330 spuma.
3542 303 3552 312 ε
3742 285 3831 342 ιιι

557 411 668 466 que
690 387 1128 466 pr0pitiatorium
1158 393 1342 449 verbis
1373 393 1636 465 consequi
1665 397 1894 453 tentavi.
1927 396 2140 454 Gestie-

2253 400 2464 471 φράσας
2515 401 2545 453 ό
2587 400 2756 464 τάλας
2809 400 2950 470 ἐγὼ,
2993 401 3072 465 είς
3123 401 3521 474 ἀκριϐεστέραν
3573 401 3830 458 ἐννοιανό

557 487 648 540 bat
674 486 894 555 quidem
926 484 1204 539 interioris
1229 487 1394 540 animi
1427 487 1686 557 cogitatio
1713 487 1776 542 ad
1806 488 2140 542 exactiorem

2253 491 2344 563 τῆς
2377 491 2602 564 καρδίας
2650 511 2752 564 μου
2783 491 2930 546 ἔνδον
2983 497 3280 564 σκιρτήσας
3315 494 3580 566 λογισμὸς
3628 495 3834 566 βαθείας

556 578 990 649 intelligentiam,
1027 593 1148 648 quae
1180 580 1488 648 exprimere
1522 581 1827 635 conabatur
1856 579 2144 652 profunda:

2253 584 2468 654 μνήμης
2490 625 2504 648 ,
2533 585 2626 638 καὶ
2655 584 2997 657 ὑῂλοτάτης
3025 585 3257 658 θεωρίας
3285 586 3636 658 πειρώμενος
3667 587 3835 657 φέρειν

556 673 832 724 memoriaa
883 678 938 724 et
1006 671 1290 726 altissimze
1343 673 1737 741 speculationis
1791 675 2139 728 miraculum.

2253 670 2309 724 τὸ
2356 672 2569 744 θαῦμα,
2602 674 2804 745 τρόμος
2849 675 2942 728 καὶ
2967 676 3131 744 φόϐος
3171 677 3338 741 πολὺς
3390 678 3481 730 καὶ
3515 677 3702 740 δεινὸς
3730 695 3836 729 συν-

559 758 967 825 Vcrumtamen,
1006 762 1336 826 charissimi,
1369 773 1421 818 et
1451 764 1614 818 timor
1647 765 1850 820 multus
1881 774 1933 820 et
1963 767 2145 835 gravis

2253 765 2372 836 έσχε
2422 783 2486 836 με
2510 806 2523 829 ,
2579 759 2625 818 ὦ
2673 767 2969 838 ἀγαπητοί.
3009 768 3072 820 ’Π
3101 768 3210 840 γὰρ
3253 769 3437 839 μνήμη
3469 770 3579 839 τῆς
3615 769 3835 839 φρικτῆς

557 855 830 908 continuit
867 871 973 910 me.
1008 855 1142 909 Nam
1191 857 1452 912 memoria
1505 856 1983 926 contemplationis
2017 858 2145 910 hor-

2253 853 2511 925 θεωρίας,
2541 856 2800 927 ἕντρομον
2836 857 2934 928 τὴν
2965 857 3142 929 ψυχήν
3174 875 3274 929 μου
3295 900 3309 923 ,
3341 859 3433 912 καὶ
3462 859 3727 929 φρικώδη
3757 862 3835 928 τὴν

557 945 740 999 renda:
785 947 1068 1016 exagitans
1123 947 1537 1000 tremebundam
1577 947 1816 999 animam
1853 963 2054 1008 nteant.
2090 955 2145 1001 et

2253 947 2476 1017 καρδίαν
2515 947 2788 1016 ἐνέγκασα
2819 949 2879 1001 ού
2924 950 3161 1020 μετρίως
3191 949 3558 1021 ἐτιμώρησεν,
3595 949 3733 1003 ἀλλά
3760 951 3837 1004 δυ·

557 1053 653 1090 cor
701 1038 1104 1092 exhorreseens
1159 1055 1264 1091 non
1316 1039 1662 1092 mediocriter
1719 1038 1928 1103 aﬂlixit,
1962 1039 2147 1095 sedet

2253 1035 2426 1100 νατῶς
2482 1037 2826 1092 ἐϐασάνισεν.
2877 1038 3230 1109 Ἐπιπλήττει
3277 1040 3384 1109 γάρ
3433 1057 3537 1110 μου
3577 1040 3674 1092 τὸν
3707 1040 3836 1106 νοῦν,

557 1132 794 1199 graviter
819 1132 1055 1183 vexavit.
1085 1131 1339 1184 Concutit
1372 1132 1515 1184 enim
1552 1141 1788 1184 mentem
1816 1147 1990 1186 meam
2026 1149 2143 1186 nia-

2253 1126 2348 1195 τῆς
2383 1126 2645 1199 μεγίστης
2698 1127 2929 1199 θεωρίας
2972 1131 3004 1200 ἡ
3052 1131 3276 1200 μνήμη,
3323 1130 3397 1192 ὡς
3451 1131 3836 1201 άκαταλήπτου

555 1221 710 1274 ximat:
745 1223 1223 1290 contemplationis
1285 1238 1347 1274 ac
1382 1223 1524 1275 velut
1557 1222 2000 1293 incomprehensi
2033 1239 2146 1294 my-

2254 1217 2556 1287 μυστηρίου
2579 1258 2594 1282 ,
2624 1218 2685 1269 τὸ
2724 1218 2903 1287 λέγειν
2937 1221 3038 1272 οὐκ
3073 1220 3350 1290 ἰσχύουσα
3385 1220 3479 1284 Τίς
3510 1222 3632 1292 γὰρ
3673 1222 3835 1284 ἱκανὸς

553 1313 703 1365 sterii
759 1315 1038 1376 memoria,
1082 1329 1276 1381 nempe
1323 1329 1444 1382 qua:
1499 1314 1628 1367 illud
1689 1313 1872 1384 eloqui
1921 1315 2147 1369 minime

2253 1307 2458 1360 τοιοῦτο
2510 1310 2717 1379 φράσαι
2785 1312 3122 1382 μυστήριον;
3179 1314 3328 1366 ποῖον
3383 1312 3439 1364 δὲ
3506 1312 3833 1380 φθέγξασθαι

551 1404 742 1472 possit.
776 1403 908 1468 Quis
958 1405 1102 1458 enim
1152 1405 1465 1474 hujusmodi
1500 1407 1761 1476 mysterio
1789 1405 2147 1476 exprimendo

2253 1400 2445 1470 στόμα,
2471 1401 2503 1471 ἢ
2536 1401 2664 1454 ποία
2691 1401 2910 1469 γλῶσσα
2940 1403 3161 1475 λαλήσει
3186 1421 3200 1470 ;
3231 1404 3469 1475 Λέληθεν
3489 1447 3504 1469 ,
3541 1406 3724 1457 εἰπεῖν
3755 1407 3832 1457 οὐκ

550 1507 714 1562 queat
748 1495 1044 1550 sullicere?
1077 1495 1249 1561 Quale
1288 1513 1415 1551 vero
1456 1514 1517 1551 os
1546 1499 1926 1568 pronuntiare,
1959 1515 2146 1568 quaeve

2253 1491 2448 1562 ἰσχύει.
2483 1491 2597 1544 Νῦν
2645 1493 2701 1546 δὲ
2737 1494 2997 1564 τολμήσω
3053 1495 3182 1566 περὶ
3229 1497 3326 1567 τῆς
3371 1499 3547 1568 μόνης
3587 1498 3830 1549 Θεοτόκω

548 1587 737 1656 lingua
768 1589 1043 1657 proferet?
1078 1589 1436 1660 Nequaquam
1470 1600 1652 1660 potest
1675 1590 1860 1646 dicere
1893 1591 2042 1661 quod
2075 1593 2147 1646 la-

2253 1581 2370 1635 καθ’
2401 1582 2428 1634 ὃ
2462 1584 2868 1654 καταλαμϐάνω
2892 1602 2906 1615 ·
2946 1585 3041 1639 καὶ
3071 1587 3231 1640 πάλιν
3262 1587 3586 1660 φοῧούμαιῖ⁵
3601 1590 3719 1641 Οὐκ
3746 1590 3829 1658 ἔχω

552 1686 647 1730 tet.
681 1675 801 1730 Jain
838 1694 964 1732 vero
1000 1679 1238 1743 audebo,
1263 1679 1441 1733 dicam
1469 1681 1535 1734 de
1571 1681 1686 1734 sola
1718 1680 1972 1750 Deipara,
2005 1695 2144 1751 qua-

2253 1673 2492 1742 γλῶτταν
2525 1675 2692 1740 ἀξίως
2740 1677 2912 1729 εἰπεῖν
2943 1677 3012 1730 τὰ
3041 1677 3161 1730 λίαν
3203 1679 3431 1749 μεγάλα.
3492 1681 3829 1750 ’ἰσχνόφωνος

552 1780 708 1822 tenus
757 1785 1058 1838 assequor;
1092 1771 1274 1825 denuo
1324 1779 1511 1825 tamen
1569 1788 1785 1838 vereor,
1822 1781 2006 1842 utpote
2052 1773 2146 1845 qui

2253 1764 2357 1836 γὰρ
2415 1766 2509 1819 καὶ
2558 1765 3005 1838 βραδύγλωσσος,
3053 1770 3146 1822 καὶ
3182 1770 3282 1823 οὐκ
3331 1771 3560 1836 εὗλσλος
3598 1774 3827 1844 ὑπάρχω,

552 1860 737 1930 lingua
773 1876 880 1914 non
909 1863 1009 1916 sim
1047 1864 1308 1933 praeditus
1343 1865 1536 1919 idonea
1570 1865 1634 1919 ad
1671 1881 1734 1919 ea
1769 1867 1998 1921 dicenda
2025 1882 2146 1938 qua:

2254 1857 2320 1909 ἵν’
2348 1856 2522 1922 οὕτως
2565 1860 2744 1925 εῐπω,
2792 1860 3051 1930 περὶτῆς
3102 1861 3496 1933 μεγαλωνύμου
3555 1866 3654 1916 καὶ
3700 1864 3828 1927 ὁσίας

553 1963 680 2006 sunt
729 1953 881 2007 valde
932 1970 1165 2025 magna;
1200 1973 1321 2011 sum
1355 1957 1499 2010 enim
1532 1957 1660 2011 exili
1693 1975 1824 2013 voce
1887 1960 2147 2030 tardaque

2253 1951 2344 2003 καὶ
2384 1952 2765 2023 ἀπειρογάμου
2799 1953 2893 2005 καὶ
2931 1951 3182 2008 θεοτόκου
3216 1954 3428 2026 Μαρίας
3455 1997 3470 2020 ,
3519 1956 3729 2028 μητρὸς
3752 1957 3824 2009 τοῦ

552 2043 759 2114 lingua,
791 2053 844 2098 et
877 2047 1102 2103 minime
1129 2049 1394 2112 disertus,
1432 2057 1490 2102 ut
1521 2053 1601 2106 sic
1629 2052 1792 2105 verba
1819 2050 1998 2106 facere
2022 2069 2146 2122 pos-

2253 2043 2458 2114 Κυρίου
2487 2060 2500 2074 ·
2550 2043 2678 2114 περὶ
2730 2036 2797 2114 ἧς
2830 2043 2931 2096 οὐκ
2983 2045 3241 2116 εὐμαρῶς
3292 2045 3605 2116 ἀνθρώπων
3640 2047 3829 2115 γλῶττα

551 2134 652 2188 sim
688 2134 755 2187 de
782 2137 1103 2204 percelebri,
1161 2146 1375 2203 sancta,
1413 2136 1644 2207 innupta
1676 2147 1731 2192 et
1777 2139 2000 2209 deipara
2035 2139 2147 2194 Ma-

2253 2135 2497 2205 λαλήσει.
2541 2135 2883 2205 Ἰσχνοφωνεῖ
2920 2135 3028 2206 γὰρ
3091 2136 3225 2207 πρὸς
3287 2137 3528 2206 ταύτην,
3585 2141 3679 2192 καὶ
3726 2141 3828 2192 {meo

548 2227 628 2279 ria
659 2235 832 2281 matre
862 2226 1100 2294 Domini,
1137 2230 1206 2284 de
1259 2246 1364 2300 qua
1414 2231 1605 2284 leviter
1639 2231 1788 2302 loqui
1837 2248 1946 2286 non
1987 2232 2147 2286 debet

2253 2227 2529 2280 στέλλεται
2572 2228 2604 2297 ἡ
2656 2225 2877 2294 γλῶσσα
2903 2267 2916 2290 ,
2953 2227 3052 2280 οὐκ
3103 2227 3266 2292 ἀξίως
3302 2227 3502 2298 ἔχουσα
3545 2231 3608 2283 τὸ
3649 2230 3824 2299 λέγειν.

550 2320 786 2372 humana
822 2321 1026 2392 lingua.
1055 2321 1381 2377 Pertenucm
1411 2325 1558 2378 enim
1595 2325 1758 2378 habet
1785 2340 1970 2379 vocem
1999 2325 2146 2378 illius

2253 2319 2400 2390 Αὕτη
2427 2319 2536 2390 γὰρ
2567 2319 2662 2372 καλ⁸
2692 2319 2789 2381 τὰς
2826 2318 2933 2370 τῶν
2975 2319 3222 2388 οὐρανῶν
3247 2319 3506 2389 δυνάμεις
3568 2323 3788 2388 ἐξένισεν
3809 2340 3820 2352 ·

549 2411 730 2463 habita
774 2414 1002 2480 ratione,
1038 2423 1092 2468 et
1145 2416 1434 2470 imminuta
1475 2413 1570 2472 ‘est
1620 2419 1827 2487 lingua,
1875 2433 1997 2488 qua:
2045 2433 2146 2487 pro

2253 2409 2548 2480 ἐξέστησαν
2580 2409 2782 2472 πάντες
2806 2408 3050 2476 ἄγγελοι,
3085 2410 3438 2480 ἀρχάγγελοι,
3469 2412 3672 2482 ἀρχαὶ,
3700 2412 3822 2475 ἐξοσ-

547 2503 813 2571 dignitate
843 2504 1154 2559 facultatem
1189 2507 1406 2562 dicendi
1447 2525 1555 2563 non
1602 2510 1816 2565 habeat.
1848 2509 1942 2563 llla
1969 2509 2145 2579 siqui-

2253 2502 2365 2554 σίαι
2386 2542 2399 2560 .
2431 2501 2641 2572 θρόνοι,
2669 2499 3021 2571 κυριότητες,
3055 2500 3122 2553 τὰ
3154 2501 3448 2572 χερουϐεὶμ
3501 2506 3600 2556 καὶ
3657 2506 3720 2556 τὰ
3749 2521 3818 2554 σε-

548 2594 671 2646 dem
720 2597 798 2648 vel
849 2598 1115 2649 malorum
1149 2599 1382 2653 virtutes
1431 2599 1485 2652 in
1534 2609 1813 2669 stuporem
1847 2601 2141 2656 convertit.

2254 2594 2414 2666 ραιρεὶ
2425 2611 2463 2663 μ
2517 2594 2612 2647 καὶ
2645 2595 2794 2646 πᾶσα
2824 2591 3054 2664 στρατιὰ
3089 2594 3346 2663 ἀγγέλων
3385 2595 3539 2664 φόϐῳ
3595 2597 3686 2648 καὶ
3719 2597 3819 2667 τρό-

548 2685 968 2756 Obstupuerunt
1013 2705 1206 2744 omnes
1251 2691 1450 2760 angeli,
1483 2693 1823 2762 archangeli,
1867 2693 2147 2763 principa-

2255 2702 2340 2755 μῳ
2370 2682 2530 2754 δεινῷ
2560 2683 2932 2753 συσχεθέντες.
2974 2682 3317 2754 Ἐθεώρησαν
3359 2685 3468 2757 γὰρ
3508 2688 3601 2739 ἐπί
3639 2690 3733 2758 γῆς
3772 2681 3817 2737 ἐν

550 2788 662 2842 tus,
697 2789 1021 2849 potestates,
1056 2783 1263 2846 throni,
1299 2783 1728 2847 dominationes,
1763 2786 2047 2840 cherubim
2082 2801 2146 2840 ac

2253 2778 2388 2847 αὐτῇ
2439 2777 2527 2828 τὸν
2577 2776 2634 2829 ἐν
2670 2777 2924 2847 οὐρανοῖς
2949 2817 2963 2842 ,
3014 2778 3109 2830 καὶ
3139 2777 3412 2848 ἔφριττον.
3445 2780 3712 2833 Ἔϐλεπον
3737 2779 3816 2850 τὴν

550 2873 825 2942 scraphim
876 2883 928 2927 et
957 2876 1275 2944 angelorum
1312 2877 1604 2931 universus
1639 2879 1936 2940 exercitus,
1983 2878 2147 2929 tima-

2253 2868 2527 2940 Παρθένον
2548 2907 2562 2931 ,
2586 2867 2816 2936 οὐρανὸν
2874 2868 2967 2921 καὶ
3020 2867 3208 2939 θρόνον
3227 2911 3241 2934 ,
3292 2870 3387 2922 καὶ
3418 2872 3716 2940 συνείχοντο
3742 2869 3817 2939 φό-

548 2979 611 3019 re
659 2973 1008 3036 tremorequc
1034 2967 1185 3035 gravi
1215 2967 1442 3034 detenti,
1476 2971 1603 3038 quia
1642 2969 1939 3024 cernebant
1968 2968 2143 3030 illum,

2253 2960 2351 3030 6ῳ,
2386 2959 2689 3031 Θεωροῦσαι
2735 2961 2827 3014 τὸν
2868 2961 3105 3032 ἄναρχον
3145 2961 3257 3014 ἀπὸ
3294 2962 3484 3032 θρόνου
3518 2963 3814 3035 χερουϐικοῢ

547 3054 642 3123 qui
678 3054 889 3108 habitat
923 3057 979 3109 in
1024 3056 1202 3119 caelis,
1238 3072 1335 3126 per
1381 3072 1499 3111 eam
1551 3058 1758 3112 versari
1797 3058 1851 3112 in
1891 3066 2058 3124 terra,
2093 3063 2147 3111 ct

2253 3052 2330 3114 είς
2365 3052 2582 3122 μήτραν
2623 3051 2960 3122 παρθενικὴν
2991 3052 3316 3106 καθίσαντα.

546 3135 1028 3204 ρ’κὴοτιὊερεὺοιη.
1083 3148 1415 3215 Spectabant
1471 3149 1759 3221 virginem,
1813 3151 2018 3204 ccelum
2095 3157 2147 3204 et

2253 3159 2482 3222 nonum,
2525 3151 2580 3198 et
2630 3143 3028 3204 formidabant.
3078 3145 3208 3200 dum
3265 3146 3631 3216 conspicerent
3693 3160 3809 3200 cum

545 3240 640 3310 qui
676 3240 945 3310 principio
975 3249 1149 3302 caret.
1179 3242 1604 3299 descendentem
1643 3260 1671 3297 a
1705 3246 1902 3300 throno
1946 3243 2262 3306 cherubico,
2293 3239 2345 3291 in
2387 3244 2544 3291 utero
2574 3237 2825 3307 virgineo
2867 3239 3079 3294 sedere.

619 3330 663 3384 Ο
691 3331 847 3384 beata
876 3332 1053 3397 radix,
1082 3349 1203 3402 qua:
1235 3335 1376 3388 hanc
1404 3335 1682 3404 produxit.
1717 3334 1792 3392 Dc
1839 3337 1942 3392 hac
1977 3335 2146 3391 Isaias

2323 3328 2386 3379 Ὢ
2421 3327 2668 3398 μακαρία
2703 3328 2862 3400 ῥίζα·
2907 3330 3070 3385 πόθεν
3097 3332 3303 3403 ταύτην
3333 3332 3651 3404 ἐϐλάστησε;
3685 3330 3806 3402 Περὶ

546 3418 816 3489 propheta
852 3435 1004 3475 more
1051 3421 1367 3479 hirundinis
1402 3425 1819 3479 submurmurat
1847 3428 2001 3497 ignea
2036 3429 2144 3481 lin-

2253 3420 2499 3490 ταύτηςὸ
2540 3425 2829 3493 προφήτης
2871 3423 3100 3488 Ἡσαΐας
3133 3425 3208 3488 ὡς
3237 3425 3457 3498 χελιδὼν
3498 3426 3719 3488 κελαδεῖ,
3745 3427 3798 3494 τῇ

547 3524 654 3578 gua
697 3511 1014 3566 exclamans
1044 3529 1057 3564 :
1099 3511 1362 3583 Exsurge!
1396 3517 1544 3586 virga
1582 3517 1646 3571 de
1688 3518 1867 3571 radice
1895 3517 2066 3583 Jesse,
2095 3529 2144 3574 et

2253 3514 2462 3584 πυρίνῳ
2511 3514 2728 3587 γλώττῃ
2781 3514 2918 3584 βοῶν
2949 3533 2962 3545 ο
3016 3519 3455 3585 Ἀναστήσεται
3498 3517 3691 3588 ράἰὸος
3733 3515 3792 3566 ἐκ

549 3599 649 3666 ﬂos
673 3598 737 3652 de
767 3599 945 3654 radice
965 3601 1240 3666 ascendet,
1269 3613 1318 3657 et
1344 3607 1625 3676 requiescet
1651 3624 1810 3678 super
1829 3627 1946 3663 eum
1971 3609 2144 3682 Spiri-

2253 3606 2358 3675 τῆς
2375 3605 2546 3674 ῥίζης
2588 3608 2830 3673 Ἰεσσαὶ,
2861 3611 2958 3663 καὶ
2985 3610 3172 3676 ἄνθος
3193 3613 3262 3665 ἐκ
3293 3612 3406 3682 τῆς
3436 3613 3577 3682 ῥίζης
3600 3605 3783 3669 ἀναὸιί·

553 3696 636 3741 tus
659 3689 864 3742 timoris
890 3688 989 3743 Dei
1033 3691 1071 3743 ¹.

2253 3713 2418 3752 σεται
2440 3739 2455 3762 ,
2489 3699 2587 3752 καὶ
2617 3699 3035 3756 ἀναπαύσεται
3081 3704 3176 3756 ἐπ’
3207 3704 3406 3775 αὐτὴν
3451 3703 3660 3772 Πνεῦμα
3698 3697 3788 3768 ςέ-

2250 3791 2358 3844 ϐου
2394 3791 2564 3845 Θεοῦ.
2913 3837 2916 3840 -

2333 3883 2428 3935 Ἐκ
2463 3883 2562 3953 τῆς
2616 3883 2773 3954 ῥίζης
2802 3883 2859 3936 δὲ
2900 3886 3098 3939 Ἰεσσαὶ
3135 3887 3301 3940 Δαὸὶδ
3343 3889 3371 3942 ό
3414 3887 3680 3958 βασιλεὺς,
3719 3878 3799 3934 καὶ

2248 3977 2313 4028 ἐκ
2341 3975 2442 4045 τῆς
2473 3976 2643 4046 φυλῆς
2681 3977 2842 4030 Δαόὶδ
2871 3978 2964 4031 τοῦ
2995 3979 3258 4050 βασιλέως
3296 3983 3329 4052 ή
3380 3981 3512 4050 ἁγία
3545 3976 3797 4051 Παρθένοςι

2248 4067 2428 4139 ἡόσία
2467 4067 2574 4121 τῶν
2626 4070 2790 4122 ὁσίων
2842 4071 3051 4144 ἀνδρῶν
3103 4072 3384 4145 Θυγάτηρ,
3437 4070 3504 4146 ἦς
3553 4073 3597 4125 οἱ
3649 4069 3801 4137 γονεῖς

2262 4161 2522 4231 Ἰωακεὶμ
2553 4162 2647 4214 καὶ
2686 4163 2854 4216 Ἀννα
2880 4205 2894 4229 ,
2929 4165 3125 4228 οἵτινες
3157 4165 3215 4217 ἐν
3269 4168 3334 4237 τῇ
3383 4165 3492 4235 ζωῇ
3543 4160 3707 4218 αὐτῶν
3741 4155 3803 4226 τῷ

622 3865 700 3922 De
735 3867 920 3924 radice
953 3867 1109 3926 Jesse
1142 3879 1296 3927 ortus
1324 3880 1409 3928 est
1439 3889 1535 3929 rex
1577 3873 1765 3944 David,
1803 3885 1856 3932 et
1895 3879 1962 3935 de
1998 3881 2144 3935 tribu

551 3958 698 4029 regis
730 3957 950 4016 Davidis
978 3970 1168 4015 sancta
1201 3961 1388 4034 Virgo,
1425 3975 1636 4032 sancta,
1659 3967 1902 4038 inquam,
1935 3980 1988 4024 et
2017 3988 2146 4026 san-

551 4056 766 4104 ctorum
797 4051 1035 4106 virorum
1069 4053 1198 4118 lilia,
1222 4055 1381 4124 cujus
1404 4068 1660 4125 parentes
1692 4060 1910 4115 luerunt
1936 4061 2145 4117 Joacim

550 4150 604 4196 et
638 4141 831 4208 Anna;
867 4144 960 4214 qui
993 4145 1213 4214 quidem
1272 4149 1326 4200 in
1379 4149 1489 4202 vita
1519 4167 1616 4205 sua
1653 4150 1762 4207 Deo
1797 4154 2144 4222 placuerunt,

552 4242 717 4306 atque
768 4237 932 4291 etiam
979 4238 1216 4293 fructum
1263 4240 1535 4309 ejusmodi
1585 4245 1986 4313 germinarunt,
2015 4263 2145 4302 san-

552 4335 697 4383 ctam
731 4330 1000 4399 virginem
1030 4330 1281 4400 Mariam,
1315 4336 1576 4403 templum
1605 4337 1772 4392 simul
1813 4348 1869 4393 et
1914 4349 2143 4394 matrem

556 4417 670 4473 Dei.
701 4418 913 4476 Joacim
944 4438 1129 4491 porro,
1157 4422 1315 4477 Anna
1348 4433 1396 4480 et
1433 4425 1619 4494 Maria,
1652 4429 1703 4482 hi
1749 4438 1861 4486 tres
1893 4431 2148 4484 Trinitati

556 4509 737 4579 palam
789 4514 1123 4566 sacriﬁcium
1172 4516 1350 4570 laudis
1399 4519 1722 4574 offerebant.
1754 4520 1964 4576 Joacim
2000 4525 2146 4577 enim

558 4602 958 4670 interpretatur
1001 4609 1326 4672 pra‘paratio
1360 4607 1592 4674 Domini,
1624 4627 1690 4667 co
1739 4613 1885 4682 quod
1936 4630 2002 4668 ex
2057 4615 2150 4669 illo

2249 4252 2368 4325 Θεῷ
2398 4254 2774 4325 εύηρέστησαν
2797 4295 2810 4319 ,
2847 4255 2896 4307 οἶ
2933 4257 3025 4309 καὶ
3058 4256 3266 4327 καρπὸν
3297 4255 3538 4310 τοιοῦτον
3571 4254 3802 4318 ἐϐλάστη-

2253 4365 2384 4412 σαν,
2421 4347 2520 4418 τὴν
2567 4347 2726 4417 ἁγίαν
2763 4349 3039 4420 Παρθένον
3068 4351 3320 4422 Μαρίαν,
3374 4351 3498 4405 ναὸν
3534 4348 3658 4402 θεοῦ
3690 4342 3800 4416 ὁμοῦ

2251 4440 2344 4492 καὶ
2403 4440 2650 4511 μητέρα·
2701 4441 2958 4512 Ἰωακεὶμ
3007 4442 3063 4495 δὲ
3123 4443 3218 4496 καὶ
3266 4445 3436 4496 Ἀννα
3486 4443 3581 4494 καὶ
3626 4437 3799 4507 Μαρία.

2250 4537 2298 4588 οἱ
2326 4539 2477 4606 τρεῖς
2503 4538 2568 4606 τῇ
2621 4536 2812 4607 Τριάδι
2856 4537 3043 4606 σαφῶς
3082 4536 3525 4608 ἐλειτούργησαν.
3585 4531 3802 4595 Ἰωακεὶμ

2252 4627 2360 4698 γὰρ
2394 4628 2758 4699 ἑρμηνεύεται
2796 4629 3110 4697 ἑτοιμασία
3137 4630 3362 4698 Κυρίου
3383 4647 3396 4660 ·
3441 4629 3500 4692 ἐξ
3536 4625 3688 4680 αὑτοῦ
3717 4620 3798 4690 γὰρ

558 4702 924 4761 praeparatum
976 4697 1048 4746 sit
1097 4698 1358 4767 templum
1413 4700 1667 4769 Domini,
1720 4721 1916 4775 nempe
1958 4705 2144 4777 Virgo.

2254 4715 2559 4786 ήτοιμάσθη
2595 4717 2722 4779 ναὸς
2753 4718 2958 4788 Κυρίου
2989 4719 3022 4785 ἡ
3058 4718 3351 4788 Παρθένος.
3388 4718 3557 4772 Ἀννα
3589 4717 3641 4770 δὲ
3673 4712 3798 4766 πάλιν

556 4783 714 4838 Anna
768 4799 988 4840 rursum
1047 4786 1302 4843 similiter
1352 4793 1530 4861 gratia
1577 4793 1992 4866 interpretatur,
2023 4814 2154 4868 pro-

557 4884 745 4947 pterea
797 4878 942 4948 quod
971 4876 1183 4934 Joacim
1235 4890 1290 4936 et
1323 4884 1480 4938 Anna
1529 4887 1761 4956 gratiam
1799 4900 2149 4960 acceperunt,

561 4978 618 5022 ut
653 4971 1040 5027 accedentibus
1068 4975 1324 5043 precibus
1373 4979 1535 5031 talem
1587 4977 1824 5034 fructum
1872 4983 2152 5052 germina--

561 5071 703 5124 rent,
753 5072 998 5118 sanctam
1026 5063 1305 5138 Virginem
1361 5068 1562 5140 adepti.
1615 5070 1824 5126 Joacim
1875 5075 2148 5145 siquidem

563 5153 889 5222 precabatur
937 5157 989 5209 in
1046 5169 1251 5223 monte,
1280 5166 1331 5213 et
1363 5163 1520 5214 Anna
1552 5162 1605 5215 in
1635 5162 1793 5218 horto
1835 5179 1958 5220 suo.
1993 5164 2150 5219 Anna

565 5259 694 5297 vero
738 5245 958 5316 gravida
995 5247 1208 5314 elfecta,
1242 5251 1442 5305 crclum
1484 5262 1536 5307 et
1573 5253 1829 5308 thronum
1886 5257 2148 5312 cherubi-

565 5350 688 5390 cum
720 5339 952 5407 peperit,
987 5351 1232 5397 sanctam
1280 5345 1520 5414 puellam
1557 5345 1807 5401 Mariam.
1861 5348 1954 5403 llla
2003 5351 2150 5406 enim

566 5431 874 5498 reperietur
907 5450 1030 5488 esse
1070 5436 1295 5500 ccelum,
1333 5440 1596 5508 templum
1649 5450 1702 5495 et
1736 5441 1991 5508 thronus,
2024 5445 2152 5513 quia

567 5519 789 5576 Mariam
824 5523 1174 5597 interpretari
1203 5530 1446 5587 solemus
1467 5533 1760 5600 dominam,
1797 5542 1960 5608 atque
1985 5535 2149 5592 etiam

641 5697 657 5727 ί
683 5695 791 5749 lsa.
821 5715 894 5764 xi,
934 5704 982 5769 1,
1014 5706 1068 5764 2,

2254 4805 2454 4874 ὁμοίως
2484 4806 2658 4875 χάρις
2687 4807 3051 4878 ἑρμηνεύεται
3074 4825 3086 4838 ’
3127 4810 3287 4880 χάριν
3320 4809 3427 4880 γὰρ
3457 4808 3644 4861 ἔλαϐεν
3681 4805 3794 4856 Ἰωσ-

2256 4895 2386 4964 κε“ιμ
2417 4897 2512 4948 καλ⁵
2543 4897 2733 4961 Ἀννα,
2768 4894 2854 4952 ἵνα
2875 4901 3115 4951 τοιοῦτον
3144 4899 3488 4969 βλαστήσωσι
3515 4896 3713 4970 καρπὸν
3732 4889 3789 4943 διά

2257 4990 2592 5060 προσευχῆς,
2627 4991 2726 5061 τὴν
2774 4983 2934 5060 ἁγίαν
2967 4992 3244 5061 Παρθένον
3277 4994 3629 5064 κτησάμενοι.
3681 4989 3790 5040 Ἰωα-

2256 5081 2388 5152 κεὶμ
2419 5081 2526 5154 γὰρ
2559 5084 2618 5135 ἐν
2649 5083 2726 5154 τῷ
2753 5085 2866 5156 ὄρει
2913 5085 3253 5158 προσηύχετο
3279 5127 3292 5150 ,
3332 5087 3425 5140 καὶ
3463 5087 3626 5141 Ἄννα
3667 5085 3716 5134 ἐν
3739 5074 3794 5141 τῷ

2257 5175 2573 5247 παραδείσῳ
2602 5177 2792 5249 αὐτῆς.
2844 5167 3248 5250 Κυοφορήσασα
3289 5180 3346 5234 δὲ
3380 5180 3548 5234 Ἄννα
3569 5219 3583 5242 ,
3611 5168 3794 5245 οὐρανὸν

2255 5267 2351 5322 καὶ
2381 5267 2569 5338 θρόνον
2609 5269 2927 5340 χερουϐικδν
2963 5270 3146 5334 ἔτεκε,
3187 5272 3288 5343 τὴν
3331 5272 3494 5339 ἁγίαν
3522 5271 3676 5341 κόρην
3698 5263 3794 5316 Μα-

2258 5360 2400 5431 ρίαν.
2429 5360 2575 5430 Λῦτη
2606 5362 2715 5433 γὰρ
2743 5363 2972 5436 οὐρανὸς
2997 5365 3090 5416 καὶ
3116 5364 3243 5428 ναὸς
3270 5366 3361 5418 καὶ
3385 5364 3572 5437 θρόνος
3596 5358 3796 5429 εὑρίσκε-

2253 5469 2366 5506 ται.
2421 5452 2484 5505 Ἦ
2517 5453 2625 5526 γὰρ
2675 5455 2863 5527 Μαρία
2913 5457 3275 5528 ἑρμηνεύεται
3323 5459 3528 5526 κυρία,
3563 5451 3683 5509 ἀλλὰ
3722 5441 3795 5498 καὶ

2253 5543 2449 5612 ἐλπίς.
2495 5545 2705 5621 Κύριον
2734 5547 2844 5620 γὰρ
2898 5547 3052 5603 ἔτεκε
3077 5592 3091 5617 ,
3127 5550 3226 5622 τὴν
3265 5551 3453 5605 ἐλπίδα
3493 5548 3581 5603 τοῦ
3630 5535 3792 5597 stath
