3988 6404
297 336 391 394 48Ἱ
494 398 497 401 _
980 339 1268 395 liOMlLlA
1308 340 1371 397 ν.
1414 342 1479 396 ΙΝ
1519 339 1792 400 LAUDES
1831 345 2128 404 SANCT/E
2182 351 2422 410 MARUE
2467 357 2809 417 DEIPARAﬁ.

3419 376 3525 437 690

299 458 490 526 κόσμου
543 452 787 525 Χριστόν.
857 454 1244 527 Ἑρμηνεύεται
1308 462 1469 514 πάλιν
1522 464 1581 515 16
1638 466 1824 536 Μαρία

1951 483 2112 534 spem.
2145 468 2358 539 Peperit
2405 475 2549 529 enim
2599 476 2908 546 Dominum,
2944 487 3033 553 qui
3082 498 3165 542 est
3195 505 3321 557 spes
3353 496 3523 555 totius

293 548 518 616 σμύρνα
554 547 893 614 θαλάσσης·
932 549 1177 619 σμύρναν
1205 551 1261 605 δὲ
1293 555 1435 624 ἐρεῖ,
1486 555 1514 605 ὃ
1549 557 1640 608 καὶ
1680 559 1843 628 φημὶ,

292 641 413 711 περὶ
449 639 765 703 ἀθανασίας,
799 640 879 692 ὅτι
908 640 1110 710 ἤμελλε
1142 642 1232 694 τὸν
1260 643 1526 698 ἀθάνατον
1571 649 1845 719 μαργαρί-

293 749 383 803 την
408 730 607 784 τίκτειν
635 730 690 783 ὲν
722 733 788 801 τῇ
816 729 1088 803 θαλάσσῃ,
1122 733 1397 788 τουτέστιν
1434 737 1494 789 ἐν
1525 737 1602 807 τῷ
1635 739 1844 812 κόσμῳ.

290 822 560 878 Θάλασσαν
588 821 640 875 δὲ
673 824 789 893 ἐρεῖ
816 822 907 877 τὸν
946 822 1161 877 ἅπαντα
1200 826 1439 896 κόσμον,
1474 822 1519 897 ᾧ
1551 832 1583 901 ἡ
1634 831 1845 901 Παρθέ-

288 932 369 980 vo;
408 914 644 987 γαλήνην
692 915 1001 987 ἐδωρήσατο
1026 957 1040 981 ,
1074 914 1167 971 τὸν
1212 918 1404 991 λιμένα
1437 924 1669 978 τεκοῦσα
1714 928 1845 998 Χρι-

288 1012 419 1066 στόν.
453 1011 749 1083 Τοιγαροῦν
806 1012 966 1068 πάλιν
1020 1013 1121 1083 τῆς
1174 1015 1378 1086 σεμνῆς
1429 1018 1598 1090 κόρης
1629 1021 1844 1090 Μαρίας

167 1149 175 1161 ,
285 1100 629 1175 ἑρμηνεύεται
667 1102 728 1156 16
758 1096 1028 1175 μα’κάριον
1062 1104 1232 1176 ὄνομα
1254 1147 1266 1168 ,
1298 1108 1657 1179 φωτιζομένη
1680 1153 1694 1178 ,
1723 1113 1843 1183 ἥτις

284 1192 541 1263 ἐφωτίσθη
567 1193 713 1263 παρὰ
741 1186 833 1247 τοῦ
863 1193 996 1247 Υἱοῦ
1022 1195 1116 1249 τοῦ
1147 1196 1281 1251 Θεοῦ
1300 1237 1316 1260 ,
1348 1199 1443 1252 καὶ
1462 1200 1691 1270 ἐφώτισε
1717 1204 1841 1266 τοὺς

283 1262 661 1350 πιστεύσαντας
722 1287 802 1349 είς
854 1286 922 1339 τὰ
975 1288 1187 1358 πέρατα
1214 1290 1314 1359 τῆς
1365 1292 1470 1361 γῆς
1503 1262 1587 1363 ’τῇ
1627 1262 1835 1365 Τριάδιί

282 1368 494 1447 Τριάδος
524 1376 629 1449 γὰρ
677 1375 862 1458 νύμφη
898 1378 1129 1449 ὑπάρχει
1156 1381 1188 1450 ἡ
1220 1379 1353 1448 ἁγία
1395 1382 1656 1448 Θεοτόκος
1703 1387 1837 1458 κόρη

163 1516 170 1545 ἶ
281 1458 481 1538 Μαρία,
529 1466 591 1520 16
644 1456 991 1540 πανόιρρητον
1023 1468 1127 1539 τῆς
1170 1472 1479 1542 οἰκονομίας
1510 1456 1833 1545 κειμήλιονέ

282 1559 406 1629 πρὸς
448 1559 514 1628 ῆν
547 1559 576 1612 6
612 1558 849 1631 Γαϐριὴλ
875 1576 889 1592 ·
924 1560 1122 1628 Χαῖρε,
1163 1568 1636 1633 κεχαριτωμένη,
1663 1572 1695 1621 ό
1733 1573 1841 1624 Κύ-

162 1724 165 1731 _
270 1666 392 1718 ριος
431 1653 582 1718 μετὰ
612 1648 750 1704 σοῦ.
804 1651 1143 1725 ’Υπέμνησεν
1180 1656 1207 1708 6
1236 1655 1509 1727 Γαϐριὴλ,
1544 1657 1637 1710 καὶ
1662 1660 1690 1711 6
1728 1660 1837 1714 Πα-

277 1742 371 1811 τὴρ
412 1740 702 1808 οὐρανόθεν
737 1743 1034 1814 ἀρραϐῶνα
1080 1742 1144 1797 16
1184 1745 1406 1817 Πνεῦμα
1448 1747 1508 1801 16
1547 1748 1699 1816 ἅγιον
1728 1751 1835 1803 ἀπο

1948 559 2160 624 nmndi,
2200 577 2395 633 nempe
2415 563 2717 622 Christum.
2749 570 2986 628 Rursum
3022 592 3219 635 nomen
3251 582 3382 639 illud
3409 585 3515 641 Ma-

1948 650 2027 699 ria
2056 648 2447 719 interpretatur
2476 658 2689 726 myrrha
2720 664 2901 717 maris.
2955 663 3225 737 Myrrham
3258 689 3387 730 vero
3422 676 3523 731 ali-

1947 740 2073 807 quis
2110 743 2254 797 dicet
2294 745 2479 815 (quod
2510 765 2609 819 ego
2643 752 2805 806 etiam
2839 755 2965 827 aio)
2993 758 3058 812 de
3091 762 3523 831 immortalitate.

1946 844 2011 884 eo
2068 833 2211 899 quod
2261 837 2502 904 paritura
2555 851 2700 896 esset
2753 859 3020 912 gemmam
3062 852 3420 911 immortalem
3465 860 3519 914 ir.

1946 923 2104 986 mari,
2139 923 2241 977 hoc
2279 936 2361 982 est
2394 929 2446 982 in
2478 933 2701 987 mumlo.
2730 933 2876 989 Marc
2912 948 3092 993 autem
3127 942 3269 997 (licet
3303 947 3521 1003 univer-

1946 1029 2066 1067 sum
2114 1017 2396 1081 mundum,
2425 1022 2510 1075 eui
2551 1023 2710 1094 Virgo
2749 1031 3093 1086 serenitatem
3127 1043 3181 1088 et
3210 1039 3522 1107 tranquilli-

1944 1113 2105 1161 tatem
2135 1112 2387 1177 contulit,
2412 1114 2538 1168 dum
2565 1129 2778 1186 portum
2818 1126 3023 1191 peperit
3044 1125 3347 1186 Christum.
3374 1131 3519 1186 Rura-

1942 1210 2063 1250 sum
2099 1198 2283 1270 itaque
2312 1205 2584 1271 praeclara:
2609 1211 2802 1277 puella:
2832 1210 3015 1269 Maria:
3056 1215 3277 1272 beatum
3320 1236 3519 1277 nomen

1942 1288 2341 1359 interpretatur
2371 1295 2666 1364 illustrata,
2698 1309 2888 1370 utpote
2915 1320 3038 1374 quae
3082 1307 3349 1364 illustrata
3391 1313 3461 1366 sit
3492 1328 3519 1366 a

1942 1375 2080 1433 Filio
2108 1378 2223 1445 Dei,
2254 1391 2307 1437 et
2345 1395 2574 1444 cunctos
2620 1392 2905 1449 credentes
2943 1411 3116 1465 usque
3145 1400 3212 1451 ad
3254 1403 3519 1456 terminos

1940 1478 2099 1528 terra:
2149 1473 2401 1531 Trinitati
2449 1479 2853 1538 illuminaverit.
2900 1483 3098 1542 Sancta
3146 1490 3290 1545 enim
3340 1495 3517 1562 puclla
3614 1488 3619 1493 ’

1912 1565 2105 1639 ‘Virgo
2136 1569 2305 1625 Maria
2337 1581 2421 1628 est
2448 1590 2650 1645 sponsa
2672 1576 2973 1648 Trinitatis,
3005 1590 3057 1637 et
3082 1583 3376 1641 thesaurus
3403 1588 3518 1643 dis-

1941 1661 2279 1726 pensationis
2348 1664 2507 1733 plane
2573 1682 2829 1736 arcanus,
2880 1673 2968 1726 cui
3022 1672 3239 1731 Gabriel
3292 1677 3513 1747 inquit:

1941 1751 2066 1813 Ave,
2101 1754 2280 1821 gratia
2310 1755 2486 1822 plena,
2532 1755 2791 1813 Dominus
2818 1763 3042 1817 tecum'.
3082 1764 3376 1834 Subjunxit
3411 1770 3517 1823 Ga-

277 1831 518 1897 έστειλεν,
559 1834 856 1905 ὠρμήσατο
889 1836 988 1908 τὴν
1026 1836 1301 1908 Παρθένον
1350 1842 1429 1902 είς
1455 1840 1544 1893 16v
1579 1845 1827 1914 μονογενῆ

1942 1841 2125 1907 briel,
2184 1853 2236 1897 et
2268 1843 2432 1900 Pater
2484 1849 2627 1903 misit
2676 1851 3038 1909 arrhabonem
3074 1855 3140 1911 de
3171 1859 3310 1912 coelo
3346 1859 3519 1929 Spiri-

276 1926 392 1979 Υἱον
414 1969 427 1991 ,
462 1925 711 1998 οὐράνιον
744 1924 999 1996 νύμφην,
1035 1928 1102 1998 ἢν
1152 1929 1179 1981 6
1230 1931 1419 2003 Πατὴρ
1463 1932 1775 2003 ἠγάπησεν,
1809 1938 1837 1988 ό

274 2016 391 2079 Υἱὸς
422 2015 661 2087 ὲνῴκησε
688 2056 701 2079 ,
731 2016 792 2070 τὸ
837 2018 990 2085 ἆγιον
1032 2018 1255 2090 Πνεῦμα
1294 2022 1649 2092 ἐπεπόθησεν.
1686 2025 1835 2095 Αὕτη

274 2109 372 2180 γὰρ
402 2107 582 2180 νύμφη
619 2108 713 2161 καὶ
765 2109 976 2172 παστὰς
999 2151 1013 2167 .
1058 2111 1152 2164 καὶ
1189 2113 1255 2164 ὲκ
1300 2112 1501 2182 ταύτης
1547 2116 1575 2167 6
1607 2116 1835 2185 νυμφίος

274 2197 693 2268 ἐκπορευόμενος
708 2196 943 2268 Χριστὸς
963 2238 977 2261 ,
999 2197 1061 2251 16
1087 2198 1411 2271 παρθενικδν
1440 2202 1662 2274 ἔνδυμα,
1694 2206 1833 2258 κατὰ

273 2286 361 2358 τὴν
402 2285 491 2341 τοῦ
543 2287 826 2359 προφήτου
869 2287 1034 2340 Δαϐὶδ
1071 2289 1364 2359 μελῳδίανο
1411 2292 1506 2343 Ἐν
1560 2292 1639 2358 τῷ
1683 2296 1835 2361 ἡλίῳ

271 2368 423 2430 ἔθετο
449 2376 513 2431 τὸ
538 2376 835 2450 σκήνωμα
878 2378 1059 2433 αὐτοῦ
1080 2420 1092 2443 ,
1130 2380 1225 2432 καὶ
1260 2379 1443 2444 αὐτὸς
1468 2382 1547 2447 ὡς
1576 2384 1834 2452 νυμφίος

268 2453 724 2531 ἐκπορευόμενος
754 2466 821 2518 ἐκ
850 2466 1088 2521 πηστοῦ
1116 2467 1322 2522 αὑτοῦ.
1361 2463 1432 2520 Ὦ
1465 2466 1696 2538 νυμφίου
1732 2466 1832 2520 πό-

266 2551 347 2615 θος
376 2554 633 2622 ἁγνείαςί
676 2555 773 2625 τὴν
827 2555 963 2608 ἰδίαν
1010 2555 1235 2626 δούλην,
1289 2554 1540 2625 νύμφην.
1579 2556 1667 2607 καὶ
1722 2572 1828 2623 μη-

264 2642 384 2714 τέρα
433 2646 675 2718 ὁρμᾶται
710 2646 738 2698 6
789 2646 1064 2717 Γαϐριὴλ·
1098 2646 1354 2716 πρόξενος
1392 2648 1491 2714 τῆς
1549 2645 1826 2716 Παρθένου

264 2733 463 2803 ἐγένετο
486 2779 499 2800 ,
531 2736 768 2809 ούρανοῦ
814 2737 907 2791 καὶ
957 2738 1059 2808 γῆς
1113 2739 1398 2792 συνάπτων
1437 2734 1498 2790 16
1535 2736 1784 2807 θυμίαμα
1812 2755 1825 2768 ’

263 2825 323 2896 ἢν
357 2828 630 2899 προφῆται
670 2828 852 2898 σαφῶς
887 2829 1229 2900 ὑπέγραψαν,
1256 2828 1349 2882 τοῦ
1378 2828 1556 2898 γάμου
1603 2828 1700 2899 τὴν
1730 2829 1826 2882 τά-

265 2912 335 2982 ξιν
370 2922 707 2991 κηρύξαντες
730 2961 743 2983 ,
780 2921 896 2985 πῶς
929 2923 960 2991 ἡ
992 2922 1261 2990 Παρθένος
1285 2921 1531 2993 οὐράνιος
1574 2918 1824 2993 εὑρίσκει

264 3028 340 3065 ται
379 3013 555 3086 νύμφη
604 3013 745 3084 ὁμοῦ
794 3032 852 3067 τε
905 3017 998 3068 καὶ
1046 3016 1262 3087 μήτηρ,
1297 3018 1329 3085 ἡ
1370 3015 1436 3068 τὰ
1487 3014 1592 3085 πρὸ
1647 3016 1826 3084 γάμου

264 3097 390 3177 δῶρα
405 3107 647 3162 λαϐοῦσα
676 3106 735 3161 τὸ
762 3106 916 3176 ἆγιον
943 3106 1188 3179 Πνεῦμα,
1222 3109 1419 3179 προῖκα
1456 3106 1512 3160 δὲ
1539 3105 1629 3160 τὸν
1659 3102 1823 3178 οὖρα-

266 3195 342 3249 νον
373 3198 497 3270 ὁμοῦ
526 3218 585 3257 τε
622 3199 721 3255 καὶ
747 3200 1091 3270 παράδεισον.

338 3474 527 3549 Ἐζήτει
561 3470 666 3532 οὖν
699 3475 825 3529 ἰδεῖν
848 3478 879 3546 ἡ
900 3468 1174 3546 Παρθένος
1202 3475 1260 3527 ὂν
1290 3473 1493 3529 ἐπόθει.
1527 3474 1622 3524 καὶ
1650 3470 1821 3538 ἔλεγε·

262 3562 354 3622 Ποῦ
382 3573 408 3624 6
446 3571 689 3641 νυμφίος
725 3563 785 3623 οῦ
818 3568 878 3621 16
922 3567 1113 3646 κάλλος
1165 3567 1344 3629 ποθῶ;
1373 3554 1478 3619 ποῦ
1525 3566 1584 3618 16
1632 3564 1826 3626 κάλλος

260 3660 338 3714 τοῦ
383 3662 525 3734 ἡλίου
572 3660 1003 3732 λαμπρότερονς
1039 3658 1141 3712 ποῦ
1177 3659 1278 3727 τῆς
1312 3661 1491 3727 πάσης
1522 3656 1823 3728 εὐμορφίας

257 3746 283 3821 ἢ
317 3753 675 3824 ἀνεκλάλητος
728 3748 890 3816 δόξας
940 3751 1041 3804 ποῦ
1081 3750 1142 3804 16
1188 3750 1450 3805 ἄσϐεστον
1480 3748 1624 3818 φῶς,
1666 3747 1692 3800 ὃ
1724 3764 1823 3799 που

255 3836 406 3900 θοῦσα
433 3847 580 3918 ζητῶ
609 3864 631 3909 ;
673 3844 774 3899 ποῦ
804 3848 831 3899 ὁ
854 3845 1004 3916 ἥλιος
1032 3843 1088 3908 ὃς
1131 3845 1325 3898 ἀκτῖνα
1357 3843 1538 3912 ζητεῖ;
1575 3840 1676 3894 ποῦ
1715 3839 1823 3892 τῶν

253 3936 528 4007 χερουϐεὶμ
576 3940 611 4009 ή
669 3935 904 4006 κιθάρα;
958 3935 1061 3988 ποῦ
1108 3935 1215 3989 τῶν
1267 3932 1537 4004 σεραφεὶμ
1566 3932 1628 3986 16
1669 3931 1821 3985 ἀκοί-

257 4043 408 4097 μητον
445 4029 600 4099 ὄμμα
650 4026 914 4098 Χριστός;
957 4023 1060 4079 ποῦ
1088 4018 1199 4078 τῶν
1229 4024 1474 4095 ἀγγέλων
1503 4022 1538 4093 ὴ
1583 4020 1824 4092 προσκύ-

252 4124 419 4187 νησις,
449 4120 513 4191 ἢν
546 4120 575 4173 6
609 4116 858 4189 Γαϐριὴλ
899 4119 1169 4187 ἐμήνυσες
1199 4114 1301 4170 ποῦ
1333 4118 1361 4170 6
1395 4116 1555 4185 μόνος
1595 4112 1690 4168 τοῦ
1729 4115 1825 4185 μό-

252 4226 332 4262 νου
364 4213 661 4282 μονογενὴς
694 4210 825 4273 Υἱὸς
853 4208 945 4263 τοῦ
975 4209 1187 4282 Πατρὸς
1212 4248 1225 4272 ,
1275 4208 1334 4261 ὃν
1361 4209 1393 4277 ἡ
1421 4205 1696 4277 Παρθένος
1724 4223 1821 4259 πο-

251 4289 425 4362 θοῦσα,
456 4302 551 4355 καὶ
580 4290 816 4370 φιλοῦσα
849 4299 983 4372 ὁμοῦ
1009 4317 1068 4352 τε
1095 4300 1188 4351 καὶ
1218 4290 1453 4367 ζητοῦσα
1476 4294 1816 4359 donatum;

251 4387 375 4457 ’πρὸς
397 4392 461 4463 ἣν
484 4390 512 4443 6
549 4388 800 4460 Γαϐριὴλ
825 4407 837 4420 ·
874 4388 1048 4456 Χαῖρε
1067 4432 1079 4453 ,
1127 4385 1586 4457 κεχαριτωμένη.
1638 4386 1701 4438 Ἠ
1729 4386 1821 4456 χά-

1946 1940 2058 1986 tum
2094 1942 2371 2001 sanctum;
2403 1943 2723 2009 praeparavit
2760 1940 3035 2013 Virginem
3069 1949 3519 2019 unigenitoFilio,

1943 2024 2152 2078 ccclesti
2176 2040 2399 2094 sponso,
2432 2044 2593 2097 quam
2624 2030 2783 2086 Pater
2813 2031 3022 2099 dilexit,
3048 2035 3219 2093 Filius
3244 2040 3518 2093 inhabita-

1943 2115 2038 2175 vit,
2071 2113 2310 2185 Spiritus
2338 2129 2559 2176 sanctus
2582 2125 2904 2193 percupivit.
2937 2126 3054 2195 Ipsa
3077 2138 3159 2183 est
3182 2131 3325 2184 enim
3349 2145 3515 2200 spon-

1943 2220 1999 2259 sa
2031 2216 2081 2260 et
2112 2208 2407 2271 thalamus,
2444 2221 2496 2264 et
2519 2227 2584 2265 ex
2610 2227 2671 2266 ea
2699 2229 2937 2283 sponsus
2968 2219 3213 2285 procedit
3235 2220 3508 2281 Christus.

1942 2293 2244 2362 virgineum
2286 2297 2857 2369 indumentum,juxta
2885 2320 3104 2359 suavem
3140 2307 3360 2363 Davidis
3384 2323 3511 2378 pro-

1936 2385 2115 2453 pheta:
2139 2389 2444 2444 cantionem
2467 2390 2557 2442 :ln
2582 2393 2689 2444 sole
2708 2396 2881 2455 posuit
2905 2395 3301 2451 tabernaculum
3332 2386 3507 2455 διιῖοηι.

1933 2475 1984 2522 et
2013 2466 2120 2532 ipse
2149 2476 2397 2537 tanquam
2440 2482 2662 2536 sponsus
2685 2469 2968 2534 procedens
2996 2471 3060 2521 de
3090 2469 3325 2523 thalamo
3360 2475 3503 2523 suo”.

1935 2558 1981 2614 0
2022 2558 2210 2628 sponsi
2246 2558 2579 2613 desiderium
2632 2573 2859 2612 summa:
2900 2559 3187 2627 puritatis!
3236 2564 3509 2629 prepriam

1936 2652 2209 2715 ancillam,
2252 2664 2507 2720 sponsam
2541 2658 2594 2705 et
2627 2658 2850 2703 matrem
2903 2650 3005 2703 sibi
3054 2650 3355 2717 despondet
3407 2650 3513 2704 Ga-

1937 2743 2071 2799 hriel
2114 2742 2342 2799 elici-tus
2393 2742 2716 2795 conciliator
2768 2739 3028 2809 Virginis,
3082 2741 3206 2796 οωιί
3255 2750 3309 2797 et
3354 2751 3511 2796 teme

1935 2832 2219 2891 incensum
2275 2844 2440 2903 atque
2486 2830 2856 2888 summentum
2885 2848 2993 2887 una
3033 2835 3318 2903 copulans,
3347 2849 3508 2903 quam

1933 2924 2153 2994 quidem
2198 2923 2472 2993 Virginem
2521 2923 2801 2993 propheta
2873 2923 3021 2978 clare
3079 2923 3506 2993 descripserunt.

1933 3016 2062 3070 dum
2103 3015 2463 3084 praedicarunt
2490 3014 2682 3069 seriem
2713 3006 3025 3082 nuptiarum
3068 3015 3345 3079 nimirum,
3373 3029 3511 3084 (ιιιοι

1933 3108 2097 3162 modo
2126 3107 2292 3177 Virgo
2323 3107 2596 3161 invenitur
2623 3120 2746 3161 esse
2770 3106 3010 3160 ccelestis
3048 3120 3248 3174 sponsa
3294 3112 3348 3160 et
3389 3119 3508 3159 ma-

1881 3193 1895 3211 ¹
1931 3210 2032 3263 ter,
2057 3215 2198 3269 quae,
2225 3198 2491 3252 donorum
2512 3197 2963 3266 antenuptialium
2981 3196 3223 3259 nomine,
3245 3195 3505 3265 Spiritum

1929 3302 2178 3347 sanctum
2210 3290 2440 3361 accepit,
2473 3292 2618 3347 dotis
2646 3305 2773 3347 vero
2806 3292 3004 3361 gratia,
3029 3292 3228 3346 coelum
3254 3304 3361 3347 una
3380 3306 3504 3347 cum

1933 3382 2210 3452 paradiso.

1999 3472 2285 3539 Quaerebat
2316 3473 2484 3544 igitur
2515 3473 2681 3544 Virgo
2725 3473 3041 3544 conspicere
3070 3489 3231 3542 quem
3286 3473 3504 3529 deside-

1926 3567 2105 3629 rabat,
2139 3565 2395 3635 inquiens
2433 3584 2446 3618 :
2482 3563 2586 3619 Ubi
2617 3572 2702 3620 est
2747 3581 2984 3635 sponsus
3025 3564 3183 3633 cujus
3208 3563 3507 3633 pulchritu-

1926 3657 2108 3713 dinem
2138 3658 2377 3727 exopto?
2403 3657 2493 3711 ubi
2518 3664 2604 3712 est
2631 3654 2979 3727 pulchritudo
3003 3655 3120 3710 sole
3146 3654 3509 3724 splendidior?

1926 3752 2017 3805 ubi
2048 3752 2218 3806 totius
2252 3751 2437 3806 formm
2464 3752 2631 3822 gloria
2662 3749 2987 3805 inell'abilis?
3020 3748 3112 3803 ubi
3151 3750 3333 3804 lumen
3361 3751 3506 3818 quod

1926 3844 2201 3913 “stingui
2230 3844 2440 3913 nequit,
2476 3841 2622 3912 quod
2671 3857 2768 3911 ego
2818 3856 3032 3896 summo
3075 3857 3196 3895 cum
3237 3841 3508 3896 desiderio

1923 3932 2188 4002 requiro?
2218 3934 2312 3987 ubi
2344 3934 2427 3988 sol
2457 3933 2550 4002 qui
2584 3933 2798 3986 radium
2832 3932 3109 4001 exquirit?
3139 3932 3228 3986 ubi
3264 3933 3506 4002 ipsorum

1924 4023 2209 4078 cherubim
2259 4024 2510 4077 cithara?
2553 4024 2645 4077 uhi
2692 4023 2882 4078 oculus
2916 4023 3191 4093 seraphim
3224 4040 3503 4094 nunquam

1922 4111 2201 4167 dOrmiens
2230 4112 2518 4167 Christus?
2560 4112 2652 4166 ubi
2700 4113 3018 4181 angelorum
3070 4114 3316 4167 ailoratio
3342 4130 3503 4183 quam

1923 4202 2140 4259 Gabriel
2181 4203 2476 4259 indicavit?
2502 4204 2589 4258 ubi
2625 4204 2774 4259 solus
2799 4219 2862 4258 ac
2891 4204 3062 4259 solius
3092 4203 3271 4259 Patris
3314 4207 3497 4277 unige-
3554 4244 3559 4249 ι

1922 4299 2072 4353 nitus
2096 4294 2466 4367 Filius,quem
2487 4297 2653 4365 Virgo
2685 4305 2954 4366 exoptans
2985 4298 3247 4358 redamat,
3281 4301 3504 4367 perqui-

1922 4403 2050 4443 rens
2083 4389 2319 4443 salutat?
2373 4387 2472 4443 Cui
2520 4388 2738 4442 Gabriel
2779 4390 2856 4442 ait
2885 4408 2898 4444 :
2926 4388 3051 4451 Ave.
3089 4388 3289 4452 Maria,
3326 4391 3502 4459 gratia

252 4482 380 4551 Ριςή
412 4481 728 4553 ἀπέραντος
755 4478 853 4552 τῆς
883 4479 1041 4547 ἁγίας
1063 4472 1364 4550 Παρθένου.
1404 4477 1599 4545 Χαῖρε,
1640 4494 1819 4546 κεχα-

1934 4478 2103 4543 plena,
2134 4475 2319 4533 Gratia
2365 4489 2568 4534 saneta:
2615 4477 2855 4549 Virginis
2901 4487 2985 4534 est
3036 4481 3324 4536 immensa.
3375 4481 3502 4544 Are,

243 4570 519 4641 ριτωμένη
539 4615 554 4638 ,
593 4569 806 4625 πολλῶν
839 4570 1047 4642 ἀρετῶν
1084 4569 1611 4641 κατακεκοσμημένη
1637 4611 1651 4635 ,
1683 4568 1821 4640 λαμ-

248 4660 628 4731 παδηφοροῦσα
666 4654 909 4732 Παρθένε
972 4652 1033 4712 16
1070 4660 1333 4714 ἄσϐεστον
1366 4659 1457 4713 τοῦ
1492 4658 1643 4731 ἡλίου
1680 4660 1820 4732 λαμ-

245 4752 498 4825 πρότερον
549 4754 689 4822 φῶς.
724 4753 900 4822 Χαῖρε
922 4794 935 4815 ,
984 4755 1422 4822 κεχαριτωμένη
1444 4795 1457 4815 ,
1492 4752 1587 4806 τοῦ
1626 4751 1817 4823 νοητοῦ

246 4841 532 4917 ἀγκίστρου
565 4843 631 4898 τὸ
663 4843 854 4913 δέλεαρ
877 4861 889 4873 ·
929 4845 986 4895 ὲν
1034 4843 1116 4897 σοὶ
1151 4840 1259 4915 γὰρ
1306 4844 1599 4913 ἄγκιστρον
1639 4846 1673 4916 ἠ
1702 4845 1818 4898 θεό-

242 4934 354 5003 ῗης.
384 4935 561 5002 Χαῖρε
582 4976 596 4996 ,
621 4933 1058 5004 κεχαριτωμένη
1079 4973 1092 4995 ,
1202 4932 1366 5005 νοερὰ
1401 4932 1500 5002 τῆς
1549 4930 1706 5005 δόξης
1733 4951 1818 4987 κι-

246 5018 408 5089 ϐωτός
427 5042 441 5056 ο
482 5024 682 5094 Χαῖρε,
712 5025 1171 5093 κεχαριτωμένη,
1197 5024 1229 5094 ή
1285 5022 1520 5094 στάμνος
1548 5023 1582 5094 ἡ
1615 5024 1811 5095 χρυσῆ,

247 5110 303 5166 16
327 5115 575 5185 οὐράνιον
603 5115 801 5186 ἔχουσα
832 5113 1025 5185 μάννα.
1059 5113 1255 5182 Χαῖρε,
1288 5114 1747 5183 κεχαριτωμένη,
1780 5116 1813 5184 ἡ

250 5202 336 5274 τὴν
380 5206 643 5274 γλυκεῖαν
707 5205 806 5277 τῆς
849 5205 1074 5260 ἀεννάου
1122 5205 1305 5276 πηγῆς
1366 5204 1493 5267 τοὺς
1546 5202 1815 5276 διψῶντας

252 5294 584 5371 ἐμπλήσασα.

306 5387 498 5456 Χαῖρε,
532 5382 972 5457 κεχαριτωμένη
990 5428 1004 5452 ,
1033 5386 1195 5459 νοερὰ
1226 5386 1468 5442 θάλασσα
1489 5427 1503 5451 ,
1531 5384 1626 5440 τὸν
1648 5382 1814 5458 οὐρά-

242 5470 345 5530 νιον
382 5478 585 5551 ἔχουσα
627 5478 969 5551 μαργαρίτην
1016 5479 1250 5551 Χριστόν
1277 5496 1290 5510 ·
1320 5478 1529 5546 Χαῖρε,
1582 5495 1815 5546 κεχαρι-

240 5571 459 5640 τωμένη
481 5610 497 5635 ,
528 5573 559 5619 6
604 5570 852 5642 λαμπρὸς
904 5571 1165 5646 οὐρανὸς,
1201 5571 1236 5641 ἡ
1284 5568 1377 5623 τὸν
1425 5565 1708 5640 ἀχώρητον
1754 5570 1811 5621 ἐν

306 5721 326 5753 ⁸
347 5719 480 5779 Luc.
514 5740 558 5789 ι,
590 5722 681 5777 28.
773 5724 793 5755 ²
815 5722 959 5778 Psal.
989 5738 1140 5789 xvut.
1172 5722 1225 5775 ϐ.

559 5822 834 5883 Ριτιιοι..
866 5822 984 5882 Gn.
1018 5820 1242 5880 XLIII.

1926 4571 2104 4639 gratia
2147 4570 2303 4639 plena
2334 4587 2353 4625 :
2389 4573 2573 4628 multis
2602 4571 2899 4626 virtutibus
2940 4580 3201 4627 exornata
3228 4571 3414 4642 Virgo,
3447 4574 3503 4627 in

1926 4660 2177 4729 lampade
2227 4672 2452 4733 gestans
2513 4663 2686 4718 lucem
2748 4663 3251 4733 inexstinguihilem
3301 4707 3315 4729 ,
3390 4667 3504 4719 sole

1925 4752 2371 4821 splendidiorem.
2414 4755 2535 4816 Ave,
2576 4756 2751 4824 gratia
2779 4756 2952 4823 plena,
2994 4755 3140 4808 hami
3186 4771 3309 4809 esca
3341 4758 3507 4825 Spiri-

1923 4843 2077 4906 talis;
2099 4844 2367 4912 siquidem
2393 4843 2447 4896 in
2473 4851 2526 4899 te
2548 4845 2741 4899 hamus
2760 4853 2842 4901 est
2861 4845 3138 4899 divinitas.
3168 4846 3293 4907 Ave,
3324 4850 3502 4913 gratia

1920 4933 2075 5000 plena
2113 4933 2302 5002 gloriae
2339 4932 2625 5001 spiritalis.
2657 4933 2784 4997 Ave,
2825 4934 3005 5003 gratia
3049 4934 3227 5001 plena,
3271 4948 3393 5002 qua)
3439 4950 3500 4988 es

1922 5038 2061 5078 urna
2112 5038 2279 5077 aurea
2328 5022 2616 5079 continens
2663 5038 2861 5078 manna
2893 5024 3135 5079 caeleste.
3167 5027 3292 5085 Ave,
3322 5027 3498 5093 gratia

1920 5114 2096 5183 plena,
2127 5131 2249 5186 quae
2294 5115 2543 5173 sitientes
2590 5115 2847 5182 perennis
2894 5114 3062 5171 fontis
3095 5116 3383 5173 dulcedine
3408 5131 3498 5171 sa-

1920 5208 2048 5261 tias.

1992 5387 2117 5453 Ave,
2165 5388 2343 5458 gratia
2379 5390 2556 5459 plena,
2614 5405 2763 5448 mare
2802 5391 3066 5461 spiritale,
3109 5391 3314 5445 habens
3349 5405 3501 5460 gemo

1921 5492 2064 5530 mam
2096 5480 2372 5534 cmlestem
2402 5478 2720 5547 Christum;
2749 5482 2874 5544 Ave,
2906 5483 3084 5552 gratia
3108 5483 3283 5551 plena,
3312 5481 3496 5549 splen-

1919 5567 2107 5624 didum
2171 5570 2405 5639 caelum,
2462 5588 2582 5642 quae
2636 5573 2692 5628 in
2761 5574 2917 5629 etelis
2977 5574 3494 5643 incomprehensum

3136 5818 3210 5879 16
