3988 6410
543 413 635 467 όὲὶί
1817 398 2019 451 DUUIA
2061 396 2201 450 AUT
2246 396 2519 452 SPUIlM.
3667 412 3748 469 vn

540 527 789 582 contines
827 526 1019 580 Deum.
1046 533 1168 589 Ave,
1199 524 1373 595 gratia
1402 527 1581 593 plena,
1608 538 1727 593 qua:
1767 522 2117 575 cherubieum

2229 527 2288 576 οὐ
2299 528 2479 593 ρανίλῖς
2516 526 2714 595 ἔχουσα
2742 528 2889 580 Θεόν.
2919 526 3117 595 Χαῖρε.
3154 526 3650 597 κεχαριτωμένη,ἠ
3680 532 3752 582 τὸν

542 620 798 673 thronum
853 618 1159 672 divinitatis
1212 617 1423 685 fulgore
1466 630 1719 685 superas.
1774 614 1899 678 Ave,
1945 616 2123 682 gratia

488 732 491 735 ‘
538 716 714 779 plena,
760 726 881 780 quae
926 712 1050 766 ραιΙί
1099 711 1369 764 circulum
1420 710 1606 771 habes,
1634 715 1687 761 et
1719 706 1888 761 Deum
1924 708 2125 760 incom-

541 806 874 873 prehensum
913 804 965 856 in
990 810 1043 856 te
1081 817 1208 855 vero
1251 800 1732 869 comprehensum.
1786 814 1887 853 nec
1937 807 2122 851 arcta-

541 906 658 949 tum
704 896 975 949 contines.
1027 894 1153 951 Ave.
1198 895 1375 963 gratia
1410 896 1585 961 plena,
1634 892 1808 946 nubes
1858 892 2125 945 columnae

543 985 762 1049 similis,
818 1001 937 1057 quae
992 984 1161 1037 Deum
1212 984 1398 1047 habes,
1446 984 1537 1052 qui
1592 983 1853 1051 populum
1902 981 2127 1034 deduxit

545 1093 639 1147 per
667 1078 963 1132 desertum.
997 1076 1136 1142 Quid
1167 1076 1378 1130 dicam?
1405 1084 1456 1128 et
1494 1075 1623 1143 quid
1656 1074 1985 1143 proloquar?
2017 1089 2125 1143 quo

542 1176 704 1238 pacto
758 1169 967 1224 beatam
1033 1168 1340 1237 prmdicabo
1397 1168 1584 1235 gloriae
1650 1166 1932 1220 radicem?
1998 1166 2126 1219 Solo

542 1261 685 1312 enim
743 1260 851 1313 Deo
897 1271 1143 1327 excepto,
1197 1258 1410 1312 cunctis
1459 1258 1709 1326 superior
1739 1258 1990 1322 exsistit;
2026 1272 2125 1309 na-

543 1359 666 1404 tura
724 1349 1014 1403 formosior
1074 1360 1155 1403 est
1213 1347 1348 1418 ipsis
1400 1348 1706 1411 cherubim,
1758 1348 2030 1418 seraphim
2073 1357 2127 1402 et

541 1439 689 1492 omni
716 1439 957 1492 exercitu
1001 1438 1247 1508 angelico
1289 1456 1301 1490 :
1345 1440 1433 1491 cui
1478 1437 1834 1507 pra'dicanda:
1884 1438 2124 1493 cmlestis

541 1546 604 1585 ac
642 1540 856 1585 terrena
888 1531 1072 1601 lingua
1099 1530 1321 1585 minime
1356 1529 1575 1593 sufficit,
1609 1532 1720 1583 imo
1752 1545 1882 1584 vero
1906 1544 2005 1582 nec
2028 1545 2127 1582 an-

540 1622 804 1691 gelorum.
852 1620 1065 1676 Etenim
1113 1621 1217 1691 ipsi
1266 1620 1485 1690 quidem
1541 1621 1827 1691 hymnum,
1883 1620 2125 1681 laudem,

541 1715 805 1768 honorem
850 1714 1235 1783 protulerunt:
1269 1727 1376 1765 non
1421 1720 1601 1765 tamen
1636 1728 1701 1766 eo
1736 1710 1896 1765 modo
1944 1711 2126 1779 eloqui

544 1820 643 1874 pro
686 1803 950 1872 dignitate
996 1810 1307 1872 potuerunt.
1349 1801 1699 1856 Laetabantur
1751 1816 1879 1855 vero
1926 1802 2124 1870 angeli,

544 1905 805 1965 tanquam
863 1894 967 1963 ipsi
1017 1894 1283 1947 duntaxat
1325 1892 1492 1947 Deum
1547 1892 1807 1945 haberent
1858 1911 1870 1945 :

545 1987 892 2041 sanctissima
929 1983 1091 2056 Virgo
1122 1986 1371 2055 superior
1398 1984 1558 2044 facta.
1597 1983 1761 2037 Deum
1792 1983 2123 2038 habitantem

546 2081 599 2131 in
633 2078 787 2133 cmlis
821 2078 1064 2146 concepit
1101 2077 1156 2131 in
1182 2085 1346 2138 terra,
1388 2084 1446 2130 ut
1477 2075 1581 2129 hac
1604 2076 1815 2130 ratione
1848 2076 2124 2131 exercitus

545 2171 862 2239 angelorum
910 2169 1153 2223 traheret
1187 2168 1242 2221 in
1278 2175 1502 2231 terram,
1546 2176 1599 2221 et
1639 2178 1953 2221 versaretur
1998 2182 2123 2221 cum

544 2260 883 2315 hominibus.
923 2258 1044 2329 Ipsa
1084 2260 1227 2314 enim
1255 2267 1339 2314 est
1372 2258 1495 2313 ειειί
1534 2265 1589 2312 et
1620 2268 1778 2313 terrae
1813 2259 2121 2321 mediatrix,

544 2366 665 2421 quae
693 2351 953 2405 unionem
1006 2351 1328 2405 naturaliter
1372 2351 1600 2419 peregit.
1651 2348 1695 2405 0
1744 2350 1900 2403 beata
1934 2348 2121 2419 Virgo,

542 2442 795 2497 columba
849 2456 981 2509 pura
1029 2448 1082 2494 et
1127 2454 1327 2509 sponsa
1376 2440 1616 2493 cmlestis
1659 2436 1849 2497 Maria.
1899 2438 2121 2501 cmlum,

546 2532 803 2601 templum
847 2539 900 2584 et
936 2530 1167 2583 thronus
1211 2529 1538 2591 divinitatis,
1576 2544 1699 2599 quae
1739 2538 2122 2584 coruscantem

547 2625 599 2675 in
634 2622 772 2675 coelo
815 2628 868 2674 et
907 2620 961 2674 in
992 2629 1137 2675 terra
1177 2621 1346 2675 solem
1382 2620 1549 2675 habes
1592 2620 1901 2685 Christum;
1953 2621 2125 2675 nubes

552 2712 749 2775 lucida,
782 2727 902 2781 qua
952 2711 1134 2781 fulgur
1188 2711 1255 2766 de
1298 2711 1439 2764 cmlo
1469 2711 1869 2765 lucidissimum
1902 2713 1966 2763 ad
2002 2713 2126 2764 illu-

547 2804 860 2857 minandum
925 2803 1186 2857 mundum
1239 2802 1513 2858 deduxisti
1579 2802 1879 2856 Christum.
1945 2802 2126 2856 Nubes

545 2895 809 2956 scelestis,
840 2910 963 2965 qua:
1000 2896 1299 2949 tonitruum
1344 2893 1583 2964 Spiritus
1621 2894 1797 2948 sancti
1832 2895 1885 2947 in
1923 2911 1981 2948 se
2008 2895 2126 2963 ipsa

544 2985 885 3041 reconditum
916 2985 1143 3038 deduxit
1175 2985 1229 3038 in
1264 2985 1549 3047 mundum,
1581 2995 1633 3039 et
1673 2984 1903 3039 imbrem
1949 2986 2127 3055 Spiri-

547 3086 636 3131 tus
681 3078 855 3131 sancti
904 3078 958 3132 in
1008 3078 1319 3132 universam
1356 3088 1557 3131 terram
1602 3078 1669 3131 ad
1714 3078 2125 3146 producendutn

544 3170 668 3224 fidei
693 3168 928 3224 fructum
961 3185 1086 3225 cum
1115 3170 1317 3239 impetu
1350 3169 1589 3225 demisit.

2227 616 2547 685 χερουϐικδν
2604 617 2793 685 θρόνον
2866 619 2964 687 τῆς
3035 618 3282 686 θεότητος
3341 617 3752 689 ὲξαστρὰπτουσα.

2226 705 2426 772 Χαῖρε,
2462 706 2903 774 κεχαριτωμένη
2925 747 2938 767 ,
2969 706 3167 758 κύκλον
3198 706 3391 776 ἔχουσα
3428 707 3655 777 οὐρανοῦ,
3681 714 3755 758 καὶ

2226 799 2358 851 Θεὸν
2394 799 2676 870 ἀχώρητον
2704 838 2719 862 ,
2758 801 2814 852 ὲν
2848 802 2930 851 σοὶ
2974 799 3029 850 δὲ
3058 798 3299 869 χωρητὸν
3323 838 3337 861 ,
3373 798 3463 850 καὶ
3503 798 3758 868 ἀστενοχώ-

2228 908 2411 961 ρητον.
2444 890 2640 957 Χαᾷιε,
2674 889 3116 960 κεχαριτωμένη
3139 928 3153 950 ,
3181 888 3478 958 στυλοειδὴς
3502 887 3675 957 νεφέλη
3697 928 3708 950 ,
3730 890 3756 957 ἡ

2226 983 2316 1034 τὸν
2354 982 2485 1034 Θεὸν
2522 982 2754 1051 ἔχουσα,
2797 983 2887 1033 τὸν
2919 984 2973 1033 ὲν
3008 983 3073 1050 τῇ
3125 981 3313 1051 ἐρήμῳ
3359 980 3447 1031 τὸν
3484 979 3599 1031 λαὸν
3648 978 3758 1029 καθ-

2226 1077 2587 1145 οδηγήσαντα.
2608 1074 2672 1126 Τί
2699 1074 2871 1135 sirm;
2904 1073 2996 1125 xui.
3028 1072 3080 1123 τί
3112 1070 3361 1139 λαλήσως
3386 1071 3495 1131 πῶς
3515 1070 3759 1139 μακαρίσω

2227 1166 2323 1235 τὴν
2349 1165 2627 1236 όλόρριζον
2674 1164 2863 1229 δόξαν;
2913 1165 2994 1215 ὅτι
3034 1163 3201 1232 χωρὶς
3230 1159 3363 1213 Θεοῦ
3397 1160 3547 1229 μόνου
3578 1160 3758 1212 πάντων

2227 1257 2475 1326 ἀνωτέρα
2522 1257 2777 1326 ὑπάρχει.
2812 1255 3166 1325 Καλλιωτέρα
3211 1253 3318 1323 γὰρ
3368 1252 3472 1305 τῶν
3511 1251 3760 1322 χερουϐεἱμ

2228 1350 2322 1401 καὶ
2352 1349 2643 1418 σεραφεὶμ,
2679 1350 2774 1400 καὶ
2812 1348 2989 1417 πάσης
3026 1348 3283 1417 στρατιᾶς
3319 1346 3549 1414 πέφυκεν
3578 1345 3759 1413 ἀγγελι-

2228 1442 2330 1510 κῆς
2351 1458 2362 1469 ·
2392 1440 2525 1508 πρὸς
2552 1442 2616 1509 ἣν
2664 1439 2892 1511 οὐρανοῦ
2937 1440 3030 1491 καὶ
3056 1439 3162 1508 γῆς
3191 1439 3288 1490 οὐκ
3318 1438 3596 1508 ἐπαρκέσει
3620 1437 3758 1503 γλῶτ-

2228 1548 2334 1591 τα,
2379 1532 2522 1600 τάχα
2560 1530 2617 1583 δὲ
2661 1529 2783 1582 οὐτε
2833 1529 3102 1597 ἀγγέλων.
3135 1529 3243 1581 Καὶ
3292 1528 3397 1599 γὰρ
3443 1528 3583 1580 αὐτοὶ
3626 1526 3759 1597 ὕμνον

2228 1623 2323 1674 καὶ
2369 1617 2516 1674 αἶνον
2561 1621 2656 1675 καὶ
2690 1622 2853 1691 τιμὴν
2904 1621 2997 1673 καὶ
3043 1619 3199 1683 δόξαν
3231 1620 3629 1689 προσήνεγκαν·
3670 1618 3758 1669 ἀλλ’

2227 1702 2351 1767 οὐτε
2408 1714 2551 1766 οὓτω
2597 1716 2717 1766 κατ’
2751 1713 2908 1778 ἀξίαν
2957 1714 3131 1764 εἰπεῖν
3184 1710 3425 1780 ἴσχυσαν.
3461 1709 3761 1780 Ἐχαιρονδὲ

2229 1806 2471 1875 ἄγγελοι,
2505 1807 2581 1868 ὡς
2611 1806 2767 1859 αὐτοὶ
2804 1805 2961 1875 μόνον
2990 1804 3081 1857 τὸν
3111 1803 3242 1856 Θεὸν
3278 1804 3485 1872 ἔχοντες
3504 1842 3515 1863 ,
3545 1801 3665 1871 πρὸς
3689 1800 3761 1862 οὓς

1921 1893 2120 1963 quibus
2155 1887 2197 1945 Β
2225 1902 2257 1970 ὴ
2286 1898 2525 1967 παναγία
2551 1897 2826 1966 Παρθένος
2857 1895 3107 1965 ἁνωτέρα
3144 1894 3355 1962 πέφυκε
3378 1935 3391 1959 ,
3422 1894 3508 1946 τὸν
3553 1894 3669 1945 Θεὸν
3692 1892 3760 1943 τόν

2230 1993 2288 2044 ἐν
2316 1990 2530 2060 οὐρανῷ
2562 1989 2654 2041 ἐπὶ
2680 1989 2779 2058 γῆς
2807 1989 3058 2057 κυήσασα
3076 2027 3091 2052 ,
3125 1986 3190 2038 ἵν’
3222 1985 3393 2050 οὓτως
3423 1986 3609 2058 ἑλκύσῃ
3636 2003 3761 2055 στρα-

2226 2080 2349 2142 τιὰς
2391 2079 2640 2147 ἀγγέλων
2668 2079 2761 2130 ὲπὶ
2804 2078 2908 2147 γῆς
2964 2077 3101 2147 μετὰ
3131 2076 3452 2147 ἀνθρώπων.
3505 2076 3636 2147 Αὕτη
3677 2076 3761 2145 γὰρ

2226 2169 2458 2243 οὐρανοῦ
2502 2170 2598 2223 καὶ
2654 2169 2759 2239 γῆς
2816 2169 3043 2239 μεσίτης
3080 2168 3325 2236 πέφυκεν
3383 2169 3595 2240 ἑνότητα
3638 2169 3760 2235 ποιή-

2229 2278 2389 2315 σασα.
2426 2256 2496 2313 Ὦ
2555 2260 2802 2331 μακαρία
2855 2260 3137 2331 Παρθένε,
3191 2261 3331 2332 ἁγνὴ
3383 2258 3687 2331 περιστερὰ,
3735 2259 3758 2325 ἡ

2225 2350 2473 2421 οὐράνιος
2501 2348 2685 2420 νύμφη
2718 2349 2928 2419 Μαρία,
2962 2349 3192 2421 οὐρανὸς
3223 2350 3319 2404 καὶ
3347 2350 3469 2413 ναὸς
3496 2350 3582 2402 καὶ
3610 2350 3758 2416 θρόνος

2224 2442 2323 2510 τῆς
2354 2438 2640 2511 θεότητος·
2672 2441 2705 2508 ἡ
2755 2439 2845 2491 τὸν
2883 2437 3325 2509 ὲξαστράπτοντα
3359 2441 3415 2492 ὲν
3461 2436 3652 2508 οὐρανῷ
3688 2436 3757 2487 καὶ

2228 2530 2321 2583 ἐπὶ
2368 2532 2471 2601 γῆς
2525 2531 2675 2601 ἥλιον
2706 2530 2905 2599 ἔχουσα
2936 2531 3172 2601 Χριστόν
3194 2548 3207 2561 ο
3246 2533 3281 2602 ἡ
3312 2532 3539 2601 φωτεινὴ
3582 2527 3755 2597 νεφέλη,

2228 2622 2530 2691 πάμφωτον
2585 2621 2872 2692 ἀστραπὴν
2911 2621 2969 2687 ὲξ
3014 2622 3248 2692 οὐρανοῦ
3294 2622 3371 2692 τῷ
3421 2622 3598 2689 κόσμῳ
3630 2636 3755 2672 κατα-

2225 2713 2488 2783 λάμψασα
2515 2714 2781 2783 Χριστόν’
2818 2714 2852 2782 ἡ
2908 2712 3159 2783 οὐράνιος
3192 2714 3423 2783 νεφέλη,
3455 2716 3485 2783 ἡ
3530 2714 3618 2781 τὴν
3642 2712 3754 2782 βρον-

2225 2804 2322 2875 τὴν
2366 2803 2457 2857 τοῦ
2491 2804 2648 2873 ἁγίου
2677 2804 2994 2873 Πνεύματος
3025 2804 3081 2854 ὲν
3118 2804 3289 2875 ἑαυτῇ
3330 2804 3680 2875 κρυ-πετομένην
3699 2799 3753 2867 τῷ

2228 2896 2416 2966 κόσμῳ
2447 2895 2886 2959 καταϐιὸἁσασα,
2917 2896 2950 2965 ἡ
2988 2894 3084 2946 τὸν
3108 2894 3315 2966 ὄμϐρον
3351 2895 3443 2948 τοῦ
3468 2894 3607 2962 ἁγίου
3634 2889 3751 2945 Πνεύ-

2230 3005 2399 3058 ματος
2431 2991 2497 3058 τῇ
2529 2988 2678 3060 πάσῃ
2707 2990 2777 3057 γῇ
2810 2987 2947 3058 πρὸς
3001 2988 3385 3057 καρποφορίαν
3434 2986 3645 3046 πίστεως
3682 2998 3751 3033 κα-

2226 3079 2530 3151 ταράξασα.

614 3265 741 3327 Ave,
789 3264 963 3332 gratia
1001 3265 1176 3330 plena,
1215 3269 1370 3332 porta
1405 3264 1696 3329 cmlorum,
1744 3262 1811 3317 de
1862 3278 1965 3334 qua
1999 3278 2123 3334 pro-

2302 3256 2494 3325 Χαῖρε.
2530 3260 2997 3327 κεχαριτωμένη,
3025 3261 3059 3330 ἡ
3082 3259 3224 3331 πύλη
3258 3259 3365 3313 τῶν
3396 3256 3630 3329 οὐρανῶν,
3655 3249 3750 3321 περὶ

543 3358 708 3427 pheta
737 3358 1066 3411 vociferatus
1089 3364 1195 3419 est,
1225 3356 1311 3410 his
1339 3356 1521 3411 verbis
1547 3357 1561 3385 ¹
1592 3374 1606 3410 :
1636 3355 1770 3410 Ecce
1797 3368 1951 3425 porta
1971 3359 2124 3411 clau-

544 3465 627 3508 sa,
668 3456 718 3501 et
768 3448 948 3500 nullus
1000 3446 1327 3516 ingredietur
1372 3463 1464 3516 per
1503 3463 1642 3511 eam,
1681 3463 1773 3501 nec
1810 3449 2123 3518 egredietur,

542 3549 893 3610 praeterquam
927 3541 1179 3593 Dominus
1204 3540 1345 3593 Deus
1368 3540 1546 3601 solus;
1570 3550 1616 3593 et
1639 3542 1737 3595 erit
1764 3552 1918 3610 porta
1940 3544 2126 3594 clausa

545 3633 690 3695 duci,
724 3632 851 3701 quia
866 3629 975 3681 dua:
1010 3630 1121 3698 ipse
1152 3628 1443 3692 vocabitur,
1475 3639 1525 3683 et
1552 3631 1607 3683 in
1639 3631 1814 3697 ipsum
1840 3632 2124 3699 sperabunt

547 3739 725 3777 omnes
760 3733 953 3794 qentes.

616 3891 692 3947 De
721 3892 823 3947 hac
858 3903 1012 3963 porta
1041 3894 1208 3950 etiam
1249 3896 1303 3950 in
1336 3896 1578 3953 Canticis
1608 3898 1870 3968 propheta
1920 3900 1975 3953 in
2005 3899 2119 3955 dis-

548 3998 712 4039 cursu
744 3986 1012 4041 oratiouis
1049 3987 1210 4056 plane
1251 3996 1306 4043 et
1348 3998 1534 4059 aperte
1577 3992 1921 4062 proloquitur
1956 3993 2124 4047 incla-

547 4090 704 4130 mans
734 4096 747 4130 :
794 4075 995 4132 Hortus
1028 4080 1305 4135 conclusus
1360 4098 1513 4136 soror
1535 4100 1672 4147 mea,
1699 4099 1911 4151 sponsa,
1938 4086 2122 4139 hortus

544 4166 844 4230 conclusus,
902 4168 1017 4236 fons
1069 4170 1308 4238 signatus
1351 4172 1395 4225 ’.
1444 4170 1644 4227 Mansit
1706 4173 1759 4226 in
1814 4173 2124 4243 virginitate

546 4263 736 4309 sancta
776 4264 829 4310 et
871 4258 1130 4325 praeclara
1180 4259 1358 4327 puella
1410 4259 1599 4326 Maria,
1652 4276 1772 4330 qua:
1817 4272 1902 4318 est
1949 4263 2122 4318 nubes

548 4349 748 4413 lucida,
777 4348 985 4403 habens
1022 4351 1167 4405 intus
1201 4350 1370 4404 Deum
1403 4350 1640 4407 Verbum
1679 4372 1691 4407 :
1731 4353 1797 4407 ad
1832 4368 1995 4424 quam
2027 4369 2122 4408 vo-

547 4439 860 4493 calissimus
899 4438 1067 4495 Isaias
1119 4460 1133 4494 :
1191 4440 1322 4495 Ecce
1362 4442 1522 4497 nubes
1573 4445 1723 4508 levis,
1766 4456 1817 4498 et
1864 4447 2028 4499 veniet
2066 4447 2121 4499 in

554 4527 845 4597 Egyptum
878 4529 932 4582 ³ι
972 4545 1130 4585 mons
1156 4533 1469 4588 nullatenus
1510 4535 1755 4602 incisus,
1786 4547 2117 4608 praeruptam

548 4619 757 4673 habens
807 4625 1012 4688 pen-am
1068 4621 1389 4690 Christum;
1439 4625 1507 4679 de
1539 4642 1644 4695 qua
1682 4629 2121 4699 sapientissimus

547 4709 738 4764 Daniel
770 4710 845 4765 ait
883 4728 896 4764 :
929 4712 1208 4766 Abscissus
1246 4724 1324 4768 est
1367 4716 1503 4784 lapis
1533 4717 1597 4771 de
1630 4730 1805 4772 monte
1857 4722 1969 4776 sine
2010 4740 2125 4777 ma-

546 4802 701 4856 nibus
720 4801 757 4860 ‘.
796 4802 900 4856 hoc
944 4811 1029 4857 est
1053 4804 1258 4873 absque
1294 4805 1414 4858 viro
1444 4807 1671 4862 solidam
1721 4818 1929 4879 petram
1963 4812 2124 4867 Chri-

548 4904 691 4951 stum
725 4893 886 4964 Virgo
924 4896 1153 4964 peperit,
1186 4897 1302 4965 ipsa
1334 4898 1593 4967 templum
1641 4901 1868 4955 minime
1899 4918 2124 4973 cumpo-

547 4986 735 5051 situm,
797 5000 917 5053 qua:
966 4984 1200 5054 lapidem
1260 4987 1540 5041 cmlestem
1601 4987 1765 5044 habet
1813 4991 2119 5056 Christum,

545 5075 663 5143 ipsa
706 5075 879 5130 nubes
922 5076 1368 5139 tonitruiformis,
1416 5093 1538 5147 qum
1575 5078 1756 5150 fulgur
1794 5081 2029 5137 interius
2065 5084 2117 5137 in

548 5174 703 5221 utero
749 5173 953 5235 gestat;
1011 5170 1361 5237 sermonique
1410 5184 1532 5222 meo
1590 5179 1885 5225 attestatur
1936 5172 2119 5227 divina

547 5256 850 5325 Scriptura,
885 5255 1014 5307 dum
1044 5256 1118 5309 ait
1159 5273 1172 5308 :
1218 5255 1404 5309 Venter
1443 5266 1561 5309 tuus
1611 5274 1826 5311 acervus
1866 5259 2122 5326 frumenti

544 5349 773 5401 vallatus
798 5347 852 5399 in
878 5346 1003 5399 (iliis
1040 5348 1083 5400 ⁵.
1114 5346 1233 5416 Ipsa
1253 5358 1337 5402 est
1358 5364 1485 5417 ager
1514 5349 1735 5403 minime
1771 5350 1973 5416 cultus,
2001 5365 2123 5419 quae

548 5436 783 5492 Verbum
820 5438 966 5491 velut
988 5452 1217 5507 granum
1262 5439 1519 5495 frumenti
1559 5441 1579 5472 ⁸
1604 5441 1931 5509 suscipiens,
1958 5444 2120 5495 etiam

548 5530 880 5599 manipulum
909 5533 1251 5603 germinavit.
1303 5532 1423 5601 Ipsa
1480 5534 1731 5587 clibanus
1770 5534 2118 5587 intellectua-

550 5616 636 5684 lis,
682 5635 803 5687 quae
851 5622 1028 5691 ignem
1081 5631 1136 5677 et
1177 5623 1301 5676 vita:
1330 5638 1524 5691 panem
1568 5624 1824 5679 habebat.
1876 5624 1993 5692 Ipsa
2035 5634 2119 5678 est

2226 3345 2295 3421 ἧς
2346 3351 2374 3402 ὀ
2433 3353 2721 3421 προφήτης
2779 3353 3021 3421 κέκραγε
3082 3352 3299 3420 λέγων·
3358 3351 3504 3405 Ἰδοὺ
3548 3351 3582 3416 ἠ
3624 3346 3748 3407 πύλη

2228 3442 2625 3511 κεκλεισμένη
2650 3486 2664 3507 ,
2689 3444 2786 3497 καὶ
2818 3444 3017 3510 οὐδεὶς
3054 3446 3471 3499 εἰσελεύσεται
3491 3442 3557 3495 δι’
3584 3434 3745 3501 αὐτῆς.

2228 3534 2368 3589 οὺῶὸ
2408 3535 2825 3600 ἐξελεύσεται,
2856 3539 2906 3590 εί
2942 3536 3029 3606 μὴ
3071 3538 3293 3604 Κύριος
3330 3539 3364 3590 ὀ
3399 3535 3535 3600 Θεὸς
3573 3532 3744 3600 μόνος·

2227 3628 2329 3681 καὶ
2360 3627 2533 3682 ἔσται
2587 3629 2625 3695 ’ἠ
2678 3630 2841 3695 πύλη
2898 3630 3305 3699 κεκλεισμέγη
3356 3628 3434 3695 τῷ
3478 3620 3736 3696 ﬁrmum.

2226 3715 2378 3769 διότι
2434 3718 2766 3787 ἡγούμενος
2798 3719 2983 3784 αὐτὸς
3013 3718 3410 3787 κληθήσεται,
3455 3718 3545 3772 καί
3577 3716 3643 3778 εἰς
3667 3709 3742 3763 αὑ·

2227 3804 2333 3857 τὸν
2364 3804 2641 3859 ἐλπιοῦσι
2682 3806 2881 3861 πάντα
2909 3806 2983 3860 τὰ
3009 3808 3175 3876 ἔθνη.

2298 3896 2432 3966 Περὶ
2459 3897 2663 3966 ταύτης
2702 3898 2800 3969 τῆς
2850 3898 3025 3970 πύλης
3055 3901 3147 3952 καὶ
3198 3902 3261 3954 ὲν
3296 3905 3406 3965 τοῖς
3450 3901 3658 3971 ’ᾼσμασι
3695 3890 3743 3957 τῇ

2226 3987 2367 4054 λέξει
2397 3990 2425 4041 ό
2464 3991 2747 4059 προφήτης
2797 3990 3011 4059 τρανῶς
3063 3992 3158 4044 καὶ
3213 3994 3403 4062 σαφῶς
3454 3987 3743 4052 καταλέγει-αι

2226 4078 2530 4150 κεκραγώς·
2549 4079 2755 4148 Κῆπος
2773 4082 3221 4151 κεκλεισμένος,
3246 4083 3476 4153 ἀδελφή
3496 4099 3615 4151 μου,
3642 4076 3745 4141 ΠΨ·

2224 4189 2308 4240 φη
2337 4188 2349 4199 '
2390 4171 2587 4241 κῆπος
2634 4174 3094 4243 κεκλεισμένος,
3126 4177 3292 4246 πηγὴ
3340 4166 3742 4245 ἐσφραγισμένη.

2230 4266 2483 4335 Ἔμεινεν
2512 4266 2569 4317 ἐν
2607 4267 2673 4334 τῇ
2733 4265 3003 4337 παρθενίᾳ
3046 4269 3078 4337 ὴ
3132 4266 3263 4335 ἁγία
3304 4269 3397 4321 καὶ
3448 4263 3600 4335 σεμνὴ
3641 4257 3741 4321 κόρη

2224 4356 2416 4424 Μαρία
2436 4394 2451 4419 ,
2484 4358 2516 4425 ἠ
2550 4358 2786 4429 φωτεινὴ
2815 4358 3011 4428 νεφέλη
3033 4399 3047 4421 ,
3083 4359 3115 4429 ὴ
3154 4358 3302 4411 ἔνδον
3334 4358 3521 4429 ἔχουσα
3545 4348 3625 4402 τὸν
3645 4344 3742 4398 Θεὸν

2224 4444 2397 4511 Λόγον
2426 4458 2439 4471 ·
2473 4444 2607 4514 πρὸς
2644 4446 2712 4513 ἢν
2746 4447 2774 4498 ό
2806 4444 3186 4515 μεγαλόφωνος
3231 4447 3485 4508 Ἡσαΐαςο
3540 4437 3653 4495 1όοὺ
3674 4448 3741 4486 νε·

2227 4534 2380 4600 φέλη
2405 4533 2599 4601 κούφη
2622 4573 2636 4597 ,
2661 4534 2757 4586 καὶ
2789 4533 2920 4599 ἣξει
2955 4534 3041 4599 εὶς
3066 4534 3403 4603 Αἴγυπτον·
3442 4533 3500 4585 τὸ
3527 4523 3738 4591 ἀλατόμη’

2155 4594 2197 4648 D
2222 4594 2314 4679 τον
2348 4594 2499 4697 όρος,
2518 4594 2569 4695 ’ἡ
2587 4594 2697 4695 τὴν
2747 4594 3056 4694 ἀκρότομόν
3086 4594 3285 4693 ἔχουσα
3320 4625 3515 4694 πέτραν
3541 4611 3733 4688 Χριστδνν

2228 4717 2357 4787 περ)⁵
2395 4712 2461 4788 ἦς
2504 4718 2533 4768 ὁ
2574 4715 2882 4785 σοφώτατος
2912 4716 3110 4788 Δανιὴλ
3138 4716 3321 4785 λέγει’
3364 4710 3648 4782 Ἁπετμήθη
3670 4700 3736 4757 λί-

2227 4811 2330 4873 θος
2354 4807 2422 4871 ἐξ
2451 4808 2627 4877 ὄρους
2665 4809 2812 4863 ἄνευ
2843 4809 3057 4878 χειρῶν
3077 4827 3089 4840 ·
3124 4812 3423 4873 τουτέστιν,
3455 4809 3569 4861 ἄνευ
3595 4794 3735 4868 ἀνδρὸς

2224 4902 2322 4973 τὴν
2354 4904 2579 4974 στερεὰν
2629 4906 2836 4975 πέτραν
2867 4906 3102 4977 Χριστὸν
3132 4908 3317 4962 ἔτεκεν
3346 4907 3377 4974 ἡ
3426 4887 3727 4971 Παρθένοςνδ

2224 4993 2516 5058 ἁσύνθετος
2546 4996 2704 5059 ναὸς,
2754 4998 2786 5067 ή
2827 4997 2917 5050 τὸν
2960 4998 3212 5068 οὐράνιον
3262 4997 3453 5067 ἔχουσα
3482 4993 3609 5046 λίθον
3641 4982 3732 5054 Χρι“

2230 5087 2351 5136 στὸν
2373 5124 2388 5148 ,
2433 5086 2465 5155 ή
2501 5086 2839 5157 βροντοειδὴς
2870 5090 3063 5160 νεφέλη
3082 5129 3097 5152 ,
3126 5090 3161 5159 ἡ
3208 5092 3309 5158 τὴν
3346 5084 3606 5158 ἀστραπὴν
3629 5073 3735 5127 ἔνδον

2225 5176 2581 5244 κοιλιοφόρως
2618 5176 2939 5245 βαστάσασα
2963 5195 2977 5208 ·
3011 5180 3103 5231 καὶ¹
3130 5182 3398 5251 μαρτυρεῖ
3436 5171 3605 5247 μοιτῴ
3630 5163 3736 5229 λόγῳ

2225 5266 2258 5333 ἡ
2289 5264 2406 5318 θεία
2438 5267 2626 5338 Γραφὴ
2656 5268 2890 5335 λέγουσα
2909 5308 2923 5332 ,
2958 5272 3165 5324 Κοιλία
3191 5289 3307 5324 σου
3336 5266 3578 5337 θημωνία
3601 5258 3735 5312 σίτου

2226 5357 2607 5427 πεφραγμένη
2634 5359 2703 5412 ἐν
2750 5361 2976 5429 κρίνοις
3001 5377 3013 5389 ·
3056 5362 3088 5431 ἡ
3135 5360 3477 5432 ἀγεώργητος
3523 5341 3734 5424 χώρα.ἣ

2224 5447 2316 5501 τὸν
2346 5449 2519 5516 Λόγον
2548 5450 2622 5513 ὡς
2646 5451 2842 5504 κόκκον
2871 5452 3017 5505 σίτου
3037 5453 3300 5524 δεξαμένη
3324 5494 3339 5517 ,
3381 5451 3467 5503 καὶ
3489 5449 3540 5500 τὸ
3561 5441 3734 5513 δράγμα

2227 5534 2574 5606 βλαστήσασα
2598 5581 2610 5603 ,
2643 5541 2676 5608 ἡ
2714 5540 2874 5609 νοερὰ
2910 5541 3160 5606 κλίϐανος
3183 5584 3197 5607 ,
3233 5544 3264 5611 ἡ
3316 5542 3374 5593 τὸ
3407 5538 3506 5606 πῦρ
3548 5533 3627 5585 καὶ
3665 5524 3733 5576 τὸν

2223 5626 2384 5697 ἄρτον
2414 5629 2513 5698 τῆς
2543 5631 2687 5699 ζωῆς
2720 5631 2916 5701 ἔχουσα
2937 5648 2950 5661 ⁸
2982 5634 3013 5702 ἠ
3045 5634 3165 5685 ὁσία
3191 5635 3366 5705 μήτηρ
3394 5628 3478 5682 τοῦ
3514 5620 3730 5686 Σωτῆρθςν

636 5764 867 5825 'Ezcch.
896 5789 1038 5841 κων,
1070 5778 1105 5829 2
1132 5791 1254 5845 sqq.
1332 5778 1351 5807 ¹
1376 5776 1530 5830 Cant.
1566 5794 1637 5844 tv,
1668 5777 1754 5830 12.
1833 5778 1853 5810 ³
1877 5777 1979 5835 lsa.
2006 5795 2122 5845 xu,

2277 5781 2297 5811 ⁸
2317 5780 2451 5837 Dan.
2483 5799 2541 5852 tt,
2568 5786 2657 5839 45.
2737 5788 2757 5816 ³⁸
2777 5787 2934 5842 Cant.
2960 5804 3056 5853 vn,
3084 5790 3137 5841 9..
3218 5790 3234 5819 ⁶
3257 5786 3407 5841 Joan.
3434 5797 3521 5845 xu,
3556 5773 3614 5827 ει
3635 5778 3730 5836 δίιίί·
