3988 6412
277 384 391 443 498

998 383 1290 443 HOMILIA
1326 383 1393 443 V.
1437 381 1505 441 ΙΝ
1558 384 1839 444 LAUDES
1879 385 2178 445 SANCTE
2220 389 2464 447 MARUE
2503 391 2849 452 DEIPARJE.

3464 406 3576 466 ωδ

276 503 315 572 ﬁ
361 499 461 556 τὸν
510 500 683 572 Λόγον
735 500 833 556 τοῦ
870 502 1084 573 Πατρὸς
1136 503 1202 557 ὲκ
1256 503 1350 557 σοῦ
1407 501 1762 575 σαρκωθέντα
1804 518 1887 556 τε-

1992 510 2179 559 sancta
2209 513 2382 559 mater
2417 504 2741 575 Salvatoris,
2768 522 2890 578 quae
2923 506 3159 566 Verbum
3192 507 3373 571 Patris
3405 529 3473 575 ex
3510 531 3575 573 se

276 594 479 660 κοῦσα,
511 594 647 666 πρὸς
674 593 743 667 ἣν
785 594 1013 656 Ἡσαΐας
1032 611 1047 626 ·
1091 593 1239 648 Ἰδοὺ
1278 595 1317 664 ἡ
1348 594 1646 662 παρθένος
1686 594 1756 648 ὲν
1784 610 1881 662 τα-

274 686 422 755 στρί
436 686 582 752 ἔξει,
599 686 699 740 καί
718 684 949 750 τέξεται
968 682 1123 750 υἱὸν,
1138 688 1234 740 καὶ
1252 685 1591 742 καλέσουσι
1608 686 1674 741 τὸ
1691 685 1881 754 ὄνομα

276 776 473 831 αὑτοῦ
493 815 510 840 ,
548 775 948 846 Ἐμμανουήλ.
984 764 1056 828 *Ω
1083 774 1366 847 Παρθένος
1401 774 1534 846 ἁγία
1554 817 1570 842 ,
1602 776 1735 846 άγία
1785 779 1883 849 μή·

278 887 391 942 τηρ
449 869 688 940 Κυρίου·
734 868 984 941 μακαρία
1027 868 1216 941 νύμφη
1248 869 1478 942 Τριάδος
1535 870 1879 943 ἀχωρίστου·

281 960 538 1032 μακαρία
572 960 635 1012 σὺ
666 962 722 1013 ὲν
748 960 1014 1030 γυναιξὶν,
1044 963 1077 1032 ή
1113 961 1352 1015 τεκοῦσα
1381 963 1477 1015 ἐπὶ
1506 963 1613 1034 γῆς
1645 963 1721 1027 ὼς
1754 963 1883 1035 spe-

280 1069 386 1121 φος
417 1052 507 1105 τὸν
532 1052 750 1106 πάντων
798 1052 1024 1124 κτίστην
1073 1053 1243 1107 Θεόν·
1278 1055 1530 1127 μακαρία
1582 1057 1647 1110 σὺ
1684 1057 1742 1109 ὲν
1790 1073 1883 1125 γυ-

278 1144 464 1210 ναιξὶν
483 1187 499 1207 ,
533 1147 567 1216 ή
595 1145 732 1217 μόνη
763 1147 857 1200 ἐπὶ
885 1147 990 1216 γῆς
1021 1148 1275 1219 κυήσασα
1302 1148 1395 1202 τὸν
1427 1148 1678 1219 οὐράνιον
1708 1148 1840 1201 Θεόν
1862 1165 1876 1177 ·

286 1234 542 1307 μακαρία
577 1237 641 1290 σύ
695 1236 754 1288 ὲν
795 1237 1042 1304 γυναιξὶν
1068 1277 1083 1301 ,
1125 1231 1195 1309 ἧς
1245 1237 1486 1308 μασθοὺς
1540 1237 1804 1309 ὲθήλασεν
1853 1239 1883 1291 ό

278 1326 505 1398 τρέφων
551 1326 620 1379 τὰ.
670 1325 995 1398 σύμπαντα·
1031 1329 1280 1401 μακαρία
1310 1331 1375 1385 σὺ
1421 1333 1480 1384 ὲν
1532 1332 1815 1401 γυναιξὶν,
1847 1337 1881 1405 ἡ

281 1417 384 1472 νῦν
431 1420 740 1487 γεννήσασα
776 1418 869 1473 τὸν
898 1420 1030 1473 ποτὲ
1060 1420 1343 1476 πλάσαντα
1373 1422 1530 1494 πηλῷ
1573 1424 1664 1477 τὸν
1706 1424 1883 1495 Ἀδὰμ

280 1509 347 1561 ὲν
395 1506 474 1578 τῷ
519 1507 873 1579 παραδείσῳ,
922 1504 1156 1563 Θεοτόκε
1214 1510 1344 1579 ἁγία
1391 1512 1627 1583 παρθένε
1667 1514 1879 1585 Μαρία.

281 1601 551 1665 Θεοτόκος
578 1601 687 1672 γὰρ
712 1602 979 1674 ὑπάρχεις
996 1644 1011 1668 ,
1053 1598 1088 1675 ή
1114 1603 1207 1658 τὸν
1235 1604 1408 1673 Λόγον
1441 1607 1507 1659 ὲκ
1534 1604 1628 1659 σοῦ
1663 1624 1883 1677 σαρκω-

284 1686 454 1746 θέντα
492 1692 748 1746 τεκοῦσα·
778 1694 1044 1759 Θεοτόκος
1074 1695 1345 1767 ὑπάρχεις
1368 1699 1402 1769 ή
1432 1698 1526 1751 τὸν
1555 1698 1688 1751 Θεὸν
1709 1699 1882 1767 Λόγον

280 1787 347 1838 ὲν
398 1787 578 1858 μορφῇ
609 1786 798 1839 δούλου
837 1788 1125 1858 κυήσασα·
1161 1787 1420 1853 Θεοτόκος
1451 1791 1751 1864 ὑπάρχεις,
1798 1792 1881 1845 ὅτι

281 1850 425 1933 Θεὸν
659 1850 942 1951 δεξαμένη.
983 1876 1338 1959 σαρκωθὲντα
1368 1850 1883 1947 ἔτεκεςί“Θεοτόκος
1914 1850 1959 1907 Β

282 1971 560 2042 ὑπάρχεις
586 1973 618 2042 ή
659 1972 796 2042 μόνη
822 1971 918 2025 τοῦ
948 1973 1115 2044 μόνου
1150 1975 1418 2046 μονογενῆ
1469 1975 1590 2029 raw
1616 1975 1710 2030 τοῦ
1741 1975 1879 2029 Θεοῦ

281 2065 631 2134 γεννήσασα·
670 2064 733 2117 οὐ
781 2064 1118 2137 πρόσκαιρον
1173 2065 1305 2119 Θεὸν
1364 2068 1675 2139 γεννήσασα
1699 2108 1714 2133 ,
1764 2068 1879 2122 ἀλλ’

278 2155 508 2210 αἰώνιον
539 2156 630 2208 τὸν
662 2155 769 2227 πρὸ
798 2155 893 2208 σοῦ
928 2157 1023 2210 καὶ⁴
1054 2152 1273 2212 πάντων
1312 2156 1446 2212 Θεὸν
1465 2199 1479 2224 ,
1534 2161 1599 2212 ἐκ
1626 2159 1721 2214 σοῦ
1758 2177 1883 2231 σαρ-

280 2248 539 2303 κωθέντα
560 2265 576 2279 ·
605 2248 668 2302 τὸ
692 2247 919 2304 ἄσπιλον
946 2249 1243 2328 πρόϐατον,
1273 2251 1307 2322 ή
1332 2248 1422 2304 τὸν
1451 2251 1623 2322 ἀμνὸν
1644 2249 1882 2305 τεκοῦσα

278 2341 526 2414 Χριστόν
554 2359 568 2374 ·
607 2343 640 2403 ἠ
687 2341 921 2414 δάμαλις
972 2344 1006 2414 ἡ
1052 2343 1436 2413 ἀπειρόζυγος,
1464 2345 1498 2415 ή
1538 2343 1630 2397 τὸν
1680 2344 1881 2416 μόσχον

279 2436 601 2506 γεννήσασα
623 2452 635 2465 ’
661 2436 696 2506 ή
728 2434 892 2507 νοερὰ
919 2436 1017 2508 τῆς
1047 2435 1284 2500 πίστεως
1312 2434 1582 2509 τράπεζα,
1616 2439 1651 2508 ή
1686 2437 1776 2493 τὸν
1791 2438 1883 2510 ἄρ·

277 2546 379 2583 τον
413 2529 514 2599 τῆς
542 2528 689 2600 ζωῆς
708 2527 788 2599 τῷ
813 2528 1005 2600 κόσμῳ
1036 2533 1419 2601 χορηγήσασα.

356 2618 426 2670 Τί
464 2617 636 2684 eia-an;
698 2618 790 2671 καὶ
841 2618 894 2672 τί
945 2618 1166 2689 λαλήσω
1221 2619 1321 2690 τὴν
1360 2619 1641 2692 ὁλόρριςον
1687 2620 1880 2688 δόξανς

279 2704 427 2777 Περὶ
455 2700 659 2777 ταύτης
688 2705 785 2776 τῆς
809 2702 961 2770 ὁσίας
984 2707 1154 2778 κόρης
1183 2707 1282 2778 τῆς
1313 2708 1591 2774 ἀείπαιδος
1622 2711 1717 2764 καὶ
1749 2728 1885 2782 παρ-

280 2795 469 2862 θένου,
521 2796 611 2850 διὰ
660 2796 754 2851 τοῦ
804 2799 1084 2869 προφήτου
1132 2798 1383 2867 λέγοντος
1434 2803 1464 2854 ὁ
1506 2802 1636 2866 Θεός
1683 2817 1881 2875 φησιν·

295 2884 403 2942 Ἐκ
436 2887 556 2943 σοῦ
594 2906 695 2958 μοι
741 2888 1130 2953 ἐξελεύσεται
1179 2890 1536 2960 ἡγούμενος,
1577 2892 1685 2946 τοῦ
1732 2893 1883 2947 εἶναι

280 2982 373 3045 εις
402 2978 667 3049 ἄρχοντα
695 2980 765 3033 ἐν
790 2980 871 3046 τῷ
910 2981 1150 3048 Ἰσραήλ
1168 2999 1181 3012 ·
1209 2981 1310 3035 καὶ
1338 2982 1539 3046 ἔξοδοι
1565 2984 1753 3039 αὐτοῦ
1782 2985 1883 3039 ἀπ’

282 3070 487 3141 ἀρχῆς
521 3069 591 3136 ἐξ
639 3070 877 3141 ἡμερῶν
918 3070 1154 3140 αἰῶνος.
1197 3073 1301 3127 Διὰ
1336 3073 1513 3128 τοῦτο
1559 3073 1738 3130 δώσει
1777 3079 1885 3131 αὐ-

285 3163 434 3229 τοὺς
455 3162 568 3228 ἕως
598 3163 807 3231 καιροῦ
837 3165 1185 3233 τικτούσης,
1228 3165 1480 3232 τέξεται,
1525 3166 1624 3220 καὶ
1670 3170 1724 3221 οἱ
1764 3168 1887 3221 ἐπί-

1992 3154 2121 3242 liqui
2150 3172 2389 3242 ﬁliorum
2413 3172 2527 3241 ejus
2556 3181 2923 3226 convertentur
2946 3170 3015 3224 ad
3034 3171 3179 3240 ﬁlios
3204 3169 3406 3237 Israel;
3435 3182 3571 3226 αλια·
3688 3220 3693 3235 ,

285 3258 492 3310 λοιποι
538 3254 659 3308 τῶν
702 3254 984 3324 ἀδελφῶν
1026 3249 1217 3312 αὑτοῦ
1259 3257 1739 3327 ἐπιστρέψουσιν
1786 3257 1886 3311 ἐπὶ

295 3344 440 3411 τοὺς
465 3344 638 3410 υἱοὺς
672 3345 948 3416 Ἰσραήλ·
999 3347 1098 3401 καὶ
1150 3346 1465 3415 στήσεται,
1503 3348 1603 3402 καὶ
1656 3346 1888 3418 ὄψεται,

303 3436 407 3488 καὶ
441 3437 717 3506 ποίμνιον
752 3438 940 3493 αὑτοῦ
969 3439 1040 3494 ὲν
1081 3441 1256 3510 ίσχύϊ
1271 3442 1510 3508 Κύριος.
1548 3436 1619 3494 Ὦ
1646 3442 1891 3514 Παρθὲνε

298 3530 449 3600 ἁγία,
482 3532 659 3602 φωτὸς
696 3534 917 3588 αἰωνίου
967 3535 1288 3607 ὑπάρχουσα
1326 3536 1533 3608 μήτηρ·
1581 3537 1758 3605 φωτὸς
1795 3534 1890 3590 τοῦ

294 3624 633 3701 φωτίσαντος
664 3627 724 3680 ὲν
756 3626 1004 3697 οὐρανοῖς
1034 3627 1134 3691 τὰς
1174 3628 1286 3680 τῶν
1323 3628 1572 3697 ἀγγέλων
1606 3628 1890 3700 στρατιάς·

292 3719 479 3788 φωτὸς
504 3717 599 3772 τοῦ
628 3719 963 3788 φωτίσαντος
991 3721 1100 3775 τῶν
1137 3721 1412 3793 σεραφεὶμ
1439 3721 1501 3775 τὸ
1526 3721 1893 3794 ἁνεκλάλητον

288 3811 488 3882 ὕμμα·
525 3810 702 3881 φωτὸς
724 3811 821 3865 τοῦ
848 3813 1184 3883 φωτίσαντος
1213 3811 1495 3885 λαμπραῖς
1517 3812 1769 3885 λαμπάσι
1801 3814 1894 3867 τὸν

292 3904 483 3975 ἥλιον·
521 3904 700 3975 φωτὸς
729 3904 824 3959 τοῦ
858 3906 1196 3974 φωτίσαντος
1226 3905 1296 3960 τὰ
1324 3906 1537 3979 πέρατα
1571 3906 1674 3976 τῆς
1711 3907 1893 3960 οἰκου-

295 3999 474 4070 μένης
495 4000 561 4070 τῇ
594 3998 787 4070 Τριάδι
809 4014 823 4029 ·
856 3997 1035 4067 φωτὸς
1063 3997 1157 4051 τοῦ
1185 3998 1431 4063 εἰπόντος
1450 4015 1465 4029 ·
1509 3997 1659 4068 Ἐγώ
1682 4000 1800 4069 ειμι
1825 3998 1892 4051 τὸ

292 4089 430 4160 φῶς
464 4089 576 4144 τοῦ
605 4092 839 4160 κόσμου
863 4108 879 4123 ·
914 4090 1095 4161 φωτὸς
1116 4090 1211 4144 τοῦ
1234 4090 1548 4163 εἰρηκότος·
1587 4088 1735 4159 Ἐγὼ
1765 4088 1894 4158 φῶς

293 4186 386 4250 εἰς
429 4182 540 4236 τὸν
587 4184 822 4253 κόσμον
852 4181 1157 4250 ἐλήλυθα·
1195 4181 1372 4251 φωτὸς
1416 4181 1510 4234 τοῦ
1559 4178 1894 4250 ἀναληφθέν-

295 4292 394 4337 τος
423 4276 521 4328 καὶ
549 4274 884 4344 φωτίσαντος
912 4274 971 4327 ἐν
992 4274 1239 4345 οὐρανοῖς
1268 4272 1364 4327 καὶ
1393 4272 1487 4325 ἐπὶ
1520 4272 1625 4341 γῆς
1649 4270 1721 4324 τὰ
1750 4270 1893 4342 σύμ-

298 4382 504 4420 παντα.
534 4360 608 4419 Ὦ
647 4364 887 4435 παναγία
932 4365 1199 4436 Παρθένε,
1241 4366 1276 4436 ή
1328 4363 1589 4437 στρατιάς
1642 4361 1894 4432 ἀγγέλων

300 4457 590 4526 ξενίσασαι
635 4456 797 4511 Ξένον
846 4455 957 4528 γὰρ
998 4456 1186 4527 θαῦμα
1228 4456 1288 4510 ὲν
1330 4456 1602 4527 οὐρανοῖς,
1655 4454 1793 4526 γυνὴ
1833 4453 1896 4507 τὸ

299 4547 422 4617 φῶς
445 4549 506 4601 ὲν
543 4546 816 4614 ἀγκάλαις
856 4545 1173 4616 βαστάσασα
1193 4562 1206 4576 ε
1240 4544 1389 4612 ξένον
1425 4543 1610 4614 θαῦμα
1641 4544 1700 4597 ὲν
1727 4543 1887 4615 οὐρα-

1998 4544 2248 4601 raculum
2288 4543 2343 4597 in
2381 4542 2558 4607 caelis,
2604 4541 2742 4596 alter
2767 4539 3001 4595 thronus
3043 4539 3417 4603 cherubicus;
3469 4546 3595 4594 stiz-
3676 4531 3689 4541 “

298 4642 436 4707 νοῖς,
471 4638 791 4712 χεῳυὸικὸς
819 4639 1007 4710 θρόνος
1039 4637 1225 4710 ἕτερος
1250 4657 1263 4670 ·
1299 4637 1448 4705 ξένον
1472 4638 1658 4709 θαῦμα
1695 4639 1753 4691 ὲν
1797 4637 1892 4690 οὑ-

301 4734 513 4805 ρανοῖς,
542 4731 800 4800 γυναικὸς
826 4731 963 4796 υίὸς,
994 4731 1165 4802 αὐτῆς
1196 4730 1290 4784 καὶ
1314 4729 1424 4784 τῶν
1454 4728 1667 4784 αἰώνων
1711 4729 1894 4802 πατὴρ

298 4823 604 4895 ὑπάρχων·
629 4821 779 4889 ξένον
806 4823 992 4894 θαῦμα
1020 4824 1080 4876 ὲν
1109 4825 1383 4893 οὐρανοῖς,
1418 4821 1695 4894 Παρθένου
1730 4820 1896 4875 θάλα-

301 4933 450 4989 μος,
497 4915 627 4969 Υίδν
682 4913 854 4982 Θεοῦ,
894 4914 1028 4968 Θεὸν
1078 4914 1313 4985 νυμφίον
1368 4911 1569 4983 ἔχουσα
1627 4911 1893 4984 Χριστόν·

300 5009 458 5075 ξένον
504 5006 690 5077 θαῦμα
725 5008 785 5061 ὲν
831 5007 1103 5078 οὐρανοῖς,
1128 5006 1187 5059 τὸ
1223 5004 1420 5076 βρέφος
1451 5004 1553 5073 τῆς
1592 5003 1893 5073 Παρθένου,

300 5101 587 5172 Δεσπότης
608 5099 715 5154 τῶν
748 5099 998 5168 ἀγγέλων
1030 5098 1299 5166 πέφυκεν.
1350 5091 1424 5149 Ὦ
1471 5096 1716 5164 παναγία
1749 5096 1899 5166 Παρ-

305 5194 452 5259 θὲνε,
479 5194 664 5266 μήτηρ
688 5189 784 5244 τοῦ
815 5190 1089 5262 Σωτῆρος,
1125 5191 1158 5260 ή
1195 5190 1286 5243 τὸν
1331 5188 1562 5259 ἄναρχον
1589 5187 1898 5257 γεννήσασα

307 5285 501 5354 Λόγον,
527 5284 622 5338 τὸν
654 5281 747 5337 τοῦ
773 5281 985 5353 Πατρὸς
1009 5280 1297 5353 σύνθρονον
1325 5280 1474 5342 Υἰὸν,
1500 5277 1592 5332 τὸν
1611 5276 1898 5347 ὁμοούσιον

304 5372 405 5429 τοῦ
430 5374 643 5444 Πατρὸς
683 5373 780 5427 καὶ
825 5370 919 5425 τοῦ
967 5370 1122 5439 ἁγίου
1156 5369 1497 5440 Πνεύματος,
1529 5367 1624 5421 τὸν
1661 5366 1901 5437 προαιώ-

310 5482 420 5522 nov
456 5466 555 5518 σὺν
599 5464 778 5534 Πατρὶ
832 5461 927 5515 καὶ
968 5460 1050 5530 τῷ
1103 5460 1242 5531 ἁγίῳ
1279 5458 1580 5530 Πνεύματι,
1631 5458 1724 5511 τὸν
1772 5459 1900 5519 τοὺς

296 5559 573 5631 οὐρανοὺς
626 5554 1053 5627 καμαρὼσαντα,
1098 5553 1189 5607 τὸν
1254 5553 1352 5623 τὴν
1410 5551 1517 5620 γῆν
1575 5550 1897 5622 ἑδράσαντα.

297 5650 508 5719 Χαῖρε,
561 5646 803 5715 παναγία
856 5644 1121 5717 Παρθένε,
1163 5646 1199 5717 ή
1246 5643 1309 5698 τὸ
1363 5643 1474 5714 πῦρ
1505 5642 1605 5713 τῆς
1649 5640 1901 5712 θεότητος

1985 596 2332 651 incarnatum
2367 599 2601 669 peperit.
2635 599 2718 654 Ad
2751 615 2916 670 quam
2965 601 3141 658 Isaias
3182 621 3197 660 :
3262 604 3397 661 Ecce
3427 608 3577 679 virgo

1985 691 2042 743 in
2078 700 2227 745 utero
2258 691 2490 755 habebit,
2525 701 2575 746 et
2596 693 2763 760 pariet
2790 692 2984 763 ﬁlium,
3017 703 3067 748 et
3104 695 3362 751 vocabunt
3386 714 3576 753 nomen

1983 779 2099 849 ejus
2131 778 2453 836 Emmanuel
2483 781 2525 834 ⁸.
2558 780 2603 837 Ο
2631 775 2805 855 Virgo
2849 799 3006 854 pura,
3046 794 3237 840 sancta
3274 795 3449 844 mater
3470 788 3577 845 Do-

1985 872 2141 938 mini,
2175 873 2337 927 beata
2372 890 2575 945 sponsa
2618 874 2907 932 Trinitatis
2948 874 3270 944 individuae,
3316 877 3477 934 beata
3515 886 3575 935 tu

1984 965 2128 1020 inter
2166 968 2446 1033 mulieres,
2495 984 2617 1037 quae
2672 967 2843 1024 Deum
2896 976 2952 1024 et
3007 968 3284 1025 hominem
3328 971 3574 1027 omnium

1985 1066 2290 1113 creatorem
2341 1061 2487 1115 velut
2519 1057 2780 1116 infantem
2816 1061 2871 1114 in
2903 1067 3051 1115 terra
3081 1061 3348 1131 peperisti
3374 1079 3387 1116 :
3416 1063 3576 1118 beata

1985 1156 2043 1201 tu
2076 1146 2219 1202 inter
2245 1148 2530 1213 mulieres,
2553 1166 2676 1220 qua:
2706 1149 2823 1204 sola
2847 1151 2901 1204 in
2929 1159 3075 1205 terra
3099 1149 3269 1206 Deum
3295 1153 3575 1208 caelestem

1984 1239 2283 1308 concepisti
2318 1259 2332 1295 :
2364 1240 2523 1295 beata
2566 1246 2622 1295 tu
2677 1243 2822 1296 inter
2870 1242 3149 1305 mulieres,
3201 1243 3362 1313 cujus
3404 1244 3576 1300 ubera

1986 1332 2137 1386 suxit
2195 1332 2242 1389 is
2303 1332 2398 1402 qui
2450 1336 2549 1389 alit
2604 1337 2884 1391 universa.
2955 1332 3157 1389 Sancta
3207 1335 3376 1392 Maria
3422 1336 3578 1410 virgo

1988 1420 2255 1493 Deipara,
2302 1425 2463 1481 beata
2510 1437 2565 1481 tu
2604 1428 2747 1483 inter
2789 1429 3069 1492 mulieres,
3104 1446 3228 1501 quae
3276 1445 3427 1484 nunc
3479 1445 3571 1500 gca
3628 1451 3633 1455 υ

1986 1514 2156 1571 nuisti
2198 1533 2348 1583 eum,
2400 1520 2501 1589 qui,
2536 1520 2667 1575 olim
2703 1521 2758 1575 in
2791 1523 3046 1592 paradiso
3093 1523 3351 1578 formavit
3401 1520 3575 1577 Adam

1984 1621 2017 1660 e
2073 1606 2211 1661 luto.
2262 1602 2345 1663 Tu
2394 1612 2538 1665 enim
2573 1628 2632 1666 es
2675 1610 2931 1682 Deipara,
2977 1630 3101 1684 qua:
3136 1612 3375 1669 Verbum
3418 1630 3483 1669 ex
3525 1621 3579 1669 te

1987 1698 2340 1753 incarnatum
2380 1703 2639 1771 peperisti
2679 1702 2946 1775 :Dcipara
2977 1703 3224 1771 exsistis,
3253 1722 3374 1776 qua:
3406 1705 3577 1761 Deum

1991 1790 2227 1848 Verbum
2251 1794 2307 1849 in
2341 1793 2517 1848 forma
2548 1797 2692 1851 servi
2719 1797 3051 1867 concepisti;
3078 1798 3308 1868 Deipara
3326 1798 3576 1864 exsistis,

1989 1883 2119 1955 quia
2159 1883 2331 1940 Deum
2361 1883 2601 1940 Verbum
2647 1888 2958 1957 suscipiens
3010 1888 3361 1943 incarnatum
3408 1903 3576 1959 pepe-

1983 1978 2141 2045 risti;
2181 1978 2413 2050 Deipara
2442 1980 2689 2044 exsistis,
2724 1996 2846 2051 quae
2865 1982 2984 2037 sola
3022 1981 3195 2037 solius
3244 1980 3340 2037 Dei
3381 1981 3578 2050 unige-

1983 2070 2161 2125 nitum
2214 2068 2411 2125 Filium
2457 2071 2692 2141 genuisti
2727 2089 2743 2138 ;
2778 2088 2887 2127 non
2952 2081 3365 2142 temporaneum
3407 2071 3580 2127 Deum

1982 2162 2223 2233 genuisti
2257 2177 2319 2219 ex
2383 2170 2438 2218 te
2473 2163 2840 2227 incarnatum,
2871 2164 2966 2219 sed
2995 2172 3282 2227 aeternum,
3310 2161 3403 2233 qui
3454 2170 3580 2217 ante

1985 2262 2037 2309 te
2071 2260 2195 2318 est,
2232 2262 2286 2309 et
2317 2261 2444 2308 ante
2473 2254 2686 2321 omnia,
2720 2252 2851 2309 Ovis
2887 2254 3263 2318 immaculata,
3318 2268 3441 2325 quae
3482 2269 3579 2325 pe—

1984 2345 2126 2416 perit
2161 2360 2363 2415 agnum
2401 2344 2720 2413 Christum;
2771 2345 3010 2414 juvenca
3062 2360 3347 2415 nunquam
3377 2345 3572 2416 jugum

1984 2447 2234 2506 experta,
2280 2451 2404 2506 qua:
2461 2436 2695 2491 vitulum
2730 2437 2953 2507 genuit;
2994 2436 3120 2492 fidei
3172 2450 3362 2491 mensa
3396 2435 3579 2492 intel-

1984 2528 2254 2593 lectualis,
2294 2543 2416 2599 quae
2450 2542 2649 2597 panem
2682 2528 2808 2582 vitae
2843 2527 3052 2583 mundo
3078 2528 3469 2598 suppeditavit.

2059 2621 2201 2686 Quid
2228 2620 2431 2687 dicam,
2471 2626 2526 2674 et
2556 2618 2755 2693 quibus
2805 2619 2993 2676 verbis
3030 2617 3316 2690 explicabo
3347 2619 3577 2690 gloriam

1984 2713 2252 2769 radicitus
2279 2712 2603 2768 fundatam?
2630 2710 2709 2766 De
2741 2712 2845 2767 hac
2881 2719 3075 2768 sancta
3103 2712 3309 2783 puella,
3340 2728 3579 2784 semper,

1987 2802 2237 2873 inquam,
2276 2802 2458 2873 puella
2487 2809 2542 2856 et
2571 2802 2804 2873 virgine,
2829 2801 2973 2858 Deus
3002 2818 3098 2873 per
3121 2803 3441 2874 prophetam
3468 2807 3577 2859 ait:

1988 2893 2075 2948 Ea:
2107 2905 2155 2949 te
2178 2895 2309 2948 mihi
2333 2893 2497 2949 exibit
2522 2894 2653 2958 dux,
2680 2896 2772 2964 qui
2799 2897 2871 2949 sit
2893 2893 3198 2949 dominator
3222 2897 3279 2949 in
3307 2894 3503 2964 Israel,
3528 2907 3582 2951 et

1985 3003 2225 3057 egressus
2247 2987 2361 3055 eius
2397 2986 2462 3040 ab
2488 2987 2641 3041 initio
2673 3004 2705 3041 α
2733 2986 2916 3041 diebus
2933 2988 3286 3053 wternitatis;
3309 2999 3583 3056 propterea

1986 3080 2137 3134 dabit
2166 3097 2253 3134 eos
2303 3096 2467 3149 usque
2506 3079 2575 3132 ad
2611 3089 2813 3147 tempus
2845 3080 3145 3148 parientis;
3173 3081 3370 3149 pariet,
3404 3091 3454 3135 et
3499 3097 3584 3136 re-

1994 3262 2067 3314 bit
2101 3274 2150 3314 et
2189 3260 2405 3323 videbit,
2446 3270 2495 3314 et
2530 3270 2709 3329 pascet
2739 3258 2873 3314 ovile
2920 3276 3073 3313 suum
3107 3262 3164 3314 in
3207 3263 3443 3329 potentia
3467 3262 3584 3317 Do-

1993 3352 2168 3406 minus
2188 3353 2229 3407 ’.
2274 3350 2319 3405 0
2350 3352 2505 3421 virgo
2536 3360 2724 3405 sancta
2762 3349 2901 3405 lucis
2931 3357 3148 3404 mternaa
3185 3357 3381 3416 mater,
3417 3351 3581 3416 lucis,

1994 3444 2241 3513 inquam,
2277 3457 2399 3512 quae
2420 3442 2474 3497 in
2508 3440 2666 3497 cmlis
2697 3441 2969 3496 illuminat
3001 3443 3191 3512 copias
3219 3444 3538 3514 angelorum
3564 3463 3580 3500 :

1993 3537 2154 3601 lucis,
2195 3551 2316 3605 quu-
2357 3534 2631 3589 illumiuat
2666 3534 2909 3603 ipsorum
2960 3534 3237 3603 seraphim
3275 3535 3587 3608 incompre-

1995 3631 2229 3686 hensum
2259 3628 2478 3682 oculum
2505 3645 2520 3696 ;
2556 3627 2720 3692 lueis,
2752 3643 2873 3699 quae
2906 3627 3184 3682 illuminat
3211 3629 3383 3683 solem
3412 3630 3585 3699 splem

1994 3722 2140 3778 didis
2167 3720 2415 3788 facibus;
2454 3720 2618 3783 lucis.
2659 3735 2785 3791 quae
2831 3720 2969 3775 ﬁnes
3013 3727 3175 3775 terrm
3214 3718 3485 3774 illuminat
3517 3720 3600 3779 ad.

1992 3814 2325 3872 credendum
2370 3811 2666 3878 Trinitati;
2702 3812 2863 3875 lucis,
2904 3826 3027 3882 qum
3069 3809 3244 3867 dixit:
3317 3808 3428 3881 Ego
3468 3826 3588 3864 sum

1992 3907 2091 3961 tua:
2119 3905 2364 3960 mundi’:
2399 3905 2560 3969 lucis,
2597 3919 2720 3975 quae
2751 3903 2921 3959 dixit:
2963 3903 3077 3975 Ego
3117 3903 3211 3958 tua:
3242 3904 3299 3958 in
3332 3902 3586 3957 arandum

1993 3997 2188 4051 eeni‘:
2252 3995 2426 4059 lucis,
2479 4009 2602 4064 quae
2650 4002 2935 4063 assumpta
2985 4003 3106 4059 est,
3159 4003 3217 4050 et
3259 3994 3588 4050 illuminavit

1992 4098 2210 4151 cuncta,
2239 4101 2363 4159 qua
2394 4094 2525 4143 sunt
2557 4086 2612 4140 in
2643 4085 2803 4141 caelis
2831 4093 2886 4142 et
2916 4085 2971 4140 in
2999 4093 3169 4140 terra.
3192 4085 3238 4140 0
3260 4084 3427 4156 Virgo
3454 4103 3585 4142 ssn-

1991 4181 2262 4245 ctissima,
2291 4194 2413 4250 quae
2434 4178 2713 4234 exercitus
2742 4178 3062 4249 angelorum
3095 4178 3149 4230 in
3182 4187 3460 4246 stuporem
3487 4178 3573 4232 de.

1993 4269 2237 4326 duxisti!
2266 4266 2608 4339 Stupendum
2647 4266 2792 4322 enim
2818 4273 2905 4321 est
2943 4265 3266 4319 miraculum
3302 4266 3356 4319 in
3389 4267 3573 4323 uelis.

1994 4362 2189 4417 mulier
2216 4362 2419 4416 amicta
2444 4358 2624 4425 sole”;
2666 4357 2996 4428 stupendum
3027 4356 3356 4411 miraculum
3397 4356 3451 4410 in
3477 4371 3588 4413 crr-

1998 4455 2089 4520 lis,
2117 4451 2317 4507 mulier
2345 4457 2566 4522 gestans
2600 4450 2779 4504 lucem
2814 4448 2869 4502 in
2896 4447 3082 4513 ulnis;
3119 4448 3448 4516 stupendum
3482 4450 3587 4501 mi-

2000 4637 2237 4709 pendum
2275 4633 2601 4689 miraculum
2651 4632 2706 4686 in
2733 4631 2925 4696 cmlis,
2971 4630 3219 4685 mulieris
3265 4629 3447 4693 ﬁlius,
3498 4630 3589 4698 qui

1999 4736 2054 4785 et
2082 4728 2281 4799 ipsius,
2306 4734 2364 4783 et
2397 4725 2722 4781 saeculorum
2753 4731 2838 4779 est
2872 4732 3069 4793 pater;
3120 4722 3449 4790 stupendum
3490 4721 3592 4775 mi-

2000 4821 2249 4876 raculum
2273 4819 2330 4872 in
2361 4818 2538 4880 cmlis,
2572 4816 2847 4870 thalamus
2869 4813 3131 4884 Virginis,
3158 4812 3371 4881 habens
3391 4810 3587 4865 Filium

2003 4911 2119 4973 Dei,
2149 4910 2315 4966 Deum
2347 4921 2611 4979 sponsum
2642 4906 2958 4970 Christum;
2993 4901 3328 4972 stupendum
3357 4901 3591 4954 miracu-

2003 5002 2115 5056 lum
2150 5001 2204 5054 in
2241 5000 2417 5059 cmlis,
2461 4996 2724 5050 Dominus
2756 4994 3099 5064 angelorum,
3131 4990 3315 5045 infans
3347 4988 3590 5060 Virginis

2003 5092 2230 5149 effectus
2254 5097 2358 5145 est.
2400 5087 2445 5142 0
2483 5085 2834 5141 sanctissima
2862 5081 3030 5153 Virgo
3060 5090 3234 5136 mater
3266 5080 3588 5143 Salvatoris.

2003 5195 2126 5250 quae
2145 5176 2380 5249 genuisti
2405 5175 2674 5246 principio
2701 5187 2899 5228 carens
2920 5170 3182 5238 Verbum,
3210 5170 3409 5226 Filium
3439 5171 3592 5226 scili-

2006 5280 2094 5328 cet
2124 5270 2375 5326 eumdem
2423 5284 2547 5323 cum
2593 5267 2756 5321 Patre
2801 5265 3093 5321 habentem
3130 5265 3417 5331 thronum,
3467 5278 3594 5318 con-

2002 5361 2422 5419 substantialem
2467 5357 2617 5413 Patri
2671 5365 2727 5412 et
2767 5356 2998 5427 Spiritui
3051 5365 3283 5421 sancto,
3338 5356 3433 5426 qui
3464 5371 3590 5412 cum

2001 5453 2163 5508 Patre
2194 5459 2249 5507 et
2280 5449 2487 5520 Spiritu
2520 5456 2714 5503 sancto
2744 5454 2830 5501 est
2860 5455 2988 5502 ante
3016 5446 3245 5510 saecula,
3268 5447 3362 5516 qui
3392 5460 3594 5501 concao

2003 5544 2234 5600 meravit
2257 5542 2450 5604 caelos,
2467 5548 2523 5595 et
2552 5548 2753 5593 terram
2779 5539 3044 5609 condidit.
3087 5538 3222 5603 Ave,
3241 5537 3593 5592 sanctissima

2004 5637 2193 5708 Virgo,
2230 5649 2351 5705 quae
2384 5633 2532 5688 velut
2559 5630 2733 5686 rubus
2776 5629 3163 5687 intellectualis
3204 5628 3413 5700 absque
3445 5643 3595 5684 com;

381 5828 536 5890 ‘lsa.
563 5831 771 5901 τιμῶ.
846 5831 867 5864 ¹
889 5829 1051 5890 Ilich.
1092 5846 1144 5903 ν,
1170 5829 1309 5900 2-4;
1338 5828 1531 5887 Matth.
1569 5843 1633 5895 ιι,
1664 5828 1719 5885 6.
1798 5819 1887 5885 ’Jt

1992 5863 2002 5884 .
2034 5838 2156 5894 VIII,
2185 5819 2296 5917 12..
2362 5810 2589 5902 βου.
2628 5833 2728 5889 xu,
2756 5814 2846 5873 46.
2889 5815 2912 5850 ⁸
2949 5814 3121 5888 Apoc.
3148 5829 3250 5888 xu,
3276 5814 3333 5874 1.
