3988 6410
370 346 485 404 £97
634 360 649 363 ‘
846 380 876 405 ο

1094 351 1375 410 HOMlLlA
1420 356 1485 410 V.
1530 355 1593 409 ΙΝ
1648 354 1927 412 LAUDES
1967 355 1984 409 ε

2092 355 2269 412 [CT-1E
2304 359 2549 414 MARUE
2589 359 2940 417 DEIPARzE.

3551 367 3648 424 698

446 464 558 521 Τὸν
602 468 951 540 Ἐμμανουήλ
989 470 1047 523 ἐν
1078 470 1341 542 ἀφθάρτῳ
1373 472 1551 545 κοιλίᾳ
1586 473 1850 544 φέρουσα,
1890 473 1968 536 εἰς

2142 471 2549 529 Emmanuelem
2595 476 2804 545 gestavi
2850 476 2904 539 in
2966 486 3123 532 utero
3179 480 3543 550 incorrupto,
3596 479 3649 534 in

371 559 628 630 γαστέρα
677 560 1016 631 ἁμόλυντον,
1069 562 1480 637 ἁφομοιουμένη
1542 565 1716 635 θρόνῳ
1783 581 1975 636 χερου-

374 652 552 724 σαῷ·
609 653 691 718 εἰς
723 654 787 723 ἣν
829 656 857 706 6
894 655 1064 723 Λόγος
1100 656 1194 708 τοῦ
1222 656 1435 727 Πατρὸς
1487 656 1621 728 σὰρξ
1667 656 1901 725 ἐγένετο,
1948 658 1976 710 6

376 745 619 816 ἄναρχος
668 746 761 798 καὶ
799 746 1025 819 ἀόρατος
1049 764 1060 775 ·
1097 748 1290 817 ὁρατὸς
1340 749 1718 820 οἰκονομικῶς,
1753 752 1781 803 6
1818 751 1975 803 ἐναν-

385 837 685 908 θρωπήσας
726 836 890 901 Θεός·
928 841 1122 909 πεῖραν
1166 840 1267 892 οὐκ
1314 841 1585 907 ὲγνωκυῖα
1626 840 1840 911 ἀνδρὸς,
1885 840 1977 895 τὸν

381 929 714 999 προαιώνιον
757 931 890 984 Θεὸν
930 930 1136 1001 Ἰησοῦν
1179 932 1412 1003 Χριστὸν
1448 932 1656 986 ἔτεκον.
1702 932 1977 1004 Παρθένος

381 1020 497 1090 γάρ
544 1021 637 1073 καὶ
674 1021 767 1074 νῦν
797 1022 1029 1093 ὑπάρχω
1078 1022 1218 1093 μετὰ
1261 1024 1355 1076 τὸν
1384 1023 1564 1085 τόκον,
1614 1022 1976 1094 καθαρωτέρα

380 1107 482 1162 τοῦ
516 1107 726 1182 πρώην.
770 1113 1009 1176 Ἀπόνως
1038 1113 1242 1180 ἔτεκον,
1270 1116 1377 1187 οὐχ
1398 1114 1474 1178 ὡς
1506 1116 1656 1169 πᾶσα
1687 1117 1857 1186 γυνή·
1890 1118 1976 1169 ἀν-

379 1200 548 1271 όμοια
575 1201 681 1274 γάρ
710 1203 840 1273 ἐμοῦ
871 1206 1140 1260 κάκείνων
1172 1205 1244 1259 τὰ
1282 1207 1483 1278 μεταξὺ
1525 1207 1843 1279 πράγματα.
1865 1208 1977 1262 Οὐκ

382 1292 530 1361 ἔγνω
562 1294 720 1363 φύσις
756 1294 1056 1367 ἀνθρώπων
1089 1298 1180 1351 τὸν
1206 1298 1364 1352 τόκον
1399 1316 1526 1368 μου,
1559 1300 1607 1352 εὶ
1642 1298 1716 1370 μὴ
1761 1299 1919 1369 μόνος
1948 1301 1977 1352 ό

384 1385 444 1439 ἐν
493 1384 616 1456 ἐμοὶ
662 1387 887 1459 οἰκήσας
940 1390 1092 1454 Θεός.
1140 1386 1211 1444 Ὦ
1264 1390 1548 1462 Παρθένε,
1604 1388 1828 1462 φρικτὸν
1876 1389 1977 1459 τῆς

394 1474 726 1544 Ἐκκλησίας
777 1480 1079 1551 κειμήλιον,
1126 1481 1187 1533 τὸ
1246 1480 1390 1549 μέγα
1435 1481 1597 1552 τυχὸν
1654 1481 1972 1552 μυστήριον,

382 1563 541 1635 ἱερέα
564 1564 715 1619 καλεῖ
745 1566 841 1637 τὴν
873 1568 1140 1640 παρθένον
1178 1568 1315 1639 ὁμοῦ
1352 1586 1411 1621 τε
1440 1570 1533 1622 καὶ
1567 1568 1974 1641 θυσιαστήριονι

380 1656 508 1727 ἥτις
555 1656 1035 1730 τραπεζοφοροῦσα
1076 1661 1167 1715 τὸν
1221 1662 1469 1734 οὐράνιον
1521 1662 1684 1732 ἄρτον
1738 1661 1975 1731 Χριστὸν

382 1747 587 1801 ἔδωκεν
615 1749 767 1819 ήμῶν
792 1752 872 1814 είς
913 1751 1105 1819 ἄφεσιν
1155 1752 1458 1823 ἁμαρτιῶν.
1493 1755 1557 1806 ’Ὠ
1587 1754 1801 1824 γαστὴρ
1834 1754 1973 1824 ἀμό-

381 1838 572 1903 λυντος
612 1840 836 1913 οὐρανὸν
886 1841 1081 1897 κύκλον
1129 1842 1345 1914 ἔχουσα,
1384 1844 1476 1897 καὶ
1507 1842 1638 1897 Θεὸν
1666 1842 1969 1915 ἀχώρητον,
2004 1826 2049 1885 Β

382 1933 444 1985 ὲν
490 1932 573 1985 col.
606 1932 661 1985 δὲ
700 1934 946 2005 χωρητὸν
1005 1933 1339 2004 βαστάσασα.
1377 1937 1441 1989 Ὢ
1489 1935 1700 2007 γαστὴρ
1739 1935 1969 2007 οὐρανοῦ

382 2024 723 2094 πλατυτέρα,
760 2024 892 2078 Θεὸν
925 2024 1016 2079 τὸν
1058 2027 1115 2079 ὲν
1154 2026 1237 2078 σοὶ
1284 2025 1358 2097 μὴ
1402 2027 1872 2097 στενοχωρήσασα.
1911 2026 1973 2080 Ὢ

382 2114 597 2187 γαστὴρ
656 2114 991 2180 ὲπτάκυκλος
1046 2116 1308 2186 οὐρανὸς,
1354 2118 1450 2169 καὶ
1496 2116 1825 2189 μειζοτέρως
1872 2117 1969 2170 αὑ-

381 2204 496 2259 τῶν
541 2204 901 2275 τυγχάνουσα.
943 2207 1006 2258 Ὢ
1054 2204 1266 2276 γαστὴρ
1320 2206 1459 2258 ἑπτά
1495 2206 1737 2277 οὐρανῶν
1778 2206 1975 2277 ὑψηλο-

380 2295 523 2366 τέρα
577 2297 669 2348 καὶ
711 2296 1040 2367 πλατυτέρα.
1084 2298 1147 2348 Ὢ
1182 2298 1396 2368 γαστὴρ
1450 2299 1478 2351 6
1525 2298 1707 2366 ὄγδοος
1747 2298 1975 2369 οὐρανὸς

384 2385 783 2457 στερεωμάτων
822 2386 1067 2458 ἀνωτέρα
1119 2389 1184 2441 Ὢ
1220 2388 1433 2459 γαστὴρ
1470 2389 1791 2459 ἑπταφὼτου
1821 2389 1975 2459 χάρι-

379 2496 479 2543 τος
518 2477 579 2532 τὸ
606 2478 867 2533 ἄσϐεστον
899 2479 1097 2550 ἔχουσα
1131 2480 1265 2549 φῶς.
1308 2481 1372 2533 Τί
1414 2480 1552 2533 εἴπω
1573 2524 1585 2544 ,
1616 2479 1647 2551 ἢ
1678 2480 1729 2533 τί
1759 2480 1976 2549 λαλήσω

381 2572 519 2643 περὶ
547 2573 647 2643 τῆς
681 2574 883 2642 σεμνῆς
930 2572 1018 2624 καὶ
1061 2573 1220 2641 ἁγίας
1261 2572 1570 2642 Παρθένους
1610 2573 1666 2624 '0
1702 2571 1862 2633 πόθος
1892 2571 1977 2624 ἕλ-

380 2681 475 2718 κει
500 2680 571 2735 με
604 2663 781 2733 λέγειν
814 2663 1066 2734 περὶτῆς
1090 2664 1374 2727 Θεοτόκου,
1410 2664 1502 2717 καὶ
1544 2664 1708 2731 φόϐος
1756 2663 1975 2734 κατέχει

383 2775 457 2829 με
484 2755 579 2810 τοῦ
614 2759 843 2827 σιωπᾷν,
874 2756 972 2809 οὐκ
1014 2756 1181 2819 ἀξίως
1209 2755 1345 2825 ἔχων
1378 2755 1473 2808 τοῦ
1512 2755 1712 2824 λέγειν.
1756 2757 1813 2808 Ὀ
1852 2755 1977 2820 νοῦς

380 2849 765 2921 προκαλεῖται,
804 2851 898 2902 καὶ
932 2851 959 2903 ὁ
994 2849 1156 2918 φόϐος
1191 2847 1523 2902 ἀπωθεῖται·
1569 2848 1629 2910 ὃς
1683 2848 1781 2917 μὲν
1830 2847 1978 2900 ’ἐλκει

384 2961 483 3015 με,
511 2941 655 3006 ὂςδὲ
688 2940 934 2995 ἀνθέλκει
980 2957 1065 3010 με.
1117 2941 1333 3011 Ἐπειδὴ
1383 2936 1477 2994 οῦν
1523 2941 1817 3013 συνέχομαι
1871 2941 1979 2995 τῶν

377 3034 736 3107 ἀμφοτέρων,
762 3032 1027 3103 συμφέρει
1078 3049 1167 3102 μοι
1217 3031 1443 3103 λαλῆσαι
1490 3035 1618 3105 περὶ
1649 3034 1747 3105 τῆς
1784 3034 1981 3105 μεγαλ-

379 3128 611 3199 ωνύμου
641 3128 732 3181 καὶ
757 3127 910 3190 ὁσίας
938 3127 1235 3198 Παρθένου.
1269 3128 1427 3196 Λέγω
1453 3127 1560 3200 γὰρ
1586 3128 1788 3200 ταύτην
1817 3129 1981 3199 οὐρα-

382 3221 479 3275 νὸν
508 3196 608 3273 καὶ
634 3219 822 3293 θρόνον
855 3218 989 3289 ὁμοῦ
1026 3196 1085 3272 τε
1124 3220 1217 3274 καὶ
1255 3196 1646 3290 σταυρόν-’τὰς
1677 3196 1786 3290 γάρ
1819 3196 1980 3288 ἁγίας

388 3311 637 3382 ἀγκάλας
660 3311 966 3375 ἐκτείνασα,
985 3312 1075 3364 τὸν
1096 3312 1377 3381 Δεσπότην
1408 3310 1710 3365 ἐϐάστασεν
1737 3312 1762 3365 6
1793 3310 1983 3382 θρόνος

400 3405 732 3477 χερουϐικὸς,
774 3405 1139 3477 σταυροειδὴς,
1173 3406 1444 3479 οὐράνιος,
1489 3408 1617 3479 περὶ
1653 3401 1720 3477 ἦς
1761 3406 1851 3460 διὰ
1877 3407 1984 3460 τῶν

399 3497 447 3551 Γ
446 3498 626 3568 ραφῶν
670 3500 728 3551 ὲν
766 3498 1014 3568 οὐρανοῖς
1042 3498 1407 3570 παρακύπτω,
1435 3499 1530 3552 καὶ
1564 3498 1746 3568 βλέπω
1782 3498 1986 3569 ταύτην

397 3589 505 3642 ὑπὸ
543 3589 791 3659 ἀγγέλων
835 3590 1335 3662 προσκυνουμένην.
1376 3590 1539 3647 Ὅθεν
1581 3590 1795 3662 πρῶτον
1823 3592 1852 3643 6
1878 3591 1986 3645 Γα-

391 3681 559 3753 ϐριὴλ
600 3682 701 3752 τὴν
743 3682 1016 3753 Παρθένον
1062 3681 1391 3745 ἀσπάζεται·
1428 3681 1622 3750 Χαῖρε,
1679 3699 1987 3750 κεχαριτω-

387 3772 576 3843 μένη,
619 3775 652 3826 d
699 3770 920 3842 Κύριος
948 3773 1100 3843 μετὰ
1130 3775 1278 3827 σοῦ·
1314 3772 1501 3842 χαῖρε,
1525 3772 1987 3842 κεχαριτωμένη,

387 3865 420 3919 ὁ
472 3863 727 3935 λαμπρὸς
768 3863 1028 3935 οὐρανόςο
1072 3864 1260 3934 χαῖρε,
1318 3862 1776 3933 κεχαριτωμένη,
1818 3865 1849 3932 ὴ
1898 3862 1990 3915 τὸν

392 3954 847 4025 ἐξαστράπτοντα
914 3955 972 4024 ἐξ
1052 3954 1281 4026 οὐρανοῦ
1350 3955 1627 4025 λαμπραῖς
1711 3953 1991 4024 λαμπάσιν

391 4049 598 4105 ἀκτῖνα
622 4046 819 4117 ἔχουσα
851 4047 999 4117 ἥλιον
1026 4046 1116 4099 τὸν
1143 4046 1396 4118 Χριστόν.
1444 4045 1721 4117 Σεραφεὶμ
1769 4045 1993 4113 γέγονεν

394 4142 435 4210 ἡ
486 4137 780 4210 Παρθένος,
811 4141 846 4210 ἡ
906 4138 1278 4209 πολυώνυμος,
1311 4138 1405 4191 καὶ
1436 4137 1836 4207 πολυόμματος,
1893 4137 1991 4206 τῆς

395 4231 791 4302 ἁκαταλήπτου
816 4229 976 4294 θέας’
1014 4230 1190 4301 σκέπη
1238 4247 1322 4293 τις
1354 4228 1536 4300 νοερὰ,
1575 4228 1642 4281 δι’
1686 4230 1993 4297 οἱκουμενι-

397 4321 504 4379 κοῦ
531 4322 781 4394 σώματος
803 4322 1106 4394 εὑρεθεῖσα,
1133 4320 1203 4375 τὰ
1230 4320 1525 4393 χερουϐεὶμ
1568 4318 1990 4390 ὑπερϐαίνουσα.

414 4416 633 4470 Ἐκεῖνα
664 4416 763 4486 μὲν
790 4416 899 4488 γάρ
944 4414 1377 4487 ἀποστρέφονται
1416 4413 1491 4484 μὴ
1520 4411 1796 4482 δυνάμενα
1822 4409 1998 4464 ἀτενί-

2080 570 2266 618 ventre
2312 564 2620 634 impolluto,
2653 565 2849 621 similis
2876 568 3062 622 eﬂecta
3088 569 3285 623 throno
3314 570 3609 626 eheruhico
3635 588 3652 629 :

2078 655 2133 709 in
2175 671 2280 725 qua
2314 671 2444 710 caro
2492 655 2696 711 factum
2729 666 2811 713 est
2860 658 3097 713 Verbum
3137 659 3334 724 Patris,
3365 661 3459 731 qui
3508 660 3652 716 Deus

2077 756 2161 802 est
2211 748 2370 803 initio
2428 764 2642 815 carens,
2687 762 2741 804 et
2788 749 2915 804 licet
2951 751 3241 806 invisibilis
3271 790 3286 816 ,
3339 752 3654 823 spectabilis

2079 847 2261 894 tamen
2314 853 2409 910 per
2443 840 2909 910 dispensationem
2944 850 3238 910 assumpta:
3268 843 3448 897 carnis
3475 842 3654 898 factus

2077 940 2180 984 est.
2229 929 2345 986 Non
2396 939 2640 998 experta,
2689 947 2793 987 nec
2843 947 3179 1003 cognoscens
3221 932 3424 999 virum,
3472 939 3656 1002 peperi

2080 1022 2269 1088 Deum,
2303 1024 2395 1093 qui
2425 1031 2509 1078 est
2535 1034 2660 1080 ante
2709 1025 2931 1089 Saecula,
2973 1025 3153 1095 ipsum
3181 1023 3487 1080 Christum.
3521 1022 3655 1077 Nam

2076 1115 2240 1168 etiam
2274 1130 2417 1168 nunc
2446 1130 2566 1170 sum
2602 1114 2755 1185 virgo
2786 1122 2910 1185 post
2943 1122 3157 1186 partum
3178 1156 3192 1180 ,
3224 1116 3415 1186 purior
3450 1113 3539 1186 (si
3572 1112 3659 1168 di-

2078 1221 2203 1262 cere
2234 1206 2381 1277 licet)
2414 1222 2576 1278 quam
2602 1215 2795 1273 antea;
2831 1207 2951 1262 sine
2990 1208 3175 1264 labore
3215 1206 3420 1278 peperi,
3452 1221 3565 1261 non
3600 1211 3660 1260 ut

2077 1313 2268 1355 omnes
2297 1300 2587 1365 mulieres;
2619 1300 2917 1355 dissimiles
2952 1299 3097 1354 enim
3137 1297 3358 1353 fuerunt
3393 1312 3481 1352 res
3528 1310 3661 1351 mea:

2079 1405 2143 1444 ac
2175 1390 2389 1444 illarum
2425 1391 2568 1444 inter
2597 1390 2943 1461 pariendum.
2978 1389 3094 1444 Non
3131 1388 3283 1443 novit
3317 1396 3514 1443 natura
3560 1385 3662 1439 hu-

2077 1496 2236 1535 mana
2267 1490 2483 1551 partum
2515 1497 2719 1547 meum,
2751 1489 2983 1552 excepto
3017 1481 3135 1536 solo
3166 1480 3297 1543 Deo,
3336 1481 3430 1549 qui
3484 1479 3540 1533 in
3572 1493 3660 1534 me

2079 1569 2360 1624 habitavit.
2392 1567 2436 1623 Ο
2461 1567 2757 1640 Virginem,
2789 1572 3119 1638 stupendum
3151 1570 3413 1625 Ecclesiae
3436 1570 3664 1623 thesau-

2078 1674 2221 1723 rum,
2246 1658 2342 1730 qui
2376 1659 2601 1729 adcptus
2647 1668 2732 1715 est
2780 1662 2971 1730 ingens
3008 1662 3355 1731 mysterium,
3380 1658 3658 1729 Virginem

2080 1753 2319 1822 appellat
2359 1752 2508 1805 velut
2564 1751 2907 1805 sacerdotem
2957 1751 3184 1821 pariter,
3220 1758 3274 1804 et
3305 1751 3513 1813 altare;
3541 1763 3663 1820 qua:

2080 1842 2297 1913 quidem
2334 1857 2579 1898 mensam
2626 1845 2828 1907 ferens,
2859 1842 3008 1897 dedit
3050 1843 3212 1897 nobis
3257 1845 3536 1898 caelestem
3568 1856 3663 1910 pa-

2080 1950 2203 1989 nem
2235 1933 2515 1989 Christum
2551 1935 2606 1989 in
2641 1935 3019 1991 remissionem
3054 1943 3427 2007 peecatomm.
3470 1931 3515 1987 0
3543 1941 3665 1987 ute-

2081 2040 2200 2079 rum
2238 2025 2606 2096 impollutum,
2637 2025 2927 2081 habentem
2962 2026 3228 2081 circulum
3255 2026 3546 2088 crelorum,
3571 2023 3664 2093 qui

2080 2116 2250 2173 Deum
2276 2117 2814 2186 iucomprehensum,
2851 2116 2906 2170 in
2950 2123 3001 2171 te
3036 2132 3165 2171 vero
3203 2115 3662 2184 comprehensum

2082 2208 2333 2278 portast].
2370 2206 2414 2263 Ο
2445 2217 2659 2261 uterum
2710 2207 2850 2261 crelo
2899 2208 3242 2277 ampliorem,
3276 2206 3371 2275 qui
3403 2205 3571 2259 Deum
3610 2205 3666 2258 in

2082 2306 2134 2354 le
2164 2314 2272 2353 non
2305 2299 2620 2353 coarctasti.
2655 2296 2699 2352 Ο
2732 2305 2970 2360 uterum,
2997 2298 3091 2367 qui
3133 2297 3334 2351 cmlum
3365 2311 3425 2353 es
3458 2304 3664 2365 septem

2082 2393 2304 2449 circulis
2333 2400 2613 2454 constans,
2646 2402 2698 2446 et
2731 2392 2986 2462 capacior
3035 2391 3142 2444 illis
3190 2389 3433 2445 exsistis.
3462 2386 3506 2442 Ο
3549 2396 3667 2443 ute-

2083 2500 2204 2539 rum
2252 2492 2461 2555 septem
2499 2485 2654 2537 ruelis
2690 2483 3067 2538 sublimiorem
3109 2488 3271 2550 atque
3313 2479 3584 2534 latiorem.
3622 2477 3667 2532 Ο

2084 2585 2322 2641 uterum,
2351 2576 2446 2645 qui
2474 2591 2533 2631 es
2561 2585 2816 2629 octavum
2853 2574 3078 2637 cmlum,
3109 2581 3317 2642 septem
3351 2571 3668 2625 ﬁrmamen-

2084 2669 2154 2723 tis
2189 2667 2496 2722 celsiore-in.
2543 2664 2587 2721 Ο
2618 2677 2830 2720 uterum
2879 2666 3171 2719 habentem
3223 2660 3669 2731 inexstinguibile

2086 2759 2269 2813 lumen
2322 2759 2526 2828 septies
2579 2757 2817 2811 lucentis
2872 2756 3084 2826 gratiae.
3122 2754 3265 2821 Quid
3320 2753 3523 2816 dicam,
3576 2758 3670 2804 aut

2085 2849 2218 2920 quid
2252 2850 2445 2922 loquar
2489 2850 2557 2905 de
2604 2849 2867 2919 praeclara
2897 2855 2952 2903 et
2987 2855 3177 2903 sancta
3212 2844 3473 2915 Virgine?
3519 2842 3673 2900 Desi-

2088 2942 2302 2998 derium
2338 2958 2423 2997 me
2453 2942 2644 3005 trahit,
2694 2949 2753 2995 ut
2786 2940 2853 2995 de
2889 2940 3120 3010 Deipara
3148 2938 3313 2994 verba
3347 2938 3577 3002 factam;
3619 2945 3673 2991 et

2088 3034 2325 3090 formido
2351 3050 2437 3090 me
2470 3035 2665 3089 retinet
2698 3034 2751 3087 in
2782 3033 3023 3101 silentio,
3064 3040 3126 3087 ut
3154 3032 3247 3101 qui
3296 3046 3407 3086 non
3442 3030 3671 3083 habeam

2091 3127 2403 3182 facultatem
2434 3125 2654 3181 dicendi
2691 3141 2789 3196 pro
2812 3126 3101 3197 dignitate.
3130 3122 3363 3177 Animus
3393 3122 3669 3183 hortatur,

2086 3224 2140 3272 et
2172 3224 2349 3272 metus
2372 3214 2613 3273 deterret
2647 3236 2661 3273 :
2696 3218 2786 3272 ille
2818 3216 3040 3286 quidem
3075 3214 3245 3268 trahit
3279 3228 3384 3275 me,
3408 3212 3513 3271 iste
3542 3225 3671 3266 vero

2086 3325 2171 3366 me
2202 3308 2492 3364 abstrahit.
2522 3308 2658 3363 Cum
2693 3324 2823 3379 ergo
2870 3308 2939 3363 ab
2983 3315 3219 3375 utroque
3248 3303 3540 3366 distinear,
3574 3316 3673 3355 ex-

2086 3400 2234 3471 pedit
2264 3400 2395 3454 mihi
2431 3408 2490 3453 ut
2530 3414 2839 3455 sermonem
2874 3398 3108 3453 habeam
3160 3394 3229 3449 de
3283 3391 3584 3463 percelebri
3621 3402 3675 3448 et

2088 3502 2279 3548 sancta
2313 3488 2556 3563 Virgine.
2591 3490 2723 3546 Dico
2750 3492 2895 3545 enim
2925 3490 3072 3544 illam
3104 3503 3226 3544 esse
3262 3486 3483 3548 coelum,
3524 3484 3677 3539 thro-

2089 3601 2221 3639 num
2249 3584 2414 3640 simul
2453 3592 2506 3639 et
2539 3598 2757 3638 crucem
2786 3581 3119 3638 :extcndens
3154 3579 3297 3633 enim
3332 3586 3553 3631 sanctas
3596 3576 3679 3629 ul-
3779 3632 3783 3635 _

2089 3690 2191 3730 nas
2224 3671 2510 3728 Dominum
2546 3671 2785 3741 portavit
2834 3671 3069 3724 thronus
3114 3665 3469 3725 cherubicus,
3500 3662 3678 3717 cruei-

2093 3764 2283 3823 l‘ormis
2330 3772 2386 3820 et
2426 3763 2691 3827 emleslis,
2724 3761 2793 3815 de
2823 3775 2929 3830 qua
2958 3775 3054 3830 per
3079 3758 3392 3830 Scripturas
3423 3753 3477 3806 in
3508 3753 3678 3805 caelos

2093 3856 2373 3919 incumbo,
2424 3862 2478 3909 et
2522 3852 2804 3922 conspicio
2857 3851 3004 3905 illam
3062 3847 3132 3902 ab
3179 3841 3386 3915 ingens
3435 3841 3675 3896 adorari.

2095 3948 2233 4002 llinc
2260 3946 2477 4002 Gabriel
2511 3946 2566 3998 in
2597 3944 2791 4013 primis
2822 3944 3024 3999 salutat
3048 3939 3327 4008 Virginem
3361 3935 3433 3990 :A
3447 3951 3523 3999 ve,
3554 3950 3678 4003 gra-

2096 4042 2169 4093 tia
2215 4039 2389 4107 plena,
2424 4051 2544 4106 qua:
2591 4050 2652 4091 es
2703 4033 3045 4103 splendidum
3082 4031 3303 4085 cmlum.
3336 4030 3458 4091 Are,
3502 4026 3680 4096 gratia

2094 4131 2269 4201 plena,
2303 4143 2424 4198 qua:
2456 4126 2624 4181 habes
2656 4124 2872 4179 radium
2919 4121 2987 4177 de
3036 4120 3176 4175 coelo
3224 4118 3418 4173 lucidis
3465 4115 3680 4169 facibus

2097 4229 2501 4283 coruscantem,
2525 4222 2712 4285 utpote
2742 4214 2915 4271 solem
2945 4208 3421 4280 Christum.Virgo
3443 4208 3680 4278 plurium

2098 4312 2380 4367 nominum
2413 4320 2465 4365 et
2496 4307 2790 4363 multocula
2818 4304 3010 4360 eﬂ‘ecta
3056 4311 3141 4359 est
3172 4301 3445 4373 seraphim
3474 4300 3682 4353 incom-

2101 4403 2383 4473 prehensa:
2440 4399 2701 4463 visionis;
2759 4411 2879 4466 quae
2922 4396 3139 4449 inventa
3189 4398 3268 4449 est
3323 4391 3682 4445 velamentum

404 4528 501 4565 σαι
528 4479 880 4581 πρὸς-νοητὸν·
910 4507 1021 4580 πῦρ
1047 4479 1146 4577 τῆς
1176 4479 1449 4575 θεότητος.
1480 4479 1630 4575 Ᾰῦτη
1660 4479 1736 4556 ἡδὲ
1779 4504 1984 4574 τρανοῖς

2101 4493 2374 4566 quoddam
2413 4490 2777 4546 intellectuale
2805 4486 3055 4557 corporis
3100 4484 3446 4547 universalis,
3494 4479 3686 4535 cheru-

402 4605 653 4676 ὄμμασιν
677 4600 1058 4668 ὲνατενίζουσα
1101 4601 1162 4655 τὸ
1208 4599 1589 4670 ἀκατάληπτον
1633 4596 1728 4651 καὶ
1760 4595 1989 4665 ἀκοίμη-

400 4716 502 4752 τον
534 4697 690 4767 ὄμμα
717 4694 976 4767 Χριστοῦ,
1017 4692 1256 4747 ποθοῦσα
1300 4692 1393 4745 καὶ
1436 4689 1666 4760 φιλοῦσα
1696 4686 1993 4757 ἠσπάζετο,

404 4791 673 4865 Στριιτιο.)⁵
698 4789 944 4859 ἀγγέλων
970 4785 1257 4841 ὑποπόδιον
1286 4784 1394 4837 τῶν
1424 4781 1599 4835 ποδῶν
1626 4780 1718 4834 τοῦ
1744 4780 1995 4851 Σωτῆρος

406 4885 868 4957 προσπίπτοντες,
891 4881 1013 4935 οὕτε
1046 4881 1195 4945 ἰδεῖν,
1224 4877 1347 4932 οὔτε
1391 4873 1739 4949 προσψαῦσαι
1786 4872 1999 4942 ἰσχύου-

408 4994 531 5031 σιν·
573 4976 710 5048 αῢτη
740 4975 798 5028 δὲ
831 4975 983 5045 χείλη
1028 4972 1232 5044 χείλεσι
1269 4970 1612 5023 συνάπτουσα
1652 4964 1743 5017 τὸν
1786 4962 1998 5017 ἀκατά-

406 5070 619 5140 ληπτον
651 5066 943 5137 ἠσπάζετο.
980 5061 1050 5118 Ὦ
1089 5061 1354 5136 Παρθένε,
1376 5058 1762 5128 ἀκαταλήπτου
1800 5072 2002 5125 μυστη-

413 5155 537 5231 ρίου
589 5156 830 5226 φέρουσα
872 5151 1079 5224 θαῦμα,
1118 5150 1446 5224 τριπόθητον
1495 5146 1676 5201 πίστιν
1711 5148 1776 5217 τῇ
1831 5147 2001 5198 οἰκου-

418 5246 561 5321 μένῃ
590 5243 892 5316 κηρῦξασα.

2102 4590 2211 4645 bim
2261 4584 2678 4642 transcenderis.
2706 4580 2800 4635 Illa
2845 4578 2991 4635 enim
3045 4583 3387 4640 avertuntur,
3417 4587 3540 4627 eum
3590 4587 3689 4626 ne-

2104 4690 2307 4753 queant
2354 4677 2656 4749 spiritalem
2699 4674 2878 4745 ignem
2911 4669 3214 4725 divinitatis
3245 4667 3365 4723 lixis
3394 4665 3568 4721 oculis
3599 4666 3685 4718 in-

2104 4773 2244 4828 tueri
2277 4791 2290 4827 :
2320 4772 2434 4825 haec
2458 4780 2638 4824 autem
2669 4767 2874 4837 apertis
2898 4761 3075 4818 oculis
3104 4762 3207 4815 lixe
3234 4760 3455 4813 intuens
3487 4757 3691 4810 incon-

2106 4862 2525 4936 prehensibilem
2572 4866 2626 4913 et
2670 4854 2846 4912 somni
2895 4862 3170 4922 expertem
3205 4849 3424 4903 oculum
3456 4846 3685 4908 Christi,

2108 4972 2231 5013 cum
2263 4954 2537 5010 desiderio
2562 4957 2617 5004 et
2645 4946 2837 5002 osculo
2872 4942 3166 4998 salutabat.
3197 4937 3484 4993 Exercitus
3524 4951 3685 5005 ange-

2108 5050 2287 5104 lorum
2333 5043 2463 5115 (qui
2498 5046 2628 5098 sunt
2659 5035 2959 5094 scabellum
2990 5032 3188 5103 pedum
3219 5027 3464 5100 Christi)
3510 5028 3687 5097 proci-

2104 5141 2301 5203 ilcntes
2350 5151 2451 5190 nec
2496 5133 2680 5186 videre
2724 5136 2976 5200 possunt,
3033 5138 3134 5178 nec
3185 5121 3543 5191 contingere:
3577 5119 3689 5173 haec

2114 5247 2242 5286 vero
2270 5229 2420 5283 labra
2458 5225 2628 5279 labris
2658 5222 3020 5291 coniungens,
3058 5214 3572 5284 incomprehensum
3604 5227 3691 5265 sa-

2114 5324 2338 5378 lutabat.
2364 5319 2408 5376 Ο
2439 5319 2603 5388 Virgo
2635 5312 3072 5384 incomprehensi
3107 5307 3351 5381 mysterii
3383 5304 3562 5360 ferens
3593 5305 3691 5358 mi~

2117 5416 2383 5475 racnlum,
2411 5428 2533 5482 quae
2564 5409 2720 5462 [idem
2746 5414 2827 5459 ter
2858 5412 3097 5474 optatam
3125 5399 3242 5455 orbi
3271 5394 3601 5469 praadicasti.

2186 5507 2353 5577 Virgo
2385 5501 2673 5561 sublimior
2700 5497 2905 5567 angelis
2942 5494 3082 5550 facta
3111 5499 3215 5558 est,
3251 5489 3504 5559 superior
3558 5485 3691 5555 ipsis

2119 5574 2402 5650 cherubim
2444 5599 2496 5646 et
2525 5586 2821 5657 seraphim,
2854 5589 3077 5654 placens
3109 5579 3330 5634 Christo
3363 5576 3495 5647 regi,
3523 5591 3553 5628 a
3588 5574 3694 5627 Deo

2120 5689 2174 5742 in
2216 5688 2422 5739 honore
2452 5679 2656 5741 habita,
2691 5684 2949 5745 tanquam
3008 5671 3202 5725 ancilla
3230 5669 3389 5738 digna
3420 5673 3473 5720 et
3500 5673 3691 5719 mater.

2123 5781 2323 5836 Sancta
2366 5782 2540 5830 mater
2577 5768 2949 5833 immaculata,
2978 5778 3097 5835 qum
3124 5760 3360 5832 genuisti
3390 5758 3696 5817 Christum,

503 5510 777 5582 ’Δγγέλων
801 5508 1050 5581 ἀνωτέρα
1072 5509 1296 5577 γέγονεν
1331 5509 1364 5577 ἡ
1396 5503 1687 5576 Παρθένος,
1721 5502 2008 5574 μειζοτέρα

416 5604 535 5659 τῶν
557 5600 852 5675 χερουδεὶμ
872 5602 966 5656 καὶ
991 5602 1097 5655 τῶν
1120 5599 1410 5670 σεραφεὶμ,
1428 5598 1736 5669 ἀρέσκουσα
1764 5594 1841 5665 τῷ
1867 5595 2014 5665 βασι·

424 5694 514 5750 λετ
551 5693 792 5765 Χριστῷ,
838 5694 913 5757 ὡς
959 5692 1083 5757 ἀξία
1116 5691 1276 5762 δούλη
1344 5690 1437 5743 καὶ
1487 5691 1667 5760 μήτηρ
1721 5687 2011 5760 τιμηθεῖσα

424 5789 587 5862 παρὰ
615 5788 756 5861 Θεῷ.
796 5787 955 5857 Ἀγία
1000 5789 1181 5859 μήτηρ
1222 5783 1508 5856 ἀμόλυντε,
1558 5785 1591 5853 ἡ
1636 5782 1725 5837 τὸν
1769 5781 1875 5856 πρὸ
1919 5782 2012 5835 σοῦ
