3988 6418
456 384 565 444 499

1706 359 1914 417 ΒΙΙΒΙᾹ
1952 362 2035 419 All

2139 359 2415 418 SPURIA.
3245 373 3272 395 ·
3599 364 3688 422 500

454 501 550 571 qui
574 505 659 554 est
691 502 817 553 ante
848 504 920 561 te,
947 502 1001 553 et
1028 493 1166 550 dixit
1198 513 1211 548 :
1240 491 1406 549 Prius
1440 508 1599 564 quam
1643 490 1916 545 Abraham
1945 489 2035 559 fie-

2141 490 2453 559 γεννήσασα
2509 485 2747 561 Χριστὸν
2803 484 2897 540 τὸν
2953 483 3206 539 εἰπόντα·
3265 480 3416 551 Πρὶν
3469 479 3688 549 Ἀϐραὰμ

453 599 556 656 ret,
586 605 680 659 ego
708 585 1039 654 sum‘.Quaa
1082 585 1358 641 stabulum
1415 584 1589 655 gloria
1643 582 1944 648 exornasti,
1987 589 2041 636 et

450 696 695 753 praesepe
714 681 1024 736 illustrasti.
1043 676 1212 750 Virgo
1227 678 1522 747 siquidem,
1551 676 1810 745 spelunca
1835 686 1887 728 et
1906 688 2043 743 prae-

454 787 607 842 sepe,
640 771 765 825 caeli
797 771 1066 825 circulum
1098 785 1207 840 pra:
1252 784 1312 825 se
1359 768 1595 822 ferentes
1628 766 1797 820 Deum
1833 766 2041 819 incom-

454 863 790 933 prehensum
825 862 1112 931 gestabant
1146 879 1158 913 :
1195 868 1384 929 utpote
1431 870 1541 911 tres
1572 855 1823 909 Trinitati
1855 862 2043 923 aperte

453 954 859 1019 ministrantes,
888 954 1109 1022 quando
1138 949 1304 1021 Virgo
1356 950 1409 1004 in
1466 950 1729 1019 spelunca
1778 948 1916 1001 citra
1965 947 2043 999 la-

456 1045 650 1100 borem
697 1060 1009 1114 praegnans,
1042 1044 1167 1098 coeli
1219 1051 1272 1097 et
1315 1055 1472 1097 terra!
1530 1041 1820 1095 Dominum
1870 1040 2041 1109 depo-

456 1136 569 1191 suit
618 1136 671 1190 in
721 1137 988 1205 praesepio
1025 1154 1035 1188 :
1067 1144 1197 1189 tunc
1236 1134 1400 1189 etiam
1450 1135 1673 1188 ordines
1722 1132 2041 1202 angelorum

458 1228 892 1283 circumstabant
940 1226 1219 1298 Virginem
1274 1242 1399 1279 eum
1448 1226 1689 1279 clamore
1742 1224 2039 1277 dicentes:

457 1318 645 1373 Gloria
680 1320 735 1372 in
766 1320 1045 1372 altissimis
1083 1318 1208 1383 Deo,
1236 1328 1286 1372 et
1334 1319 1389 1371 in
1426 1328 1568 1372 terra
1608 1333 1714 1385 paa:
1743 1315 2042 1371 hominibus

452 1411 602 1464 bonae
646 1412 994 1465 voluntatis‘.
1029 1410 1375 1480 Quapropter
1419 1411 1584 1464 etiam
1626 1418 1897 1478 pastores,
1946 1408 2038 1479 qui

450 1502 568 1555 ruri
598 1502 1017 1572 pernoctabant,
1055 1501 1369 1571 hujusmodi
1400 1500 1853 1572 glorificationem
1883 1515 2044 1570 ange-

448 1592 629 1646 lorum
666 1592 963 1647 audierunt
990 1594 1057 1648 de
1085 1592 1392 1657 Salvatore,
1427 1602 1481 1648 et
1512 1594 1676 1648 celeri
1714 1609 1879 1649 cursu
1914 1608 2044 1663 pro-

449 1689 731 1750 perantes,
775 1683 952 1740 lucem
999 1684 1403 1749 adoraverunt;
1450 1692 1767 1753 Spectantes
1803 1683 2043 1737 miracu-

449 1768 563 1821 lum
596 1770 839 1825 insolens
863 1809 877 1831 ,
906 1772 1164 1825 ancillam
1202 1771 1414 1825 Domini
1445 1780 1499 1826 et
1528 1773 1793 1842 virginem
1819 1773 1875 1826 in
1894 1780 2040 1826 terra

390 1904 393 1907 ,
450 1866 790 1923 versantem,
823 1860 1066 1915 evasisse
1101 1877 1359 1931 sponsam
1400 1863 1697 1915 cales-tem.
1734 1860 1852 1931 Ipsa
1890 1862 2037 1915 enim

450 1957 507 2003 et
544 1964 771 2018 sponsa,
802 1960 855 2005 et
900 1953 1195 2017 thalamus,
1232 1963 1286 2007 et
1323 1952 1416 2007 Dei
1466 1962 1639 2006 mater
1689 1954 1802 2007 visa
1850 1960 1935 2008 est
1982 1953 2039 2007 in

453 2043 696 2105 Stabula,
731 2044 954 2111 quando
991 2046 1199 2114 peperit
1228 2045 1489 2099 infantem
1517 2044 1800 2099 Christum
1838 2063 1850 2098 :
1880 2044 2039 2113 juxta

454 2134 832 2201 propheticam
878 2133 1031 2189 Isaia:
1078 2152 1287 2198 vocem,
1321 2152 1515 2206 nempe
1544 2152 1556 2187 :
1598 2135 1742 2189 Puer
1772 2146 1931 2189 natus
1960 2146 2038 2189 est

452 2225 624 2287 nobis,
657 2234 705 2277 et
726 2226 873 2292 ﬁlius
904 2226 1061 2281 datus
1095 2238 1173 2281 est
1204 2229 1353 2281 nobis
1386 2245 1403 2281 :
1433 2229 1585 2296 cujus
1620 2229 1909 2295 imperium
1944 2245 2038 2282 su-

450 2332 542 2384 per
570 2315 844 2370 humerum
867 2318 1002 2387 ejus,
1022 2330 1070 2373 et
1103 2332 1323 2373 vocatur
1356 2336 1543 2374 nomen
1568 2321 1681 2389 ejus
1716 2322 1899 2391 magni
1920 2339 2042 2377 con-

450 2407 563 2459 silii
614 2408 864 2477 Angelus,
899 2409 1039 2463 Deus
1090 2411 1267 2479 fortis,
1316 2422 1577 2480 potestate
1623 2412 1848 2480 pollens,
1886 2414 2041 2467 Prin-

450 2494 567 2566 ceps
610 2502 778 2567 pacis,
815 2500 980 2555 Pater
1018 2504 1188 2570 futuri
1235 2506 1473 2558 seaculi“.
1509 2506 1645 2558 Tum
1697 2516 1818 2574 post
1867 2506 1982 2559 haec
2021 2526 2033 2561 :

449 2588 587 2658 Magi
612 2604 641 2641 a
669 2592 917 2659 partibus
940 2592 1203 2658 Orientis,
1232 2610 1262 2647 a
1288 2596 1443 2648 stella
1470 2596 1752 2664 splendida
1780 2598 2037 2651 illustrati

452 2691 507 2733 et
533 2680 775 2745 deducti,
813 2692 1031 2752 peracta
1066 2686 1280 2740 itineris
1306 2687 1375 2739 ab
1409 2686 1631 2741 Oriente
1671 2688 2036 2757 longitudine,

453 2784 721 2828 venerunt
766 2774 1081 2831 Bethlehem
1130 2778 1197 2830 ad
1236 2779 1573 2831 adorandum
1608 2790 1844 2848 partum.
1884 2780 2040 2838 Unde

449 2888 573 2926 cum
606 2872 671 2926 ad
706 2866 985 2926 civitatem
1013 2867 1317 2923 Jerusalem
1350 2872 1750 2938 pervenissent,
1776 2874 2037 2927 occultari

448 2961 618 3032 cmpit
662 2962 856 3028 stella;
890 2958 972 3016 illi
1010 2974 1139 3011 vero
1175 2961 1501 3029 perturbati,
1536 2976 1601 3014 eo
1636 2961 1782 3029 quod
1813 2962 1911 3016 viae
1938 2962 2040 3015 du-

447 3069 565 3109 cem
588 3054 977 3124 perdidissent,
1005 3053 1333 3106 necessitate
1363 3063 1592 3123 cogente
1623 3055 2039 3125 interrogabant

2144 578 2422 650 γενέσθαι
2471 577 2586 647 ἐγώ
2630 580 2777 647 ειμι·
2824 580 2859 649 ἠ
2910 576 2969 630 τὸ
3015 574 3273 646 σπήλαιον
3315 570 3591 637 δοξάσασα,
3618 575 3693 625 καὶ

2144 670 2243 739 τὴν
2270 669 2476 738 φάτνην
2505 667 2868 739 μεγαλύνασα.
2905 666 3180 739 Παρθένος
3206 664 3313 735 γὰρ
3344 663 3438 717 καὶ
3466 663 3696 732 σπήλαιον

2144 762 2240 815 καὶ
2270 762 2465 832 φάτνη,
2496 760 2727 833 ούρανοῦ
2768 760 2966 814 κύκλον
2999 758 3233 829 ἔχοντες,
3277 755 3407 809 Θεὸν
3448 753 3701 826 ἀχὼρητον

2144 858 2357 926 ἔφερον.
2388 858 2435 908 οἱ
2472 858 2617 927 τρεῖς
2663 858 2731 925 τῇ
2773 854 2961 925 Τριάδι
3006 852 3191 920 σαφῶς
3227 851 3695 921 λειτουργήσαντες,

2144 948 2231 1000 ὅτε
2262 950 2294 1015 ή
2322 948 2593 1017 Παρθένος
2630 947 2845 1008 ἀπόνως
2888 944 2975 998 τὸν
3013 942 3242 1014 ούρανοῦ
3280 942 3372 994 καὶ
3396 943 3495 1011 γῆς
3526 941 3698 995 Δεσπό-

2143 1056 2242 1107 την
2286 1040 2343 1091 ὲν
2387 1040 2465 1110 τῷ
2510 1040 2760 1111 σπηλαίῳ
2807 1041 3077 1109 κυήσασα,
3130 1037 3187 1089 ὲν
3230 1039 3296 1106 τῇ
3341 1035 3509 1105 φάτνῃ
3550 1032 3698 1097 ἔθετο,

2144 1137 2263 1190 τότε
2314 1136 2405 1187 καὶ
2450 1133 2631 1196 τάξεις
2687 1130 2935 1199 ἀγγέλων
2976 1130 3073 1201 τὴν
3100 1128 3376 1199 Παρθένον
3417 1127 3700 1179 ἐκύκλωσαν

2147 1228 2374 1299 poor/ts;
2400 1229 2492 1280 καὶ
2517 1227 2765 1295 λέγοντες
2785 1240 2799 1255 ⁸
2849 1223 3003 1288 Δόξα
3035 1225 3106 1276 ἐν
3133 1223 3416 1293 ὑψίστοις
3450 1221 3581 1287 Θεῷ,
3620 1222 3698 1274 καὶ

2143 1321 2241 1374 ἐπὶ
2282 1319 2395 1388 γῆς
2424 1318 2650 1386 εἰρήνη,
2679 1318 2749 1370 ἐν
2783 1313 3110 1384 ἀνθρώποις
3148 1314 3410 1367 εὐδοκία.
3442 1314 3592 1367 Ὅθεν
3622 1314 3703 1366 καὶ

2145 1410 2402 1480 ποιμένες
2439 1406 2837 1479 ἀγραυλοῦντες
2871 1406 2969 1476 τὴν
3003 1404 3261 1473 τοιαύτην
3290 1402 3585 1471 δοξολογίαν
3614 1402 3702 1454 τῶν

2144 1501 2392 1571 ἀγγέλων
2439 1500 2679 1570 ήκουσάν
2720 1516 2784 1551 τε
2838 1498 2967 1570 περὶ
3022 1495 3117 1550 τοῦ
3167 1496 3420 1567 Σωτῆρος
3445 1538 3459 1560 ,
3509 1496 3595 1549 καὶ
3638 1494 3702 1565 τῷ

2144 1593 2330 1664 δρόμῳ
2388 1591 2702 1662 βαδίσαντες
2730 1633 2744 1657 ,
2798 1589 2857 1643 τὸ
2913 1590 3027 1657 φῶς
3085 1588 3533 1657 προσεκύνησαν,
3577 1586 3702 1652 ξένοι

2146 1683 2330 1754 θαῦμα
2356 1682 2705 1752 θεασάμενοι,
2728 1681 2827 1753 τὴν
2850 1681 3044 1751 δούλην
3086 1679 3180 1733 τοῦ
3208 1679 3479 1731 Δεσπότου
3506 1678 3589 1730 καὶ
3622 1677 3703 1746 τὴν

2146 1774 2387 1843 ἐπίγειον
2421 1774 2712 1845 παρθένον,
2748 1774 3001 1845 ούράνιον
3047 1772 3286 1843 νύμφην.
3319 1771 3465 1842 Δῦτη
3496 1770 3595 1839 γὰρ
3623 1772 3701 1823 καὶ

2143 1866 2351 1938 νύμφη,
2394 1868 2486 1919 καὶ
2533 1867 2767 1930 παστὰς,
2808 1866 2901 1919 καὶ
2952 1864 3087 1918 θεοῦ
3131 1866 3315 1935 μήτηρ
3361 1863 3511 1934 ὤφθη
3548 1864 3599 1915 ἐν
3639 1862 3702 1932 τῷ

2143 1956 2413 2027 σπηλαίῳ,
2459 1958 2547 2009 ὅτε
2596 1956 2671 2009 τὰ
2698 1955 2895 2027 βρέφος
2945 1956 3100 2009 ἔτεκε
3134 1955 3392 2027 Χριστὸν,
3450 1955 3581 2009 κατὰ
3622 1954 3701 2025 τήν

2142 2047 2485 2120 προφητικὴν
2522 2050 2742 2101 Ἡσαΐου
2792 2049 2975 2118 φωνήν
2994 2064 3007 2076 ’
3057 2048 3139 2101 ὅτι
3166 2047 3416 2102 Παιδίον
3440 2046 3698 2115 ἐγεννήθη

2139 2138 2311 2209 ἡμῖν’
2350 2141 2480 2203 υἱὸς
2515 2137 2611 2191 καί
2645 2138 2823 2203 ἐδόθη
2856 2136 3019 2205 ἡμῖν,
3064 2132 3137 2192 οὗ
3182 2138 3220 2203 ἡ
3269 2135 3427 2205 ἀρχὴ
3477 2135 3569 2189 ἐπὶ
3613 2133 3700 2186 τοῦ

2141 2230 2302 2300 ὤμου
2326 2229 2535 2294 αὐτοῦ,
2571 2229 2668 2283 καὶ
2711 2232 2979 2283 καλεῖται
3014 2228 3080 2282 τὸ
3115 2228 3307 2298 ὄνομα
3347 2227 3526 2282 αὑτοῦ
3546 2225 3700 2296 μεγά-

2140 2325 2260 2388 λης
2301 2321 2543 2388 ,ϐουλῆς
2585 2323 2895 2390 Ἄγγελος,
2935 2319 3079 2386 Θεὸς
3125 2321 3401 2389 ἰσχυρὸς,
3454 2319 3700 2384 ἐξουσια-

2140 2413 2317 2481 οντὴς,
2348 2415 2586 2483 ’Ἄρχων
2605 2414 2870 2482 ειρήνης,
2901 2414 3102 2482 Πατὴρ
3122 2414 3228 2468 τοῦ
3248 2414 3576 2485 μέλλοντος
3588 2411 3701 2464 οἱὼς

2140 2517 2267 2567 νος.
2314 2497 2448 2555 Εἶτά
2494 2520 2627 2573 φησι
2669 2504 2806 2573 μετά
2846 2503 3054 2557 ταῦτα’
3083 2504 3268 2573 Μάγοι
3310 2504 3417 2557 ἀπὸ
3463 2502 3700 2557 ἀνατολῶν

2143 2592 2247 2644 ὑπὸ
2269 2592 2502 2662 ἀστέρος
2535 2594 2798 2663 φωτεινοῦ
2839 2595 3347 2665 καταλαμπόμενοι,
3379 2596 3469 2647 καὶ
3505 2592 3699 2664 ὁδηγού-

2145 2700 2315 2753 μενοι,
2353 2684 2413 2737 τὸ
2455 2686 2625 2756 μῆκος
2668 2686 2769 2755 τῆς
2808 2686 2866 2752 ἐξ
2912 2687 3175 2757 ἀνατολῆς
3227 2687 3352 2741 ὁδοῦ
3400 2687 3697 2757 βαδίσαντες,

2140 2774 2338 2843 ἦκασιν
2383 2776 2463 2838 είς
2496 2776 2865 2847 προσκύνησιν
2902 2776 2993 2829 τοῦ
3040 2778 3327 2847 τεχθέντος
3371 2780 3429 2831 ὲν
3466 2776 3698 2849 Βηθλεέμ.

2144 2864 2307 2917 Ὅθεν
2360 2865 2452 2918 καὶ
2505 2867 2605 2938 τὴν
2664 2869 2816 2921 πόλιν
2886 2869 3243 2940 Ἰερουσαλὴμ
3308 2869 3697 2931 καταλαΰὸντες,

2141 2956 2443 3027 κρύπτεται
2496 2959 2589 3011 ἀπ’
2632 2959 2811 3013 αὐτῶν
2850 2962 2877 3013 ὀ
2920 2962 3125 3032 ἀστήρ·
3156 2963 3204 3014 οἱ
3244 2962 3307 3014 δὲ
3347 2960 3698 3033 θορυϐηθέντες

2141 3048 2231 3100 τὸν
2264 3048 2457 3119 ὁδηγὸν
2491 3050 2875 3117 ἀπολέσαντες,
2908 3052 3154 3123 ἀνάγκης
3187 3055 3256 3123 τῇ
3292 3054 3382 3123 βίᾳ
3412 3053 3529 3114 τοὺς
3562 3053 3611 3104 ὲν
3641 3049 3692 3118 τῇ

446 3146 660 3201 incolas
692 3146 952 3212 civitatis,
979 3151 1035 3201 et
1064 3144 1493 3199 sciscitabantur
1520 3146 1587 3200 ab
1613 3147 1718 3211 eis,
1753 3148 1844 3201 ubi
1874 3158 2035 3204 natus

2143 3140 2296 3193 πόλει
2341 3140 2672 3211 ἐρωτῶντες,
2721 3143 3083 3196 ἐπυνθάνοντο
3139 3145 3276 3215 παρ’
3311 3145 3513 3197 αὐτῶν·
3546 3139 3639 3194 Ποῦ
3672 3139 3695 3189 ὁ

446 3249 591 3292 esset
624 3237 894 3293 Christus.
928 3235 1089 3303 Quod
1124 3234 1345 3304 quidem
1373 3237 1698 3291 miraculum
1726 3237 2035 3294 inauditum

447 3342 639 3382 omnes
672 3329 1082 3383 existimabant.
1123 3327 1198 3381 De
1249 3342 1360 3397 quo
1411 3344 1536 3382 cum
1595 3331 1842 3388 audisset
1868 3332 2038 3389 Hero-

446 3419 567 3484 des,
602 3421 933 3475 turbabatur
984 3422 1360 3482 vehementer,
1395 3429 1449 3475 et
1481 3424 1691 3477 vocatis
1731 3425 2038 3479 sacerdoti-

446 3511 573 3575 bas,
609 3513 1035 3579 percontabatur
1081 3526 1198 3572 eos,
1232 3510 1323 3563 ubi
1347 3510 1601 3567 Christus
1652 3518 2035 3571 nasceretur‘.

445 3599 530 3654 Illi
581 3611 760 3655 autem
808 3604 1086 3668 dixerunt,
1116 3613 1170 3657 et
1214 3617 1321 3655 non
1371 3616 1745 3674 negaverunt;
1798 3608 2036 3665 confeSsi

448 3704 605 3757 sunt,
636 3703 690 3748 et
728 3710 836 3748 non
868 3702 1000 3748 sunt
1030 3694 1264 3749 mentiti.
1304 3692 1449 3750 Solis
1485 3695 1671 3752 radios
1700 3698 2037 3757 abscondere

447 3800 556 3837 non
590 3792 864 3852 poterant,
898 3799 1085 3853 necem
1117 3782 1331 3837 scilicet
1357 3800 1453 3852 per
1482 3786 1807 3855 prophetam
1830 3787 1898 3843 de
1923 3788 2038 3843 Sal-

449 3882 641 3929 vatore
690 3877 836 3930 clare
884 3876 1334 3947 pronuntiatam;
1395 3885 1595 3930 testato
1644 3878 1943 3933 dixerunt:
1976 3880 2034 3936 ln

446 3965 761 4021 Bethlehem
817 3968 969 4022 nasci
1020 3968 1323 4022 Christum.
1363 3966 1516 4022 llunc
1548 3970 1692 4024 enim
1724 3972 1777 4024 in
1812 3972 2032 4028 modum

445 4076 543 4131 per
570 4062 888 4130 prophetam
913 4062 1140 4114 clamat:
1168 4059 1232 4111 Et
1260 4070 1337 4120 tu,
1362 4060 1678 4128 Betlzle/iem,
1705 4080 2035 4133 nequaquam

443 4171 500 4209 es
530 4155 748 4207 minima
770 4155 823 4207 in
846 4154 1171 4223 principibus
1197 4153 1343 4207 Juda
1362 4170 1379 4216 ;
1401 4170 1465 4207 ea:
1495 4164 1543 4207 te
1570 4157 1707 4207 enim
1739 4157 1875 4209 exiet
1897 4158 2029 4223 dux,

443 4246 532 4312 qui
565 4246 633 4298 sit
658 4244 960 4299 dominator
993 4247 1047 4297 in
1075 4243 1248 4298 Israel
1270 4244 1311 4295 ⁸.
1348 4242 1392 4300 Ο
1420 4244 1692 4301 inﬁdelem
1732 4245 1986 4301 Israelem
2014 4250 2027 4301 l

446 4336 733 4391 confessus
768 4347 853 4390 est
880 4338 1014 4406 legis
1053 4336 1327 4400 cﬂ'cctum,
1360 4345 1416 4390 et
1462 4337 1831 4408 Iegislatorem
1865 4338 2033 4394 dene-

446 4429 629 4499 gavit;
668 4426 945 4482 testificati
977 4436 1106 4481 sunt
1131 4428 1255 4497 ipsi,
1284 4428 1373 4481 ubi
1406 4440 1727 4483 nasceretur
1747 4430 2025 4495 Christus,

445 4528 500 4571 et
534 4520 586 4570 Ιιί
626 4534 819 4572 rursus
848 4519 1127 4571 Christum
1166 4530 1352 4571 natum
1382 4520 1746 4589 abnegarunt.

515 4609 654 4675 Quid
689 4609 853 4677 igitur
883 4609 1063 4677 magi?
1092 4624 1323 4677 quorum
1357 4611 1437 4663 vis
1476 4611 1643 4663 animi
1676 4612 1897 4680 propria
1928 4613 2031 4666 im-

445 4711 650 4755 imitata
696 4707 834 4761 erat,
874 4716 1106 4769 quoauIn
1152 4716 1246 4753 eor
1293 4702 1585 4754 admodum
1624 4706 1948 4758 turbabatur
1979 4716 2033 4759 et

442 4794 893 4861 exstingucbatur
939 4809 1050 4862 prze
1104 4792 1322 4856 dolore;
1374 4809 1608 4864 quorum
1658 4798 1897 4865 suspiria
1937 4798 2032 4853 ilu-

442 4893 629 4938 ctuum
680 4883 1041 4937 violentorum
1096 4884 1272 4938 instar
1324 4898 1517 4939 navem
1569 4886 2025 4957 submergchant;

442 4991 674 5043 quorum
711 4975 879 5039 oculi,
906 4975 1163 5046 lar-rymis
1193 4990 1437 5043 gemmas
1467 4991 1577 5045 pra:
1611 4992 1669 5031 se
1700 4976 2024 5044 ferentibus,

444 5077 643 5121 terram
695 5067 1030 5136 irrigabant;
1088 5083 1326 5136 quorum
1383 5067 1605 5123 alilictio
1665 5070 2026 5126 intolerabilis

441 5167 581 5219 erat,
630 5157 912 5211 ductorem
964 5158 1034 5212 ab
1065 5156 1287 5213 Oriente
1319 5162 1685 5229 requirentes,
1718 5180 1879 5231 quem
1918 5182 2026 5220 non

441 5249 739 5311 habebant,
780 5248 1046 5303 habentes
1102 5252 1490 5319 quaeritabant,
1525 5253 1618 5307 ubi
1653 5264 1800 5312 esset
1843 5273 2027 5327 mago-

440 5354 563 5393 rum
594 5341 703 5393 dux
731 5342 908 5395 stella.
937 5342 1007 5394 At
1042 5359 1171 5397 vero
1217 5347 1493 5414 perpende
1528 5349 1834 5413 veritatem,
1888 5366 2027 5419 quo.

442 5445 567 5484 nam
606 5438 764 5500 pacto
794 5433 1104 5486 occultatur
1126 5434 1207 5489 eis
1243 5438 1421 5501 stella,
1460 5446 1515 5491 et
1545 5438 1757 5493 intuere
1786 5441 2027 5495 miracu-

446 5521 579 5583 lum,
609 5529 661 5576 et
691 5522 811 5591 ejus
840 5524 1319 5594 signilieationem.
1359 5527 1471 5581 Hac
1498 5530 1564 5583 de
1595 5546 1761 5585 causa
1792 5533 2025 5586 abscon-

448 5606 593 5661 ditur
619 5611 700 5664 eis
735 5613 913 5676 stella,
948 5619 1005 5666 ut
1044 5613 1173 5666 dum
1211 5624 1671 5683 percontarentur
1711 5622 2023 5677 incredulos

2140 3232 2379 3303 Χριστὸς
2408 3236 2701 3302 γεννᾶταις
2735 3233 2884 3299 ξένον
2913 3235 2969 3288 δὲ
2995 3234 3177 3307 θαῦμα
3222 3240 3393 3291 πᾶσιν
3435 3234 3689 3306 ἐνομίζετο.

2138 3326 2273 3397 Περὶ
2300 3321 2359 3379 οὗ
2401 3326 2646 3397 Ἡρώδης
2678 3327 2936 3391 ἀκούσας,
2976 3330 3308 3399 ἐταράττετο
3344 3328 3481 3393 λίαν,
3510 3327 3591 3380 καὶ
3616 3340 3692 3377 καο

2136 3416 2301 3480 λέσας
2339 3417 2464 3481 τοὺς
2514 3419 2699 3488 ἱερεῖς,
2748 3419 3079 3472 ἐπυνθάνετο
3122 3422 3256 3491 παρ’
3308 3421 3503 3483 αὐτῶν,
3550 3415 3691 3470 ποῦὸ

2136 3508 2372 3579 Χριστὸς
2410 3513 2687 3577 γεννᾶται.
2730 3512 2793 3563 Ol
2837 3511 2893 3563 δὲ
2944 3506 3097 3565 εἷπον
3130 3512 3223 3565 καὶ
3251 3514 3358 3565 οὐκ
3394 3513 3686 3585 ἠρνήσαντο*

2136 3602 2495 3673 ὡμολόγησαν
2544 3603 2636 3656 καὶ
2690 3603 2789 3655 οὐκ
2834 3603 3146 3673 ἐψεύσαντο.
3194 3605 3313 3669 Τὰς
3359 3605 3569 3665 ἀκτῖνας
3613 3593 3681 3651 τοῦ

2137 3694 2289 3765 ἡλίου
2318 3694 2583 3766 κρύπτειν
2616 3697 2716 3748 οὐκ
2747 3695 3028 3764 ἠδύναντο,
3060 3696 3158 3766 τὴν
3184 3712 3249 3747 πε
3260 3698 3319 3769 pl.
3354 3695 3445 3749 τοῦ
3479 3692 3682 3761 Σωτῆρος

2136 3785 2321 3856 φωνὴν
2348 3784 2436 3837 διὰ
2463 3785 2557 3838 τοῦ
2587 3788 2867 3857 προφήτου
2918 3784 3361 3855 σαφηνιζομένην
3415 3779 3684 3854 ἐμαρτύρει.

2136 3893 2236 3929 σαν
2265 3878 2543 3946 λέγοντες’
2566 3878 2654 3931 Ἐν
2681 3878 2927 3949 Βηθλεὲμ
2956 3881 3207 3947 γεννᾶται
3235 3879 3267 3929 ὁ
3292 3877 3533 3949 Χριστός.
3563 3872 3687 3927 Οὕτω

2134 3969 2243 4039 γὰρ
2267 3968 2366 4040 βοᾷ
2403 3969 2490 4022 διά
2514 3970 2609 4022 τοῦ
2649 3972 2930 4041 προφήτου
2952 3987 2965 4001 ·
3002 3972 3109 4024 Καὶ
3151 3970 3254 4035 σὺ,
3304 3967 3576 4037 Βηθλεὲμ,
3604 3963 3687 4014 οὐ·

2134 4061 2334 4131 δαμῶς
2362 4058 2421 4116 εἷ
2449 4063 2742 4131 ἐλαχίστη
2798 4063 2868 4116 ἐν
2914 4062 3038 4128 τοῖς
3077 4063 3376 4131 ἡγεμόσιν
3399 4058 3601 4115 Ἰούδα·
3630 4052 3686 4104 ἐκ

2134 4154 2250 4209 σοῦ
2274 4155 2385 4225 γὰρ
2411 4155 2795 4220 ἐξελεύσεται
2827 4156 2931 4210 τοῦ
2964 4152 3116 4208 εἶναι
3142 4158 3234 4219 εἰς
3263 4156 3518 4224 ἄρχοντα
3539 4150 3597 4202 ἐν
3623 4140 3686 4207 τῷ

2147 4246 2406 4315 Ἰσραήλ.
2447 4249 2511 4299 Ὢ
2551 4247 2646 4300 τοῦ
2706 4246 3054 4311 ἀπειθοῦντος
3102 4245 3351 4317 Ἰσραήλῑ
3396 4239 3684 4315 Ὠμολόγησε

2132 4341 2194 4393 τὸ
2223 4342 2456 4410 πρᾶγμα
2487 4339 2578 4393 τοῦ
2611 4340 2798 4411 νόμου,
2832 4340 2925 4392 καὶ
2952 4338 3040 4392 τὸν
3070 4338 3372 4410 νομοθέτην
3411 4336 3681 4407 ἠρνήσατο·

2133 4432 2287 4487 αὐτοὶ
2310 4431 2698 4503 ἐμαρτύρησαν
2732 4430 2833 4485 ποῦ
2862 4433 2891 4483 6
2924 4431 3155 4503 Χριστὸς
3188 4432 3461 4499 γεννᾶται,
3493 4424 3575 4479 καὶ
3608 4418 3685 4472 αὖ·

2063 4506 2108 4560 D
2138 4527 2223 4579 τοὶ
2261 4525 2420 4578 πάλιν
2447 4526 2754 4596 ἠρνήσαντο
2782 4524 2873 4577 τὸν
2897 4523 3226 4593 γεννηθέντα
3258 4521 3506 4593 Χριστόν.

2212 4615 2278 4669 Τί
2303 4611 2397 4669 οὖν
2420 4616 2469 4668 οἱ
2500 4616 2700 4686 μάγοις
2731 4609 2804 4668 ὧν
2836 4615 2897 4668 τὸ
2930 4616 3128 4668 οἰκεῖον
3156 4613 3251 4666 τοῦ
3280 4613 3399 4676 νοὸς
3429 4604 3678 4680 ἠλλοιώθη,

2138 4704 2213 4764 ὧν
2239 4712 2271 4781 ή
2302 4710 2498 4781 καρδία
2524 4710 2846 4781 ἐταράττετο
2869 4709 3011 4773 λίαν,
3038 4709 3137 4762 καὶ
3158 4708 3443 4761 ἐσϐέννυτο
3466 4706 3519 4756 ὲν
3543 4699 3680 4765 λύπῃ,

2139 4794 2215 4854 ὧν
2244 4802 2293 4853 οί
2318 4806 2611 4871 στεναγμοὶ
2633 4808 2707 4862 ὼς
2738 4801 2998 4870 κυμάτων
3030 4798 3118 4869 βία
3143 4798 3241 4869 τὴν
3266 4797 3396 4851 ναῦν
3416 4788 3678 4852 ὲπόντιζον.

2136 4886 2211 4945 ὧν
2258 4892 2308 4943 οί
2353 4891 2623 4961 ὀφθαλμοὶ
2676 4890 3155 4961 μαργαριτοειδέσι
3204 4888 3430 4957 δάκρυσι
3471 4884 3561 4952 τὴν
3598 4876 3682 4944 γῆν

2136 4986 2519 5058 κατέρραινον,
2558 4980 2632 5039 ὧν
2676 4986 2951 5056 ἀφόρητος
2995 4986 3029 5055 ἡ
3077 4982 3274 5052 θλίψις,
3312 4981 3401 5034 τὸν
3440 4970 3678 5067 ἀνατοέὡν

2136 5078 2426 5148 ζητοῦντες
2450 5077 2661 5148 ὁδηγὸν,
2688 5077 2747 5129 ὃν
2769 5078 2869 5129 ούκ
2899 5072 3065 5145 εἶχον,
3098 5075 3311 5145 ἔχοντες
3333 5072 3564 5139 ἐζήτουν·
3588 5063 3675 5114 Ποῦ

2134 5168 2164 5219 6
2191 5168 2367 5237 ἀστὴρ
2395 5168 2423 5218 6
2456 5167 2564 5219 τῶν
2602 5166 2793 5236 μάγων
2817 5164 3044 5234 ὁδηγὸς;
3076 5162 3213 5216 Καθ’
3255 5158 3365 5213 οἷον
3413 5158 3468 5211 δὲ
3507 5151 3677 5224 τρόπον

2135 5258 2435 5330 κρύπτεται
2464 5258 2557 5311 ἀπ’
2592 5257 2771 5310 αὐτῶν
2800 5259 2827 5309 6
2862 5256 3056 5327 ἀστὴρ,
3095 5255 3283 5308 σκόπει
3313 5251 3409 5322 τὴν
3430 5245 3671 5330 ἀλήθειαν,

2138 5328 2232 5405 καὶ
2264 5351 2430 5421 βλέπε
2466 5351 2531 5417 τὸΔ
2558 5349 2763 5420 θαῦμα,
2797 5350 2891 5403 καὶ
2924 5348 3023 5419 τὴν
3058 5349 3307 5417 μήνυσιν.
3339 5343 3549 5395 Ἕνεκεν
3573 5328 3672 5385 τού-

2130 5461 2225 5496 του
2258 5444 2562 5513 κρύπτεται
2587 5445 2681 5498 ἀπ⁹
2716 5442 2897 5497 αὐτῶν
2932 5443 2960 5495 ὀ
2996 5440 3191 5512 ἀστὴρ,
3230 5439 3316 5491 ἵνα
3344 5434 3538 5489 τούτων
3558 5428 3674 5494 ἐρω-

2131 5534 2347 5588 τώντων
2386 5535 2537 5604 παρὰ
2562 5535 2671 5588 τῶν
2702 5535 2949 5587 ἀπίστων
2983 5533 3193 5602 ἱερέων,
3222 5527 3446 5601 φανερὸν
3472 5521 3667 5604 γένηταίι

2133 5628 2267 5680 πᾶσι
2306 5626 2366 5678 τὸ
2409 5603 2640 5695 ούρανοῦ
2682 5626 2776 5676 καὶ
2804 5627 2904 5695 γῆς
2943 5625 3257 5696 μυστήριον.
3296 5618 3451 5673 Ὅθεν
3479 5603 3666 5686 μετάτδ

523 5760 537 5787 ¹
562 5759 718 5813 Joan.
747 5778 865 5821 VIII,
894 5765 982 5818 58.
1061 5768 1078 5797 ¹
1104 5766 1238 5823 Luc.
1271 5784 1329 5827 ιι.
1364 5768 1445 5822 Η.
1527 5772 1544 5800 ³
1572 5771 1671 5828 lsa.
1708 5791 1779 5831 Ix.
1819 5778 1873 5830 G.
1946 5777 2178 5833 ’Μίιιιιι⁸
2213 5797 2267 5837 n.
2314 5782 2329 5834 l
2384 5798 2502 5852 sqq.
2588 5782 2794 5836 ‘Mich.
2832 5799 2885 5845 ν,
2918 5784 2971 5836 2.
