3988 6412
315 361 418 419 50!

1324 340 1718 413 IlOMILIAYI.
1745 337 1811 395 1N
1842 335 2066 395 FESTO
2094 331 2498 392 PALMARUM.

3473 323 3582 378 ὕθῖ

310 474 525 549 γνῶναι
568 472 799 540 πάντας,
835 467 1160 542 φανεροῦται
1200 467 1365 521 πάλιν
1412 469 1607 536 μάγοις
1638 461 1667 514 ὁ
1702 455 1899 527 ἀστὴρ,
1933 508 1934 511 η

2040 453 2347 517 acerdotes,
2372 447 2723 506 manifestum
2748 445 3068 502 redderetur
3093 442 3353 499 omnibus
3380 439 3507 496 coeli
3532 451 3582 492 et

311 566 427 629 ἓως
460 556 522 618 οῦ
557 562 729 616 ἐλθὼν
771 562 899 634 ἔστη
932 561 1114 614 ἐπάνω
1142 559 1236 612 τοῦ
1280 558 1511 629 βρέφους
1550 557 1607 609 ἐν
1650 552 1728 624 τῷ
1757 568 1899 620 σπη-

312 654 479 726 λαίῳ,
503 654 538 725 ἢ
573 653 774 723 μᾶλλον
816 652 875 705 ἐν
915 651 993 723 τῷ
1021 648 1254 723 οὐρανῷ.
1284 650 1459 703 Ὅπου
1491 645 1601 718 γάρ
1640 643 1898 716 Χριστὸς,

314 747 442 800 ἐκεῖ
469 748 499 800 ό
538 744 788 817 οὐρανός
812 738 887 797 τὸ
916 742 1026 814 γὰρ
1065 741 1329 813 σπήλαιον
1357 738 1584 810 οὐρανὸς
1617 735 1775 807 ὤφθη
1809 734 1902 787 ἐπὶ

315 838 450 908 γῆς.
486 837 549 891 Οἱ
572 836 631 889 δὲ
658 836 858 899 ἰδόντες
888 834 981 889 τὸν
1014 832 1239 902 ἀστέρα,
1277 830 1477 903 μᾶλλον
1507 830 1565 883 δὲ
1597 828 1688 882 τὸν
1717 827 1901 898 Σωτῆ-

321 946 416 1001 ρα.
446 928 726 999 ἐχάρησαν
757 925 929 997 χαρὰν
959 925 1222 996 μεγάλην,
1255 923 1303 977 οἳ
1329 923 1422 977 καὶ
1442 921 1713 992 κύψαντες
1737 936 1906 991 προσ-

321 1019 623 1090 εκύνησαν,
665 1017 760 1071 καὶ
795 1015 1117 1079 ἐκϐαλόντες
1158 1013 1228 1068 τά
1264 1013 1433 1085 δῶρα,
1469 1010 1669 1083 χρυσὸν
1699 1010 1794 1063 καὶ
1824 1007 1906 1060 λί-

321 1109 492 1163 ϐανον
522 1109 616 1163 καὶ
645 1107 913 1179 σμύρναν.
949 1105 1165 1177 Χρυσὸν
1198 1106 1295 1177 μὲν
1328 1103 1404 1168 ὡς
1431 1101 1658 1174 βασιλεῖ·
1692 1100 1907 1153 λίϐανον

321 1200 381 1253 δὲ
404 1200 480 1263 ὡς
506 1198 640 1270 Θεῷ·
677 1198 772 1252 καὶ
798 1197 1042 1269 σμύρναν
1064 1195 1140 1260 ὡς
1162 1193 1361 1266 θνητῷ·
1395 1192 1593 1265 μᾶλλον
1621 1191 1679 1244 δὲ
1707 1191 1793 1243 ἵνα
1814 1188 1909 1242 καὶ

321 1291 420 1344 τὸν
447 1289 817 1361 ἐνταφιασμὺν
851 1288 1135 1359 μηνύσωσι
1172 1285 1266 1341 τοῦ
1299 1286 1518 1341 πάντων
1556 1283 1776 1338 κτίστου
1813 1281 1911 1335 καὶ

323 1379 663 1453 δημιουργοῦ
708 1380 968 1458 Χριστοῦ,
1014 1379 1072 1432 ὃν
1123 1377 1306 1431 ἔτεκεν
1352 1378 1386 1447 ἡ
1428 1374 1679 1447 οὐράνιος
1723 1370 1910 1444 νύμφη

323 1468 542 1541 Μαρία,
576 1472 606 1523 ὁ
640 1469 869 1540 οὐρανὸς
899 1468 992 1522 καὶ
1023 1467 1148 1531 ναὸς
1176 1466 1269 1519 καὶ
1300 1464 1489 1537 θρόνος
1511 1464 1613 1534 τῆς
1638 1462 1911 1533 θεότητος,

323 1564 389 1617 τὸ
423 1562 788 1634 άνεκλάλητον
815 1561 908 1615 τοῦ
948 1560 1277 1632 παραδείσου
1314 1557 1618 1629 κειμήλιον.
1656 1554 1913 1625 Ἀγγελοι

323 1654 429 1727 τὴν
462 1653 606 1708 Εὕαν
629 1654 958 1726 ἐμέμφοντο,
989 1655 1106 1706 νυνὶ
1132 1653 1189 1707 δὲ
1215 1656 1313 1724 τὴν
1335 1651 1556 1723 Μαρίαν
1577 1651 1914 1717 δοξάζουσιν*

325 1748 363 1818 ἡ
400 1747 460 1799 τὸ
490 1745 715 1809 ἀσθενὲς
744 1744 854 1800 τῶν
888 1743 1162 1813 γυναικῶν
1199 1743 1402 1814 κυρίως
1431 1741 1723 1808 δοξάσασα,
1750 1744 1783 1813 ἡ
1814 1741 1912 1813 τὴν

2007 556 2166 602 terrae
2221 544 2557 615 mysterium.
2639 539 2983 610 Quapropter
3042 537 3133 592 ubi
3206 537 3587 606 cognoverunt

2005 653 2218 699 omnes,
2244 649 2464 690 rursum
2489 638 2715 703 apparet
2753 630 2911 684 stella
2932 629 3125 699 magis,
3148 627 3323 681 donec
3343 624 3588 679 venisset

2006 742 2174 798 supra
2204 725 2469 780 infantem
2500 723 2558 777 in
2592 720 2832 786 stabulo,
2874 718 2961 773 vel
2992 718 3176 788 potius
3204 717 3259 770 in
3302 716 3441 769 emlo
3472 712 3589 781 (ubi

2007 820 2155 883 enim
2190 818 2468 879 Christus,
2500 814 2577 869 ibi
2615 819 2671 869 et
2719 810 2982 880 coelum);
3029 823 3157 863 nam
3206 806 3485 863 stabulum
3518 805 3592 859 vi-

2009 927 2131 967 sum
2169 918 2253 966 est
2283 925 2406 966 esse
2430 908 2631 964 coelum
2668 906 2726 961 in
2764 914 2928 960 terra.
2964 902 3045 957 llli
3088 915 3219 956 vero
3256 914 3381 954 cum
3424 897 3594 952 vidis-

2011 1013 2135 1061 sent
2171 1004 2412 1062 stellam.
2462 1001 2572 1055 imo
2611 999 2794 1070 potius
2841 996 3206 1058 Salvatorem,
3246 992 3421 1065 gavisi
3468 998 3597 1045 sunt

2010 1098 2211 1170 gaudio
2243 1110 2441 1165 magno
2475 1112 2488 1148 :
2519 1100 2574 1151 et
2605 1094 2963 1148 incurvantes
2994 1105 3054 1144 se
3084 1088 3475 1150 adoraverunt,
3502 1082 3598 1136 oh-

2012 1193 2366 1260 tuleruutque
2400 1188 2566 1254 dona,
2612 1202 2831 1251 aurum,
2862 1185 3013 1249 thus,
3058 1190 3113 1238 et
3140 1178 3418 1252 myrrham
3453 1195 3467 1231 :
3502 1190 3600 1230 au-

2015 1301 2137 1340 rum
2167 1283 2389 1355 quidem
2429 1281 2581 1337 velut
2626 1280 2762 1351 regi,
2795 1279 2922 1335 thus
2954 1285 3133 1332 autem
3169 1282 3429 1344 tanquam
3464 1270 3596 1332 Deo,

2014 1385 2069 1433 et
2107 1375 2386 1447 myrrham
2432 1381 2693 1444 tauquam
2740 1371 2994 1438 mortali;
3025 1369 3113 1424 vel
3137 1367 3321 1438 potius
3364 1372 3424 1420 ut
3458 1363 3602 1418 indi-

2017 1475 2211 1524 carent
2267 1467 2609 1538 sepulturam
2655 1464 2926 1520 creatoris
2969 1469 3026 1518 et
3081 1459 3299 1532 opiﬁcis
3354 1457 3604 1512 omnium

2019 1563 2248 1626 Christi,
2282 1575 2444 1631 quem
2476 1558 2687 1629 peperit
2730 1570 2934 1626 sponsa
2973 1552 3215 1610 cmlestis
3256 1549 3448 1613 Maria,
3484 1560 3608 1617 qua:

2019 1662 2105 1712 est
2122 1654 2345 1717 coelum,
2370 1651 2656 1722 templum,
2685 1659 2736 1704 et
2764 1649 3000 1703 thronus
3016 1642 3342 1705 divinitatis,
3368 1638 3607 1709 inexpli-

2023 1747 2201 1802 cabile
2245 1742 2489 1815 paradisi
2547 1740 2773 1796 monile.
2817 1736 3014 1809 Angeli
3050 1733 3387 1790 accusabant
3416 1729 3610 1794 Evam,

328 1838 607 1893 πεσοῦσαν
638 1838 783 1893 Εῦαν
811 1840 1199 1910 ἀναστήσασα,
1219 1837 1312 1890 καὶ
1340 1836 1430 1890 τὸν
1457 1834 1794 1905 ἐκϐληθέντα
1818 1835 1914 1887 τοῦ

2040 1853 2171 1894 tunc
2214 1851 2343 1893 vero
2371 1834 2599 1890 Mariam
2643 1830 2818 1905 gloria
2857 1831 3293 1900 prosequuntur,
3331 1836 3453 1894 qua:
3491 1837 3614 1875 mu-

329 1933 666 2004 παραδείσου
711 1932 882 2003 Ἀδὰμ
909 1932 987 1995 εἰς
1031 1931 1297 2003 οὐρανοὺς
1338 1928 1725 1995 άποστείλασα,
1761 1929 1796 2000 ἡ
1828 1928 1919 1982 τὸν

326 2024 654 2078 κλεισθέντα
687 2024 1014 2095 παράδεισον
1042 2021 1322 2088 άνοίξασα,
1350 2022 1443 2076 καὶ
1472 2021 1558 2075 διὰ
1586 2021 1782 2094 λῃστοῦ
1811 2021 1921 2075 πά-

326 2114 417 2168 λιν
447 2114 539 2167 τὸν
575 2113 746 2183 Ἀδὰμ
776 2112 1258 2182 καταφυτεύσασα.
1294 2111 1394 2165 Διὰ
1420 2110 1513 2164 σοῦ
1539 2110 1649 2183 γὰρ
1675 2111 1736 2165 τὸ
1762 2112 1922 2184 μεσό-

328 2222 516 2276 τοιχον
553 2203 647 2257 τοῦ
688 2203 945 2275 φραγμοῦ
980 2204 1078 2276 τὴν
1111 2204 1312 2276 ἔχθραν
1347 2205 1663 2269 κατέλυσεν,
1709 2198 1756 2260 ὧ
1793 2204 1924 2274 ἁγία

330 2295 607 2366 Παρθένε·
645 2294 737 2347 διὰ
766 2293 861 2347 σοῦ
896 2297 930 2365 ὴ
964 2295 1215 2366 οὐράνιος
1242 2295 1431 2367 εἰρήνη
1462 2294 1542 2366 τῷ
1575 2295 1765 2366 κόσμῳ
1794 2294 1926 2348 ἐδω-

334 2388 505 2460 ρήθη,
540 2387 628 2440 διὰ
668 2385 760 2440 σοῦ
800 2385 868 2439 τά
902 2387 1112 2458 πέρατα
1143 2385 1244 2457 τῆς
1274 2386 1601 2459 οίκουμένης
1628 2384 1925 2456 ἐφωτίσθη,

332 2482 427 2536 διὰ
454 2479 549 2534 σοῦ
571 2479 848 2552 ἄνθρωποι
868 2479 1088 2549 ἄγγελοι
1112 2480 1392 2549 γεγόνασι,
1415 2479 1504 2534 διὰ
1527 2479 1621 2533 σοῦ
1649 2478 1812 2550 φίλοι,
1831 2480 1929 2533 καὶ

331 2575 539 2639 δοῦλοι,
568 2573 664 2627 καὶ
688 2573 855 2628 τέκνα
884 2571 1019 2627 Θεοῦ
1050 2571 1329 2645 ἄνθρωποι
1357 2571 1687 2645 ἐκλήθησαν,
1715 2571 1810 2626 καὶ
1839 2571 1929 2626 διά

336 2666 440 2722 σοῦ
468 2664 741 2718 σύνδουλοι
770 2664 1016 2734 ἀγγέλων
1040 2664 1134 2718 καὶ¹
1156 2664 1435 2735 συνόμιλοι
1460 2662 1738 2735 ἄνθρωποι
1765 2662 1929 2735 ἠξιώ-

334 2760 519 2832 θησαν
553 2757 837 2828 γενέσθαι-
859 2758 947 2813 διὰ
997 2757 1091 2812 σοῦ
1121 2757 1324 2828 γνῶσις
1353 2756 1624 2829 οὐράνιος,
1662 2757 1757 2810 καὶ
1786 2755 1934 2821 δοξο-

332 2852 502 2921 λογία
546 2851 654 2905 ἀπὸ
696 2851 800 2920 γῆς
849 2852 928 2913 εἰς
975 2850 1237 2921 οὐρανοὺς
1283 2846 1685 2920 ἀναπέμπεται·
1718 2847 1805 2902 διά
1838 2848 1933 2903 σοῦ

337 2940 661 3012 παρρησίαν
705 2938 980 3011 ἄνθρωποι
1012 2943 1070 2993 ἐν
1109 2939 1323 3012 οὐρανῷ
1373 2940 1511 3012 πρὸς
1549 2939 1641 2994 τὸν
1669 2940 1935 3011 ’Ὕψιστον

337 3033 554 3104 ἔχουσι’
585 3030 675 3085 διὰ
709 3030 803 3084 σοῦ
832 3032 1061 3104 σταυρὸς
1089 3030 1332 3103 ἕλλαμψε
1361 3032 1501 3086 κατὰ
1526 3033 1707 3105 πάσης
1737 3035 1837 3105 τῆς
1857 3035 1934 3088 ot-

2027 1930 2223 1985 lierum
2261 1926 2638 1981 inﬁrmitatem
2684 1935 2810 1977 vere
2862 1917 3160 1990 gloriosam
3191 1913 3450 1976 reddidit,
3494 1927 3615 1981 quae

2026 2021 2235 2092 lapsam
2273 2019 2443 2072 Evam
2478 2015 2674 2079 erexit,
2705 2022 2760 2068 et
2792 2011 3065 2066 Adamum
3099 2024 3129 2064 e
3168 2005 3429 2078 paradiso
3466 2003 3615 2071 deje~

2025 2119 2174 2168 ctum
2198 2109 2255 2164 in
2291 2108 2462 2164 caelos
2487 2105 2674 2172 misit;
2702 2116 2825 2174 qua:
2850 2101 3165 2172 paradisum
3198 2099 3448 2154 clausqu
3482 2108 3614 2163 ape-

2026 2205 2160 2271 ruit,
2184 2209 2238 2259 et
2263 2215 2360 2273 per
2386 2201 2658 2255 latronem
2691 2210 2916 2252 rursum
2958 2193 3229 2248 Adamum
3271 2187 3615 2257 complauta-

2027 2299 2124 2351 vit.
2159 2295 2263 2351 Per
2296 2301 2350 2348 te
2396 2292 2565 2357 enim,
2610 2304 2643 2345 ο
2679 2294 2870 2344 saneta
2910 2284 3099 2355 Virgo,
3136 2282 3350 2338 medius
3395 2279 3618 2334 obstru-

2028 2387 2233 2443 ctionis
2264 2383 2446 2455 paries
2477 2379 2804 2437 inimicitias
2827 2374 3113 2441 dissolvit;
3147 2387 3244 2443 per
3278 2379 3332 2425 te
3359 2385 3461 2440 pax
3500 2381 3619 2422 caa-

2029 2478 2184 2534 lestis
2218 2476 2423 2531 donata
2452 2481 2538 2530 est
2564 2471 2792 2536 mundo,
2816 2484 2913 2541 per
2950 2476 3002 2523 te
3030 2465 3281 2521 homines
3329 2462 3461 2518 facti
3492 2470 3622 2530 sunt

2031 2570 2233 2640 angeli,
2270 2583 2365 2639 per
2397 2575 2452 2623 te
2485 2563 2740 2622 homines
2775 2557 3031 2633 appellati
3063 2564 3195 2614 sunt
3226 2555 3414 2622 amici,
3449 2553 3618 2615 servi,

2031 2667 2087 2716 et
2119 2658 2215 2713 ﬁlii
2245 2656 2365 2721 Dei,
2397 2670 2495 2727 per
2545 2660 2599 2710 te
2639 2651 2896 2709 homines
2947 2651 3272 2704 meruerunt
3317 2658 3444 2700 esse
3490 2655 3626 2698 con-

2035 2752 2179 2809 servi
2230 2749 2576 2820 angelorum,
2612 2754 2669 2801 et
2719 2758 2847 2801 cum
2876 2742 2958 2799 eis
3003 2737 3350 2796 familiariter
3392 2749 3624 2792 conver-

2038 2845 2174 2910 sari,
2206 2860 2303 2916 per
2331 2851 2385 2898 te
2411 2841 2607 2898 notitia
2632 2838 2878 2895 caelestis
2912 2852 2943 2892 a
2971 2843 3120 2892 terra
3148 2831 3545 2915 transmittitur
3570 2829 3625 2883 in
3710 2848 3715 2849 ν

2036 2910 2243 3008 caelos;
2272 2952 2390 3008 -per
2433 2945 2486 2991 te
2531 2932 2783 2989 homines
2830 2929 3085 2985 ﬁduciam
3127 2910 3331 2981 habent
3379 2924 3434 2978 in
3486 2921 3629 2977 coelo

2037 3046 2164 3102 erga
2198 3028 2574 3095 Altissimum;
2619 3040 2721 3096 per
2749 3031 2802 3079 te
2840 3038 2976 3078 crux
3007 3016 3348 3090 resplenduit
3378 3031 3476 3086 per
3508 3014 3631 3067 uni-

270 3148 275 3153 ·
335 3124 640 3226 κουμένης,
670 3116 800 3226 ἐνμιῖι
831 3122 1121 3226 τὺυβρέφος
1173 3140 1267 3178 σου
1323 3123 1597 3195 ἐκρέματο
1642 3123 1877 3196 Χριστὸς
1906 3126 1934 3178 ό

2040 3137 2257 3178 versam
2285 3128 2515 3184 terram,
2545 3118 2599 3172 in
2626 3131 2734 3188 qua
2764 3114 2983 3185 quidem
3008 3126 3171 3167 cruce
3203 3108 3460 3181 pependit
3484 3106 3628 3160 [ilius

2051 3223 2059 3226 _
2221 3212 2277 3226 nl
2332 3213 2343 3224 υ
2383 3219 2394 3226 .
2518 3209 2554 3226 n
2705 3224 2729 3226 μ
2753 3214 2923 3226 --.___
2962 3221 3058 3226 _.-_
3082 3215 3130 3226 ι-
3164 3218 3311 3226 ...Α-..ι
3346 3200 3603 3226 ΛΛ--Λ-11Λη

338 3215 479 3278 Θεὸς
510 3213 688 3285 ἡμῶν·
725 3212 813 3267 διά
843 3213 937 3267 σοῦ
963 3213 1192 3278 θάνατος
1217 3216 1490 3277 πατεῖται,
1520 3214 1615 3267 καὶ
1645 3213 1780 3286 ᾅδης
1804 3231 1935 3268 σκυ-

342 3303 587 3357 λεύεται·
617 3301 707 3358 διὰ
740 3302 834 3356 σοῦ
865 3305 933 3356 τὰ
981 3303 1174 3357 εἴδωλα
1220 3301 1565 3368 πεπτώκασι,
1609 3305 1704 3358 καὶ
1737 3304 1939 3373 γνῶσις

356 3395 601 3465 οὔράνιος
637 3396 952 3465 ἐγήγερται·
984 3394 1073 3449 διά
1106 3394 1200 3448 σοῦ
1230 3395 1322 3448 τὸν
1372 3394 1640 3465 μονογενῆ
1684 3396 1817 3450 Υίὸν
1845 3397 1941 3450 τοῦ

358 3486 488 3539 Θεοῦ
519 3485 864 3557 ἐγνώκαμεν,
905 3486 964 3540 ὃν
996 3486 1201 3553 ἔτεκες,
1255 3488 1499 3555 παναγία
1536 3488 1803 3560 Παρθένε,
1852 3489 1943 3544 τὸν

350 3576 557 3649 Κύριον
583 3576 744 3648 ἡμῶν
777 3578 986 3649 Ἰησοῦν
1018 3578 1275 3650 Χριστὸν,
1305 3570 1350 3646 ᾧ
1376 3579 1577 3642 πάντες
1598 3579 1821 3649 ἄγγελοι
1850 3580 1945 3634 καὶ

345 3666 635 3739 ἄνθρωποι
673 3666 1111 3739 προσκυνοῦντες
1139 3667 1399 3739 λέγομεν,
1434 3669 1673 3741 ἄναρχον
1700 3671 1790 3724 τὸν
1824 3671 1942 3725 Πα-

344 3756 512 3829 τέρα,
549 3757 783 3830 ἄναρχον
806 3759 897 3812 τὸν
929 3759 1080 3828 Υίδν,
1112 3758 1347 3832 ἄναρχον
1387 3759 1449 3813 τὸ
1496 3761 1649 3831 ἆγιον
1699 3760 1944 3832 Πνεῦμα,

346 3851 570 3922 Τριάδα
602 3850 907 3923 ἀχώριστον
932 3853 1027 3906 καὶ
1050 3853 1335 3924 όμοούσιον
1364 3852 1681 3921 δοξάζοντες
1718 3855 1799 3918 εἰς
1823 3855 1950 3918 τοὺς

348 3941 565 4007 αἰῶνας
589 3943 699 3998 τῶν
724 3943 957 4000 αἰώνων.
1006 3945 1199 4018 Ἀμήν.

1111 4162 1203 4232 ς’.

793 4277 971 4336 ποιοῦ
1006 4279 1113 4334 τοῦ
1140 4278 1211 4333 ἐν
1241 4279 1432 4349 ἁγίοις
1452 4277 1680 4346 Πατρός
1713 4277 1883 4347 ἡμῶν

597 4349 946 4421 Ἐὲτιφανίου
975 4349 1337 4414 ἐπισκόπου,
1366 4349 1500 4419 περὶ
1531 4350 1747 4404 Βατων.

451 4448 511 4500 '0
538 4445 628 4501 ὑπ’
659 4443 909 4514 ἀγγέλων
938 4442 1214 4513 ἀσιγήτως
1241 4440 1665 4512 άνυμνούμενος,
1690 4442 1784 4494 καὶ
1807 4437 1955 4504 δοξο-

446 4281 547 4338 ⁹Ε¹κ
572 4282 762 4352 λόγου

2045 3223 2175 3269 tuus
2217 3212 2470 3267 Christus
2518 3209 2659 3266 Deus
2704 3214 2926 3274 noster;
2962 3215 3133 3276 perte
3164 3218 3314 3257 mors
3341 3200 3630 3256 conculca-

2043 3315 2152 3369 tur,
2189 3312 2242 3361 et
2275 3303 2542 3375 spoliatur
2566 3300 2852 3367 infernus;
2896 3313 2992 3367 per
3027 3304 3081 3352 tc
3111 3294 3431 3350 ceciderunt
3460 3290 3628 3354 idola,

2043 3409 2096 3456 et
2129 3400 2363 3457 excitata
2392 3404 2479 3453 est
2512 3394 2706 3450 notitia
2744 3390 3019 3458 cmlestis;
3049 3403 3143 3459 per
3177 3395 3228 3442 te
3271 3383 3631 3455 cognovimus

2045 3492 2390 3563 unigenitum
2438 3486 2636 3543 Filium
2681 3484 2799 3549 Dei,
2847 3497 3035 3554 quem,
3064 3479 3417 3535 sanctissima
3445 3476 3628 3545 Virga,

2047 3581 2327 3653 peperisti,
2345 3578 2638 3634 Dominum
2667 3581 2917 3630 nostrum
2941 3569 3128 3626 Jesum
3146 3567 3448 3632 Christum,
3474 3579 3633 3632 quem

2046 3688 2247 3741 omnes
2281 3670 2459 3742 angeli
2507 3677 2671 3738 atque
2714 3665 2967 3721 homines
3029 3661 3349 3721 adorantes,
3401 3655 3635 3710 dicimus

2050 3763 2325 3836 principio
2345 3767 2623 3817 carentem
2650 3757 2893 3821 Patrem,
2920 3761 3198 3809 carentem
3241 3748 3514 3821 principio
3548 3744 3637 3798 Fi-

2051 3858 2206 3922 lium,
2261 3866 2315 3911 et
2375 3851 2647 3925 principio
2697 3858 2973 3905 carentem
3031 3843 3298 3916 Spiritum
3362 3846 3638 3900 sanctum,

2050 3950 2378 4005 Trinitatem
2419 3946 2758 4003 individuam
2800 3952 2857 4001 et
2899 3930 3432 3999 consubstantialem
3474 3935 3642 4007 glori-

2053 4043 2281 4094 lieantes
2306 4037 2361 4091 in
2392 4035 2592 4092 saecula
2618 4034 2972 4091 sazculorum.
3001 4030 3196 4085 Amen.

2794 4147 2883 4203 γι.

2053 4267 2238 4325 Sancti
2279 4263 2562 4334 Epiphanii
2600 4262 2656 4316 in
2690 4260 2832 4330 festo
2862 4257 3179 4334 Pugnorum
3206 4252 3467 4309 orationis
3498 4250 3644 4322 frag.

2648 4329 2881 4388 mentum
2919 4329 3054 4403 (76).

2133 4429 2238 4496 Qui
2261 4428 2330 4485 ab
2357 4426 2566 4498 angelis
2595 4422 2816 4481 assidue
2840 4418 3171 4493 praedicatur
3214 4425 3269 4472 et
3298 4415 3538 4480 canitur,
3568 4413 3649 4467 in-

360 4510 720 4608 λογούμενος,
744 4510 896 4588 κάτω
923 4532 1000 4597 ὡς
1028 4510 1315 4602 άννθρωπος
1339 4510 1631 4600 γονυπετεῖ
1664 4527 1742 4599 τῷ
1780 4530 1934 4597 Πατρ

2066 4521 2168 4588 ira,
2199 4530 2461 4592 tanquam
2504 4519 2688 4581 homo,
2729 4514 2880 4570 Patri
2925 4526 3102 4585 genua
3145 4510 3334 4573 ﬂectit,
3366 4515 3421 4563 et
3460 4521 3652 4577 preca-

363 4632 467 4687 καὶ
495 4629 733 4701 εὔχεταισ
767 4626 865 4681 καὶ
893 4625 1004 4681 ἄνω
1043 4623 1206 4689 αὐτὸς
1247 4623 1353 4677 ὑπὸ
1396 4622 1579 4694 πάσης
1625 4620 1829 4693 ὁρατῆς
1865 4619 1962 4673 καὶ

366 4722 611 4795 ἀοράτου
642 4718 873 4782 κτίσεως
897 4717 1062 4789 εὐχὰς
1087 4714 1182 4770 καὶ
1207 4712 1555 4784 γονυκλισίας
1583 4711 1960 4784 προσδέχεται.

366 4814 545 4872 Κάτω
577 4813 741 4884 πεινᾷ
767 4811 844 4875 ὡς
870 4809 1177 4882 ἄνθρωπος,
1208 4806 1416 4862 ἄνωθεν
1447 4805 1505 4859 δὲ
1533 4805 1563 4858 ό
1596 4804 1756 4869 αὐτὸς
1792 4801 1964 4857 ἐλθὼν

368 4906 543 4979 ἄρτος
561 4904 814 4974 οὐράνιος
838 4900 968 4973 διψᾷ
996 4899 1376 4971 οἱκονομικῶςο
1416 4895 1534 4952 ἀλλ’
1573 4895 1735 4959 αὐτός
1762 4899 1909 4951 ἐστιν
1931 4896 1965 4965 ἠ

369 4998 535 5071 πηγὴ
572 4996 670 5064 τῆς
710 4996 858 5068 ζωῆς
897 4992 1236 5066 θεοπρεπῶς.
1283 4991 1450 5047 Κάτω
1488 4990 1659 5062 κοπιᾷ
1695 4987 1837 5044 κατὰ
1868 4987 1967 5059 τὴν

372 5089 705 5164 πρόσληψιν-
752 5087 868 5143 ἀλλ’
902 5086 1065 5150 αὐτός
1109 5087 1258 5139 ἐστιν
1298 5084 1332 5156 ἡ
1377 5083 1487 5138 τῶν
1519 5079 1835 5136 κοπιώντων
1877 5080 1970 5134 καὶ

375 5180 831 5253 πεφορτισμένων
862 5179 1190 5243 ἀνάπαυσις.
1236 5174 1411 5240 Αὐτὸς
1442 5168 1598 5239 οὗτός
1635 5174 1785 5227 ἐστιν
1812 5172 1841 5225 ὁ
1873 5172 1969 5244 σή-

382 5290 552 5347 μερον
585 5273 681 5327 ἐπὶ
711 5272 804 5326 τὸν
841 5270 1071 5326 θάνατον
1101 5266 1362 5332 ἑκουσίως
1390 5265 1706 5339 ἐρχόμενος,
1740 5264 1829 5320 ἵνα
1855 5263 1969 5334 (75)

379 5365 476 5421 τοῦ
515 5364 650 5420 ίδίου
679 5362 912 5418 θανάτου
946 5359 1288 5431 καταργήσει
1326 5357 1422 5414 τόν
1456 5357 1519 5413 τὸ
1547 5357 1749 5430 κράτος
1779 5357 1972 5429 ἔχοντα

367 5456 467 5512 τοῦ
512 5453 768 5520 θανάτου,
798 5451 894 5508 καὶ
915 5450 1215 5506 ἀθανασίαν
1239 5448 1599 5522 χαριζόμενος
1622 5449 1737 5513 τοῖς
1761 5448 1854 5503 ὑπ’
1877 5448 1975 5502 αὐ·-

374 5546 480 5602 τοῦ
507 5545 757 5619 θνήξασι,
794 5542 863 5598 δι’
894 5541 1196 5607 ἀθανασίας
1229 5540 1424 5596 ἐλπίδα
1449 5538 1839 5595 δελεασθεῖσιν.
1875 5539 1975 5596 Διὰ

376 5636 545 5696 τοῦτο
582 5634 941 5708 παρεγένετο,
990 5634 1054 5690 οὐ
1100 5632 1364 5707 σκῆπτρα
1397 5633 1495 5691 καὶ
1534 5632 1842 5704 σάλπιγγας
1879 5632 1977 5686 ἐπ-

459 5792 574 5866 (75)
607 5789 767 5849 Deest
793 5790 899 5847 διά.

2066 4625 2193 4680 tur;
2251 4628 2418 4683 supra
2461 4612 2531 4666 ab
2572 4610 2724 4666 omni
2771 4605 3117 4678 aspectabili,
3165 4612 3217 4658 et
3269 4597 3651 4671 inaspectabili

2066 4716 2320 4763 creatura
2356 4717 2569 4774 preces,
2596 4710 2652 4757 et
2676 4697 3087 4773 genuﬁexiones
3116 4694 3318 4764 accipit
3346 4712 3360 4749 :
3389 4691 3529 4747 infra
3555 4706 3652 4745 au-

2067 4806 2174 4852 tem
2217 4794 2457 4851 hominis
2496 4794 2674 4846 instar
2705 4789 2904 4846 esurit.
2949 4786 3091 4840 Idem
3140 4781 3384 4837 caelestis
3433 4794 3501 4834 ex
3542 4779 3654 4831 alto

2068 4886 2229 4957 panis
2263 4886 2489 4940 veniens
2534 4897 2602 4938 ex
2641 4877 3052 4950 dispensatione
3085 4874 3236 4928 sitim
3281 4872 3499 4935 tolerat,
3528 4883 3653 4923 cum

2069 4979 2187 5048 ipse
2218 4979 2291 5033 sit
2321 4976 2446 5032 vitae
2477 4973 2604 5028 fons
2636 4971 2745 5026 Deo
2777 4970 3016 5040 dignus;
3059 4965 3203 5019 inira
3237 4961 3540 5018 secundum
3567 4974 3655 5015 as-

2071 5075 2345 5139 sumptam
2380 5074 2631 5119 naturam
2673 5061 3044 5128 laborat,cum
3074 5055 3146 5109 sit
3178 5051 3549 5107 laborantium
3603 5057 3658 5104 et

2072 5170 2428 5217 oneratorum
2459 5155 2698 5225 requies.
2742 5150 2845 5206 Hic
2879 5149 3001 5219 ipse
3030 5155 3137 5212 est,
3165 5146 3260 5217 qui
3306 5144 3376 5200 ad
3423 5151 3656 5198 mortem

2071 5255 2234 5312 hodie
2256 5264 2450 5325 sponte
2473 5265 2575 5305 sua
2604 5252 2882 5319 properat,
2909 5244 2991 5299 uti
3021 5250 3194 5297 morte
3216 5255 3315 5297 sua
3343 5237 3536 5295 mortis
3558 5237 3664 5289 im~

2075 5350 2288 5422 perium
2329 5347 2624 5402 habentem
2665 5345 2976 5411 expungat;
3008 5343 3064 5391 et
3095 5335 3164 5391 iis
3185 5333 3277 5404 qui
3314 5331 3461 5387 illius
3492 5343 3658 5398 opera

2075 5420 2280 5498 mortui
2314 5443 2494 5501 erant,
2533 5444 2586 5491 et
2621 5428 3056 5488 immortalitatis
3087 5441 3186 5498 spe
3221 5425 3373 5481 velut
3402 5420 3659 5476 illecebra

2076 5533 2243 5606 capti,
2284 5526 2752 5586 immortalitatem
2776 5523 3004 5579 tribuat.
3047 5520 3344 5593 Propterea
3370 5512 3521 5571 venit
3548 5512 3663 5576 ille,

2076 5641 2187 5685 non
2218 5631 2459 5695 sceptra,
2507 5634 2617 5678 non
2647 5617 2813 5675 tubas
2852 5614 3171 5688 praeferens,
3217 5611 3316 5670 sed
3361 5614 3661 5666 extremam

2155 5782 2267 5856 (76)
2303 5778 2563 5859 Dionysio
2591 5774 2815 5834 Petavio
2846 5773 3174 5843 interprete.
