3988 6430
458 358 561 412 505

1769 346 1972 402 DUBlA
2012 348 2152 405 AUT
2197 348 2470 405 SPURIA.

3593 355 3676 412 504

461 474 699 544 in0piam
724 485 1042 542 ostentans;
1077 490 1186 530 non
1217 474 1451 546 gladios,
1478 492 1583 532 non
1609 492 1784 542 arma,
1815 492 1924 532 non
1956 477 2052 531 ha-

2169 479 2442 549 ιγόμενος,
2479 476 2614 530 ἀλλά
2658 475 2927 547 πτωχείαν
2966 472 3197 544 ἐσχάτην
3228 469 3681 541 ἐνδεικνύμενος-οὕ

460 576 594 630 stas,
629 569 722 624 sed
747 584 1016 623 summam
1050 585 1158 639 pra:
1183 585 1242 624 se
1268 569 1634 624 humilitatem
1663 570 1904 637 habens;
1937 585 2046 624 non

461 669 728 726 armatos,
759 677 867 715 non
899 662 1120 732 clypeos
1152 662 1420 717 obductos
1455 678 1610 726 auro,
1646 678 1822 734 neque
1868 672 2046 731 scuta,

461 751 696 820 galeam,
721 763 813 806 aut
856 753 1106 817 loricam,
1165 753 1258 809 sed
1294 755 1769 811 mansuetudinem
1807 755 2049 825 singula-

462 861 602 907 rem,
641 845 1014 900 innocentiam
1064 862 1356 911 summam,
1397 848 1823 902 moderationem
1865 847 2050 901 inlini-

464 945 598 1000 tam,
626 936 889 992 Dominus
919 939 1172 993 Christus
1220 937 1365 994 Deus
1403 940 1455 992 in
1501 941 1653 994 Sion.
1691 940 1756 992 Et
1788 949 2050 993 commota

463 1041 538 1089 est
562 1072 575 1093 ,
612 1030 806 1100 inquit,
855 1033 1102 1085 universa
1137 1033 1346 1095 civitas,
1397 1031 1616 1086 dicens:
1649 1032 1780 1098 Quis
1819 1043 1894 1085 est
1927 1033 2054 1087 hic?

469 1122 660 1176 Tui-bit
703 1133 877 1177 autem
908 1124 1152 1178 dicebant
1182 1142 1199 1178 :
1236 1125 1339 1179 llic
1372 1135 1448 1180 est
1491 1125 1734 1180 Christus
1767 1126 1912 1194 ﬁlius
1942 1124 2054 1178 Da-

465 1215 550 1268 vid
584 1216 622 1269 ¹.
659 1217 724 1270 Ει
757 1217 1039 1286 ingressus
1070 1218 1124 1271 in
1166 1219 1450 1289 templum,
1483 1219 1573 1288 qui
1605 1235 1731 1273 vere
1758 1220 1874 1288 ipse
1909 1228 2046 1274 tem-

466 1305 615 1373 plum
644 1314 782 1368 erat,
809 1322 982 1377 eoque
1017 1309 1307 1372 sacratior,
1331 1310 1479 1378 ipsos
1509 1325 1730 1379 quoque
1760 1309 1828 1363 de
1845 1312 2053 1380 templo

465 1397 728 1463 nefarios,
765 1417 829 1453 ac
874 1400 1160 1463 scelestos,
1194 1409 1247 1455 et
1293 1400 1538 1470 perditos
1573 1402 1887 1457 sacerdotes
1922 1402 2056 1455 edu-

466 1492 563 1544 xit.
607 1492 676 1543 At
711 1492 865 1560 pueri
914 1493 1311 1556 sacratissime,
1349 1507 1412 1546 ac
1441 1492 1807 1559 divinissime,
1844 1501 2056 1548 stantes

464 1585 521 1638 in
565 1584 790 1654 templo,
849 1584 1334 1642 vociferabantur:
1376 1583 1632 1640 Hosanna
1686 1584 1797 1640 Deo
1843 1585 2054 1655 templi,

463 1673 684 1729 Christo
736 1673 906 1730 Jesu:
956 1675 1214 1730 "osanna
1263 1676 1375 1744 ﬁlio
1412 1677 1604 1739 David,
1640 1679 1733 1748 qui
1780 1692 1970 1748 pacem
2005 1679 2058 1731 in

465 1767 608 1823 ccelo
663 1767 914 1837 largitur,
955 1775 1010 1820 et
1061 1767 1116 1820 in
1165 1769 1399 1824 excelsis
1439 1769 1689 1839 gloriam.
1739 1767 1785 1822 Ο
1843 1768 2058 1822 beatam

2157 572 2284 642 ξίῳη
2330 572 2423 625 καὶ
2463 570 2602 624 ὅπλα
2636 573 2729 623 καὶ
2757 570 2981 640 δόρατα,
3024 567 3157 620 ἀλλὰ
3193 565 3506 618 ταπείνωσιν
3540 565 3684 638 ἄκραν

2159 665 2476 735 φερᾶμενοςο
2525 663 2622 734 οὐχ
2665 661 3017 731 ὁπλοφόρους,
3049 659 3149 711 οὐκ
3179 656 3407 718 ἀσπίδας
3431 657 3686 726 χρυσοκολ-

2157 756 2351 825 λήτους
2400 751 2490 806 καί
2542 753 2768 824 θυρεοὺς
2810 753 2903 804 καὶ
2953 749 3154 819 κράνος
3191 748 3283 800 καὶ
3324 746 3550 817 θώρακα,
3579 745 3690 798 ἀλλὰ

2161 849 2442 918 πραότητα
2475 847 2668 915 ἄκραν,
2707 845 2804 898 καὶ
2831 842 3067 896 ἀκακίαν
3099 841 3352 910 ἄμετρον,
3393 840 3480 890 καὶ
3513 836 3692 908 μετριό-

2159 957 2298 1010 τητα
2329 941 2426 1010 τὴν
2460 938 2599 1007 ὑπὲρ
2643 936 2895 1007 μέτρον,ὁ
2931 934 3134 1005 Κύριος
3173 930 3420 1001 Χριστὸς,
3446 929 3473 980 ὀ
3502 928 3617 992 Θεὸς
3647 929 3694 981 ἐν

2162 1031 2315 1084 Σιών.
2351 1029 2457 1083 Kal
2485 1029 2756 1096 ἐσείσθη,
2795 1027 2947 1096 φησὶ,
2980 1025 3148 1078 πᾶσα
3183 1023 3219 1090 ἡ
3254 1024 3424 1086 πόλις
3447 1021 3695 1088 λέγουσα,

2167 1125 2262 1188 Τίς
2291 1123 2463 1176 ἐστιν
2497 1118 2708 1186 οὗτος
2747 1122 2808 1171 Ol
2839 1118 2906 1170 δὲ
2939 1117 3109 1186 ὄχλοι
3133 1117 3364 1183 ἔλεγον,
3393 1109 3566 1177 Οὗτός
3591 1113 3700 1165 ἐστι

2162 1217 2417 1284 Χριστός
2447 1217 2479 1268 ὀ
2509 1213 2640 1279 υἱὸς
2670 1211 2861 1266 Δαϐίδ.
2905 1211 3015 1264 Καὶ
3047 1206 3300 1262 εἰσελθὼν
3333 1207 3408 1268 είς
3433 1204 3487 1258 τὸ
3512 1204 3634 1275 ἱερὸν
3677 1206 3700 1257 ὁ

2162 1309 2331 1370 ὅντως
2362 1310 2486 1370 ναὸς
2534 1307 2629 1359 καὶ
2663 1305 2794 1368 Θεὸς
2822 1307 2850 1358 ὁ
2896 1301 3184 1374 ἱερώτερος
3215 1301 3310 1353 καὶ
3341 1297 3430 1352 τοῦ
3465 1296 3616 1368 ἱεροῦ,
3635 1294 3705 1361 ἐξ·

2163 1402 2359 1471 ήνεγκε
2388 1399 2483 1452 καὶ
2512 1398 2637 1460 τοῦς
2675 1397 2904 1466 μιαροὺς
2940 1396 3103 1464 ἱερεῖς
3127 1393 3252 1456 τοῦς
3283 1389 3608 1460 παρανόμους
3630 1388 3706 1442 καὶ

2165 1493 2554 1563 κακοτρόπους.
2588 1491 2650 1544 Οἱ
2689 1489 2743 1541 δὲ
2779 1487 2968 1550 παῖδες
2994 1481 3339 1556 ἱεροπρεπῶς
3371 1481 3402 1552 ἢ
3430 1477 3704 1551 θεοπρεπῶς

2165 1589 2223 1639 ἐν
2253 1585 2329 1654 τῷ
2361 1582 2492 1657 ἱερῷ
2517 1581 2610 1635 τοῦ
2643 1580 2776 1634 Θεοῦ
2819 1578 3072 1638 ἑστῶτες,
3136 1573 3364 1628 Ὡσαννά
3393 1572 3468 1642 τῷ
3503 1570 3607 1640 Θεῴ
3630 1569 3707 1623 τοῦ

2170 1678 2314 1752 ἱεροῦ
2363 1674 2584 1747 Χριστῷ
2623 1673 2702 1744 τῷ
2757 1671 2933 1741 Ἰησοῦ
2983 1666 3307 1740 ἀνέκραζονο
3361 1664 3605 1720 Ὡσαννὰ
3645 1662 3708 1727 τῷ

2169 1770 2276 1835 υἱῷ
2310 1769 2506 1834 Δαόὶδ,
2531 1765 2858 1836 δωρουμένῳ
2881 1764 3105 1835 εἰρήνην
3135 1764 3191 1814 ἐν
3215 1759 3444 1830 οὐρανῷ,
3471 1759 3556 1812 καὶ
3579 1757 3707 1823 δόξαν

466 1858 839 1914 Ecclesiarum
867 1857 1366 1928 exspectationem!
1411 1875 1443 1912 ο
1470 1862 1683 1914 beatam
1713 1859 2059 1913 Christiano-

2169 1867 2221 1917 ἐν
2246 1863 2510 1932 ὑψίστοις.
2530 1861 2813 1930 Μακάριαι
2840 1857 2948 1910 τῶν
2975 1854 3314 1924 Ἐκκλησιῶν
3335 1855 3389 1906 αἱ
3407 1849 3705 1923 προσδοκίαιί

466 1965 589 2005 rum
632 1965 803 2019 spem,
854 1950 946 2020 qui
985 1951 1220 2021 principi
1269 1952 1419 2020 pacis
1455 1967 1516 2005 ac
1559 1951 1889 2005 moderatori
1939 1965 2057 2005 cre-

466 2042 626 2106 dunt,
665 2051 718 2096 et
751 2043 901 2112 pacis
938 2058 1068 2112 opes
1104 2045 1419 2113 possident!
1457 2044 1707 2098 homines
1738 2045 2054 2113 angelorum

467 2131 773 2201 municipes
796 2131 922 2186 facti
957 2141 1120 2186 sunt:
1147 2149 1402 2203 suprema
1425 2149 1548 2187 cum
1584 2133 1784 2187 inlimis
1805 2133 2058 2187 Christus

467 2224 698 2278 invicem
733 2225 1086 2294 permiscuit;
1131 2241 1257 2278 cum
1306 2225 1646 2294 incorporeis
1687 2225 1861 2278 lutcos
1885 2240 2054 2294 copu-

468 2315 618 2369 lavit.
655 2315 900 2371 Gaudete
929 2317 983 2370 in
1013 2318 1236 2372 Christo
1259 2358 1271 2381 ,
1304 2317 1568 2386 gaudete;
1605 2317 1783 2371 dicam
1817 2317 2011 2371 iterum
2043 2336 2054 2370 :

467 2402 732 2459 Gaudete.
763 2403 952 2460 Gaude
994 2407 1309 2471 admodum,
1345 2406 1453 2459 ﬁlia
1485 2406 1639 2472 Sion,
1677 2421 1816 2462 nova
1865 2406 2058 2460 Hieru-

467 2497 662 2559 salem,
691 2496 781 2551 Dei
814 2496 1100 2562 Ecclesia;
1133 2500 1346 2553 intuere
1374 2514 1574 2555 arcana
1618 2499 2059 2555 solemnisistius

469 2589 773 2660 mysteria;
826 2605 991 2660 supra
1025 2592 1208 2644 omnia
1256 2605 1379 2660 quae
1423 2592 1678 2646 videntur
1713 2607 1965 2657 excurrc,
1995 2603 2060 2674 .ut

468 2695 591 2751 qua?
622 2681 864 2736 externis
895 2699 957 2734 ac
986 2683 1338 2737 scnsibilibns
1365 2685 1536 2755 signis
1577 2685 2056 2744 administrantur,

472 2774 778 2831 sublimiori
829 2775 1068 2844 qundam
1125 2790 1290 2829 sensu
1344 2777 1814 2847 intclligcntiaque
1863 2792 2061 2846 cogno-

470 2881 616 2923 scas.

542 2959 715 3030 Cujus
743 2960 822 3014 rei
846 2974 1014 3017 causa
1041 2961 1295 3016 videlicet
1320 2958 1500 3026 Jesus,
1530 2959 1622 3030 qui
1645 2959 1926 3029 nunquam
1951 2960 2058 3015 nisi

470 3051 706 3124 pedibus
737 3053 839 3108 iter
867 3051 1049 3108 facere
1079 3059 1467 3116 consueverat,
1498 3051 1602 3106 hoc
1631 3051 1901 3106 duntaxat
1927 3059 2061 3105 tem-

469 3161 606 3218 pore
646 3153 798 3216 tergo
840 3146 1068 3215 pecudis
1098 3145 1319 3210 insedit,
1353 3145 1606 3200 sublatus
1639 3145 1776 3214 ipse,
1812 3152 1867 3199 et
1901 3159 2057 3198 suam

2165 1957 2450 2026 Μακάριαι
2471 1953 2577 2007 τῶν
2598 1950 2940 2023 Χριστιανῶν
2971 1950 3026 2002 αἱ
3049 1947 3267 2009 ἐλπίδες
3287 1949 3300 1998 !
3335 1943 3424 2014 Τῷ
3444 1943 3709 2015 είρηνάρχῳ

2167 2048 2537 2108 πιστεύοντες,
2586 2046 2618 2115 ἦ
2655 2043 2753 2114 τὴν
2784 2043 3006 2113 εἰρήνην
3042 2038 3442 2108 πλουτήσαντες
3475 2033 3709 2104 ἄνθρωποι

2166 2141 2412 2210 ἀγγέλων
2444 2156 2506 2190 συ
2517 2137 2772 2208 μπολῖται
2798 2133 3076 2202 γεγόνασι·
3101 2131 3171 2183 τὰ
3191 2130 3304 2183 ἄνω
3326 2128 3418 2182 καὶ
3443 2128 3580 2180 κάτω
3603 2128 3708 2178 ἀνα-

2171 2235 2264 2304 μὶξ
2299 2232 2533 2305 Χριστος
2577 2229 2862 2298 πεποίηκε’
2892 2228 3004 2288 τοῖς
3037 2222 3355 2294 ἀσωμάτοις
3381 2220 3502 2282 τοὺς
3531 2216 3710 2287 χοῖκοῦς

2166 2329 2363 2397 ἦνωσε.
2411 2323 2645 2395 Χαίρετε
2708 2323 2764 2373 ἐν
2813 2315 3052 2390 Χριστῷ·
3100 2315 3266 2369 πάλιν
3321 2311 3449 2384 ἐρῶ,
3497 2308 3708 2380 Χαίρετε.

2166 2422 2337 2488 Χαῖρε
2380 2417 2605 2487 σφόδρα,
2637 2413 2876 2483 θύγατερ
2907 2409 3066 2474 Σιὼν,
3102 2410 3135 2480 ἡ
3171 2407 3270 2460 νέα
3318 2399 3713 2476 ’1ερουσαλὴμ,ἠ

2165 2514 2260 2567 τοῦ
2306 2510 2440 2565 Θεοῦ
2493 2507 2809 2577 Ἐκκλησία·
2858 2505 3134 2573 σκόπησον
3178 2501 3249 2554 τε
3294 2500 3390 2570 τῆς
3430 2495 3604 2567 ἑορτῆς
3638 2507 3710 2544 σου

2172 2602 2575 2675 μυστικώτερα⁹
2613 2598 2790 2672 δράμε
2828 2593 2934 2648 τῶν
2962 2593 3259 2666 ὁρωμένων
3286 2589 3614 2661 ὑψηλότερον,
3645 2583 3714 2639 ἵνα

2168 2697 2310 2767 γνῷς
2344 2691 2704 2762 ἀναγωγικῶς
2730 2689 2823 2744 καί
2851 2688 2917 2743 τὰ
2951 2685 3228 2757 αἰσθητῶς
3251 2682 3559 2753 τελούμενα.

2241 2981 2397 3043 Τίνος
2445 2980 2604 3050 χάριν
2648 2980 2676 3031 ὁ
2723 2978 2898 3046 πάντη
2948 2975 3255 3044 πεζοπὸρος
3308 2973 3507 3043 Ἰησοῦς
3535 2971 3617 3024 νῦν
3639 2969 3709 3022 καὶ

2173 3075 2332 3144 μόνον
2364 3073 2456 3124 ἐπὶ
2485 3069 2624 3135 ζώου
2656 3069 2931 3134 ἐκάθισεν,
2975 3068 3136 3130 αὐτὸς
3167 3067 3494 3138 ὑψούμενος,
3529 3065 3610 3118 καὶ
3635 3063 3709 3131 τὴν

2171 3168 2226 3218 ἐν
2265 3163 2482 3235 σταυρῷ
2526 3163 2734 3232 ῦψωσιν
2779 3159 2957 3231 ἐαυτῷ
2988 3158 3394 3229 αἰνιττόμενος;
3432 3157 3573 3226 Τίςή
3607 3171 3709 3207 κατ-

469 3239 580 3295 sibi
611 3238 664 3293 in
697 3253 917 3292 crucem
947 3239 1309 3294 sublationem
1337 3237 1690 3307 signiﬁcans?
1709 3236 1841 3304 Quae
1867 3238 1938 3292 sit
1967 3236 2060 3291 ad-

2171 3259 2350 3312 έναντι
2395 3255 2590 3326 κώμη;
2632 3255 2855 3318 Πάντως
2903 3254 2936 3324 ὴ
2978 3250 3258 3314 ἀντίθετος
3303 3251 3397 3304 καὶ¹
3430 3248 3622 3303 ἐναντία
3651 3243 3712 3313 τῷ

472 3347 630 3387 versa
684 3331 854 3385 villa?
896 3329 1167 3386 Nimirum
1221 3333 1438 3385 animus
1501 3331 1708 3386 mundo
1751 3332 2068 3386 contrarius

473 3431 640 3495 atque
669 3425 977 3495 oppositus,
1005 3440 1170 3494 quem
1205 3423 1369 3478 homo
1386 3439 1416 3478 e
1441 3425 1664 3494 regione
1687 3422 1928 3492 paradisi
1954 3422 2066 3476 col-

473 3517 691 3572 locatus
721 3515 976 3570 obtinuit.
1013 3515 1096 3570 Ad
1124 3531 1287 3585 quem
1315 3516 1541 3585 insuper
1567 3515 1708 3570 duos
1731 3531 1798 3569 ex
1819 3515 2064 3584 discipu-

472 3608 544 3664 lis
573 3608 690 3664 suis
734 3605 997 3662 Dominus
1030 3608 1246 3678 allegat,
1282 3608 1386 3661 hoc
1412 3616 1501 3665 est
1551 3616 1846 3676 utrumque
1875 3605 2065 3661 Testa-

474 3707 748 3764 mentum,
763 3697 934 3754 Vetus
955 3697 1262 3755 acNovum.
1281 3699 1413 3764 Quae
1428 3700 1640 3754 sititem
1657 3700 1808 3752 asina
1829 3697 2067 3768 ?Ncmpe

475 3802 635 3848 vetus
669 3801 724 3845 et
763 3791 1009 3847 adultera
1043 3788 1362 3863 Synagoga;
1400 3807 1521 3860 quae
1551 3791 1894 3862 gravissimis
1933 3807 2064 3846 onc-

477 3884 634 3941 ribus
661 3899 924 3955 Oppressa
960 3886 1130 3939 vitam
1158 3885 1430 3952 trahebat,
1458 3886 1618 3954 cujus
1650 3893 1802 3956 tergo
1826 3886 2067 3954 aliquan-

477 3975 572 4030 diu
611 3975 872 4032 Christus
919 3976 1144 4032 insedit.
1179 3977 1314 4041 Quis
1351 3975 1422 4030 sit
1468 3983 1729 4045 praeterea
1761 3977 1980 4047 pullus?
2018 3975 2066 4029 Is

476 4069 626 4125 enim
666 4084 767 4140 ego
805 4082 950 4135 sum,
981 4069 1169 4138 junior
1203 4076 1255 4123 et
1307 4068 1466 4122 rudis
1504 4069 1748 4140 gentium
1807 4069 2063 4138 populus,

476 4165 565 4222 cui
603 4162 788 4218 nullus
817 4160 1098 4215 hominum
1143 4159 1364 4225 insedit,
1398 4161 1503 4216 hoc
1532 4171 1639 4226 est,
1667 4176 1776 4214 non
1818 4161 1925 4224 lex,
1955 4177 2066 4214 non

476 4257 662 4319 timor,
693 4270 802 4310 non
826 4253 1073 4325 angelus,
1103 4267 1212 4306 non
1241 4251 1528 4322 prepheta,
1563 4268 1679 4307 non
1697 4252 1933 4324 Moyses,
1957 4269 2066 4307 non

478 4348 785 4420 Scriptura,
806 4348 898 4403 sed
920 4347 1063 4404 Deus
1081 4346 1195 4417 ipse
1220 4344 1483 4410 Verbum,
1505 4346 1650 4416 quod
1681 4363 1806 4400 cum
1827 4347 2065 4400 homini.

476 4440 583 4495 bus
613 4441 774 4497 nobis
806 4442 862 4494 in
891 4440 1081 4496 eodem
1114 4441 1343 4510 prazsepi
1389 4439 1725 4494 Bethlehemi
1751 4438 1948 4508 jacuit,
1987 4439 2064 4492 uti

479 4546 584 4587 nos
614 4533 685 4586 ab
714 4533 953 4587 rationis
978 4540 1203 4601 experte
1227 4539 1414 4586 nostra
1441 4530 1761 4600 stupiditate
1789 4531 2062 4596 liberaret,

481 4637 548 4676 ac
571 4622 830 4690 deinceps
856 4621 1168 4674 divinarum
1197 4636 1378 4674 rerum
1409 4620 1614 4689 peritos
1635 4619 1892 4674 elliceret.
1927 4618 2065 4673 Tum

482 4729 606 4785 quae
634 4715 705 4769 sit
734 4714 867 4784 pulli
914 4714 1153 4769 solutio?
1179 4712 1354 4779 Quam
1391 4728 1500 4767 non
1533 4711 1760 4767 dubium
1793 4722 1877 4766 cst
1919 4714 2066 4767 illam

483 4820 606 4860 esse
638 4805 706 4859 ab
731 4804 1005 4859 idolorum
1042 4804 1193 4858 cultu
1230 4802 1631 4868 liberationem,
1659 4810 1715 4856 et
1741 4802 2069 4857 immolatitii

481 4899 696 4954 cruoris
732 4899 954 4952 modum
1000 4911 1064 4952 ac
1104 4896 1303 4960 linem;
1340 4911 1500 4966 quem
1542 4895 1808 4966 proﬂuvio
1843 4895 2069 4965 sangui-

483 4992 570 5046 nis
603 4990 908 5047 laborantis
950 4989 1166 5044 femina:
1211 4990 1382 5044 tactio
1418 4995 1798 5060 repriesentat.
1826 4989 1906 5042 Ad
1957 4989 2070 5044 haec

481 5080 706 5151 quinam
749 5082 828 5135 illi
860 5081 992 5145 sint,
1023 5081 1116 5150 qui
1163 5079 1236 5134 ob
1262 5080 1394 5150 pulli
1449 5079 1780 5134 solutionem
1815 5079 1889 5132 ita
1939 5081 2072 5133 sul;-

482 5181 896 5230 murmurantes
925 5175 1254 5242 obstrepunt
1280 5191 1293 5225 :
1332 5169 1443 5227 Cur
1471 5173 1678 5226 solvitis
1703 5172 1907 5240 pullum
1947 5172 2073 5224 alli-

483 5274 665 5345 gatum
687 5265 748 5318 ’Τ
782 5263 923 5318 Sunt
956 5271 1136 5317 autem
1179 5260 1350 5317 Iudici
1403 5277 1468 5315 ac
1513 5261 1811 5317 daemones.
1839 5260 1972 5326 Quae
2001 5261 2074 5314 sit

485 5361 714 5428 insuper
753 5357 1204 5412 vestimentorum
1254 5371 1283 5409 a
1320 5355 1507 5424 pueris
1562 5353 1704 5408 facta
1736 5353 2075 5407 constratio?

496 5449 628 5516 Qua:
645 5447 905 5505 nimirum
937 5448 1138 5504 veteris
1172 5447 1412 5501 hominis
1445 5447 1830 5515 spoliationem
1864 5454 1917 5498 et
1957 5445 2061 5500 fue-

485 5541 608 5594 dam
635 5540 936 5610 Synagnga:
969 5538 1323 5594 nudationem
1371 5552 1435 5590 ac
1463 5537 1856 5591 desolationem
1899 5536 2069 5605 signi-

488 5629 639 5692 ilcat.
674 5632 777 5696 Qui
803 5633 913 5684 sint
945 5642 1052 5686 tam
1078 5632 1186 5684 alte
1209 5631 1277 5684 de
1304 5629 1413 5682 Deo
1439 5629 1721 5696 loquentes
1749 5627 1900 5695 pueri
1925 5627 1948 5678 ?
1973 5627 2068 5691 Qui

489 5721 710 5788 quidem
747 5721 956 5776 ﬁdelem
993 5724 1251 5778 Ecclesize
1303 5722 1583 5791 populum,
1617 5721 1717 5774 hoc
1755 5728 1838 5775 est
1867 5720 2070 5776 Christi

561 5832 796 5895 \Matth.
830 5850 945 5902 ni,
975 5841 1040 5894 lt)
1073 5859 1192 5911 sqq.
1270 5843 1286 5870 ²
1314 5838 1444 5892 Luc.
1478 5854 1588 5896 λιιι,
1620 5839 1707 5894 51.

2171 3349 2359 3417 κόσμῳ
2387 3345 2601 3416 γνώμη,
2635 3344 2704 3414 ἣν
2740 3345 3008 3413 ἐκτήσατο
3044 3343 3072 3394 ὀ
3121 3341 3413 3394 κατέναντι
3452 3339 3537 3391 τοῦ
3575 3353 3709 3406 παρα-

2167 3440 2345 3493 δείσου
2390 3436 2714 3502 ὲξοικισθεὶς
2757 3434 3064 3506 ἄνθρωπος,
3107 3433 3250 3503 πρὸς
3289 3432 3348 3486 ὃν
3381 3427 3708 3486 ἀπέστειλε-μό

2171 3531 2403 3600 Χριστὸς
2431 3529 2522 3582 δύο
2547 3528 2653 3581 τῶν
2684 3527 2964 3599 μαθητῶν,
3001 3519 3112 3578 οἷον
3143 3525 3424 3598 Διαθήκην
3450 3521 3598 3577 αὐτοῦ
3624 3521 3703 3572 Πα·

2170 3621 2326 3674 λαιὰν
2352 3621 2445 3673 καὶ
2469 3619 2744 3682 Νέαν,τ5ις
2765 3618 2857 3670 δύο
2874 3617 3170 3687 Διαθήκας.
3202 3617 3300 3679 Τίς
3327 3619 3360 3685 ἡ
3384 3616 3527 3677 ὄνοςς
3560 3611 3610 3664 Ἥ
3627 3625 3700 3660 πι-

2170 3713 2299 3768 λαιά
2337 3714 2555 3776 πάντως
2610 3711 2704 3765 καὶ
2743 3709 2993 3782 μοιχαλὶς
3018 3708 3342 3779 Συναγωγὴ,
3369 3709 3400 3778 ή
3424 3708 3499 3770 εἰς
3523 3704 3582 3756 τὰ
3601 3702 3706 3772 βάρη

2167 3808 2259 3860 τὸν
2291 3806 2400 3877 βίον
2429 3803 2801 3878 βεϐαρημένη,
2836 3804 2918 3872 ἐφ’
3012 3801 3252 3873 Χριστὸς
3277 3799 3438 3871 μέχρι
3468 3815 3560 3851 που
3581 3791 3707 3846 κεκὰ-

2170 3897 2308 3948 θικε.
2336 3895 2431 3958 Τίς
2462 3896 2490 3947 ὁ
2523 3894 2734 3958 πῶλος;
2784 3891 2923 3961 Ἐγὼ
2953 3894 2980 3945 ὁ
3005 3892 3123 3954 νέος
3151 3891 3248 3944 καὶ
3277 3889 3604 3960 ἀγύμναστος
3629 3881 3710 3934 τῶν

2171 3988 2340 4042 ἐθνῶν
2385 3987 2532 4051 λαὸς,
2553 3979 2641 4053 ἐφ’
2662 3985 2720 4039 ὃν
2748 3984 2922 4048 οὐδεὶς
2947 3981 3253 4055 ἀνθρώπων
3286 3983 3547 4036 ἐκάθισεν·
3569 3978 3620 4031 οὗ
3647 3973 3704 4027 v’r

2176 4095 2294 4147 μσς,
2321 4077 2383 4128 οὐ
2411 4074 2596 4144 φόϐος,
2619 4079 2720 4126 οὐκ
2740 4073 2988 4142 ἄγγελος,
3015 4073 3076 4126 οὑ
3100 4074 3412 4144 προφήτης,
3440 4071 3496 4124 οὐ
3525 4065 3711 4132 Μωσῆς,

2170 4169 2231 4219 οὐ
2265 4168 2477 4238 Γραφή·
2513 4165 2626 4218 ἀλλ’
2658 4165 2820 4228 αὐτὸς
2853 4165 2881 4216 ὁ
2915 4165 3048 4227 Θεὸς
3080 4164 3254 4232 Λόγος
3285 4166 3314 4217 ὁ
3342 4166 3471 4236 ἡμῖν
3494 4163 3594 4222 τοῖς
3618 4154 3715 4210 ἀλό-

2170 4276 2286 4327 γοις
2331 4257 2744 4327 συμφατνιάσας
2785 4258 2842 4308 ἐν
2869 4256 3138 4327 Βηθλεὲμ,
3172 4257 3326 4321 ὅπως
3358 4257 3456 4326 τῆς
3481 4250 3714 4325 ήμετὲρας

2169 4353 2394 4421 ἀλογίας
2423 4350 2786 4424 ἐλευθερώσῃ,
2814 4351 3097 4419 θεολόγους
3129 4349 3358 4421 ὕστερον
3387 4346 3716 4414 καταστήσας.

2170 4446 2266 4508 Τίς
2286 4445 2342 4498 δὲ
2375 4447 2407 4516 ἡ
2439 4443 2593 4507 λύσις
2625 4443 2721 4496 τοῦ
2756 4441 2973 4506 πώλους
3004 4443 3230 4506 Πάντως
3260 4444 3294 4512 ἡ
3340 4440 3449 4494 ἀπὸ
3477 4436 3569 4506 τῆς
3590 4432 3711 4486 είδω.

2171 4537 2488 4609 λολατρείας
2519 4535 2821 4607 ἐλευθερία,
2855 4536 2949 4588 καὶ
2981 4537 3012 4608 ή
3045 4535 3153 4588 τῶν
3179 4531 3472 4587 είδω).ικῶν
3509 4525 3711 4598 αἱμάτων

2173 4629 2492 4692 κατάλυσις,
2525 4630 2590 4699 ἣν
2619 4628 2858 4699 ἐσήμαυε
2904 4629 2997 4680 καὶ
3038 4629 3071 4696 ἠ
3108 4625 3206 4696 τῆς
3231 4623 3617 4697 αίμοῤῥοούσης
3640 4632 3715 4681 γυ-

2174 4719 2363 4781 ναικὸς
2389 4715 2609 4786 ψαῦσις.
2641 4717 2800 4780 Τίνες
2833 4717 2883 4770 οἱ
2908 4717 2999 4769 ἐπὶ
3019 4719 3084 4786 τῇ
3107 4715 3261 4769 λύσει
3291 4716 3384 4767 τοῦ
3416 4712 3583 4766 πώλου
3609 4721 3715 4772 γογ-

2173 4810 2459 4879 γύσαντες,
2506 4809 2774 4876 λέγοντες⁸
2833 4812 2896 4862 Τί
2936 4811 3112 4863 λύετε
3147 4809 3254 4863 τὸν
3278 4808 3483 4861 πῶλον
3515 4793 3711 4866 δεδεμέ-

2173 4920 2320 4967 νον;
2349 4903 2412 4956 Ol
2453 4902 2692 4955 Ἰουδαῖοι
2723 4901 2820 4974 [οἱ]
2857 4902 2951 4956 καὶ
2979 4901 3252 4972 δαίμονες.
3286 4901 3383 4964 Τίς
3419 4902 3450 4970 ἡ
3483 4897 3582 4951 τῶν
3610 4895 3710 4962 ίμα-

2175 4996 2306 5047 τίων
2335 4995 2442 5047 τῶν
2463 4992 2669 5062 παίδων
2692 4993 3072 5064 ὐπόστρωσιςς
3101 4993 3152 5044 τί
3178 4992 3272 5045 τοῦ
3301 4987 3522 5053 παλαιοῦ
3543 4978 3712 5053 ἀνθρώ·

2177 5105 2282 5140 που
2312 5086 2560 5152 ἐκδυσις;
2604 5087 2670 5140 Ἦ
2706 5085 2807 5155 τῆς
2838 5085 3169 5156 Συναγωγῆς
3198 5087 3441 5154 ᾶσχημος
3479 5080 3715 5149 γύμνωσις

2175 5177 2311 5248 ὁμοῦ
2358 5179 2454 5230 καὶ
2501 5177 2800 5247 ἐρήμωσις.
2843 5175 2977 5228 Τίνα
3032 5174 3100 5228 τὰ
3151 5172 3497 5242 θεολογοῦντα
3545 5167 3712 5235 virm;

2177 5265 2429 5337 Σύμϐολα
2467 5266 2688 5329 πάντως
2728 5264 2823 5318 τοῦ
2863 5264 3055 5317 πιστοῦ
3104 5263 3234 5317 λαοῦ
3287 5265 3386 5334 τῆς
3435 5249 3714 5337 Ἐκκληείας

2177 5335 2414 5428 Χριστοῦ
2463 5357 2681 5426 ἔγγονα.
2729 5358 2886 5423 Τίνες
2931 5359 2986 5410 αἱ
3020 5357 3225 5410 τούτων
3269 5355 3526 5426 μητέρες;
3557 5349 3613 5401 Δί
3638 5335 3712 5393 τοῧ

2183 5449 2557 5520 βαπτίσματος
2593 5449 2971 5521 κολυμϐἧθραι
3010 5451 3064 5502 αἱ
3111 5449 3236 5512 τοὺς
3283 5445 3499 5504 πιστοὺς
3528 5440 3714 5500 ἀναγεν-

2181 5540 2371 5598 νῶσαι.
2404 5542 2561 5604 Τίνες
2589 5543 2646 5596 αἱ
2669 5541 2780 5594 τῶν
2815 5543 3066 5613 μητέρων
3105 5539 3300 5609 μαζοί;
3337 5537 3399 5589 Αἱ
3437 5532 3521 5588 δύο
3547 5521 3710 5613 Διαθῆ-

2183 5649 2274 5686 και
2301 5636 2357 5686 αί
2385 5634 2544 5704 ήμῶν
2568 5611 2885 5688 διδάσκαλοι
2908 5633 3236 5704 ἀμφότεραι,
3274 5629 3568 5693 ποτίζουσαι
3592 5611 3710 5688 ἡμάέ

2183 5725 2240 5776 τὸ
2270 5726 2406 5792 γάλα
2437 5726 2495 5779 τὸ
2526 5725 2900 5796 πνευματικὸν
2931 5726 3024 5779 καὶ
3052 5724 3322 5794 οὐράνιον.

2105 4579 2146 4632 D
