3988 6418
275 376 387 436 εοε

904 367 1184 428 HOMILIA
1210 373 1321 431 νυ.
1369 383 1436 438 ΙΝ
1481 382 1809 441 SANCTAM
1850 384 2135 443 CHRISTI
2175 385 2836 446 RESURﬂECTlONEM.

3485 391 3590 445 506

286 501 562 569 subolem,
594 503 1027 560 adumbrarunt.
1071 503 1203 572 Quae
1233 507 1345 561 sint
1397 506 1617 561 illorum
1666 498 1910 565 ntatres?
1935 507 2056 565 Non
2093 509 2215 565 aliae
2264 508 2548 577 videlicet,
2619 522 2785 578 quam
2833 508 3092 578 baptismi
3124 507 3335 577 fontes,
3382 507 3592 580 quibus

295 598 485 655 ﬁdeles
516 599 729 655 iterato
780 600 1092 671 gignuntur.
1125 600 1387 668 Quaenam
1442 617 1609 673 porro
1643 605 1753 658 sint
1782 612 2020 659 matrum
2048 606 2263 660 ubera?
2312 604 2549 674 Nempe,
2588 602 2940 659 Testamenta
2968 603 3100 667 duo,
3162 618 3305 673 quos
3361 603 3590 659 totidem

301 695 596 767 magistros
618 696 921 753 habemus:
953 713 1079 768 qua:
1104 698 1189 754 lac
1218 699 1379 755 nobis
1409 701 1658 770 spiritale
1680 714 1745 755 ac
1767 702 1989 758 eteleste
2018 703 2355 774 prepinant.-

370 786 469 852 Τίς
501 790 538 860 ἡ
572 791 639 842 ὲκ
672 787 769 842 τοῦ
797 790 958 861 ὅρους
976 790 1086 843 τῶν
1122 791 1349 845 Ἐλαιῶν
1378 792 1619 864 Χριστοῦ
1654 794 1896 846 κατάϐα-
1925 803 1969 859 Α

294 897 412 944 ⁸ςις,
448 879 565 933 ἀλλ’
607 879 642 951 ἦ
696 880 915 944 πάντως
958 883 990 952 ή
1024 883 1089 937 ἐκ
1127 882 1223 936 τοῦ
1270 883 1499 954 οὐρανοῦ
1539 884 1674 938 Θεοῦ
1724 884 1899 952 Λόγου

293 986 325 1017 .-.
349 972 445 1041 ρὸς
483 971 632 1041 ἡμᾶς
662 973 1103 1041 πγκατάὸασιςς
1137 974 1295 1039 Τίνες
1330 975 1438 1029 τῶν
1472 976 1668 1031 ἐλαιῶν
1694 980 1740 1031 οἱ
1772 978 1903 1034 κλά-

284 1068 312 1114 ι]
332 1079 386 1116 οι
415 1064 509 1127 ;αἱ
532 1063 641 1116 τῶν
662 1064 972 1136 ὲλεημόνων
989 1064 1180 1135 ψυχαί.
1219 1067 1314 1131 Τίς
1347 1070 1381 1138 ἡ
1406 1068 1550 1132 ὁδὸς,
1584 1071 1643 1121 ὲν
1719 1070 1902 1134 καλῶς

304 1155 786 1228 ὑποστρωννύουσι
818 1156 919 1220 τὰς
952 1156 1063 1211 τῶν
1095 1157 1306 1229 ἀρετῶν
1349 1157 1597 1231 πράξεις,
1630 1161 1903 1215 ἁπεκδυό-

308 1266 467 1320 μενοι
507 1249 601 1302 τὸν
648 1247 874 1302 παλαιὸν
916 1249 1241 1321 ἄνθρωπον;
1286 1250 1352 1303 Τί
1385 1252 1494 1305 τῶν
1545 1254 1805 1322 φοινίκων
1833 1255 1907 1307 τὰ

309 1343 481 1413 pater;
525 1344 579 1405 αἱ
613 1343 852 1416 καθαραὶ
881 1345 990 1399 τῶν
1012 1346 1238 1399 δικαίων
1265 1346 1503 1418 καρδίαι,
1535 1350 1591 1402 αἱ
1630 1348 1707 1411 ὡς
1735 1349 1905 1417 φοίνι-

309 1452 407 1498 κες
446 1433 723 1499 ἀνθοῦσαι,
768 1436 863 1493 καὶ
902 1435 977 1498 ὡς
1023 1437 1079 1490 αἱ
1118 1436 1302 1509 κέδροι
1342 1439 1439 1492 τοῦ
1484 1438 1718 1492 Λιϐάνου
1765 1437 1904 1509 πλη-

307 1525 623 1595 θυνόμεναι,
655 1529 711 1580 αἱ
739 1529 1147 1599 πεφυτευμέναι
1179 1531 1236 1582 ὲν
1261 1529 1342 1600 τῷ
1381 1530 1516 1600 οἴκῳ
1545 1531 1772 1601 Κυρίου,
1809 1530 1903 1583 καὶ

306 1617 651 1683 ἑξανθοῦσαι,
690 1621 747 1672 αἱ
796 1619 907 1674 ἄνω
947 1619 1123 1691 ὀρθῶς
1153 1620 1291 1692 πρὸς
1327 1621 1420 1675 τὸν
1464 1622 1639 1694 ἀληθῆ
1682 1622 1904 1692 φοίνικα

306 1709 630 1782 βλέπουσαι,
660 1710 879 1775 πάντως
923 1711 1184 1783 δηλοῦσαι
1212 1713 1306 1767 καὶ
1352 1712 1452 1785 τὴν
1481 1713 1639 1786 νίκην
1680 1714 1776 1768 τοῦ
1803 1731 1897 1768 τυ-

297 1801 508 1868 ράννου
541 1802 635 1854 καὶ
666 1801 762 1855 τοῦ
801 1802 951 1874 ᾅδου,
978 1804 1132 1857 αὐτοὶ
1161 1803 1616 1877 ἐλευθερωθέντες
1640 1806 1741 1877 τῆς
1770 1807 1907 1860 ὲκεί-

305 1908 420 1946 νων
436 1894 752 1964 τυραννίδος
770 1897 836 1965 τῇ
860 1895 954 1948 τοῦ
976 1896 1214 1968 Χριστοῦ
1233 1897 1452 1967 νικητοῦ
1479 1898 1728 1970 δυνάμει.
1747 1899 1905 1963 Τίνες

308 1986 359 2038 οἱ
389 1985 725 2054 προάγοντες
749 2004 763 2052 ;
792 1985 1073 2058 Προφῆται
1105 1988 1154 2040 οἱ
1180 1988 1396 2042 δίκαιοι.
1417 1990 1578 2053 Τίνες
1602 1992 1650 2043 oi
1677 1991 1901 2045 ἀκολσυο

309 2074 571 2140 θοῦντεςς
608 2076 914 2142 ἀπόστολοι,
947 2077 1041 2130 καὶ
1065 2080 1223 2148 ἡμεῖς
1246 2080 1295 2132 οἱ
1321 2080 1379 2146 ἐξ
1405 2079 1576 2134 ἐθνῶν
1612 2081 1748 2151 μετὰ
1777 2081 1904 2135 τού-

2070 794 2209 861 Quid
2244 795 2352 851 sibi
2400 793 2530 850 velit
2571 792 2783 848 Christi
2826 808 2892 848 ex
2943 790 3141 848 Oliveti
3191 792 3332 847 colle
3362 790 3596 849 descen-

2003 901 2141 950 sus,
2186 886 2281 955 qui
2337 884 2475 939 nihil
2532 883 2683 940 aliud
2738 892 2863 950 est,
2922 897 3085 954 quam
3127 881 3297 937 divini
3348 882 3416 938 de
3453 884 3597 938 cale

2005 977 2168 1033 Verbi
2218 992 2341 1033 sese
2393 977 2462 1032 ad
2500 990 2603 1033 nos
2633 975 3104 1032 accommodanda
3137 975 3401 1044 illapsus?
3451 974 3598 1041 Quid

2004 1069 2111 1123 sibi
2139 1068 2309 1124 velint
2366 1068 2601 1139 oleagini
2636 1067 2823 1123 rami?
2876 1068 2931 1121 bi
2984 1074 3114 1122 sunt
3153 1066 3597 1121 misericordium

2003 1160 2223 1214 animae.
2274 1159 2408 1226 Quae
2433 1160 2522 1214 via
2567 1161 2642 1216 sit
2670 1160 2726 1215 in
2769 1174 2879 1230 qua
2912 1158 3189 1229 prolectas
3224 1172 3255 1211 a
3294 1157 3598 1214 virtutibus

2004 1250 2253 1305 actiones
2306 1250 2576 1321 praeclare
2608 1255 3013 1315 consternunt,
3042 1255 3098 1302 et
3126 1256 3369 1302 veterem
3415 1247 3598 1301 homi-

2003 1360 2126 1399 nem
2150 1342 2394 1398 exuunt?
2421 1340 2563 1408 Quid
2604 1342 2680 1396 illi
2722 1342 3031 1411 palmarum
3066 1342 3206 1396 rami
3241 1341 3391 1397 sint!
3420 1339 3623 1403 Nimi-.

2004 1451 2124 1489 rum
2155 1435 2373 1490 sincera
2403 1433 2684 1504 justorum
2711 1432 2880 1488 corda
2902 1474 2918 1499 ,
2950 1448 3073 1504 quae
3103 1433 3411 1503 palmarum
3443 1444 3605 1488 more

2004 1525 2322 1591 ﬂorescunt,
2356 1534 2413 1581 et
2444 1533 2503 1580 ut
2531 1525 2682 1581 cedri
2714 1524 2911 1581 Libani
2946 1524 3405 1595 multiplicantur,
3438 1525 3599 1595 plan-

2006 1628 2133 1675 latae
2180 1619 2234 1673 in
2288 1618 2455 1673 domo
2500 1616 2756 1685 Domini,
2808 1631 2875 1672 ac
2924 1616 3336 1688 germinantes;
3366 1632 3600 1687 qumque

2005 1724 2228 1767 sursum
2262 1716 2461 1765 erectae
2493 1724 2677 1764 veram
2717 1709 2785 1764 ad
2838 1709 3077 1779 palmam
3113 1708 3438 1779 respiciunt.
3482 1708 3599 1763 Ea:-

2005 1803 2127 1859 dem
2159 1817 2324 1872 porro
2357 1810 2694 1872 reportatam
2724 1801 2791 1856 de
2827 1808 3065 1873 tyranno
3096 1810 3152 1856 et
3188 1801 3383 1857 inferis
3425 1803 3601 1857 victo-

2005 1894 2144 1949 riam
2199 1893 2554 1965 signilicant:
2588 1908 2699 1964 qua
2749 1894 2809 1948 in
2864 1894 3171 1948 libertatem
3219 1896 3418 1949 asserti
3450 1903 3601 1958 sunt,

2006 1998 2061 2043 et
2090 1987 2317 2042 victoris
2347 1986 2553 2041 Christi
2588 1987 2832 2057 potentia
2863 1987 3083 2041 illorum
3141 1986 3432 2057 tyrannide
3475 2002 3601 2057 per-

2007 2077 2205 2132 functi.
2242 2076 2496 2142 .Quinam
2530 2075 2753 2131 demum
2805 2078 2917 2132 sint
2949 2077 3030 2132 illi
3052 2115 3068 2140 ,
3127 2077 3219 2147 qui
3252 2078 3606 2147 praecedunt?

307 2182 422 2220 των
451 2170 863 2232 πιστεύσαντες.
902 2170 964 2222 Ἦ
993 2169 1049 2222 δὲ
1082 2170 1256 2234 πόλις,
1289 2173 1323 2242 ἡ
1358 2172 1470 2225 ἄνω
1510 2171 1867 2244 Ἰερουσαλήμ
1887 2189 1905 2205 ’

2014 2167 2161 2223 Sunt
2206 2168 2245 2222 ii
2297 2183 2428 2222 vero
2467 2168 2744 2238 prophetae
2788 2183 3004 2234 omnes,
3053 2184 3119 2224 ac
3163 2169 3323 2237 justi.
3365 2169 3602 2235 Quinam

308 2259 372 2313 τὸ
408 2260 468 2313 δὲ
498 2260 661 2331 ἱερὸν,
690 2263 723 2331 ἡ
761 2261 1006 2331 βασιλεία
1034 2263 1144 2315 τῶν
1185 2262 1452 2334 οὐρανῶν,
1485 2263 1544 2331 ἐξ
1570 2259 1639 2335 ἦς
1665 2265 1904 2335 Χριστὸς

320 2350 614 2414 Ἰουδαίους
634 2351 709 2415 ὡς
737 2352 987 2417 ἀναξίους
1011 2352 1300 2423 ἐξήγαγεν.
1326 2355 1483 2408 Οὕτω
1500 2357 1570 2408 τὰ
1589 2357 1690 2426 τῆς
1714 2357 1907 2427 ἑορτῆς

310 2459 411 2496 σου
439 2442 659 2514 νόησον·
686 2442 828 2499 οὕτω
856 2444 919 2498 τὸ
957 2445 1051 2499 τοῦ
1086 2448 1365 2501 Δεσπότου
1402 2449 1705 2519 μυστήριον
1735 2448 1906 2516 φῦλα-

312 2537 427 2603 ξον.
458 2536 683 2600 Πάντως
714 2536 771 2590 δὲ
810 2537 905 2590 καὶ
944 2537 1013 2591 τὰ
1041 2537 1142 2609 τῆς
1188 2540 1384 2609 ἑορτῆς
1418 2555 1513 2592 σου
1544 2543 1562 2562 ⁶
1585 2542 1600 2560 ‘
1620 2541 1636 2559 ⁶
1662 2522 1906 2610 Συνδρά-

315 2643 512 2697 μωμεν
567 2626 704 2697 μετὰ
755 2627 1007 2696 ἀγγέλων
1048 2628 1387 2701 χορεύοντες,
1431 2627 1570 2699 μετὰ
1614 2628 1709 2682 τοῦ
1746 2629 1905 2701 ὄχλου

313 2694 657 2791 σιροτούντων
682 2694 819 2789 (77),
845 2694 994 2790 -μετὰ
1020 2694 1131 2773 τόιὶ
1146 2718 1327 2772 πώλου
1376 2694 1725 2792 σέιρτῶντες,
1768 2694 1909 2791 dixit

317 2811 577 2883 μητέρων
610 2810 996 2881 θαυμάζοντες,
1029 2814 1146 2883 μετ’
1178 2813 1491 2867 ἀποστόλων
1522 2806 1905 2886 Ξιηρύττοντες,

312 2904 414 2961 καὶ
459 2903 680 2976 Χριστῷ
726 2904 1088 2969 ὑπαντοῦντες
1130 2905 1230 2976 τὴν
1292 2906 1647 2979 Ἰερουσαλὴμ
1696 2906 1911 2960 ἐπιϐαί-

308 3012 483 3059 νοντι,
512 2994 804 3059 αἰνοῦντες,
828 2995 1199 3067 εὐλογοῦντες,
1240 2997 1471 3051 Ὡσαννὰ
1490 2997 1762 3067 λέγοντες.
1794 3001 1910 3053 Εὐ-

310 3086 654 3157 λογημένος
681 3089 713 3140 ό
744 3086 958 3154 ἐλθὼν,
997 3090 1092 3141 καὶ
1137 3089 1295 3142 πάλιν
1343 3091 1636 3161 ἐρχόμενος
1675 3091 1744 3143 ἐν
1774 3091 1907 3143 ὀνό-

307 3196 455 3253 ματι
485 3180 709 3248 Kvplov
745 3181 929 3250 κρῖναι
956 3180 1047 3234 τὸν
1075 3182 1277 3252 κόσμον
1304 3181 1493 3236 αὐτοῦ.
1527 3181 1685 3253 Αὐτῷ
1718 3184 1751 3253 ἡ
1780 3181 1907 3247 δόξα

312 3270 535 3342 τῷ(78)
583 3271 781 3344 Πατρὶ,
829 3272 924 3325 καὶ
968 3272 1043 3332 τῷ
1073 3273 1353 3345 Πνεύματι
1382 3275 1461 3338 εἰς
1508 3275 1635 3337 τοὺς
1680 3274 1903 3337 αἰῶνας.

331 3362 397 3415 ’Δ
404 3363 527 3434 μὴν.

2009 2259 2448 2330 subsequentes?
2468 2259 2723 2328 Apostol'r
2747 2258 3007 2313 nimirum
3028 2276 3043 2324 ;
3071 2260 3318 2329 adeoque
3346 2276 3447 2316 nos
3474 2261 3605 2330 ipsi,

2009 2351 2104 2422 qui
2135 2366 2262 2405 cum
2294 2350 2406 2405 illis
2449 2364 2481 2405 e
2522 2349 2808 2419 gentilium
2834 2365 3069 2405 numero
3096 2349 3454 2406 credidimus.
3482 2349 3602 2406 Jant

2010 2444 2205 2499 civitas
2262 2444 2383 2513 ipsa
2437 2442 2682 2498 caelestis
2739 2451 2826 2497 est
2886 2441 3273 2509 Hierusalem;
3314 2443 3602 2512 templum,

2010 2538 2235 2592 cmleste
2282 2550 2556 2605 regnum,
2607 2550 2639 2589 a
2693 2549 2805 2605 quo
2842 2532 3102 2590 Christus
3155 2531 3417 2599 Judaeos,
3458 2535 3605 2589 velut

2010 2631 2304 2700 indignos,
2348 2629 2763 2686 exterminavit.
2813 2628 2896 2683 Ad
2939 2629 3089 2684 hunc
3122 2630 3345 2683 modum
3402 2626 3605 2683 festum

2012 2723 2152 2778 illud
2177 2729 2337 2778 tuum
2370 2723 2792 2790 contemplator.
2836 2720 2914 2775 lta
2939 2720 3288 2776 Dominicum
3317 2720 3453 2775 illud
3490 2736 3606 2797 my.

2014 2816 2244 2872 sterium
2279 2823 2521 2872 servato.
2560 2815 2796 2871 Prorsus
2828 2815 2974 2870 enim
3033 2821 3090 2869 et
3136 2828 3260 2885 quae
3304 2813 3373 2868 ad
3408 2811 3608 2868 festum

2019 2908 2153 2964 illud
2191 2917 2347 2963 tuum
2383 2949 2434 2966 ..
2461 2949 2475 2963 .
2503 2949 2517 2962 .
2554 2909 2929 2964 Accurramus
2966 2922 3094 2961 cum
3149 2906 3358 2978 angelis
3410 2904 3609 2960 choros

2012 3000 2279 3067 ducentes
2304 3040 2319 3066 ,
2357 3016 2481 3055 cum
2510 3000 2672 3054 turba
2712 2999 3036 3069 plaudentes
3063 3037 3076 3059 ,
3114 3012 3239 3052 cum
3292 2996 3442 3067 pullo
3474 2997 3610 3057 sub-

2010 3092 2293 3154 silientes,
2325 3106 2452 3146 cum
2485 3091 2752 3147 matribus
2797 3089 3135 3144 admirantes
3158 3127 3172 3152 ,
3222 3103 3347 3142 cum
3385 3092 3608 3155 aposte-

2012 3184 2079 3239 lis
2115 3184 2476 3255 przedicautes
2496 3221 2512 3247 ,
2540 3181 2757 3236 obviam
2789 3180 3015 3236 Christo
3045 3179 3407 3249 procedentes
3427 3216 3443 3241 ,
3479 3176 3610 3231 dum

2010 3274 2058 3329 is
2086 3272 2518 3344 Hierosolymam
2548 3271 2886 3341 ingreditur;
2922 3268 3211 3325 laudantes
3232 3308 3246 3333 ,
3283 3266 3607 3322 benedicen-

2014 3375 2139 3431 tes,
2176 3365 2435 3421 llosanua
2490 3364 2771 3420 dicentes:
2824 3362 3143 3417 Benedictus
3191 3361 3281 3431 qui
3330 3358 3505 3422 venit,
3560 3362 3610 3409 et

327 3447 521 3508 iterum
550 3455 733 3511 veniet
763 3456 818 3510 in
847 3458 1057 3513 nomine
1086 3457 1320 3525 Domini,
1350 3459 1603 3530 judicare
1643 3456 1908 3514 mundum
1949 3472 2136 3514 suum.
2172 3454 2277 3528 Ipsi
2308 3457 2484 3527 gloria
2533 3471 2659 3511 cum
2688 3454 2888 3521 Patre,
2954 3461 3009 3511 ct
3076 3452 3284 3524 Spiritu
3321 3459 3511 3505 sancto
3560 3446 3611 3499 in

324 3547 544 3600 secula.
573 3550 771 3603 Amen.

1912 3733 2021 3787 V'ii.

575 3862 760 3917 Sancti
794 3859 1076 3930 Epiplmnii
1118 3860 1344 3929 episcopi
1385 3859 1714 3914 Constantia:
1750 3856 1913 3928 Cypri
1945 3854 2117 3909 oratiu
2150 3854 2205 3906 in
2239 3860 2481 3906 sanctam
2517 3846 2718 3901 Christi
2752 3846 3189 3900 resurrectionem
3219 3842 3354 3914 (79).

391 3987 555 4044 Nunc
577 3993 914 4040 mortuorum
941 3983 1122 4038 luctus
1149 3981 1440 4045 exsulavit,
1470 3989 1524 4035 et
1548 3979 1907 4036 resurrectio-
1935 3984 1976 4041 C
2012 3974 2345 4046 perfidorum
2400 3985 2599 4035 ausus;
2662 3966 3073 4036 suspenderunt
3102 3978 3225 4018 eum
3248 4001 3263 4026 ,
3299 3962 3392 4031 qui
3438 3968 3607 4015 totam

317 4083 415 4138 nis
462 4080 647 4134 lumen
691 4076 933 4140 all‘ulsit,
969 4078 1026 4130 in
1054 4090 1165 4144 quo
1198 4089 1413 4128 summa
1461 4072 1552 4127 Dei
1590 4074 1644 4125 in
1682 4087 1782 4126 nos
1816 4071 1912 4125 de—

319 4177 672 4229 monstratur
702 4168 965 4223 cbaritas.
1003 4164 1139 4219 Nam
1186 4175 1418 4219 mortem
1466 4180 1628 4232 quam
1683 4163 1917 4218 debebat

321 4268 529 4328 homo,
559 4277 680 4317 eam
707 4259 947 4315 moriens
969 4257 1248 4313 destruxit
1267 4256 1546 4319 Christus,
1578 4255 1916 4325 redemptio«

321 4359 418 4413 nis
470 4354 704 4425 pretium
736 4352 876 4407 dans
908 4365 1007 4421 pro
1045 4349 1259 4410 anima.
1311 4364 1376 4403 ac
1417 4361 1622 4417 corpus
1655 4363 1754 4417 pro
1790 4362 1914 4401 cor-

322 4462 499 4520 pore,
558 4452 845 4513 totumque
905 4441 1178 4495 hominem
1232 4455 1334 4510 pro
1386 4439 1641 4501 homine,
1703 4454 1768 4492 ac
1818 4452 1917 4507 pro

323 4546 507 4597 morte
536 4544 791 4590 mortem.
829 4533 893 4586 Et
913 4533 1038 4602 quis
1072 4546 1315 4602 unquam
1340 4530 1526 4598 justus
1549 4539 1802 4583 mortuus
1835 4536 1918 4582 est

322 4645 428 4702 pro
451 4625 694 4697 injuste?
722 4624 859 4693 Quis
889 4631 1039 4694 pater
1090 4638 1189 4693 pro
1217 4624 1365 4678 lilio?
1401 4633 1455 4678 et
1481 4624 1609 4692 quis
1639 4636 1737 4690 pro
1768 4629 1918 4690 patre

323 4723 473 4779 illius
503 4716 663 4771 morti
686 4720 749 4771 ‘se
779 4715 975 4770 obtulit
997 4713 1184 4784 ‘iquod
1213 4714 1435 4783 quidem
1468 4729 1568 4784 pro
1598 4712 1760 4766 nubis
1789 4711 1918 4764 fecit

325 4808 774 4864 Dominumuon
823 4803 985 4858 modo
1023 4818 1121 4859 sua
1178 4820 1279 4859 nos
1339 4819 1506 4856 manu
1562 4801 1811 4855 formans
1864 4800 1919 4856 in

320 4898 527 4965 Adam,
573 4895 670 4951 sed
702 4893 949 4950 etiamin
982 4908 1081 4949 sua
1132 4909 1234 4950 nos
1278 4892 1538 4963 passione
1587 4907 1920 4961 regenerans

321 5004 428 5063 per
464 4987 739 5059 spiritum.
774 4984 1091 5055 lmpiusque
1119 4983 1435 5039 Iudaeorum
1483 4983 1717 5053 pepulus
1755 4996 1918 5037 suum

324 5080 508 5153 ipsius
552 5076 824 5133 interfecit
871 5075 1276 5131 benefactorem
1304 5113 1318 5139 ,
1366 5090 1466 5145 pro
1500 5073 1660 5129 bonis
1694 5074 1742 5127 ei
1775 5073 1920 5127 mala

326 5171 660 5243 rependens,
692 5184 759 5225 ac
788 5183 889 5239 pro
914 5167 1113 5237 gaudio
1149 5165 1582 5229 tribulationem,
1611 5174 1660 5220 et
1686 5180 1785 5235 pro
1807 5165 1918 5219 vita

330 5273 581 5318 mortem.
613 5258 718 5327 Qui
745 5259 891 5316 enim
924 5258 1146 5313 illorum
1178 5257 1532 5313 resuscitavit
1567 5266 1837 5318 mortuos,
1865 5261 1920 5310 et

2019 4063 2306 4135 suspendit
2358 4070 2593 4124 terram;
2624 4060 2770 4129 ligno
2804 4057 3093 4113 aliixerunt
3144 4057 3319 4119 illum,
3353 4056 3447 4126 qui
3477 4057 3610 4111 soli-

2016 4158 2166 4212 davit
2197 4154 2497 4219 mundum;
2524 4159 2578 4206 et
2600 4151 2775 4204 mensi
2808 4159 2938 4205 sunt
2964 4165 3089 4204 eum
3118 4149 3213 4220 qui
3243 4150 3464 4202 metitur
3496 4163 3611 4203 etB»

2019 4249 2102 4303 los
2124 4288 2138 4312 ,
2175 4248 2526 4317 ligaruntque
2558 4243 2711 4297 illum
2736 4241 2832 4312 qui
2868 4241 3032 4296 solvit
3075 4247 3390 4310 peccatores
3412 4281 3428 4306 ,
3466 4249 3521 4294 et
3552 4240 3609 4294 in

2020 4340 2111 4395 siti
2146 4343 2409 4409 poterunt
2437 4342 2595 4390 aceto
2618 4334 2794 4398 illum,
2817 4333 2911 4402 qui
2945 4348 3041 4401 pro
3063 4339 3191 4401 potu
3216 4330 3420 4400 praebet
3438 4331 3608 4397 justi-

2018 4429 2171 4493 tiam,
2208 4435 2262 4482 et
2293 4425 2348 4479 in
2380 4438 2567 4481 escam
2605 4420 2876 4477 dederunt
2909 4419 2980 4476 l‘el
3011 4420 3060 4475 ei
3082 4458 3098 4483 ,
3140 4418 3234 4488 qui
3270 4417 3418 4472 fovet
3444 4417 3612 4488 justi-

2020 4523 2173 4583 tiam,
2205 4517 2767 4583 contaminaruntque
2799 4527 2997 4566 manus
3043 4525 3109 4564 ac
3142 4511 3309 4580 pedes
3334 4509 3478 4579 ejus,
3515 4507 3611 4580 qui

2022 4628 2217 4668 manus
2247 4611 2493 4682 ipsorum
2521 4605 2773 4669 sanavit,
2801 4611 3105 4676 coegerunt
3131 4602 3324 4657 oculos
3352 4601 3617 4656 claudere

2021 4708 2173 4761 illum
2195 4744 2210 4771 ,
2239 4703 2333 4774 qui
2375 4705 2552 4757 visum
2588 4698 2725 4770 ipsis
2755 4697 3007 4768 aperuit,
3059 4695 3504 4766 sepelieruntque
3545 4694 3623 4763 iis.

2021 4801 2156 4863 lum,
2189 4796 2283 4868 qui
2312 4804 2558 4849 mortuos
2589 4794 2654 4847 ad
2686 4792 2851 4845 vitam
2880 4789 3177 4846 revocavit.
3209 4788 3255 4841 0
3289 4790 3615 4860 mysterium

2023 4905 2223 4945 novum
2255 4897 2310 4944 et
2340 4886 2667 4940 miraculum
2699 4882 3063 4952 stupendum!
3098 4880 3380 4951 judicatus
3404 4891 3485 4936 est
3512 4881 3609 4949 ju-

2021 4982 2125 5037 dex
2165 4990 2220 5035 et
2279 4980 2511 5049 ligatus,
2562 4978 2654 5046 qui
2706 4975 2871 5031 solvit
2902 4975 3151 5036 vinctos,
3189 4972 3529 5042 adactusque
3554 4974 3612 5029 in

2021 5086 2240 5125 crucem
2266 5079 2382 5133 est,
2417 5069 2509 5139 qui
2540 5066 2775 5121 lirmavit
2807 5073 3009 5120 terram
3029 5103 3043 5127 ,
3073 5072 3129 5119 et
3161 5079 3464 5134 suspensus
3502 5076 3612 5130 est,

2021 5162 2114 5233 qui
2150 5158 2466 5217 universum
2491 5157 2778 5230 suspendit
2816 5155 3104 5212 muudmn.
3132 5156 3481 5213 Mensuratus
3502 5164 3616 5220 est,

2021 5254 2113 5325 qui
2147 5253 2371 5308 metitur
2421 5252 2623 5317 celos,
2678 5257 2981 5321 pastusque
3015 5256 3100 5304 est
3136 5249 3291 5314 felle,
3322 5249 3415 5319 qui
3461 5250 3611 5319 pavit

328 5353 545 5411 curavit
568 5352 785 5415 turbas,
811 5350 1250 5420 tlluminavitque
1276 5365 1477 5415 caecos,
1523 5349 1668 5404 hunc
1695 5327 1911 5404 orciile-
1943 5358 1986 5413 ι)
2014 5348 2212 5415 vitam;
2241 5353 2492 5400 mortuus
2537 5351 2624 5399 est
2670 5343 2764 5414 qui
2798 5350 2998 5397 cuncta
3051 5341 3313 5413 produxit
3345 5341 3489 5401 viva,
3523 5356 3603 5395 se-

322 5454 459 5503 runt
492 5443 894 5515 suspendentes
937 5443 991 5496 in
1020 5443 1186 5514 ligno.
1218 5441 1413 5498 Videte
1444 5457 1611 5509 nunc,
1637 5441 1909 5506 homines,

322 5540 530 5602 ridete,
555 5537 803 5608 inquam,
834 5542 1045 5590 cuneta:
1083 5544 1293 5606 gentes,
1327 5550 1502 5592 novos
1526 5532 1911 5602 inauditosque

394 5715 510 5784 {77)
539 5712 598 5766 F.
623 5710 963 5784 κροτοῦντες.

393 5774 510 5860 (78)
541 5774 701 5839 Deest
730 5780 851 5841 σύν«

2017 5441 2313 5511 pultusque
2347 5445 2432 5494 est
2470 5439 2563 5507 qui
2600 5435 2836 5492 mortuis
2882 5434 3050 5488 vitam
3084 5432 3339 5488 reddidit.
3376 5430 3619 5486 Domine.

2018 5548 2252 5600 namque
2306 5544 2574 5601 suspenso
2629 5528 2685 5583 in
2735 5528 2904 5599 ligno,
2956 5532 3308 5581 monumenta
3355 5522 3616 5593 disrupta

2023 5776 2039 5830 ι
2093 5706 2204 5829 (ζο)
2237 5705 2481 5761 Gerardo
2507 5704 2702 5761 Vossm
2728 5705 3051 5775 interprete;
3076 5701 3262 5757 Crteea
3300 5718 3408 5758 non
3430 5708 3610 5760 exstar

2040 5792 2127 5830 ian
2162 5816 2175 5830 .

2040 5792 2175 5832 iam.
