3988 6438
432 403 536 460 507
1691 391 1901 450 DUBlA
1939 389 2082 448 AUT
2116 387 2397 445 SPURIA.
3556 399 3642 458 ξοδ

432 527 596 585 sunt,
627 517 880 575 infernus
917 525 1139 589 apertus
1170 526 1284 585 est,
1329 526 1385 574 et
1415 529 1840 574 resnrrexerunt
1872 533 2019 572 mor-
2049 525 2098 580 Α
2127 532 2248 571 sum
2291 516 2549 572 Christus
2579 512 2690 570 vita
2721 521 2925 570 vestra.
2959 512 3080 580 Quo
3103 513 3289 570 audito
3319 514 3540 574 infernus
3570 534 3642 575 so-

435 612 558 678 tui,
607 611 1028 683 eﬂngeruntque
1078 611 1310 675 animae,
1366 619 1422 666 et
1479 617 1852 680 apparuerunt
1936 612 2012 668 ibi
2122 609 2268 663 Intus
2311 615 2414 673 est,
2450 597 2732 676 ponteque
2759 605 2880 675 ejus
2925 620 3081 660 atreae
3110 607 3372 668 contritas,
3415 617 3464 662 et
3499 618 3649 666 vectes

436 703 598 759 multi
626 719 692 758 ex
731 704 800 758 iis
846 705 940 772 qui
970 709 1330 759 surrexerunt
1377 703 1429 756 in
1480 702 1855 765 Hierusalem,
1889 700 2018 755 dum
2123 699 2288 756 ferrei
2321 698 2589 754 confracti
2622 704 2775 758 sunt,
2804 695 3224 765 eﬂ‘ugernntque
3249 705 3536 752 sanctorum
3558 702 3652 753 ani-

436 795 544 850 boc
575 794 785 850 Christi
817 795 1148 866 adimpletnr
1198 794 1541 865 mysterium.
1572 796 1633 847 In
1667 809 1833 847 cruce
1873 792 2021 847 enim
2124 810 2248 857 mae,
2276 799 2569 863 sequentes
2618 791 2851 861 vestigia
2898 790 3128 846 Christi.
3183 789 3432 858 Tuncque
3471 792 3655 863 impleta

437 886 701 943 exaltavit
730 901 975 954 carnem,
1006 894 1064 940 ut
1095 887 1268 942 clavis
1298 885 1515 941 conﬁxa
1547 893 1835 957 appareret
1870 898 2023 949 caro,
2127 896 2214 941 est
2255 884 2540 956 Scriptura
2569 902 2581 938 :
2611 884 2696 938 lbi
2724 884 3080 937 contriverunt
3119 893 3299 951 portas
3337 900 3490 938 arca:
3521 896 3566 938 et
3595 903 3660 940 re-

438 989 496 1037 et
525 981 630 1038 sub
668 981 898 1051 pedibus
927 981 1114 1037 carnis
1159 996 1308 1036 mors
1347 979 1594 1048 subjecta
1645 987 1748 1035 est.
1780 979 1937 1033 Tunc
1971 979 2025 1032 in
2130 991 2235 1034 cm
2275 979 2474 1048 ferreos
2509 979 2877 1048 confregerunt
2901 980 2942 1030 '.
2975 977 3245 1032 Clamavit
3272 985 3444 1033 autem
3477 986 3525 1033 et
3543 988 3662 1035 terra

441 1073 864 1128 admirationem
895 1073 1035 1143 rapti
1064 1080 1193 1128 sunt
1226 1073 1402 1142 angeli
1427 1111 1442 1137 ,
1471 1073 1818 1141 virtutesque
1840 1072 2031 1127 obstu—
2131 1073 2326 1130 dicens
2352 1091 2366 1126 :
2399 1073 2647 1136 Domine,
2674 1072 2847 1126 libera
2874 1086 3004 1126 mea
3025 1071 3202 1131 malis,
3228 1071 3372 1141 eripe
3393 1087 3472 1126 me
3497 1071 3557 1126 ab
3579 1073 3663 1136 ira,

441 1173 682 1234 puerum
711 1165 966 1220 caelestes
995 1180 1162 1234 super
1196 1164 1453 1235 passione
1481 1163 1707 1218 Christi.
1735 1163 2032 1218 Perterrita
2135 1166 2291 1220 solve
2320 1181 2406 1220 me
2431 1180 2460 1218 a
2497 1164 2900 1226 maledictione,
2940 1178 3041 1232 pro
3073 1162 3271 1232 quibus
3305 1164 3598 1234 sanguinem
3623 1171 3668 1218 et

444 1263 609 1324 atque
637 1258 866 1310 attonita
899 1257 1001 1310 fuit
1034 1266 1324 1324 creatura,
1353 1257 1546 1313 dicens
1574 1277 1587 1312 :
1619 1257 1759 1323 Quid
1781 1258 1895 1328 jam
1927 1258 2033 1313 sibi
2138 1257 2379 1311 humana
2440 1269 2673 1324 corpora
2721 1253 2963 1322 suscepi,
3019 1256 3129 1308 imo
3179 1262 3234 1307 et
3284 1261 3429 1306 tuum
3479 1266 3668 1322 corpus,

443 1360 644 1399 novum
677 1345 824 1399 istud
859 1346 976 1400 vult
1011 1347 1367 1417 mysterium?
2139 1364 2172 1403 ο
2207 1347 2458 1410 Domine,
2499 1345 2708 1415 recepit
2735 1353 2916 1400 antem
2952 1353 3106 1399 tuum
3135 1344 3418 1397 Adamum.
3457 1341 3672 1397 Surrexit

515 1435 691 1490 Judex
720 1437 1002 1506 iudicatur
1032 1447 1086 1492 et
1134 1447 1298 1503 tacet,
1332 1439 1427 1509 qui
1462 1438 1753 1494 invisibilis
1785 1448 1870 1495 est
1903 1455 2039 1494 con-
2139 1455 2272 1511 ergo
2305 1439 2572 1494 Dominus
2607 1439 2753 1491 intra
2791 1435 3056 1500 triduum,
3104 1436 3310 1490 docens
3355 1450 3451 1490 nos
3493 1435 3542 1489 in
3577 1434 3678 1488 uni-

445 1527 697 1596 spicitur,
747 1535 802 1582 et
849 1543 962 1582 non
1015 1529 1398 1593 confunditur,
1467 1530 2042 1600 incomprehensibilis
2141 1539 2255 1586 tate
2303 1531 2531 1584 adorare
2580 1526 2926 1582 Trinitatem.
2985 1527 3211 1582 Cunctze
3265 1534 3439 1581 autem
3496 1524 3680 1580 Christo

447 1620 880 1688 apprehenditur
903 1628 959 1675 et
990 1635 1100 1675 non
1156 1621 1496 1692 indignatur,
1533 1623 1624 1690 qui
1669 1624 1785 1692 ipse
1816 1623 2045 1677 immen-
2145 1623 2370 1679 salvata:
2419 1627 2549 1675 sunt
2587 1626 2797 1689 gentes.
2847 1617 3004 1672 Unus
3053 1616 3482 1686 enimjudicatus
3509 1625 3600 1678 est,
3640 1623 3686 1669 et

448 1727 544 1766 sus
566 1720 650 1766 est
687 1727 960 1767 mensura:
990 1712 1307 1783 subjicitur,
1333 1721 1388 1768 et
1422 1729 1533 1768 non
1577 1713 1810 1775 resistit,
1846 1713 2048 1784 impas—
2147 1714 2346 1771 inﬁniti
2383 1713 2573 1769 salvati
2594 1727 2808 1776 sumus,
2845 1710 3108 1781 quoniam
3145 1725 3244 1780 pro
3261 1709 3504 1764 omnibus
3530 1707 3682 1761 Domi-
3751 1776 3753 1778 η

449 1801 628 1857 sibilis
672 1803 900 1870 patitur,
937 1809 991 1856 et
1026 1817 1133 1856 non
1171 1803 1465 1870 retribuit,
1518 1803 1844 1858 immortalis
1875 1804 2045 1858 mori-
2113 1870 2115 1872 η
2149 1824 2256 1862 nus
2286 1815 2538 1861 mortuus
2562 1812 2662 1859 est.
2702 1803 2782 1858 Ad
2809 1801 3064 1858 eumdem
3096 1802 3255 1872 plane
3284 1800 3516 1862 modum,
3543 1806 3686 1854 totum

451 1901 560 1952 tur,
598 1900 653 1947 et
693 1893 914 1959 tolerat,
938 1893 1032 1963 qui
1079 1894 1134 1947 in
1175 1895 1332 1949 caelis
1367 1895 1580 1950 habitat
1610 1896 1908 1965 sepulturm
1935 1903 2045 1949 tra—
2077 1881 2121 1936 Β
2152 1901 2378 1955 indutus
2419 1897 2718 1962 hominem,
2771 1894 3117 1948 altitudinem
3151 1893 3392 1964 pervasit
3437 1891 3686 1952 caelorum,

449 1983 623 2051 ditur,
650 1992 704 2039 et
742 1988 1000 2041 sustinet.
1038 1984 1106 2038 Et
1139 2001 1402 2057 quorsum
1432 2005 1633 2044 novum
1693 1989 1838 2044 istud
1873 2005 2045 2059 genus
2152 1990 2517 2059 ascenditque
2545 1989 2598 2042 in
2628 1987 2973 2041 altitudinem
3009 1985 3199 2056 gloriae
3223 1984 3378 2055 regni
3401 1983 3580 2054 ipsius,
3609 1979 3689 2034 do-

453 2077 739 2146 mysterii,
801 2078 908 2132 nisi
970 2081 1197 2135 omnino
1252 2090 1472 2152 propter
1526 2081 1845 2136 hominem?
1899 2080 2046 2139 Mors
2151 2098 2280 2138 num
2315 2081 2465 2136 Patri
2526 2080 2794 2144 referens,
2845 2093 2955 2133 non
2995 2092 3214 2140 aurum,
3269 2091 3378 2131 non
3424 2081 3690 2145 argentum,

453 2182 588 2221 vero
617 2168 853 2223 alienata
877 2211 890 2234 ,
927 2171 1031 2226 sub
1062 2172 1294 2242 pedibus
1321 2173 1521 2228 Christi
1559 2183 1829 2243 prostrata
1877 2173 2044 2243 jacet,
2152 2191 2332 2247 neque
2373 2174 2606 2245 lapidem
2636 2173 2963 2242 pretiosum,
2995 2169 3090 2226 sed
3123 2169 3422 2232 hominem,
3476 2181 3619 2237 quem
3641 2161 3695 2216 ad

453 2261 828 2332 subactusqne
859 2271 945 2319 est
981 2265 1306 2335 captivusin
1335 2265 1670 2334 triumphum
1694 2265 1964 2331 infernus,
1995 2273 2051 2321 et
2153 2269 2446 2340 imaginem
2476 2267 2564 2322 sui
2606 2265 2784 2320 ﬁtixit.
2819 2263 2977 2318 llunc
3021 2277 3152 2317 vero
3190 2259 3351 2315 Pater
3392 2261 3618 2315 exaltans
3643 2257 3696 2311 ad

455 2353 727 2406 universae
759 2354 904 2410 illius
932 2357 1189 2426 potentiae
1218 2359 1630 2423 abscesserunt,
1649 2360 1832 2414 statim
1863 2359 2050 2413 audita
2153 2364 2434 2420 dexteram
2464 2376 2618 2416 suam
2651 2361 2707 2414 in
2741 2357 2964 2414 sublimi
2995 2356 3195 2410 throno
3221 2353 3526 2414 collocavit.
3557 2351 3698 2406 down

455 2455 590 2496 voce
619 2441 848 2510 Christi,
881 2448 1345 2514 quemadmodum
1381 2446 1665 2518 Scriptura
1705 2450 1782 2504 ait
1812 2468 1823 2504 ;
1859 2448 2049 2504 Vocem
2152 2463 2431 2526 ponantur
2461 2451 2668 2506 inimici
2695 2450 2872 2520 ipsius
2897 2448 3001 2503 sub
3026 2445 3256 2517 pedibus
3295 2445 3437 2515 eius.
3464 2441 3699 2498 Venturus

457 2533 734 2588 verborum
763 2536 879 2604 ejus
915 2537 1143 2593 audistis
1165 2541 1206 2592 ί.
1240 2539 1356 2594 Νοη
1383 2542 1528 2595 enim
1556 2543 1769 2613 aSpesit
1799 2543 2049 2605 infernus
2153 2554 2238 2601 est
2268 2546 2416 2599 enim
2442 2542 2613 2598 Judex
2647 2543 2896 2596 vivorum
2941 2547 2997 2593 et
3042 2544 3416 2601 mortuorum,
3459 2534 3607 2605 cujus
3634 2549 3701 2587 re-

460 2625 659 2681 l'aeiem
687 2625 924 2691 Domini,
959 2629 1056 2683 sed
1099 2645 1286 2684 vocem
1323 2631 1498 2701 ipsius
1519 2632 1784 2687 duntaxat
1812 2637 2048 2705 audivit,
2151 2637 2243 2708 gni
2287 2650 2396 2690 non
2437 2636 2544 2690 erit
2589 2633 2736 2690 linis.
2784 2629 3056 2697 Quoniam
3101 2627 3279 2699 gloria
3330 2630 3414 2683 est
3472 2624 3628 2688 Patri,
3659 2632 3706 2677 et

459 2717 698 2774 dicentis
735 2738 747 2774 :
783 2718 1142 2791 Egredimini,
1192 2738 1225 2776 o
1265 2725 1484 2791 animae,
1524 2725 1581 2778 in
1623 2727 1816 2782 umbra
1856 2736 2050 2788 mortis
2155 2713 2316 2792 Filio,
2345 2737 2400 2784 et
2431 2726 2664 2798 Spiritui
2689 2732 2904 2790 sancto,
2930 2738 3078 2778 nunc
3105 2729 3160 2778 et
3199 2735 3444 2792 semper,
3482 2727 3536 2776 ct
3560 2719 3610 2774 in
3630 2733 3704 2774 se-

461 2809 699 2866 vinculis
746 2813 1100 2880 constricta},
1163 2815 1331 2870 vitam
1373 2817 1530 2874 vobis
1596 2823 1904 2888 annuntio,
1950 2839 2053 2895 ego
2154 2825 2279 2880 cnla
2312 2825 2661 2879 saeculorum.
2697 2822 2891 2877 Amen.

542 2968 558 2999 ¹
585 2969 739 3024 Dent.
775 2984 848 3037 tv,
880 2970 967 3027 12.
1043 2977 1063 3005 ¹
1088 2972 1236 3030 Psal.
1270 2989 1379 3041 ενι,
1414 2974 1500 3030 16.

949 3099 988 3111 δ’

472 3065 3694 3113 mw

537 3098 948 3110 -—-————______.

1549 3235 1689 3289 ΤΟΥ
1728 3234 1824 3290 ΕΝ
1897 3234 2124 3288 ΔΓΙΟΙΣ
2155 3233 2430 3288 ΠΑΤΡΟΣ
2468 3235 2667 3288 ΗΜοΝ

1199 3402 2060 3519 ΕΠΙΦΑΝΙΟΥ
2114 3402 3047 3520 ΕΠΙΣΚΟΠΟΥ

1054 3623 1512 3710 ΠΟΛΕΩΣ
1586 3625 2354 3710 ΚΩΝΣΤΑΝΤΙΑΣ
2429 3609 2656 3712 ΤΗΣ
2724 3628 3188 3714 ΚΥΠΡΟΥ

1531 3814 1719 3867 ΠΕΡΙ
1751 3812 1892 3865 ΤΩΝ
1917 3813 2249 3866 ΑΡΙΘΜΩΝ
2279 3815 2732 3871 ΜΥΣΊΗΡΙΩΝ.

2084 3942 2143 3962 α

1703 4033 1957 4118 SANCTI
1995 4033 2248 4092 PATRIS
2288 4034 2543 4092 NUSTRl

792 4211 1432 4305 EPIPHANII
1515 4209 2068 4302 EPISCOPI
2147 4209 2948 4303 CONSTANTIJE
3035 4213 3401 4305 CYPRI

1280 4398 1756 4464 TRAC'I‘ATUS
1797 4401 1904 4461 DE
1947 4400 2456 4463 NUMERORUM
2502 4403 2958 4468 MYSTERHS.

1151 4661 1223 4716 De
1276 4660 1400 4730 ﬁde.
2099 4667 2142 4726 α

2099 4667 2142 4726 C
2738 4666 2882 4734 Περὶ
2915 4667 3196 4732 πίστεως.

556 4765 607 4818 1.
623 4761 787 4816 Fides
808 4766 893 4814 est
911 4754 1170 4828 quiddam
1193 4758 1335 4824 quod
1353 4751 1520 4806 Deum
1536 4757 1764 4822 spectat;
1785 4751 1875 4822 qtti
1895 4766 2073 4822 neque

2246 4763 2324 4815 A'.
2367 4759 2556 4822 Πξστις
2583 4758 2720 4815 ἔστι.
2753 4761 2945 4823 Πιστις
2968 4759 3024 4812 δὲ
3052 4760 3085 4830 ὴ
3115 4759 3194 4821 εἰς
3216 4757 3355 4810 Θεὸν
3382 4747 3739 4827 πρᾶγμαὼῐνη·

482 4851 837 4916 contrectari,
863 4864 1040 4919 neque
1070 4842 1484 4916 comprehendi,
1520 4858 1699 4914 neque
1728 4845 2057 4914 contemplat

2176 4853 2448 4926 λάφητον,
2489 4853 2894 4923 ἀκατάληπτον,
2945 4851 3291 4922 ἀθεώρητον.
3346 4837 3734 4926 ἀπολυπραγμάῗ

483 4951 632 5004 tione
681 4945 919 5017 percipi,
956 4957 1134 5013 neque
1166 4940 1386 4996 curiosa
1417 4936 1877 5007 pervestigatione
1907 4937 2058 5008 capi1

2177 4925 2357 5019 νητον,
2397 4946 2781 5018 άκαστορητὴς
2815 4943 2950 5015 (80),
2999 4945 3178 5013 σιωπῇ
3209 4941 3543 5012 τιμώμενον,
3577 4933 3658 4988 καὶ
3682 4925 3735 4990 νῷ

485 5057 664 5112 neque
705 5039 984 5109 explorari
1045 5043 1258 5107 potest;
1313 5033 1410 5089 sed
1465 5031 1682 5088 silentio
1727 5031 1930 5086 colitur
1959 5074 1974 5097 ,
2021 5041 2060 5085 οι

2179 5039 2675 5112 προσκυνούμενον,
2722 5038 2855 5110 ἕδρα
2892 5035 3092 5107 ψυχῆς,
3141 5034 3400 5106 Θεμέλιον
3452 5029 3610 5100 ζωῆς,
3643 5022 3735 5095 ῥίξ²

487 5140 672 5186 tuente
701 5131 979 5185 aduratur.
1016 5128 1152 5182 Fixa
1180 5127 1338 5183 sedes
1381 5126 1617 5190 animae;
1656 5124 2062 5179 fundamentum

2186 5131 2357 5199 ζῶσα,
2388 5132 2582 5195 κλάδος
2609 5131 2946 5201 ἀμάραντος,
2983 5127 3198 5198 καρπὸς
3245 5123 3574 5184 ἀθανασίας,
3603 5116 3737 5168 ἐλπι-

489 5225 649 5290 vitaz,
678 5223 800 5278 viva
833 5223 1006 5286 radix,
1031 5237 1216 5276 ramus
1258 5220 1637 5294 incorruptus,
1691 5217 2064 5271 immortalita-

2186 5217 2442 5290 ζομένων
2452 5219 2811 5289 πραγμάτων
2824 5219 3182 5283 ὑπόστασις,
3199 5216 3460 5288 ἐλεγχος
3470 5207 3735 5276 οῠβιιεπο-

492 5319 560 5373 tis
602 5320 812 5372 fructus
840 5358 852 5382 ,
895 5315 1280 5385 speraudarum
1309 5329 1487 5366 rerum
1523 5309 1826 5364 substantia
1853 5351 1867 5376 ,
1919 5325 2067 5379 argu-

1753 5309 1826 5362 [ἔα
1853 5351 1867 5376 ,
1919 5325 2080 5379 argu-
2179 5315 2398 5383 μένων,
2431 5313 2649 5368 πάντων
2676 5311 2786 5365 τῶν
2819 5310 2991 5381 ἁγίων
3021 5307 3328 5374 δικαίωσις.

492 5421 725 5465 mentum
750 5428 852 5465 non
882 5408 1247 5478 appar-entiam
1284 5408 1337 5474 ¹;
1371 5415 1690 5463 sanctorum
1725 5402 1970 5458 omnium
1995 5401 2081 5472 ju-

493 5503 774 5559 Stilicatio.

570 5658 585 5688 ¹
611 5655 774 5711 Hebr.
805 5673 882 5725 xr,
920 5658 967 5710 1.

587 5807 703 5881 (80)
741 5811 868 5869 For.
936 5810 1321 5883 ἀνιστόρητον,
1381 5812 1462 5866 vel
1521 5807 1872 5872 ἀνείκαστον,
1926 5805 2185 5877 ἄῤῥητον.
