3988 6444
494 372 597 431 5n
1768 373 1978 433 suum
2018 371 2160 429 AUT
2204 367 2481 427 scmus.
3633 384 3722 439 5m

494 495 708 565 leonis,
756 496 953 552 fortior
998 497 1196 554 bestiis
1245 498 1503 554 omnibus
1531 540 1544 564 ,
1599 500 1775 567 gallus
1817 500 2071 555 ouamhu-

2189 499 2360 562 λείαις
2396 499 2659 570 ἔμψυχος,
2701 499 2903 571 τράγος
2939 500 3240 573 ἡγούμενος
3288 502 3545 559 αἰπολίου.
3587 503 3722 577 Τρεῖς

492 590 617 646 lans
670 591 815 645 inter
865 590 1099 647 feminas
1170 591 1499 647 animosus:
1549 591 1736 647 hircus
1792 608 2071 661 eapraruu

2189 590 2351 658 σοφαὶ
2388 594 2669 660 γυναῖκες,
2706 594 2739 661 ὴ
2770 591 3085 663 Θεκουῆτις,
3128 595 3161 666 ἡ
3203 596 3726 666 Σουναμῖτις,ἡ’Λ6ιι

493 680 644 754 gregi
676 682 908 752 pratiens
931 683 972 735 '.
1000 680 1138 737 Tres
1182 682 1459 751 sapientes
1506 683 1742 745 femina),
1778 682 2071 749 Thecuitis1

2185 684 2318 750 γαία
2336 700 2349 712 ·
2380 683 2414 754 ἡ
2450 684 2548 751 μὲν
2579 682 2687 754 γὰρ
2712 683 2802 736 τὸν
2830 682 3000 754 ἄνδρα
3029 683 3122 737 τὸν
3150 684 3357 750 Νάϐαλ,
3387 688 3419 758 ὴ
3447 685 3500 739 δὲ
3528 686 3731 741 Ἅϐειιιις⁴

495 772 831 836 Sunamitis,
869 773 1079 842 Ahigail
1112 791 1125 828 :
1160 790 1287 827 nam
1320 775 1434 831 hmo
1459 776 1579 829 viro
1609 792 1709 832 suo
1737 777 1944 843 Nabal,
1976 780 2071 833 alia

2185 774 2291 829 λῶν
2314 775 2401 829 διὰ
2422 776 2639 846 τέχνης,
2664 777 2696 848 ἠ
2721 775 2777 828 δὲ
2802 775 2891 829 τὸν
2909 777 3023 831 υἱον
3042 777 3137 830 τοῦ
3165 778 3435 850 προφήτου
3460 777 3564 848 (86)
3581 794 3727 849 προσ-

493 864 753 921 Absalom
800 864 1034 919 artificio
1081 881 1202 929 suo,
1250 867 1424 936 prima
1449 869 1683 939 denique
1722 870 1830 925 ﬁlio
1877 885 1980 925 suo
2015 870 2071 925 ad

2184 869 2494 940 δραμοῦσα,
2554 871 2649 924 καὶ
2721 869 2795 941 μὴ
2852 869 3197 940 ἀπογνοῦσα,
3258 869 3526 924 διέσωσεν.
3591 872 3728 941 Τρεῖς

494 953 818 1025 prophetam
849 954 1148 1016 accedens.
1187 972 1289 1011 nec
1316 955 1636 1026 desperans,
1668 958 1896 1012 salutem
1925 965 2071 1011 attu—

2185 964 2442 1029 γυναῖκες
2475 962 2805 1033 προφήτιδες
2838 964 3282 1034 τυμπανήστριαι
3303 979 3315 992 ·
3350 962 3589 1032 Μαριὰμ,
3616 963 3728 1014 Δεϐ-

494 1045 579 1100 lit.
628 1043 765 1101 Tres
810 1045 1069 1101 mulieres
1128 1048 1486 1117 prophetissae
1550 1063 1614 1103 ac
1663 1049 2071 1120 tympanistrize,

2185 1054 2344 1124 ϐόρα,
2396 1053 2605 1106 Ἰουδίθ.
2644 1053 2807 1124 Τρεῖς
2855 1054 3009 1122 ἆγιαι
3057 1054 3348 1120 γυναῖκες·
3399 1051 3593 1123 Σάρρα.
3632 1051 3727 1103 Ῥε-

494 1137 704 1205 Maria,
762 1138 1014 1203 Debora,
1066 1139 1277 1197 Judith.
1332 1141 1469 1198 Tres
1535 1142 1793 1199 mulieres
1843 1150 2071 1207 sanctre;

2184 1144 2381 1209 ϐἑκκα,
2434 1145 2587 1199 Λεία.
2645 1145 2806 1216 Τρεῖς
2862 1145 2913 1197 οί
2972 1143 3432 1215 μνημονευόμενοι
3490 1140 3725 1212 βασιλεῖς·

498 1234 659 1297 Sara,
703 1233 986 1298 Rebecca,
1037 1233 1158 1290 Lia.
1214 1235 1349 1293 Tres
1398 1235 1602 1291 laudati
1651 1252 1839 1306 reges,
1888 1234 2071 1302 David,

2183 1238 2365 1303 Δαυῖδ,
2398 1237 2668 1303 Ἐζεκίας,
2711 1236 2946 1301 Ἰωσίας.
2977 1237 3139 1308 Τρεῖς
3188 1235 3369 1302 τάξεις
3413 1233 3516 1287 τῶν
3552 1233 3726 1286 ὅντων·

497 1325 787 1395 Ezecbias,
824 1324 1027 1383 Josias.
1064 1326 1202 1383 Tres
1241 1344 1421 1382 rerum
1464 1328 1709 1393 ordines,
1754 1326 2071 1392 rmlestium,

2182 1329 2540 1401 ἐπουρανίων,
2590 1326 2870 1397 ἐπιγείων,
2922 1325 3308 1397 καταχθονίων.
3359 1325 3516 1394 Τρεῖς
3545 1323 3727 1393 ἀρεταὶ,

494 1417 865 1482 terrestrium,
896 1416 1260 1473 infernorum.
1290 1418 1425 1474 Tres
1452 1418 1718 1481 virtutes,
1740 1417 1894 1483 tides,
1930 1432 2071 1487 spes1

2184 1422 2386 1487 πίστις,
2413 1421 2589 1485 ἐλπὶς,
2621 1420 2831 1489 ἀγάπη.
2870 1418 3009 1489 Τρία
3036 1416 3185 1487 δῶρα
3232 1414 3381 1486 παρὰ
3416 1412 3566 1473 Θεοῦ,
3599 1411 3727 1482 βασι-

494 1507 763 1567 charitas.
819 1508 950 1562 Tria
998 1510 1143 1564 dona
1183 1510 1447 1565 divinitus
1494 1508 1738 1579 profecta
1787 1518 1938 1575 sunt,
1990 1524 2071 1563 re-

2181 1515 2321 1578 λεία,
2348 1512 2636 1585 ἱερωσύνη,
2661 1510 2989 1583 προφητεία.
3015 1510 3176 1581 Τρεῖς
3200 1507 3402 1579 χρόνοι,
3433 1503 3725 1565 ἐνεστώτων,

2182 1604 2652 1678 παρεληλυθότων,
2721 1602 3038 1675 μελλόντων.
3090 1600 3229 1671 Τρία
3276 1597 3385 1651 τῶν
3431 1596 3636 1651 δικαίων
3672 1595 3729 1648 τὰ

2182 1700 2458 1769 κτήματα,
2517 1696 2869 1767 παράδεισος,
2932 1692 3186 1764 Ἀϐραὰμ
3239 1692 3459 1753 κόλπος,
3515 1687 3729 1761 οὐρανῶν

2184 1791 2451 1861 βασιλεία.
2482 1790 2645 1860 Τρεῖς
2667 1788 2774 1841 τῶν
2795 1785 3135 1858 ἁμαρτωλῶν
3160 1786 3212 1838 αἱ
3244 1782 3517 1855 τιμωρίαι,
3547 1779 3725 1841 σκότος,

2184 1883 2420 1951 σκώληξ,
2466 1883 2683 1935 Γέεννα.
2721 1882 2880 1951 Τρεῖς
2934 1878 3261 1941 ἀνανεώσεις
3314 1874 3407 1929 τοῦ
3455 1872 3726 1943 κόσμου-ἡ

2182 1976 2274 2028 ἐπὶ
2308 1975 2401 2027 τοῦ
2432 1974 2580 2040 Νῶε,
2623 1974 2656 2043 ἠ
2693 1974 2785 2026 ἐπὶ
2826 1971 2923 2025 τοῦ
2972 1970 3203 2041 Κυρίου,
3234 1970 3268 2039 ἡ
3315 1968 3407 2020 ἐπὶ
3444 1966 3539 2037 τῆς
3569 1979 3727 2017 συντε-

2181 2064 2349 2127 λείας.
2389 2063 2585 2133 Τρίτον
2614 2062 2801 2126 Ἰίλίας
2837 2065 2906 2115 τὰ
2951 2059 3086 2131 μέλη
3127 2059 3221 2111 τοῦ
3258 2057 3380 2128 βοὸς
3412 2053 3590 2109 καὶτὰ
3618 2051 3727 2120 ξύλα

2182 2155 2535 2226 καταρῤἑινας
2579 2153 2640 2205 τὸ
2682 2151 2742 2217 ἐξ
2772 2152 3019 2222 οὐρανῶν
3058 2149 3200 2203 κατὰ
3246 2148 3446 2217 στύγας
3478 2145 3581 2218 (87)
3619 2142 3725 2213 πῦρ.

2182 2248 2376 2318 Τρίτον
2413 2247 2509 2316 τῆς
2541 2246 2753 2317 ἡμέρας
2800 2244 2998 2315 ηὓχετο
3029 2241 3253 2311 Δανιὴλ.
3287 2241 3447 2309 Τρεῖς
3483 2241 3639 2310 μῆνας
3664 2235 3727 2295 εἰς

2180 2338 2271 2391 τὸν
2309 2332 2456 2391 οἷκον
2487 2335 2760 2405 Ζαχαρίου
2799 2333 3100 2402 πεποίηκεν
3134 2332 3167 2403 ή
3198 2330 3494 2401 Παρθένος.
3525 2326 3649 2398 Τρία
3671 2323 3727 2376 τὰ

2182 2426 2614 2500 προσενεχθέντα
2651 2424 2801 2497 δῶρα
2827 2425 2904 2495 τῷ
2947 2423 3138 2494 Κυρίῳ
3188 2422 3344 2492 παρὰ
3384 2419 3488 2473 τῶν
3531 2416 3724 2489 μάγων

2181 2520 2402 2592 χρυσὸς,
2437 2518 2676 2581 λίὸανος.
2717 2516 2952 2587 σμύρνα.
2985 2515 3124 2586 Τρία
3172 2512 3543 2584 βαπτίσματα,
3568 2507 3623 2560 τὸ
3658 2521 3727 2557 νο-

2184 2610 2366 2680 μικὸν,
2425 2609 2485 2663 τὸ
2536 2604 2804 2670 Ἰωάννου,
2857 2606 2917 2659 τὸ
2958 2606 3051 2664 τοῦ
3097 2605 3331 2676 Κυρίου,
3370 2602 3525 2673 Τρεῖς
3570 2599 3620 2652 αῖ
3649 2593 3725 2649 τοῦ

2183 2702 2562 2772 βαπτίσματος
2609 2698 2946 2769 ἐπικλήσεις,
2981 2698 3060 2760 είς
3094 2696 3324 2767 Πατέρα
3373 2694 3465 2748 καὶ
3510 2689 3625 2745 Υἱὸν
3652 2687 3725 2740 καὶ

2182 2793 2335 2861 ἅγιον
2385 2791 2628 2862 Πνεῦμα.
2675 2791 2839 2860 Τρεῖς
2884 2791 2941 2843 ai
2984 2787 3333 2852 καταδύσεις,
3368 2786 3461 2840 καὶ
3506 2785 3641 2855 τρεῖς
3683 2779 3725 2832 αἱ

2181 2883 2467 2947 ἀναδύσεις
2506 2883 2599 2936 τοῦ
2645 2882 3039 2952 βαπτίσματος.
3070 2881 3237 2952 Τρεῖς
3269 2881 3325 2933 αἱ
3359 2876 3496 2932 κατὰ
3523 2873 3606 2929 τοῦ
3632 2874 3725 2926 δια-

2181 2976 2336 3030 ϐόλου
2359 2978 2505 3029 νῖκαι
2538 2975 2632 3028 τοῦ
2660 2975 2867 3047 Κυρίου
2891 2992 2904 3004 θ
2936 2973 2998 3026 τὸ
3038 2972 3112 3044 μὴ
3152 2974 3351 3041 φαγεῖν
3387 2967 3521 3041 μετὰ
3550 2966 3603 3019 τὸ
3632 2980 3726 3015 πει-

489 3068 686 3124 lestum
720 3067 873 3121 illum
917 3083 1026 3122 non
1062 3067 1333 3129 adoravit,
1362 3082 1487 3120 eum
1533 3066 1772 3137 seipsum
1819 3082 1928 3120 non
1969 3066 2071 3121 de-

2181 3068 2363 3131 νάσαι,
2396 3066 2459 3120 τὸ
2491 3066 2565 3137 μὴ
2605 3065 2979 3137 προσκυνῆσαι
3009 3065 3101 3117 τὸν
3136 3063 3360 3137 μιαρὸν,
3387 3061 3447 3115 τὸ
3486 3060 3555 3131 μὴ
3590 3070 3725 3109 κατα-

486 3161 660 3217 misit.
699 3160 837 3217 Tres
867 3168 996 3232 post
1024 3162 1355 3231 baptismum
1391 3160 1596 3217 Christi
1628 3160 1909 3215 consecuti
1948 3167 2071 3215 sunt

2182 3158 2398 3215 ϐάλλειν
2421 3158 2631 3211 ἑαυτόν.
2664 3158 2825 3230 Τρεῖς
2848 3156 3052 3227 ἡμέραι
3079 3153 3220 3227 μετὰ
3251 3155 3313 3208 τὸ
3340 3154 3621 3225 βάπτισμα,
3651 3144 3724 3198 καὶ

483 3252 627 3316 dies,
661 3259 961 3323 antequam
985 3253 1257 3322 optimum
1287 3252 1342 3306 in
1370 3251 1556 3305 vinum
1580 3264 1720 3318 aqua
1747 3256 2070 3305 verteretur.

2182 3254 2303 3307 τότε
2332 3253 2392 3306 τὸ
2426 3251 2570 3324 ’ύδωρ
2598 3246 2739 3315 οἶνος
2767 3250 3065 3322 ἐξαίρετος.

555 3361 696 3420 Tres
741 3363 811 3419 ab
852 3364 1142 3434 unigenito
1188 3364 1283 3419 Dei
1347 3361 1489 3417 Filio
1530 3361 1773 3432 Virginis
1823 3361 2074 3431 increpa--

437 3456 444 3463 ’
481 3455 663 3509 tiones
712 3454 972 3525 profecta
1008 3472 1020 3508 :
1071 3454 1214 3519 Quid
1262 3464 1399 3514 erat,
1436 3454 1573 3524 quod
1615 3470 1695 3507 me
1735 3451 2073 3523 querebatis?

486 3544 679 3599 Nonne
727 3544 930 3598 sciebas
979 3546 1033 3598 in
1077 3546 1169 3607 iis,
1216 3562 1334 3613 quae
1369 3544 1437 3598 ad
1467 3544 1683 3598 Patrem
1722 3561 1893 3597 meum
1944 3545 2068 3597 atti-

484 3645 630 3693 nent.
670 3652 783 3689 esse
828 3651 910 3689 me
955 3636 1268 3703 oportere”!
1306 3634 1483 3690 Tum:
1522 3634 1661 3701 Quid
1699 3635 1827 3689 mihi
1863 3645 1911 3688 et
1952 3634 2068 3696 tibi,

484 3728 679 3781 mulier
700 3726 759 3780 "i
795 3725 1038 3796 Denique
1071 3745 1085 3781 :
1115 3727 1221 3793 Qui
1249 3736 1371 3780 sunt
1392 3727 1586 3794 fratres
1615 3728 1714 3781 mei
1739 3727 1796 3781 ⁸2
1820 3726 1958 3781 Tres
1987 3725 2070 3779 di-

484 3818 705 3888 scipuli,
733 3817 934 3883 quibus
962 3818 1083 3888 plus
1117 3820 1330 3872 eactcris
1357 3818 1600 3873 conlisus
1637 3825 1721 3872 est
1759 3818 2013 3872 Christus
2050 3834 2063 3871 :

485 3909 704 3976 Petrus,
740 3909 1003 3975 Iacobus,
1052 3910 1316 3966 Joannis.
1357 3909 1560 3967 Tribus
1599 3909 1761 3966 annis
1806 3910 2067 3967 Dominus

482 4004 732 4074 prodigia
779 4003 969 4059 edidt.
1002 4003 1208 4059 Tribus
1238 4004 1402 4058 annis
1439 4002 1675 4058 fructum
1715 4018 1971 4073 qtmrens
2000 4003 2065 4058 ad

483 4095 646 4149 ﬁcum
676 4094 946 4152 Dominus
979 4096 1148 4160 venit,
1177 4112 1354 4166 neque
1381 4097 1604 4166 reperit.
1639 4094 1843 4153 Tribus
1869 4097 2069 4166 impre-

2177 4102 2269 4156 καὶ
2321 4092 2653 4170 οὺχ-ηὗρεν.
2702 4097 2894 4169 Τρισὶν
2939 4101 2967 4151 6
3011 4098 3214 4167 Κύριος
3258 4098 3622 4169 κατηράσατο’
3662 4089 3713 4156 τῇ

479 4196 642 4243 catus
686 4196 771 4245 est
797 4188 1101 4244 Dominus:
1147 4190 1270 4244 lit-ui
1306 4211 1321 4244 :
1354 4189 1474 4244 Non
1504 4192 1730 4257 amplius
1773 4201 1923 4251 ex,te
1951 4191 2067 4260 [ru-

2177 4194 2334 4262 συκῇ·
2357 4188 2577 4257 Μηκέτι
2595 4189 2663 4243 ἐκ
2684 4188 2801 4243 σοῦ
2823 4189 3050 4258 καρπὸς
3062 4188 3307 4259 γένηται
3318 4191 3405 4256 είς
3428 4188 3527 4242 τὸν
3543 4180 3711 4238 αιῶιοιν

479 4293 595 4335 ctus
620 4282 839 4349 prodeat
872 4282 926 4336 in
955 4284 1281 4349 retentum“;
1327 4282 1628 4353 Synagogm
1663 4302 1676 4337 :
1711 4282 1873 4351 Lapis
1909 4298 2067 4351 super

2177 4284 2238 4352 τῇ
2278 4281 2611 4350 Συναγωγῇ·
2642 4280 2819 4344 Λίθος
2873 4279 2972 4332 ἐπὶ
2996 4281 3170 4333 λίθον
3198 4282 3271 4333 οὑ
3314 4278 3399 4348 μὴ
3435 4276 3587 4347 μένει
3608 4287 3621 4301 ⁸
3653 4267 3714 4335 τῷ

484 4374 712 4443 lapidem
742 4392 843 4428 non
891 4376 1121 4429 manebit
1145 4378 1198 4440 ';
1232 4375 1419 4430 Judaa:
1467 4376 1557 4430 Vae
1585 4377 1788 4431 homini
1831 4376 1933 4440 illi,
1973 4393 2065 4445 per

2177 4375 2338 4443 Ἰούδᾳ
2371 4391 2382 4402 ·
2418 4372 2561 4429 Οἰεαί
2596 4372 2675 4435 τῷ
2723 4370 3012 4437 ἀνθρώπῳ
3057 4371 3287 4439 ἐκείνῳ,
3333 4371 3407 4423 δι’
3438 4363 3505 4423 οὗ
3533 4370 3563 4417 ὀ
3606 4360 3711 4421 Υίύς

481 4480 634 4533 quem
671 4462 849 4518 Filius
897 4466 1124 4520 hominis
1172 4468 1413 4521 tradetur
1462 4469 1533 4523 ad
1586 4468 1996 4538 cruciﬁgeudum
2017 4469 2059 4521 ⁷.

2177 4465 2275 4517 τοῦ
2315 4462 2630 4529 ἀνθρώπου
2663 4461 3055 4529 παραδίδοται
3096 4463 3184 4527 είς
3217 4461 3286 4515 τὸ
3320 4452 3706 4527 σταιφωθῆναι·

481 4554 686 4609 Tribus
730 4555 923 4610 diebus
981 4572 1045 4611 ac
1096 4559 1276 4612 tribus
1350 4560 1602 4613 noctibus
1646 4557 1815 4615 Jonas
1864 4560 1917 4612 in
1958 4559 2063 4614 ceti

2177 4558 2329 4627 Τρεῖς
2365 4554 2598 4625 ἡμέρας,
2637 4555 2731 4606 καὶ
2762 4556 2914 4623 τρεῖς
2944 4552 3148 4616 νύκτας
3181 4554 3369 4616 Ἰωνᾶς
3399 4553 3478 4614 είς
3507 4548 3595 4617 τὴν
3620 4557 3708 4595 κοι-

478 4656 675 4703 venlrc
734 4649 1060 4717 permansit.
1099 4647 1289 4704 Trium
1345 4651 1563 4706 dierum
1610 4651 1791 4720 spatio
1838 4651 2061 4706 definita

2177 4650 2286 4701 λίαν
2317 4646 2411 4700 τοῦ
2447 4648 2646 4717 κήτους
2699 4645 2986 4715 πεποίηκε.
3030 4645 3343 4717 Τριήμερον
3390 4645 3422 4714 ἡ
3463 4637 3591 4695 κατὰ
3629 4631 3706 4685 Νι·

478 4749 568 4795 est
598 4739 863 4796 adversus
890 4739 1162 4798 Ninivitas
1194 4743 1415 4797 decreta
1452 4745 1747 4799 sententia.
1783 4743 2062 4799 Triduana

2177 4730 2393 4794 νευῖτῶν
2415 4735 2688 4808 ἀποφορὰ.
2716 4735 3029 4807 Τριήμερος
3054 4734 3149 4788 τοῦ
3172 4735 3427 4805 Σωτῆρος
3448 4735 3474 4786 ό
3496 4729 3703 4784 θάνατος.

479 4830 786 4889 Salvatoris
817 4849 970 4890 mors
1016 4834 1136 4889 fuit.
1187 4835 1441 4904 Ejusdem
1473 4843 1529 4889 et
1566 4836 1817 4890 triduana
1845 4852 1874 4889 a
1911 4851 2060 4889 tuor-

2177 4833 2462 4903 τριήμερος
2491 4831 2585 4884 καὶ
2607 4832 2640 4900 ὴ
2676 4830 2784 4883 ἀπὸ
2810 4829 2922 4882 τῶν
2955 4829 3166 4901 νεκρῶν
3195 4830 3316 4882 κατ’
3346 4822 3582 4893 ἐξουσίαν
3604 4812 3703 4870 ἀνάν

477 4923 592 4977 tuis
625 4931 933 4993 priapotcns
973 4926 1330 4979 resurrectio.
1369 4924 1499 4980 Post
1542 4934 1654 4981 tres
1696 4926 1816 4982 dies
1854 4926 2059 4982 Paulus

2177 4942 2354 4987 ιτασις
2376 4922 2467 4977 τοῦ
2499 4923 2722 4996 Κυρίου.
2761 4923 2861 4977 Διὰ
2896 4924 3063 4995 τριῶν
3100 4924 3128 4977 6
3154 4921 3366 4985 Παῦλος
3394 4914 3601 4990 ἡμερῶν
3639 4910 3706 4962 ἁν-

476 5014 658 5069 oculis
686 5024 885 5085 captus
910 5017 1091 5072 visum
1123 5019 1491 5088 recuperavit.
1521 5018 1629 5073 Ter
1671 5019 1743 5073 oh
1768 5019 2053 5075 stimulum

2177 5013 2359 5083 ίϐλεψε
2380 5014 2660 5085 πηρωθείς
2684 5031 2697 5043 ·
2725 5013 2845 5085 τρὶς
2865 5014 2956 5066 τὸν
2978 5012 3184 5085 Κύριον
3214 5030 3283 5064 πε
3293 5012 3346 5081 pl.
3370 5007 3462 5063 τοῦ
3484 5002 3704 5059 σκόλοπος

493 1613 684 1668 gnum,
712 1598 1113 1663 sacerdotium,
1146 1601 1451 1671 prophetia.
1480 1601 1610 1656 Tria
1645 1609 1910 1671 tempora,
1943 1614 2081 1669 pra:-

492 1690 755 1755 sentium,
798 1692 1200 1761 perfectorum,
1246 1692 1582 1748 futurorum.
1626 1691 1764 1748 Tres
1802 1692 2077 1763 justorum

490 1783 898 1851 possessiones,
936 1782 1254 1852 paradisus,
1302 1783 1598 1838 Abrahami
1636 1783 1814 1845 sinus,
1847 1797 2076 1853 regnum

490 1874 782 1928 caelorum.
843 1872 975 1928 Tria
1043 1887 1398 1945 peccatorum
1449 1876 1766 1947 supplicia:
1814 1876 2075 1939 tenebrm,

487 1964 714 2028 vermis.
747 1964 1031 2021 Cebenna.
1062 1965 1201 2021 Tres
1231 1967 1418 2021 mundi
1450 1967 1857 2031 renovationes,
1881 1967 2074 2035 prima,

488 2072 612 2126 qua:
644 2057 837 2112 Noemi
878 2059 1225 2128 temporibus
1248 2058 1468 2118 accidit,
1496 2060 1666 2113 altera
1696 2058 1898 2113 Christi
1922 2100 1937 2124 ,
1963 2067 2078 2111 ter-

485 2151 562 2203 tia
593 2150 647 2203 in
679 2151 785 2205 line
815 2151 1029 2206 mundi.
1071 2150 1179 2206 Ter
1207 2152 1429 2206 concisa
1471 2150 1629 2205 bovis
1658 2151 1923 2212 membra,
1951 2165 2076 2204 eum

485 2242 652 2312 lignis
685 2240 833 2297 Elias
862 2256 1162 2311 aspergens
1199 2258 1423 2313 aquam.
1456 2242 1634 2313 ignem
1666 2260 1696 2298 e
1734 2244 1875 2298 emlo
1907 2242 2076 2295 devo-

486 2336 650 2390 cavit.
672 2336 780 2390 Ter
817 2334 888 2390 tle
919 2335 1009 2391 die
1046 2334 1232 2388 Daniel
1267 2349 1429 2389 orare
1455 2342 1834 2388 consueverat.
1875 2332 2077 2387 Tribus

485 2428 773 2484 mensibus
798 2428 854 2482 in
889 2426 1055 2483 domo
1086 2427 1369 2483 Zacharia:
1396 2426 1564 2498 Virgo
1597 2428 1918 2498 permansit.
1950 2427 2077 2481 Tria

485 2530 618 2575 sunt
644 2533 677 2572 ιι
710 2519 880 2588 Magis
914 2520 1094 2574 oblata
1124 2519 1346 2575 Christo
1383 2535 1644 2574 munera:
1675 2535 1894 2580 aurum,
1927 2520 2074 2582 thus,

483 2607 731 2678 myrrha.
769 2606 899 2662 Tria
940 2608 1196 2675 baptismi
1242 2623 1465 2677 genera,
1500 2609 1694 2676 legale.
1740 2608 1969 2663 Joannis
2026 2619 2081 2661 et

485 2696 727 2752 Domini.
771 2697 908 2752 Tres
944 2697 1203 2767 baptismi
1250 2699 1669 2753 invocationes:
1705 2697 1905 2758 Patris.
1957 2697 2076 2753 leii

484 2795 542 2843 et
582 2786 825 2857 Spiritus
860 2787 1064 2843 sancti.
1118 2785 1257 2843 Tres
1295 2786 1695 2848 immersioncs.
1745 2802 1809 2840 ac
1853 2788 2077 2842 totidem

485 2881 832 2936 cmersioncs
883 2880 1166 2952 baptismi.
1208 2880 1345 2936 Tres
1384 2880 1596 2934 Domini
1632 2880 1698 2935 de
1734 2880 1954 2935 diabolo
1998 2881 2081 2934 vi-

488 2974 679 3029 ctoriae
711 2990 724 3027 :
753 2989 878 3028 cum
909 2974 1080 3028 edere
1119 2974 1315 3037 noluit,
1349 2973 1467 3028 licet
1511 2973 1765 3039 esurirct,
1796 2988 1921 3027 eum
1960 2988 2079 3028 sce-

2112 1846 2152 1901 Β

2252 3367 2414 3438 Τρεῖς
2431 3368 2486 3420 αἱ
2512 3365 2655 3418 κατὰ
2679 3364 2778 3434 τῆς
2797 3361 3075 3433 Παρθένου
3095 3360 3187 3415 τοῦ
3223 3357 3553 3430 Μονογενοῦς
3578 3355 3721 3407 ἐπιτι-

2182 3461 2375 3530 μήσεις
2396 3477 2408 3488 ’
2441 3458 2508 3512 Τί
2536 3458 2627 3512 ὅτι
2655 3454 2905 3525 ἐζητεῖτέ
2930 3470 3044 3525 ys;
3083 3454 3195 3506 οὐκ
3231 3452 3398 3523 ᾔδεις
3435 3449 3597 3504 ὄτιὲν
3623 3441 3721 3507 τοῖς

2178 3551 2287 3605 τοῦ
2325 3552 2556 3618 Πατρός
2596 3568 2716 3619 μου
2765 3548 2861 3603 δεῖ
2877 3566 2954 3619 με
2998 3544 3183 3614 sirm;
3220 3546 3289 3601 Τί
3338 3545 3461 3614 ἐμοὶ
3491 3542 3579 3597 καί
3625 3535 3717 3599 σοι,

2178 3645 2385 3713 rorat;
2415 3640 2567 3697 οὔπω
2615 3643 2739 3712 ἥκει
2772 3644 2805 3711 ἡ
2843 3640 2961 3712 ῶρα
3014 3656 3149 3712 μου’
3186 3639 3277 3704 τίς
3323 3637 3525 3709 ὲστινὴ
3572 3633 3717 3704 μήτηρ

2180 3752 2303 3805 μου,
2337 3735 2432 3788 καὶ¹
2462 3734 2622 3799 τίνες
2641 3736 2697 3787 oi
2733 3733 2988 3801 ἀδελφοί
3009 3748 3165 3802 μου;
3204 3730 3370 3804 Τρεῖς
3397 3733 3445 3787 οἱ
3476 3729 3620 3783 πλέον
3634 3722 3718 3777 τῶν

2175 3826 2350 3882 ἄλλων
2368 3825 2729 3897 θαρρούμενοι
2745 3823 3017 3896 μαθηταί·
3034 3824 3263 3895 Πέτρος,
3295 3822 3555 3885 Ἰάκωϐος,
3578 3815 3715 3871 Ἰωάν-

2174 3936 2294 3991 νης.
2329 3916 2469 3987 Τρία
2516 3915 2611 3986 ἔτη
2645 3914 2756 3969 τῶν
2800 3913 3137 3969 δεσποτικῶν
3186 3916 3433 3986 σημείων
3478 3915 3505 3966 6
3543 3908 3713 3983 χρόνος.

2174 4010 2315 4083 Τρία
2337 4010 2431 4081 ἔτη
2464 4007 2642 4079 ζητῶν
2659 4006 2873 4079 καρπὸν
2898 4009 2979 4072 εἰς
3002 4008 3100 4079 τὴν
3128 4009 3303 4079 συκῆν
3324 4009 3352 4060 6
3380 4006 3570 4077 Κύριος
3590 3997 3713 4071 ἦλθες

478 5105 667 5159 carnis
706 5104 996 5162 Dominum
1038 5110 1273 5179 rogavit,
1319 5117 1379 5162 ut
1420 5110 1731 5165 discederet
1773 5124 1804 5163 a
1839 5124 1918 5165 se.
1948 5110 2055 5164 Ter

477 5194 826 5267 naufragium
872 5196 1023 5253 fecit.
1065 5197 1306 5253 Tertium
1336 5199 1394 5253 in
1436 5200 1636 5254 cwlum
1681 5206 1767 5253 est
1809 5205 2053 5253 evectus.

477 5287 609 5342 Tria
642 5285 833 5342 farinae
858 5297 977 5344 sata
1011 5290 1206 5344 mulier
1251 5291 1364 5355 illa,
1405 5306 1528 5361 qum
1564 5305 1737 5360 regno
1790 5290 2054 5347 eceteram

478 5379 839 5447 assimilatur,
874 5382 1175 5451 accipiens,
1224 5393 1278 5437 et
1324 5384 1377 5437 in
1421 5384 1676 5453 exiguum
1729 5381 2053 5437 fermentum

549 5533 583 5602 ᾗ
603 5529 764 5587 Prov.
795 5545 977 5594 sum,
1026 5535 1115 5589 ‘39.
1200 5537 1220 5566 ’
1245 5534 1377 5589 Luc.
1403 5552 1463 5602 tt,
1510 5535 1590 5590 49.

489 5600 725 5660 'Matth.
769 5620 926 5668 xxvi,
972 5604 1064 5659 ει.

550 5751 664 5823 (36)
686 5753 809 5810 Cor.
837 5755 915 5827 τῷ
950 5759 1219 5829 προρήτῃ.

1696 5533 1886 5589 ’Joan.
1925 5551 1984 5601 ιι,
2014 5535 2065 5589 4.

2163 5105 2589 5177 παρεκέλευσεν,
2637 5106 2725 5159 ἵνα
2783 5107 2995 5176 ἀποστῇ
3047 5105 3142 5159 ἀπ’
3172 5103 3377 5158 αὐτοῦ’
3423 5099 3536 5170 τρὶς
3576 5095 3702 5146 ὲναυ·

2163 5198 2400 5268 άγησενο
2444 5198 2523 5261 εἰς
2566 5198 2748 5268 τρίτον
2787 5197 3018 5269 οὐρανὸν
3038 5195 3365 5266 ἀναϐέϐηκε.
3417 5190 3547 5261 Τρία
3591 5182 3699 5235 σάτα

2162 5288 2395 5358 ἀλεύρου
2434 5290 2529 5343 καὶ
2552 5292 2585 5360 ἡ
2618 5293 2683 5359 τῇ
2717 5290 2967 5360 βασιλείᾳ.
2996 5289 3107 5341 τῶν
3146 5285 3391 5358 οὐρανῶν
3413 5273 3699 5354 ὁμοιωθεῖσα

2162 5382 2298 5451 γυνὴ
2349 5380 2612 5444 λαϐοῦσα,
2661 5383 2755 5435 καὶ
2802 5383 2883 5445 είς
2924 5381 3125 5453 μικρὰν
3166 5379 3346 5449 ζύμην
3396 5369 3695 5444 ἐγκρύψατα,

2176 5534 2401 5590 l*Matth.
2432 5553 2525 5601 xu,
2560 5537 2649 5591 68.
2728 5536 2749 5568 '
2775 5535 2940 5592 Mare.
2968 5553 3041 5601 ιι,
3078 5536 3161 5591 Η.
3238 5531 3459 5588 “Matth.
3485 5536 3613 5584 xm,
3645 5510 3686 5566 ί-

2231 5758 2342 5828 (87)
2377 5757 2644 5827 Corrupta
2673 5772 2796 5813 vos.
