3988 6416
14 2360 23 2369 η

0 2380 26 2391 ρο

0 2442 27 2463 Ἰν

0 2477 7 2485 ,
26 2476 33 2481 μ

0 2548 19 2556 ν-

2 2642 17 2651 ρ

3 2663 19 2673 α

20 2811 30 2821 ο

2 2831 27 2839 μ’

18 2904 25 2911 ο

0 2928 13 2935 r

4 3017 25 3027 ar

1 3116 7 3123 .
26 3110 35 3123 τ

14 3202 33 3216 ,ο

8 3224 35 3237 ,ο

34 2355 42 2363 ν

38 2460 43 2467 ι

44 2544 51 2555 ι

36 2632 51 2641 ι

40 2726 53 2735 υ

26 2746 53 2753 ›ι

26 2811 30 2821 ι

26 2850 38 2857 .

40 2900 45 2907 ι

46 2934 55 2941 Α

41 3006 55 3017 ι

26 3190 63 3219 -έ

390 433 500 490 515

1291 436 1714 495 TRACTATUS
1751 439 1841 495 DE
1883 440 2333 500 NUMERORUM
2388 444 2786 503 MYSTERllb.

3506 426 3513 435 ’
3577 464 3683 521 su

389 548 514 605 δλον
543 549 607 603 τὸ
675 548 926 623 φύραμα,
967 550 1110 605 κατά
1144 552 1203 605 τὸ
1254 556 1659 627 γεγραμμένον,
1694 558 1991 629 ὲζύμωσεν.

2103 561 2471 628 abscondens,
2506 571 2697 631 totam,
2728 573 2788 619 ut
2819 568 3088 638 scriptum
3120 582 3205 629 est
3232 575 3272 642 ‘,
3301 590 3540 633 massam
3574 574 3686 637 fer-

390 747 521 802 Ὅτι
563 747 667 801 καὶ
715 749 750 800 ό
794 746 1041 821 ἀριθμὸς
1068 747 1170 821 ’ὡς
1212 746 1410 821 διπλῆ
1454 753 1617 818 τριὰς
1669 751 1768 821 ἐπὶ
1807 750 1990 821 μεγάι

467 820 619 956 13);"
632 817 1014 887 πραγμάτων,
1056 817 1127 870 ἐν
1163 816 1238 886 τῇ
1297 816 1424 888 θεία
1481 816 1698 890 Γραφῇ
1740 816 1989 890 παρατε-

466 904 508 941 τ’
624 904 741 941 ται.

467 979 545 1036 Δ’.
598 979 689 1032 Ἐν
723 978 784 1043 ἒξ
816 978 1049 1050 ἡμέραις
1081 980 1109 1032 ὁ
1131 978 1264 1043 Θεὸς
1288 979 1383 1033 τὸν
1411 982 1618 1051 κόσμον
1653 985 1990 1039 κατεσκεύα-

314 1040 331 1048 ⁶
394 1092 514 1128 σεν.
550 1040 998 1144 Ἕκτηννὴμέραν
1024 1040 1225 1127 ἔπλασε
1246 1040 1350 1127 τὸν
1390 1040 1579 1145 Ἀδάμ.
1610 1076 1816 1148 Ἔκτην
1839 1076 1989 1149 ὤραν

399 1164 763 1237 γυμνωθέντα
794 1164 945 1235 παρά
974 1165 1073 1235 τῆς
1107 1165 1387 1236 ἁμαρτίας
1433 1165 1602 1236 δήλης
1638 1166 1750 1234 (88)
1787 1167 1989 1238 ἐζήτη-

396 1274 515 1311 σεν.
573 1257 776 1310 Ἕκτον
828 1255 985 1327 ὤφθη
1032 1256 1112 1328 τῷ
1163 1259 1446 1328 Ἀϐραάμ·
1502 1258 1649 1324 ἅπαξ
1699 1261 1778 1322 είς
1833 1259 1989 1329 Χαῤ-

399 1348 504 1422 pay
549 1352 566 1371 θ
598 1352 616 1370 ⁶
648 1352 668 1370 ⁸
715 1346 899 1419 τρίτον
959 1348 1083 1401 καθ’
1137 1347 1373 1412 ὕπνους⁶
1423 1348 1685 1422 τέταρτον
1742 1351 1836 1403 ἐπὶ
1889 1350 1989 1422 τῆς

397 1439 726 1512 προσθήκης
754 1435 848 1492 τοῦ
892 1440 1227 1511 γράμματος
1274 1440 1369 1493 τοῦ
1403 1441 1664 1512 ὀνόματος
1686 1456 1701 1471 ·
1738 1442 1989 1512 πέμπτον

398 1534 495 1588 ἐπὶ
546 1532 648 1601 τῆς
693 1530 942 1603 Μαμϐρῆ
982 1532 1354 1603 μεσημϐρίας,
1387 1532 1552 1604 ἕκτην
1590 1533 1774 1605 ὧρανσ
1830 1533 1990 1587 ἕκτον

396 1624 496 1680 ἐπὶ
520 1625 620 1695 τῆς
654 1623 847 1686 Θυσίας
887 1624 983 1678 τοῦ
1020 1624 1346 1695 μονογενοῦς
1376 1625 1438 1679 ὲν
1465 1625 1543 1695 τῷ
1569 1626 1707 1697 ὄρει.
1759 1624 1857 1690 ’Ἐξ
1893 1624 1987 1697 ἔτη

394 1713 676 1769 ὼυλεύειν
737 1715 1006 1788 Ἑϐραίοις
1066 1717 1458 1788 παρήγγειλεν.
1500 1719 1684 1789 Ἕκτῳ
1729 1717 1862 1788 μηνὶ
1900 1717 1990 1769 τὸν

396 1805 642 1877 Γαϐριὴλ
706 1806 844 1876 πρὸς
894 1807 994 1878 τὴν
1055 1807 1338 1879 Παρθένον
1388 1808 1728 1864 ἀπέστειλεν.
1786 1810 1882 1873 Εἰς
1932 1808 1992 1873 ἒξ

400 1896 649 1989 “pata;
673 1897 735 1989 τὲ
772 1896 919 1989 ὕδωρ
949 1893 1094 1952 οἶνον
1149 1899 1440 1970 πεποίηκε·
1496 1899 1707 1970 Ἕκτην
1734 1898 1884 1970 ὥραν
1920 1901 1985 1971 τῇ
2019 1931 2063 1989 B

398 1987 755 2058 Σαμαρείτιδι
782 1987 937 2058 παρά
981 1988 1045 2041 τὸ
1074 1989 1254 2061 φρέαρ
1285 1990 1551 2062 ὡμίλησε.
1603 1991 1719 2063 Πρὸ
1754 1990 1814 2058 ἓξ
1847 1992 1987 2062 ἡμε-

400 2079 515 2151 ρῶν
545 2077 639 2133 τοῦ
677 2079 870 2149 Πάσχα
901 2079 995 2133 τὸν
1028 2081 1280 2150 Λάζαρον
1312 2081 1554 2153 ἤγειρεν.
1591 2081 1799 2154 Ἕκτην
1839 2082 1987 2154 ὤραν

395 2168 481 2241 τῷ
536 2169 705 2241 λῃστῇ
775 2169 1182 2242 σταυρούμενος
1235 2170 1519 2242 ὲφιλιώθη.
1572 2171 1772 2226 Ἕκτον
1827 2172 1986 2243 ὤφθη

400 2259 549 2329 μετὰ
570 2260 634 2312 τὸ
665 2259 775 2312 ἀπὸ
805 2259 1014 2330 νεκρῶν
1058 2260 1388 2332 ἐγερθῆναι·
1441 2265 1567 2327 ταῖς
1608 2263 1878 2333 γυναιξὶν,
1910 2264 1989 2335 τῷ

399 2351 664 2424 Κλεώπᾳ,
697 2356 810 2417 τοῖς
860 2354 1132 2425 μαθηταῖς
1175 2355 1346 2425 χωρὶς
1381 2356 1476 2410 τοῦ
1509 2357 1703 2429 Θωμᾶ,
1734 2361 1848 2423 τοῖς
1887 2376 1990 2430 μα-

396 2442 595 2513 θηταῖς
626 2441 765 2512 μετά
797 2442 893 2497 τοῦ
931 2442 1126 2514 Θωμᾶ,
1165 2445 1360 2515 Πέτρῳ
1405 2448 1502 2501 καὶ⁴
1557 2448 1777 2519 Ἰωάννῃ
1822 2448 1883 2501 τὸ
1911 2448 1990 2501 δί-

400 2553 569 2590 κτυον
610 2534 824 2588 ὲλοῦσιν
879 2535 1013 2607 (R9),
1068 2539 1134 2607 τῇ
1172 2536 1465 2609 τελευταίᾳ
1506 2540 1606 2608 τῆς
1644 2539 1987 2610 ἀναλήψεως.

400 2626 626 2690 Ἕκτον,
661 2626 746 2690 ὡς
764 2626 914 2695 λέγει
949 2626 1185 2692 Παῦλος,
1212 2628 1386 2709 ὲςράνη
1428 2632 1543 2694 τοῖς
1575 2629 1825 2700 ἀδελφοῖς
1846 2646 1860 2662 ο
1911 2631 1991 2701 τῷ

398 2718 593 2788 Κηφᾷ,
626 2718 742 2781 τοῖς
764 2717 919 2782 δέκα,
966 2721 1079 2781 τοῖς
1123 2719 1521 2785 πεντακοσίοις,
1570 2721 1658 2790 ἐφ’
1693 2721 1839 2787 ἅπαξ
1884 2723 1991 2774 Ἰα-

399 2807 591 2879 κώϐῳ,
621 2811 735 2872 τοῖς
773 2808 1095 2871 ἀποστόλοις
1134 2810 1324 2872 πᾶσιν,
1355 2809 1507 2880 αὐτῷ
1535 2810 1649 2881 (90)
1684 2810 1762 2881 τῷ
1792 2810 1992 2882 Παύλῳ

397 2899 731 2954 τελευταῖον.
765 2899 863 2963 Ἓξ
896 2898 1002 2968 (ἑνὶ
1024 2900 1223 2971 αὐτῶν)
1240 2901 1455 2971 μεγάλα
1492 2903 1767 2973 μυστήρια
1797 2902 1992 2971 εποίη-

396 3007 498 3044 σεν
543 2992 574 3045 ό
627 2991 831 3062 Κύριος
905 2991 1061 3063 ἡμῶν
1119 2993 1326 3062 Ἰησοῦς
1380 2994 1650 3062 Χριστὸς,
1710 2993 1786 3056 ὡς
1843 2993 1991 3060 λέγει

398 3082 644 3146 Παῦλος·
688 3081 1013 3154 Ἐπληρώθη
1060 3084 1118 3137 ὲν
1162 3084 1348 3154 σαρκὶ,
1398 3084 1690 3154 ἐδικαιώθη
1726 3086 1783 3137 ἐν
1827 3084 1989 3136 πνεύ-

401 3192 557 3247 ματι,
574 3173 731 3245 ὤφθη
749 3162 1025 3243 ἀγγέλοις,
1041 3175 1318 3247 ἐκηρύχθη
1348 3179 1405 3228 ὲν
1433 3176 1667 3239 ἔθνεσιν,
1691 3175 1990 3245 ἐπιστεύθη

2091 654 2374 708 mentavit.

2093 760 2246 827 Quod
2296 761 2603 846 duplicatus
2659 767 2801 847 idem
2861 773 3129 847 tet-uarius
3163 774 3217 828 in
3266 777 3434 832 sacris
3467 775 3685 835 Litteris

2449 838 2697 890 niaximis
2735 838 2791 890 in
2821 841 2973 894 rebus
3009 841 3330 900 observetur.

2166 980 2253 1035 IV.
2289 980 2394 1037 Sex
2434 983 2631 1040 diebus
2669 987 2935 1043 mundum
2980 989 3124 1046 Deus
3158 980 3473 1047 fabricavit.
3521 993 3685 1051 Sexta

2091 1070 2181 1125 die
2203 1071 2462 1127 formavit
2490 1074 2684 1127 Adam.
2718 1074 2885 1133 Sexta
2922 1082 3056 1135 hora
3093 1081 3361 1136 nudatum
3396 1098 3424 1136 a
3463 1096 3687 1153 peccato

2092 1162 2200 1216 sub
2250 1178 2540 1233 vesperam
2601 1169 2876 1235 quaesivit.
2934 1170 3124 1228 Sexics
3178 1173 3488 1229 Abrahamo
3532 1177 3686 1231 visus

2090 1260 2174 1306 est
2208 1271 2222 1306 :
2257 1254 2494 1323 primum
2552 1256 2608 1310 in
2660 1258 2910 1312 Charran
2934 1298 2948 1314 .
2975 1300 3025 1315 ..
3049 1302 3061 1315 .
3119 1265 3283 1318 tertio
3334 1263 3389 1318 in
3439 1265 3682 1331 somnis;

2092 1353 2292 1414 quarto
2321 1360 2447 1400 cum
2482 1347 2719 1401 litteram
2750 1349 2816 1403 ad
2849 1350 2972 1418 ejus
3002 1366 3205 1408 nomen
3226 1355 3465 1424 adjecit:
3492 1357 3687 1424 quinto

2092 1434 2157 1487 ad
2189 1450 2455 1504 quercum
2498 1434 2742 1492 Mambre
2792 1439 2898 1494 sub
2942 1441 3252 1509 meridiem,
3309 1444 3444 1497 hora
3495 1457 3683 1511 sexta;

2092 1532 2371 1594 postremo
2417 1525 2472 1578 in
2524 1527 2675 1580 unici
2725 1526 2820 1581 filii
2868 1529 3185 1596 sacriﬁcio,
3229 1534 3285 1586 in
3322 1540 3530 1589 monte.
3578 1533 3686 1589 Sex

2093 1615 2255 1672 annis
2287 1615 2550 1671 Hebraros
2586 1620 2801 1674 servire
2826 1621 3021 1677 voluit.
3047 1622 3216 1678 Sexto
3239 1641 3425 1681 mense
3455 1627 3688 1681 Gabrie-

2091 1709 2198 1764 lem
2232 1708 2385 1763 misit
2418 1708 2485 1763 ad
2520 1708 2825 1780 Virginem.
2862 1712 2970 1767 Sex
3005 1715 3061 1768 in
3095 1715 3303 1785 hydriis
3327 1731 3524 1786 aquam
3562 1733 3688 1772 ver-

2092 1799 2160 1854 tit
2199 1800 2257 1855 in
2292 1801 2504 1855 vinum.
2542 1799 2708 1856 Sexta
2747 1803 2880 1857 hora
2916 1819 3041 1858 cum
3077 1805 3422 1861 Samaritana
3465 1807 3533 1861 ad
3581 1824 3686 1878 pu—

2093 1897 2243 1945 teum
2288 1890 2598 1945 collocutus
2629 1900 2735 1947 est.
2779 1892 2921 1947 Ante
2954 1908 3052 1948 sex
3087 1893 3209 1950 dies
3253 1894 3478 1950 Pascha:
3516 1895 3689 1951 Laza-

2092 1999 2215 2037 rum
2248 1985 2529 2039 excitavit.
2569 1984 2714 2039 Hora
2744 1994 2901 2040 sexta
2938 1987 2993 2040 in
3020 2002 3187 2043 cruce
3220 1987 3447 2044 sufﬁxus
3486 1989 3687 2044 latroni

2090 2072 2424 2129 conciliatus
2451 2081 2556 2129 est.
2602 2071 2816 2137 Sexies,
2852 2084 3142 2145 postquam
3175 2091 3205 2129 a
3238 2079 3471 2131 mortuis
3496 2093 3688 2132 resurc

2089 2164 2251 2228 rexit,
2286 2164 2586 2219 videndum
2617 2180 2677 2219 se
2704 2166 2971 2235 praebuit;
3004 2167 3331 2222 mulieribus
3355 2208 3368 2233 ,
3407 2167 3693 2237 Cleoplne.

2090 2256 2387 2326 discipulis
2406 2257 2637 2313 absente
2655 2256 2862 2312 Thema
2885 2274 2899 2323 ;
2936 2258 3130 2314 iisdem
3151 2258 3361 2313 Thoma
3380 2270 3650 2329 praesente
3672 2278 3687 2327 ;

2089 2350 2251 2405 Petro
2276 2358 2341 2413 et
2364 2348 2562 2405 ἰοειηηὶ
2594 2366 2719 2404 cum
2762 2358 2879 2406 rete
2909 2351 3187 2421 cepissent
3224 2370 3236 2405 :
3275 2361 3554 2422 postremo
3590 2352 3688 2406 dc-

2090 2444 2258 2513 nique
2279 2444 2388 2505 dic,
2419 2458 2529 2513 quo
2562 2444 2617 2497 in
2657 2444 2854 2498 cmlum
2892 2454 3213 2515 assumptus
3237 2453 3341 2499 est.
3381 2443 3596 2508 Sexies,
3627 2448 3693 2497 ut

2092 2534 2167 2587 ait
2209 2532 2449 2597 Paulus,
2493 2533 2763 2589 fratribus
2803 2534 3095 2603 apparuit;
3138 2535 3370 2605 Ccphm,
3409 2535 3595 2589 decem
3620 2550 3690 2589 ex

2095 2625 2227 2691 illis,
2266 2626 2604 2697 quingentis,
2640 2626 2810 2681 semel
2845 2624 3086 2687 Jacobo;
3121 2626 3387 2696 apostolis
3409 2626 3686 2689 omnibus,

2093 2718 2204 2790 ipsi
2264 2718 2502 2787 denique
2553 2716 2744 2772 Paulo.
2810 2716 2917 2772 Sex
2966 2731 2996 2769 a
3041 2716 3278 2773 Domino
3328 2725 3520 2773 nostro
3558 2718 3689 2774 Jcsu

2090 2811 2312 2865 Christo
2348 2810 2592 2880 ingentia
2634 2817 2763 2864 sunt
2788 2808 3031 2879 perfecta
3063 2810 3348 2880 mysteria,
3382 2819 3442 2864 ut
3481 2809 3688 2865 Paulus

2093 2908 2330 2957 testatur
2353 2904 2375 2934 ³
2408 2920 2423 2955 :
2452 2902 2711 2971 lmplelus
2745 2909 2827 2957 est
2874 2902 2929 2955 in
2976 2916 3177 2967 carne;
3225 2901 3564 2971 justillcatus
3604 2912 3690 2957 est

2094 2994 2146 3047 in
2196 2993 2432 3064 spiritu;
2483 2994 2633 3049 visus
2682 3003 2767 3048 est
2815 2995 3062 3064 angelis;
3116 2994 3451 3065 praedicatus
3497 3002 3582 3049 est
3632 2994 3689 3048 in

2091 3086 2379 3154 gentibus;
2433 3082 2681 3139 creditus
2721 3092 2807 3139 est
2853 3085 2907 3137 in
2950 3085 3197 3151 mundo;
3247 3093 3566 3154 assumptus
3605 3095 3689 3140 est

2091 3190 2216 3229 cum
2250 3177 2446 3246 gloria.
2492 3177 2596 3231 Sex
2636 3177 2838 3233 litteris
2871 3192 3065 3246 magna
3093 3177 3309 3231 nomina
3331 3176 3685 3244 scribuntur;

398 3268 462 3319 ἒν
494 3265 709 3336 κόσμῳ,
740 3264 1017 3336 ἀνελήφθη
1060 3266 1120 3319 ἐν
1151 3264 1299 3336 δόξῃ.
1340 3268 1417 3317 Δι’
1447 3265 1509 3329 ἓξ
1547 3267 1893 3336 γραμμάτων
1917 3265 1986 3320 τά

2096 3266 2323 3330 Adonai,
2358 3264 2623 3330 Sabaoth,
2657 3267 2885 3337 Ἰησοῦς,
2904 3267 3128 3337 Κύριος,
3156 3266 3413 3321 Dominus
3438 3282 3456 3321 :
3482 3267 3683 3338 ίατρός,

408 3358 621 3430 μεγάλα
665 3357 911 3428 ὀνόματα
958 3356 1260 3426 γράφωσιν
1309 3357 1532 3420 ἀδωναῖ,
1562 3356 1826 3422 ησαϐαὼθ,
1884 3358 1988 3428 ’1η-

407 3449 552 3514 σοῦς,
585 3449 815 3522 Κύριος,
853 3449 1057 3520 ἰατρὸς,
1091 3448 1317 3518 ἀγαθὸς,
1357 3449 1578 3519 νεφέλη,
1612 3449 1865 3522 Μαριάμ.

660 3560 791 3613 Ὅτι
819 3559 916 3613 καί
953 3561 987 3613 ὁ
1014 3558 1165 3612 ἑπτὰ
1192 3559 1422 3624 τέλειος
1459 3558 1724 3627 ἀριθμός.

472 3667 551 3722 E’.
601 3666 839 3741 Ἑϐδόμη
884 3667 1069 3739 ἡμέρᾳ
1112 3668 1457 3722 κατέπαυσεν
1497 3668 1605 3722 ἀπὸ
1636 3667 1853 3723 πάντων
1882 3670 1990 3723 τῶν

395 3759 582 3831 ἔργων
609 3758 772 3813 αὐτοῦ
809 3763 840 3814 ὁ
873 3759 1025 3824 Θεός.
1089 3759 1263 3814 Ἑπτὰ
1306 3760 1666 3829 ὲκδικούμενα
1711 3762 1988 3832 παρέλυσε

392 3853 495 3905 τὸν
553 3851 694 3906 Κάῖν
739 3850 966 3906 ἀνελών.
1030 3849 1205 3905 Ἑπτά
1256 3852 1366 3924 γὰρ
1400 3852 1676 3925 ἁμαρτίας
1717 3852 1745 3904 ὀ
1794 3854 1990 3925 μιαρὸς

394 3942 803 4015 ἱργασάμενος,
858 3942 1075 4013 φθόνον,
1111 3943 1281 4009 δόλον,
1321 3945 1479 4012 φόνον
1523 3944 1775 4013 ἀδελφοῦ,
1813 3945 1990 4014 φόνων

394 4035 725 4100 διδάσκαλος
772 4036 1012 4108 πρῶτος,
1054 4035 1226 4107 μῦσος
1261 4036 1372 4107 (91)
1410 4036 1548 4108 (τοῦ)
1584 4035 1726 4091 οὕτω
1767 4036 1866 4108 βίῳ
1898 4053 1992 4106 γε·-

394 4129 651 4199 νόμενος,
697 4130 874 4198 γονεῖς
934 4127 1219 4202 λυπήσας,
1274 4127 1540 4198 ἐψεύσατο
1590 4127 1742 4182 Θεόν.
1816 4125 1990 4180 Ἐπτά

398 4221 503 4276 καὶ
559 4221 854 4293 τιμωρίαις
911 4210 1191 4274 ύπέπεσεο
1252 4219 1386 4293 ᾤκει
1442 4219 1835 4293 κατηραμένην
1891 4220 1991 4290 τὴν

394 4310 547 4381 γῆν,
599 4308 921 4382 εἰργάζετο,
977 4310 1196 4383 ἀφορῶν
1257 4311 1509 4375 ἔστενεν,
1567 4310 1832 4381 ἐτρεμεν,
1893 4309 1989 4363 ἀπ’
2036 4338 2039 4340 »

399 4402 583 4471 ὅψεως
614 4398 705 4475 ἦν,
736 4392 948 4471 ἠγωνία
980 4401 1072 4455 τὸν
1107 4402 1391 4473 παριόντα,
1431 4404 1653 4473 σημεῖον
1685 4396 1797 4471 εἶχε
1824 4400 1992 4473 δημο-

403 4491 586 4547 σιεῦον
617 4491 801 4546 αὐτόν.
836 4492 1104 4565 Ἕϐδομος
1150 4492 1342 4563 Ἑνὼχ,
1393 4491 1532 4565 μετὰ
1572 4487 1663 4546 τὸν
1707 4493 1897 4564 Ἀδὰμ,
1931 4491 1990 4556 ὃς

398 4583 740 4655 εύηρέστησε
783 4581 864 4654 τῷ
910 4584 1053 4655 Θεῷ,
1090 4585 1184 4639 καὶ
1233 4585 1308 4648 ὡς
1360 4587 1505 4649 σῖτος
1554 4584 1830 4649 ζιζανίων,
1880 4584 1990 4637 τῶν

400 4649 621 4729 ἀσεϐῶν
652 4649 950 4747 ἐχωρίσθη.
1005 4649 1189 4729 ’Ἑπτά
1226 4674 1287 4729 τὸ
1330 4673 1570 4746 πρῶτον,
1600 4675 1694 4727 καὶ
1738 4674 1878 4727 ἑπτὰ
1929 4673 1991 4726 τὺ
2023 4649 2067 4703 D

394 4764 657 4836 δεύτερον
698 4766 793 4838 ἔτη
839 4767 967 4837 περὶ
1009 4765 1212 4837 Ῥαχὴλ
1269 4764 1463 4819 Ἰακὼϐ
1500 4763 1578 4835 τῷ
1614 4765 1800 4818 Λάϐαν
1845 4762 1994 4817 ἐδού-

396 4857 614 4912 λευσεν.
661 4857 833 4912 Ἐπτά
870 4856 1159 4929 προϐάτων
1203 4858 1410 4927 ἀμνοὺς
1453 4856 1704 4928 Ἀϐραὰμ
1735 4857 1814 4927 τῷ
1854 4856 1996 4909 Ἄϐι-

401 4947 578 5023 μέλεχ
629 4948 927 5019 ἐχαρίσατο
970 4947 1069 5018 τῆς
1114 4945 1206 5000 τοῦ
1242 4946 1477 5019 φρέατος
1508 4945 1826 5009 δεσποτείας
1860 4961 1994 5016 μαρ-

395 5040 614 5111 τύριον.
684 5039 858 5093 Ἐπτά
918 5039 1039 5110 βόες
1091 5038 1238 5091 στίλε
1295 5036 1458 5109 λιμοῦ
1511 5035 1653 5107 (92),
1713 5037 1807 5090 καὶ
1851 5036 1991 5089 έπτὰ

398 5135 637 5203 στάχυες
664 5132 891 5195 πίνακες
922 5131 1179 5202 εὐθηνίαν
1210 5130 1531 5201 διέγραψαν,
1562 5129 1657 5183 τοῦ
1695 5129 1896 5199 Φαραὼ
1930 5128 1993 5181 τὸ

402 5223 677 5277 ἐνύπνιον.
724 5221 895 5276 Ἑπτὰ
920 5221 1226 5291 σάλπιγγας
1260 5222 1412 5292 ἱεράς
1444 5221 1744 5275 ἐϐάστασεν
1787 5219 1992 5291 Ἰησοῦς

399 5316 436 5369 ὸ
464 5315 557 5369 τοῦ
606 5315 788 5386 Ναυῆ,
838 5314 1077 5385 ὁπηνίκα
1116 5314 1219 5387 τῆς
1277 5314 1488 5386 Ἱεριχῶ
1536 5313 1606 5367 τὰ
1655 5314 1807 5385 τείχη
1853 5330 1992 5366 κατ-

398 5405 658 5479 ήνεγκεν.
706 5404 951 5476 Ἑϐδόμῳ
982 5405 1095 5459 ἔτει
1125 5406 1227 5474 τῆς
1263 5405 1508 5470 δουλείας
1549 5406 1835 5477 Ἐϐραίους
1865 5407 1995 5462 ἀπο-

472 5563 682 5620 ‘lCor.
708 5580 765 5632 ν,
800 5565 855 5620 6.
931 5564 953 5594 ²
980 5563 1001 5618 l
1032 5563 1174 5621 Tim.
1220 5581 1302 5629 ιιι,
1337 5565 1425 5619 16.

495 5721 592 5861 88ζ
619 5722 684 5779 ιτ.
715 5723 915 5795 δείλης.

499 5794 571 5850 89
625 5792 687 5847 F.
712 5793 915 5847 Domum

499 5792 592 5850 89}
625 5792 687 5847 F.
712 5792 977 5850 ἑλκοῦσιν.

496 5865 586 5936 90)
617 5863 736 5920 Huc
765 5878 964 5920 revoca
988 5865 1274 5935 sequentia
1297 5866 1376 5920 ἐνὶ
1399 5866 1598 5921 αὐτῶν.

2087 3357 2326 3412 medicus
2359 3372 2377 3410 :
2409 3359 2636 3429 ἀγαθός,
2673 3359 2840 3415 bonus
2868 3376 2887 3414 :
2914 3359 3114 3430 νεφέλη
3134 3399 3149 3425 ,
3190 3363 3348 3414 nubes
3377 3376 3395 3413 :
3428 3361 3683 3432 Μαριάμ,

2091 3447 2299 3502 Maria.

2235 3560 2391 3628 Quod
2421 3569 2471 3615 et
2502 3563 2833 3630 septenarius
2871 3562 3130 3632 perfectus
3167 3562 3233 3616 sit
3269 3576 3542 3618 numerus.

2164 3669 2228 3726 V.
2268 3668 2514 3741 Septimo
2545 3671 2634 3726 die
2663 3673 2933 3742 requievit
2975 3673 3116 3729 Deus
3148 3674 3217 3730 ab
3257 3674 3514 3729 omnibus
3548 3689 3679 3744 ope-

2091 3766 2249 3820 ribus
2280 3764 2418 3821 Suis.
2456 3762 2675 3836 Septem
2708 3766 2944 3821 ultiones
2967 3767 3201 3822 exsolvit
3223 3767 3290 3833 is,
3323 3768 3417 3838 qui
3440 3768 3673 3825 Cainum

2094 3855 2391 3912 interfecit.
2423 3855 2643 3926 Septem
2685 3858 2830 3917 enim
2874 3864 3098 3939 peccata
3130 3858 3381 3915 nefarius
3406 3861 3495 3916 ille
3527 3875 3685 3915 com-

2094 3947 2351 4014 miserat;
2407 3945 2661 4011 invidiae,
2711 3946 2862 4013 (loli,
2904 3948 3189 4019 parricidii
3241 3948 3474 4006 fraterni
3513 3969 3530 4006 :
3569 3959 3684 4007 tum

2092 4035 2240 4107 quod
2296 4033 2511 4105 primus
2570 4035 2855 4091 homicidii
2912 4040 3196 4111 magister,
3254 4047 3420 4110 atque
3486 4051 3682 4099 auctor

2092 4127 2419 4183 mortalibus
2465 4126 2710 4183 exstitit:
2759 4130 3077 4198 parentibus
3133 4146 3426 4186 mcerorem
3469 4133 3683 4200 attulit;

2093 4218 2205 4274 Deo
2233 4220 2496 4274 mentitus
2539 4227 2645 4275 est.
2687 4217 2810 4274 Ideo
2852 4228 3059 4291 septem
3102 4222 3179 4275 illi
3222 4238 3397 4292 poena:
3434 4231 3567 4278 sunt
3601 4224 3685 4277 in-

2092 4312 2255 4367 ﬂictae
2292 4331 2306 4367 :
2338 4329 2466 4368 nam
2520 4322 2575 4369 et
2614 4314 2960 4368 maledictam
3005 4324 3205 4369 terram
3248 4316 3511 4383 incoluit;
3568 4324 3683 4370 tum

2092 4405 2339 4458 eamdem
2372 4404 2619 4458 exercuit
2654 4422 2666 4457 :
2704 4404 2925 4457 intuens
2958 4405 3208 4474 lugebat,
3242 4405 3529 4472 tremebat,
3563 4422 3685 4461 sese

2093 4497 2339 4551 omnium
2371 4496 2719 4552 subducebat
2742 4498 2942 4560 oculis,
2969 4512 3301 4569 quocunque
3323 4507 3686 4568 praetereunte

2095 4587 2405 4657 trepidabat
2431 4589 2658 4655 anxius;
2696 4598 2849 4643 certo
2893 4589 3130 4660 denique
3160 4591 3316 4659 signo
3346 4591 3566 4661 publice
3602 4600 3686 4645 est

2096 4677 2340 4749 agnitus.
2378 4676 2658 4749 Septimus
2702 4676 2891 4732 Enoch
2936 4678 3003 4732 ab
3045 4678 3257 4735 Adamo
3291 4678 3496 4748 placuit
3545 4677 3683 4741 Deo,

2097 4785 2162 4824 ac
2205 4770 2351 4825 velut
2389 4770 2640 4825 triticum
2670 4784 2700 4822 a
2735 4768 2966 4825 zizaniis
2992 4779 3279 4840 separatus
3303 4778 3406 4825 cst.
3439 4768 3684 4823 Primum

2096 4876 2272 4917 annos
2295 4869 2536 4933 septem;
2573 4860 2702 4916 inde
2737 4871 2945 4933 septem
2979 4863 3119 4915 alios
3161 4861 3232 4918 ob
3273 4860 3565 4916 Rachelem
3594 4859 3684 4915 Ja-

2095 4954 2198 5008 cob
2230 4954 2421 5009 serviit
2450 4952 2662 5007 Laban.
2714 4954 2933 5024 Septem
2978 4954 3159 5006 ovium
3214 4967 3385 5023 agnos
3430 4952 3682 5011 Abrahan

2096 5061 2218 5100 mus
2252 5045 2610 5100 Abimelecho
2640 5045 2872 5116 largitus
2897 5053 3000 5109 est,
3026 5046 3080 5100 in
3113 5044 3484 5099 testimonium
3513 5043 3682 5112 juris,

2100 5138 2246 5206 quod
2279 5138 2332 5190 in
2363 5144 2587 5206 puteum
2630 5135 2887 5192 habebat.
2945 5138 3163 5207 Septem
3205 5136 3372 5192 boves
3413 5137 3683 5207 strigosus,

2100 5225 2298 5283 famem
2323 5245 2337 5297 ;
2370 5237 2577 5298 septem
2602 5229 2769 5298 spicae
2802 5230 2995 5300 plente,
3023 5229 3360 5284 fertilitatem
3386 5230 3440 5282 in
3469 5228 3685 5283 somnio

2102 5319 2199 5373 illo
2239 5317 2547 5376 Pharaonis
2588 5321 3009 5377 adumbrabaut.
3054 5321 3270 5393 Septem
3301 5321 3460 5376 tubas
3495 5335 3684 5376 sacras

2098 5407 2262 5467 Jesus
2289 5411 2439 5469 Nave
2471 5413 2617 5473 filius
2642 5413 2784 5481 tulit,
2820 5415 3040 5487 quando
3061 5414 3473 5472 Jerichuntinos
3494 5426 3687 5467 muros

2165 5723 2277 5794 (91)
2310 5722 2434 5794 Haec
2469 5730 2727 5793 corrupta
2755 5731 2905 5779 sunt.

2133 5792 2278 5917 ιωὲ)
2313 5794 2368 5849 F.
2421 5792 2848 5865 lama‘tiipoﬁ.
2902 5792 3152 5864 Sequens
3204 5795 3433 5858 πίνακες
3488 5810 3682 5851 οοττυ·

2093 5879 2127 5933 p
2157 5880 2270 5920 um.
