3988 6426
418 400 435 430 β

415 400 517 455 515
1746 378 1953 437 υυΒιλ
1994 382 2033 434 Α

2177 378 2458 436 SPURl.\.
3571 372 3657 430 5l6

424 513 663 585 disiecit.
701 512 865 568 Anno
902 512 1139 583 septimo
1167 508 1343 566 Judaei
1375 508 1637 569 Hebraeos
1675 526 1705 565 a
1749 506 2018 564 servitute

2146 496 2339 550 ,ὕουσιν
2402 492 2671 548 Ἰουδαῖοι.
2722 489 2857 544 ’Ᾱπὸ
2902 488 3382 564 πεντεκαιδεκάτης
3410 492 3505 559 ἕως
3540 498 3662 567 πρὼ.

424 606 633 662 ltberos
660 606 943 660 emittunt.
976 606 1015 658 A
1035 606 1125 660 die
1149 622 1217 659 xv
1236 621 1411 675 usque
1435 606 1500 659 ad
1525 620 1641 670 xxi,
1673 611 1880 672 septeni
1905 599 2022 652 dies

424 705 584 751 erant
613 695 768 762 festi,
811 698 1015 767 quibus
1051 695 1226 751 Judaei
1262 697 1473 751 Pascha
1501 694 1876 751 celebrabant.
1926 690 2025 743 Se-

424 796 573 859 ptem
602 788 811 844 Iudaeis
855 790 910 843 in
966 792 1289 845 servitutem
1318 790 1574 845 nationes
1622 787 1852 842 tradidit
1880 784 2025 839 Deus

425 881 793 943 Chananaeos,
828 879 1125 944 Chettzeos,
1160 880 1511 943 Pherezmos,
1546 879 1889 950 Gergezaaos,
1920 877 2027 930 Ile-

427 987 613 1038 varos,
662 972 946 1027 Jebusaaos
974 1012 988 1036 ,
1039 972 1411 1027 Amorrhteos.
1452 972 1670 1041 Septem
1716 987 1746 1024 a
1789 969 2027 1023 tentorio

426 1063 626 1119 diebus
653 1076 739 1120 est
771 1075 1024 1135 separata
1071 1064 1275 1136 Moysis
1316 1081 1495 1119 soror.
1541 1064 1758 1133 Septem
1800 1062 2027 1115 fiinihus

427 1156 688 1228 alligatus
720 1166 803 1211 est
837 1157 1111 1226 Sampson
1140 1198 1153 1221 ,
1188 1166 1241 1210 et
1270 1172 1365 1211 eos
1395 1158 1544 1210 velut
1580 1166 1831 1225 spartum
1859 1153 2028 1208 disci-

426 1248 526 1303 dit.
554 1248 775 1319 Septem
806 1251 1137 1317 capillorum
1160 1250 1339 1303 cirros
1361 1264 1553 1303 sacros
1582 1248 1800 1312 habuit;
1826 1247 2027 1315 quibus

426 1340 674 1395 detonsis
707 1340 789 1394 vis
817 1341 997 1393 oninis
1055 1354 1119 1393 ac
1162 1340 1330 1393 robur
1353 1339 1599 1393 evanuit.
1636 1336 1855 1406 Septem
1881 1335 2027 1389 oculi

428 1440 579 1497 sunt,
607 1433 697 1501 qui
732 1433 787 1486 in
814 1433 1130 1486 universam
1165 1440 1367 1486 terram
1398 1431 1766 1501 prospiciunt.
1809 1429 2027 1498 Septem

429 1523 722 1589 inlusoria,
776 1533 1101 1594 septemque
1144 1524 1476 1578 candelabra
1538 1522 1834 1577 Zacharias
1873 1522 2025 1576 vidit.

430 1615 651 1686 Septem
690 1633 718 1669 a
755 1616 866 1671 Deo
912 1624 1041 1670 sunt
1089 1617 1340 1684 spiritus.
1393 1615 1613 1684 Septem
1664 1616 1807 1669 dona
1852 1614 2031 1668 sancti

431 1702 713 1775 Spiritus;
749 1706 983 1773 spiritus
1010 1704 1319 1773 sapientiae,
1353 1705 1585 1773 spiritus
1624 1705 2028 1774 intelligentiae,

430 1796 664 1866 spiritus
732 1796 989 1858 consilii,
1063 1795 1294 1863 spiritus
1360 1794 1741 1859 fortitudinis,
1801 1796 2029 1864 spiritus

2124 605 2224 657 της
2262 586 2497 648 εἰκάδος,
2533 587 2591 637 ἐν
2612 579 2699 647 αἷς
2732 578 3042 634 ὲπετελεῑτο
3080 581 3143 633 τὸ
3191 582 3373 652 Πάσχα
3411 584 3509 637 τῶν
3559 588 3662 639 Ἰουο

2125 678 2312 739 δαίων,
2349 675 2490 728 έπτὰ
2523 675 2622 744 τῆς
2666 674 2858 744 ἑορτῆς
2906 672 3135 742 ἡμέραι.
3194 671 3357 725 Ἑπτὰ
3396 674 3541 727 δοῦλα
3575 679 3666 740 τοῖς

2140 769 2417 831 Ἰουδαίοις
2453 766 2579 836 ἔθνη
2614 764 2961 833 κατέγραψεν
2985 764 3013 816 ὁ
3046 763 3201 826 Θεὸς,
3240 764 3344 817 τῶν
3374 766 3667 831 Χαναναίων,

2126 860 2234 913 τῶν
2258 858 2559 921 Χετταίων,
2596 858 2690 909 καὶ
2716 858 2781 908 Φε
2794 855 3078 923 ρεσταίων,
3106 855 3213 907 τῶν
3233 856 3267 906 Γ
3272 856 3668 925 εργεσαίων,τῷν

2130 954 2367 1015 Εὐαίων,
2392 950 2502 1002 τῶν
2531 948 2895 1009 Ἰεϐουσαίων,
2932 948 3040 999 τῶν
3089 946 3356 1017 Ἀϐραίων
3386 948 3505 1017 (95),
3532 950 3671 1003 Ἑπτά

2128 1047 2228 1116 τῆς
2269 1045 2476 1114 σκηνῆς
2518 1043 2821 1111 πεποίηκεν
2857 1038 2959 1109 (ἓξ)
2993 1039 3208 1110 ἡμέρας
3251 1043 3283 1110 ἡ
3315 1041 3504 1111 ἀδελφὴ
3542 1044 3675 1095 Muni-

2132 1139 2270 1200 σέως
2342 1134 2720 1205 άφορισθεῑσα.
2795 1132 2970 1184 Ἑπτά
3041 1132 3313 1202 κλήμασιν
3370 1132 3511 1203 ἐδέθη
3554 1135 3675 1203 Σαμ-

2129 1228 2248 1298 ψὼν
2267 1226 2404 1297 (94),
2425 1228 2520 1279 καὶ
2544 1224 2793 1292 διέκοψεν
2844 1223 2985 1276 αὐτὰ
3008 1224 3081 1285 ὡς
3110 1224 3386 1294 σπαρτίον.
3422 1224 3575 1275 Ἐτττὰ
3605 1223 3676 1291 βο-

2134 1320 2398 1391 στρύχους
2444 1318 2623 1388 ἱεροὺς
2652 1311 2766 1386 εἶχε
2792 1314 2993 1384 τριχῶν
3016 1331 3029 1343 ·
3062 1308 3138 1367 ὧν
3176 1317 3208 1384 ἡ
3245 1314 3413 1383 κουρά
3436 1313 3526 1383 τὴν
3554 1316 3678 1383 ἰσχὺν

2132 1410 2311 1463 αὐτῶν
2352 1409 2447 1461 καὶ
2490 1408 2721 1477 δύναμιν
2780 1407 3169 1474 ἐφυγάδευσεν.
3230 1405 3397 1458 Ἐπτᾶ
3454 1403 3679 1473 ὀφθαλμοί

2132 1506 2273 1555 εἰσιν
2323 1503 2372 1553 οἱ
2420 1499 2810 1561 ὲπιϐλέποντες
2847 1499 2941 1549 ἐπὶ
2994 1500 3175 1551 πᾶσαν
3224 1498 3322 1566 τὴν
3370 1498 3485 1567 γῆν.
3542 1497 3680 1548 Ἑπτά

2133 1593 2561 1664 ὲπαρυστρίδας,
2587 1591 2681 1643 καὶ
2721 1590 2864 1642 ἑπτά
2905 1590 3134 1660 λύχνους
3175 1585 3285 1659 (ἦν)
3317 1588 3516 1659 ἑώρακε
3545 1590 3683 1655 Ζαχα-

2137 1688 2279 1757 ρίας,
2331 1689 2411 1740 ὅτι
2464 1686 2605 1739 ἑπτά
2654 1683 2942 1754 πνεύματα
2980 1683 3134 1755 παρὰ
3180 1681 3334 1735 Θεοῦ.
3410 1681 3567 1733 Ἑπτὰ
3605 1678 3680 1730 τοῦ

2136 1780 2293 1846 ἁγίου
2340 1778 2656 1847 Πνεύματος
2713 1775 2779 1827 τὰ
2828 1773 3178 1845 χαρίσματα’
3229 1771 3441 1841 πνεῦμα
3507 1770 3682 1837 σοφίας,

431 1888 707 1951 scientim,
768 1887 993 1955 spiritus
1055 1887 1315 1957 pictatis,
1369 1886 1599 1955 spiritus
1647 1886 1862 1941 timoris
1913 1885 2026 1940 Dei.

2146 1870 2357 1939 πνεῦμα
2400 1870 2691 1931 συνέσεως,
2734 1867 2955 1937 πνεῦμα
3003 1866 3221 1936 βουλῆς,
3261 1864 3468 1933 πνεῦμα
3515 1861 3682 1930 ἰσχύος,

434 1978 653 2047 Septem
705 1977 983 2030 columnis
1029 1977 1447 2030 tabernaculum
1506 1992 1667 2031 suum
1726 1976 1904 2031 fulciit
1945 1992 2031 2031 sa-

432 2065 662 2134 pientia.
700 2062 922 2133 Septem
975 2065 1236 2118 mulieres
1287 2065 1430 2131 apud
1480 2063 1677 2118 Isaiam
1734 2080 1905 2118 ιιιιιιω
1935 2066 2034 2120 d0-

433 2160 644 2213 minum
695 2158 967 2229 rogabunt
1014 2157 1102 2212 his
1148 2158 1331 2211 verbis
1366 2175 1378 2210 :
1421 2155 1623 2210 Panem
1664 2165 1904 2209 nostrum
1946 2172 2037 2209 co-

434 2250 700 2304 medemus
722 2289 737 2316 ,
785 2260 835 2304 et
872 2250 1193 2304 vestimentis
1222 2250 1422 2304 nostris
1453 2251 1768 2317 aperientur.
1814 2247 2037 2302 Verum-

436 2351 611 2397 tamen
660 2358 849 2398 nomen
898 2352 1049 2396 tuum
1099 2343 1372 2397 invocetur
1410 2358 1569 2411 super
1592 2358 1686 2396 nos
1710 2356 1729 2395 :
1755 2341 1910 2411 aufer
1934 2342 2039 2395 im-

433 2436 737 2503 properium
761 2443 1000 2488 nostrum
1030 2435 1045 2465 ¹
1058 2474 1072 2489 .

511 2600 735 2673 Septem
767 2604 914 2658 enim
943 2605 1068 2659 libri
1097 2605 1165 2661 de
1191 2606 1414 2661 Christo
1446 2608 1816 2664 testificantur
1841 2652 1855 2675 ,
1892 2610 2040 2679 quod

435 2708 608 2748 carne
647 2703 903 2765 suscepta
944 2697 1204 2765 probrum
1247 2698 1495 2767 ipsorum
1535 2700 1893 2755 absterserit:
1932 2700 2042 2757 Ge-

438 2785 612 2849 nesis,
641 2785 886 2850 Exodus,
914 2785 1219 2852 Leviticus,
1260 2788 1510 2852 Numeri,
1531 2788 2040 2856 Deuteronomium,

439 2874 628 2941 Josue,
668 2874 912 2935 Iudices.
948 2877 1063 2933 Nisi
1105 2882 1252 2933 enim
1288 2880 1451 2935 homo
1481 2880 1660 2936 factus
1691 2891 1839 2938 esset
1866 2924 1880 2948 ,
1924 2896 2045 2938 tan-

440 2984 607 3039 quam
640 2968 881 3025 l'abutosi
914 2970 1299 3041 rejicerentur.
1329 2971 1463 3026 Nam
1489 2980 1543 3027 et
1565 2975 1687 3029 sine
1712 2975 2046 3031 mactatione

441 3069 717 3117 mactatus
742 3072 863 3131 est,
900 3073 954 3117 ut
987 3061 1143 3118 Isaae
1166 3103 1180 3127 ,
1216 3072 1270 3119 et
1303 3069 1423 3119 sine
1459 3066 1816 3135 perpessione
1848 3082 2046 3137 passus

442 3162 559 3222 est;
593 3162 647 3210 et
682 3171 838 3231 suam
874 3156 991 3227 ipse
1023 3172 1241 3212 crucem
1278 3157 1527 3212 humeris
1560 3170 1805 3228 portans,
1837 3175 1959 3231 qua:
1989 3159 2043 3215 in
2073 3208 2115 3265 C

1014 3257 1026 3265 ,
1169 3252 1239 3265 .,
1439 3251 1465 3265 ,.
1634 3251 1777 3265 .,...

445 3246 680 3304 Genesis
714 3249 857 3304 libro
902 3257 1033 3305 sunt
1072 3252 1281 3319 scripta
1324 3251 1694 3306 conﬁrmavit.
1734 3251 1873 3306 Tum
1914 3268 2046 3309 vero

442 3348 717 3408 quatenus
748 3341 999 3410 virgineo
1016 3351 1207 3396 ventre
1224 3350 1478 3413 receptus
1502 3328 1757 3399 eumdem
1781 3344 2046 3400 divinita-

444 3432 516 3485 tis
549 3448 663 3486 sua:
697 3432 820 3503 igne
845 3447 954 3486 non
997 3434 1379 3504 consumpsit,
1418 3436 1618 3489 rubum
1651 3436 1804 3489 illum
1835 3437 2048 3491 descri-

445 3523 589 3591 psit,
629 3538 793 3591 quem
832 3524 1071 3589 arsisse,
1119 3540 1231 3579 non
1278 3526 1625 3580 combustum
1664 3542 1789 3582 esse
1817 3536 2050 3583 testatur

445 3612 689 3667 Exodns.
716 3612 873 3679 Quod
901 3621 1083 3668 autem
1114 3617 1520 3684 pontiﬁcatum,
1551 3626 1815 3688 tanquam
1838 3622 2046 3687 Aaron,

446 3704 643 3775 gessit,
669 3711 723 3759 et
756 3705 899 3759 inter
924 3720 1026 3760 nos
1051 3720 1116 3760 ac
1144 3705 1315 3761 Deum
1352 3716 1640 3777 sequester
1666 3709 1790 3775 fuit,
1818 3726 1902 3774 ea,
1930 3728 2051 3781 quae

446 3798 503 3851 in
540 3794 791 3851 Levitico
812 3798 1196 3864 continentur,
1222 3800 1520 3869 expressit.
1549 3799 1669 3855 Jam
1692 3818 1817 3856 cum
1837 3802 2049 3859 Novum

448 3887 865 3944 Testamentum
918 3888 1101 3945 Veteri
1164 3892 1482 3961 copulavit,
1555 3908 1621 3948 ac
1684 3895 1767 3950 sic
1831 3896 2048 3953 edixit:

447 3982 667 4036 Dictum
711 3993 787 4037 est
830 3984 1065 4053 antiquis
1093 3999 1114 4038 :
1148 3981 1271 4039 Non
1303 3984 1644 4041 mcechaberis
1679 4002 1699 4040 :
1750 4004 1844 4059 ego
1875 4000 2049 4045 autem

450 4076 571 4129 dico
596 4074 742 4129 vobis
762 4118 776 4141 ,
808 4075 949 4145 quod
985 4076 1154 4130 omnis
1185 4078 1276 4147 qui
1312 4078 1585 4133 mulierem
1612 4082 1826 4149 aspicit,
1850 4094 1905 4136 ut
1934 4101 2052 4138 cum

450 4183 515 4221 ea
559 4165 862 4231 mtechetur,
887 4166 1008 4236 jam
1057 4169 1341 4239 nime/latus
1376 4179 1453 4224 est
1505 4172 1557 4225 in
1597 4171 1753 4227 corde
1794 4191 1890 4227 suo
1918 4176 1957 4228 ².
1992 4178 2056 4232 Et

452 4273 650 4314 rursus
686 4257 941 4313 :Dictum
999 4269 1076 4314 est
1133 4264 1417 4332 antiquis:
1452 4262 1677 4318 Oculum
1726 4280 1821 4333 pro
1877 4269 2050 4335 oculo,

452 4348 661 4403 dentem
707 4367 802 4418 pro
843 4349 998 4405 dente
1023 4366 1042 4405 :
1097 4366 1189 4420 ego
1234 4367 1407 4407 autem
1438 4354 1555 4407 dico
1583 4354 1749 4418 vobis,
1781 4374 1884 4411 non
1918 4361 2053 4412 resi-

454 4452 589 4494 stere
623 4442 766 4493 malo
790 4458 809 4495 :
841 4443 930 4495 sed
952 4444 1042 4511 qui
1067 4455 1115 4498 te
1138 4446 1373 4500 verberat
1398 4446 1451 4498 in
1479 4447 1724 4501 dextram
1751 4450 2054 4517 maxillam,

456 4533 662 4586 obverte
692 4532 773 4585 illi
800 4543 848 4586 et
866 4534 1144 4587 sinistram
1166 4537 1185 4567 ³
1212 4550 1375 4591 :cum
1401 4539 1537 4601 haec,
1573 4539 1820 4608 inquam,
1844 4556 2048 4609 praece-

457 4622 556 4691 pit,
592 4637 716 4692 quae
763 4623 815 4675 in
843 4621 1266 4679 Deuteronomio
1309 4628 1879 4697 comprehenduntur,
1919 4631 2057 4686 alte—

2134 1960 2356 2031 πνεῦμα
2398 1959 2676 2029 γνώσεως,
2708 1960 2924 2028 πνεῦμα
2964 1958 3273 2020 εὐσεϐείας,
3308 1955 3516 2025 πνεῦμα
3550 1951 3686 2019 φόϐου

2137 2049 2295 2103 Θεοῦ.
2344 2048 2517 2103 Ἑπτὰ
2545 2050 2770 2113 στύλους
2799 2050 3135 2118 ὐπεστήρισε
3167 2049 3268 2117 τῆς
3291 2046 3490 2107 οἰκείας
3519 2041 3688 2111 σκηνῆς

2136 2143 2171 2211 ἡ
2213 2141 2396 2209 σοφία.
2440 2140 2611 2193 Ἑπτὰ
2653 2143 2913 2208 γυναῖκες
2953 2140 3103 2209 παρὰ
3149 2138 3230 2208 τῷ
3269 2137 3463 2206 Ἡσαΐᾳ
3499 2134 3579 2185 τὸν
3613 2133 3691 2184 Eva

2137 2238 2328 2304 κύριον
2349 2232 2733 2302 δυσωπήσουσι
2758 2232 3047 2300 λέγουσαι·
3091 2231 3203 2285 Τὸν
3224 2230 3408 2298 ἄρτον
3426 2226 3580 2295 ἡμῶν
3602 2240 3692 2292 ρα-

2136 2324 2389 2395 τώμεθα,
2408 2326 2506 2380 καὶ
2535 2326 2606 2379 τὰ
2623 2325 2825 2395 ἱμάτια
2842 2324 3010 2394 ἡμῶν
3037 2322 3534 2392 περιϐαλλώμεθα.
3551 2318 3692 2384 Πλὴν

2140 2419 2205 2471 τὸ
2245 2417 2434 2488 ὄνομά
2476 2434 2594 2472 σου
2652 2418 2972 2485 κεκλήσθω
3022 2417 3115 2487 ἐφ’
3160 2415 3353 2486 ἡμᾶς*
3393 2414 3565 2483 ἄφελε
3610 2409 3694 2463 τὸν

2143 2511 2489 2580 ὀνειδισμὸν
2514 2511 2705 2580 ἡμῶν.

2227 2603 2396 2655 Ἑπτὰ
2437 2603 2546 2673 γὰρ
2586 2602 2760 2673 βίϐλοι
2793 2603 3015 2674 νομικαὶ
3048 2602 3126 2673 τῷ
3158 2602 3384 2676 Χριστῷ
3425 2592 3695 2671 μαρτυροῦ-

2145 2711 2265 2759 σιν,
2324 2695 2406 2748 ὅτι
2459 2695 2550 2747 τὸν
2606 2695 2913 2765 ὀνειδισμὸν
2967 2695 3149 2749 αὐτῶν
3208 2692 3507 2767 σαρκωθεὶς
3565 2687 3698 2749 αὐτὸς

2146 2791 2441 2859 παρεῖλενο
2497 2788 2737 2851 Γένεσις,
2797 2788 3037 2855 Ἔξοδος,
3090 2790 3401 2851 Λευῖτικὸν,
3469 2781 3697 2853 Ἀριθμοὶ.

2146 2880 2590 2951 Δευτερονὸμιον,
2654 2880 2884 2949 Ἰησοῦς,
2939 2881 3160 2951 Κριταί.
3215 2883 3281 2935 El
3333 2882 3404 2951 μὴ
3446 2876 3546 2947 γὰρ
3576 2877 3701 2942 ἐνην-

2148 2968 2463 3041 θρώπησεν,
2498 2969 2575 3032 ὡς
2622 2969 2849 3039 μυθικαὶ
2894 2971 3341 3042 παρεγράφοντο.
3391 2967 3570 3028 Τυθεὶς
3595 2961 3702 3015 ἀθύ-

2147 3079 2277 3126 τως,
2314 3062 2390 3125 ὡς
2440 3061 2645 3124 Ἰσαάκ,
2679 3061 2775 3115 καὶ
2799 3061 2987 3115 παθὼν
3022 3063 3276 3127 ἀπαθῶς,
3307 3060 3506 3116 καὶτὸν
3536 3056 3702 3110 οἰκεῖον

2152 3154 2431 3225 βαστάσας
2482 3155 2567 3207 ἐπ’
2610 3153 2777 3225 ὤμων
2815 3156 3069 3226 σταυρὸν,
3107 3155 3175 3207 τὰ
3221 3157 3282 3209 ὲν
3322 3156 3387 3225 τῇ
3434 3150 3587 3222 βίϐλῳ
3613 3144 3703 3199 κεί-

2151 3266 2291 3319 μενα
2312 3249 2411 3319 τῆς
2442 3247 2715 3311 Γενέσεως
2739 3248 3092 3305 ἐϐεϐαίωσεν.
3134 3249 3227 3302 Ἐν
3255 3246 3547 3318 παρθενικῇ
3562 3238 3707 3311 χωρή·

2150 3358 2250 3403 σας
2306 3342 2539 3412 γαστρὶ,
2590 3340 2686 3395 καὶ
2751 3342 2827 3412 μὴ
2878 3340 3280 3406 καταναλώσας
3335 3339 3411 3410 τῷ
3459 3335 3583 3406 πυρὶ
3628 3330 3707 3399 τῆς

2151 3430 2407 3503 θεότητος
2450 3432 2548 3501 τὴν
2601 3432 2995 3503 βαστάζουσαν,
3026 3434 3127 3505 τὴν
3165 3433 3491 3504 καιομένην,
3534 3424 3617 3479 καὶ
3649 3418 3708 3491 μὴ

2151 3524 2599 3593 κατακαιομένην
2635 3525 2819 3594 βάτον,
2859 3525 2957 3596 τὴν
2986 3528 3044 3579 ὲν
3082 3527 3147 3595 τῇ
3189 3524 3362 3594 βίϐλῳ
3396 3523 3491 3591 τῆς
3528 3513 3707 3578 Ἐξὸδου

2152 3613 2436 3683 κειμένην,
2477 3614 2793 3685 διέγραιξεν.
2845 3618 3259 3688 ’Δρχιερεύσας,
3310 3618 3385 3681 ὡς
3420 3609 3631 3683 Ἀαρὼν,
3656 3604 3710 3658 τὰ

2153 3704 2289 3776 πρὸς
2325 3705 2456 3759 Θεὸν
2489 3707 2813 3777 μεσιτεύσας
2860 3710 3013 3778 ἡμῖν,
3052 3709 3121 3761 τὰ
3153 3710 3210 3762 ὲν
3241 3708 3321 3780 τῷ
3368 3702 3617 3771 Λευῖτικῷ
3641 3715 3711 3767 γε·

2155 3798 2453 3868 γραμμένα
2503 3799 2839 3870 παρέστησε.
2872 3800 2951 3871 Τῇ
3000 3801 3215 3872 Παλαιᾷ
3248 3802 3350 3872 τὴν
3393 3798 3585 3867 Καινὴν
3608 3796 3711 3844 Ata-

2156 3890 2330 3962 θήκην
2356 3891 2622 3961 συνάψας,
2659 3892 2751 3945 καὶ
2778 3891 2956 3960 λέγων
2976 3911 2989 3924 ο
3035 3890 3274 3961 Ἐρρέθη
3299 3891 3424 3955 τοῖς
3444 3886 3708 3958 ἀρχαίοις’

2160 3985 2242 4037 Οὐ
2271 3985 2653 4053 μοιχεύσεις·
2690 3983 2805 4053 ἐγὼ
2836 3983 2905 4037 δὲ
2935 3984 3091 4053 λέγω
3123 3984 3289 4053 ὑμῖν,
3330 3984 3417 4037 ὅτι
3439 3979 3552 4045 πᾶς
3585 3979 3614 4030 ό
3637 3974 3712 4041 ἐμ·

2157 4077 2395 4132 ϐλέπων
2424 4076 2661 4148 γυναικὶ
2700 4076 2851 4144 πρὸς
2888 4075 2955 4129 τὸ
2997 4077 3323 4145 μοιχεῦσαι
3371 4072 3574 4139 αὐτὴν,
3615 4064 3712 4133 ἤδη

2156 4171 2516 4241 ἐμοίχευσεν
2552 4171 2622 4223 ἑν
2651 4168 2724 4237 τῇ
2755 4167 2969 4236 καρδίᾳ
3003 4166 3223 4221 αὐτοῦ’
3265 4166 3359 4220 καὶ
3387 4163 3575 4217 πάλιν
3612 4154 3714 4221 Ἐῤ·

2149 4264 2297 4332 ρἑη
2332 4263 2458 4329 τοῖς
2504 4262 2808 4330 ἀρχαίοις·
2860 4258 3195 4328 Ὀφθαλμὸν
3226 4258 3366 4313 ἀντὶ
3414 4244 3711 4323 ὀφθαλμοῦ,

2159 4354 2259 4407 καὶ
2316 4354 2535 4406 ὀδόντα
2587 4351 2723 4405 ἀντὶ
2787 4350 2896 4404 τοῦ
2952 4350 3239 4415 ὀδόντος·
3304 4348 3420 4417 ἐγὼ
3472 4344 3537 4396 δὲ
3585 4338 3716 4405 λέγω

2158 4446 2323 4516 ὑμῖν,
2358 4445 2446 4516 μὴ
2493 4443 2850 4513 ἀντιστῆναι
2891 4441 2972 4509 τῷ
3001 4442 3268 4511 πονηρῷ,
3299 4440 3449 4496 ἀλλ’
3478 4436 3718 4525 donec?

2153 4538 2394 4607 ραπίσῃ
2428 4534 2528 4591 ἐπὶ
2563 4537 2680 4605 τὴν
2710 4537 2921 4601 δεξιὰν
2960 4535 3236 4604 σιαγόνα,
3283 4533 3548 4603 στρέψον
3584 4524 3717 4581 ai;th

2160 4628 2259 4681 καὶ
2290 4627 2405 4696 τὴν
2436 4629 2639 4695 ἄλλην
2658 4644 2671 4657 ·
2703 4626 2773 4680 τὰ
2803 4630 2862 4680 έν
2890 4626 2967 4696 τῷ
2994 4625 3401 4696 Δευτερονομίῳ
3439 4615 3718 4688 παρέδωκεν

458 4731 579 4769 rum
618 4715 672 4768 in
708 4713 1121 4770 Testamentum
1150 4719 1416 4781 contulit,
1459 4729 1511 4772 et
1553 4721 1709 4775 utilia
1738 4722 1793 4775 in
1821 4736 1887 4776 eo
1909 4737 2043 4793 qure-

2160 4716 2419 4788 δευτέρας
2476 4718 2623 4788 (95),
2675 4718 2771 4771 καὶ
2823 4715 3180 4771 ὲπαναλαϐὼν
3222 4716 3294 4768 τά
3336 4710 3600 4781 ὠφέλιμα.
3643 4702 3719 4759 Εἰς

457 4824 563 4879 que
619 4806 861 4878 collegit.
912 4807 1197 4873 Quatenus
1245 4816 1427 4864 autem
1487 4825 1674 4864 veram
1716 4811 1769 4863 in
1812 4813 2057 4882 requiem

457 4914 631 4971 genus
672 4907 927 4953 nostrum
962 4902 1253 4956 transtulit
1278 4942 1292 4965 ,
1341 4908 1394 4955 et
1426 4901 1674 4957 diversas
1712 4903 1868 4958 nobis
1905 4920 2061 4958 man-

458 4993 643 5047 siones
676 4994 728 5044 in
761 4992 903 5045 cwlo
942 4994 1305 5063 praeparavit,
1344 5009 1406 5049 ea
1442 5011 1562 5064 qua:
1600 4994 1654 5048 in
1687 4991 2053 5051 Numerorum

460 5085 599 5137 libro
634 5092 763 5136 sunt
793 5085 1026 5153 aperuit.
1068 5088 1205 5141 Cum
1240 5084 1539 5141 Jordanem
1577 5086 1862 5158 ingressus
1888 5096 1973 5144 est
2002 5096 2057 5143 et

459 5192 633 5248 aquas
676 5180 1072 5244 sanctiticavit;
1118 5194 1181 5232 ac
1223 5177 1523 5248 fugientem
1566 5180 1738 5233 solem
1788 5180 1841 5233 in
1894 5195 2060 5235 cruce

461 5285 726 5326 revocans
753 5269 1057 5338 duplicavit
1091 5270 1260 5334 diem,
1293 5286 1357 5323 ea
1384 5284 1505 5339 quae
1546 5270 1599 5323 in
1644 5271 1783 5324 libro
1806 5270 1935 5327 Jcsu
1965 5271 2059 5326 lilii

461 5358 608 5414 Nave
635 5361 995 5414 continentur
1021 5359 1333 5427 expressit,
1371 5359 1415 5413 si
1454 5360 1580 5429 quis
1611 5366 1818 5413 attente
1858 5360 1948 5413 illa
1986 5360 2063 5415 le-

460 5450 619 5519 gerit.
652 5449 789 5505 Cum
821 5458 1006 5503 autem
1037 5449 1421 5503 charissimam
1472 5463 1631 5505 suam
1674 5449 1915 5505 animam
1961 5467 2062 5521 pro

435 5666 442 5691 1
535 5607 553 5639 ί
578 5606 683 5663 lsa.
708 5622 781 5671 tv,
815 5605 865 5657 l.
978 5606 997 5635 ²
1034 5602 1223 5659 Matth.
1256 5620 1303 5667 ν,
1338 5605 1427 5671 27,
1458 5607 1547 5660 9.8.
1627 5608 1647 5639 ³
1680 5606 1811 5661 ibid.
1844 5607 1933 5673 58,
1976 5607 2066 5662 59.

430 5705 441 5759 ἓ
536 5723 653 5794 (95)
687 5722 809 5794 For-
842 5722 1207 5794 Ἀμορραίων.

530 5791 648 5864 (94)
678 5791 806 5847 Jud.
829 5791 938 5860 xvi,
969 5791 1026 5859 7,
1054 5793 1252 5864 legitur
1279 5799 1540 5862 νευριαῖς.

2159 4807 2258 4878 τὴν
2289 4808 2550 4879 ἀληθινὴν
2587 4810 2932 4864 κατάπαυσιν
2959 4808 3271 4879 εἰσαγαγὼν
3302 4807 3366 4859 τὸ
3390 4805 3544 4875 γένος
3568 4794 3719 4868 ἡμῶν,

2162 4901 2257 4953 καὶ
2298 4900 2593 4972 διαφόρους
2641 4902 2811 4973 μονὰς
2857 4904 2917 4954 έν
2957 4905 3071 4964 τοῖς
3110 4900 3387 4971 οὐρανίοις
3424 4888 3720 4964 εὐτρεπίσας

2162 4993 2316 5062 ἡμῖν,
2361 4993 2431 5045 τὰ
2474 4996 2530 5046 ὲν
2561 4992 2729 5063 βίϐλῳ
2777 4994 2885 5046 τῶν
2939 4993 3213 5065 Ἀριθμῶν
3239 4987 3603 5056 ἀπεκάλυψεν.
3642 4978 3722 5037 Εἰς

2161 5084 2253 5137 τὸν
2305 5084 2578 5155 Ἰορδάνην
2607 5084 2888 5150 εἰσελθὼν,
2921 5086 3017 5139 καὶ
3050 5086 3286 5153 ἁγιάσας
3315 5082 3386 5135 τά
3427 5080 3605 5138 ὓδατα,
3643 5068 3722 5123 καὶ

2163 5174 2257 5226 ἐπὶ
2303 5174 2397 5227 τοῦ
2454 5175 2693 5247 σταυροῦ
2738 5178 2982 5245 φυγόντα
3018 5177 3109 5230 τὸν
3149 5176 3300 5247 ἥλιον
3343 5166 3723 5235 ἀνακαλεσάμεο

2166 5284 2274 5329 νος,
2318 5266 2413 5319 καὶ
2458 5266 2653 5339 διπλῆν
2700 5269 2817 5321 ἀνθ’
2874 5269 3053 5341 ἁπλῆς
3101 5270 3315 5341 ἡμέρας
3357 5264 3721 5338 ἐργασάμενος,

2166 5358 2236 5411 τὰ
2270 5362 2327 5412 ἐν
2366 5361 2432 5431 τῇ
2473 5360 2641 5431 βίϐλῳ
2683 5362 2858 5431 Ἰησοῦ
2891 5361 2986 5415 τοῦ
3016 5363 3174 5433 Ναυῆ
3200 5365 3314 5424 τοῖς
3347 5360 3422 5431 μὴ
3464 5352 3723 5425 παρέργως

2170 5452 2643 5521 ἀναγινώσκουσιν
2674 5457 3059 5529 ὲζωγράφησε.
3112 5456 3224 5528 Τὴν
3261 5452 3618 5526 ἠγαπημένην
3639 5441 3723 5511 "l’v‘

2238 5730 2349 5805 (95)
2387 5734 2514 5793 For.
2547 5735 2801 5807 δευτέρᾳ.
