3988 6424
339 411 437 464 5H

1781 399 2168 457 PHYSIOLOG
2177 399 2216 457 U
2228 393 2283 455 S.

3509 413 3618 472 5l8

346 527 452 600 χὴν
482 527 652 581 αὐτοῦ
707 526 847 597 ὑπὲρ
893 525 1050 597 ἡμῶν
1091 524 1385 588 τεθεικὼς.
1447 525 1542 578 καὶ
1596 523 1758 577 δώσει
1808 522 1976 595 (96)}

2049 520 2190 575 nobis
2215 521 2504 591 exposuit;
2537 537 2706 592 seque
2736 522 2914 593 ipsum
2945 524 3372 596 redemptionem
3414 529 3619 584 multo-

340 620 537 673 ἐαυτὸν
589 619 787 690 λύτρον
828 619 949 672 ἀντὶ
995 617 1227 682 πολλῶν,
1273 617 1345 671 τὰ
1394 619 1453 671 ὲν
1495 620 1561 688 τῇ
1609 615 1774 686 βίϐλῳ
1816 615 1926 669 τῶν

343 708 562 780 Κριτῶν
607 707 951 779 ὴρμήνευσεν
972 722 986 734 ⁸
1032 703 1464 774 ὁλοκαυτώματα
1506 703 1616 772 γὰρ
1645 703 1740 756 καὶ
1767 703 1796 754 ό
1830 703 1927 754 Ἰε-

341 799 482 868 φθάε
529 799 669 870 ὑπὲρ
705 798 799 851 τοῦ
833 797 960 850 λαοῦ
1008 797 1087 868 τῷ
1130 795 1250 867 Θεῷ
1294 796 1393 868 τὴν
1440 795 1714 866 θυγατέρα
1759 811 1927 865 προσ-

340 894 594 962 ήνεγκεν.
667 889 840 944 Ἑπτὰ
895 889 1100 942 παίδων
1158 889 1343 959 πατὴρ
1402 886 1590 940 ἰεσσέ.
1656 886 1927 956 Ἕϐδομος

338 980 452 1034 ἀπὸ
508 979 762 1049 Ἀϐραάμ
803 981 831 1033 ό
876 979 1142 1048 Μωῦσῆς.
1191 981 1270 1031 Δι’
1299 978 1440 1032 ἑπτὰ
1481 978 1826 1049 γραμμάτων
1866 975 1927 1028 τὸ

355 1071 605 1124 Ἰωάννου
651 1071 842 1140 ὄνομα.
900 1071 980 1124 Δι’
1028 1069 1172 1124 ἑπτὰ
1222 1072 1568 1141 γραμμάτων
1610 1070 1786 1141 καὶλὴ
1828 1067 1924 1122 τοῦ

340 1160 584 1230 Χριστοῦ
611 1139 974 1232 προσηγορία.
1025 1161 1199 1214 Ἑπτὰ
1225 1139 1461 1215 διάκονοι
1505 1160 1654 1232 παρὰ
1831 1177 1926 1230 μαι

343 1251 525 1322 θητῶν
573 1254 653 1316 είς
685 1251 958 1306 διακονίαν
1001 1253 1112 1306 τῶν
1150 1252 1494 1324 Χριστιανῶν
1529 1251 1922 1322 ἐξελέχθησαν

339 1344 638 1414 Στέφανος,
697 1345 992 1409 Φίλιππος,
1039 1345 1336 1417 Πρόχορος,
1381 1345 1660 1414 Νικάνωρ,
1714 1344 1924 1414 Τίμων,

339 1437 669 1507 Παρμενᾶς,
709 1436 997 1500 Νικόλαος.
1051 1437 1222 1490 Ἑπτά
1263 1437 1451 1500 παῖδες
1497 1436 1596 1507 τὴν
1655 1437 1925 1506 Ἀντιόχου

339 1527 634 1599 τυραννίδα
685 1528 1048 1598 κατήνεγκαν.
1097 1529 1206 1582 Καὶ
1252 1529 1532 1598 συντόμως
1573 1523 1727 1580 εἷπον
1773 1527 1922 1597 (97),

2033 629 2154 668 tum
2188 613 2409 676 obtulit,
2438 630 2502 669 ca
2533 614 2854 678 declaravit,
2878 632 2996 686 qua:
3026 617 3278 673 Judicum
3303 621 3442 675 liber
3465 636 3619 676 como

2032 705 2311 775 plectitur.
2340 703 2476 760 Nam
2503 715 2558 762 et
2584 703 2817 776 Jephthe
2854 707 3018 760 ﬁliam
3053 707 3162 764 Deo
3191 725 3290 779 pro
3315 711 3493 766 salute
3519 726 3618 781 po-

2035 796 2146 865 puli
2179 797 2234 850 in
2261 797 2644 852 holocaustum
2676 799 2898 853 obtulit.
2935 796 3156 868 Septem
3195 801 3431 854 ﬁliorum
3464 813 3618 871 pater

2031 885 2219 954 Jesse,
2251 889 2519 958 septimus
2567 889 2636 943 ab
2685 889 2998 944 Abrahamo
3028 900 3350 946 numeratur
3381 891 3615 963 Moyses.

2035 978 2251 1048 Septem
2289 980 2488 1036 litteris
2513 979 2744 1037 Joannis
2789 998 2990 1036 nomen
3049 984 3334 1039 scribitur.
3397 984 3616 1055 Septem

2035 1069 2232 1125 litteris
2285 1071 2447 1125 etiam
2501 1071 2708 1127 Christi
2762 1089 2962 1128 nomen
3019 1083 3258 1130 constat.
3323 1075 3541 1146 Septem
3587 1091 3617 1129 a

2033 1158 2324 1230 discipulis
2354 1161 2571 1216 diaconi
2602 1163 2669 1217 ad
2697 1163 3138 1219 Christianorum
3175 1166 3500 1236 obsequium
3527 1166 3620 1221 de-

2034 1249 2159 1305 lecti
2190 1259 2353 1308 sunt:
2389 1252 2699 1322 Stephanus
2721 1295 2734 1316 .
2783 1254 3067 1326 Philippus
3090 1297 3104 1321 ,
3150 1255 3492 1321 Proehorus,
3526 1257 3620 1311 Ni-

2033 1354 2223 1404 canor,
2258 1341 2488 1409 Timon,
2520 1343 2852 1410 Parmenas,
2893 1345 3176 1403 Nicolaus.
3209 1347 3427 1415 Septem
3462 1349 3619 1417 pueri

2033 1434 2287 1490 Antiochi
2354 1437 2699 1508 tyrannidem
2759 1438 3096 1507 dejeceruut.
3133 1439 3346 1508 Atque,
3392 1449 3452 1492 ut
3509 1453 3619 1491 uno

2034 1527 2202 1581 verbo
2237 1529 2596 1598 complectar,
2630 1529 2718 1583 hic
2755 1537 2840 1584 est
2867 1530 3322 1593 commendatus,
3354 1538 3410 1584 et
3451 1529 3620 1584 admi-

338 1613 498 1683 οὗτός
541 1621 689 1672 ἐστιν
718 1619 999 1684 ἐπαινετὸς
1022 1621 1050 1672 ό
1076 1621 1333 1692 ἀριθμὸς,
1357 1622 1451 1674 καὶ
1479 1621 1782 1686 Θαυμάσιος
1802 1637 1815 1649 ·
1845 1621 1926 1674 ὅτι

2049 1618 2230 1674 rabilis
2286 1620 2374 1673 ille
2407 1635 2672 1676 numerus
2725 1640 2738 1674 :
2797 1621 3240 1690 quandoquidem
3296 1623 3519 1677 disertis
3563 1621 3618 1676 in

341 1711 508 1774 αὐτὸς
533 1710 738 1764 ἄνωθεν
760 1711 788 1764 ὁ
831 1711 1107 1782 Δεσπότης
1139 1713 1432 1784 ἐγγράφως
1476 1711 1574 1782 βοᾷ
1595 1727 1607 1740 ⁸
1649 1712 1791 1780 Τίμα
1815 1711 1929 1778 τὴν

2049 1709 2324 1781 Scriptura
2367 1713 2550 1768 verbis
2600 1712 2729 1767 olim
2783 1713 2887 1766 ista
2922 1713 3260 1766 vociferatur
3311 1712 3617 1766 Dominus:

339 1800 575 1870 ἡμέραν
602 1803 709 1856 τοῦ
750 1802 1075 1862 Σαϐϐάτου,
1109 1801 1208 1855 καὶ
1259 1802 1517 1871 ἁγίασον
1563 1802 1789 1871 αὐτήν·
1838 1802 1927 1856 ὅτι

2049 1801 2258 1855 Honora
2281 1802 2418 1856 diem
2450 1801 2692 1866 Sabbati,
2732 1809 2782 1855 et
2806 1796 3084 1870 sancti/ica
3127 1801 3332 1869 ipsam;
3371 1799 3622 1868 quoniam

337 1893 414 1945 ἐν
458 1891 611 1962 αὐτῇ
671 1893 1057 1947 κατέπαυσεν
1111 1892 1230 1946 ἀπὸ
1285 1891 1528 1946 πάντων
1584 1892 1704 1947 τῶν
1741 1888 1976 1962 ἔργων-1

2049 1891 2175 1946 Deus
2207 1894 2259 1946 in
2295 1893 2390 1946 illa
2415 1893 2663 1963 requievit
2694 1891 2757 1945 ab
2790 1891 3034 1945 omnibus
3065 1890 3308 1961 operibus
3343 1891 3477 1952 suis,
3508 1903 3625 1957 quae

338 1983 533 2039 αὑτοῦ
580 1986 613 2040 ό
664 1984 808 2050 Θεὸς
851 1979 938 2038 ὦν
975 1983 1198 2053 ἤρξατο
1249 1982 1641 2052 ἀποποιῆσαι.
1703 1983 1925 2057 Δὺτῷὴ

2049 1984 2209 2038 racere
2236 1997 2458 2054 mperat
2485 1991 2521 2043 ί,
2562 1983 2662 2039 Cui
2713 1983 2885 2054 gloria
2940 1983 2994 2037 in
3041 1983 3242 2037 saecula
3272 1981 3622 2037 smeulorutn.

337 2075 472 2144 δόξα
513 2077 592 2140 είς
620 2075 748 2139 τοὺς
775 2075 978 2139 αίῶνας
1011 2075 1119 2130 τῶν
1149 2075 1384 2130 αἰώνων.
1429 2074 1606 2146 Ἀμήν
2035 2079 2228 2133 Anien.

418 2192 435 2223 ¹
478 2189 651 2245 Exod.
689 2204 844 2254 xxxi,
888 2190 977 2254 l5,
1011 2187 1098 2242 i7.

424 2309 533 2378 (96)
560 2307 622 2362 F.
648 2307 792 2373 δούς.

2116 2304 2227 2374 (97)
2263 2302 2323 2357 F.
2359 2305 2553 2355 εἰπεῖν.

336 2663 645 2778 ΤΟΥ
702 2667 902 2779 ΕΝ
975 2660 1501 2777 ΑΓΙΟΙΣ
1578 2663 1688 2772 Π
1720 2657 2195 2773 ΑΤΡΟΣ
2253 2655 2703 2772 ΗΜΩΝ
2772 2649 3627 2769 ΕΠΙΦΑΝΙΟΥ

1335 2869 1740 2930 ΑΠΙΣΚΟΠΟΥ
1779 2869 2320 2924 ΚΩΝΣΤΔΝΤΕΙΔΣ
2357 2868 2646 2922 ΚΥΠΡΟΥ

524 3034 627 3098 Εἰς
654 3033 762 3088 τὸν
792 3033 1170 3098 Φυσιολόγον
1213 3029 1324 3084 τόν
1359 3027 1750 3094 διεξελθόντα
1792 3023 1930 3148 πεέὶ
1958 3023 2084 3103 τῆς.
2098 3023 2360 3078 ἑκάστου
2391 3025 2633 3093 φύσεως
2661 3023 2781 3078 τῶν
2827 3017 3046 3091 θηρίων
3094 3039 3158 3074 τε
3205 3021 3300 3074 καὶ
3332 3019 3454 3075 τῶν

1888 3111 2151 3148 ετεινων.

1888 3112 1917 3149 ε
1922 3111 1982 3148 τε
1988 3112 2132 3148 ινων
2138 3135 2151 3148 .

1209 3317 1337 3444 S.
1443 3318 1586 3441 P.
1685 3319 1833 3441 N.
1923 3213 2728 3441 ΙΞΡΙΡΗΑΝΙΙ

1458 3549 1770 3606 EPISCOPI
1806 3547 2274 3605 CONSTANTl/E
2309 3546 2518 3602 (Πρω

445 3732 538 3794 Ad
565 3729 1039 3812 Physiologum,
1075 3729 1184 3809 qui
1217 3729 1296 3791 de
1329 3727 1836 3805 uniuscu1usque
1867 3719 2118 3800 generis
2147 3718 2422 3779 ferarum
2451 3735 2523 3778 ac
2553 3714 2879 3778 volucrum
2908 3713 3128 3772 natura
3156 3708 3410 3770 locutus
3432 3709 3548 3770 est.

2732 3913 2887 3968 CAP.
2923 3915 2965 3967 1.

2344 4001 2421 4054 Ph
2428 4002 2697 4072 ysiologus
2718 4002 2782 4055 de
2810 4003 2957 4058 leone
2977 4005 3086 4074 agit
3106 4005 3357 4075 primum.

1016 3919 1174 3972 ΚΕΦ.
1215 3918 1294 3970 A'.
1974 3919 2020 3979 C

366 4019 438 4075 '0
474 4014 845 4082 Φυσιολόγος
873 4010 1116 4080 ἄρχεται
1155 4010 1360 4079 λέγειν
1394 4007 1528 4076 περὶ
1551 4007 1656 4060 τοῦ
1681 4005 1951 4072 λέοντος.

2128 4112 2204 4167 De
2245 4112 2401 4167 leone
2444 4112 2684 4167 ferarum
2725 4122 2888 4183 atque.
2929 4115 3247 4169 animalium
3290 4131 3416 4186 rege
3459 4115 3641 4170 dicere

2057 4203 2386 4274 incipiamus
2411 4224 2425 4260 :
2453 4203 2625 4259 Jacob
2645 4207 2789 4259 enim
2829 4206 3159 4260 benedicens
3190 4205 3344 4260 Iuda:
3370 4225 3382 4261 :
3413 4206 3638 4260 Catulus

2058 4297 2244 4359 leonis,
2274 4297 2372 4360 ait,
2415 4295 2586 4361 Juda,
2633 4312 2698 4350 ex
2719 4297 2971 4367 germine,
3020 4298 3104 4367 ﬁli
3141 4300 3214 4352 mi
3238 4299 3278 4364 ⁸,
3323 4307 3376 4352 et
3408 4313 3528 4368 qua:
3561 4313 3640 4352 se-

2056 4396 2321 4458 quuntur.

445 4129 769 4202 Ἀρξώμεθα
796 4126 1030 4196 λαλῆσαι
1064 4124 1194 4196 περὶ
1247 4122 1342 4176 τοῦ
1393 4122 1629 4185 λέοντος,
1662 4119 1756 4172 τοῦ
1806 4119 1957 4190 βασι-

353 4225 500 4287 λέως
552 4222 658 4275 τῶν
695 4221 900 4292 θηρίων
949 4218 1068 4288 ἦτοι
1113 4216 1223 4269 τῶν
1254 4214 1443 4279 ζώωνο
1487 4211 1718 4281 καὶγὰρ
1760 4211 1954 4264 Ἰακὼό

355 4313 606 4382 εὐλογῶν
631 4312 722 4364 τὸν
761 4309 960 4363 Ἰούδαν
994 4308 1178 4376 λέγει·
1223 4306 1501 4376 Σκύμνος
1521 4303 1774 4369 λέοντος
1816 4301 1956 4358 Ἰού-

355 4407 460 4472 δα,
488 4404 582 4459 υἱέ
607 4421 728 4472 μου
753 4403 821 4456 ὲκ
847 4400 1130 4466 βλαστοῦ
1151 4415 1164 4430 ο
1194 4397 1292 4452 καὶ
1322 4396 1392 4450 τὰ
1417 4394 1565 4464 ἑξῆς.

723 4515 939 4588 Πρώτη
973 4516 1081 4570 τοῦ
1107 4517 1359 4579 λέοντος
1390 4511 1598 4580 φύσις.

439 4637 569 4689 Ὅτε
594 4633 889 4704 περιπατεῖ
915 4631 973 4683 ὲν
994 4629 1070 4698 τῷ
1092 4629 1230 4700 ὄρει,
1263 4626 1359 4680 καὶ
1389 4625 1610 4698 ἔρχεται
1631 4622 1781 4695 αὐτῷ
1809 4623 1954 4694 ὀσμὴ

358 4729 458 4784 τοῦ
492 4725 754 4797 κυνηγοῦ,
791 4727 856 4795 τῇ
895 4725 1034 4794 οὐρᾷ
1075 4721 1446 4791 συγκαλύπτει
1470 4718 1539 4772 τὰ
1567 4720 1716 4789 ῐχνη·
1756 4717 1844 4771 ἴνα
1878 4716 1952 4787 μὴ

358 4817 788 4880 ἀκολουθοῦντες
817 4818 926 4878 τοῖς
959 4814 1162 4886 ἴχνεσιν
1188 4813 1238 4866 οἱ
1261 4811 1510 4881 κυνηγοὶ,
1525 4809 1759 4883 εὕρωσιν
1785 4809 1950 4864 αὐτοῦ

356 4913 463 4982 τὴν
491 4909 748 4981 ποίμνην,
775 4906 872 4960 καὶ
900 4904 1279 4960 καταλάϐωσιν
1309 4902 1495 4956 αὐτόν.

2483 4498 2670 4554 Prima
2709 4498 2873 4555 leonis
2897 4499 3213 4568 proprietas.

2126 4613 2265 4669 Cum
2292 4615 2378 4670 leo
2421 4615 2474 4669 in
2511 4621 2699 4670 monte
2733 4615 2990 4678 oberrat,
3037 4619 3091 4668 et
3137 4623 3452 4668 venatorem
3498 4612 3638 4667 odo-

2055 4714 2232 4774 ratur,
2281 4723 2380 4764 sua
2421 4707 2594 4778 ipsius
2645 4707 2873 4777 vestigia
2917 4705 3091 4760 cauda
3146 4705 3370 4775 obtegit,
3423 4721 3490 4758 ne
3529 4705 3640 4760 illis

2057 4795 2378 4853 insistentes
2428 4806 2719 4854 venatores
2784 4799 3020 4852 lustrum
3085 4796 3403 4860 inveniant,
3476 4803 3640 4865 atque

2056 4889 2234 4961 ipsum
2261 4891 2500 4962 capiant.

993 5018 1327 5088 Ἐρμηνεία.

2629 5021 3026 5090 Interpretatio.

433 5114 652 5169 Οῦτωσὶ
670 5114 767 5168 καὶ
792 5115 821 5166 ὁ
845 5113 1052 5184 Κύριος
1079 5110 1238 5181 ἡμῶν
1274 5106 1482 5178 Ἰησοῦς
1508 5107 1760 5180 Χριστὸς,
1785 5107 1812 5159 ὁ
1841 5121 1954 5158 νοε-

2126 5109 2218 5165 Sic
2267 5111 2534 5167 Dominus
2588 5121 2778 5168 noster
2823 5111 2985 5168 Jesus
3036 5109 3290 5165 Christus
3335 5111 3636 5182 spiritualis

364 5208 459 5279 ρος
483 5206 628 5260 λέων
646 5207 876 5276 νικήσας
897 5207 962 5256 ὲκ
991 5203 1163 5272 φυλῆς
1211 5202 1400 5265 Ἰούδα,
1426 5203 1458 5272 ἡ
1494 5201 1585 5253 τοῦ
1615 5199 1777 5253 Δαυῖδ
1803 5195 1948 5270 ῥίζα,

2054 5201 2138 5256 leo
2172 5203 2265 5271 qui
2297 5204 2430 5257 vicit
2471 5220 2536 5258 ex
2574 5205 2718 5258 tribu
2750 5202 2926 5266 ludat,
2962 5203 3113 5257 radix
3163 5201 3357 5267 David,
3411 5218 3441 5258 a
3476 5203 3638 5258 Patre

363 5297 694 5362 ἀποσταλεὶς
721 5298 829 5352 ἀπὸ
855 5296 949 5350 τοῦ
986 5296 1219 5365 Πατρὸς,
1250 5296 1320 5348 τὰ
1357 5295 1517 5365 νοερὰ
1547 5293 1714 5347 αὐτοῦ
1757 5291 1952 5345 ἐκάλυ-

2057 5294 2284 5357 missus,
2321 5294 2406 5350 sui
2445 5295 2620 5366 ipsius
2645 5295 2955 5365 spiritualia
2987 5296 3273 5365 cooperuit
3301 5296 3550 5366 vestigia,
3582 5295 3638 5351 id

367 5394 466 5457 ιιιεν
493 5389 635 5460 ἴχνη,
667 5387 915 5442 τουτέστι
943 5388 1042 5457 τὴν
1063 5387 1290 5457 θεότητα
1314 5387 1419 5449 ἓως
1443 5387 1539 5456 τῆς
1560 5383 1950 5443 κατελεύσεως.

2061 5395 2166 5447 est,
2205 5385 2545 5441 divinitatem
2591 5403 2784 5452 suam;
2826 5402 2886 5443 se
2931 5387 3076 5444 enim
3111 5388 3434 5452 exinanivit,
3483 5397 3538 5441 et
3582 5387 3637 5442 in

363 5479 617 5551 Κατῆλθε
649 5481 758 5552 γὰρ
779 5481 859 5542 είς
886 5478 984 5549 τὴν
1005 5479 1103 5548 τῆς
1129 5477 1346 5548 Μαρίας
1368 5477 1552 5548 νηδὺν,
1579 5475 1671 5528 τοῦ
1702 5475 1873 5528 σῶσαι
1895 5475 1956 5526 τὸ

2062 5475 2244 5532 Mariae
2272 5486 2515 5533 ventrem
2559 5479 2864 5545 descendit,
2910 5486 2971 5533 ut
3001 5479 3235 5534 salvaret
3263 5478 3452 5532 fraude
3479 5477 3640 5533 dece-

359 5571 785 5643 πεπλανημένον
810 5570 1151 5642 ἀνθρώπινον
1176 5569 1352 5637 γένος.
1379 5567 1488 5622 Καὶ
1518 5571 1550 5620 ό
1585 5567 1774 5634 Λόγος
1797 5564 1954 5634 σὰρξ

2061 5576 2215 5638 ptum
2249 5569 2531 5624 hominum
2563 5586 2756 5639 genus.
2796 5570 2864 5623 Et
2907 5570 3131 5625 Verbum
3163 5586 3288 5624 caro
3313 5569 3510 5639 factum
3534 5582 3635 5635 est,

351 5661 623 5733 ἐγένετο,
676 5662 774 5717 καί
816 5660 1171 5728 ἐσκήνωσεν
1215 5660 1285 5713 ἐν
1335 5659 1613 5728 ἡμῖν.⁹Εκ
1666 5654 1856 5711 τούτου
1905 5657 1954 5710 oi

432 5803 450 5838 ί
476 5801 618 5859 Ceu.
663 5817 811 5869 xux,
855 5802 909 5857 9.
977 5798 1261 5869 .'Joan.1,
1297 5800 1381 5854 14.

2061 5666 2111 5712 et
2142 5659 2398 5715 habitavit
2431 5660 2486 5716 in
2520 5659 2668 5715 nobis
2718 5662 2739 5693 ⁸
2773 5681 2786 5718 :
2815 5669 3149 5734 quapropter
3182 5661 3261 5717 illi
3294 5663 3388 5734 qui
3424 5661 3641 5734 ignora-
3733 5697 3739 5705 -
