3988 6426
306 300 410 373 im

1688 334 2129 394 PHYSIOLOGU
2140 337 2197 394 S.

315 445 406 501 νιις
432 427 490 482 δὲ
518 428 553 501 ἠ
585 429 752 502 ἡδονὴ
779 430 872 485 τοῦ
909 430 1044 502 βίου.
1064 430 1499 502 Ἑμπλεκόμενος
1542 430 1572 481 ὁ
1610 429 1895 501 ἄνθρωπος

2011 429 2125 484 vitm
2158 430 2511 502 voluptatem,
2537 449 2643 504 qua
2676 434 2976 507 implicitus
3001 438 3166 497 homo
3195 440 3355 497 tidem
3401 444 3573 514 negli-

312 520 392 582 είς
418 516 523 582 τὰς
550 519 746 591 ἡδονάς
763 521 857 576 τοῦ
889 519 1005 591 βίοι)
1044 521 1236 592 ἀμελεῖ
1281 521 1379 591 τῆς
1426 519 1679 583 πίστεως.
1699 519 1894 590 Ἐπερ-

311 611 547 681 χομένου
578 612 637 666 δὲ
663 612 761 667 τοῦ
790 613 1054 685 κυνηγοῦ,
1083 613 1328 667 τουτέστι
1360 612 1632 679 διαϐόλου,
1664 613 1760 667 καὶ
1803 613 1888 665 εὐ·

311 698 597 769 ρίσκοντος
633 704 797 757 αὐτὸν
831 703 1299 775 συμπλεκόμενον,
1331 702 1425 756 καὶ
1461 702 1766 773 ἀμελοῦντα
1793 702 1896 772 τῆς

308 792 567 860 πίστεως,
597 796 988 868 κατακυριεύει
1019 796 1207 852 αὑτοῦ.

963 906 1123 959 ΚΕΦ.
1162 908 1237 958 Δ’.

771 995 911 1064 Περὶ
950 996 1057 1050 τοῦ
1081 996 1433 1066 ἐλέφαντος.

384 1108 545 1162 Ἔστι
580 1108 692 1180 γάρ
733 1110 762 1162 ὁ
806 1108 1004 1180 ἐλέφας
1036 1111 1291 1183 μέγιστον
1348 1112 1510 1183 ζῶον,
1564 1116 1898 1188 προϐοσκίδα

308 1198 452 1269 ἔχων
506 1199 599 1253 τοῦ
657 1200 967 1273 διαφθεῖραι
1012 1202 1084 1257 τὰ
1146 1204 1491 1276 ἐπερχόμενα
1540 1207 1692 1280 αύτῷ
1739 1206 1854 1273 ζῶα
1881 1225 1894 1239 ·

307 1291 514 1361 ὁμοίως
533 1291 629 1344 καὶ
666 1292 766 1362 τὴν
808 1291 1012 1364 βρῶσιν
1050 1295 1146 1347 καὶ
1180 1294 1278 1367 τὴν
1308 1296 1466 1352 πόσιν
1509 1298 1598 1352 διὰ
1622 1300 1721 1370 τῆς
1760 1315 1895 1370 προ·

309 1381 560 1445 ϐοσκίδος
589 1382 756 1436 αὐτοῦ
787 1383 1116 1454 κυϐερνᾶται
1140 1402 1153 1416 ’
1186 1387 1247 1438 ού
1287 1386 1397 1460 γάρ
1438 1387 1554 1460 ἔχει
1591 1391 1861 1463 άρμοσίας
1881 1407 1894 1421 ⁸

308 1472 407 1527 καὶ
431 1472 611 1543 κύψας
630 1473 878 1547 νέμεται,
904 1476 1000 1529 καὶ
1023 1477 1084 1530 οὐ
1121 1478 1363 1548 κάμπτει
1392 1479 1615 1549 γόνατα.
1645 1482 1711 1535 Ἡ
1732 1482 1897 1554 θῆλυς

307 1566 365 1620 δὲ
396 1566 553 1635 ζητεῖ
587 1567 820 1639 βοτάνην
870 1567 969 1640 τὴν
1005 1569 1307 1642 λεγομένην
1354 1562 1759 1646 μανδραγόραν,
1804 1577 1899 1630 καὶ

312 1656 722 1729 μεταλαμϐάνει
776 1658 835 1726 ἐξ
888 1661 1082 1731 αὐτῆς,
1130 1663 1224 1715 καὶ
1262 1663 1465 1728 εὐθέως
1507 1665 1771 1737 πυροῖηαι
1804 1667 1897 1721 καὶ

1995 520 2093 591 git.
2124 518 2369 577 Venator
2402 522 2588 594 igitur,
2623 525 2728 581 hoc
2772 535 2857 583 est
2890 529 3167 597 diabolus,
3203 534 3353 588 illum
3388 549 3575 606 aggre-

1996 609 2175 675 ditur,
2221 626 2384 681 quem
2441 614 2814 685 voluptatibus
2864 624 3254 691 mancipatum,
3305 624 3576 696 iidemque

1997 700 2359 771 negligentem
2414 704 2717 771 inveniens,
2750 709 2803 761 in
2858 725 3012 763 suam
3058 719 3378 780 potestatem
3428 716 3577 772 redi-

1997 788 2093 856 git.

2632 905 2784 961 CAP.
2842 906 2932 961 IV.

2594 996 2668 1051 De
2697 999 2986 1066 elepltante.

2070 1103 2300 1189 Elephas
2334 1108 2627 1163 maximum
2679 1121 2762 1167 est
2813 1115 3036 1179 animal,
3090 1119 3581 1195 proboscidemqtte

2001 1194 2182 1259 habet,
2209 1209 2315 1265 qua
2341 1198 2652 1269 quzeipsuzn
2680 1202 3009 1259 adoriuntur
3025 1207 3305 1272 animalia,
3323 1194 3579 1277 percutit.

1999 1281 2113 1339 Hac
2140 1285 2323 1341 cibum
2352 1295 2406 1342 et
2444 1298 2630 1359 potum
2684 1292 2789 1348 sibi
2824 1295 3248 1367 subministrat;
3285 1317 3395 1356 non
3431 1303 3583 1359 enim

1999 1376 2164 1432 habet
2216 1393 2530 1449 compages,
2594 1397 3009 1456 propensusque
3077 1393 3346 1458 pascitur,
3403 1407 3580 1464 genua

2000 1469 2145 1525 haud
2184 1471 2499 1529 incurvans.
2538 1470 2761 1530 Femina
2791 1477 3019 1533 herbam
3051 1495 3172 1550 qua:
3215 1483 3580 1552 mandragora

1999 1562 2223 1631 dicitur,
2273 1565 2489 1635 quaerit,
2540 1583 2707 1637 quam
2761 1578 2967 1640 gustat,
3011 1575 3244 1629 coeundi
3279 1575 3584 1645 cupiditate

2001 1672 2254 1721 accensa,
2287 1658 2354 1711 ad
2388 1673 2707 1728 maremque
2740 1675 3043 1731 properans
3089 1663 3235 1716 illam
3267 1665 3369 1732 ipsi
3402 1665 3582 1721 oﬂ‘ert.

308 1749 606 1821 πορεύεται
663 1750 800 1822 πρὸς
852 1751 945 1806 τδν
996 1748 1223 1824 ἄρρενα.
1289 1756 1384 1808 καὶ
1440 1757 1899 1828 παραπεζεύουσα

2011 1736 2129 1804 Μεθ’
2171 1764 2305 1803 vero
2357 1758 2415 1803 ut
2460 1750 2722 1817 comedit,
2765 1755 2918 1807 ardet
2962 1754 3206 1819 libidine,
3262 1763 3317 1810 et
3372 1757 3585 1813 femina:

308 1840 530 1909 κομίζει
569 1841 719 1913 αὐτῷ
764 1842 865 1916 τὴν
904 1841 1156 1916 βοτάνην,
1191 1847 1284 1900 καὶ
1318 1849 1726 1919 μεταλαμϐάνει
1748 1853 1777 1903 ὁ
1807 1852 1896 1924 ἄῤ-

310 1931 417 1999 ῥην
444 1930 505 1995 ἐξ
536 1930 725 2002 αὐτῆς,
752 1932 849 1986 καὶ
889 1932 1095 1999 εὐθέως
1132 1936 1421 2007 πυροῦται,
1446 1941 1542 1992 καὶ
1582 1941 1896 2010 συγγίνεται

307 2021 375 2088 τῇ
436 2018 609 2091 θήλει.
646 2021 1044 2092 Ἐπερχομένου
1092 2023 1148 2077 δὲ
1193 2024 1286 2077 τοῦ
1334 2026 1529 2098 καιροῦ
1566 2026 1659 2080 τοῦ
1692 2029 1894 2091 τεκεῖν,

308 2108 575 2163 εἰσϐαίνει
609 2113 688 2175 είς
723 2128 844 2164 τινα
869 2112 1065 2185 λίμνην
1091 2114 1184 2167 τοῦ
1217 2115 1429 2181 ὓδατος,
1467 2118 1527 2170 τὸ
1561 2116 1705 2189 ὕδωρ
1735 2135 1899 2173 κατα-

310 2199 590 2270 μετροῦσα
623 2201 700 2265 t'o;
727 2202 823 2255 τοῦ
849 2204 1147 2275 πλησιάσαι
1179 2209 1297 2270 τοῖς
1323 2211 1568 2278 μαστοῖς,
1604 2208 1699 2261 καὶ
1724 2207 1897 2282 ταύτῃ

307 2292 496 2361 γεννᾷ.
554 2293 657 2345 Ἢν
697 2292 807 2365 γὰρ
837 2294 1058 2367 τὲξηται
1098 2297 1191 2348 ἐπὶ
1224 2297 1325 2368 τῆς
1363 2299 1485 2368 γῆς,
1515 2299 1838 2370 ἀδυνατήσει
1870 2300 1898 2352 ὁ

309 2382 559 2453 σκύμνος
591 2384 878 2458 ἐγερθῆναι
917 2388 1161 2460 ἀμοιρῶν
1186 2390 1486 2462 άρμοσιῶν.

940 2498 1272 2572 Ἐρμηνεία,

381 2611 659 2682 Πρόδηλον
684 2611 739 2665 δὲ
767 2612 898 2667 ὅτιὸ
927 2616 1354 2686 πρωτόπλαστος
1393 2617 1564 2689 ’Δδὰμ
1590 2620 1689 2691 οὐχ
1710 2619 1899 2696 ὥσπερ

304 2705 339 2773 ἡ
383 2702 505 2757 Εὕα
528 2703 622 2757 τοῦ
650 2704 751 2776 τῆς
800 2709 1085 2780 παρακοῆς
1128 2705 1285 2773 ξύλου
1315 2711 1707 2783 προεγεύσατο,
1740 2731 1898 2785 πορι-

306 2794 517 2867 ζομένη
540 2796 735 2868 καὶτῷ
758 2798 957 2870 ἑαυτῆς
981 2801 1220 2875 γαμέτῃ,
1247 2802 1396 2867 ὅστις
1427 2802 1568 2874 μετὰ
1595 2802 1691 2874 τὴν
1712 2805 1900 2874 γεῦσιν

304 2886 517 2952 εὐθέως
548 2887 644 2942 τοῦ
682 2887 1131 2963 παραϐεϐηκέναι
1177 2893 1394 2965 ᾔσθετο.
1429 2895 1495 2948 Τί
1526 2895 1583 2949 δὲ
1605 2896 1899 2970 ἐγέννησες

301 2977 366 3029 τὸ
400 2978 470 3050 δὴ
501 2978 674 3050 δήπου
728 2982 790 3036 τὸ
843 2984 1197 3057 ἁμαρτάνειν.
1243 2988 1338 3051 Τίς
1366 2987 1474 3059 γὰρ
1505 2988 1538 3059 ή
1575 2990 1674 3060 τῆς
1705 2990 1903 3059 γέννας

303 3065 473 3140 λίμνη
493 3087 508 3133 ;
551 3070 579 3123 ὁ
598 3073 946 3143 παράδεισος.

965 3187 1123 3243 ΚΕΦ.
1166 3190 1241 3243 E'.

823 3281 962 3348 Περὶ
992 3281 1103 3349 τῆς
1130 3281 1387 3351 ἐλάφου.

390 3393 547 3446 Ἔστι
569 3393 627 3447 δὲ
653 3393 687 3464 ἠ
714 3393 912 3463 ἔλαφος
938 3396 1224 3468 μόρφωσιν
1252 3393 1450 3466 ἔχουσα
1481 3393 1681 3466 ἀγρίας
1707 3394 1902 3466 δορκά-

321 3482 442 3546 δος*
472 3483 532 3537 τὺ
568 3484 626 3538 δὲ
675 3485 845 3557 κέρας
885 3486 1057 3558 αὐτῆς
1087 3486 1369 3558 τρίαρχον,
1423 3485 1567 3539 κατὰ
1604 3485 1704 3549 τὰς
1751 3486 1903 3557 τρεῖς

319 3574 706 3641 ὰνακαινίσεις.
738 3579 813 3649 Ζῇ
842 3577 899 3631 δὲ
943 3577 1039 3650 ἔτη
1088 3579 1448 3651 πεντήκοντα,
1493 3578 1587 3631 καὶ
1623 3576 1901 3649 διατρέχει

311 3673 389 3738 ὡς
426 3674 593 3738 καλὸς
619 3674 855 3746 δρομεὺς
884 3673 985 3738 τάς
1013 3675 1191 3738 νάπας
1221 3673 1330 3727 τῶν
1356 3672 1520 3739 ὑλῶν,
1550 3674 1645 3729 καὶ
1671 3674 1771 3737 τάς
1798 3674 1905 3743 φάο

313 3782 530 3835 ραγγας
567 3766 676 3820 τῶν
720 3766 914 3838 ὀρέων,
949 3766 1043 3820 καὶ
1091 3766 1443 3839 ὀσφραίνεται
1471 3766 1572 3830 τὰς
1615 3766 1759 3830 ὀπὰς
1792 3765 1903 3820 τῶν

310 3859 583 3932 ἑρπετῶν.
624 3859 719 3912 καὶ
765 3860 858 3913 τὸν
903 3858 1028 3930 ὅφιν
1068 3859 1287 3931 ὃπηπερ
1330 3857 1673 3931 διατρίϐοντα
1718 3875 1901 3931 παρα-

309 3953 507 4026 χρῆμα
537 3950 853 4021 γιγνώσκει,
884 3950 980 4005 καὶ
1004 3949 1210 4013 εὐθέως
1232 3948 1414 4021 τίθησι
1450 3949 1551 4022 τὴν
1580 3953 1702 4022 ῥῖνα
1730 3950 1902 4022 αὐτῆς

310 4045 410 4099 ἐπὶ
442 4046 543 4117 τὴν
572 4044 745 4117 θύραν
773 4043 876 4115 τῆς
903 4042 1065 4115 ὀπῆς,
1097 4043 1193 4097 καὶ
1219 4044 1434 4115 ἀναιρεῖ
1459 4042 1561 4114 τὴν
1589 4041 1779 4113 πνοὴν,
1806 4043 1905 4097 καὶ

310 4143 477 4210 ἐξιὼν
497 4145 528 4198 ό
554 4141 677 4212 ὄφις
720 4140 982 4196 εἰσϐαίνει
1018 4139 1101 4203 εἰς
1126 4138 1219 4193 τὸν
1257 4137 1507 4210 λάρυγγα
1536 4137 1639 4208 τῆς
1674 4137 1901 4206 ἐλάφου,

310 4239 349 4309 ή
386 4236 445 4290 δὲ
473 4234 765 4291 καταπίνει
786 4232 971 4287 αὐτόν.
1000 4230 1102 4285 Διὰ
1127 4228 1287 4284 τοῦτο
1324 4229 1520 4299 ἔλαφος
1554 4228 1903 4300 ὀνομάζεται,

308 4329 403 4382 διά
434 4327 497 4380 τὸ
536 4326 675 4379 ἑλεῖν
708 4325 835 4388 τοὺς
873 4323 1027 4393 ὄφεις
1070 4324 1135 4377 ὲκ
1165 4322 1261 4379 τοῦ
1303 4321 1518 4393 βάθους.
1554 4321 1750 4393 Τρέχει
1793 4321 1905 4394 γὰρ

311 4422 411 4475 ἐπὶ
444 4421 543 4485 τὰς
576 4421 761 4492 πηγάς
792 4418 902 4473 τῶν
946 4418 1174 4485 ὑδάτων,
1210 4418 1307 4473 καὶ
1335 4418 1403 4489 ἢν
1449 4416 1524 4489 μὴ
1564 4420 1715 4488 τρεῖς
1752 4416 1904 4490 ὥρας

2004 1843 2284 1898 miscetur.
2324 1840 2445 1897 Jam
2493 1857 2620 1898 cum
2671 1842 2841 1899 instat
2870 1846 3113 1915 pariendi
3156 1858 3367 1920 tempus
3404 1850 3582 1905 lacum

2003 1934 2340 2006 ingreditur,
2382 1944 2764 2008 pertentatque
2792 1953 3024 2009 aquam;
3089 1958 3195 2012 qua
3255 1945 3586 2002 mammillas

2006 2043 2179 2096 usque
2234 2031 2579 2099 pertingente
2607 2031 2768 2098 parit.
2809 2028 2863 2084 Si
2901 2037 3044 2086 enim
3076 2034 3130 2087 in
3171 2043 3371 2088 terram
3398 2036 3588 2093 ederet

2007 2121 2205 2184 fetum,
2257 2122 2399 2174 haud
2462 2121 2661 2175 elevari
2719 2131 2947 2192 posset,
3020 2141 3142 2178 cum
3216 2129 3583 2186 membrorum

2004 2210 2361 2281 compagibus
2394 2218 2596 2264 careat.

2586 2502 2980 2576 Inlerpretatio.

2076 2613 2423 2674 Manifestum
2445 2624 2551 2683 est,
2573 2620 2811 2689 primum
2841 2627 3123 2690 parentem
3153 2621 3446 2687 Adamum,
3473 2637 3587 2681 non

2007 2713 2067 2759 ut
2087 2705 2252 2759 Evam
2274 2705 2657 2763 inobedientiae
2677 2708 2881 2777 lignum
2900 2721 3264 2781 praegustasse
3283 2730 3299 2778 ;
3333 2713 3423 2768 illa
3439 2714 3589 2771 enim

2006 2798 2157 2853 dedit
2188 2796 2350 2864 viro;
2386 2797 2484 2868 qui
2506 2806 2567 2853 ut
2596 2799 2856 2865 comedit,
2916 2802 3062 2857 ensit
3099 2813 3433 2875 pmceptum
3476 2804 3587 2862 Do-

2008 2887 2143 2942 mini
2191 2897 2599 2958 transgressum
2641 2904 2786 2947 esse.
2831 2891 2969 2958 Quis
3009 2893 3179 2965 igitur
3207 2897 3435 2966 partus?
3461 2912 3586 2969 peo-

2007 2986 2192 3035 catum
2218 2996 2236 3046 ;
2268 2988 2325 3035 et
2356 2979 2512 3036 locus
2552 2981 2644 3036 ubi
2672 2983 2883 3053 peperit
2912 2985 3075 3055 quis?
3101 2988 3408 3056 paradisus.

2666 3196 2819 3253 CAP.
2862 3194 2927 3253 ν.

2639 3285 2719 3341 De
2767 3304 2938 3343 cervo.

2074 3397 2283 3453 Cervus
2312 3394 2512 3453 similis
2542 3404 2628 3452 est
2657 3398 2893 3452 silvestri
2928 3413 3141 3468 caprae;
3183 3399 3330 3456 illius
3376 3416 3587 3457 cornua

2002 3490 2180 3548 tribus
2212 3490 2385 3547 ramis
2415 3490 2851 3562 distinguuntur,
2886 3500 2946 3546 ut
2992 3502 3046 3547 et
3078 3492 3274 3563 triplex
3321 3503 3407 3549 est
3454 3495 3576 3567 ejus

2002 3580 2129 3636 vita
2141 3576 2589 3651 reparatio.Vivit
2605 3580 2751 3635 enim
2769 3596 2943 3637 annos
2962 3582 3376 3654 quinquaginta,
3398 3600 3590 3640 nemo-

2003 3687 2237 3745 rumque
2266 3672 2459 3737 silvas,
2497 3680 2551 3729 et
2581 3674 2847 3728 montium
2882 3674 3072 3740 valles,
3115 3683 3174 3730 ut
3209 3676 3589 3733 velocissimus

2004 3779 2201 3821 cursor
2242 3772 2503 3821 contento
2552 3764 2725 3836 gradu
2779 3765 3097 3837 perlustrat,
3140 3767 3590 3838 serpentiumque

2004 3870 2268 3913 cavernas
2294 3857 2466 3913 odore
2490 3856 2733 3927 indagat,
2758 3864 2814 3913 et
2836 3856 3012 3914 sicubi
3044 3871 3271 3927 serpens
3294 3858 3586 3921 delitescit,

2004 3961 2036 4002 e
2069 3946 2306 4017 vestigio
2349 3946 2743 4013 subodoratnr,
2782 3948 3081 4020 statimque
3115 3964 3277 4006 nares
3314 3950 3385 4006 ad
3424 3953 3588 4006 limen

2004 4050 2255 4093 cavernae
2276 4036 2548 4103 admovet,
2566 4038 2901 4109 halitumque
2921 4041 3122 4105 trahit;
3146 4041 3387 4112 prodens
3415 4043 3586 4114 igitur

2006 4141 2234 4197 serpens
2282 4126 2340 4181 in
2370 4125 2560 4183 fauces
2589 4129 2738 4183 cervi
2779 4143 2905 4187 sese
2957 4130 3176 4201 ingerit,
3227 4133 3318 4189 ille
3364 4135 3587 4190 obvium

2005 4217 2252 4285 devorat,
2285 4233 2394 4290 qua
2439 4216 2507 4274 de
2543 4233 2710 4275 causa
2740 4221 3161 4291 appellationem
3207 4223 3436 4280 sortitus
3480 4234 3585 4290 est,

2006 4309 2258 4366 videlicet
2312 4310 2461 4380 quod
2507 4326 2576 4366 ex
2623 4310 2736 4367 imo
2764 4319 3047 4383 serpentes
3089 4313 3156 4368 ad
3211 4329 3273 4371 se
3323 4316 3581 4371 attrahat.

2007 4398 2305 4469 Postquam
2339 4406 2522 4456 autem
2558 4410 2874 4472 serpentem
2926 4418 2996 4458 ex
3036 4403 3289 4459 cavernis
3322 4407 3489 4477 cepit,
3519 4408 3589 4461 il-

311 4466 411 4475 —---
455 4466 540 4485 --ν
696 4466 759 4484 “ν
805 4466 895 4473 ww
951 4466 1174 4485 --ν--ν--ν
1213 4466 1306 4473 ---ν
1342 4466 1395 4472 --
1476 4466 1505 4470 -τ
1578 4466 1713 4488 -τ--ν
1757 4466 1900 4490 -τη

310 4513 582 4584 γεύσηται
610 4466 708 4565 τᾎῖῑ
742 4509 957 4577 ὓδατος,
986 4510 1213 4582 τελευτᾷ
1237 4525 1250 4538 '
1279 4510 1327 4563 εί
1353 4466 1410 4563 δὲ
1439 4466 1577 4583 ἕῦρῃ
1607 4508 1774 4583 ὕδωρ,
1800 4510 1900 4564 πά-

2011 4492 2118 4548 lico
2156 4466 2226 4547 ad
2270 4506 2539 4562 aquarum
2588 4466 2766 4550 fontes
2812 4492 3093 4552 decurrit:
3141 4498 3290 4567 quod
3335 4466 3587 4554 si.trium

312 4606 401 4660 λιν
435 4604 501 4676 ζῇ
530 4604 624 4676 ἔτη
656 4605 1016 4675 πεντήκοντα.
1042 4604 1143 4656 Διὰ
1162 4601 1322 4656 τοῦτο
1350 4599 1503 4656 εἶπεν
1527 4603 1556 4656 ὁ
1581 4603 1868 4675 προφήτης
1885 4619 1900 4633 ⁸

318 4701 435 4752 Ὃν
461 4698 688 4765 τρόπον
730 4694 1009 4750 ἐπιποθεῖ
1049 4694 1088 4762 ἠ
1138 4693 1368 4762 ἔλαφος
1410 4693 1511 4748 ἐπὶ
1553 4693 1663 4761 τὰς
1707 4696 1906 4766 πηγὰς

309 4788 437 4845 τῶν
468 4788 728 4852 ὑδάτων,
763 4787 952 4853 οὕτως
989 4783 1267 4840 ἐπιποθεῖ
1291 4784 1332 4853 ἠ
1374 4784 1546 4857 ψυχή
1581 4804 1702 4856 μου
1752 4788 1907 4855 πρὸς

308 4880 412 4946 σὲ,
446 4883 481 4935 ό
522 4879 687 4945 Θεός.

928 5126 933 5131 ο
951 5098 1291 5168 Ἐρμηνε³α.

388 5216 496 5274 Καὶ
524 5218 589 5272 σὺ
606 5208 722 5283 οὖν,
752 5214 911 5284 νοητὲ
930 5212 1204 5285 ἄνθρωπε,
1229 5211 1377 5283 τρεῖς
1403 5206 1501 5281 μὲν
1538 5206 1906 5271 άνακαινίσεις

318 5308 490 5379 ἔχεις·
516 5306 775 5376 τούτωνὴ
807 5305 905 5376 μὲν
928 5303 1040 5355 ἔστι
1066 5301 1127 5354 τὸ
1145 5301 1426 5371 βάπτισμα
1440 5297 1541 5369 τῆς
1569 5297 1904 5367 ἀφθαρσίας,

311 5403 348 5475 ἡ
378 5388 439 5455 δὲ
469 5401 530 5453 τὸ
555 5402 801 5471 χάρισμα
830 5395 927 5467 τῆς
974 5392 1268 5456 υἱοθεσίας,
1296 5390 1390 5445 καὶ
1418 5391 1452 5460 ἡ
1489 5389 1767 5460 μετάνοια.
1797 5388 1909 5475 καὶ

307 5487 403 5543 ὅτε
449 5485 618 5559 εὕρῃς
661 5483 753 5537 τδν
788 5482 913 5553 ὅφιν
944 5484 1001 5536 ὲν
1034 5483 1099 5553 τῇ
1146 5479 1346 5553 καρδίᾳ
1387 5494 1479 5531 σου
1506 5475 1774 5548 (τουτέστι
1808 5474 1909 5546 τὴν

306 5577 643 5652 ἁμαρτίαν),
673 5576 932 5647 δρομαῖος
960 5572 1128 5645 χώρει
1161 5571 1255 5625 ἐπὶ
1292 5571 1390 5635 τὰς
1428 5567 1611 5641 πηγὰς
1641 5567 1749 5621 τῶν
1777 5566 1906 5622 ὑδά-

380 5742 403 5771 ⁸
438 5745 592 5806 Psal.
632 5760 749 5816 xu,
776 5745 832 5801 ἓ.

563 5843 837 5902 ΡΑτιιοι..
874 5838 992 5900 Gn.
1033 5833 1260 5898 XLI”.

2010 4583 2270 4638 horarum
2310 4584 2489 4654 spatio
2519 4599 2660 4655 aqua
2691 4601 2751 4641 se
2778 4587 2998 4658 explere
3041 4603 3151 4645 non
3184 4596 3387 4659 potest,
3422 4593 3592 4647 mori-

2007 4680 2138 4741 tur;
2167 4672 2254 4730 sin
2292 4683 2474 4731 autem
2507 4690 2663 4747 aqua:
2696 4686 2856 4747 potus
2886 4679 3154 4751 obtingat,
3189 4681 3256 4737 ad
3291 4696 3466 4736 annos
3495 4684 3591 4737 de-

2009 4781 2120 4822 nuo
2148 4767 2565 4840 quinquaginta
2591 4770 2763 4824 vitam
2796 4771 3088 4839 protrahit.
3127 4768 3283 4828 Unde
3322 4772 3589 4842 propheta

2009 4859 2221 4917 David:
2255 4860 2407 4916 Sicut
2447 4861 2712 4918 desiderat
2749 4880 2932 4918 cervus
2970 4865 3040 4918 ad
3084 4866 3253 4933 fontes
3303 4882 3586 4937 aquarum,

2008 4953 2084 5007 sic
2118 4952 2387 5008 desiderat
2413 4955 2597 5007 anima
2626 4971 2742 5009 mea
2771 4955 2841 5008 ad
2866 4963 2936 5023 te,
2959 4955 3102 5011 Deus
3137 4958 3175 5008 '.

2595 5067 2623 5120 Ι
2630 5070 2995 5137 nterpretatio.

2076 5179 2160 5235 Tu
2191 5180 2378 5251 igitur.
2409 5181 2717 5251 spiritualis
2744 5182 2929 5245 homo,
2962 5190 3076 5238 tres
3116 5182 3285 5238 babes
3312 5192 3559 5242 restaura
3580 5215 3603 5223 -

2008 5272 2228 5326 tiones:
2264 5271 2598 5343 baptismum
2651 5273 2861 5329 scilicet
2910 5274 3362 5346 incorruptionis,
3406 5277 3590 5332 tilialis

2009 5361 2316 5433 adoptionis
2364 5364 2616 5435 gratiam,
2648 5371 2811 5433 atque
2842 5365 3235 5434 paenitentiam.
3283 5367 3339 5420 Si
3371 5370 3589 5438 qua-udo

2010 5463 2343 5525 serpentem,
2379 5454 2432 5510 id
2471 5463 2557 5511 est
2589 5461 2898 5526 peccatum,
2931 5455 3075 5510 intra
3122 5456 3307 5512 cordis
3334 5470 3589 5512 recessus

2010 5545 2462 5617 deprehenderis,
2511 5546 2580 5603 ad
2641 5546 2820 5604 fontes
2869 5563 3159 5620 aquarum,
3214 5549 3317 5603 hoc
3367 5554 3474 5613 est,
3518 5547 3589 5604 ad

3194 5831 3274 5890 17
