  <div class='ocr_page' id='page_1' title='image "/cluster/home/n/w/nwhite01/storage/ocr_20150623/43:no.3/coo.31924054869429/270.png"; bbox 0 0 3988 6406; ppageno 0'>
   <div class='ocr_carea' id='block_1_1' title="bbox 301 407 3566 473">
    <p class='ocr_par' dir='ltr' id='par_1_1' title="bbox 301 407 3566 473">
     <span class='ocr_line' id='line_1_1' title="bbox 301 407 3566 473; baseline -0.001 -4"><span class='ocrx_word' id='word_1_1' title='bbox 301 407 409 462; x_wconf 60' lang='grc' dir='ltr'><strong>ωδ</strong></span> <span class='ocrx_word' id='word_1_2' title='bbox 1674 415 2160 473; x_wconf 75' lang='lat' dir='ltr'><strong>l‘llYSlOLOGUS</strong></span> <span class='ocrx_word' id='word_1_3' title='bbox 2171 460 2183 473; x_wconf 94' lang='lat'><strong>.</strong></span> <span class='ocrx_word' id='word_1_4' title='bbox 3460 412 3566 466; x_wconf 67' lang='lat'><strong>5%</strong></span> 
     </span>
    </p>
   </div>
   <div class='ocr_carea' id='block_1_2' title="bbox 296 518 1879 602">
    <p class='ocr_par' dir='ltr' id='par_1_2' title="bbox 296 518 1879 598">
     <span class='ocr_line' id='line_1_2' title="bbox 296 518 1879 598; baseline 0.006 -23"><span class='ocrx_word' id='word_1_5' title='bbox 296 523 393 576; x_wconf 77' lang='grc' dir='ltr'>καὶ</span> <span class='ocrx_word' id='word_1_6' title='bbox 422 522 590 592; x_wconf 80' lang='grc' dir='ltr'>ὕδωρ.</span> <span class='ocrx_word' id='word_1_7' title='bbox 647 523 971 589; x_wconf 78' lang='grc' dir='ltr'>Ἑπέσταξεν</span> <span class='ocrx_word' id='word_1_8' title='bbox 1011 524 1074 577; x_wconf 86' lang='grc' dir='ltr'><strong>τὸ</strong></span> <span class='ocrx_word' id='word_1_9' title='bbox 1107 518 1244 595; x_wconf 76' lang='grc' dir='ltr'>αἷμα</span> <span class='ocrx_word' id='word_1_10' title='bbox 1274 525 1365 577; x_wconf 79' lang='grc' dir='ltr'>ἐπὶ</span> <span class='ocrx_word' id='word_1_11' title='bbox 1402 527 1528 591; x_wconf 82' lang='grc' dir='ltr'>τοὺς</span> <span class='ocrx_word' id='word_1_12' title='bbox 1559 528 1879 598; x_wconf 75' lang='grc' dir='ltr'><strong>τεθνηκότας</strong></span> 
     </span>
    </p>
   </div>
   <div class='ocr_carea' id='block_1_3' title="bbox 1996 518 3564 602">
    <p class='ocr_par' dir='ltr' id='par_1_3' title="bbox 1996 531 3564 602">
     <span class='ocr_line' id='line_1_3' title="bbox 1996 531 3564 602; baseline 0.002 -15"><span class='ocrx_word' id='word_1_13' title='bbox 1996 550 2153 602; x_wconf 72' lang='lat' dir='ltr'><strong>super</strong></span> <span class='ocrx_word' id='word_1_14' title='bbox 2183 541 2429 588; x_wconf 89' lang='lat' dir='ltr'><strong>mortuos</strong></span> <span class='ocrx_word' id='word_1_15' title='bbox 2450 533 2610 600; x_wconf 84' lang='lat' dir='ltr'><strong>ﬁlios,</strong></span> <span class='ocrx_word' id='word_1_16' title='bbox 2653 533 2756 586; x_wconf 88' lang='lat' dir='ltr'><strong>hoc</strong></span> <span class='ocrx_word' id='word_1_17' title='bbox 2781 541 2861 586; x_wconf 84' lang='lat' dir='ltr'><strong>est</strong></span> <span class='ocrx_word' id='word_1_18' title='bbox 2894 533 3154 587; x_wconf 81' lang='lat' dir='ltr'><strong>Adamum</strong></span> <span class='ocrx_word' id='word_1_19' title='bbox 3182 541 3236 587; x_wconf 91' lang='lat' dir='ltr'><strong>et</strong></span> <span class='ocrx_word' id='word_1_20' title='bbox 3277 531 3440 588; x_wconf 82' lang='lat' dir='ltr'><strong>Evam</strong></span> <span class='ocrx_word' id='word_1_21' title='bbox 3461 549 3564 590; x_wconf 75' lang='lat' dir='ltr'><strong>cte-</strong></span> 
     </span>
    </p>
   </div>
   <div class='ocr_carea' id='block_1_4' title="bbox 297 615 1879 698">
    <p class='ocr_par' dir='ltr' id='par_1_4' title="bbox 297 615 1879 689">
     <span class='ocr_line' id='line_1_4' title="bbox 297 615 1879 689; baseline 0.006 -23"><span class='ocrx_word' id='word_1_22' title='bbox 297 616 829 683; x_wconf 79' lang='grc' dir='ltr'>νεοσσοὺς,τουτέστι</span> <span class='ocrx_word' id='word_1_23' title='bbox 849 617 939 669; x_wconf 83' lang='grc' dir='ltr'><strong>τὸν</strong></span> <span class='ocrx_word' id='word_1_24' title='bbox 985 615 1174 686; x_wconf 84' lang='grc' dir='ltr'>Ἀδὰμ,</span> <span class='ocrx_word' id='word_1_25' title='bbox 1206 618 1302 670; x_wconf 76' lang='grc' dir='ltr'>καὶ</span> <span class='ocrx_word' id='word_1_26' title='bbox 1326 617 1423 689; x_wconf 78' lang='grc' dir='ltr'>τὴν</span> <span class='ocrx_word' id='word_1_27' title='bbox 1449 617 1613 682; x_wconf 84' lang='grc' dir='ltr'>Εὑαν,</span> <span class='ocrx_word' id='word_1_28' title='bbox 1640 623 1734 674; x_wconf 74' lang='grc' dir='ltr'>καὶ</span> <span class='ocrx_word' id='word_1_29' title='bbox 1761 625 1879 687; x_wconf 75' lang='grc' dir='ltr'>τοὺς</span> 
     </span>
    </p>
   </div>
   <div class='ocr_carea' id='block_1_5' title="bbox 1996 615 3566 698">
    <p class='ocr_par' dir='ltr' id='par_1_5' title="bbox 1996 624 3566 698">
     <span class='ocr_line' id='line_1_5' title="bbox 1996 624 3566 698; baseline 0.003 -22"><span class='ocrx_word' id='word_1_30' title='bbox 1996 631 2246 694; x_wconf 78' lang='lat' dir='ltr'><strong>torosque</strong></span> <span class='ocrx_word' id='word_1_31' title='bbox 2261 624 2574 694; x_wconf 75' lang='lat' dir='ltr'><strong>preplietas,</strong></span> <span class='ocrx_word' id='word_1_32' title='bbox 2593 632 2647 681; x_wconf 90' lang='lat' dir='ltr'><strong>et</strong></span> <span class='ocrx_word' id='word_1_33' title='bbox 2668 639 2832 693; x_wconf 86' lang='lat' dir='ltr'><strong>super</strong></span> <span class='ocrx_word' id='word_1_34' title='bbox 2848 638 3039 680; x_wconf 87' lang='lat' dir='ltr'><strong>omnes</strong></span> <span class='ocrx_word' id='word_1_35' title='bbox 3056 634 3325 691; x_wconf 89' lang='lat' dir='ltr'><strong>mortuos,</strong></span> <span class='ocrx_word' id='word_1_36' title='bbox 3344 631 3566 698; x_wconf 79' lang='lat' dir='ltr'><strong>sangui-</strong></span> 
     </span>
    </p>
   </div>
   <div class='ocr_carea' id='block_1_6' title="bbox 301 706 1879 786">
    <p class='ocr_par' dir='ltr' id='par_1_6' title="bbox 301 706 1879 779">
     <span class='ocr_line' id='line_1_6' title="bbox 301 706 1879 779; baseline 0.005 -20"><span class='ocrx_word' id='word_1_37' title='bbox 301 706 528 769; x_wconf 78' lang='grc' dir='ltr'>λοιποὺς</span> <span class='ocrx_word' id='word_1_38' title='bbox 548 709 858 779; x_wconf 83' lang='grc' dir='ltr'><strong>προφήτας,</strong></span> <span class='ocrx_word' id='word_1_39' title='bbox 895 708 989 761; x_wconf 76' lang='grc' dir='ltr'><strong>καὶ</strong></span> <span class='ocrx_word' id='word_1_40' title='bbox 1005 707 1100 760; x_wconf 79' lang='grc' dir='ltr'>ἐπὶ</span> <span class='ocrx_word' id='word_1_41' title='bbox 1115 709 1325 773; x_wconf 82' lang='grc' dir='ltr'><strong>πάντας</strong></span> <span class='ocrx_word' id='word_1_42' title='bbox 1353 710 1476 774; x_wconf 78' lang='grc' dir='ltr'>τοὺς</span> <span class='ocrx_word' id='word_1_43' title='bbox 1495 711 1772 778; x_wconf 81' lang='grc' dir='ltr'><strong>θανόντας,</strong></span> <span class='ocrx_word' id='word_1_44' title='bbox 1794 717 1879 768; x_wconf 70' lang='grc' dir='ltr'>καὶ</span> 
     </span>
    </p>
   </div>
   <div class='ocr_carea' id='block_1_7' title="bbox 1996 706 3562 786">
    <p class='ocr_par' dir='ltr' id='par_1_7' title="bbox 1996 717 3562 786">
     <span class='ocr_line' id='line_1_7' title="bbox 1996 717 3562 786; baseline 0.003 -17"><span class='ocrx_word' id='word_1_45' title='bbox 1996 731 2112 770; x_wconf 92' lang='lat' dir='ltr'><strong>nem</strong></span> <span class='ocrx_word' id='word_1_46' title='bbox 2144 734 2303 773; x_wconf 90' lang='lat' dir='ltr'><strong>suum</strong></span> <span class='ocrx_word' id='word_1_47' title='bbox 2338 718 2497 783; x_wconf 82' lang='lat' dir='ltr'><strong>fudit,</strong></span> <span class='ocrx_word' id='word_1_48' title='bbox 2526 719 2953 786; x_wconf 85' lang='lat' dir='ltr'><strong>universumque</strong></span> <span class='ocrx_word' id='word_1_49' title='bbox 2996 717 3259 773; x_wconf 90' lang='lat' dir='ltr'><strong>mundum</strong></span> <span class='ocrx_word' id='word_1_50' title='bbox 3289 719 3562 774; x_wconf 77' lang='lat' dir='ltr'><strong>illumina-</strong></span> 
     </span>
    </p>
   </div>
   <div class='ocr_carea' id='block_1_8' title="bbox 303 796 1886 871">
    <p class='ocr_par' dir='ltr' id='par_1_8' title="bbox 303 796 1886 871">
     <span class='ocr_line' id='line_1_8' title="bbox 303 796 1886 871; baseline 0.007 -23"><span class='ocrx_word' id='word_1_51' title='bbox 303 796 540 865; x_wconf 72' lang='grc' dir='ltr'>ἐφώτισε</span> <span class='ocrx_word' id='word_1_52' title='bbox 567 796 668 867; x_wconf 85' lang='grc' dir='ltr'>τὴν</span> <span class='ocrx_word' id='word_1_53' title='bbox 691 798 1038 868; x_wconf 75' lang='grc' dir='ltr'>οἰκουμένην,</span> <span class='ocrx_word' id='word_1_54' title='bbox 1066 798 1161 852; x_wconf 83' lang='grc' dir='ltr'><strong>καὶ</strong></span> <span class='ocrx_word' id='word_1_55' title='bbox 1179 799 1544 871; x_wconf 80' lang='grc' dir='ltr'>ὲζωοποίησεν</span> <span class='ocrx_word' id='word_1_56' title='bbox 1573 804 1768 868; x_wconf 83' lang='grc' dir='ltr'>αὐτοὺς</span> <span class='ocrx_word' id='word_1_57' title='bbox 1797 806 1886 859; x_wconf 84' lang='grc' dir='ltr'>διὰ</span> 
     </span>
    </p>
   </div>
   <div class='ocr_carea' id='block_1_9' title="bbox 299 888 1884 964">
    <p class='ocr_par' dir='ltr' id='par_1_9' title="bbox 299 888 1884 964">
     <span class='ocr_line' id='line_1_9' title="bbox 299 888 1884 964; baseline 0.008 -25"><span class='ocrx_word' id='word_1_58' title='bbox 299 888 405 960; x_wconf 81' lang='grc' dir='ltr'>τῆς</span> <span class='ocrx_word' id='word_1_59' title='bbox 450 890 755 960; x_wconf 82' lang='grc' dir='ltr'>τριημέρου</span> <span class='ocrx_word' id='word_1_60' title='bbox 813 890 1025 960; x_wconf 83' lang='grc' dir='ltr'><strong>ταφῆς,</strong></span> <span class='ocrx_word' id='word_1_61' title='bbox 1078 892 1174 945; x_wconf 72' lang='grc' dir='ltr'>καὶ</span> <span class='ocrx_word' id='word_1_62' title='bbox 1220 892 1492 964; x_wconf 78' lang='grc' dir='ltr'>ἐγέρσεως</span> <span class='ocrx_word' id='word_1_63' title='bbox 1541 895 1727 950; x_wconf 77' lang='grc' dir='ltr'>αὑτοῦ.</span> <span class='ocrx_word' id='word_1_64' title='bbox 1786 897 1884 951; x_wconf 88' lang='grc' dir='ltr'><strong>Διά</strong></span> 
     </span>
    </p>
   </div>
   <div class='ocr_carea' id='block_1_10' title="bbox 297 980 1884 1056">
    <p class='ocr_par' dir='ltr' id='par_1_10' title="bbox 297 980 1884 1056">
     <span class='ocr_line' id='line_1_10' title="bbox 297 980 1884 1056; baseline 0.008 -24"><span class='ocrx_word' id='word_1_65' title='bbox 297 980 462 1033; x_wconf 74' lang='grc' dir='ltr'>τοῦτο</span> <span class='ocrx_word' id='word_1_66' title='bbox 494 980 722 1053; x_wconf 79' lang='grc' dir='ltr'>ὲλάλησε</span> <span class='ocrx_word' id='word_1_67' title='bbox 755 982 842 1036; x_wconf 86' lang='grc' dir='ltr'>διὰ</span> <span class='ocrx_word' id='word_1_68' title='bbox 868 982 961 1035; x_wconf 78' lang='grc' dir='ltr'>τοῦ</span> <span class='ocrx_word' id='word_1_69' title='bbox 1001 980 1283 1056; x_wconf 85' lang='grc' dir='ltr'>Προφήτου</span> <span class='ocrx_word' id='word_1_70' title='bbox 1306 1002 1318 1015; x_wconf 89' lang='grc'><strong>·</strong></span> <span class='ocrx_word' id='word_1_71' title='bbox 1357 987 1682 1056; x_wconf 78' lang='grc' dir='ltr'>Ὠμοιὼθην</span> <span class='ocrx_word' id='word_1_72' title='bbox 1707 993 1884 1044; x_wconf 83' lang='grc' dir='ltr'>πελε-</span> 
     </span>
    </p>
   </div>
   <div class='ocr_carea' id='block_1_11' title="bbox 299 1071 754 1144">
    <p class='ocr_par' dir='ltr' id='par_1_11' title="bbox 299 1071 754 1144">
     <span class='ocr_line' id='line_1_11' title="bbox 299 1071 754 1144; baseline -0.002 -16"><span class='ocrx_word' id='word_1_73' title='bbox 299 1072 441 1130; x_wconf 77' lang='grc' dir='ltr'>κᾶνι</span> <span class='ocrx_word' id='word_1_74' title='bbox 478 1071 754 1144; x_wconf 80' lang='grc' dir='ltr'>έρημικῷ.</span> 
     </span>
    </p>
   </div>
   <div class='ocr_carea' id='block_1_12' title="bbox 949 1191 1226 1245">
    <p class='ocr_par' dir='ltr' id='par_1_12' title="bbox 949 1191 1226 1245">
     <span class='ocr_line' id='line_1_12' title="bbox 949 1191 1226 1245; baseline 0.007 -2"><span class='ocrx_word' id='word_1_75' title='bbox 949 1191 1108 1244; x_wconf 80' lang='grc' dir='ltr'><strong>ΚΕΦ.</strong></span> <span class='ocrx_word' id='word_1_76' title='bbox 1149 1191 1226 1245; x_wconf 78' lang='lat'><strong>8&#39;.</strong></span> 
     </span>
    </p>
   </div>
   <div class='ocr_carea' id='block_1_13' title="bbox 787 1281 1400 1351">
    <p class='ocr_par' dir='ltr' id='par_1_13' title="bbox 787 1281 1400 1351">
     <span class='ocr_line' id='line_1_13' title="bbox 787 1281 1400 1351; baseline 0.003 -17"><span class='ocrx_word' id='word_1_77' title='bbox 787 1281 926 1349; x_wconf 71' lang='grc' dir='ltr'>Περὶ</span> <span class='ocrx_word' id='word_1_78' title='bbox 961 1281 1074 1350; x_wconf 83' lang='grc' dir='ltr'>τῆς</span> <span class='ocrx_word' id='word_1_79' title='bbox 1102 1281 1400 1351; x_wconf 76' lang='grc' dir='ltr'><strong>πέρδικος.</strong></span> 
     </span>
    </p>
   </div>
   <div class='ocr_carea' id='block_1_14' title="bbox 379 1368 1881 1447">
    <p class='ocr_par' dir='ltr' id='par_1_14' title="bbox 379 1368 1881 1447">
     <span class='ocr_line' id='line_1_14' title="bbox 379 1368 1881 1447; baseline 0.005 -25"><span class='ocrx_word' id='word_1_80' title='bbox 379 1368 566 1423; x_wconf 87' lang='grc' dir='ltr'>Ἔστιν</span> <span class='ocrx_word' id='word_1_81' title='bbox 611 1370 647 1442; x_wconf 81' lang='grc' dir='ltr'><strong>ἡ</strong></span> <span class='ocrx_word' id='word_1_82' title='bbox 696 1371 885 1444; x_wconf 77' lang='grc' dir='ltr'>πέρδιξ</span> <span class='ocrx_word' id='word_1_83' title='bbox 933 1372 1281 1437; x_wconf 85' lang='grc' dir='ltr'>πολύτεκνος.</span> <span class='ocrx_word' id='word_1_84' title='bbox 1335 1374 1881 1447; x_wconf 84' lang='grc' dir='ltr'>Νεοττοποιησαμένη</span> 
     </span>
    </p>
   </div>
   <div class='ocr_carea' id='block_1_15' title="bbox 297 1462 1883 1538">
    <p class='ocr_par' dir='ltr' id='par_1_15' title="bbox 297 1462 1883 1538">
     <span class='ocr_line' id='line_1_15' title="bbox 297 1462 1883 1538; baseline 0.004 -24"><span class='ocrx_word' id='word_1_85' title='bbox 297 1463 357 1515; x_wconf 77' lang='grc' dir='ltr'>δὲ</span> <span class='ocrx_word' id='word_1_86' title='bbox 403 1462 694 1533; x_wconf 82' lang='grc' dir='ltr'>πορεύεται</span> <span class='ocrx_word' id='word_1_87' title='bbox 739 1466 775 1536; x_wconf 81' lang='grc' dir='ltr'>ὴ</span> <span class='ocrx_word' id='word_1_88' title='bbox 825 1464 1012 1535; x_wconf 82' lang='grc' dir='ltr'><strong>θῆλυς,</strong></span> <span class='ocrx_word' id='word_1_89' title='bbox 1042 1466 1137 1519; x_wconf 77' lang='grc' dir='ltr'><strong>καὶ</strong></span> <span class='ocrx_word' id='word_1_90' title='bbox 1165 1467 1333 1538; x_wconf 78' lang='grc' dir='ltr'>γεννᾷ</span> <span class='ocrx_word' id='word_1_91' title='bbox 1375 1466 1444 1520; x_wconf 82' lang='grc' dir='ltr'><strong>τά</strong></span> <span class='ocrx_word' id='word_1_92' title='bbox 1487 1467 1571 1520; x_wconf 61' lang='lat' dir='ltr'><strong>de</strong></span> <span class='ocrx_word' id='word_1_93' title='bbox 1602 1467 1883 1523; x_wconf 78' lang='grc' dir='ltr'>καθ’-έκάο</span> 
     </span>
    </p>
   </div>
   <div class='ocr_carea' id='block_1_16' title="bbox 300 1556 1883 1631">
    <p class='ocr_par' dir='ltr' id='par_1_16' title="bbox 300 1556 1883 1631">
     <span class='ocr_line' id='line_1_16' title="bbox 300 1556 1883 1631; baseline 0.004 -25"><span class='ocrx_word' id='word_1_94' title='bbox 300 1569 436 1625; x_wconf 86' lang='grc' dir='ltr'>στην</span> <span class='ocrx_word' id='word_1_95' title='bbox 457 1571 472 1583; x_wconf 87' lang='grc'><strong>·</strong></span> <span class='ocrx_word' id='word_1_96' title='bbox 521 1557 615 1608; x_wconf 76' lang='grc' dir='ltr'><strong>καὶ</strong></span> <span class='ocrx_word' id='word_1_97' title='bbox 646 1556 745 1608; x_wconf 80' lang='grc' dir='ltr'><strong>οὑκ</strong></span> <span class='ocrx_word' id='word_1_98' title='bbox 778 1556 943 1627; x_wconf 67' lang='grc' dir='ltr'><strong>ἀρκεί.⁹</strong></span> <span class='ocrx_word' id='word_1_99' title='bbox 973 1557 1111 1628; x_wconf 83' lang='grc' dir='ltr'>αὑτῇ</span> <span class='ocrx_word' id='word_1_100' title='bbox 1143 1559 1245 1626; x_wconf 81' lang='grc' dir='ltr'>τῆς</span> <span class='ocrx_word' id='word_1_101' title='bbox 1292 1559 1429 1623; x_wconf 83' lang='grc' dir='ltr'>ίδίας</span> <span class='ocrx_word' id='word_1_102' title='bbox 1469 1561 1706 1631; x_wconf 85' lang='grc' dir='ltr'>γαστρὸς</span> <span class='ocrx_word' id='word_1_103' title='bbox 1739 1563 1767 1613; x_wconf 83' lang='grc' dir='ltr'>ὁ</span> <span class='ocrx_word' id='word_1_104' title='bbox 1795 1561 1883 1613; x_wconf 80' lang='grc' dir='ltr'><strong>τό·</strong></span> 
     </span>
    </p>
   </div>
   <div class='ocr_carea' id='block_1_17' title="bbox 296 1646 1882 1722">
    <p class='ocr_par' dir='ltr' id='par_1_17' title="bbox 296 1646 1882 1722">
     <span class='ocr_line' id='line_1_17' title="bbox 296 1646 1882 1722; baseline 0.003 -24"><span class='ocrx_word' id='word_1_105' title='bbox 296 1663 416 1710; x_wconf 84' lang='grc' dir='ltr'>κος,</span> <span class='ocrx_word' id='word_1_106' title='bbox 447 1646 582 1700; x_wconf 81' lang='grc' dir='ltr'>ἀλλὰ</span> <span class='ocrx_word' id='word_1_107' title='bbox 633 1647 941 1702; x_wconf 80' lang='grc' dir='ltr'>κλέπτουσα</span> <span class='ocrx_word' id='word_1_108' title='bbox 990 1648 1060 1702; x_wconf 77' lang='grc' dir='ltr'><strong>τὰ</strong></span> <span class='ocrx_word' id='word_1_109' title='bbox 1100 1648 1189 1702; x_wconf 64' lang='grc' dir='ltr'><strong>’ὼὰ</strong></span> <span class='ocrx_word' id='word_1_110' title='bbox 1227 1649 1336 1702; x_wconf 86' lang='grc' dir='ltr'><strong>τῶν</strong></span> <span class='ocrx_word' id='word_1_111' title='bbox 1374 1650 1693 1721; x_wconf 72' lang='grc' dir='ltr'><strong>ἀλλοτρίων,</strong></span> <span class='ocrx_word' id='word_1_112' title='bbox 1729 1652 1882 1722; x_wconf 88' lang='grc' dir='ltr'>φέρει</span> 
     </span>
    </p>
   </div>
   <div class='ocr_carea' id='block_1_18' title="bbox 297 1739 1190 1813">
    <p class='ocr_par' dir='ltr' id='par_1_18' title="bbox 297 1739 1190 1813">
     <span class='ocr_line' id='line_1_18' title="bbox 297 1739 1190 1813; baseline 0.004 -21"><span class='ocrx_word' id='word_1_113' title='bbox 297 1739 441 1793; x_wconf 77' lang='grc' dir='ltr'>αὐτὰ</span> <span class='ocrx_word' id='word_1_114' title='bbox 471 1740 563 1792; x_wconf 72' lang='grc' dir='ltr'>ἐπὶ</span> <span class='ocrx_word' id='word_1_115' title='bbox 593 1740 692 1811; x_wconf 76' lang='grc' dir='ltr'><strong>τὴν</strong></span> <span class='ocrx_word' id='word_1_116' title='bbox 719 1742 964 1795; x_wconf 76' lang='grc' dir='ltr'>νεοττιὰν</span> <span class='ocrx_word' id='word_1_117' title='bbox 995 1742 1190 1813; x_wconf 84' lang='grc' dir='ltr'>αὐτῆς.</span> 
     </span>
    </p>
   </div>
   <div class='ocr_carea' id='block_1_19' title="bbox 933 1853 1260 1924">
    <p class='ocr_par' dir='ltr' id='par_1_19' title="bbox 933 1853 1260 1924">
     <span class='ocr_line' id='line_1_19' title="bbox 933 1853 1260 1924; baseline 0.006 -18"><span class='ocrx_word' id='word_1_118' title='bbox 933 1853 1260 1924; x_wconf 75' lang='grc' dir='ltr'>Ἑρμηνεία.</span> 
     </span>
    </p>
   </div>
   <div class='ocr_carea' id='block_1_20' title="bbox 373 1929 1880 2020">
    <p class='ocr_par' dir='ltr' id='par_1_20' title="bbox 373 1929 1880 2020">
     <span class='ocr_line' id='line_1_20' title="bbox 373 1929 1880 2020; baseline 0.005 -26"><span class='ocrx_word' id='word_1_119' title='bbox 373 1943 485 1995; x_wconf 74' lang='grc' dir='ltr'><strong>Καὶ</strong></span> <span class='ocrx_word' id='word_1_120' title='bbox 519 1943 583 1996; x_wconf 77' lang='grc' dir='ltr'><strong>σὺ</strong></span> <span class='ocrx_word' id='word_1_121' title='bbox 616 1937 731 2005; x_wconf 79' lang='grc' dir='ltr'>οὖν,</span> <span class='ocrx_word' id='word_1_122' title='bbox 785 1929 942 2014; x_wconf 76' lang='grc' dir='ltr'>νοητὲ</span> <span class='ocrx_word' id='word_1_123' title='bbox 993 1944 1268 2015; x_wconf 79' lang='grc' dir='ltr'><strong>ἄνθρωπε,</strong></span> <span class='ocrx_word' id='word_1_124' title='bbox 1309 1935 1435 2000; x_wconf 84' lang='grc' dir='ltr'>ὅταν</span> <span class='ocrx_word' id='word_1_125' title='bbox 1485 1947 1684 2011; x_wconf 83' lang='grc' dir='ltr'>πολλὰς</span> <span class='ocrx_word' id='word_1_126' title='bbox 1727 1948 1880 2020; x_wconf 80' lang='grc' dir='ltr'>ἐλεη-</span> 
     </span>
    </p>
   </div>
   <div class='ocr_carea' id='block_1_21' title="bbox 299 2031 1882 2110">
    <p class='ocr_par' dir='ltr' id='par_1_21' title="bbox 299 2031 1882 2110">
     <span class='ocr_line' id='line_1_21' title="bbox 299 2031 1882 2110; baseline 0.004 -23"><span class='ocrx_word' id='word_1_127' title='bbox 299 2031 544 2104; x_wconf 86' lang='grc' dir='ltr'>μοσύνας</span> <span class='ocrx_word' id='word_1_128' title='bbox 570 2033 823 2105; x_wconf 78' lang='grc' dir='ltr'><strong>ποιήσῃς,</strong></span> <span class='ocrx_word' id='word_1_129' title='bbox 861 2033 936 2106; x_wconf 81' lang='grc' dir='ltr'><strong>μὴ</strong></span> <span class='ocrx_word' id='word_1_130' title='bbox 966 2035 1242 2105; x_wconf 87' lang='grc' dir='ltr'>ἁρκέσωσί</span> <span class='ocrx_word' id='word_1_131' title='bbox 1285 2054 1389 2101; x_wconf 91' lang='grc' dir='ltr'>σοι,</span> <span class='ocrx_word' id='word_1_132' title='bbox 1419 2037 1554 2093; x_wconf 80' lang='grc' dir='ltr'>ἀλλὰ</span> <span class='ocrx_word' id='word_1_133' title='bbox 1578 2039 1753 2110; x_wconf 84' lang='grc' dir='ltr'>δράμε</span> <span class='ocrx_word' id='word_1_134' title='bbox 1803 2043 1882 2104; x_wconf 82' lang='grc' dir='ltr'><strong>είς</strong></span> 
     </span>
    </p>
   </div>
   <div class='ocr_carea' id='block_1_22' title="bbox 295 2123 1880 2201">
    <p class='ocr_par' dir='ltr' id='par_1_22' title="bbox 295 2123 1880 2201">
     <span class='ocr_line' id='line_1_22' title="bbox 295 2123 1880 2201; baseline 0.006 -26"><span class='ocrx_word' id='word_1_135' title='bbox 295 2123 494 2193; x_wconf 79' lang='grc' dir='ltr'>ἑτέρας</span> <span class='ocrx_word' id='word_1_136' title='bbox 526 2123 764 2192; x_wconf 72' lang='grc' dir='ltr'>ἐντολὰς,</span> <span class='ocrx_word' id='word_1_137' title='bbox 795 2125 892 2177; x_wconf 65' lang='grc' dir='ltr'><strong>κα)⁸</strong></span> <span class='ocrx_word' id='word_1_138' title='bbox 923 2123 1193 2195; x_wconf 69' lang='grc' dir='ltr'>πλὴθυνον</span> <span class='ocrx_word' id='word_1_139' title='bbox 1239 2126 1443 2200; x_wconf 85' lang='grc' dir='ltr'>σφόδρα</span> <span class='ocrx_word' id='word_1_140' title='bbox 1488 2129 1587 2201; x_wconf 80' lang='grc' dir='ltr'>τὴν</span> <span class='ocrx_word' id='word_1_141' title='bbox 1637 2132 1880 2184; x_wconf 77' lang='grc' dir='ltr'>νεοττιάν</span> 
     </span>
    </p>
   </div>
   <div class='ocr_carea' id='block_1_23' title="bbox 295 2216 1881 2296">
    <p class='ocr_par' dir='ltr' id='par_1_23' title="bbox 295 2216 1881 2296">
     <span class='ocr_line' id='line_1_23' title="bbox 295 2216 1881 2296; baseline 0.006 -28"><span class='ocrx_word' id='word_1_142' title='bbox 295 2233 429 2269; x_wconf 85' lang='grc' dir='ltr'>σου·</span> <span class='ocrx_word' id='word_1_143' title='bbox 466 2216 734 2281; x_wconf 76' lang='grc' dir='ltr'>τουτέστι,</span> <span class='ocrx_word' id='word_1_144' title='bbox 785 2216 1007 2285; x_wconf 77' lang='grc' dir='ltr'><strong>ἅγνισον</strong></span> <span class='ocrx_word' id='word_1_145' title='bbox 1051 2218 1148 2290; x_wconf 76' lang='grc' dir='ltr'><strong>τὴν</strong></span> <span class='ocrx_word' id='word_1_146' title='bbox 1178 2222 1401 2292; x_wconf 77' lang='grc' dir='ltr'><strong>καρδίαν</strong></span> <span class='ocrx_word' id='word_1_147' title='bbox 1433 2239 1549 2286; x_wconf 89' lang='grc' dir='ltr'>σου,</span> <span class='ocrx_word' id='word_1_148' title='bbox 1588 2225 1682 2278; x_wconf 72' lang='grc' dir='ltr'>καὶ</span> <span class='ocrx_word' id='word_1_149' title='bbox 1719 2223 1881 2296; x_wconf 81' lang='grc' dir='ltr'>σκλή·</span> 
     </span>
    </p>
   </div>
   <div class='ocr_carea' id='block_1_24' title="bbox 298 2306 1640 2385">
    <p class='ocr_par' dir='ltr' id='par_1_24' title="bbox 298 2306 1640 2385">
     <span class='ocr_line' id='line_1_24' title="bbox 298 2306 1640 2385; baseline 0.007 -26"><span class='ocrx_word' id='word_1_150' title='bbox 298 2324 462 2379; x_wconf 88' lang='grc' dir='ltr'>ρυνον</span> <span class='ocrx_word' id='word_1_151' title='bbox 488 2306 609 2361; x_wconf 88' lang='grc' dir='ltr'>λίαν</span> <span class='ocrx_word' id='word_1_152' title='bbox 656 2309 717 2362; x_wconf 83' lang='grc' dir='ltr'><strong>σὲ</strong></span> <span class='ocrx_word' id='word_1_153' title='bbox 744 2309 886 2363; x_wconf 85' lang='grc' dir='ltr'>κατὰ</span> <span class='ocrx_word' id='word_1_154' title='bbox 918 2310 1027 2366; x_wconf 87' lang='grc' dir='ltr'>τῶν</span> <span class='ocrx_word' id='word_1_155' title='bbox 1060 2312 1318 2367; x_wconf 79' lang='grc' dir='ltr'>ἐναντίων</span> <span class='ocrx_word' id='word_1_156' title='bbox 1342 2314 1640 2385; x_wconf 87' lang='grc' dir='ltr'>δυνάμεων.</span> 
     </span>
    </p>
   </div>
   <div class='ocr_carea' id='block_1_25' title="bbox 935 2425 1220 2495">
    <p class='ocr_par' dir='ltr' id='par_1_25' title="bbox 935 2425 1220 2495">
     <span class='ocr_line' id='line_1_25' title="bbox 935 2425 1220 2495; baseline 0.011 -17"><span class='ocrx_word' id='word_1_157' title='bbox 935 2425 1116 2495; x_wconf 58' lang='grc' dir='ltr'>,ΚΕακ</span> <span class='ocrx_word' id='word_1_158' title='bbox 1161 2427 1220 2481; x_wconf 75' lang='grc' dir='ltr'><strong>ιο.</strong></span> 
     </span>
    </p>
   </div>
   <div class='ocr_carea' id='block_1_26' title="bbox 773 2512 1402 2586">
    <p class='ocr_par' dir='ltr' id='par_1_26' title="bbox 773 2512 1402 2586">
     <span class='ocr_line' id='line_1_26' title="bbox 773 2512 1402 2586; baseline 0.006 -20"><span class='ocrx_word' id='word_1_159' title='bbox 773 2513 912 2582; x_wconf 72' lang='grc' dir='ltr'>Περὶ</span> <span class='ocrx_word' id='word_1_160' title='bbox 941 2512 1051 2582; x_wconf 84' lang='grc' dir='ltr'>τῆς</span> <span class='ocrx_word' id='word_1_161' title='bbox 1089 2516 1402 2586; x_wconf 60' lang='grc' dir='ltr'>τρυγόνος.</span> 
     </span>
    </p>
   </div>
   <div class='ocr_carea' id='block_1_27' title="bbox 375 2603 1882 2680">
    <p class='ocr_par' dir='ltr' id='par_1_27' title="bbox 375 2603 1882 2680">
     <span class='ocr_line' id='line_1_27' title="bbox 375 2603 1882 2680; baseline 0.003 -22"><span class='ocrx_word' id='word_1_162' title='bbox 375 2605 532 2658; x_wconf 85' lang='grc' dir='ltr'>Ἔστι</span> <span class='ocrx_word' id='word_1_163' title='bbox 559 2605 594 2676; x_wconf 84' lang='grc' dir='ltr'>ὴ</span> <span class='ocrx_word' id='word_1_164' title='bbox 625 2603 842 2676; x_wconf 79' lang='grc' dir='ltr'>τρυγὼν</span> <span class='ocrx_word' id='word_1_165' title='bbox 881 2605 1165 2680; x_wconf 81' lang='grc' dir='ltr'>φίλανδρον</span> <span class='ocrx_word' id='word_1_166' title='bbox 1195 2607 1381 2680; x_wconf 76' lang='grc' dir='ltr'>ὄρνεον</span> <span class='ocrx_word' id='word_1_167' title='bbox 1417 2608 1570 2680; x_wconf 77' lang='grc' dir='ltr'>παρὰ</span> <span class='ocrx_word' id='word_1_168' title='bbox 1600 2609 1779 2664; x_wconf 85' lang='grc' dir='ltr'>πάντα</span> <span class='ocrx_word' id='word_1_169' title='bbox 1810 2610 1882 2666; x_wconf 80' lang='grc' dir='ltr'>τὰ</span> 
     </span>
    </p>
   </div>
   <div class='ocr_carea' id='block_1_28' title="bbox 292 2697 1877 2774">
    <p class='ocr_par' dir='ltr' id='par_1_28' title="bbox 292 2697 1877 2774">
     <span class='ocr_line' id='line_1_28' title="bbox 292 2697 1877 2774; baseline 0.003 -22"><span class='ocrx_word' id='word_1_170' title='bbox 292 2698 543 2764; x_wconf 78' lang='grc' dir='ltr'>πετεινὰ,</span> <span class='ocrx_word' id='word_1_171' title='bbox 578 2699 674 2752; x_wconf 77' lang='grc' dir='ltr'>καὶ</span> <span class='ocrx_word' id='word_1_172' title='bbox 704 2697 1368 2773; x_wconf 79' lang='grc' dir='ltr'>πορεύονταιᾶμφότεροι,</span> <span class='ocrx_word' id='word_1_173' title='bbox 1402 2701 1572 2773; x_wconf 74' lang='grc' dir='ltr'>ἄρῤεν</span> <span class='ocrx_word' id='word_1_174' title='bbox 1600 2701 1694 2757; x_wconf 78' lang='grc' dir='ltr'><strong>καὶ</strong></span> <span class='ocrx_word' id='word_1_175' title='bbox 1723 2701 1877 2774; x_wconf 86' lang='grc' dir='ltr'>θῆλυ,</span> 
     </span>
    </p>
   </div>
   <div class='ocr_carea' id='block_1_29' title="bbox 293 2789 1878 2866">
    <p class='ocr_par' dir='ltr' id='par_1_29' title="bbox 293 2789 1878 2866">
     <span class='ocr_line' id='line_1_29' title="bbox 293 2789 1878 2866; baseline 0 -19"><span class='ocrx_word' id='word_1_176' title='bbox 293 2793 395 2847; x_wconf 82' lang='grc' dir='ltr'>καὶ</span> <span class='ocrx_word' id='word_1_177' title='bbox 440 2790 910 2844; x_wconf 83' lang='grc' dir='ltr'>νεοσσοποιοῦσιν·</span> <span class='ocrx_word' id='word_1_178' title='bbox 962 2789 1407 2863; x_wconf 76' lang='grc' dir='ltr'>ἀποζευχθέντων</span> <span class='ocrx_word' id='word_1_179' title='bbox 1443 2792 1502 2848; x_wconf 81' lang='grc' dir='ltr'>δὲ</span> <span class='ocrx_word' id='word_1_180' title='bbox 1547 2793 1750 2857; x_wconf 86' lang='grc' dir='ltr'>αὑτῶν,</span> <span class='ocrx_word' id='word_1_181' title='bbox 1781 2811 1878 2866; x_wconf 79' lang='grc' dir='ltr'>φυ-</span> 
     </span>
    </p>
   </div>
   <div class='ocr_carea' id='block_1_30' title="bbox 292 2879 1879 2954">
    <p class='ocr_par' dir='ltr' id='par_1_30' title="bbox 292 2879 1879 2954">
     <span class='ocr_line' id='line_1_30' title="bbox 292 2879 1879 2954; baseline 0.011 -22"><span class='ocrx_word' id='word_1_182' title='bbox 292 2882 558 2936; x_wconf 77' lang='grc' dir='ltr'>λάσσουσι</span> <span class='ocrx_word' id='word_1_183' title='bbox 610 2880 708 2950; x_wconf 83' lang='grc' dir='ltr'><strong>τὴν</strong></span> <span class='ocrx_word' id='word_1_184' title='bbox 769 2879 1107 2952; x_wconf 84' lang='grc' dir='ltr'>μονογαμίαν</span> <span class='ocrx_word' id='word_1_185' title='bbox 1189 2881 1296 2946; x_wconf 74' lang='grc' dir='ltr'><strong>ἕως</strong></span> <span class='ocrx_word' id='word_1_186' title='bbox 1337 2882 1522 2946; x_wconf 78' lang='grc' dir='ltr'>τέλους</span> <span class='ocrx_word' id='word_1_187' title='bbox 1584 2882 1682 2952; x_wconf 82' lang='grc' dir='ltr'><strong>τῆς</strong></span> <span class='ocrx_word' id='word_1_188' title='bbox 1732 2882 1879 2954; x_wconf 73' lang='grc' dir='ltr'><strong>ζωῆς</strong></span> 
     </span>
    </p>
   </div>
   <div class='ocr_carea' id='block_1_31' title="bbox 290 2974 496 3030">
    <p class='ocr_par' dir='ltr' id='par_1_31' title="bbox 290 2974 496 3030">
     <span class='ocr_line' id='line_1_31' title="bbox 290 2974 496 3030; baseline 0 0"><span class='ocrx_word' id='word_1_189' title='bbox 290 2974 496 3030; x_wconf 85' lang='grc' dir='ltr'>αὑτῶν.</span> 
     </span>
    </p>
   </div>
   <div class='ocr_carea' id='block_1_32' title="bbox 353 3065 1262 3136">
    <p class='ocr_par' dir='ltr' id='par_1_32' title="bbox 353 3065 1262 3136">
     <span class='ocr_line' id='line_1_32' title="bbox 353 3065 1262 3136; baseline 0.006 -18"><span class='ocrx_word' id='word_1_190' title='bbox 353 3116 356 3118; x_wconf 30' lang='grc' dir='ltr'>ν</span> <span class='ocrx_word' id='word_1_191' title='bbox 933 3065 1262 3136; x_wconf 69' lang='grc' dir='ltr'>Ἐριιηνεία.</span> 
     </span>
    </p>
   </div>
   <div class='ocr_carea' id='block_1_33' title="bbox 366 3153 1874 3230">
    <p class='ocr_par' dir='ltr' id='par_1_33' title="bbox 366 3153 1874 3230">
     <span class='ocr_line' id='line_1_33' title="bbox 366 3153 1874 3230; baseline -0.002 -16"><span class='ocrx_word' id='word_1_192' title='bbox 366 3161 483 3214; x_wconf 69' lang='grc' dir='ltr'>Καὶ</span> <span class='ocrx_word' id='word_1_193' title='bbox 528 3160 592 3214; x_wconf 73' lang='grc' dir='ltr'><strong>σὺ</strong></span> <span class='ocrx_word' id='word_1_194' title='bbox 635 3153 747 3221; x_wconf 84' lang='grc' dir='ltr'>οὖν,</span> <span class='ocrx_word' id='word_1_195' title='bbox 783 3157 939 3228; x_wconf 83' lang='grc' dir='ltr'>νοητὲ</span> <span class='ocrx_word' id='word_1_196' title='bbox 977 3157 1251 3230; x_wconf 83' lang='grc' dir='ltr'>ἄνθρωπε,</span> <span class='ocrx_word' id='word_1_197' title='bbox 1296 3159 1424 3212; x_wconf 81' lang='grc' dir='ltr'>ὅταν</span> <span class='ocrx_word' id='word_1_198' title='bbox 1470 3157 1715 3230; x_wconf 84' lang='grc' dir='ltr'>πλησθῇς</span> <span class='ocrx_word' id='word_1_199' title='bbox 1751 3159 1874 3211; x_wconf 87' lang='grc' dir='ltr'>ἀνο-</span> 
     </span>
    </p>
   </div>
   <div class='ocr_carea' id='block_1_34' title="bbox 1987 811 3568 883">
    <p class='ocr_par' dir='ltr' id='par_1_34' title="bbox 1987 811 3568 883">
     <span class='ocr_line' id='line_1_34' title="bbox 1987 811 3568 883; baseline 0.003 -21"><span class='ocrx_word' id='word_1_200' title='bbox 1987 811 2085 875; x_wconf 84' lang='grc' dir='ltr'>νὶι,</span> <span class='ocrx_word' id='word_1_201' title='bbox 2123 818 2185 865; x_wconf 82' lang='lat' dir='ltr'><strong>et</strong></span> <span class='ocrx_word' id='word_1_202' title='bbox 2229 825 2326 880; x_wconf 86' lang='lat' dir='ltr'><strong>per</strong></span> <span class='ocrx_word' id='word_1_203' title='bbox 2361 811 2666 865; x_wconf 89' lang='lat' dir='ltr'><strong>triduanam</strong></span> <span class='ocrx_word' id='word_1_204' title='bbox 2718 813 3052 883; x_wconf 78' lang='lat' dir='ltr'><strong>sepulturam</strong></span> <span class='ocrx_word' id='word_1_205' title='bbox 3108 825 3174 867; x_wconf 90' lang='lat' dir='ltr'><strong>ac</strong></span> <span class='ocrx_word' id='word_1_206' title='bbox 3212 811 3568 867; x_wconf 84' lang='lat' dir='ltr'><strong>resurrectio—</strong></span> 
     </span>
    </p>
   </div>
   <div class='ocr_carea' id='block_1_35' title="bbox 1988 899 3567 969">
    <p class='ocr_par' dir='ltr' id='par_1_35' title="bbox 1988 899 3567 969">
     <span class='ocr_line' id='line_1_35' title="bbox 1988 899 3567 969; baseline -0.001 -15"><span class='ocrx_word' id='word_1_207' title='bbox 1988 916 2109 954; x_wconf 86' lang='lat' dir='ltr'><strong>nem</strong></span> <span class='ocrx_word' id='word_1_208' title='bbox 2159 915 2314 955; x_wconf 88' lang='lat' dir='ltr'><strong>suam</strong></span> <span class='ocrx_word' id='word_1_209' title='bbox 2364 900 2430 954; x_wconf 90' lang='lat' dir='ltr'><strong>ad</strong></span> <span class='ocrx_word' id='word_1_210' title='bbox 2471 901 2638 955; x_wconf 89' lang='lat' dir='ltr'><strong>vitam</strong></span> <span class='ocrx_word' id='word_1_211' title='bbox 2680 901 2799 956; x_wconf 93' lang='lat' dir='ltr'><strong>illos</strong></span> <span class='ocrx_word' id='word_1_212' title='bbox 2837 901 3071 956; x_wconf 80' lang='lat' dir='ltr'><strong>reduxit.</strong></span> <span class='ocrx_word' id='word_1_213' title='bbox 3106 899 3442 969; x_wconf 78' lang='lat' dir='ltr'><strong>Quapropter</strong></span> <span class='ocrx_word' id='word_1_214' title='bbox 3470 915 3567 969; x_wconf 89' lang='lat' dir='ltr'><strong>per</strong></span> 
     </span>
    </p>
   </div>
   <div class='ocr_carea' id='block_1_36' title="bbox 1985 985 3567 1060">
    <p class='ocr_par' dir='ltr' id='par_1_36' title="bbox 1985 985 3567 1060">
     <span class='ocr_line' id='line_1_36' title="bbox 1985 985 3567 1060; baseline 0.003 -20"><span class='ocrx_word' id='word_1_215' title='bbox 1985 985 2308 1054; x_wconf 79' lang='lat' dir='ltr'><strong>Pr0phctam</strong></span> <span class='ocrx_word' id='word_1_216' title='bbox 2333 990 2471 1045; x_wconf 81' lang='lat' dir='ltr'><strong>dixit</strong></span> <span class='ocrx_word' id='word_1_217' title='bbox 2503 1010 2514 1044; x_wconf 92' lang='lat'><strong>:</strong></span> <span class='ocrx_word' id='word_1_218' title='bbox 2551 990 2760 1045; x_wconf 75' lang='lat' dir='ltr'><strong>Similis</strong></span> <span class='ocrx_word' id='word_1_219' title='bbox 2794 991 2967 1060; x_wconf 77' lang='lat' dir='ltr'><strong>factus</strong></span> <span class='ocrx_word' id='word_1_220' title='bbox 3013 1008 3130 1044; x_wconf 81' lang='lat' dir='ltr'><strong>sum</strong></span> <span class='ocrx_word' id='word_1_221' title='bbox 3164 989 3406 1059; x_wconf 82' lang='lat' dir='ltr'><strong>pelicano</strong></span> <span class='ocrx_word' id='word_1_222' title='bbox 3434 989 3567 1046; x_wconf 75' lang='lat' dir='ltr'><strong>soli-</strong></span> 
     </span>
    </p>
   </div>
   <div class='ocr_carea' id='block_1_37' title="bbox 1988 1081 2246 1136">
    <p class='ocr_par' dir='ltr' id='par_1_37' title="bbox 1988 1081 2246 1136">
     <span class='ocr_line' id='line_1_37' title="bbox 1988 1081 2246 1136; baseline 0.004 -2"><span class='ocrx_word' id='word_1_223' title='bbox 1988 1081 2185 1136; x_wconf 73' lang='lat' dir='ltr'><strong>tudinis</strong></span> <span class='ocrx_word' id='word_1_224' title='bbox 2209 1082 2246 1135; x_wconf 89' lang='grc'><strong>¹.</strong></span> 
     </span>
    </p>
   </div>
   <div class='ocr_carea' id='block_1_38' title="bbox 2631 1193 2912 1249">
    <p class='ocr_par' dir='ltr' id='par_1_38' title="bbox 2631 1193 2912 1249">
     <span class='ocr_line' id='line_1_38' title="bbox 2631 1193 2912 1249; baseline -0.004 0"><span class='ocrx_word' id='word_1_225' title='bbox 2631 1193 2784 1249; x_wconf 87' lang='lat' dir='ltr'><strong>CAP.</strong></span> <span class='ocrx_word' id='word_1_226' title='bbox 2821 1193 2912 1248; x_wconf 85' lang='lat' dir='ltr'><strong>1X.</strong></span> 
     </span>
    </p>
   </div>
   <div class='ocr_carea' id='block_1_39' title="bbox 2614 1285 2951 1355">
    <p class='ocr_par' dir='ltr' id='par_1_39' title="bbox 2614 1285 2951 1355">
     <span class='ocr_line' id='line_1_39' title="bbox 2614 1285 2951 1355; baseline 0 -17"><span class='ocrx_word' id='word_1_227' title='bbox 2614 1285 2690 1340; x_wconf 87' lang='lat' dir='ltr'><strong>De</strong></span> <span class='ocrx_word' id='word_1_228' title='bbox 2722 1286 2951 1355; x_wconf 79' lang='lat' dir='ltr'><strong>perdice.</strong></span> 
     </span>
    </p>
   </div>
   <div class='ocr_carea' id='block_1_40' title="bbox 2053 1372 3581 1450">
    <p class='ocr_par' dir='ltr' id='par_1_40' title="bbox 2053 1372 3581 1450">
     <span class='ocr_line' id='line_1_40' title="bbox 2053 1372 3581 1450; baseline 0.006 -20"><span class='ocrx_word' id='word_1_229' title='bbox 2053 1373 2248 1431; x_wconf 83' lang='lat' dir='ltr'><strong>Perdix</strong></span> <span class='ocrx_word' id='word_1_230' title='bbox 2280 1376 2449 1448; x_wconf 86' lang='lat' dir='ltr'><strong>prolis</strong></span> <span class='ocrx_word' id='word_1_231' title='bbox 2483 1376 2714 1433; x_wconf 80' lang='lat' dir='ltr'><strong>fecunda</strong></span> <span class='ocrx_word' id='word_1_232' title='bbox 2743 1385 2850 1434; x_wconf 91' lang='lat' dir='ltr'><strong>est.</strong></span> <span class='ocrx_word' id='word_1_233' title='bbox 2875 1376 3210 1434; x_wconf 84' lang='lat' dir='ltr'><strong>Constructo</strong></span> <span class='ocrx_word' id='word_1_234' title='bbox 3241 1376 3385 1432; x_wconf 90' lang='lat' dir='ltr'><strong>enim</strong></span> <span class='ocrx_word' id='word_1_235' title='bbox 3409 1372 3581 1450; x_wconf 77' lang='lat' dir='ltr'><strong>nido,‘</strong></span> 
     </span>
    </p>
   </div>
   <div class='ocr_carea' id='block_1_41' title="bbox 1985 1469 3566 1542">
    <p class='ocr_par' dir='ltr' id='par_1_41' title="bbox 1985 1469 3566 1542">
     <span class='ocr_line' id='line_1_41' title="bbox 1985 1469 3566 1542; baseline 0.002 -19"><span class='ocrx_word' id='word_1_236' title='bbox 1985 1469 2214 1539; x_wconf 82' lang='lat' dir='ltr'><strong>singulis</strong></span> <span class='ocrx_word' id='word_1_237' title='bbox 2243 1469 2436 1525; x_wconf 90' lang='lat' dir='ltr'><strong>diebus</strong></span> <span class='ocrx_word' id='word_1_238' title='bbox 2465 1485 2565 1524; x_wconf 88' lang='lat' dir='ltr'><strong>ova</strong></span> <span class='ocrx_word' id='word_1_239' title='bbox 2604 1469 2766 1542; x_wconf 82' lang='lat' dir='ltr'><strong>parit.</strong></span> <span class='ocrx_word' id='word_1_240' title='bbox 2815 1469 2927 1524; x_wconf 87' lang='lat' dir='ltr'><strong>Nec</strong></span> <span class='ocrx_word' id='word_1_241' title='bbox 2958 1486 3088 1525; x_wconf 80' lang='lat' dir='ltr'><strong>vero</strong></span> <span class='ocrx_word' id='word_1_242' title='bbox 3121 1469 3325 1540; x_wconf 86' lang='lat' dir='ltr'><strong>proprii</strong></span> <span class='ocrx_word' id='word_1_243' title='bbox 3357 1473 3566 1526; x_wconf 84' lang='lat' dir='ltr'><strong>ventris</strong></span> 
     </span>
    </p>
   </div>
   <div class='ocr_carea' id='block_1_42' title="bbox 1985 1559 3562 1628">
    <p class='ocr_par' dir='ltr' id='par_1_42' title="bbox 1985 1559 3562 1628">
     <span class='ocr_line' id='line_1_42' title="bbox 1985 1559 3562 1628; baseline -0.002 -13"><span class='ocrx_word' id='word_1_244' title='bbox 1985 1559 2182 1615; x_wconf 78' lang='lat' dir='ltr'><strong>suﬂicit</strong></span> <span class='ocrx_word' id='word_1_245' title='bbox 2239 1559 2418 1628; x_wconf 81' lang='lat' dir='ltr'><strong>fetus;</strong></span> <span class='ocrx_word' id='word_1_246' title='bbox 2477 1577 2666 1616; x_wconf 87' lang='lat' dir='ltr'><strong>verum</strong></span> <span class='ocrx_word' id='word_1_247' title='bbox 2718 1562 2948 1617; x_wconf 87' lang='lat' dir='ltr'><strong>aliarum</strong></span> <span class='ocrx_word' id='word_1_248' title='bbox 3014 1564 3194 1617; x_wconf 86' lang='lat' dir='ltr'><strong>avium</strong></span> <span class='ocrx_word' id='word_1_249' title='bbox 3249 1563 3562 1616; x_wconf 80' lang='lat' dir='ltr'><strong>discurrens</strong></span> 
     </span>
    </p>
   </div>
   <div class='ocr_carea' id='block_1_43' title="bbox 1985 1648 3389 1713">
    <p class='ocr_par' dir='ltr' id='par_1_43' title="bbox 1985 1648 3389 1713">
     <span class='ocr_line' id='line_1_43' title="bbox 1985 1648 3389 1713; baseline 0.002 -10"><span class='ocrx_word' id='word_1_250' title='bbox 1985 1648 2284 1704; x_wconf 74' lang='lat' dir='ltr'><strong>suﬂuratur</strong></span> <span class='ocrx_word' id='word_1_251' title='bbox 2318 1665 2440 1713; x_wconf 81' lang='lat' dir='ltr'><strong>ova,</strong></span> <span class='ocrx_word' id='word_1_252' title='bbox 2473 1659 2527 1706; x_wconf 90' lang='lat' dir='ltr'><strong>et</strong></span> <span class='ocrx_word' id='word_1_253' title='bbox 2553 1651 2620 1705; x_wconf 91' lang='lat' dir='ltr'><strong>ad</strong></span> <span class='ocrx_word' id='word_1_254' title='bbox 2649 1651 2837 1706; x_wconf 89' lang='lat' dir='ltr'><strong>nidum</strong></span> <span class='ocrx_word' id='word_1_255' title='bbox 2874 1667 3035 1707; x_wconf 89' lang='lat' dir='ltr'><strong>suum</strong></span> <span class='ocrx_word' id='word_1_256' title='bbox 3067 1653 3157 1707; x_wconf 89' lang='lat' dir='ltr'><strong>illa</strong></span> <span class='ocrx_word' id='word_1_257' title='bbox 3190 1651 3389 1708; x_wconf 82' lang='lat' dir='ltr'><strong>defert.</strong></span> 
     </span>
    </p>
   </div>
   <div class='ocr_carea' id='block_1_44' title="bbox 2580 1852 2975 1923">
    <p class='ocr_par' dir='ltr' id='par_1_44' title="bbox 2580 1852 2975 1923">
     <span class='ocr_line' id='line_1_44' title="bbox 2580 1852 2975 1923; baseline 0.005 -19"><span class='ocrx_word' id='word_1_258' title='bbox 2580 1852 2975 1923; x_wconf 82' lang='lat' dir='ltr'><strong>Interpretatio.</strong></span> 
     </span>
    </p>
   </div>
   <div class='ocr_carea' id='block_1_45' title="bbox 2056 1941 3566 2014">
    <p class='ocr_par' dir='ltr' id='par_1_45' title="bbox 2056 1941 3566 2014">
     <span class='ocr_line' id='line_1_45' title="bbox 2056 1941 3566 2014; baseline 0.005 -18"><span class='ocrx_word' id='word_1_259' title='bbox 2056 1941 2148 1997; x_wconf 91' lang='lat' dir='ltr'><strong>Sic</strong></span> <span class='ocrx_word' id='word_1_260' title='bbox 2177 1953 2256 2008; x_wconf 91' lang='lat' dir='ltr'><strong>tu,</strong></span> <span class='ocrx_word' id='word_1_261' title='bbox 2294 1943 2596 2014; x_wconf 81' lang='lat' dir='ltr'><strong>spiritualis</strong></span> <span class='ocrx_word' id='word_1_262' title='bbox 2642 1946 2823 2004; x_wconf 87' lang='lat' dir='ltr'><strong>homo.</strong></span> <span class='ocrx_word' id='word_1_263' title='bbox 2855 1947 2900 2002; x_wconf 90' lang='lat' dir='ltr'><strong>si</strong></span> <span class='ocrx_word' id='word_1_264' title='bbox 2958 1948 3158 2001; x_wconf 89' lang='lat' dir='ltr'><strong>multas</strong></span> <span class='ocrx_word' id='word_1_265' title='bbox 3194 1945 3388 2001; x_wconf 82' lang='lat' dir='ltr'><strong>feceris</strong></span> <span class='ocrx_word' id='word_1_266' title='bbox 3423 1945 3566 2003; x_wconf 77' lang='lat' dir='ltr'><strong>elea-</strong></span> 
     </span>
    </p>
   </div>
   <div class='ocr_carea' id='block_1_46' title="bbox 1983 2035 3566 2109">
    <p class='ocr_par' dir='ltr' id='par_1_46' title="bbox 1983 2035 3566 2109">
     <span class='ocr_line' id='line_1_46' title="bbox 1983 2035 3566 2109; baseline 0.004 -23"><span class='ocrx_word' id='word_1_267' title='bbox 1983 2048 2261 2106; x_wconf 79' lang='lat' dir='ltr'><strong>mosynas,</strong></span> <span class='ocrx_word' id='word_1_268' title='bbox 2317 2049 2418 2088; x_wconf 88' lang='lat' dir='ltr'><strong>nec</strong></span> <span class='ocrx_word' id='word_1_269' title='bbox 2469 2035 2567 2090; x_wconf 88' lang='lat' dir='ltr'><strong>tibi</strong></span> <span class='ocrx_word' id='word_1_270' title='bbox 2617 2041 2751 2093; x_wconf 85' lang='lat' dir='ltr'><strong>satis</strong></span> <span class='ocrx_word' id='word_1_271' title='bbox 2797 2053 2920 2093; x_wconf 90' lang='lat' dir='ltr'><strong>esse</strong></span> <span class='ocrx_word' id='word_1_272' title='bbox 2971 2048 3148 2109; x_wconf 87' lang='lat' dir='ltr'><strong>putes,</strong></span> <span class='ocrx_word' id='word_1_273' title='bbox 3199 2039 3294 2094; x_wconf 89' lang='lat' dir='ltr'><strong>sed</strong></span> <span class='ocrx_word' id='word_1_274' title='bbox 3343 2037 3411 2092; x_wconf 89' lang='lat' dir='ltr'><strong>ad</strong></span> <span class='ocrx_word' id='word_1_275' title='bbox 3458 2037 3566 2093; x_wconf 80' lang='lat' dir='ltr'><strong>alia</strong></span> 
     </span>
    </p>
   </div>
   <div class='ocr_carea' id='block_1_47' title="bbox 1982 2125 3560 2201">
    <p class='ocr_par' dir='ltr' id='par_1_47' title="bbox 1982 2125 3560 2201">
     <span class='ocr_line' id='line_1_47' title="bbox 1982 2125 3560 2201; baseline 0.004 -22"><span class='ocrx_word' id='word_1_276' title='bbox 1982 2136 2249 2197; x_wconf 72' lang='lat' dir='ltr'><strong>praecepta</strong></span> <span class='ocrx_word' id='word_1_277' title='bbox 2297 2125 2512 2190; x_wconf 83' lang='lat' dir='ltr'><strong>festina,</strong></span> <span class='ocrx_word' id='word_1_278' title='bbox 2567 2136 2621 2183; x_wconf 90' lang='lat' dir='ltr'><strong>et</strong></span> <span class='ocrx_word' id='word_1_279' title='bbox 2683 2127 2870 2184; x_wconf 91' lang='lat' dir='ltr'><strong>nidum</strong></span> <span class='ocrx_word' id='word_1_280' title='bbox 2916 2138 3067 2185; x_wconf 89' lang='lat' dir='ltr'><strong>tuum</strong></span> <span class='ocrx_word' id='word_1_281' title='bbox 3114 2131 3330 2186; x_wconf 83' lang='lat' dir='ltr'><strong>abunde</strong></span> <span class='ocrx_word' id='word_1_282' title='bbox 3377 2132 3560 2201; x_wconf 86' lang='lat' dir='ltr'><strong>imple.</strong></span> 
     </span>
    </p>
   </div>
   <div class='ocr_carea' id='block_1_48' title="bbox 1983 2219 3564 2291">
    <p class='ocr_par' dir='ltr' id='par_1_48' title="bbox 1983 2219 3564 2291">
     <span class='ocr_line' id='line_1_48' title="bbox 1983 2219 3564 2291; baseline 0.004 -20"><span class='ocrx_word' id='word_1_283' title='bbox 1983 2219 2086 2273; x_wconf 89' lang='lat' dir='ltr'><strong>hoc</strong></span> <span class='ocrx_word' id='word_1_284' title='bbox 2135 2225 2240 2284; x_wconf 88' lang='lat' dir='ltr'><strong>est,</strong></span> <span class='ocrx_word' id='word_1_285' title='bbox 2285 2233 2382 2272; x_wconf 91' lang='lat' dir='ltr'><strong>cor</strong></span> <span class='ocrx_word' id='word_1_286' title='bbox 2425 2225 2580 2273; x_wconf 91' lang='lat' dir='ltr'><strong>tuum</strong></span> <span class='ocrx_word' id='word_1_287' title='bbox 2624 2223 2804 2291; x_wconf 82' lang='lat' dir='ltr'><strong>expia,</strong></span> <span class='ocrx_word' id='word_1_288' title='bbox 2853 2230 2907 2278; x_wconf 90' lang='lat' dir='ltr'><strong>et</strong></span> <span class='ocrx_word' id='word_1_289' title='bbox 2939 2231 2994 2280; x_wconf 89' lang='lat' dir='ltr'><strong>te</strong></span> <span class='ocrx_word' id='word_1_290' title='bbox 3035 2223 3299 2288; x_wconf 80' lang='lat' dir='ltr'><strong>adversus</strong></span> <span class='ocrx_word' id='word_1_291' title='bbox 3345 2230 3564 2278; x_wconf 89' lang='lat' dir='ltr'><strong>contra-</strong></span> 
     </span>
    </p>
   </div>
   <div class='ocr_carea' id='block_1_49' title="bbox 1982 2309 2827 2389">
    <p class='ocr_par' dir='ltr' id='par_1_49' title="bbox 1982 2309 2827 2389">
     <span class='ocr_line' id='line_1_49' title="bbox 1982 2309 2827 2389; baseline 0.006 -27"><span class='ocrx_word' id='word_1_292' title='bbox 1982 2309 2096 2363; x_wconf 90' lang='lat' dir='ltr'><strong>rias</strong></span> <span class='ocrx_word' id='word_1_293' title='bbox 2123 2317 2438 2389; x_wconf 84' lang='lat' dir='ltr'><strong>potestates</strong></span> <span class='ocrx_word' id='word_1_294' title='bbox 2457 2310 2614 2366; x_wconf 85' lang='lat' dir='ltr'><strong>valde</strong></span> <span class='ocrx_word' id='word_1_295' title='bbox 2653 2314 2827 2368; x_wconf 90' lang='lat' dir='ltr'><strong>muni.</strong></span> 
     </span>
    </p>
   </div>
   <div class='ocr_carea' id='block_1_50' title="bbox 2648 2425 2900 2481">
    <p class='ocr_par' dir='ltr' id='par_1_50' title="bbox 2648 2425 2900 2481">
     <span class='ocr_line' id='line_1_50' title="bbox 2648 2425 2900 2481; baseline 0 -1"><span class='ocrx_word' id='word_1_296' title='bbox 2648 2425 2799 2480; x_wconf 85' lang='lat' dir='ltr'><strong>CAP.</strong></span> <span class='ocrx_word' id='word_1_297' title='bbox 2831 2427 2900 2481; x_wconf 81' lang='grc' dir='ltr'><strong>Χ.</strong></span> 
     </span>
    </p>
   </div>
   <div class='ocr_carea' id='block_1_51' title="bbox 2614 2518 2946 2574">
    <p class='ocr_par' dir='ltr' id='par_1_51' title="bbox 2614 2518 2946 2574">
     <span class='ocr_line' id='line_1_51' title="bbox 2614 2518 2946 2574; baseline -0.003 -3"><span class='ocrx_word' id='word_1_298' title='bbox 2614 2518 2691 2574; x_wconf 87' lang='lat' dir='ltr'><strong>De</strong></span> <span class='ocrx_word' id='word_1_299' title='bbox 2722 2527 2946 2573; x_wconf 82' lang='lat' dir='ltr'><strong>turture.</strong></span> 
     </span>
    </p>
   </div>
   <div class='ocr_carea' id='block_1_52' title="bbox 2052 2606 3561 2684">
    <p class='ocr_par' dir='ltr' id='par_1_52' title="bbox 2052 2606 3561 2684">
     <span class='ocr_line' id='line_1_52' title="bbox 2052 2606 3561 2684; baseline 0.005 -23"><span class='ocrx_word' id='word_1_300' title='bbox 2052 2606 2199 2664; x_wconf 86' lang='lat' dir='ltr'><strong>Inter</strong></span> <span class='ocrx_word' id='word_1_301' title='bbox 2248 2624 2442 2668; x_wconf 80' lang='lat' dir='ltr'><strong>omnes</strong></span> <span class='ocrx_word' id='word_1_302' title='bbox 2491 2625 2639 2677; x_wconf 85' lang='lat' dir='ltr'><strong>aves,</strong></span> <span class='ocrx_word' id='word_1_303' title='bbox 2691 2611 2942 2684; x_wconf 81' lang='lat' dir='ltr'><strong>conjugis</strong></span> <span class='ocrx_word' id='word_1_304' title='bbox 2989 2625 3184 2667; x_wconf 86' lang='lat' dir='ltr'><strong>amans</strong></span> <span class='ocrx_word' id='word_1_305' title='bbox 3232 2619 3316 2668; x_wconf 89' lang='lat' dir='ltr'><strong>est</strong></span> <span class='ocrx_word' id='word_1_306' title='bbox 3361 2619 3561 2669; x_wconf 89' lang='lat' dir='ltr'><strong>turtur.</strong></span> 
     </span>
    </p>
   </div>
   <div class='ocr_carea' id='block_1_53' title="bbox 1983 2698 3566 2776">
    <p class='ocr_par' dir='ltr' id='par_1_53' title="bbox 1983 2698 3566 2776">
     <span class='ocr_line' id='line_1_53' title="bbox 1983 2698 3566 2776; baseline 0.006 -24"><span class='ocrx_word' id='word_1_307' title='bbox 1983 2698 2100 2756; x_wconf 85' lang='lat' dir='ltr'><strong>Mas</strong></span> <span class='ocrx_word' id='word_1_308' title='bbox 2151 2707 2207 2757; x_wconf 85' lang='lat' dir='ltr'><strong>et</strong></span> <span class='ocrx_word' id='word_1_309' title='bbox 2262 2699 2466 2759; x_wconf 78' lang='lat' dir='ltr'><strong>femina</strong></span> <span class='ocrx_word' id='word_1_310' title='bbox 2513 2719 2621 2760; x_wconf 91' lang='lat' dir='ltr'><strong>una</strong></span> <span class='ocrx_word' id='word_1_311' title='bbox 2667 2705 2855 2760; x_wconf 87' lang='lat' dir='ltr'><strong>volant</strong></span> <span class='ocrx_word' id='word_1_312' title='bbox 2893 2703 3182 2776; x_wconf 88' lang='lat' dir='ltr'><strong>pullosque</strong></span> <span class='ocrx_word' id='word_1_313' title='bbox 3235 2717 3566 2775; x_wconf 82' lang='lat' dir='ltr'><strong>procreant;</strong></span> 
     </span>
    </p>
   </div>
   <div class='ocr_carea' id='block_1_54' title="bbox 1983 2789 3568 2867">
    <p class='ocr_par' dir='ltr' id='par_1_54' title="bbox 1983 2789 3568 2867">
     <span class='ocr_line' id='line_1_54' title="bbox 1983 2789 3568 2867; baseline 0.004 -23"><span class='ocrx_word' id='word_1_314' title='bbox 1983 2789 2031 2844; x_wconf 83' lang='lat' dir='ltr'><strong>si</strong></span> <span class='ocrx_word' id='word_1_315' title='bbox 2070 2805 2201 2850; x_wconf 90' lang='lat' dir='ltr'><strong>vero</strong></span> <span class='ocrx_word' id='word_1_316' title='bbox 2251 2799 2432 2850; x_wconf 87' lang='lat' dir='ltr'><strong>morte</strong></span> <span class='ocrx_word' id='word_1_317' title='bbox 2488 2805 2838 2865; x_wconf 86' lang='lat' dir='ltr'><strong>separantur,</strong></span> <span class='ocrx_word' id='word_1_318' title='bbox 2878 2794 2946 2849; x_wconf 89' lang='lat' dir='ltr'><strong>ad</strong></span> <span class='ocrx_word' id='word_1_319' title='bbox 2998 2795 3156 2852; x_wconf 84' lang='lat' dir='ltr'><strong>ﬁnem</strong></span> <span class='ocrx_word' id='word_1_320' title='bbox 3215 2812 3391 2867; x_wconf 90' lang='lat' dir='ltr'><strong>usque</strong></span> <span class='ocrx_word' id='word_1_321' title='bbox 3444 2798 3568 2851; x_wconf 61' lang='lat' dir='ltr'><strong>vita!</strong></span> 
     </span>
    </p>
   </div>
   <div class='ocr_carea' id='block_1_55' title="bbox 1982 2882 2682 2943">
    <p class='ocr_par' dir='ltr' id='par_1_55' title="bbox 1982 2882 2682 2943">
     <span class='ocr_line' id='line_1_55' title="bbox 1982 2882 2682 2943; baseline 0.007 -6"><span class='ocrx_word' id='word_1_322' title='bbox 1982 2882 2308 2943; x_wconf 83' lang='lat' dir='ltr'><strong>viduitatem</strong></span> <span class='ocrx_word' id='word_1_323' title='bbox 2342 2886 2682 2943; x_wconf 89' lang='lat' dir='ltr'><strong>custodiunt.</strong></span> 
     </span>
    </p>
   </div>
   <div class='ocr_carea' id='block_1_56' title="bbox 2581 3063 2974 3134">
    <p class='ocr_par' dir='ltr' id='par_1_56' title="bbox 2581 3063 2974 3134">
     <span class='ocr_line' id='line_1_56' title="bbox 2581 3063 2974 3134; baseline 0 -18"><span class='ocrx_word' id='word_1_324' title='bbox 2581 3063 2974 3134; x_wconf 81' lang='lat' dir='ltr'><strong>Interpretatio.</strong></span> 
     </span>
    </p>
   </div>
   <div class='ocr_carea' id='block_1_57' title="bbox 2057 3153 3560 3228">
    <p class='ocr_par' dir='ltr' id='par_1_57' title="bbox 2057 3153 3560 3228">
     <span class='ocr_line' id='line_1_57' title="bbox 2057 3153 3560 3228; baseline 0.009 -21"><span class='ocrx_word' id='word_1_325' title='bbox 2057 3153 2148 3208; x_wconf 83' lang='lat' dir='ltr'><strong>Sic</strong></span> <span class='ocrx_word' id='word_1_326' title='bbox 2179 3164 2256 3219; x_wconf 91' lang='lat' dir='ltr'><strong>tu,</strong></span> <span class='ocrx_word' id='word_1_327' title='bbox 2290 3153 2592 3223; x_wconf 87' lang='lat' dir='ltr'><strong>spiritualis</strong></span> <span class='ocrx_word' id='word_1_328' title='bbox 2641 3155 2822 3220; x_wconf 88' lang='lat' dir='ltr'><strong>homo,</strong></span> <span class='ocrx_word' id='word_1_329' title='bbox 2860 3171 2985 3210; x_wconf 89' lang='lat' dir='ltr'><strong>cum</strong></span> <span class='ocrx_word' id='word_1_330' title='bbox 3038 3158 3274 3228; x_wconf 85' lang='lat' dir='ltr'><strong>peccatis</strong></span> <span class='ocrx_word' id='word_1_331' title='bbox 3307 3168 3560 3220; x_wconf 86' lang='lat' dir='ltr'><strong>onustus.</strong></span> 
     </span>
    </p>
   </div>
   <div class='ocr_carea' id='block_1_58' title="bbox 297 3216 1879 3323">
    <p class='ocr_par' dir='ltr' id='par_1_58' title="bbox 297 3216 1874 3323">
     <span class='ocr_line' id='line_1_58' title="bbox 297 3216 1874 3323; baseline -0.001 -19"><span class='ocrx_word' id='word_1_332' title='bbox 297 3251 463 3323; x_wconf 87' lang='grc' dir='ltr'>μιῶν,</span> <span class='ocrx_word' id='word_1_333' title='bbox 505 3250 598 3304; x_wconf 75' lang='grc' dir='ltr'><strong>καὶ</strong></span> <span class='ocrx_word' id='word_1_334' title='bbox 623 3216 752 3323; x_wconf 65' lang='grc' dir='ltr'>δόξη</span> <span class='ocrx_word' id='word_1_335' title='bbox 777 3216 1199 3320; x_wconf 37' lang='grc' dir='ltr'>σοιικαιρὸξτοῦ</span> <span class='ocrx_word' id='word_1_336' title='bbox 1226 3216 1578 3321; x_wconf 52' lang='grc' dir='ltr'>ᾖετανοῆσαι,</span> <span class='ocrx_word' id='word_1_337' title='bbox 1605 3216 1874 3304; x_wconf 61' lang='grc' dir='ltr'>ἀπέϐαλλε</span> 
     </span>
    </p>
   </div>
   <div class='ocr_carea' id='block_1_59' title="bbox 1996 3216 3565 3323">
    <p class='ocr_par' dir='ltr' id='par_1_59' title="bbox 1996 3244 3565 3321">
     <span class='ocr_line' id='line_1_59' title="bbox 1996 3244 3565 3321; baseline 0.005 -23"><span class='ocrx_word' id='word_1_338' title='bbox 1996 3252 2202 3314; x_wconf 74' lang='lat' dir='ltr'><strong>tempus</strong></span> <span class='ocrx_word' id='word_1_339' title='bbox 2249 3258 2373 3300; x_wconf 87' lang='lat' dir='ltr'><strong>esse</strong></span> <span class='ocrx_word' id='word_1_340' title='bbox 2428 3244 2725 3314; x_wconf 82' lang='lat' dir='ltr'><strong>paenitendi</strong></span> <span class='ocrx_word' id='word_1_341' title='bbox 2770 3246 3124 3316; x_wconf 71' lang='lat' dir='ltr'><strong>iudicaveris,</strong></span> <span class='ocrx_word' id='word_1_342' title='bbox 3178 3249 3354 3318; x_wconf 90' lang='lat' dir='ltr'><strong>abjicc</strong></span> <span class='ocrx_word' id='word_1_343' title='bbox 3398 3267 3565 3321; x_wconf 81' lang='lat' dir='ltr'><strong>prava</strong></span> 
     </span>
    </p>
   </div>
   <div class='ocr_carea' id='block_1_60' title="bbox 296 3340 1875 3414">
    <p class='ocr_par' dir='ltr' id='par_1_60' title="bbox 296 3340 1875 3414">
     <span class='ocr_line' id='line_1_60' title="bbox 296 3340 1875 3414; baseline -0.001 -18"><span class='ocrx_word' id='word_1_344' title='bbox 296 3341 360 3396; x_wconf 73' lang='grc' dir='ltr'><strong>τὸ</strong></span> <span class='ocrx_word' id='word_1_345' title='bbox 383 3343 735 3414; x_wconf 85' lang='grc' dir='ltr'>κακουργεῖν,</span> <span class='ocrx_word' id='word_1_346' title='bbox 765 3340 857 3393; x_wconf 72' lang='grc' dir='ltr'>καὶ</span> <span class='ocrx_word' id='word_1_347' title='bbox 906 3341 982 3412; x_wconf 82' lang='grc' dir='ltr'><strong>μὴ</strong></span> <span class='ocrx_word' id='word_1_348' title='bbox 1015 3340 1320 3413; x_wconf 81' lang='grc' dir='ltr'>περιπέσῃς</span> <span class='ocrx_word' id='word_1_349' title='bbox 1359 3342 1437 3404; x_wconf 81' lang='grc' dir='ltr'>εἰς</span> <span class='ocrx_word' id='word_1_350' title='bbox 1470 3340 1655 3411; x_wconf 79' lang='grc' dir='ltr'>ἕτερον</span> <span class='ocrx_word' id='word_1_351' title='bbox 1683 3341 1875 3410; x_wconf 79' lang='grc' dir='ltr'>ῥύπον,</span> 
     </span>
    </p>
   </div>
   <div class='ocr_carea' id='block_1_61' title="bbox 312 3429 1878 3503">
    <p class='ocr_par' dir='ltr' id='par_1_61' title="bbox 312 3429 1878 3503">
     <span class='ocr_line' id='line_1_61' title="bbox 312 3429 1878 3503; baseline -0.001 -18"><span class='ocrx_word' id='word_1_352' title='bbox 312 3432 580 3486; x_wconf 80' lang='grc' dir='ltr'>τουτέστιν</span> <span class='ocrx_word' id='word_1_353' title='bbox 626 3433 706 3495; x_wconf 80' lang='grc' dir='ltr'><strong>εἰς</strong></span> <span class='ocrx_word' id='word_1_354' title='bbox 744 3431 936 3501; x_wconf 78' lang='grc' dir='ltr'>ἑτέραν</span> <span class='ocrx_word' id='word_1_355' title='bbox 987 3431 1281 3503; x_wconf 84' lang='grc' dir='ltr'>ἁμαρτίαν,</span> <span class='ocrx_word' id='word_1_356' title='bbox 1322 3429 1458 3486; x_wconf 85' lang='grc' dir='ltr'>ἀλλὰ</span> <span class='ocrx_word' id='word_1_357' title='bbox 1501 3430 1740 3500; x_wconf 84' lang='grc' dir='ltr'>φύλασσε</span> <span class='ocrx_word' id='word_1_358' title='bbox 1781 3431 1878 3502; x_wconf 85' lang='grc' dir='ltr'><strong>τὴν</strong></span> 
     </span>
    </p>
   </div>
   <div class='ocr_carea' id='block_1_62' title="bbox 311 3521 1877 3593">
    <p class='ocr_par' dir='ltr' id='par_1_62' title="bbox 311 3521 1877 3593">
     <span class='ocr_line' id='line_1_62' title="bbox 311 3521 1877 3593; baseline -0.001 -18"><span class='ocrx_word' id='word_1_359' title='bbox 311 3522 646 3593; x_wconf 80' lang='grc' dir='ltr'>μονογαμίαν</span> <span class='ocrx_word' id='word_1_360' title='bbox 679 3538 795 3587; x_wconf 90' lang='grc' dir='ltr'>σου,</span> <span class='ocrx_word' id='word_1_361' title='bbox 817 3521 1058 3576; x_wconf 82' lang='grc' dir='ltr'>τουτέστι</span> <span class='ocrx_word' id='word_1_362' title='bbox 1084 3522 1175 3574; x_wconf 87' lang='grc' dir='ltr'><strong>τὸν</strong></span> <span class='ocrx_word' id='word_1_363' title='bbox 1200 3522 1324 3593; x_wconf 85' lang='grc' dir='ltr'>ὅρον</span> <span class='ocrx_word' id='word_1_364' title='bbox 1349 3521 1448 3592; x_wconf 86' lang='grc' dir='ltr'>τῆς</span> <span class='ocrx_word' id='word_1_365' title='bbox 1475 3522 1731 3590; x_wconf 87' lang='grc' dir='ltr'>γυναικός</span> <span class='ocrx_word' id='word_1_366' title='bbox 1763 3539 1877 3586; x_wconf 87' lang='grc' dir='ltr'>σου,</span> 
     </span>
    </p>
   </div>
   <div class='ocr_carea' id='block_1_63' title="bbox 299 3612 1559 3688">
    <p class='ocr_par' dir='ltr' id='par_1_63' title="bbox 299 3612 1559 3688">
     <span class='ocr_line' id='line_1_63' title="bbox 299 3612 1559 3688; baseline -0.003 -18"><span class='ocrx_word' id='word_1_367' title='bbox 299 3615 389 3671; x_wconf 76' lang='grc' dir='ltr'>ἵνα</span> <span class='ocrx_word' id='word_1_368' title='bbox 420 3616 588 3688; x_wconf 75' lang='grc' dir='ltr'>εὕρῃς</span> <span class='ocrx_word' id='word_1_369' title='bbox 623 3612 789 3686; x_wconf 76' lang='grc' dir='ltr'><strong>μονὴν</strong></span> <span class='ocrx_word' id='word_1_370' title='bbox 819 3616 876 3666; x_wconf 81' lang='grc' dir='ltr'><strong>ἐν</strong></span> <span class='ocrx_word' id='word_1_371' title='bbox 903 3617 969 3685; x_wconf 81' lang='grc' dir='ltr'>τῇ</span> <span class='ocrx_word' id='word_1_372' title='bbox 1004 3614 1233 3686; x_wconf 71' lang='grc' dir='ltr'>δευτέρᾳ</span> <span class='ocrx_word' id='word_1_373' title='bbox 1266 3613 1559 3686; x_wconf 77' lang='grc' dir='ltr'>παρουσίᾳ.</span> 
     </span>
    </p>
   </div>
   <div class='ocr_carea' id='block_1_64' title="bbox 491 3715 1262 3779">
    <p class='ocr_par' dir='ltr' id='par_1_64' title="bbox 491 3715 1262 3779">
     <span class='ocr_line' id='line_1_64' title="bbox 491 3715 1262 3779; baseline -0.006 1"><span class='ocrx_word' id='word_1_374' title='bbox 491 3735 494 3738; x_wconf 82' lang='grc'><strong>’</strong></span> <span class='ocrx_word' id='word_1_375' title='bbox 953 3726 1111 3778; x_wconf 84' lang='grc' dir='ltr'><strong>ΚΕΦ.</strong></span> <span class='ocrx_word' id='word_1_376' title='bbox 1152 3715 1262 3779; x_wconf 82' lang='grc' dir='ltr'><strong>1Α’.</strong></span> 
     </span>
    </p>
   </div>
   <div class='ocr_carea' id='block_1_65' title="bbox 785 3814 1389 3886">
    <p class='ocr_par' dir='ltr' id='par_1_65' title="bbox 785 3814 1389 3886">
     <span class='ocr_line' id='line_1_65' title="bbox 785 3814 1389 3886; baseline -0.005 -17"><span class='ocrx_word' id='word_1_377' title='bbox 785 3814 926 3886; x_wconf 71' lang='grc' dir='ltr'>Περὶ</span> <span class='ocrx_word' id='word_1_378' title='bbox 957 3815 1062 3868; x_wconf 86' lang='grc' dir='ltr'>τοῦ</span> <span class='ocrx_word' id='word_1_379' title='bbox 1097 3814 1389 3884; x_wconf 72' lang='grc' dir='ltr'>φοίνικος.</span> 
     </span>
    </p>
   </div>
   <div class='ocr_carea' id='block_1_66' title="bbox 367 3905 1879 3978">
    <p class='ocr_par' dir='ltr' id='par_1_66' title="bbox 367 3905 1879 3978">
     <span class='ocr_line' id='line_1_66' title="bbox 367 3905 1879 3978; baseline -0.003 -17"><span class='ocrx_word' id='word_1_380' title='bbox 367 3908 549 3972; x_wconf 76' lang='grc' dir='ltr'>Φοῖνιξ</span> <span class='ocrx_word' id='word_1_381' title='bbox 578 3907 673 3960; x_wconf 82' lang='grc' dir='ltr'>τοῦ</span> <span class='ocrx_word' id='word_1_382' title='bbox 717 3905 923 3971; x_wconf 84' lang='grc' dir='ltr'>ταῶνος</span> <span class='ocrx_word' id='word_1_383' title='bbox 960 3905 1268 3978; x_wconf 82' lang='grc' dir='ltr'>ὼραιοτέρα</span> <span class='ocrx_word' id='word_1_384' title='bbox 1315 3905 1568 3978; x_wconf 76' lang='grc' dir='ltr'>ὑπάρχει.</span> <span class='ocrx_word' id='word_1_385' title='bbox 1635 3907 1691 3959; x_wconf 88' lang='grc'><strong>’0</strong></span> <span class='ocrx_word' id='word_1_386' title='bbox 1737 3906 1879 3958; x_wconf 86' lang='grc' dir='ltr'>ταὼν</span> 
     </span>
    </p>
   </div>
   <div class='ocr_carea' id='block_1_67' title="bbox 291 3996 1881 4074">
    <p class='ocr_par' dir='ltr' id='par_1_67' title="bbox 291 3996 1881 4074">
     <span class='ocr_line' id='line_1_67' title="bbox 291 3996 1881 4074; baseline -0.004 -19"><span class='ocrx_word' id='word_1_387' title='bbox 291 4001 410 4074; x_wconf 77' lang='grc' dir='ltr'>γὰρ</span> <span class='ocrx_word' id='word_1_388' title='bbox 452 4001 659 4073; x_wconf 85' lang='grc' dir='ltr'>χρυσίῳ</span> <span class='ocrx_word' id='word_1_389' title='bbox 697 4001 795 4055; x_wconf 78' lang='grc' dir='ltr'>καὶ</span> <span class='ocrx_word' id='word_1_390' title='bbox 838 3999 1089 4072; x_wconf 84' lang='grc' dir='ltr'>ἀργυρίῳ</span> <span class='ocrx_word' id='word_1_391' title='bbox 1123 3999 1508 4062; x_wconf 80' lang='grc' dir='ltr'>καταπετάσας</span> <span class='ocrx_word' id='word_1_392' title='bbox 1534 3997 1633 4062; x_wconf 76' lang='grc' dir='ltr'><strong>τὰς</strong></span> <span class='ocrx_word' id='word_1_393' title='bbox 1682 3996 1881 4068; x_wconf 82' lang='grc' dir='ltr'>πτέρυ-</span> 
     </span>
    </p>
   </div>
   <div class='ocr_carea' id='block_1_68' title="bbox 293 4087 1881 4162">
    <p class='ocr_par' dir='ltr' id='par_1_68' title="bbox 293 4087 1881 4162">
     <span class='ocr_line' id='line_1_68' title="bbox 293 4087 1881 4162; baseline -0.003 -19"><span class='ocrx_word' id='word_1_394' title='bbox 293 4108 406 4162; x_wconf 88' lang='grc' dir='ltr'><strong>γας</strong></span> <span class='ocrx_word' id='word_1_395' title='bbox 460 4091 759 4162; x_wconf 75' lang='grc' dir='ltr'>κέκτηταιο</span> <span class='ocrx_word' id='word_1_396' title='bbox 839 4091 874 4161; x_wconf 83' lang='grc' dir='ltr'><strong>ἡ</strong></span> <span class='ocrx_word' id='word_1_397' title='bbox 923 4089 980 4142; x_wconf 85' lang='grc' dir='ltr'>δὲ</span> <span class='ocrx_word' id='word_1_398' title='bbox 1034 4089 1232 4158; x_wconf 82' lang='grc' dir='ltr'>φοῖνιξ.</span> <span class='ocrx_word' id='word_1_399' title='bbox 1284 4087 1539 4142; x_wconf 83' lang='grc' dir='ltr'>ὑακίνθου</span> <span class='ocrx_word' id='word_1_400' title='bbox 1592 4087 1686 4142; x_wconf 74' lang='grc' dir='ltr'><strong>καὶ</strong></span> <span class='ocrx_word' id='word_1_401' title='bbox 1739 4105 1881 4159; x_wconf 80' lang='grc' dir='ltr'>σμα-</span> 
     </span>
    </p>
   </div>
   <div class='ocr_carea' id='block_1_69' title="bbox 297 4178 1878 4254">
    <p class='ocr_par' dir='ltr' id='par_1_69' title="bbox 297 4178 1878 4254">
     <span class='ocr_line' id='line_1_69' title="bbox 297 4178 1878 4254; baseline -0.003 -19"><span class='ocrx_word' id='word_1_402' title='bbox 297 4181 502 4254; x_wconf 85' lang='grc' dir='ltr'>ράγδου</span> <span class='ocrx_word' id='word_1_403' title='bbox 540 4181 632 4234; x_wconf 73' lang='grc' dir='ltr'><strong>καὶ</strong></span> <span class='ocrx_word' id='word_1_404' title='bbox 657 4180 819 4234; x_wconf 86' lang='grc' dir='ltr'>λίθων</span> <span class='ocrx_word' id='word_1_405' title='bbox 850 4180 1174 4234; x_wconf 82' lang='grc' dir='ltr'>πολυτελῶν.</span> <span class='ocrx_word' id='word_1_406' title='bbox 1211 4179 1416 4250; x_wconf 86' lang='grc' dir='ltr'>Τιάραν</span> <span class='ocrx_word' id='word_1_407' title='bbox 1443 4179 1551 4251; x_wconf 86' lang='grc' dir='ltr'>γὰρ</span> <span class='ocrx_word' id='word_1_408' title='bbox 1592 4179 1746 4250; x_wconf 80' lang='grc' dir='ltr'>φέρει</span> <span class='ocrx_word' id='word_1_409' title='bbox 1786 4178 1878 4230; x_wconf 73' lang='grc' dir='ltr'><strong>ἐπὶ</strong></span> 
     </span>
    </p>
   </div>
   <div class='ocr_carea' id='block_1_70' title="bbox 292 4259 1878 4345">
    <p class='ocr_par' dir='ltr' id='par_1_70' title="bbox 292 4259 1878 4345">
     <span class='ocr_line' id='line_1_70' title="bbox 292 4259 1878 4345; baseline -0.003 -19"><span class='ocrx_word' id='word_1_410' title='bbox 292 4273 397 4345; x_wconf 78' lang='grc' dir='ltr'><strong>τὴν</strong></span> <span class='ocrx_word' id='word_1_411' title='bbox 447 4271 709 4344; x_wconf 82' lang='grc' dir='ltr'>κεφαλὴν,</span> <span class='ocrx_word' id='word_1_412' title='bbox 749 4273 843 4325; x_wconf 77' lang='grc' dir='ltr'><strong>καὶ</strong></span> <span class='ocrx_word' id='word_1_413' title='bbox 890 4271 1102 4342; x_wconf 83' lang='grc' dir='ltr'>σφύρας</span> <span class='ocrx_word' id='word_1_414' title='bbox 1152 4271 1374 4342; x_wconf 84' lang='grc' dir='ltr'>κατέχει</span> <span class='ocrx_word' id='word_1_415' title='bbox 1403 4259 1518 4324; x_wconf 63' lang='grc' dir='ltr'><strong>έπὶ</strong></span> <span class='ocrx_word' id='word_1_416' title='bbox 1561 4272 1676 4332; x_wconf 85' lang='grc' dir='ltr'>τοῖς</span> <span class='ocrx_word' id='word_1_417' title='bbox 1720 4271 1878 4322; x_wconf 77' lang='grc' dir='ltr'>ποσὶν</span> 
     </span>
    </p>
   </div>
   <div class='ocr_carea' id='block_1_71' title="bbox 293 4363 1875 4435">
    <p class='ocr_par' dir='ltr' id='par_1_71' title="bbox 293 4363 1875 4435">
     <span class='ocr_line' id='line_1_71' title="bbox 293 4363 1875 4435; baseline -0.002 -17"><span class='ocrx_word' id='word_1_418' title='bbox 293 4366 494 4435; x_wconf 78' lang='grc' dir='ltr'>αὑτῆς.</span> <span class='ocrx_word' id='word_1_419' title='bbox 551 4365 617 4417; x_wconf 86' lang='grc' dir='ltr'><strong>Ἦ</strong></span> <span class='ocrx_word' id='word_1_420' title='bbox 673 4363 846 4433; x_wconf 81' lang='grc' dir='ltr'>φοῖνιξ</span> <span class='ocrx_word' id='word_1_421' title='bbox 896 4363 996 4433; x_wconf 82' lang='grc' dir='ltr'><strong>τῆς</strong></span> <span class='ocrx_word' id='word_1_422' title='bbox 1061 4363 1252 4426; x_wconf 84' lang='grc' dir='ltr'>Ἰνδίας</span> <span class='ocrx_word' id='word_1_423' title='bbox 1307 4363 1474 4431; x_wconf 79' lang='grc' dir='ltr'>ἐγγὺς</span> <span class='ocrx_word' id='word_1_424' title='bbox 1541 4363 1875 4427; x_wconf 77' lang='grc' dir='ltr'>κοιτάζεται,</span> 
     </span>
    </p>
   </div>
   <div class='ocr_carea' id='block_1_72' title="bbox 299 4453 1876 4526">
    <p class='ocr_par' dir='ltr' id='par_1_72' title="bbox 299 4453 1876 4526">
     <span class='ocr_line' id='line_1_72' title="bbox 299 4453 1876 4526; baseline -0.001 -16"><span class='ocrx_word' id='word_1_425' title='bbox 299 4456 398 4510; x_wconf 75' lang='grc' dir='ltr'><strong>καὶ</strong></span> <span class='ocrx_word' id='word_1_426' title='bbox 427 4457 568 4526; x_wconf 74' lang='grc' dir='ltr'>ἀμφὶ</span> <span class='ocrx_word' id='word_1_427' title='bbox 593 4455 663 4508; x_wconf 77' lang='grc' dir='ltr'>τὰ</span> <span class='ocrx_word' id='word_1_428' title='bbox 704 4456 1031 4509; x_wconf 83' lang='grc' dir='ltr'>πεντακόσια</span> <span class='ocrx_word' id='word_1_429' title='bbox 1063 4453 1155 4526; x_wconf 79' lang='grc' dir='ltr'>ἔτη</span> <span class='ocrx_word' id='word_1_430' title='bbox 1182 4455 1273 4508; x_wconf 83' lang='grc' dir='ltr'><strong>τὸν</strong></span> <span class='ocrx_word' id='word_1_431' title='bbox 1311 4454 1423 4526; x_wconf 85' lang='grc' dir='ltr'>βίον</span> <span class='ocrx_word' id='word_1_432' title='bbox 1452 4454 1629 4522; x_wconf 81' lang='grc' dir='ltr'>διάγει</span> <span class='ocrx_word' id='word_1_433' title='bbox 1666 4456 1746 4518; x_wconf 84' lang='grc' dir='ltr'>εἰς</span> <span class='ocrx_word' id='word_1_434' title='bbox 1777 4455 1876 4519; x_wconf 83' lang='grc' dir='ltr'>τὰς</span> 
     </span>
    </p>
   </div>
   <div class='ocr_carea' id='block_1_73' title="bbox 1979 3335 3567 3409">
    <p class='ocr_par' dir='ltr' id='par_1_73' title="bbox 1979 3335 3567 3409">
     <span class='ocr_line' id='line_1_73' title="bbox 1979 3335 3567 3409; baseline 0.002 -18"><span class='ocrx_word' id='word_1_435' title='bbox 1979 3351 2166 3406; x_wconf 85' lang='lat' dir='ltr'><strong>opera,</strong></span> <span class='ocrx_word' id='word_1_436' title='bbox 2209 3351 2309 3390; x_wconf 89' lang='lat' dir='ltr'><strong>nec</strong></span> <span class='ocrx_word' id='word_1_437' title='bbox 2360 3335 2518 3390; x_wconf 79' lang='lat' dir='ltr'><strong>novis</strong></span> <span class='ocrx_word' id='word_1_438' title='bbox 2559 3343 2611 3390; x_wconf 90' lang='lat' dir='ltr'><strong>te</strong></span> <span class='ocrx_word' id='word_1_439' title='bbox 2651 3335 2927 3400; x_wconf 87' lang='lat' dir='ltr'><strong>sordibus,</strong></span> <span class='ocrx_word' id='word_1_440' title='bbox 2959 3337 3011 3391; x_wconf 93' lang='lat' dir='ltr'><strong>id</strong></span> <span class='ocrx_word' id='word_1_441' title='bbox 3048 3345 3132 3392; x_wconf 90' lang='lat' dir='ltr'><strong>est</strong></span> <span class='ocrx_word' id='word_1_442' title='bbox 3163 3341 3422 3409; x_wconf 86' lang='lat' dir='ltr'><strong>peccatis,</strong></span> <span class='ocrx_word' id='word_1_443' title='bbox 3466 3341 3567 3395; x_wconf 91' lang='lat' dir='ltr'><strong>im-</strong></span> 
     </span>
    </p>
   </div>
   <div class='ocr_carea' id='block_1_74' title="bbox 1981 3427 3565 3500">
    <p class='ocr_par' dir='ltr' id='par_1_74' title="bbox 1981 3427 3565 3500">
     <span class='ocr_line' id='line_1_74' title="bbox 1981 3427 3565 3500; baseline 0.003 -20"><span class='ocrx_word' id='word_1_444' title='bbox 1981 3428 2170 3498; x_wconf 87' lang='lat' dir='ltr'><strong>plices,</strong></span> <span class='ocrx_word' id='word_1_445' title='bbox 2202 3427 2296 3482; x_wconf 90' lang='lat' dir='ltr'><strong>scd</strong></span> <span class='ocrx_word' id='word_1_446' title='bbox 2327 3427 2489 3482; x_wconf 83' lang='lat' dir='ltr'><strong>unico</strong></span> <span class='ocrx_word' id='word_1_447' title='bbox 2519 3427 2777 3500; x_wconf 86' lang='lat' dir='ltr'><strong>conjugio</strong></span> <span class='ocrx_word' id='word_1_448' title='bbox 2822 3441 3112 3488; x_wconf 84' lang='lat' dir='ltr'><strong>contentus</strong></span> <span class='ocrx_word' id='word_1_449' title='bbox 3143 3441 3281 3499; x_wconf 83' lang='lat' dir='ltr'><strong>esto,</strong></span> <span class='ocrx_word' id='word_1_450' title='bbox 3315 3433 3565 3488; x_wconf 75' lang='lat' dir='ltr'><strong>videlicet</strong></span> 
     </span>
    </p>
   </div>
   <div class='ocr_carea' id='block_1_75' title="bbox 1982 3515 3566 3589">
    <p class='ocr_par' dir='ltr' id='par_1_75' title="bbox 1982 3515 3566 3589">
     <span class='ocr_line' id='line_1_75' title="bbox 1982 3515 3566 3589; baseline 0.004 -15"><span class='ocrx_word' id='word_1_451' title='bbox 1982 3523 2124 3574; x_wconf 88' lang='lat' dir='ltr'><strong>intra</strong></span> <span class='ocrx_word' id='word_1_452' title='bbox 2153 3515 2357 3589; x_wconf 86' lang='lat' dir='ltr'><strong>proprii</strong></span> <span class='ocrx_word' id='word_1_453' title='bbox 2389 3517 2492 3571; x_wconf 93' lang='lat' dir='ltr'><strong>tori</strong></span> <span class='ocrx_word' id='word_1_454' title='bbox 2525 3517 2727 3572; x_wconf 85' lang='lat' dir='ltr'><strong>limites</strong></span> <span class='ocrx_word' id='word_1_455' title='bbox 2760 3527 2812 3574; x_wconf 86' lang='lat' dir='ltr'><strong>te</strong></span> <span class='ocrx_word' id='word_1_456' title='bbox 2845 3523 3087 3589; x_wconf 90' lang='lat' dir='ltr'><strong>contine,</strong></span> <span class='ocrx_word' id='word_1_457' title='bbox 3125 3533 3184 3578; x_wconf 91' lang='lat' dir='ltr'><strong>ut</strong></span> <span class='ocrx_word' id='word_1_458' title='bbox 3221 3525 3276 3578; x_wconf 91' lang='lat' dir='ltr'><strong>in</strong></span> <span class='ocrx_word' id='word_1_459' title='bbox 3323 3525 3566 3580; x_wconf 85' lang='lat' dir='ltr'><strong>secundo</strong></span> 
     </span>
    </p>
   </div>
   <div class='ocr_carea' id='block_1_76' title="bbox 1981 3607 2890 3667">
    <p class='ocr_par' dir='ltr' id='par_1_76' title="bbox 1981 3607 2890 3667">
     <span class='ocr_line' id='line_1_76' title="bbox 1981 3607 2890 3667; baseline 0.001 -3"><span class='ocrx_word' id='word_1_460' title='bbox 1981 3611 2215 3665; x_wconf 84' lang='lat' dir='ltr'><strong>adventu</strong></span> <span class='ocrx_word' id='word_1_461' title='bbox 2244 3607 2582 3663; x_wconf 90' lang='lat' dir='ltr'><strong>mansionem</strong></span> <span class='ocrx_word' id='word_1_462' title='bbox 2623 3608 2890 3667; x_wconf 88' lang='lat' dir='ltr'><strong>invenias.</strong></span> 
     </span>
    </p>
   </div>
   <div class='ocr_carea' id='block_1_77' title="bbox 2635 3725 2909 3782">
    <p class='ocr_par' dir='ltr' id='par_1_77' title="bbox 2635 3725 2909 3782">
     <span class='ocr_line' id='line_1_77' title="bbox 2635 3725 2909 3782; baseline 0 -3"><span class='ocrx_word' id='word_1_463' title='bbox 2635 3725 2785 3782; x_wconf 82' lang='lat' dir='ltr'><strong>CAP.</strong></span> <span class='ocrx_word' id='word_1_464' title='bbox 2820 3725 2909 3780; x_wconf 77' lang='grc' dir='ltr'><strong>ΧρΙ.</strong></span> 
     </span>
    </p>
   </div>
   <div class='ocr_carea' id='block_1_78' title="bbox 2598 3822 2952 3892">
    <p class='ocr_par' dir='ltr' id='par_1_78' title="bbox 2598 3822 2952 3892">
     <span class='ocr_line' id='line_1_78' title="bbox 2598 3822 2952 3892; baseline -0.006 -16"><span class='ocrx_word' id='word_1_465' title='bbox 2598 3823 2675 3878; x_wconf 82' lang='lat' dir='ltr'><strong>De</strong></span> <span class='ocrx_word' id='word_1_466' title='bbox 2701 3822 2952 3892; x_wconf 69' lang='lat' dir='ltr'><strong>phoenice.</strong></span> 
     </span>
    </p>
   </div>
   <div class='ocr_carea' id='block_1_79' title="bbox 2050 3908 3567 3985">
    <p class='ocr_par' dir='ltr' id='par_1_79' title="bbox 2050 3908 3567 3985">
     <span class='ocr_line' id='line_1_79' title="bbox 2050 3908 3567 3985; baseline 0.007 -24"><span class='ocrx_word' id='word_1_467' title='bbox 2050 3908 2277 3970; x_wconf 55' lang='lat' dir='ltr'><strong>Phanis</strong></span> <span class='ocrx_word' id='word_1_468' title='bbox 2304 3916 2420 3969; x_wconf 88' lang='lat' dir='ltr'><strong>avis</strong></span> <span class='ocrx_word' id='word_1_469' title='bbox 2443 3931 2652 3985; x_wconf 89' lang='lat' dir='ltr'><strong>pavone</strong></span> <span class='ocrx_word' id='word_1_470' title='bbox 2682 3917 2965 3985; x_wconf 89' lang='lat' dir='ltr'><strong>pulchrior</strong></span> <span class='ocrx_word' id='word_1_471' title='bbox 2989 3925 3092 3972; x_wconf 88' lang='lat' dir='ltr'><strong>est.</strong></span> <span class='ocrx_word' id='word_1_472' title='bbox 3125 3917 3270 3972; x_wconf 85' lang='lat' dir='ltr'><strong>Pavo</strong></span> <span class='ocrx_word' id='word_1_473' title='bbox 3290 3919 3435 3973; x_wconf 86' lang='lat' dir='ltr'><strong>enim</strong></span> <span class='ocrx_word' id='word_1_474' title='bbox 3469 3931 3567 3972; x_wconf 66' lang='lat' dir='ltr'><strong>auo</strong></span> 
     </span>
    </p>
   </div>
   <div class='ocr_carea' id='block_1_80' title="bbox 1981 4007 3564 4079">
    <p class='ocr_par' dir='ltr' id='par_1_80' title="bbox 1981 4007 3564 4079">
     <span class='ocr_line' id='line_1_80' title="bbox 1981 4007 3564 4079; baseline 0.006 -27"><span class='ocrx_word' id='word_1_475' title='bbox 1981 4014 2101 4054; x_wconf 85' lang='lat' dir='ltr'><strong>reas</strong></span> <span class='ocrx_word' id='word_1_476' title='bbox 2130 4012 2520 4075; x_wconf 67' lang='lat' dir='ltr'><strong>argenteasque</strong></span> <span class='ocrx_word' id='word_1_477' title='bbox 2545 4007 2707 4064; x_wconf 84' lang='lat' dir='ltr'><strong>habet</strong></span> <span class='ocrx_word' id='word_1_478' title='bbox 2727 4010 2882 4073; x_wconf 89' lang='lat' dir='ltr'><strong>alas;</strong></span> <span class='ocrx_word' id='word_1_479' title='bbox 2918 4009 3140 4078; x_wconf 80' lang='lat' dir='ltr'><strong>phoenix</strong></span> <span class='ocrx_word' id='word_1_480' title='bbox 3163 4024 3293 4063; x_wconf 90' lang='lat' dir='ltr'><strong>vero</strong></span> <span class='ocrx_word' id='word_1_481' title='bbox 3333 4010 3564 4079; x_wconf 69' lang='lat' dir='ltr'><strong>hyaciu~</strong></span> 
     </span>
    </p>
   </div>
   <div class='ocr_carea' id='block_1_81' title="bbox 1981 4090 3566 4169">
    <p class='ocr_par' dir='ltr' id='par_1_81' title="bbox 1981 4090 3566 4169">
     <span class='ocr_line' id='line_1_81' title="bbox 1981 4090 3566 4169; baseline 0.007 -25"><span class='ocrx_word' id='word_1_482' title='bbox 1981 4090 2157 4148; x_wconf 74' lang='lat' dir='ltr'><strong>tliinas</strong></span> <span class='ocrx_word' id='word_1_483' title='bbox 2177 4100 2230 4148; x_wconf 89' lang='lat' dir='ltr'><strong>et</strong></span> <span class='ocrx_word' id='word_1_484' title='bbox 2251 4098 2645 4166; x_wconf 77' lang='lat' dir='ltr'><strong>smaragdinas.</strong></span> <span class='ocrx_word' id='word_1_485' title='bbox 2668 4101 3143 4168; x_wconf 84' lang='lat' dir='ltr'><strong>pretiosorumque</strong></span> <span class='ocrx_word' id='word_1_486' title='bbox 3162 4101 3400 4169; x_wconf 88' lang='lat' dir='ltr'><strong>lapidum</strong></span> <span class='ocrx_word' id='word_1_487' title='bbox 3419 4101 3566 4156; x_wconf 83' lang='lat' dir='ltr'><strong>colo-</strong></span> 
     </span>
    </p>
   </div>
   <div class='ocr_carea' id='block_1_82' title="bbox 1982 4182 3562 4262">
    <p class='ocr_par' dir='ltr' id='par_1_82' title="bbox 1982 4182 3562 4262">
     <span class='ocr_line' id='line_1_82' title="bbox 1982 4182 3562 4262; baseline 0.008 -27"><span class='ocrx_word' id='word_1_488' title='bbox 1982 4182 2132 4239; x_wconf 90' lang='lat' dir='ltr'><strong>ribus</strong></span> <span class='ocrx_word' id='word_1_489' title='bbox 2156 4185 2466 4251; x_wconf 88' lang='lat' dir='ltr'><strong>distinctas,</strong></span> <span class='ocrx_word' id='word_1_490' title='bbox 2519 4204 2776 4243; x_wconf 87' lang='lat' dir='ltr'><strong>coronam</strong></span> <span class='ocrx_word' id='word_1_491' title='bbox 2805 4201 2982 4245; x_wconf 89' lang='lat' dir='ltr'><strong>autem</strong></span> <span class='ocrx_word' id='word_1_492' title='bbox 3009 4191 3170 4246; x_wconf 89' lang='lat' dir='ltr'><strong>habet</strong></span> <span class='ocrx_word' id='word_1_493' title='bbox 3201 4192 3252 4244; x_wconf 90' lang='lat' dir='ltr'><strong>in</strong></span> <span class='ocrx_word' id='word_1_494' title='bbox 3275 4194 3473 4262; x_wconf 89' lang='lat' dir='ltr'><strong>capite,</strong></span> <span class='ocrx_word' id='word_1_495' title='bbox 3508 4203 3562 4248; x_wconf 90' lang='lat' dir='ltr'><strong>et</strong></span> 
     </span>
    </p>
   </div>
   <div class='ocr_carea' id='block_1_83' title="bbox 1984 4273 3566 4352">
    <p class='ocr_par' dir='ltr' id='par_1_83' title="bbox 1984 4273 3566 4352">
     <span class='ocr_line' id='line_1_83' title="bbox 1984 4273 3566 4352; baseline 0.008 -26"><span class='ocrx_word' id='word_1_496' title='bbox 1984 4273 2036 4327; x_wconf 93' lang='lat' dir='ltr'><strong>in</strong></span> <span class='ocrx_word' id='word_1_497' title='bbox 2065 4275 2295 4344; x_wconf 86' lang='lat' dir='ltr'><strong>pedibus</strong></span> <span class='ocrx_word' id='word_1_498' title='bbox 2321 4278 2620 4334; x_wconf 88' lang='lat' dir='ltr'><strong>malleolos.</strong></span> <span class='ocrx_word' id='word_1_499' title='bbox 2650 4279 2825 4350; x_wconf 87' lang='lat' dir='ltr'><strong>Prope</strong></span> <span class='ocrx_word' id='word_1_500' title='bbox 2859 4281 3066 4335; x_wconf 84' lang='lat' dir='ltr'><strong>Indiam</strong></span> <span class='ocrx_word' id='word_1_501' title='bbox 3099 4281 3280 4352; x_wconf 73' lang='lat' dir='ltr'><strong>degit;</strong></span> <span class='ocrx_word' id='word_1_502' title='bbox 3317 4285 3448 4338; x_wconf 72' lang='lat' dir='ltr'><strong>vivit</strong></span> <span class='ocrx_word' id='word_1_503' title='bbox 3469 4300 3566 4339; x_wconf 85' lang='lat' dir='ltr'><strong>au-</strong></span> 
     </span>
    </p>
   </div>
   <div class='ocr_carea' id='block_1_84' title="bbox 1985 4369 3566 4447">
    <p class='ocr_par' dir='ltr' id='par_1_84' title="bbox 1985 4369 3566 4447">
     <span class='ocr_line' id='line_1_84' title="bbox 1985 4369 3566 4447; baseline 0.009 -31"><span class='ocrx_word' id='word_1_504' title='bbox 1985 4370 2089 4418; x_wconf 90' lang='lat' dir='ltr'><strong>tem</strong></span> <span class='ocrx_word' id='word_1_505' title='bbox 2128 4379 2302 4422; x_wconf 87' lang='lat' dir='ltr'><strong>annos</strong></span> <span class='ocrx_word' id='word_1_506' title='bbox 2335 4369 2681 4440; x_wconf 77' lang='lat' dir='ltr'><strong>quingentos,</strong></span> <span class='ocrx_word' id='word_1_507' title='bbox 2713 4379 2768 4428; x_wconf 89' lang='lat' dir='ltr'><strong>et</strong></span> <span class='ocrx_word' id='word_1_508' title='bbox 2812 4372 2869 4428; x_wconf 87' lang='lat' dir='ltr'><strong>in</strong></span> <span class='ocrx_word' id='word_1_509' title='bbox 2910 4372 3087 4430; x_wconf 89' lang='lat' dir='ltr'><strong>eedris</strong></span> <span class='ocrx_word' id='word_1_510' title='bbox 3132 4374 3322 4429; x_wconf 89' lang='lat' dir='ltr'><strong>Libani</strong></span> <span class='ocrx_word' id='word_1_511' title='bbox 3357 4375 3566 4447; x_wconf 86' lang='lat' dir='ltr'><strong>absque</strong></span> 
     </span>
    </p>
   </div>
   <div class='ocr_carea' id='block_1_85' title="bbox 1983 4455 3566 4537">
    <p class='ocr_par' dir='ltr' id='par_1_85' title="bbox 1983 4455 3566 4537">
     <span class='ocr_line' id='line_1_85' title="bbox 1983 4455 3566 4537; baseline 0.008 -28"><span class='ocrx_word' id='word_1_512' title='bbox 1983 4455 2107 4511; x_wconf 88' lang='lat' dir='ltr'><strong>cibo</strong></span> <span class='ocrx_word' id='word_1_513' title='bbox 2129 4466 2184 4512; x_wconf 84' lang='lat' dir='ltr'><strong>et</strong></span> <span class='ocrx_word' id='word_1_514' title='bbox 2210 4467 2363 4530; x_wconf 88' lang='lat' dir='ltr'><strong>potu,</strong></span> <span class='ocrx_word' id='word_1_515' title='bbox 2395 4469 2556 4516; x_wconf 88' lang='lat' dir='ltr'><strong>vento</strong></span> <span class='ocrx_word' id='word_1_516' title='bbox 2579 4463 2843 4532; x_wconf 86' lang='lat' dir='ltr'><strong>pascitur,</strong></span> <span class='ocrx_word' id='word_1_517' title='bbox 2875 4473 2930 4520; x_wconf 89' lang='lat' dir='ltr'><strong>at</strong></span> <span class='ocrx_word' id='word_1_518' title='bbox 2961 4474 3086 4536; x_wconf 86' lang='lat' dir='ltr'><strong>post</strong></span> <span class='ocrx_word' id='word_1_519' title='bbox 3117 4467 3445 4537; x_wconf 79' lang='lat' dir='ltr'><strong>quingentos</strong></span> <span class='ocrx_word' id='word_1_520' title='bbox 3475 4482 3566 4522; x_wconf 85' lang='lat' dir='ltr'><strong>an-</strong></span> 
     </span>
    </p>
   </div>
   <div class='ocr_carea' id='block_1_86' title="bbox 296 4542 1879 4629">
    <p class='ocr_par' dir='ltr' id='par_1_86' title="bbox 296 4542 1876 4615">
     <span class='ocr_line' id='line_1_86' title="bbox 296 4542 1876 4615; baseline -0.001 -17"><span class='ocrx_word' id='word_1_521' title='bbox 296 4545 526 4614; x_wconf 86' lang='grc' dir='ltr'>κέδρους</span> <span class='ocrx_word' id='word_1_522' title='bbox 552 4547 647 4600; x_wconf 81' lang='grc' dir='ltr'>τοῦ</span> <span class='ocrx_word' id='word_1_523' title='bbox 678 4547 909 4601; x_wconf 76' lang='grc' dir='ltr'>Λιϐάνου</span> <span class='ocrx_word' id='word_1_524' title='bbox 939 4545 1184 4615; x_wconf 80' lang='grc' dir='ltr'>ἄϐρωτος</span> <span class='ocrx_word' id='word_1_525' title='bbox 1222 4544 1312 4597; x_wconf 67' lang='grc' dir='ltr'>καὶ</span> <span class='ocrx_word' id='word_1_526' title='bbox 1345 4542 1566 4609; x_wconf 83' lang='grc' dir='ltr'>ἄποτος,</span> <span class='ocrx_word' id='word_1_527' title='bbox 1616 4544 1876 4615; x_wconf 80' lang='grc' dir='ltr'>τρέφεται</span> 
     </span>
    </p>
   </div>
   <div class='ocr_carea' id='block_1_87' title="bbox 1996 4542 3567 4629">
    <p class='ocr_par' dir='ltr' id='par_1_87' title="bbox 1997 4546 3567 4629">
     <span class='ocr_line' id='line_1_87' title="bbox 1997 4546 3567 4629; baseline 0.008 -31"><span class='ocrx_word' id='word_1_528' title='bbox 1997 4561 2081 4602; x_wconf 78' lang='grc' dir='ltr'><strong>ιοε</strong></span> <span class='ocrx_word' id='word_1_529' title='bbox 2130 4546 2245 4604; x_wconf 85' lang='lat' dir='ltr'><strong>alas</strong></span> <span class='ocrx_word' id='word_1_530' title='bbox 2301 4551 2636 4608; x_wconf 87' lang='lat' dir='ltr'><strong>aromatibus</strong></span> <span class='ocrx_word' id='word_1_531' title='bbox 2680 4553 2891 4624; x_wconf 88' lang='lat' dir='ltr'><strong>implet,</strong></span> <span class='ocrx_word' id='word_1_532' title='bbox 2943 4566 2996 4611; x_wconf 86' lang='lat' dir='ltr'><strong>et</strong></span> <span class='ocrx_word' id='word_1_533' title='bbox 3049 4571 3174 4611; x_wconf 90' lang='lat' dir='ltr'><strong>cum</strong></span> <span class='ocrx_word' id='word_1_534' title='bbox 3223 4555 3567 4629; x_wconf 81' lang='lat' dir='ltr'><strong>lleliopoleos</strong></span> 
     </span>
    </p>
   </div>
   <div class='ocr_carea' id='block_1_88' title="bbox 293 4633 1876 4707">
    <p class='ocr_par' dir='ltr' id='par_1_88' title="bbox 293 4633 1876 4707">
     <span class='ocr_line' id='line_1_88' title="bbox 293 4633 1876 4707; baseline -0.002 -18"><span class='ocrx_word' id='word_1_535' title='bbox 293 4635 356 4689; x_wconf 78' lang='grc' dir='ltr'>δὲ</span> <span class='ocrx_word' id='word_1_536' title='bbox 387 4636 452 4687; x_wconf 75' lang='grc' dir='ltr'><strong>ἐκ</strong></span> <span class='ocrx_word' id='word_1_537' title='bbox 480 4635 807 4707; x_wconf 83' lang='grc' dir='ltr'>πνεύματος.</span> <span class='ocrx_word' id='word_1_538' title='bbox 845 4635 954 4688; x_wconf 81' lang='grc' dir='ltr'><strong>Καὶ</strong></span> <span class='ocrx_word' id='word_1_539' title='bbox 987 4634 1127 4704; x_wconf 78' lang='grc' dir='ltr'>μετὰ</span> <span class='ocrx_word' id='word_1_540' title='bbox 1152 4633 1219 4688; x_wconf 81' lang='grc' dir='ltr'>τὰ</span> <span class='ocrx_word' id='word_1_541' title='bbox 1250 4633 1583 4688; x_wconf 82' lang='grc' dir='ltr'>πεντακόσια</span> <span class='ocrx_word' id='word_1_542' title='bbox 1627 4634 1723 4706; x_wconf 82' lang='grc' dir='ltr'>ἔτη</span> <span class='ocrx_word' id='word_1_543' title='bbox 1747 4635 1876 4687; x_wconf 84' lang='grc' dir='ltr'>ἁνα-</span> 
     </span>
    </p>
   </div>
   <div class='ocr_carea' id='block_1_89' title="bbox 297 4724 1876 4797">
    <p class='ocr_par' dir='ltr' id='par_1_89' title="bbox 297 4724 1876 4797">
     <span class='ocr_line' id='line_1_89' title="bbox 297 4724 1876 4797; baseline 0.001 -20"><span class='ocrx_word' id='word_1_544' title='bbox 297 4724 513 4797; x_wconf 83' lang='grc' dir='ltr'>μέστας</span> <span class='ocrx_word' id='word_1_545' title='bbox 574 4727 792 4797; x_wconf 83' lang='grc' dir='ltr'>ἐμποιεῖ</span> <span class='ocrx_word' id='word_1_546' title='bbox 843 4725 939 4789; x_wconf 84' lang='grc' dir='ltr'><strong>τὰς</strong></span> <span class='ocrx_word' id='word_1_547' title='bbox 989 4724 1269 4794; x_wconf 83' lang='grc' dir='ltr'>πτέρυγας</span> <span class='ocrx_word' id='word_1_548' title='bbox 1319 4724 1488 4796; x_wconf 84' lang='grc' dir='ltr'>αὐτῆς</span> <span class='ocrx_word' id='word_1_549' title='bbox 1547 4725 1876 4795; x_wconf 80' lang='grc' dir='ltr'>ἀρωμάτων,</span> 
     </span>
    </p>
   </div>
   <div class='ocr_carea' id='block_1_90' title="bbox 295 4814 1878 4889">
    <p class='ocr_par' dir='ltr' id='par_1_90' title="bbox 295 4814 1878 4889">
     <span class='ocr_line' id='line_1_90' title="bbox 295 4814 1878 4889; baseline 0 -20"><span class='ocrx_word' id='word_1_550' title='bbox 295 4815 398 4869; x_wconf 71' lang='grc' dir='ltr'>καὶ</span> <span class='ocrx_word' id='word_1_551' title='bbox 443 4816 572 4869; x_wconf 81' lang='grc' dir='ltr'>ὅταν</span> <span class='ocrx_word' id='word_1_552' title='bbox 606 4816 826 4889; x_wconf 82' lang='grc' dir='ltr'>σημάνῃ</span> <span class='ocrx_word' id='word_1_553' title='bbox 857 4817 886 4869; x_wconf 85' lang='grc' dir='ltr'><strong>ὁ</strong></span> <span class='ocrx_word' id='word_1_554' title='bbox 924 4815 1102 4887; x_wconf 80' lang='grc' dir='ltr'>ἱερεὺς</span> <span class='ocrx_word' id='word_1_555' title='bbox 1134 4814 1234 4884; x_wconf 81' lang='grc' dir='ltr'><strong>τῆς</strong></span> <span class='ocrx_word' id='word_1_556' title='bbox 1278 4814 1688 4880; x_wconf 79' lang='grc' dir='ltr'>Ἡλιουπόλεως,</span> <span class='ocrx_word' id='word_1_557' title='bbox 1733 4816 1878 4885; x_wconf 79' lang='grc' dir='ltr'>ἐγεί-</span> 
     </span>
    </p>
   </div>
   <div class='ocr_carea' id='block_1_91' title="bbox 295 4905 1880 4978">
    <p class='ocr_par' dir='ltr' id='par_1_91' title="bbox 295 4905 1880 4978">
     <span class='ocr_line' id='line_1_91' title="bbox 295 4905 1880 4978; baseline 0.001 -20"><span class='ocrx_word' id='word_1_558' title='bbox 295 4922 457 4978; x_wconf 86' lang='grc' dir='ltr'>ρεται</span> <span class='ocrx_word' id='word_1_559' title='bbox 492 4908 554 4959; x_wconf 85' lang='grc' dir='ltr'>ὲκ</span> <span class='ocrx_word' id='word_1_560' title='bbox 586 4906 678 4959; x_wconf 82' lang='grc' dir='ltr'><strong>τοῦ</strong></span> <span class='ocrx_word' id='word_1_561' title='bbox 720 4905 845 4958; x_wconf 72' lang='grc' dir='ltr'>ἰδίου</span> <span class='ocrx_word' id='word_1_562' title='bbox 875 4905 1066 4970; x_wconf 82' lang='grc' dir='ltr'>τύπου,</span> <span class='ocrx_word' id='word_1_563' title='bbox 1119 4905 1212 4958; x_wconf 76' lang='grc' dir='ltr'><strong>καὶ</strong></span> <span class='ocrx_word' id='word_1_564' title='bbox 1271 4905 1560 4975; x_wconf 75' lang='grc' dir='ltr'>πορεύεται</span> <span class='ocrx_word' id='word_1_565' title='bbox 1616 4907 1752 4976; x_wconf 81' lang='grc' dir='ltr'>πρὸς</span> <span class='ocrx_word' id='word_1_566' title='bbox 1788 4906 1880 4960; x_wconf 83' lang='grc' dir='ltr'>τὸν</span> 
     </span>
    </p>
   </div>
   <div class='ocr_carea' id='block_1_92' title="bbox 295 4997 1881 5070">
    <p class='ocr_par' dir='ltr' id='par_1_92' title="bbox 295 4997 1881 5070">
     <span class='ocr_line' id='line_1_92' title="bbox 295 4997 1881 5070; baseline 0.001 -20"><span class='ocrx_word' id='word_1_567' title='bbox 295 4997 478 5069; x_wconf 76' lang='grc' dir='ltr'>ἱερέα,</span> <span class='ocrx_word' id='word_1_568' title='bbox 517 4999 608 5052; x_wconf 78' lang='grc' dir='ltr'>καὶ</span> <span class='ocrx_word' id='word_1_569' title='bbox 645 4997 1000 5070; x_wconf 83' lang='grc' dir='ltr'>εἰσερχομένη</span> <span class='ocrx_word' id='word_1_570' title='bbox 1055 5000 1135 5062; x_wconf 79' lang='grc' dir='ltr'>εἰς</span> <span class='ocrx_word' id='word_1_571' title='bbox 1166 4998 1256 5051; x_wconf 79' lang='grc' dir='ltr'>τὸν</span> <span class='ocrx_word' id='word_1_572' title='bbox 1304 4997 1428 5051; x_wconf 81' lang='grc' dir='ltr'>ναὸν</span> <span class='ocrx_word' id='word_1_573' title='bbox 1484 4999 1622 5068; x_wconf 83' lang='grc' dir='ltr'>μετὰ</span> <span class='ocrx_word' id='word_1_574' title='bbox 1666 4998 1761 5052; x_wconf 77' lang='grc' dir='ltr'>τοῦ</span> <span class='ocrx_word' id='word_1_575' title='bbox 1806 5000 1881 5052; x_wconf 82' lang='grc' dir='ltr'><strong>εε-</strong></span> 
     </span>
    </p>
   </div>
   <div class='ocr_carea' id='block_1_93' title="bbox 297 5089 1880 5163">
    <p class='ocr_par' dir='ltr' id='par_1_93' title="bbox 297 5089 1880 5163">
     <span class='ocr_line' id='line_1_93' title="bbox 297 5089 1880 5163; baseline 0 -19"><span class='ocrx_word' id='word_1_576' title='bbox 297 5089 464 5163; x_wconf 80' lang='grc' dir='ltr'>ρέως,</span> <span class='ocrx_word' id='word_1_577' title='bbox 523 5090 603 5153; x_wconf 82' lang='grc' dir='ltr'><strong>είς</strong></span> <span class='ocrx_word' id='word_1_578' title='bbox 654 5091 716 5144; x_wconf 75' lang='grc' dir='ltr'><strong>τὸ</strong></span> <span class='ocrx_word' id='word_1_579' title='bbox 766 5091 919 5158; x_wconf 75' lang='grc' dir='ltr'>ἅγιον</span> <span class='ocrx_word' id='word_1_580' title='bbox 965 5090 1382 5160; x_wconf 84' lang='grc' dir='ltr'>θυσιαστήριον,</span> <span class='ocrx_word' id='word_1_581' title='bbox 1438 5091 1533 5143; x_wconf 75' lang='grc' dir='ltr'>καὶ</span> <span class='ocrx_word' id='word_1_582' title='bbox 1588 5091 1764 5144; x_wconf 88' lang='grc' dir='ltr'>πάντα</span> <span class='ocrx_word' id='word_1_583' title='bbox 1811 5091 1880 5144; x_wconf 83' lang='grc' dir='ltr'>τὰ</span> 
     </span>
    </p>
   </div>
   <div class='ocr_carea' id='block_1_94' title="bbox 305 5181 3157 5270">
    <p class='ocr_par' dir='ltr' id='par_1_94' title="bbox 305 5181 3157 5270">
     <span class='ocr_line' id='line_1_94' title="bbox 305 5181 3157 5270; baseline 0.007 -36"><span class='ocrx_word' id='word_1_584' title='bbox 305 5182 443 5254; x_wconf 80' lang='grc' dir='ltr'>μέλη</span> <span class='ocrx_word' id='word_1_585' title='bbox 484 5184 653 5254; x_wconf 80' lang='grc' dir='ltr'>αὐτῆς</span> <span class='ocrx_word' id='word_1_586' title='bbox 693 5183 882 5247; x_wconf 81' lang='grc' dir='ltr'>σποδὸς</span> <span class='ocrx_word' id='word_1_587' title='bbox 930 5183 1156 5252; x_wconf 86' lang='grc' dir='ltr'>γίνεται.</span> <span class='ocrx_word' id='word_1_588' title='bbox 1195 5183 1276 5254; x_wconf 79' lang='grc' dir='ltr'><strong>Τῇ</strong></span> <span class='ocrx_word' id='word_1_589' title='bbox 1344 5181 1403 5235; x_wconf 85' lang='grc' dir='ltr'>δὲ</span> <span class='ocrx_word' id='word_1_590' title='bbox 1444 5181 1673 5252; x_wconf 78' lang='grc' dir='ltr'>ἐπιούσῃ</span> <span class='ocrx_word' id='word_1_591' title='bbox 1717 5183 1898 5254; x_wconf 73' lang='grc' dir='ltr'>ἡμέρᾳ</span> <span class='ocrx_word' id='word_1_592' title='bbox 1933 5187 2178 5257; x_wconf 83' lang='grc' dir='ltr'>εὑρίσκει</span> <span class='ocrx_word' id='word_1_593' title='bbox 2226 5192 2398 5264; x_wconf 77' lang='grc' dir='ltr'>αὑτὴν</span> <span class='ocrx_word' id='word_1_594' title='bbox 2469 5193 3096 5270; x_wconf 80' lang='grc' dir='ltr'>πτερυγουμένηνοὺσαν</span> <span class='ocrx_word' id='word_1_595' title='bbox 3145 5217 3157 5230; x_wconf 88' lang='grc'><strong>·</strong></span> 
     </span>
    </p>
   </div>
   <div class='ocr_carea' id='block_1_95' title="bbox 1983 4638 3566 4718">
    <p class='ocr_par' dir='ltr' id='par_1_95' title="bbox 1983 4638 3566 4718">
     <span class='ocr_line' id='line_1_95' title="bbox 1983 4638 3566 4718; baseline 0.007 -29"><span class='ocrx_word' id='word_1_596' title='bbox 1983 4638 2239 4694; x_wconf 83' lang='lat' dir='ltr'><strong>sacerdos</strong></span> <span class='ocrx_word' id='word_1_597' title='bbox 2296 4641 2563 4697; x_wconf 84' lang='lat' dir='ltr'><strong>sacriﬁcia</strong></span> <span class='ocrx_word' id='word_1_598' title='bbox 2612 4643 2875 4710; x_wconf 84' lang='lat' dir='ltr'><strong>inchoat,</strong></span> <span class='ocrx_word' id='word_1_599' title='bbox 2924 4661 2954 4700; x_wconf 87' lang='grc' dir='ltr'><strong>ο</strong></span> <span class='ocrx_word' id='word_1_600' title='bbox 3013 4646 3234 4717; x_wconf 81' lang='lat' dir='ltr'><strong>prOprio</strong></span> <span class='ocrx_word' id='word_1_601' title='bbox 3291 4648 3566 4718; x_wconf 84' lang='lat' dir='ltr'><strong>egreditur</strong></span> 
     </span>
    </p>
   </div>
   <div class='ocr_carea' id='block_1_96' title="bbox 1983 4727 3565 4807">
    <p class='ocr_par' dir='ltr' id='par_1_96' title="bbox 1983 4727 3565 4807">
     <span class='ocr_line' id='line_1_96' title="bbox 1983 4727 3565 4807; baseline 0.008 -27"><span class='ocrx_word' id='word_1_602' title='bbox 1983 4727 2134 4794; x_wconf 91' lang='lat' dir='ltr'><strong>nido,</strong></span> <span class='ocrx_word' id='word_1_603' title='bbox 2167 4729 2236 4784; x_wconf 90' lang='lat' dir='ltr'><strong>ad</strong></span> <span class='ocrx_word' id='word_1_604' title='bbox 2285 4733 2625 4788; x_wconf 73' lang='lat' dir='ltr'><strong>sacerdotem</strong></span> <span class='ocrx_word' id='word_1_605' title='bbox 2669 4737 2862 4807; x_wconf 79' lang='lat' dir='ltr'><strong>pergit,</strong></span> <span class='ocrx_word' id='word_1_606' title='bbox 2915 4753 3131 4807; x_wconf 85' lang='lat' dir='ltr'><strong>unaque</strong></span> <span class='ocrx_word' id='word_1_607' title='bbox 3171 4739 3428 4807; x_wconf 92' lang='lat' dir='ltr'><strong>templum</strong></span> <span class='ocrx_word' id='word_1_608' title='bbox 3483 4739 3565 4792; x_wconf 89' lang='lat' dir='ltr'><strong>in-</strong></span> 
     </span>
    </p>
   </div>
   <div class='ocr_carea' id='block_1_97' title="bbox 1982 4821 3561 4895">
    <p class='ocr_par' dir='ltr' id='par_1_97' title="bbox 1982 4821 3561 4895">
     <span class='ocr_line' id='line_1_97' title="bbox 1982 4821 3561 4895; baseline 0.006 -20"><span class='ocrx_word' id='word_1_609' title='bbox 1982 4821 2229 4891; x_wconf 80' lang='lat' dir='ltr'><strong>greditur</strong></span> <span class='ocrx_word' id='word_1_610' title='bbox 2260 4841 2436 4895; x_wconf 89' lang='lat' dir='ltr'><strong>usque</strong></span> <span class='ocrx_word' id='word_1_611' title='bbox 2494 4828 2560 4882; x_wconf 76' lang='lat' dir='ltr'><strong>ad</strong></span> <span class='ocrx_word' id='word_1_612' title='bbox 2609 4831 2937 4892; x_wconf 87' lang='lat' dir='ltr'><strong>sacrarium,</strong></span> <span class='ocrx_word' id='word_1_613' title='bbox 2972 4837 3027 4884; x_wconf 87' lang='lat' dir='ltr'><strong>et</strong></span> <span class='ocrx_word' id='word_1_614' title='bbox 3075 4831 3128 4884; x_wconf 94' lang='lat' dir='ltr'><strong>in</strong></span> <span class='ocrx_word' id='word_1_615' title='bbox 3171 4831 3408 4887; x_wconf 87' lang='lat' dir='ltr'><strong>cinerem</strong></span> <span class='ocrx_word' id='word_1_616' title='bbox 3450 4840 3561 4885; x_wconf 79' lang='lat' dir='ltr'><strong>tota</strong></span> 
     </span>
    </p>
   </div>
   <div class='ocr_carea' id='block_1_98' title="bbox 1982 4915 3563 4994">
    <p class='ocr_par' dir='ltr' id='par_1_98' title="bbox 1982 4915 3563 4994">
     <span class='ocr_line' id='line_1_98' title="bbox 1982 4915 3563 4994; baseline 0.008 -28"><span class='ocrx_word' id='word_1_617' title='bbox 1982 4915 2358 4985; x_wconf 87' lang='lat' dir='ltr'><strong>consumitur;</strong></span> <span class='ocrx_word' id='word_1_618' title='bbox 2389 4920 2635 4988; x_wconf 84' lang='lat' dir='ltr'><strong>sequenti</strong></span> <span class='ocrx_word' id='word_1_619' title='bbox 2680 4929 2860 4976; x_wconf 91' lang='lat' dir='ltr'><strong>autem</strong></span> <span class='ocrx_word' id='word_1_620' title='bbox 2885 4921 2990 4981; x_wconf 20' lang='lat' dir='ltr'><strong>,die</strong></span> <span class='ocrx_word' id='word_1_621' title='bbox 3022 4922 3124 4975; x_wconf 91' lang='lat' dir='ltr'><strong>alis</strong></span> <span class='ocrx_word' id='word_1_622' title='bbox 3172 4924 3374 4977; x_wconf 90' lang='lat' dir='ltr'><strong>renatis</strong></span> <span class='ocrx_word' id='word_1_623' title='bbox 3409 4939 3563 4994; x_wconf 80' lang='lat' dir='ltr'><strong>repe-</strong></span> 
     </span>
    </p>
   </div>
   <div class='ocr_carea' id='block_1_99' title="bbox 1981 5005 3561 5082">
    <p class='ocr_par' dir='ltr' id='par_1_99' title="bbox 1981 5005 3561 5082">
     <span class='ocr_line' id='line_1_99' title="bbox 1981 5005 3561 5082; baseline 0.008 -24"><span class='ocrx_word' id='word_1_624' title='bbox 1981 5005 2157 5070; x_wconf 88' lang='lat' dir='ltr'><strong>ritur;</strong></span> <span class='ocrx_word' id='word_1_625' title='bbox 2187 5008 2343 5062; x_wconf 86' lang='lat' dir='ltr'><strong>tertia</strong></span> <span class='ocrx_word' id='word_1_626' title='bbox 2375 5025 2503 5065; x_wconf 89' lang='lat' dir='ltr'><strong>vero</strong></span> <span class='ocrx_word' id='word_1_627' title='bbox 2535 5011 2621 5065; x_wconf 88' lang='lat' dir='ltr'><strong>die</strong></span> <span class='ocrx_word' id='word_1_628' title='bbox 2653 5011 2766 5080; x_wconf 89' lang='lat' dir='ltr'><strong>jam</strong></span> <span class='ocrx_word' id='word_1_629' title='bbox 2810 5013 3016 5082; x_wconf 82' lang='lat' dir='ltr'><strong>integra</strong></span> <span class='ocrx_word' id='word_1_630' title='bbox 3045 5015 3385 5072; x_wconf 80' lang='lat' dir='ltr'><strong>sacerdotem</strong></span> <span class='ocrx_word' id='word_1_631' title='bbox 3418 5020 3561 5073; x_wconf 87' lang='lat' dir='ltr'><strong>salu-</strong></span> 
     </span>
    </p>
   </div>
   <div class='ocr_carea' id='block_1_100' title="bbox 1982 5103 3560 5176">
    <p class='ocr_par' dir='ltr' id='par_1_100' title="bbox 1982 5103 3560 5176">
     <span class='ocr_line' id='line_1_100' title="bbox 1982 5103 3560 5176; baseline 0.009 -27"><span class='ocrx_word' id='word_1_632' title='bbox 1982 5103 2081 5160; x_wconf 89' lang='lat' dir='ltr'><strong>tat,</strong></span> <span class='ocrx_word' id='word_1_633' title='bbox 2116 5107 2532 5172; x_wconf 86' lang='lat' dir='ltr'><strong>restaurataque</strong></span> <span class='ocrx_word' id='word_1_634' title='bbox 2559 5104 2751 5159; x_wconf 89' lang='lat' dir='ltr'><strong>iterum</strong></span> <span class='ocrx_word' id='word_1_635' title='bbox 2778 5107 2845 5161; x_wconf 86' lang='lat' dir='ltr'><strong>ad</strong></span> <span class='ocrx_word' id='word_1_636' title='bbox 2880 5106 3162 5176; x_wconf 89' lang='lat' dir='ltr'><strong>proprium</strong></span> <span class='ocrx_word' id='word_1_637' title='bbox 3187 5107 3366 5164; x_wconf 89' lang='lat' dir='ltr'><strong>locum</strong></span> <span class='ocrx_word' id='word_1_638' title='bbox 3400 5112 3560 5166; x_wconf 80' lang='lat' dir='ltr'><strong>redit.</strong></span> 
     </span>
    </p>
   </div>
   <div class='ocr_carea' id='block_1_101' title="bbox 3205 5203 3565 5273">
    <p class='ocr_par' dir='ltr' id='par_1_101' title="bbox 3205 5203 3565 5273">
     <span class='ocr_line' id='line_1_101' title="bbox 3205 5203 3565 5273; baseline 0.011 -19"><span class='ocrx_word' id='word_1_639' title='bbox 3205 5203 3273 5273; x_wconf 78' lang='grc' dir='ltr'><strong>τῇ</strong></span> <span class='ocrx_word' id='word_1_640' title='bbox 3303 5203 3463 5273; x_wconf 73' lang='grc' dir='ltr'>τρίτῃ</span> <span class='ocrx_word' id='word_1_641' title='bbox 3509 5203 3565 5258; x_wconf 74' lang='grc' dir='ltr'>δὲ</span> 
     </span>
    </p>
   </div>
   <div class='ocr_carea' id='block_1_102' title="bbox 305 5272 3565 5358">
    <p class='ocr_par' dir='ltr' id='par_1_102' title="bbox 305 5272 3565 5358">
     <span class='ocr_line' id='line_1_102' title="bbox 305 5272 3565 5358; baseline 0.006 -31"><span class='ocrx_word' id='word_1_642' title='bbox 305 5273 774 5347; x_wconf 72' lang='grc' dir='ltr'>ἀναπεπλησμένῃ</span> <span class='ocrx_word' id='word_1_643' title='bbox 827 5275 1113 5345; x_wconf 76' lang='grc' dir='ltr'>πτερύγων</span> <span class='ocrx_word' id='word_1_644' title='bbox 1169 5274 1472 5338; x_wconf 79' lang='grc' dir='ltr'>ἀσπάζεται</span> <span class='ocrx_word' id='word_1_645' title='bbox 1534 5272 1624 5326; x_wconf 79' lang='grc' dir='ltr'><strong>τὸν</strong></span> <span class='ocrx_word' id='word_1_646' title='bbox 1691 5273 1879 5344; x_wconf 85' lang='grc' dir='ltr'>ίερέα,</span> <span class='ocrx_word' id='word_1_647' title='bbox 1919 5279 2012 5331; x_wconf 78' lang='grc' dir='ltr'><strong>καὶ</strong></span> <span class='ocrx_word' id='word_1_648' title='bbox 2054 5281 2511 5355; x_wconf 76' lang='grc' dir='ltr'>ἀνακαινιζομένη</span> <span class='ocrx_word' id='word_1_649' title='bbox 2559 5287 2858 5358; x_wconf 82' lang='grc' dir='ltr'>ἀπέρχεται</span> <span class='ocrx_word' id='word_1_650' title='bbox 2895 5290 3058 5345; x_wconf 90' lang='grc' dir='ltr'>πάλιν</span> <span class='ocrx_word' id='word_1_651' title='bbox 3110 5293 3190 5356; x_wconf 81' lang='grc' dir='ltr'>εἰς</span> <span class='ocrx_word' id='word_1_652' title='bbox 3264 5272 3356 5347; x_wconf 85' lang='grc' dir='ltr'><strong>τὸν</strong></span> <span class='ocrx_word' id='word_1_653' title='bbox 3433 5272 3565 5347; x_wconf 71' lang='grc' dir='ltr'>ίδιον</span> 
     </span>
    </p>
   </div>
   <div class='ocr_carea' id='block_1_103' title="bbox 298 5367 612 5438">
    <p class='ocr_par' dir='ltr' id='par_1_103' title="bbox 298 5367 612 5438">
     <span class='ocr_line' id='line_1_103' title="bbox 298 5367 612 5438; baseline 0.006 -15"><span class='ocrx_word' id='word_1_654' title='bbox 298 5367 509 5438; x_wconf 60' lang='grc' dir='ltr'>τόπον.,</span> <span class='ocrx_word' id='word_1_655' title='bbox 610 5413 612 5415; x_wconf 74' lang='lat'><strong>.</strong></span> 
     </span>
    </p>
   </div>
   <div class='ocr_carea' id='block_1_104' title="bbox 934 5483 1258 5553">
    <p class='ocr_par' dir='ltr' id='par_1_104' title="bbox 934 5483 1258 5553">
     <span class='ocr_line' id='line_1_104' title="bbox 934 5483 1258 5553; baseline 0.006 -17"><span class='ocrx_word' id='word_1_656' title='bbox 934 5483 1258 5553; x_wconf 78' lang='grc' dir='ltr'>Ἑρμηνεία.</span> 
     </span>
    </p>
   </div>
   <div class='ocr_carea' id='block_1_105' title="bbox 371 5571 1878 5649">
    <p class='ocr_par' dir='ltr' id='par_1_105' title="bbox 371 5571 1878 5649">
     <span class='ocr_line' id='line_1_105' title="bbox 371 5571 1878 5649; baseline -0.003 -17"><span class='ocrx_word' id='word_1_657' title='bbox 371 5576 487 5632; x_wconf 78' lang='grc' dir='ltr'><strong>Καὶ</strong></span> <span class='ocrx_word' id='word_1_658' title='bbox 522 5575 641 5642; x_wconf 81' lang='grc' dir='ltr'><strong>πῶς</strong></span> <span class='ocrx_word' id='word_1_659' title='bbox 689 5571 783 5630; x_wconf 81' lang='grc' dir='ltr'>οὖν</span> <span class='ocrx_word' id='word_1_660' title='bbox 829 5578 880 5630; x_wconf 76' lang='lat' dir='ltr'><strong>oi</strong></span> <span class='ocrx_word' id='word_1_661' title='bbox 922 5576 1229 5649; x_wconf 85' lang='grc' dir='ltr'>παράνομοι</span> <span class='ocrx_word' id='word_1_662' title='bbox 1280 5574 1520 5628; x_wconf 84' lang='grc' dir='ltr'>Ἰουδαῖοι</span> <span class='ocrx_word' id='word_1_663' title='bbox 1566 5574 1878 5644; x_wconf 77' lang='grc' dir='ltr'>ἠπίστησαν</span> 
     </span>
    </p>
   </div>
   <div class='ocr_carea' id='block_1_106' title="bbox 289 5664 1879 5740">
    <p class='ocr_par' dir='ltr' id='par_1_106' title="bbox 289 5664 1879 5740">
     <span class='ocr_line' id='line_1_106' title="bbox 289 5664 1879 5740; baseline -0.001 -19"><span class='ocrx_word' id='word_1_664' title='bbox 289 5666 403 5738; x_wconf 76' lang='grc' dir='ltr'>τὴν</span> <span class='ocrx_word' id='word_1_665' title='bbox 437 5669 734 5740; x_wconf 78' lang='grc' dir='ltr'>τριήμερον</span> <span class='ocrx_word' id='word_1_666' title='bbox 766 5667 1058 5722; x_wconf 81' lang='grc' dir='ltr'>ἀνάστασιν</span> <span class='ocrx_word' id='word_1_667' title='bbox 1111 5665 1206 5719; x_wconf 73' lang='grc' dir='ltr'>τοῦ</span> <span class='ocrx_word' id='word_1_668' title='bbox 1252 5664 1456 5736; x_wconf 82' lang='grc' dir='ltr'>Κυρίου</span> <span class='ocrx_word' id='word_1_669' title='bbox 1497 5664 1650 5734; x_wconf 81' lang='grc' dir='ltr'><strong>ἡμῶν</strong></span> <span class='ocrx_word' id='word_1_670' title='bbox 1704 5666 1879 5736; x_wconf 80' lang='grc' dir='ltr'>Ἰησοῦ</span> 
     </span>
    </p>
   </div>
   <div class='ocr_carea' id='block_1_107' title="bbox 371 5823 764 5894">
    <p class='ocr_par' dir='ltr' id='par_1_107' title="bbox 371 5823 764 5894">
     <span class='ocr_line' id='line_1_107' title="bbox 371 5823 764 5894; baseline -0.005 -13"><span class='ocrx_word' id='word_1_671' title='bbox 371 5826 393 5861; x_wconf 74' lang='grc'>⁸</span> <span class='ocrx_word' id='word_1_672' title='bbox 424 5823 572 5882; x_wconf 86' lang='lat' dir='ltr'><strong>Psal.</strong></span> <span class='ocrx_word' id='word_1_673' title='bbox 608 5841 684 5894; x_wconf 84' lang='lat' dir='ltr'><strong>Cl,</strong></span> <span class='ocrx_word' id='word_1_674' title='bbox 714 5827 764 5880; x_wconf 86' lang='lat'><strong>7.</strong></span> 
     </span>
    </p>
   </div>
   <div class='ocr_carea' id='block_1_108' title="bbox 2579 5488 2973 5558">
    <p class='ocr_par' dir='ltr' id='par_1_108' title="bbox 2579 5488 2973 5558">
     <span class='ocr_line' id='line_1_108' title="bbox 2579 5488 2973 5558; baseline 0.02 -17"><span class='ocrx_word' id='word_1_675' title='bbox 2579 5488 2973 5558; x_wconf 78' lang='lat' dir='ltr'><strong>lnterpretatt‘o.</strong></span> 
     </span>
    </p>
   </div>
   <div class='ocr_carea' id='block_1_109' title="bbox 2055 5574 3564 5651">
    <p class='ocr_par' dir='ltr' id='par_1_109' title="bbox 2055 5574 3564 5651">
     <span class='ocr_line' id='line_1_109' title="bbox 2055 5574 3564 5651; baseline 0.009 -21"><span class='ocrx_word' id='word_1_676' title='bbox 2055 5574 2168 5630; x_wconf 88' lang='lat' dir='ltr'><strong>Cur</strong></span> <span class='ocrx_word' id='word_1_677' title='bbox 2197 5575 2363 5647; x_wconf 78' lang='lat' dir='ltr'><strong>igitur</strong></span> <span class='ocrx_word' id='word_1_678' title='bbox 2385 5575 2557 5635; x_wconf 67' lang='lat' dir='ltr'><strong>Judaei</strong></span> <span class='ocrx_word' id='word_1_679' title='bbox 2586 5579 2761 5651; x_wconf 89' lang='lat' dir='ltr'><strong>iniqui</strong></span> <span class='ocrx_word' id='word_1_680' title='bbox 2795 5582 3006 5638; x_wconf 87' lang='lat' dir='ltr'><strong>Domini</strong></span> <span class='ocrx_word' id='word_1_681' title='bbox 3042 5585 3214 5640; x_wconf 90' lang='lat' dir='ltr'><strong>nostri</strong></span> <span class='ocrx_word' id='word_1_682' title='bbox 3239 5583 3367 5640; x_wconf 77' lang='lat' dir='ltr'><strong>Iesu</strong></span> <span class='ocrx_word' id='word_1_683' title='bbox 3398 5585 3564 5643; x_wconf 63' lang='lat' dir='ltr'><strong>Chrio</strong></span> 
     </span>
    </p>
   </div>
   <div class='ocr_carea' id='block_1_110' title="bbox 1986 5665 3565 5746">
    <p class='ocr_par' dir='ltr' id='par_1_110' title="bbox 1986 5665 3565 5746">
     <span class='ocr_line' id='line_1_110' title="bbox 1986 5665 3565 5746; baseline 0.008 -26"><span class='ocrx_word' id='word_1_684' title='bbox 1986 5665 2056 5721; x_wconf 91' lang='lat' dir='ltr'><strong>sti</strong></span> <span class='ocrx_word' id='word_1_685' title='bbox 2083 5667 2390 5722; x_wconf 87' lang='lat' dir='ltr'><strong>triduanam</strong></span> <span class='ocrx_word' id='word_1_686' title='bbox 2421 5672 2877 5730; x_wconf 89' lang='lat' dir='ltr'><strong>resurrectionem</strong></span> <span class='ocrx_word' id='word_1_687' title='bbox 2901 5689 3010 5729; x_wconf 91' lang='lat' dir='ltr'><strong>non</strong></span> <span class='ocrx_word' id='word_1_688' title='bbox 3041 5675 3412 5746; x_wconf 83' lang='lat' dir='ltr'><strong>crediderunt,</strong></span> <span class='ocrx_word' id='word_1_689' title='bbox 3436 5691 3565 5732; x_wconf 91' lang='lat' dir='ltr'><strong>cum</strong></span> 
     </span>
    </p>
   </div>
  </div>
