3988 6412
469 384 573 445 5.37
1072 426 1075 429 ν
1778 373 1983 429 DUBIA
2017 373 2154 427 AU'I'
2192 371 2464 429 SI’UIIIA.
3596 384 3685 441 523

466 516 583 570 avis
609 512 772 568 trium
806 512 1017 567 (lterum
1053 508 1232 579 spatio
1256 506 1374 577 ipsa
1410 520 1469 559 se
1500 498 1765 559 suscitet?
1786 512 1882 554 aut
1905 512 2041 569 quo-

2107 529 2116 555 ,
2148 496 2405 567 Χριστοῦ,
2429 496 2663 569 ἐπείπερ
2700 500 2762 552 τὸ
2793 500 2978 571 ὄρνεον
3007 501 3094 555 διὰ
3118 502 3281 573 τριῶν
3314 502 3523 573 ἡμερῶν
3543 504 3682 570 ἐζωο-

462 609 623 662 modo
656 608 898 677 seipsum
930 621 962 658 a
990 602 1223 657 mortuis
1255 598 1524 654 suscitare
1553 612 1659 650 non
1691 592 1887 662 potuit,
1917 607 2037 644 cum

2149 588 2371 659 ποιήοη,
2414 592 2509 644 καὶ
2562 593 2591 643 6
2642 592 2846 663 Κύριος
2900 593 3059 664 ἡμῶν
3110 594 3310 665 Ἰησοῦς
3364 595 3577 665 Χριστὸς
3616 600 3682 665 τῷ

459 707 526 758 de
576 702 671 755 illo
712 700 914 755 dixerit
966 691 1502 766 Propltelazlustus
1562 697 1620 742 ut
1667 685 1876 756 pliwnia:
1928 683 2034 751 ﬂo-

2146 682 2332 753 τρόπῳ
2369 683 2470 736 οὐκ
2506 683 2730 738 ἐδύνατο
2777 687 2988 758 ἐγεῖραι
3032 687 3192 741 αὑτὸν
3225 688 3290 740 ὲκ
3329 686 3556 756 νεκρῶν;
3604 692 3692 743 Διά

450 786 579 840 ,τοία
626 794 677 848 vi
2144 773 2305 827 τοῦτο
2338 775 2522 845 ἔλεγεν
2564 778 2592 829 ὁ
2620 778 2949 850 Προφήτηςο
2993 779 3226 846 Δίκαιος
3276 779 3355 845 ὡς
3378 776 3564 848 φοῖνιξ
3596 778 3690 834 dr-

2146 864 2340 935 θήσει.
3461 853 3486 875 ⁸

1090 965 1242 1022 CAP.
1289 964 1405 1021 XII.

2787 961 2949 1016 ΚΕΦ.
2990 963 3092 1016 IB’.

1074 1057 1154 1112 De
1193 1072 1413 1126 pavone.
2639 1082 2649 1107 λ

2639 1052 2783 1122 Περὶ
2830 1054 2940 1108 τοῦ
2979 1053 3223 1120 ταῶνος.

520 1155 669 1210 Pavo
703 1155 846 1208 inter
869 1166 1059 1207 omnes
1087 1151 1339 1204 volucres
1381 1147 1496 1203 avis
1537 1154 1622 1203 est
1663 1143 2039 1216 jactabunda;

2221 1138 2410 1192 Ἔστιν
2437 1141 2465 1193 6
2492 1139 2636 1205 ταὼς
2671 1143 3011 1215 τερπόμενον
3049 1143 3233 1215 ὄρνεον
3258 1143 3404 1214 παρὰ
3444 1146 3603 1199 πάντα
3632 1142 3691 1196 τὰ

452 1248 704 1316 torporis
747 1246 892 1301 enim
936 1244 1109 1299 forma
1140 1253 1306 1314 atque
1347 1245 1449 1298 alis
1477 1244 1708 1314 pulcher
1739 1250 1846 1296 est.
1903 1239 2027 1293 Cun

2144 1230 2368 1284 πετεινά
2387 1247 2401 1260 ·
2429 1230 2545 1285 ἐστι
2575 1232 2632 1286 δὲ
2661 1236 3019 1307 μορφόχροος,
3051 1236 3143 1287 καὶ
3169 1236 3447 1306 πτερύγων
3477 1238 3688 1309 ὡραίων.

452 1337 713 1400 ambulat,
745 1352 805 1390 se
851 1335 968 1405 ipse
999 1336 1183 1391 laetitia
1212 1336 1499 1390 exsultans
1548 1334 1818 1397 intuetur,
1842 1331 2027 1386 demit-

2145 1320 2472 1392 Περιπατῶν
2504 1324 2613 1396 γὰρ
2640 1327 2742 1397 ὁρᾷ
2774 1328 2932 1382 αὑτὸν
2968 1328 3323 1400 τερπόμενον,
3358 1331 3693 1399 ἐγκεκυφυῖαν

450 1431 513 1482 tit
545 1446 671 1485 vero
701 1436 888 1501 caput,
935 1436 991 1482 et
1039 1428 1093 1481 in
1141 1438 1344 1483 terram
1386 1427 1580 1481 oculos
1620 1424 1879 1494 conjicit;
1915 1438 2025 1477 cun

2143 1413 2201 1466 δὲ
2230 1413 2369 1484 ἔχων
2394 1416 2493 1486 τὴν
2538 1418 2780 1490 κεφαλὴν
2818 1420 3134 1477 ὑποϐλέπει.
3190 1421 3356 1475 Ὅταν
3394 1421 3449 1474 δὲ
3478 1421 3554 1494 ἴδῃ
3584 1424 3693 1485 τοὺς

448 1531 627 1575 autem
687 1536 819 1577 suos
857 1520 1129 1592 conspicit
1180 1519 1346 1589 pedes
1400 1519 1639 1589 graviter
1682 1516 2018 1571 vociferatur

2144 1505 2312 1570 πόδας
2351 1506 2542 1575 αὑτοῦ,
2579 1514 2748 1579 φωνεί
2788 1512 3015 1584 ἀγρίως,
3054 1514 3252 1577 αὐτοὺς
3280 1513 3540 1583 ἀνομοίως
3569 1514 3692 1585 ἔχειν

448 1613 655 1668 scilicet
683 1612 829 1682 quod
860 1612 939 1667 illi
984 1611 1197 1668 caeteris
1237 1611 1486 1681 corporis
1524 1610 1610 1665 sui
1647 1609 1895 1680 partibus
1930 1622 2020 1661 not

1930 1622 2038 1661 ιιοιι
2144 1598 2281 1669 πρὸς
2308 1599 2370 1652 τὸ
2405 1598 2591 1655 λοιπὸν
2631 1603 2798 1675 μέρος
2824 1604 2920 1658 τοῦ
2954 1604 3205 1677 σώματος
3236 1604 3474 1675 φάσκων.

448 1702 836 1775 respondeant.

1030 1790 1430 1861 Interpretatio.

2774 1778 3110 1848 Ἐρμηνεία.

515 1886 596 1941 Tu
652 1886 839 1958 igitur,
878 1886 1184 1957 spiritualis
1230 1885 1415 1948 homo,
1465 1892 1735 1954 praecepta
1792 1890 1847 1936 et
1896 1861 2090 1936 bonal

2212 1865 2324 1918 Καὶ
2379 1869 2444 1919 σὺ
2500 1862 2615 1931 οῦν,
2668 1868 2823 1938 νοητὲ
2876 1869 3152 1939 ἄνθρωπε,
3182 1868 3329 1939 ὁρῶν
3363 1868 3457 1932 τὰς
3504 1868 3692 1930 ἐντολάς

445 1989 537 2032 tua
573 1978 785 2041 videns,
812 1978 1089 2033 delectare
1133 1985 1188 2032 et
1235 1976 1479 2041 exsulta;
1514 1991 1637 2031 cum
1673 1990 1803 2029 vero
1850 1975 2012 2045 pedes

2142 1974 2237 2009 σου
2282 1960 2378 2012 καὶ
2418 1962 2489 2014 τὰ
2536 1961 2719 2029 ἁγαθά
2754 1978 2870 2026 σου,
2910 1962 3112 2032 τέρπου
3156 1962 3253 2015 καὶ
3294 1961 3554 2029 ἀγάλλου·
3586 1962 3696 2014 ὅταν

445 2070 495 2123 id
524 2078 608 2125 est
644 2078 891 2141 peccata,
932 2068 1234 2139 aspexeris,
1262 2066 1588 2130 vociferarc,
1616 2073 1669 2119 ct
1713 2081 1896 2118 coram
1928 2064 2017 2118 DCI

2137 2049 2195 2102 δὲ
2230 2051 2348 2124 ἴδῃς
2377 2053 2505 2116 τοὺς
2537 2053 2701 2118 πόδας
2731 2070 2849 2120 σου,
2884 2054 2953 2107 τὰ
2991 2054 3213 2125 ἁμαρτῆ
3224 2053 3370 2123 ματά
3400 2070 3510 2117 σου,
3540 2051 3694 2122 φώνη-

443 2160 579 2215 defle
612 2168 776 2231 atque
805 2158 933 2216 odio
978 2158 1117 2213 habe
1143 2166 1449 2227 peccatum,
1483 2154 1945 2227 quemadmodum
1983 2174 2013 2209 c

2140 2165 2253 2209 σον,
2294 2145 2389 2197 καὶ
2437 2144 2671 2197 κλαῦσον
2710 2144 2846 2216 πρὸς
2895 2144 2987 2198 τὸν
3022 2144 3178 2207 Θεὸν,
3221 2146 3317 2198 καὶ
3365 2146 3581 2215 μίσησον
3612 2146 3695 2214 τὴν

443 2268 582 2324 pavo
604 2251 791 2324 pedes,
816 2259 875 2305 ut
899 2264 1103 2321 sponso
1122 2250 1309 2321 justus
1344 2264 1632 2321 appareas.

2139 2240 2435 2312 ἁμαρτίαν,
2460 2238 2648 2312 ὥσπερ
2677 2241 2706 2293 6
2732 2239 2876 2304 ταὼς
2905 2240 3032 2303 τοὺς
3074 2239 3267 2306 πόδας,
3302 2241 3387 2296 ἵνα
3414 2241 3605 2305 δίκαιος
3631 2239 3697 2309 τῷ

2141 2334 2361 2404 νυμφίῳ
2392 2333 2585 2402 φανῇς.

1079 2428 1233 2485 CAP.
1263 2429 1405 2485 XIII.

2788 2420 2945 2473 ΚΕΦ.
2990 2422 3088 2475 II".

1062 2521 1140 2577 De
1161 2532 1415 2590 serpente.

2670 2513 2813 2581 Περὶ
2840 2513 2950 2567 τοῦ
2979 2513 3193 2582 ὄφεως.

514 2613 603 2667 Ait
633 2608 888 2667 Christus
922 2613 977 2667 in
1009 2611 1306 2681 Evangelio
1332 2629 1344 2665 :
1378 2609 1561 2665 Estote
1588 2610 1870 2678 prudentes
1901 2611 2037 2664 sicut

2210 2607 2286 2673 ω
2332 2606 2571 2677 Χριστὸς
2618 2599 2773 2658 εἶπεν
2822 2605 2880 2659 ὲν
2934 2604 3014 2674 τῷ
3062 2606 3418 2677 Εὑαγγελίῳο
3475 2604 3697 2658 Γίνεσθε

443 2716 724 2777 serpentes,
756 2714 805 2759 et
841 2705 1105 2774 simplices
1148 2706 1285 2759 sicut
1314 2703 1571 2757 columba:
1600 2704 1641 2756 ’.
1676 2702 2018 2773 Physiologu:

2139 2699 2416 2768 φρόνιμοι
2477 2700 2559 2765 ὠς
2596 2702 2647 2753 ot
2682 2698 2869 2767 ὄφεις,
2916 2698 3013 2751 καί
3048 2698 3318 2766 ἀκέραιοι
3360 2699 3440 2763 ὡς
3482 2700 3535 2753 al
3565 2711 3698 2764 περι-

446 2800 504 2852 in
539 2805 792 2868 serpente
832 2798 1019 2868 plures
1071 2795 1252 2851 inesse
1300 2802 1509 2849 natura:
1544 2795 1907 2864 preprietates
1940 2794 2015 2848 ait

2140 2790 2372 2857 στεραι.
2424 2790 2484 2843 '0
2522 2790 2839 2859 φυσιολόγος
2886 2788 3037 2854 ἔλεξε
3087 2792 3221 2863 περὶ
3267 2790 3361 2848 τοῦ
3407 2790 3591 2861 ὄφεως,
3631 2790 3698 2842 ὅτι

2143 2881 2337 2934 πολλαὶ
2369 2880 2560 2950 φύσεις
2593 2882 2731 2935 εἰσὶν
2762 2883 2822 2934 ὲν
2850 2880 3021 2952 αὐτῷ.

823 2996 1014 3051 Prima
1046 2997 1301 3065 serpentis
1340 2996 1666 3068 proprietas.

2532 2993 2732 3064 Πρώτη
2768 2996 2954 3064 φύσις
2987 2995 3093 3050 τοῦ
3128 2997 3343 3067 ὄφεως.

515 3093 651 3150 Cum
682 3092 837 3147 senio
873 3098 1151 3163 gravatur,
1182 3092 1422 3161 caligant
1471 3088 1549 3143 illi
1584 3086 1763 3155 oculi;
1809 3095 1865 3142 ct
1912 3101 2036 3141 cum

2216 3086 2382 3138 Ὅταν
2412 3086 2669 3158 γηράσκῃ
2695 3126 2710 3151 ,
2749 3086 3113 3157 ἀμϐλύνονται
3148 3089 3318 3143 αὐτοῦ
3358 3090 3408 3144 οί
3443 3086 3698 3158 ὀφθαλμοὶ.

447 3188 641 3241 iterum
670 3185 1030 3257 iuvenescere
1069 3195 1244 3256 parat,
1283 3182 1642 3254 quadraginta
1681 3180 1876 3237 diebus
1915 3178 2022 3233 ςίικ

2143 3176 2239 3231 καὶ
2282 3177 2377 3231 ἐὰν
2422 3177 2743 3240 ἀνανεάζειν
2773 3178 2966 3233 ἑαυτὸν
3000 3177 3282 3251 βούληται,
3318 3179 3558 3251 νηστεύει
3583 3178 3697 3249 ἡμέ-

447 3282 708 3343 abstinet,
744 3287 798 3335 et
852 3279 1071 3334 tandem
1119 3279 1362 3333 emollita
1413 3285 1559 3341 cute,
1602 3275 1798 3346 quaerit
1831 3282 2022 3344 petran

2146 3286 2243 3343 ρας
2266 3268 2698 3339 τεσσαράκοντα,
2723 3269 2828 3333 ἕως
2855 3269 2921 3323 ἂν
2946 3271 3005 3324 τὸ
3036 3271 3208 3342 δέμας
3258 3272 3422 3326 αὐτοῦ
3459 3266 3698 3343 χαυνωθῇ,

450 3388 545 3442 per
572 3372 731 3441 cujus
767 3370 1012 3425 foramen
1045 3386 1240 3442 magno
1284 3371 1409 3425 nisu
1439 3368 1777 3423 contendens
1808 3382 2025 3435 pronus-

2146 3360 2240 3414 καὶ
2281 3359 2527 3431 εὑρίσκει
2562 3359 2790 3431 πέτραν,
2841 3362 2934 3414 καὶ
2985 3362 3399 3431 ραγαδαστεύει,
3451 3361 3699 3435 προκύψας

450 3481 558 3535 que
586 3465 825 3520 transire
858 3463 1076 3526 nititur,
1110 3472 1403 3529 cutemque
1453 3458 1627 3525 exuit,
1656 3472 1763 3527 qua
1793 3455 2025 3526 deposit:

2146 3450 2204 3503 δὲ
2242 3449 2330 3502 διὰ
2363 3452 2464 3520 τῆς
2519 3450 2662 3521 όπῆς
2690 3450 2912 3503 ὠθεῖται
2961 3454 3218 3523 περᾶσαι,
3256 3455 3351 3508 καὶ
3382 3451 3615 3507 ἐκϐάλλει
3652 3450 3701 3501 τὸ

455 3556 674 3629 gaudet,
706 3563 872 3625 atque
909 3554 1103 3608 iterum
1127 3551 1455 3623 juvenescit.

2144 3543 2343 3613 γῆρας,
2370 3542 2466 3596 καὶ
2497 3539 2788 3601 ἀποϐαλὼν
2822 3542 2952 3596 αὐτὸ
2980 3543 3271 3616 τερπωλὴν
3302 3544 3525 3616 παρέχει
3551 3540 3699 3595 νεανί-

2148 3652 2177 3687 σ
2182 3650 2315 3689 κων.

1047 3730 1445 3799 lntcrpretatio.

2774 3725 3112 3796 Ἕρμηνεία.

526 3826 592 3883 Ει
628 3836 709 3894 tu,
750 3825 1054 3897 Spiritualis
1097 3824 1284 3891 homo,
1330 3821 1379 3878 si
1421 3836 1519 3892 per
1547 3826 1835 3890 angustam
1866 3825 1921 3873 et
1954 3833 2044 3872 ar-

2216 3817 2327 3871 Καὶ
2363 3818 2449 3884 σὺ,
2481 3818 2640 3889 νοητὲ
2666 3818 2945 3889 ἄνθρωπε,
2992 3820 3088 3873 ἐὰν
3114 3819 3280 3893 θέλῃς
3315 3821 3378 3874 τὸ
3406 3819 3563 3873 πάλαι
3594 3821 3708 3872 ποτέ

454 3930 601 3976 ctam
632 3923 773 3976 viam
800 3929 1036 3976 veterem
1063 3916 1253 3973 mundi
1281 3923 1614 3971 senectutem
1637 3916 1909 3985 dcponere
1938 3913 2029 3978 vis1

2145 3909 2324 3981 γῆρας
2353 3909 2448 3963 τοῦ
2481 3910 2687 3982 κόσμου
2737 3911 3134 3978 ἀποϐαλέσθαι,
3174 3912 3265 3968 διὰ
3287 3913 3389 3984 τῆς
3422 3915 3599 3982 στενῆς
3626 3914 3702 3961 και

456 4028 659 4086 corpus
715 4021 869 4067 tuum
917 4010 1128 4082 jejunio
1186 4023 1448 4064 macera:
1492 4007 1590 4062 Est
1642 4006 1782 4061 enim
1813 4014 2031 4076 angusta

2144 4001 2513 4073 τεθλιμμένης
2537 4001 2683 4068 ὀδοῦ,
2712 4002 2802 4057 διὰ
2839 4005 3122 4076 νηστείας,
3170 4005 3233 4058 τὸ
3263 4006 3423 4077 σῶμα
3454 4006 3700 4077 μάστισον.

455 4115 607 4175 porta
635 4114 684 4161 et
719 4115 867 4159 arcta
898 4105 982 4158 ria
1030 4117 1148 4173 quae
1175 4100 1322 4156 ducit
1358 4100 1426 4156 ad
1472 4114 1689 4171 regnum
1723 4098 1974 4153 cmlorum
2001 4096 2030 4150 ⁸η

2146 4094 2338 4164 Στενὴ
2368 4094 2480 4165 γάρ
2508 4094 2686 4150 ἐστιν
2707 4097 2744 4165 ἡ
2762 4096 2948 4165 πύλη,
2984 4096 3084 4150 καὶ
3124 4098 3493 4168 τεθλιμμένη
3525 4095 3561 4162 ἡ
3585 4090 3702 4156 ὁδὸς

2146 4186 2186 4253 ὴ
2214 4186 2542 4258 ἀπάγουσα
2572 4189 2661 4254 εις
2695 4188 2812 4257 τὴν
2835 4188 3167 4253 βασιλείαν
3189 4188 3314 4244 τῶν
3342 4186 3618 4259 οὐρανῶν.

1086 4278 1239 4336 CAP.
1272 4278 1413 4335 XIV.

2784 4279 2946 4334 ΚΕΦ.
2998 4280 3098 4335 IA'.

813 4374 1058 4431 Secunda
1082 4374 1339 4442 serpentis
1368 4371 1690 4441 proprietas.

2501 4372 2757 4442 Δευτέρα
2805 4373 2992 4442 φύσις
3023 4372 3131 4427 τοῦ
3166 4372 3378 4442 ὄφεως.

527 4467 663 4521 Cum
696 4482 924 4538 serpens
950 4467 1204 4522 vestitum
1232 4464 1505 4520 hominem
1544 4463 1838 4536 conspicit,
1862 4471 2041 4535 pavet,

2231 4464 2449 4536 ὀφθεὶς
2495 4465 2576 4536 τῷ
2626 4465 2747 4536 ὄφει
2783 4467 2813 4519 6
2862 4463 3145 4536 ἄνθρωπος
3173 4464 3538 4536 ἐνδεδυμένος,
3573 4457 3704 4531 φοεεί

461 4560 747 4629 ipsumque
780 4557 948 4629 fugit;
978 4557 1123 4629 quod
1158 4557 1206 4614 si
1245 4556 1451 4612 nudum
1495 4558 1663 4627 videt,
1709 4558 1863 4614 illum
1888 4559 2036 4630 petit.

2150 4556 2313 4611 αὑτὸν
2344 4556 2414 4610 τὰ
2468 4557 2705 4627 μάλιστα
2745 4556 2840 4611 καὶ
2883 4556 3276 4628 διαδιδράσκει,
3312 4556 3527 4631 ὁραοεὶς
3552 4554 3603 4607 δὲ
3629 4568 3700 4621 γυ·

2155 4648 2285 4719 μνὸς
2317 4648 2655 4721 καταθαρρεϊ
2681 4648 2871 4703 αὐτοῦ.

1058 4734 1452 4803 Ιηεεηπειαιίο.
2774 4743 3109 4813 Ἐρμηνεία.

535 4827 603 4882 Et
655 4836 714 4881 tu
768 4826 1128 4898 spiritualitcr
1176 4825 1484 4890 considera,
1520 4826 1665 4895 quod
1702 4841 1825 4880 cum
1863 4836 2050 4883 noster

2223 4832 2334 4886 Καὶ
2372 4834 2437 4887 σὺ
2465 4833 2670 4904 νοητῶς
2710 4835 2981 4905 ἐννόησον,
3014 4835 3095 4887 ὅτι
3139 4836 3300 4907 ἡνίκα
3341 4838 3369 4888 6
3418 4834 3588 4904 πατήρ
3627 4844 3701 4881 σου

466 4936 664 4993 parens
711 4919 955 4977 Adamus
998 4930 1147 4975 veste
1185 4933 1214 4973 a
1262 4918 1371 4973 Deo
1410 4928 1663 4974 contexta
1699 4920 1754 4974 in
1796 4923 2041 4991 paradiso

2152 4927 2180 4976 6
2226 4925 2398 4995 Ἀδὰμ
2446 4920 2515 4995 ἦν
2573 4928 2632 4978 ἐν
2680 4924 2758 4996 τῷ
2812 4926 3125 4996 παραδείσῳ
3167 4926 3588 4997 ἀναϐαλλόμενος
3622 4919 3701 4987 τήν

468 5014 693 5069 indutus
732 5013 850 5078 fuit,
883 5014 1033 5066 illum
1065 5012 1268 5067 adoriri
1299 5012 1552 5067 diabolus
1584 5029 1691 5067 non
1724 5014 1916 5082 potuit,
1956 5016 2043 5068 scd

2154 5017 2290 5070 Θεοῦ
2318 5018 2554 5087 ὑφαντὸν
2577 5018 2789 5087 στολὴν.
2813 5020 2914 5071 οὐκ
2941 5019 3125 5089 ἴσχυσε
3152 5020 3411 5090 ἐμπεσεῖν
3431 5017 3505 5088 τῷ
3530 5009 3700 5084 ἐχθρῷ.

468 5106 661 5177 procul
692 5105 760 5161 ab
786 5121 851 5161 eo
882 5106 1051 5175 fugit;
1093 5121 1219 5160 cum
1249 5120 1378 5159 vero
1405 5114 1673 5175 prvecepta
1723 5106 1817 5161 Dei
1872 5116 2043 5162 trans-

2155 5109 2292 5162 ἀλλὰ
2340 5109 2538 5179 ἔφευγε
2591 5109 2808 5181 μακρὰν
2857 5112 2953 5164 ἀπ’
2999 5110 3199 5164 αὐτοῦ’
3253 5113 3384 5165 ὃταν
3429 5110 3484 5163 δὲ
3528 5102 3701 5175 γυμνὸς

472 5212 695 5269 gressus
723 5199 903 5254 nudus
932 5200 1152 5264 mansit,
1188 5206 1319 5253 tunc
1352 5200 1480 5253 vicit
1510 5199 1660 5252 illum
1689 5199 1959 5255 diabolus.

2156 5201 2359 5271 ἔμεινε,
2393 5202 2494 5272 τὴν
2529 5202 2751 5272 ἐντολὴν
2777 5202 2871 5255 τοῦ
2910 5201 3045 5260 Θεοῦ
3096 5203 3373 5274 παραϐὰς,
3414 5199 3530 5252 τότε
3564 5195 3589 5248 ὁ
3620 5195 3704 5244 Πο-

2156 5291 2321 5363 νηρὸς
2354 5292 2656 5363 ἐκράτησεν
2684 5294 2867 5348 αὐτόν.

1111 5376 1260 5431 CAP.
1298 5377 1412 5431 XV.

2798 5383 2956 5438 ΚΕΦ.
3002 5383 3100 5437 ΙΕ’.

851 5465 1029 5520 Tertia
1063 5470 1315 5536 serpentis
1354 5472 1669 5538 proprietas.

2570 5479 2739 5545 Τρίτῃ
2780 5477 2964 5545 φύσις
2994 5476 3101 5531 τοῦ
3130 5478 3334 5548 ὄφεως.

548 5552 606 5610 Si
633 5556 852 5627 quando
872 5572 1101 5627 serpens
1140 5560 1209 5614 ab
1252 5559 1471 5615 homine
1512 5564 1735 5630 petitur,
1771 5572 1936 5634 caput
1968 5565 2055 5619 ille

2232 5567 2338 5620 Τοῦ
2386 5568 2676 5641 ἀνθρώπου
2725 5571 2887 5623 αὐτὸν
2934 5571 3358 5643 ἀποκεραμῆσαι
3416 5564 3702 5638 ἰχνεύονταξ.

471 5662 678 5705 tantum
709 5648 965 5714 custodit,
998 5652 1263 5720 reliquum
1295 5654 1541 5720 corporis
1565 5656 1805 5709 exhibet.

2160 5660 2283 5711 ὅλον
2316 5660 2375 5711 τὸ
2416 5660 2573 5731 σῶμα
2618 5661 2971 5731 παραδίδωσι,
3015 5663 3115 5732 τὴν
3150 5662 3385 5731 κεφαλὴν
3421 5662 3577 5728 μόνην
3615 5665 3696 5715 Ψυ¹¹

2166 5767 2372 5805 ιασσει.

555 5838 569 5867 ¹
600 5840 741 5897 Psal.
769 5860 877 5911 xei,
924 5848 1005 5901 I5.
1080 5850 1097 5877 ³
1138 5850 1323 5903 Matth.
1361 5866 1410 5912 ι,
1452 5850 1531 5905 l6.
1640 5855 1658 5883 ³
1694 5853 1882 5908 Matth.
1916 5874 2009 5913 vn.
2048 5863 2129 5914 l6.
