3988 6434
332 389 440 448 529

944 523 1277 595 Ἔρμηνεῑα.

398 613 721 688 Ὀφείλομεν
765 607 860 668 οὖν
907 617 1000 670 καὶ
1039 619 1202 688 ἡμεῖς
1247 619 1306 670 ὲν
1354 615 1531 689 καιρῷ
1593 617 1901 688 πειρασμοῦ

311 705 435 758 ὅλον
464 704 526 758 τδ
557 706 721 776 σῶμα
756 706 973 780 θανάτῳ
1001 709 1362 779 παραδοῦναι,
1396 709 1562 780 μόνην
1601 709 1700 781 τὴν
1730 727 1902 779 κεφα-

313 797 414 868 λὴν
449 797 809 867 φυλάττοντες
834 817 848 832 ·
882 801 1150 868 τουτέστι,
1192 802 1283 856 τὸν
1319 802 1557 874 Χριστὸν
1589 803 1666 872 μὴ
1704 802 1901 874 ἀρνού-

316 905 496 957 μενοι,
528 888 667 962 ὄπερ
696 891 912 945 ἐποίουν
951 895 1004 947 oi
1033 893 1178 963 ἅγιοι
1217 894 1528 966 μάρτυρεςο
1575 895 1638 950 Ἠ
1668 895 1902 966 κεφαλὴ

309 978 429 1047 γὰρ
444 980 672 1048 παντὸς
692 980 916 1051 ἀνδρὸς
936 985 970 1037 ὀ
989 985 1246 1052 Χριστός
1258 984 1450 1049 ἐστιν,
1473 984 1550 1048 ὼς
1565 982 1902 1056 γέγραπται.

953 1095 1112 1150 ΚΕΦ.
1141 1097 1262 1164 ις’.

680 1186 934 1255 Τετάρτη
967 1189 1154 1257 φύσις
1191 1189 1298 1243 τοῦ
1338 1188 1547 1258 ὄφεως.

393 1273 568 1327 Ὅταν
599 1275 691 1329 ἐπὶ
717 1277 819 1348 τὴν
847 1278 1030 1350 πηγὴν
1061 1279 1156 1332 τοῦ
1191 1278 1337 1352 ὕδωρ
1365 1281 1507 1333 πιεῖν
1541 1277 1669 1350 ἔλθῃ
1695 1279 1724 1332 ό
1757 1279 1901 1347 δφις,

316 1367 383 1419 οὑ
413 1367 570 1438 φέρει
597 1368 691 1421 τὸν
722 1367 820 1435 Iov,
853 1370 992 1424 ἀλλὰ
1012 1388 1076 1440 γε
1093 1372 1254 1439 ἀφεὶς
1284 1371 1447 1424 αὑτὸν
1475 1371 1532 1424 ἐν
1563 1372 1630 1440 τῇ
1667 1371 1902 1440 νεοττιᾷ,

313 1458 462 1511 οὕτω
498 1459 741 1530 καθαρὸς
773 1461 1086 1532 πορεύεται,
1125 1463 1212 1516 ἴνα
1255 1463 1330 1535 μὴ
1357 1464 1486 1525 τοὺς
1517 1461 1577 1529 ἐξ
1608 1461 1780 1533 αὐτῆς
1808 1460 1904 1515 πί-

315 1565 510 1614 νοντας
539 1535 1026 1624 φαρμακεύσηταί.

943 1666 1278 1736 Ἐρμηνείιτ.

400 1755 716 1827 Ὀφείλομεν
734 1756 833 1828 μὲν
850 1753 1054 1811 οὖνκαὶ
1079 1758 1243 1828 ἡμεῖς
1269 1755 1361 1810 ἐπὶ
1385 1755 1447 1808 τὸ
1469 1752 1700 1809 ἀένναόν
1726 1770 1786 1807 τε
1812 1753 1906 1807 καὶ

310 1848 522 1903 ἄκακον
547 1847 695 1919 ὕδωρ
720 1849 1062 1914 σπεύδοντες,
1102 1850 1167 1902 τὸ
1196 1847 1307 1901 τῶν
1337 1847 1500 1901 θείων
1535 1847 1630 1901 καὶ
1669 1847 1906 1916 ἐπουρα-

1682 401 2184 462 PIIYSIOLOGUS.
3459 449 3462 452 ,
3487 395 3592 449 530

2595 511 3000 591 linterpretatio.

2081 616 2350 673 Debemus
2382 612 2548 685 igitur
2578 620 2635 669 et
2665 627 2766 668 nos
2792 612 2848 666 in
2877 619 3125 680 tempore
3159 607 3390 678 periculi
3423 613 3600 661 totum

2009 727 2210 782 corpus
2260 711 2424 766 morti
2467 708 2805 773 concedere,
2852 707 3032 763 solum
3077 711 3244 774 caput
3295 702 3600 762 custodire,

2010 803 2114 863 hoc
2165 810 2272 869 est,
2322 801 2603 858 Christum
2658 814 2770 855 non
2823 799 3096 862 deserere,
3137 793 3602 866 quemadmodum

2009 895 2187 952 sancti
2239 902 2510 966 martyres
2558 890 2829 949 fecerunt.
2879 888 3069 945 Omnis
3113 887 3255 942 enim
3293 885 3392 941 viri
3449 893 3605 950 caput

2008 986 2254 1044 Christus
2285 993 2385 1052 est,
2421 992 2480 1040 ut
2504 983 2580 1040 ait
2618 981 2906 1053 Scriptura
2930 981 2972 1035 ³.

2627 1093 2785 1151 CAP.
2826 1089 2972 1148 XVI.

2363 1189 2570 1256 Quarta
2605 1185 2864 1254 serpentis
2893 1181 3212 1254 proprietas.

2079 1281 2217 1336 Cum
2265 1294 2496 1350 serpens
2542 1277 2611 1333 ad
2656 1276 2865 1332 fontem
2909 1280 2971 1330 ut
3016 1271 3171 1329 bibat
3207 1266 3406 1342 pergit,
3445 1264 3600 1321 virus

2011 1387 2122 1429 non
2155 1371 2355 1437 defert,
2378 1370 2476 1428 sed
2508 1371 2563 1426 in
2594 1376 2758 1424 antro
2779 1366 2918 1423 illud.
2934 1364 3184 1432 dimittit,
3209 1362 3404 1432 sicque
3425 1373 3600 1429 purus

2011 1465 2252 1534 accedit,
2282 1480 2354 1522 ne
2379 1481 2449 1523 ex
2485 1463 2598 1522 illis
2639 1460 2801 1535 aquis
2840 1460 3093 1518 bibentes
3125 1469 3341 1514 veneno
3367 1450 3597 1508 inﬁciat.

2598 1660 2628 1717 1
2633 1660 3001 1731 nterpretatio.

2084 1757 2356 1815 Debemus
2388 1754 2559 1826 igitur
2594 1763 2650 1811 et
2679 1769 2788 1810 nos
2815 1753 2912 1824 qui
2943 1752 3012 1808 ad
3051 1761 3352 1823 perennem
3378 1758 3602 1818 puram-

2010 1867 2120 1923 que
2145 1859 2202 1906 et
2233 1849 2438 1906 divinis
2470 1863 2538 1904 ac
2578 1847 2905 1904 cwlestibus
2935 1843 3172 1916 eloquiis
3197 1839 3600 1898 scaturientem

313 1937 446 1991 νίων
488 1911 688 2007 λογίων
723 1939 784 1992 ὲν
827 1942 892 2010 τῇ
939 1911 1218 1993 τού-θεοῦ
1262 1937 1562 2010 Ἐκκλησία
1602 1911 1896 2010 γέμονξμὲ

2025 1911 2209 2015 Iquam
2240 1942 2298 1998 in
2343 1941 2438 1998 Dei
2475 1939 2728 1997 Ecclesia
2761 1911 3147 2010 properamus,
3175 1931 3401 1989 malitiae
3436 1943 3605 1985 vene-

310 2030 504 2100 φέρειν
562 2031 662 2085 σὺν
693 2033 827 2102 ἡμῖν
864 2031 958 2085 τὸν
989 2032 1088 2103 τῆς
1125 2031 1326 2094 κακίας
1372 2031 1471 2094 ίὺν,
1515 2030 1577 2083 οὐ
1625 2029 1732 2101 μὴν
1769 2029 1907 2083 ἀλλὰ

311 2123 498 2174 πᾶσαν
523 2121 722 2175 κακίαν
749 2121 844 2176 καὶ
867 2122 1155 2194 λοιδορίαν,
1189 2123 1298 2176 πᾶν
1327 2139 1386 2175 τε
1409 2120 1648 2193 πονηρὸν
1668 2119 1907 2192 ἐνθύμη-

311 2230 396 2284 μα
421 2213 661 2282 ἀφεῖναι..
695 2214 790 2268 καὶ
819 2213 994 2278 οὕτως
1032 2214 1252 2286 ἄμωμοί
1292 2230 1353 2266 τε
1397 2213 1493 2266 καὶ
1531 2211 1765 2284 καθαροὶ
1803 2228 1905 2264 πο-

308 2302 600 2373 ρευθῶμεν
628 2305 689 2358 ἐν
729 2307 797 2375 τῇ
845 2302 940 2358 τοῦ
985 2303 1225 2375 Χριστοῦ
1270 2302 1589 2375 Ἐκκλησία,
1634 2303 1784 2366 ὅπως
1827 2300 1904 2373 μὴ

305 2395 410 2466 τὴν
436 2394 717 2468 ἡμετέραν
733 2395 913 2468 ψυχὴν
939 2394 1593 2470 καταφαρμακεύσωμεν.

960 2508 1122 2562 ΚΕΦ.
1153 2509 1254 2562 ΙΖ’.

777 2599 920 2669 Περὶ
953 2597 1062 2668 τῆς
1087 2599 1426 2669 μύρμηκος.

389 2691 451 2746 '0
491 2688 745 2762 Σολομὼν
792 2687 944 2745 εἶπεν
988 2693 1046 2744 ἐν
1075 2693 1197 2756 ταῖς
1227 2689 1577 2761 Παροιμίαις·
1615 2689 1720 2744 Ἴθι
1749 2687 1900 2757 πρὸς

301 2781 424 2850 τὴν
448 2780 752 2851 μύρμηκα,
790 2774 840 2835 ὦ
871 2778 1111 2847 ὀκνηρέ.
1152 2776 1214 2831 '0
1254 2776 1575 2848 φυσιολόγος
1609 2770 1730 2829 εἷπε
1771 2773 1900 2845 περὶ

298 2874 405 2943 τῆς
439 2870 734 2943 μύρμηκος
761 2871 861 2942 τῆς
882 2869 1083 2935 πολλὰς
1113 2868 1306 2939 φύσεις
1333 2867 1584 2939 ἐχούσης.

621 2983 827 3052 Πρώτη
860 2985 1048 3054 φύσις
1087 2981 1198 3051 τῆς
1240 2983 1576 3052 μύρμηκος.

374 3075 548 3128 Ὅταν
572 3073 848 3143 ἐπιμελῶς
871 3071 1162 3143 βαδίζωσιν
1199 3071 1430 3126 ἕκασται
1453 3068 1781 3140 κομίζουσαι
1805 3068 1898 3123 τὸν

296 3166 528 3231 κόκκον,
553 3166 650 3218 καὶ
677 3166 737 3218 οὐ
764 3162 989 3234 λέγουσι
1019 3166 1132 3226 τοῖς
1158 3163 1408 3234 φέρουσι,
1445 3163 1576 3215 Δότε
1605 3161 1759 3232 ἡμῖν,
1786 3159 1896 3214 οὐδ’

2008 2050 2141 2090 num
2171 2033 2465 2089 nobiscum
2512 2046 2628 2088 non
2674 2030 2919 2095 deferre,
2965 2027 3064 2086 sed
3101 2039 3322 2082 omnem
3368 2023 3605 2094 pravita-

2008 2134 2117 2182 tem
2144 2139 2212 2180 ac
2236 2123 2480 2197 iurgium
2510 2131 2567 2180 et
2590 2137 2811 2180 omnem
2847 2120 3050 2177 malam
3080 2117 3472 2189 cogitationem
3503 2113 3602 2168 de-

2005 2232 2234 2288 ponere,
2267 2218 2459 2288 sicque
2497 2216 2752 2272 insontes
2789 2221 2845 2271 et
2890 2211 3016 2285 puri
3054 2209 3356 2266 Ecclesiam
3393 2204 3603 2264 Christi

2003 2309 2295 2378 adeamus,
2329 2323 2400 2365 ne
2426 2307 2613 2364 anima
2641 2314 2832 2364 nostra
2859 2316 3072 2362 veneno
3105 2301 3407 2358 inﬁciatur.

2610 2502 2768 2560 CAP.
2810 2499 2976 2557 XVII.

2618 2595 2697 2652 De
2729 2595 2980 2666 formica.

2074 2690 2167 2746 Alt
2199 2689 2458 2746 Salomon
2497 2689 2557 2745 in
2599 2688 2916 2745 Proverbiis
2947 2705 2960 2742 :
3010 2684 3153 2741 Vade
3187 2686 3256 2739 ad
3288 2681 3597 2753 formicam,

2002 2800 2033 2839 ο
2061 2785 2266 2856 piger'.
2303 2782 2670 2856 Pbysiologus
2715 2783 2922 2839 multas
2969 2781 3343 2854 proprietates
3396 2776 3601 2832 habere

2001 2891 2123 2934 eam
2151 2875 2311 2933 dicit.

2394 2985 2584 3040 Prima
2613 2986 2911 3055 proprietas
2941 2984 3204 3054 formica.
3286 3006 3298 3019 -

2072 3077 2208 3136 Cum
2238 3079 2478 3134 sollicite
2507 3079 2854 3146 discurrunt,
2878 3085 2933 3134 et
2963 3078 3192 3148 singulae
3213 3089 3444 3148 granum
3473 3089 3600 3143 por-

1999 3177 2141 3235 tant,
2173 3185 2204 3224 a
2249 3170 2562 3225 ferentibus
2607 3184 2799 3224 vacua:
2832 3184 2933 3224 nec
2974 3176 3189 3240 petunt,
3220 3182 3322 3222 nec
3353 3166 3404 3221 vi
3444 3165 3598 3221 aufe-

296 3256 641 3327 ἀρπὰζουσιν
679 3256 774 3310 ἀπ’
801 3253 1001 3320 αὐτῶν,
1043 3253 1160 3309 ἀλλ’
1189 3252 1488 3325 αὐτόματοι
1515 3270 1578 3307 τε
1606 3251 1890 3319 ξυλλὲξου-

2026 3268 2146 3330 unt,
2173 3261 2269 3317 sed
2304 3275 2649 3333 unaquaeque
2677 3260 2941 3334 colligere
2969 3259 3078 3317 sibi
3111 3261 3317 3316 studet.

299 3363 394 3401 σαι
421 3348 664 3419 οἴχονται
693 3346 973 3401 ἀπιοῦσαι.

927 3460 1266 3532 Ἐρμηνεία.

376 3553 558 3610 Ταῦτα
593 3555 684 3608 ἐπὶ
719 3554 831 3609 τῶν
872 3553 1168 3626 σωφρόνων
1208 3570 1270 3607 τε
1303 3553 1398 3608 καὶ
1447 3554 1648 3626 μωρῶν
1688 3555 1893 3628 παροέ-

299 3664 406 3702 νων
433 3647 619 3718 εὑρεῖν
638 3647 778 3701 ἔστι.

943 3763 1102 3816 ΚΕΦ.
1141 3763 1248 3820 IH'.

595 3852 851 3921 Δευτέρα
889 3854 1078 3922 φύσις
1109 3850 1218 3920 τῆς
1252 3853 1588 3922 μύρμηκος.

367 3936 544 3992 Ὅταν
587 3935 968 4008 ἀποταμιεύσῃ
1010 3937 1139 4001 τοὺς
1185 3937 1421 4000 κόκκους
1468 3939 1613 4008 ὲντῇ
1661 3935 1889 4008 ποίμνῃ,

285 4027 576 4098 διχοτομετ
602 4025 823 4090 αὐτοὺς,
857 4025 932 4097 μὴ
964 4024 1236 4096 χειμῶνος
1268 4025 1667 4091 καταλαϐόντος
1693 4025 1891 4080 σαπῶ-

291 4135 384 4172 σιν
431 4119 486 4172 of.
530 4117 743 4183 κόκκοι,
790 4118 888 4170 καὶ
921 4116 1388 4189 λιμοκτονηθῶσιν
1439 4118 1622 4172 αὐταί.
1667 4118 1732 4171 Ἦ
1780 4117 1890 4189 γὰρ

293 4208 527 4282 μύρμηξ
556 4208 866 4280 θυμόσοφος
882 4209 1246 4279 τυγχάνουσα,
1272 4212 1493 4280 προνοεῖ
1516 4209 1704 4281 καῦμα
1721 4200 1888 4282 μέγα,

287 4304 326 4372 ἦ
355 4302 455 4356 καὶ
483 4300 686 4373 βροχὴν
707 4299 985 4372 ἔρχεσθαι.
1010 4301 1399 4372 Θεωρουμένου
1421 4301 1479 4354 δὲ
1502 4299 1598 4354 σοῦ
1622 4301 1721 4373 τὴν
1751 4303 1891 4373 μύρ-

292 4411 454 4465 μηκα
479 4393 572 4447 τὸν
601 4393 802 4447 κόκκον
830 4391 924 4446 τοῦ
954 4393 1104 4447 σίτου
1135 4394 1216 4457 εἰς
1243 4393 1340 4463 τὴν
1369 4393 1510 4464 ὀπὴν
1543 4393 1888 4464 είσκομίζου-

289 4502 419 4550 σαν,
457 4484 751 4556 ἐρχόμενον
781 4484 892 4547 νόει
931 4484 1024 4540 τὸν
1056 4484 1323 4557 χειμῶναο
1363 4484 1431 4555 ἦν
1457 4485 1514 4538 δὲ
1546 4486 1888 4558 ἐκφέρουσαν

287 4579 519 4650 (ladem,
546 4578 792 4650 γαλήνην
822 4577 1090 4651 ἐσομένην
1122 4577 1314 4647 γνῶθι.

927 4693 1260 4764 Ἑρμηνεία.

359 4807 476 4863 Καὶ
517 4809 582 4861 σὺ
627 4801 740 4872 οὖν,
770 4801 816 4861 ὦ
841 4807 1114 4880 ἄνθρωπε,
1148 4808 1217 4862 τὰ
1252 4809 1353 4880 τῆς
1381 4808 1622 4874 Παλαιᾶς
1664 4810 1886 4882 ῥήματα

2588 3464 2993 3535 Interpretatio.

2068 3551 2197 3610 Haec
2241 3552 2296 3610 in
2343 3554 2712 3625 prudentibus
2747 3564 2804 3613 et
2848 3555 3016 3612 fatuis
3055 3555 3366 3628 virginibus
3398 3555 3596 3627 depre-

1996 3645 2316 3704 henduntur
2338 3648 2378 3704 ³.

2603 3759 2758 3817 CAP.
2800 3759 2991 3816 XVIII.

2353 3849 2601 3907 Secunda
2631 3855 2930 3923 proprietas
2964 3853 3222 3924 formicis.

2066 3941 2205 3997 Cum
2244 3941 2302 3997 in
2342 3941 2558 3997 cellulis
2593 3958 2770 4013 grana
2804 3944 3075 4009 condunt,
3121 3943 3178 3998 in
3223 3943 3365 4000 duas
3405 3953 3590 4016 partes

1994 4035 2090 4090 illa
2131 4034 2407 4100 dividunt,
2455 4051 2527 4092 ne
2576 4035 2760 4092 hieme
2812 4036 3108 4107 ingruente
3146 4044 3491 4108 putrescant,
3535 4048 3591 4095 et

1994 4127 2132 4198 ipsae
2161 4127 2307 4182 l‘ame
2343 4137 2591 4199 pereant.
2627 4126 2885 4182 Formica
2924 4129 3072 4184 enim
3100 4143 3228 4184 cum
3267 4130 3342 4186 sit
3383 4130 3587 4184 animal

1993 4221 2194 4288 solers,
2227 4229 2282 4276 et
2315 4230 2512 4277 aestum
2544 4223 2678 4279 solis
2705 4222 2936 4276 nimium
2959 4229 3014 4275 et
3041 4223 3337 4278 hibernum
3368 4233 3587 4292 tempus

1995 4313 2300 4383 praesentit.
2347 4311 2538 4384 Itaque
2573 4330 2700 4370 cum
2732 4328 2853 4369 eam
2893 4314 3102 4370 videris
3132 4315 3376 4370 triticum
3407 4316 3462 4369 in
3493 4332 3587 4369 ca-

1992 4418 2220 4460 vernam
2265 4404 2619 4472 condentem,
2671 4405 2908 4462 hiemem
2960 4407 3259 4464 adventare
3302 4408 3584 4480 intelligo,

1995 4493 2043 4547 si
2079 4508 2211 4549 vero
2241 4495 2378 4550 illud
2414 4505 2572 4551 extra
2599 4496 2928 4554 educentem
2958 4498 3133 4572 ipsam
3166 4499 3397 4567 videris,
3431 4507 3588 4556 tran-

1917 4595 1963 4650 D
1992 4584 2223 4656 quillum
2256 4587 2465 4644 instare
2502 4597 2722 4659 tempus
2750 4591 2911 4646 scito.

2592 4701 2988 4774 Imerpretatio.

2063 4810 2144 4866 Tu
2175 4828 2328 4878 vero,
2363 4829 2396 4868 o
2421 4813 2608 4880 homo,
2648 4831 2936 4874 sermones
2961 4827 3173 4875 veteres
3208 4820 3280 4875 ab
3317 4821 3580 4892 spiritua-

283 4900 354 4952 ἑκ
398 4896 509 4951 τῶν
559 4897 946 4969 πνευματικῶν
997 4897 1296 4952 διάστελλε.
1355 4899 1426 4954 Τό
1483 4901 1595 4971 γὰρ
1647 4901 1884 4970 γράμμα

2031 4906 2133 4961 bus
2163 4921 2382 4977 separa.
2416 4906 2619 4962 Littera
2642 4909 2782 4963 enim
2806 4911 3114 4979 interﬁcit‘.
3138 4915 3205 4965 Et
3225 4912 3431 4969 Paulus
3456 4916 3534 4968 ait
3558 4933 3575 4970 :
3661 4957 3664 4959 Α

279 4989 651 5045 ἀποκτείνει.
670 4988 884 5053 Παῦλος
907 4989 1017 5063 γὰρ
1041 4987 1213 5044 εἶπενο
1255 4990 1308 5043 Ὁ
1341 4991 1526 5062 νόμος
1557 5007 1882 5061 πνευματι-

1990 4995 2101 5051 Lex
2120 4997 2419 5065 spiritualis
2460 4998 2598 5055 est".
2631 4999 2806 5056 Judaei
2841 5009 3027 5056 autem
3065 5002 3172 5076 legi
3212 5005 3439 5063 minime
3478 5006 3577 5063 ad-

284 5086 400 5151 κός
442 5084 595 5139 ἐστι.
637 5084 776 5155 Πρὶν
821 5084 934 5157 γὰρ
978 5084 1058 5157 τῷ
1109 5085 1260 5159 νόμῳ
1294 5086 1372 5158 μὴ
1416 5086 1782 5160 προσέχοντες
1832 5089 1882 5140 οἱ

2025 5097 2284 5160 arentes,
2312 5089 2456 5147 fame
2495 5091 2797 5163 perierunt.

296 5175 546 5231 Ἰουδαῖοι
575 5175 1102 5248 ἐλιμοκτονήθησαν.

926 5287 1085 5341 ΚΕΦ.
1127 5287 1229 5344 ῙΘ’.

749 5379 892 5448 Περὶ
934 5379 1046 5449 τῆς
1075 5379 1407 5450 ἀλώπεκος.

367 5470 433 5524 Ἦ
463 5470 692 5544 ἀλώπηξ
725 5472 846 5525 Earl.
883 5472 1223 5546 πολύτροπον
1262 5473 1420 5539 ζῶον.
1469 5475 1783 5532 Πεινάσασα
1815 5477 1875 5533 δὲ

2599 5296 2750 5353 CAP.
2798 5295 2937 5355 XIX.

2635 5388 2710 5444 De
2740 5389 2912 5460 vulpe.

2056 5478 2260 5550 Vulpes
2302 5488 2590 5537 versutum
2620 5490 2707 5539 est
2745 5483 2970 5540 animal.
3009 5486 3147 5540 Cum
3191 5486 3337 5542 enim
3368 5491 3565 5558 esurit,

269 5563 377 5616 καὶ
405 5563 690 5636 ἀποροῦσα
719 5565 948 5638 τροφῆς,
987 5566 1292 5639 ἀπέρχεται
1333 5567 1426 5621 ἐπὶ
1456 5570 1582 5634 τοὺς
1609 5569 1873 5642 ἡλιακοὺς

2025 5580 2038 5628 ι
2069 5572 2195 5628 cibo
2220 5581 2396 5639 caret,
2440 5575 2628 5646 aprica
2656 5576 2777 5631 loca
2808 5576 2946 5643 adit,
2984 5586 3039 5634 et
3067 5577 3218 5634 humi
3247 5588 3418 5637 strata
3447 5583 3568 5637 ani-

265 5653 502 5720 τόπους,
536 5657 987 5729 καταρῤίπτουσα
1012 5658 1182 5730 αὐτὴν
1213 5661 1272 5725 ὲς
1300 5661 1426 5732 γῆν,
1452 5661 1547 5716 καὶ
1563 5662 1870 5736 ἀνεχομένη

2025 5680 2237 5738 namque
2258 5666 2572 5735 continens,
2598 5683 2663 5726 ac
2689 5669 2960 5726 simulans
2978 5686 3038 5727 se
3065 5680 3338 5727 mortuam
3370 5675 3565 5745 supina

353 5803 368 5829 ‘
400 5809 422 5866 I
459 5810 587 5867 Cor.
625 5829 702 5877 XI,
731 5814 784 5868 3.
863 5818 882 5848 ¹
917 5814 1076 5874 Prov.
1115 5834 1187 5888 v1,
1222 5817 1272 5873 6.
1353 5819 1373 5850 ³
1403 5819 1593 5880 Matth.
1619 5835 1758 5897 _uv,
1799 5821 1824 5878 Ι
1870 5837 1990 5895 sqq.
2069 5823 2090 5856 ⁵
2121 5823 2166 5880 II
2189 5824 2316 5883 Cor.
2352 5841 2435 5893 ιιι,
2461 5823 2514 5882 6.
2591 5829 2612 5861 ⁸
2645 5825 2804 5884 Rom.
2839 5842 2934 5898 vn,
2979 5828 3067 5885 li.
