3988 6456
473 381 577 442 5⁵1

1730 394 1937 451 ΒυΒΙΑ
1969 392 2053 447 All

2159 393 2430 452 SPURIA.
3580 409 3666 466 551

475 500 640 574 jacet,
678 506 853 560 oculis
881 515 934 562 et
976 507 1208 579 pedibus
1254 525 1478 568 sursum
1517 512 1739 569 erectis.
1783 513 1925 572 Aves
1951 514 2053 568 ita-

2159 516 2258 585 τὴν
2291 518 2461 588 πνοὴν
2485 518 2576 570 καὶ
2602 519 2973 590 ὑποκρίνουσα
2997 518 3314 589 τεθνηκυῖαν
3336 525 3494 577 κεῖται
3517 523 3670 589 ὕπτια,

479 611 585 666 que
615 595 952 655 delabuntur
982 611 1041 656 ut
1071 603 1190 672 ipsa
1221 610 1559 666 vescantur;
1585 603 1676 660 illa
1706 621 1838 665 vero
1863 607 2053 679 arripit

2159 608 2284 670 τοὺς
2334 607 2646 680 ὀφθαλμούς
2694 627 2754 663 τε
2809 611 2903 665 καὶ
2963 611 3088 674 τοὺς
3127 611 3288 675 πόδας
3339 613 3441 666 ἄνω
3491 613 3654 683 ἔχουσα

477 704 569 743 cas
594 690 800 756 subito,
837 708 900 747 ac
931 709 1030 763 pro
1059 695 1212 750 libito
1244 695 1493 752 devorat.

1071 895 1472 965 lnterpretatio.

547 980 658 1037 Nec
727 986 888 1041 aliter
938 989 1193 1045 diabolus
1243 1005 1370 1046 cum
1426 993 1724 1063 illaqueare
1778 993 2051 1051 hominem

475 1073 616 1139 vult,
655 1082 830 1130 tentat
860 1078 1151 1148 ipsum,,ut
1197 1098 1363 1151 quam
1391 1085 1730 1155 negligenter
1759 1102 1816 1142 se
1843 1088 1898 1142 in
1931 1092 2054 1142 Ora-

477 1167 622 1221 tione
655 1177 838 1238 gerat;
878 1171 1067 1242 sicque
1108 1173 1364 1231 facillime
1390 1177 1659 1232 irretitur.

1110 1287 1261 1342 CAP.
1297 1287 1414 1344 XX.

1105 1378 1176 1433 De
1207 1390 1418 1434 noctua.

539 1465 628 1519 Ait
665 1465 876 1524 I’saltes
903 1487 914 1523 :
952 1469 1155 1526 Factus
1186 1489 1307 1527 sum
1339 1474 1477 1528 sicut
1509 1476 1819 1546 uycticorax
1841 1476 1879 1528 ¹.
1906 1473 2049 1546 Phy-

469 1557 715 1628 siologus
749 1559 920 1630 igitur
953 1576 1108 1616 avem
1148 1579 1271 1618 esse
1303 1563 1438 1618 dicit
1469 1572 1742 1620 amantem
1768 1565 1939 1634 magis
1973 1571 2052 1617 te-

468 1646 668 1702 nebras
689 1663 856 1717 quam
887 1651 1079 1705 lucem.

1065 1761 1462 1832 Interpretatio.

2172 697 2586 768 Ἐπερχομένων
2606 699 2661 752 δὲ
2680 700 2789 752 τῶν
2812 699 3095 760 πετεινῶν,
3123 701 3215 753 καὶ
3229 701 3390 772 αὐτὴν
3414 702 3673 759 κατεσθίω

2160 785 2516 857 βουλομένων,
2549 787 2729 859 ἐκείνη
2767 789 2998 858 ἑτοίμως
3029 787 3166 842 αὐτὰ
3197 792 3395 861 κρατεῖ.

2782 902 3119 969 Ἐρμηνεία.

2227 989 2384 1042 Οὕτω
2429 990 2525 1044 καὶ
2572 993 2602 1043 ὁ
2651 991 2896 1056 διάϐολος
2944 991 3265 1061 παγιδεῦσαι
3308 993 3394 1045 τὸν
3435 993 3672 1065 ἄνθρωποι

2158 1080 2500 1150 βουλόμενος,
2539 1083 2884 1156 διαπειράζει
2916 1084 3099 1150 αὑτὸν,
3125 1085 3271 1148 ὅπως
3299 1084 3499 1153 ἀμελῶς
3521 1085 3666 1154 ἔχητε

2154 1172 2254 1240 τῆς
2282 1173 2616 1243 προσευχῆς,
2647 1175 2740 1228 καὶ
2771 1176 2944 1245 ῥᾷστα
2973 1175 3146 1241 οὕτως
3174 1175 3440 1243 παγιδεύει
3465 1177 3620 1230 αὐτόν.

2811 1285 2968 1336 ΚΕΦ.
3005 1286 3088 1338 K'.

2561 1375 2700 1444 Περὶ
2736 1374 2844 1428 τοῦ
2875 1377 3323 1442 νυχτικόρακος.

2223 1463 2391 1534 Φησὶν
2412 1465 2440 1516 ὁ
2461 1465 2785 1536 Ψαλμῳδόςο
2818 1467 3140 1536 Ἐγενόμην
3171 1465 3313 1519 ὡσεὶ
3343 1462 3682 1530 νυκτικόραξ.

2164 1557 2223 1610 Ὀ
2251 1555 2382 1623 γοῦν
2406 1555 2724 1625 φυσιολόγος
2751 1555 2900 1624 λέγει
2923 1556 3076 1610 court
3099 1556 3161 1609 τὸ
3187 1555 3424 1609 πετεινὸν
3447 1554 3684 1624 ὑπεραγα-

2154 1648 2261 1717 πᾷν
2287 1646 2385 1716 τὴν
2415 1646 2589 1702 νύκτα
2649 1647 2681 1716 ἢ
2708 1647 2808 1718 τὴν
2833 1647 3066 1718 ἡμέραν.

2781 1760 3121 1832 Ἐρμηόρείω

445 1865 450 1870 ·
539 1845 635 1900 Sic
666 1845 936 1904 Dominus
983 1862 1174 1908 noster
1217 1852 1380 1910 Jesus
1414 1854 1670 1912 Christus
1717 1856 1908 1911 dilexit
1949 1871 2050 1912 nos

2225 1854 2411 1917 οὕτως
2446 1857 2540 1908 καὶ
2576 1857 2605 1907 ὁ
2634 1855 2838 1927 Κύριος
2866 1855 3025 1927 ἡμῶν
3071 1853 3274 1925 Ἰησοῦς
3319 1851 3535 1924 Χριστὸς
3575 1849 3687 1919 me-

467 1935 725 1990 sedentes
756 1938 811 1992 in
837 1941 1082 1997 tenebris
1105 1952 1162 1998 et
1188 1945 1242 1998 iu
1269 1946 1464 2001 umbra
1493 1949 1690 2004 mortis
1710 1950 1754 2013 ',
1812 1951 1916 2006 hoc
1941 1959 2047 2014 est,

462 2016 710 2097 gentium
734 2032 1000 2100 populum
1026 2037 1231 2090 amavit
1262 2038 1438 2107 magis
1485 2055 1652 2110 quam
1686 2039 1926 2108 Iudaeos,
1957 2044 2048 2113 qui

465 2119 598 2174 olim
635 2122 986 2193 adoptionem
1036 2130 1643 2204 repromissionemque
1668 2134 1724 2190 in
1759 2134 1924 2193 Patre
1953 2137 2050 2191 ha-

464 2214 724 2268 buerunt.
768 2216 1136 2281 Quamobrem
1173 2223 1428 2278 Salvator
1455 2225 1595 2280 dixit
1629 2245 1642 2281 :
1677 2225 1810 2281 Noli
1846 2227 2048 2292 timere,

465 2308 697 2375 pusillus
749 2325 899 2380 grex,
943 2314 1068 2383 quia
1111 2317 1435 2385 complacuit
1477 2319 1636 2374 Patri
1684 2329 1875 2386 vestro,
1921 2322 2051 2377 dare

465 2398 608 2453 vobis
637 2417 856 2470 regnum
883 2404 924 2458 ³.
957 2403 1138 2470 Dices,
1167 2408 1390 2480 Impura
1422 2411 1539 2468 avis
1568 2419 1651 2467 est
1681 2422 1881 2468 noctua
1914 2433 1927 2466 :
1963 2421 2049 2466 at-

463 2491 558 2559 qui
605 2490 858 2548 Salvator
905 2511 1003 2564 per
1048 2499 1374 2568 Apostolum
1415 2502 1555 2558 dixit
1592 2521 1606 2557 :
1647 2502 1783 2558 Eum
1825 2506 1914 2575 qui
1947 2522 2052 2560 non

465 2594 676 2635 noverat
711 2596 1005 2654 peccatum,
1036 2605 1131 2656 pro
1154 2592 1306 2646 nobis
1336 2606 1606 2660 peccatum
1631 2595 1793 2665 fecit‘
1827 2613 1841 2650 :
1876 2596 2052 2650 humi-

465 2671 620 2724 liavit
648 2673 914 2744 scipsum,
953 2687 1011 2731 ut
1049 2680 1318 2737 exultaret
1343 2698 1444 2737 nos
1473 2702 1484 2736 :
1522 2683 1721 2738 Factus
1745 2693 1823 2740 est
1846 2686 2047 2749 omnia,

465 2770 520 2813 ut
559 2778 736 2816 oumcs
767 2765 943 2820 salvos
977 2766 1238 2836 faceret”.

1091 2969 1244 3026 CAP.
1289 2970 1429 3026 XXI.

1135 3061 1214 3117 De
1244 3079 1362 3132 ape.

535 3153 626 3206 Ait
666 3153 900 3225 Sapiens
935 3176 946 3210 :
986 3157 1166 3212 Parva
1213 3161 1351 3214 inter
1393 3177 1513 3216 aves
1549 3171 1627 3216 est
1659 3162 1796 3230 apis,
1823 3172 1873 3218 et
1901 3163 2049 3232 prist-

464 3247 659 3315 cipium
686 3247 1027 3303 dulcedinum
1049 3249 1256 3319 [ructus
1277 3254 1425 3309 illius
1453 3254 1495 3307 °.

1056 3361 1454 3434 Interpretatio.

539 3448 698 3504 Haud
761 3453 922 3507 aliter
988 3454 1176 3511 divina
1239 3471 1407 3527 opera
1467 3458 2053 3526 incomprehensibilia

469 3548 599 3595 sunt
635 3541 690 3594 iu
730 3540 1072 3612 hon‘iinibus,
1102 3557 1161 3601 et
1181 3547 1461 3603 mirabilia
1491 3549 1546 3602 in
1573 3548 1833 3615 excelsis,
1874 3557 1930 3604 et
1961 3564 2056 3604 su-

469 3647 568 3703 per
595 3632 700 3686 mel
734 3642 788 3686 et
817 3633 1005 3688 favum
1045 3651 1110 3690 ac
1152 3652 1320 3707 super
1354 3647 1540 3693 creata
1570 3640 1758 3694 omnia
1779 3639 2052 3696 dulciora.

1081 3749 1238 3805 CAP.
1281 3749 1448 3805 XXII.

1004 3840 1081 3896 De
1106 3844 1344 3898 terrestri
1372 3860 1530 3898 rana.

541 3938 846 3995 Terrestris
893 3937 1009 3993 haec
1062 3951 1198 3991 rana
1253 3939 1494 3992 calorem
1541 3935 1676 3992 solis
1723 3935 1949 4006 excipit,
2000 3945 2056 3992 et

477 4034 624 4100 gelu,
674 4032 900 4097 imbres,
933 4043 1144 4102 ventos,
1193 4045 1248 4090 et
1296 4035 1558 4092 hibernas
1599 4042 1957 4106 tempestates
2000 4043 2058 4092 et

477 4125 658 4178 omnia
689 4126 944 4189 sustinet,
979 4136 1037 4182 et
1069 4127 1138 4181 de
1183 4127 1330 4182 nulls
1374 4140 1434 4182 re
1475 4126 1759 4198 desperat.
1789 4126 2055 4198 Aquatica

474 4232 610 4272 vero
639 4217 776 4273 nihil
805 4220 1004 4273 horum
1027 4219 1262 4275 tolerare
1285 4227 1500 4288 potest:
1525 4235 1742 4286 verum,
1761 4219 2056 4290 ingruente

479 4309 680 4372 hieme,
713 4309 949 4379 seipsam
993 4310 1048 4365 in
1082 4310 1419 4380 profundum
1450 4309 1716 4378 demittit,
1763 4311 1880 4367 sole
1920 4325 2054 4366 vero

472 4401 746 4456 emicante
777 4417 1069 4471 emergens
1107 4401 1320 4471 placide
1351 4401 1670 4468 incalescit;
1701 4416 1828 4457 eum
1866 4410 2052 4456 autem

475 4491 608 4544 solis
648 4493 798 4546 calor
839 4492 1158 4558 increverit,
1207 4501 1352 4547 terre
1386 4492 1546 4547 illum
1591 4507 1702 4548 non
1747 4500 1950 4562 potest,
1991 4505 2055 4547 ac

475 4585 658 4637 denuo
689 4585 741 4636 in
779 4585 1117 4652 profundum
1149 4599 1273 4640 sese
1307 4585 1519 4654 dejicit.

1063 4773 1460 4843 lnterpretatio.

549 4867 642 4923 Sic
668 4875 724 4922 et
747 4866 839 4938 qui
888 4867 1065 4922 otiose
1103 4866 1310 4937 degunt
1357 4865 1612 4920 monachi
1655 4864 1878 4920 minime
1907 4873 2063 4936 pote-

2152 1960 2328 2016 πησεν
2355 1945 2505 2018 ἡμᾶς
2542 1947 2668 2010 τοὺς
2704 1948 2762 1998 ὲν
2793 1946 2973 2000 σκότει
3009 1947 3104 2000 καὶ
3142 1947 3271 2016 σκιᾷ
3301 1944 3524 1998 θανάτου
3549 1942 3690 2010 καθη-

2155 2036 2372 2105 μένους,
2400 2036 2667 2102 τουτέστι,
2698 2037 2788 2091 τὸν
2813 2037 2939 2091 λαὸν
2967 2039 3074 2091 τιῖιν
3105 2037 3296 2101 ἐθνῶν,
3325 2036 3458 2106 ὑπὲρ
3483 2033 3566 2088 τὸν
3587 2032 3690 2086 λαὸν

2151 2125 2262 2180 τῶν
2310 2128 2600 2193 Ἰουδαίων,
2635 2128 2746 2182 τῶν
2776 2146 2907 2182 ποτε
2935 2129 3034 2200 τὴν
3063 2128 3339 2183 υἱοθεσίαν
3365 2127 3457 2180 καὶ
3487 2129 3688 2193 ἐπαγγε-

2152 2219 2272 2275 λίαν
2301 2219 2380 2291 τῷ
2409 2221 2587 2292 Πατρὶ
2632 2221 2966 2292 ἐσχηκότων.
3016 2219 3114 2274 Ἐκ
3152 2221 3346 2274 τούτου
3375 2218 3514 2273 καὶὸ
3536 2214 3694 2285 Σωτὴρ

2151 2311 2355 2380 ἔλεγεν
2387 2311 2484 2380 Μὴ
2523 2312 2733 2382 φοϐοῦ,
2766 2313 2829 2366 τὸ
2858 2311 3077 2382 μικρὸν
3103 2314 3404 2382 ποίμνιον,
3445 2309 3528 2362 ὅτι
3555 2305 3694 2360 εὑδό-

2153 2421 2348 2474 κησεν
2375 2407 2408 2460 ό
2427 2403 2633 2474 Πατὴρ
2660 2403 2828 2474 ὑμῶν
2860 2404 3072 2459 δοῦναι
3091 2404 3237 2474 ὑμῖν
3265 2398 3692 2470 τὴνβασιλείαν.

2152 2495 2332 2567 Ἐρεῖς
2357 2513 2469 2567 μοι,
2492 2497 2574 2550 ὅτι
2598 2499 2628 2550 ὁ
2647 2496 2973 2568 νυκτικόραξ
2997 2495 3307 2566 ἀκάθαρτόν
3339 2496 3470 2547 ἐστι’
3494 2490 3579 2543 καὶ
3601 2485 3694 2547 πῶς

2151 2589 2180 2641 ὁ
2202 2585 2390 2657 Σωτὴρ
2408 2585 2560 2655 ἔλεγε
2576 2586 2665 2640 διὰ
2679 2587 2769 2642 τὸν
2793 2585 3133 2651 Ἀπόστολον,
3155 2586 3242 2639 ὅτι
3278 2584 3388 2639 Τὸν
3403 2580 3484 2651 μὴ
3509 2578 3698 2649 γνόντα

2152 2679 2465 2748 ἁμαρτίαν,
2495 2677 2650 2750 ὑπὲρ
2662 2677 2834 2749 ἡμῶν
2855 2677 3150 2748 ἁμαρτίαν
3171 2676 3486 2744 erratum-:7;
3511 2666 3696 2724 ιταπείο

2153 2787 2324 2825 νωσεν
2375 2772 2586 2837 ἑαυτὸν,
2641 2771 2728 2824 ἵνα
2765 2768 2956 2842 ὑψώσῃ
2993 2771 3120 2833 τοὺς
3164 2771 3391 2832 πάντας·
3437 2765 3510 2820 Τὰ
3536 2759 3698 2816 πάντα

2151 2860 2421 2931 γέγονεν,
2447 2863 2550 2916 ἵνα
2575 2861 2810 2928 πάντας
2836 2861 3033 2932 σώσῃ.

2783 2977 2943 3030 uno.
2974 2976 3108 3030 1w.
3365 3010 3392 3058 ο

2614 3066 2756 3135 Περὶ
2801 3065 2912 3135 τῆς
2949 3066 3277 3136 μελίσσης.

2223 3163 2453 3234 Εἴρηται
2482 3161 2572 3217 διὰ
2607 3159 2701 3213 τοῦ
2747 3158 2944 3228 Σοφοῦ·
2981 3159 3182 3225 Minya
3212 3157 3285 3211 ὲν
3323 3150 3600 3217 πετεινοῖς
3619 3147 3702 3219 μέ-

2077 3215 2126 3281 c
2155 3215 2368 3322 λισσιξ
2401 3215 2503 3310 καί
2529 3252 2685 3323 ἀρχὴ
2727 3215 3171 3322 τλύκυσμὰτων
3207 3251 3240 3304 d
3271 3245 3497 3317 καρπὸς
3523 3215 3699 3308 adtic-

2784 3359 3121 3430 Ἐρμηνεία.

2246 3454 2520 3519 Ὡσαύτως
2547 3454 2615 3508 τὰ
2652 3452 2810 3507 Θεῖκὰ
2843 3451 2982 3524 ἔργα
3022 3452 3413 3524 ἀνεξιχνίαστα
3443 3450 3500 3502 ὲν
3523 3438 3702 3514 ἀνθρώ·

2155 3562 2300 3609 ποις,
2335 3546 2428 3600 καὶ
2453 3544 2746 3616 θαυμαστὰ
2777 3545 2835 3597 ὲν
2866 3543 3111 3614 ὑψηλοῖς,
3144 3546 3244 3599 καὶ
3266 3541 3572 3614 γλυκύτερα
3591 3531 3706 3600 ὑπὲρ

2159 3638 2280 3708 μέλι
2306 3637 2402 3690 καὶ
2426 3637 2639 3709 κηρίον,
2668 3638 2764 3693 καὶ
2799 3637 2938 3708 ὑπὲρ
2972 3636 3148 3691 πάντα
3177 3638 3250 3692 τὰ
3275 3635 3562 3704 κτίσματα.

2782 3751 2940 3804 ΚΕΦ.
2973 3750 3102 3807 KB'.

2545 3840 2686 3910 Περὶ
2728 3841 2834 3894 τοῦ
2881 3840 3359 3910 ξηροϐατρόχσυ.

2228 3929 2416 3994 Οὕτως
2434 3931 2464 3984 ὁ
2485 3930 2890 4004 ξηροόάτραχος
2904 3931 3120 4002 δέχεται
3140 3931 3203 3984 τὸ
3227 3929 3432 4002 θερμὸν
3455 3923 3546 3979 τοῦ
3565 3919 3709 3992 ἡλίου»

2154 4025 2282 4089 τούς
2325 4041 2386 4078 τε
2435 4025 2664 4093 πάγους,
2698 4024 2962 4096 ὄμϐρους,
3005 4023 3269 4094 ἀνέμους,
3311 4021 3408 4076 καὶ
3449 4014 3710 4090 χειμῶνας.

2157 4116 2252 4170 καὶ
2291 4113 2469 4168 πάντα
2512 4114 2795 4186 ὑπομένει,
2830 4114 3080 4185 οὐδαμῶς
3119 4131 3183 4167 τε
3225 4108 3544 4184 ἀπειρηκώς
3570 4107 3712 4160 ἐστιν.

2169 4205 2232 4263 Ὀ
2254 4205 2312 4260 δὲ
2344 4205 2751 4277 ὑγροὸἀτραχος
2783 4206 3036 4262 ἀδυνατεί
3061 4206 3390 4276 ὑπενεγκεῖν
3421 4221 3474 4256 τι
3497 4199 3597 4253 τῶν
3621 4211 3712 4247 τοι-

2157 4299 2350 4366 ούτων,
2383 4298 2519 4354 ἀλλὰ
2541 4297 2938 4362 καταλαϐόντος
2963 4296 3058 4351 τοῦ
3083 4296 3391 4368 χειμῶνος,
3419 4290 3594 4364 βάλλει
3612 4287 3717 4338 ἑαυσ

2157 4393 2249 4446 τὸν
2280 4393 2361 4455 εἰς
2389 4391 2480 4445 τὸν
2521 4389 2700 4460 βυθόν·
2733 4389 3142 4461 ἐπιλάμψαντος
3178 4390 3236 4443 δὲ
3267 4387 3366 4443 τοῦ
3394 4385 3566 4456 ⁴ἡλίου,
3589 4377 3714 4444 iise-

2159 4483 2390 4554 χόμενος
2413 4482 2584 4552 ἡδέως
2600 4481 2975 4552 οερμαίνεται’
3003 4483 3123 4535 ἐπεὶ
3145 4482 3203 4536 δὲ
3227 4483 3261 4553 ἡ
3286 4478 3382 4534 τοῦ
3405 4476 3554 4548 ἡλίου
3569 4469 3714 4539 θέρμη

2087 4561 2133 4617 D
2162 4575 2431 4646 παχυνθῇ,
2463 4575 2632 4645 αὐτὴν
2663 4574 2851 4646 φέρειν
2877 4575 2938 4628 οὐ
2966 4574 3213 4636 δύναται,
3255 4573 3355 4627 καὶ
3383 4568 3543 4622 πάλιν
3566 4561 3716 4633 ῥίπτει

2160 4666 2349 4718 ἑαυτὸν
2375 4664 2613 4735 βυθόνδε.

2790 4778 3126 4848 Ἐρμηνεία.

2238 4869 2396 4924 Οὕτω
2423 4870 2518 4923 καὶ
2546 4872 2595 4923 οἱ
2629 4871 2873 4943 μοναχοὶ,
2905 4871 2955 4924 oi
2985 4870 3060 4942 μὴ
3089 4870 3422 4942 ἀσκούμενοι
3449 4868 3544 4939 οὐχ
3565 4858 3718 4918 οἷοίτε

479 4966 609 5014 runt
646 4957 866 5020 famem,
922 4957 1097 5023 sitim,
1147 4957 1472 5023 nuditatem,
1514 4958 1950 5021 continentiam,
2009 4966 2053 5013 et

2169 4959 2380 5015 ἔσονται
2417 4961 2708 5033 ὑπομένειν
2743 4965 2955 5028 πεῖναν,
2995 4961 3174 5030 δίψαν,
3212 4960 3518 5032 γύμνωσιν,
3547 4948 3716 5022 ἐγκρά-

477 5053 627 5106 humi
656 5053 1000 5107 cubationem
1039 5051 1308 5116 tolerare;
1349 5052 1444 5122 qui
1499 5065 1628 5106 vero
1671 5051 1786 5105 otio
1830 5064 1940 5103 non
1975 5049 2060 5102 in-

475 5143 723 5214 dulgent,
765 5143 995 5200 libenter
1032 5143 1306 5214 jejunant,
1353 5150 1516 5213 atque
1554 5142 1737 5196 omnia
1763 5141 2057 5197 sustinent.

1075 5256 1233 5314 GAP.
1269 5256 1461 5312 XXIII.

1068 5349 1145 5404 De
1170 5348 1476 5404 charadrio.

548 5439 645 5496 Est
670 5441 790 5496 avis
819 5440 1149 5506 charadrius
1183 5439 1352 5506 dicta,
1392 5455 1555 5510 quam
1591 5440 1946 5512 physiologus
1983 5440 2058 5494 ait

398 5540 402 5548 '
480 5531 657 5588 aibatn
690 5547 814 5587 esse
858 5538 1029 5588 totam
1085 5531 1294 5601 absque
1339 5531 1451 5587 ullo
1485 5546 1715 5601 prorsus
1754 5529 2056 5601 nigredinis

487 5629 628 5675 nota.
661 5621 840 5698 Porro
872 5625 919 5678 si
953 5623 1080 5696 quis
1114 5624 1307 5678 morbo
1341 5624 1572 5688 laboret,
1601 5622 1782 5693 sitque
1818 5621 2056 5677 hominis

550 5775 561 5802 ¹
598 5777 745 5833 Psal.
779 5797 849 5848 cr,
884 5784 932 5838 7,
1013 5787 1031 5816 ⁸
1061 5784 1194 5840 Luc.
1223 5799 1262 5851 ι,
1300 5781 1386 5837 '79.
1463 5783 1483 5812 ³
1521 5781 1654 5837 Luc.
1689 5798 1786 5848 xu,
1813 5781 1902 5837 52.
1981 5781 2000 5812 ⁸
2025 5779 2053 5834 ιι

2151 5795 2219 5849 ),ι’.
2246 5796 2299 5843 v,
2325 5781 2411 5835 2|.
2486 5781 2505 5813 ³
2537 5779 2555 5832 l
2585 5781 2708 5836 Cor.
2750 5795 2821 5846 Ix,
2855 5778 2941 5832 29..

2164 5069 2315 5106 τειαν
2342 5053 2436 5105 καὶ
2456 5052 2894 5122 χαμαικοιτείαν’
2917 5053 2966 5105 oi
2994 5052 3051 5105 δὲ
3076 5053 3528 5124 ὲνασχολούμενοι
3557 5046 3718 5119 ἥδιστα

2164 5139 2512 5211 νηστεύουσι,
2540 5140 2635 5195 καὶ
2663 5141 2842 5196 πάντα
2874 5142 3126 5214 φέρουσι.

2785 5253 2943 5307 ΚΕΦ.
2985 5253 3112 5307 ΚΓ.

2614 5345 2754 5414 Περὶ
2793 5343 2900 5398 τοῦ
2944 5346 3294 5414 χαραδρίου.

2240 5438 2395 5490 ’Ἐστι
2415 5436 2522 5506 γὰρ
2548 5435 2793 5490 πετεινδν
2813 5435 3104 5507 λεγόμενον
3126 5435 3448 5508 χαράδριος.
3486 5431 3540 5485 '0
3557 5439 3718 5498 φυσιο·

2163 5529 2318 5600 λόγος
2343 5529 2551 5600 ,ἧλεγξε
2593 5529 2724 5600 περὶ
2749 5527 2962 5592 τούτου,
3008 5530 3092 5582 ὅτι
3123 5529 3244 5581 ὅλον
3271 5527 3468 5581 λευκόν
3501 5524 3626 5583 ἑστι,
3657 5509 3717 5582 μὴ

2163 5622 2300 5684 ὅλως
2343 5620 2599 5692 μελανίαν
2636 5619 2778 5690 ἔχον.
2810 5620 2922 5673 Καὶ
2964 5620 3059 5675 ἐάν
3089 5637 3172 5683 τις
3211 5622 3370 5689 νοσῇ,
3408 5613 3610 5686 ἡνόσος
3640 5603 3722 5658 τθῦ

3024 5782 3042 5806 ε
3082 5779 3249 5834 Ecrli.
3285 5794 3363 5840 ιι.
3394 5777 3449 5830 ’5.
