3988 6404
283 366 390 424 $3

1308 312 1395 398 υε
1426 340 1757 400 LITURGIA
1795 326 2628 399 rmsaucrirtcnonem.

3469 344 3578 399 55l

288 477 587 548 ἀνθρώπου
627 479 680 534 εί
715 478 861 533 εστιν
890 478 971 543 είς
1001 478 1255 542 θάνατον,
1284 476 1617 550 ἀποστρέφει
1649 473 1761 531 ἀπὸ
1792 474 1887 529 τοῦ

2001 475 2261 545 egritudo
2300 474 2513 540 letalis,
2550 478 2901 544 prospectum
2948 487 3108 528 suum
3151 468 3483 526 charadrius
3508 472 3583 526 ab

292 569 581 634 νοσοῦντος
615 570 681 623 τὸ
716 570 1008 641 πρόσωπον
1034 568 1201 622 αὑτοῦ
1234 569 1263 620 6
1288 568 1603 640 χαράδριος·
1638 566 1734 621 ἐὰν
1766 565 1824 620 δὲ
1854 567 1887 635 ἡ

292 655 449 719 νόσος
489 656 627 727 πρὸς
658 655 806 727 ζωήν
837 657 1008 720 ἐστιν,
1043 656 1281 720 ἁτενίζει
1310 656 1402 709 τὸν
1432 654 1695 711 νοσοῦντα
1728 658 1756 709 6
1791 673 1889 725 χα-

294 746 539 818 ράδριος,
570 748 670 801 καὶ
697 748 727 800 6
754 745 921 801 νοσῶν
950 746 1042 800 τὸν
1068 746 1249 800 αὐτόν.

926 859 1262 929 Ἐρμηνεία.

364 950 553 1014 Οὕτως
601 952 631 1005 6
663 949 868 1021 Κύριος
916 950 1075 1021 ἡμῶν
1128 949 1367 1022 Χριστὸς
1413 948 1697 1012 ὁλόλευκός
1748 951 1885 1013 ἐστι,

295 1040 571 1112 μηδεμίαν
599 1038 859 1112 μελανίαν
887 1039 983 1094 τοῦ
1011 1040 1219 1111 κόσμου
1239 1039 1402 1110 ἔχων.
1428 1039 1487 1104 ὃς
1521 1039 1621 1110 μὲν
1650 1038 1758 1093 ἀπὸ
1779 1038 1888 1092 τῶν

290 1132 683 1203 ἀπολουμένων
714 1131 981 1205 πρόσοψιν
1018 1131 1213 1185 ἑαυτοῦ
1251 1132 1578 1204 ἀποτρέπει,
1611 1131 1671 1196 δς
1699 1131 1756 1185 δὲ
1780 1132 1887 1186 τῶν

290 1222 467 1290 ἁγίων
507 1224 587 1287 είς
630 1222 692 1276 τὸ
738 1223 1031 1294 πρόσωπον
1056 1221 1266 1292 βλέπει.
1303 1224 1459 1291 Ἄγε,
1495 1223 1640 1292 ἐρεῖς
1668 1239 1782 1293 μοι,
1805 1222 1887 1275 δτι

289 1314 587 1385 χαράδριος
613 1313 925 1385 ἀκάθαρτός
947 1315 1085 1377 ἐστι,
1110 1314 1205 1368 καὶ
1234 1314 1351 1378 πῶς
1382 1315 1607 1386 φέρεται
1627 1315 1709 1377 είς
1728 1313 1890 1384 πρόσ-

286 1421 441 1459 ωπον
469 1404 565 1457 τοῦ
599 1404 871 1477 Χριστοῦς
920 1405 1258 1477 Ἀκάθαρτος
1297 1406 1356 1461 δέ
1395 1408 1514 1460 ἐστι
1548 1406 1644 1459 καὶ
1674 1407 1704 1458 6
1740 1405 1883 1473 ὄφις,

288 1496 386 1548 καὶ
430 1494 813 1566 ἐμαρτύρησεν
863 1496 1028 1550 αὑτὸν
1072 1496 1101 1549 6
1148 1498 1385 1569 Χριστὸς
1429 1497 1624 1565 λέγων·
1676 1495 1886 1563 Καθὼς

288 1586 504 1655 ὗψωσε
553 1586 771 1656 Μωσῆς
836 1586 944 1641 τὸν
983 1588 1125 1658 ὅφιν
1168 1588 1240 1642 ἐν
1286 1588 1361 1657 τῇ
1407 1588 1628 1659 ἐρήμῳ,
1696 1588 1886 1653 οὕτως

284 1678 606 1748 ὑψωθῆναι
634 1678 731 1733 δεῖ
750 1678 858 1733 τὸν
892 1678 1029 1733 Υίὸν
1053 1680 1160 1735 τοῦ
1184 1681 1520 1750 ἀνθρώπου.

920 1792 1079 1844 ΚΕΦ.
1120 1793 1248 1848 KA'.

673 1884 813 1953 Περὶ
849 1884 958 1938 τοῦ
989 1884 1493 1954 δενδροκόλοπος.

372 1996 434 2049 Ὀ
466 1996 839 2068 δενδροκόλωψ
870 1998 1057 2071 δρνεόν
1080 2001 1196 2054 ἐστι
1220 1999 1484 2065 ποικίλον,
1510 2000 1760 2072 καθάπερ
1790 2003 1885 2055 καί⁵

281 2087 313 2138 6
337 2084 589 2148 διάϐολος
613 2087 856 2151 ποικίλος
882 2089 1020 2143 ἐστί.
1046 2089 1347 2161 Πορεύεται
1374 2090 1433 2143 δὲ
1454 2092 1483 2144 6
1510 2092 1885 2165 δενδροκόλωψ

281 2176 377 2228 διὰ
404 2175 516 2228 τῶν
547 2176 641 2229 τοῦ
665 2177 876 2253 δρυμοῦ
903 2179 1067 2247 ὑλῶν,
1092 2180 1188 2234 καὶ
1214 2180 1291 2252 τῷ
1317 2185 1676 2255 προμυκτῆρι
1710 2184 1881 2247 παίει,

282 2268 384 2320 καὶ
414 2270 528 2331 τοῖς
568 2267 703 2322 ὠσὶν
738 2271 1024 2341 ἀκροᾶται·
1064 2273 1160 2326 καὶ
1185 2275 1233 2327 εἰ
1269 2273 1369 2344 μέν
1410 2275 1530 2327 ἐστι
1575 2275 1757 2344 κωφὸν
1791 2277 1884 2329 καὶ

280 2358 551 2429 ἀκάρδιον
584 2360 647 2413 τό
685 2360 923 2433 δένδρον,
972 2364 1232 2417 ἐκκόπτει
1264 2365 1358 2419 καὶ
1386 2365 1447 2428 ὲς
1476 2365 1609 2418 αὐτὸ
1641 2366 1884 2438 εἰσέρχε-

282 2467 399 2502 ται·
431 2453 481 2504 εί
510 2451 566 2504 δὲ
595 2451 910 2525 όλοκάρδιὸν
932 2457 1110 2521 ἔστιν,
1145 2457 1426 2527 ἐκφεύγει,
1472 2458 1684 2512 ἐκεῖθεν
1712 2460 1886 2531 άπερ-

283 2541 517 2612 χόμενος
548 2546 630 2609 είς
663 2545 851 2617 ἕτερον
879 2547 1117 2619 δένδρον.

921 2658 1261 2729 Ἐρμηνεία.

359 2768 549 2833 Οὕτως
581 2770 670 2823 ὅτε
704 2770 953 2835 διάϐολος
995 2771 1084 2825 διὰ
1126 2771 1334 2843 δρυμοῦ
1379 2774 1693 2845 πορεύεται,
1732 2794 1886 2831 τουτ-

278 2863 430 2926 ἐστι,
465 2862 551 2915 διὰ
593 2863 695 2932 τῆς
739 2864 847 2917 τῶν
883 2864 1188 2936 ἀνθρώπων
1218 2865 1461 2936 φύσεως,
1499 2869 1595 2922 καὶ
1637 2870 1730 2923 ἐπὶ
1773 2873 1885 2935 τοῖς

279 2954 529 3025 δένδροις
556 2954 873 3021 καθέζεται,
908 2958 1075 3026 ἤγουν
1106 2960 1218 3020 τοῖς
1245 2957 1579 3029 ἀνθρώποις,
1615 2960 1889 3032 μεταϐάλ-

278 3046 395 3099 λων
435 3045 536 3109 τὰς
576 3046 807 3117 καρδίας
847 3047 1029 3100 αὐτῶν
1071 3049 1151 3112 είς
1190 3048 1287 3119 τὴν
1322 3050 1685 3121 ἀκαθαρσίαν,
1732 3054 1885 3107 παίει

1992 568 2087 623 illo
2114 569 2347 633 avertit;
2373 567 2463 623 sin
2492 581 2619 622 vero
2643 565 2871 622 morbus
2906 565 3033 619 vitae
3059 563 3413 620 securitatem
3446 575 3571 631 pro-

1993 661 2196 726 mittat,
2230 667 2365 715 tunc
2410 658 2738 715 charadrius
2772 659 2828 714 in
2854 671 3061 730 aegrum
3101 652 3337 710 intendit
3373 652 3578 717 visum,

1989 760 2047 806 et
2084 752 2329 808 vicissim
2355 766 2504 823 ager
2535 751 2591 806 in
2624 749 2999 806 charadrium.

2492 888 2495 891 ·
2590 864 2988 933 Interpretatio.

2064 957 2159 1013 Sic
2191 956 2456 1014 Christus
2488 955 2757 1012 Dominus
2782 963 2971 1011 noster
2999 952 3270 1009 candidus
3300 956 3387 1006 est
3407 955 3580 1015 totus,

1992 1052 2203 1122 absque
2241 1050 2351 1104 ulla
2413 1047 2696 1104 mundana
2751 1046 3054 1118 nigredine,
3098 1044 3193 1117 qui
3251 1059 3281 1097 a
3336 1040 3583 1111 reprobi:

1991 1141 2202 1195 vultum
2236 1156 2397 1195 suum
2428 1140 2648 1206 avertit,
2713 1140 2770 1194 in
2814 1147 3136 1194 sanctorum
3167 1144 3350 1190 autem
3388 1134 3579 1188 faciem

1993 1231 2237 1302 respicit.
2291 1231 2426 1301 Age,
2470 1229 2771 1300 quomodo,
2817 1229 3056 1299 inquies,
3090 1242 3221 1283 cum
3253 1224 3582 1281 charadrius

1992 1323 2209 1393 impura
2243 1321 2319 1377 sit
2356 1321 2497 1385 avis,
2530 1334 2827 1390 personam
2850 1318 3058 1375 Christi
3091 1317 3373 1374 sustinet?
3402 1314 3578 1385 Impu-

1991 1428 2089 1469 rus
2128 1412 2352 1482 quidem
2388 1420 2444 1467 et
2486 1426 2740 1483 serpens,
2789 1426 2953 1481 quem
2990 1418 3173 1465 tamen
3222 1409 3278 1462 in
3326 1407 3579 1462 testimo-

1990 1507 2147 1559 nium
2200 1502 2441 1557 adduxit
2490 1502 2773 1570 Christus,
2829 1503 3070 1558 dicens:
3120 1497 3579 1566 Quemadmodum

1990 1594 2249 1649 exultauit
2282 1592 2457 1648 Moses
2507 1603 2797 1661 serpentem
2841 1593 2897 1646 in
2946 1593 3179 1657 deserto,
3228 1590 3308 1643 ita
3349 1586 3580 1643 exaltari

1991 1695 2195 1755 oportet
2234 1683 2440 1739 Filium
2468 1684 2695 1738 hominis
2723 1684 2763 1739 ⁸.

2599 1793 2754 1847 CAP.
2790 1790 2982 1847 XXIV.

2663 1884 2740 1939 De
2770 1887 2905 1955 pica.

2058 1996 2225 2060 Picus
2278 1998 2400 2054 avis
2444 2003 2529 2055 est
2566 1996 2709 2051 varii
2758 1993 2983 2060 coloris,
3024 1992 3493 2065 quemadmodum
3531 2001 3586 2045 ct

1983 2091 2238 2147 diabolus
2283 2088 2594 2160 versipellis
2635 2094 2755 2153 est;
2796 2087 3037 2142 nemoris
3087 2085 3291 2139 fruteta
3339 2083 3579 2154 ingredi-

1984 2192 2095 2248 tur,
2123 2188 2415 2252 rostroque
2456 2179 2614 2250 petit,
2664 2193 2852 2232 aurem
2883 2178 2952 2233 iis
2974 2176 3273 2232 admovens
3307 2193 3321 2229 :
3355 2174 3499 2245 quod
3530 2175 3577 2230 ci

1984 2275 2223 2329 sidcrata
2248 2271 2497 2326 inanisve
2527 2270 2691 2323 arbor
2720 2268 2908 2335 fuerit,
2943 2267 3091 2322 illam
3127 2267 3333 2322 excidit
3362 2306 3379 2330 ,
3415 2275 3580 2337 atque

1983 2364 2228 2420 excisam
2258 2371 2525 2433 occupat;
2556 2377 2747 2417 verum
2782 2360 2831 2417 si
2855 2359 3087 2416 solidam
3121 2357 3580 2429 deprehenderit,

1984 2457 2248 2511 intactam
2273 2454 2618 2524 relinquens,
2650 2453 2834 2508 avolat
2864 2460 3031 2523 atque
3059 2451 3223 2505 aliam
3252 2450 3480 2506 invadit.

2574 2660 2600 2718 1
2608 2680 2638 2715 ιι
2648 2662 2977 2731 terpretatio.

2050 2776 2170 2833 Non
2198 2778 2360 2832 aliter
2386 2775 2641 2831 diabolus
2673 2775 2889 2839 silvam,
2946 2770 3443 2828 naturaﬂlidelicet
3473 2769 3575 2825 hu-

1982 2884 2179 2931 manm,
2218 2868 2409 2932 intrat,
2439 2876 2605 2938 atque
2637 2868 2690 2921 in
2740 2865 3042 2921 arboribus
3069 2862 3323 2919 considet
3356 2882 3369 2916 ι
3396 2863 3576 2916 homi—

1980 2962 2091 3026 nis,
2116 2961 2362 3031 inquam,
2383 2975 2480 3015 cor
2507 2961 2575 3014 ad
2604 2960 2899 3013 inhonesta
2924 2958 3241 3020 traducens,
3270 2954 3391 3006 ierit
3412 2962 3577 3022 atun

1982 3060 2186 3106 attente
2227 3052 2498 3105 observat.
2539 3049 2593 3103 Si
2632 3050 2816 3117 itaque
2860 3048 3140 3101 hominem
3190 3060 3315 3100 esse
3382 3043 3575 3096 invali-

282 3136 381 3189 καὶ
413 3134 494 3206 τῷ
520 3135 622 3189 ὼτὶ
650 3137 1001 3193 ἁκούει.⁴Καὶ
1022 3139 1087 3209 ἢν
1114 3140 1213 3211 μὲν
1243 3142 1273 3193 6
1304 3141 1593 3214 ἄνθρωπος
1613 3144 1798 3213 κωφός
1818 3163 1882 3198 τε

2001 3136 2113 3191 Ιιιιιι
2149 3144 2317 3206 atque
2357 3136 2648 3191 excordem
2683 3133 3106 3197 animadvertat,
3133 3133 3313 3203 ipsum
3345 3131 3576 3195 invadit,

282 3227 385 3280 καὶ
418 3226 680 3299 άκάρδιός
710 3230 881 3295 ἐστιν,
911 3230 968 3283 ὲν
993 3230 1144 3301 αὐτῷ
1170 3231 1556 3303 εἰσερχόμενος
1588 3235 1894 3289 νεοσσεύειο

283 3312 355 3382 ἢν
386 3312 444 3365 δὲ
486 3313 820 3385 ὁλοκάρδιος,
868 3316 1079 3388 ταχέως
1119 3318 1402 3388 ἐκφεύγει,
1433 3322 1529 3376 καὶ
1557 3322 1639 3387 είς
1669 3324 1891 3395 ἐτέρους

292 3405 739 3476 ὲπανακάμπτει.

922 3525 1082 3582 ΚΕΦ.
1119 3526 1249 3580 ΚΕ’.

767 3614 907 3684 Περὶ
938 3617 1046 3671 τοῦ
1079 3619 1405 3687 πελαργοῦ.

368 3730 523 3782 Ἐστι
553 3728 610 3781 δὲ
640 3731 668 3782 6
697 3728 970 3801 πελαργὸς
1005 3731 1300 3800 ἁγνότατον
1331 3734 1539 3805 ὄρνεον·
1576 3733 1701 3788 οὔτε
1728 3735 1839 3807 γὰρ
1862 3738 1890 3788 6

283 3823 472 3891 ἇρῤην
496 3820 596 3890 τὴν
622 3820 848 3892 θήλειαν
877 3821 1198 3896 θελγήτροις
1225 3825 1358 3896 πρὸς
1381 3825 1481 3897 τὴν
1505 3826 1689 3898 ὀχείαν
1719 3828 1887 3881 ἑκκα-

284 3915 394 3975 λεί,
433 3915 555 3967 οὐδὲ
593 3914 684 3985 βίᾳ
730 3914 1084 3971 συνάπτεται.
1120 3917 1193 3969 Τὸ
1236 3917 1348 3987 γὰρ
1387 3916 1575 3990 ὄρνεον
1610 3915 1771 3970 τοῦτο
1797 3918 1891 3971 τὸν

285 4007 509 4077 πατέρα
555 4008 651 4060 καὶ
692 4007 794 4080 τὴν
846 4008 1060 4081 μητέρα
1101 4008 1271 4062 αὑτοῦ
1307 4010 1562 4081 εὐσεϐείᾳ
1608 4009 1890 4080 θαυμασία

285 4096 643 4168 γηροϐοσκεῖ.

924 4188 1263 4258 Ἑρμηνεία.

368 4301 527 4357 Οὕτω
555 4301 652 4355 καί¹
678 4302 829 4373 ἡμᾶς
856 4301 951 4355 δύο
980 4300 1129 4366 θείας
1158 4300 1379 4366 ἐντολὰς
1417 4300 1742 4373 ὲπιπληρεῖν
1786 4300 1887 4367 δεῖ,

288 4394 545 4447 τουτέστι
594 4393 865 4447 ἐκκλίνειν
918 4393 1027 4448 ἀπὸ
1068 4393 1164 4448 τοῦ
1205 4393 1403 4463 κακοῦ,
1448 4395 1545 4448 καὶ
1584 4395 1647 4447 τὸ
1684 4393 1890 4463 ἀγαθὸν

1983 3235 2041 3285 et
2068 3230 2126 3282 in
2170 3242 2236 3282 eo
2263 3226 2455 3281 nidum
2489 3240 2654 3281 suum
2680 3225 2997 3289 construit;
3030 3223 3176 3293 quod
3209 3222 3256 3278 si
3297 3222 3458 3277 ﬁrmo
3493 3221 3579 3276 in-

1989 3330 2255 3392 tegreque
2298 3333 2424 3375 esse
2466 3317 2632 3374 corde
2683 3318 2910 3385 sentiat,
2960 3316 3099 3388 fugit
3144 3316 3355 3381 statim,
3408 3322 3467 3371 et
3511 3314 3579 3369 ad

1983 3412 2130 3467 alios
2171 3410 2406 3467 accedit.

2606 3507 2763 3562 CAP.
2805 3504 2968 3561 XXV.

2616 3599 2695 3653 De
2729 3600 2957 3652 ciconia.

2061 3712 2293 3770 Ciconia
2319 3714 2438 3769 avis
2468 3720 2554 3771 est
2592 3713 2907 3769 castissima
2932 3729 2947 3777 ;
2979 3725 3098 3765 mas
3121 3709 3269 3766 enim
3294 3723 3397 3763 nec
3428 3707 3582 3763 terni-

1991 3821 2119 3862 nam
2148 3805 2424 3863 illecebris
2466 3806 2535 3861 ad
2584 3805 2791 3862 coitum
2841 3810 3126 3873 provocat,
3174 3816 3278 3857 nec
3317 3800 3425 3871 ipsi
3471 3798 3581 3853 vim

1992 3897 2186 3953 inl'ert.
2220 3896 2427 3954 Deinde
2466 3897 2661 3954 eadem
2711 3896 2830 3951 avis
2860 3893 3102 3950 mirabili
3135 3893 3339 3964 pietate
3372 3900 3581 3947 utrum-

1992 4004 2099 4059 que
2128 3997 2412 4060 parentem
2445 3988 2503 4044 in
2545 3996 2836 4044 senectute
2866 3984 2987 4040 alit.

2590 4185 2988 4254 Interpretari-0.

2067 4303 2161 4359 Sic
2199 4310 2254 4360 et
2294 4316 2405 4358 nos
2436 4299 2550 4356 duo
2602 4299 2698 4356 illa
2744 4297 2929 4354 divina
2978 4300 3253 4365 praecepta
3286 4290 3582 4362 adimplere

1994 4400 2249 4466 oportet;
2280 4392 2389 4447 hoc
2422 4397 2530 4455 est,
2573 4404 2605 4443 a
2652 4387 2801 4443 malo
2846 4386 3144 4450 divertere,
3178 4391 3233 4439 et
3267 4384 3472 4437 bonum
3506 4379 3581 4437 fa-

292 4486 495 4550 ποιεῖν,
528 4483 719 4555 ὥσπερ
748 4484 1026 4557 γέγραφεν
1053 4484 1083 4539 6
1110 4483 1389 4555 βασιλικὸς
1421 4486 1737 4557 Προφήτης.
1777 4486 1887 4540 Καὶ

2001 4498 2137 4551 cere,
2160 4479 2623 4553 quemadmodum
2646 4478 2830 4547 regius
2867 4476 3141 4546 Propheta
3160 4473 3384 4543 scripsit
3400 4471 3579 4527 ‘.'Sed

290 4578 499 4649 ὁμοίως
528 4578 586 4631 δὲ
616 4578 677 4631 ὲν
700 4577 988 4649 Δεκαλόγῳ
1010 4578 1338 4650 προστάττει
1354 4577 1384 4631 6
1406 4576 1613 4650 Κύριος
1636 4577 1780 4632 οὕτω
1800 4577 1890 4631 λέ-

291 4688 434 4745 των·
482 4671 625 4739 Τίμα
657 4670 765 4724 τὸν
801 4670 1028 4740 πατέρα
1071 4683 1191 4725 σου
1221 4670 1319 4725 καί
1350 4668 1467 4739 τὴν
1489 4670 1722 4741 μητέρα
1751 4686 1892 4737 σου,

292 4764 396 4820 καὶ
424 4758 602 4828 αὖθις·
628 4762 727 4833 Μὴ
759 4764 1128 4833 μοιχεύσεις.

1997 4583 2051 4631 et
2081 4573 2345 4628 Dominus
2371 4570 2624 4627 similiter
2639 4569 2698 4624 in
2726 4567 2997 4638 Decalogo
3021 4565 3198 4636 jubet,
3222 4564 3303 4619 sic
3347 4562 3541 4617 dicens
3570 4580 3583 4617 :

2006 4666 2223 4721 Honora
2253 4672 2458 4734 patrem
2484 4670 2635 4716 tuum
2660 4667 2711 4714 et
2734 4667 2958 4713 matrem
2992 4665 3141 4711 tuam
3158 4655 3178 4686 ³
3194 4670 3209 4723 ;
3228 4660 3281 4708 et
3302 4668 3499 4709 rursus
3519 4651 3541 4683 ⁸
3567 4669 3581 4706 :

2007 4760 2132 4815 Non
2163 4756 2529 4814 mozchaberis.
2578 4804 2587 4811 .

381 4915 571 4973 ‘Joan.
602 4934 683 4977 ιιι,
720 4919 804 4972 Η.
885 4920 905 4949 ’
937 4917 1085 4973 Psal.
1114 4933 1309 4984 χχχιιι,
1336 4917 1423 4973 l5.
1495 4916 1517 4948 ³
1548 4916 1719 4972 Exod.
1755 4932 1849 4982 χχ,
1881 4932 1887 4967 4

2044 4914 2067 4948 ⁵
2106 4912 2240 4970 ibid.
2275 4913 2365 4967 14.

304 5088 3588 5143 mm

769 5257 878 5317 DE
919 5254 1204 5318 SANCTI
1249 5254 1662 5318 EPIPHANII
1709 5252 2095 5316 LITURGIA
2148 5245 3120 5317 PRIESANCTIFICATORUM.

379 5494 422 5551 Ι.
451 5494 634 5567 Nuper
662 5510 716 5566 p.
749 5495 818 5551 95
848 5496 1146 5549 memoravi
1178 5496 1354 5551 sancti
1385 5494 1678 5567 Sophronii
1709 5498 2043 5569 patriarchze
2075 5495 2557 5568 ilicrosolymitani
2585 5493 2764 5550 Missa:
2787 5490 3104 5547 Graecorum
3121 5481 3583 5557 explanationem,

299 5600 475 5658 quam
502 5587 691 5644 Grmce
720 5595 850 5642 ante
884 5586 985 5641 hos
1009 5602 1186 5642 annos
1216 5603 1283 5643 ex
1315 5587 1585 5644 Vaticano
1616 5588 1808 5646 codice
1842 5591 2049 5659 extuli;
2084 5604 2261 5661 eoque
2296 5588 2480 5644 libello
2512 5584 2800 5643 commode
2851 5598 2987 5638 usus
3028 5595 3149 5636 sum
3196 5576 3263 5632 ad
3299 5575 3584 5630 illustran-

302 5682 412 5738 das
446 5680 717 5750 quasdam
745 5682 1088 5736 sacrosancti
1126 5681 1374 5752 mysterii
1402 5681 1615 5738 nobiles
1650 5681 1919 5753 picturas.
1947 5680 2068 5739 Jam
2094 5697 2231 5739 vero
2259 5696 2289 5736 a
2320 5681 2466 5736 dicto
2494 5677 2833 5750 Sophronia,
2866 5675 3010 5730 inter
3033 5685 3129 5727 eos
3160 5682 3302 5739 quos
3335 5662 3583 5720 nominat

304 5770 661 5841 liturgiarum
697 5780 817 5841 post
856 5770 1159 5840 apostolica
1198 5779 1443 5841 tempora
1494 5783 1769 5839 auctores,
1809 5773 1887 5845 pri

2001 5790 2026 5829 s
2077 5773 2295 5843 ponitur
2327 5773 2353 5825 6
2386 5771 2444 5825 ὲν
2482 5768 2657 5836 ἁγίοις
2696 5766 2969 5837 ἐπιφανὴς
3005 5758 3337 5830 Ἐπιφάνιος,
3364 5764 3578 5813 sanctus
