3988 6428
452 378 559 435 555
1754 361 1962 421 DUBIA
2000 362 2140 419 AUT
2173 359 2441 418 SPURIA.
3578 377 3667 433 536

455 489 685 545 illustris
728 488 1092 558 Epiphanius;
1130 506 1295 559 quam
1329 506 1431 558 ego
1466 506 1611 544 nunc
1642 491 1916 555 notitiam,
1952 490 2085 544 dum
2125 491 2180 543 in
2226 489 2311 544 his
2346 488 2563 560 paginis
2602 504 2716 543 rem
2756 488 3068 557 liturgicam
3104 498 3299 555 tracto,
3334 487 3671 559 negligendam

456 590 686 652 prorsus
717 595 826 635 non
878 580 1088 650 judico.
1125 582 1205 636 En
1251 590 1434 637 autem
1469 580 1762 652 Sophronii
1802 583 1906 638 sub
1945 582 2106 637 initio
2154 582 2321 637 libelli
2369 589 2709 647 contextum,
2751 597 2911 653 quem
2960 598 3107 636 nunc
3136 581 3387 637 Latinum
3415 596 3478 636 ex
3509 580 3671 639 Graec

455 674 749 730 exhibebo.
782 673 1077 729 Faciebant
1123 676 1351 743 apostoli
1395 692 1572 743 preces
1608 679 1977 745 mysteriorum
2018 678 2183 730 divini
2226 677 2506 747 sacriﬁcii,
2532 686 2689 747 prout
2714 694 2931 747 qumque
2959 694 3084 748 gens
3118 677 3252 747 ferre
3287 686 3504 746 poterat,
3532 686 3576 731 et
3597 691 3678 745 pro

457 766 728 836 adjunctis
760 779 1050 838 temporum
1074 779 1122 822 et
1147 780 1541 839 persecutorum
1580 771 1814 824 insidiis.
1875 770 1939 823 Et
1962 771 2200 838 precibus
2227 772 2458 841 quidem,
2492 782 2650 841 atque
2675 772 3157 827 exclamationibus
3215 774 3385 841 (prout
3410 771 3463 823 in
3486 768 3680 837 liturgia

455 860 815 929 appellantur)
841 862 1070 930 fortasse
1100 862 1236 916 inter
1262 879 1317 915 se
1355 862 1707 930 differebant;
1743 862 1833 917 sed
1873 873 2047 915 tamen
2074 862 2379 917 traditionis
2414 863 2785 933 mysteriorum
2815 863 2989 933 forma
3012 864 3154 932 apud
3180 879 3354 917 onmes
3382 862 3564 929 absque
3583 860 3681 912 ulla

456 954 709 1008 varietate
752 953 1141 1022 perficiebatur,
1174 956 1332 1008 sicuti
1361 972 1480 1008 eam
1513 954 1770 1009 Dominus
1803 965 1981 1008 noster
2015 953 2173 1009 Jesus
2213 953 2462 1009 Christus
2519 954 2840 1008 tradiderat.
2881 954 3014 1009 Post
3049 953 3329 1024 Deiloquos
3374 962 3537 1006 autem
3575 967 3681 1019 apo-

457 1042 647 1104 stolos,
675 1042 918 1097 nonnulli
956 1052 1259 1097 sanctorum
1302 1042 1528 1096 Patrum
1559 1060 1653 1113 per
1677 1060 1733 1097 se
1772 1044 1990 1113 quisque
2027 1042 2347 1111 singillatim
2393 1058 2571 1111 preces
2614 1053 2667 1097 et
2708 1044 3144 1106 exclamationes,
3184 1044 3488 1113 plenumque
3525 1057 3684 1095 sacro-

458 1136 631 1189 sancti
667 1136 802 1190 ritus
832 1136 1069 1205 ofﬁcium
1095 1145 1530 1203 composuerunt;
1566 1136 1726 1190 veluti
1750 1146 1970 1189 sanctus
2001 1134 2229 1189 illustris
2264 1132 2616 1203 Epiphanius,
2640 1144 2690 1188 et
2728 1151 2952 1205 magnus
2998 1134 3253 1195 Basilius,
3280 1143 3329 1188 et
3357 1134 3502 1187 divus
3537 1131 3683 1201 Chry-

458 1241 747 1283 sostomus.
774 1228 949 1285 Simul
972 1246 1089 1284 vero
1119 1232 1295 1282 cuncti
1321 1228 1385 1283 de
1414 1230 1669 1283 scatebris
1698 1229 1889 1298 viviﬁci
1916 1230 2083 1297 fontis
2111 1227 2391 1281 Paracleti
2415 1228 2691 1282 doctrinas
2721 1246 2849 1283 suas
2873 1230 3163 1283 hauserunt
3186 1244 3204 1281 :
3226 1245 3360 1299 quas
3390 1228 3685 1282 orthodoxa-

457 1337 576 1373 runt
611 1320 871 1386 Ecclesia,
901 1332 1155 1389 tanquam
1186 1318 1252 1372 ab
1279 1319 1392 1387 ipso
1427 1318 1637 1373 Christo
1660 1317 1833 1372 dictas
1876 1318 2152 1387 factusque
2180 1316 2397 1385 recepit.
2433 1314 2503 1369 Et
2530 1332 2693 1383 nunc,
2720 1332 2831 1386 pra:
2860 1318 3008 1380 aliis,
3042 1317 3278 1387 liturgiw
3300 1318 3403 1371 divi
3443 1316 3623 1370 Basilii
3642 1325 3687 1371 et

458 1411 687 1466 Joannis
716 1411 1081 1482 Chrysostomi
1112 1411 1533 1479 frequentantur,
1560 1425 1679 1463 cum
1706 1408 1807 1461 illa
1839 1406 2454 1476 Prwsanctiﬁcatorum,
2490 1422 2651 1477 quam
2690 1407 2788 1462 alii
2814 1423 2927 1462 esse
2954 1405 3148 1460 Jacobi
3182 1406 3384 1472 dicunt,
3424 1409 3508 1477 qui
3543 1408 3689 1475 frater

454 1502 671 1557 Domini
700 1503 957 1556 vocitatus
983 1512 1082 1569 est,
1112 1502 1209 1555 alii
1236 1500 1385 1556 Petri
1414 1501 1699 1571 corypluei,
1728 1502 1825 1555 alii
1847 1501 1970 1555 aliis
2000 1502 2297 1571 assignant.

528 1592 591 1647 ll.
619 1593 947 1663 Priusquam
984 1608 1114 1648 vero
1150 1608 1253 1647 nos
1282 1592 1349 1645 ad
1402 1590 1771 1662 Epiphanium
1806 1591 2114 1653 veniamus,
2151 1598 2344 1645 notatu
2392 1590 2559 1660 digna
2604 1590 2883 1646 credimus
2931 1589 3229 1657 Sophronii
3271 1589 3386 1644 haec
3432 1599 3680 1660 postrema

453 1687 619 1741 verba
665 1685 733 1740 de
774 1685 994 1755 liturgia
1028 1699 1123 1739 seu
1156 1683 1322 1739 Missa
1367 1681 1954 1738 Praasanctitlcatorum
2005 1682 2195 1738 Jacobi
2247 1682 2329 1735 vel
2382 1682 2549 1747 Petri,
2612 1683 2705 1750 qui
2754 1682 3145 1737 nonnullarum
3188 1682 3407 1752 quidem
3445 1683 3675 1745 aliarum,

461 1793 586 1847 quae
615 1784 856 1841 exstant,
888 1784 1153 1846 putantur
1195 1781 1454 1844 parentes
1489 1774 1864 1844 liturgiarum,
1896 1773 2121 1827 minime
2163 1787 2296 1827 vero
2338 1771 2520 1827 Missa:
2565 1771 3175 1827 Praesanctilicatorum.
3220 1772 3327 1828 Sed
3370 1781 3544 1851 tamen
3569 1790 3679 1831 ecce

455 1867 675 1923 Marcus
712 1866 1049 1936 evangelista
1072 1865 1271 1920 dicitur
1306 1863 1887 1919 Praesauctiticatorum
1911 1862 2088 1918 Missae
2112 1871 2302 1917 auctor
2331 1861 2385 1915 in
2421 1861 2727 1931 fragmento
2768 1862 3052 1918 Basiliame
3074 1863 3306 1934 liturgia:
3325 1866 3544 1930 inserto,
3567 1866 3689 1936 apud

453 1958 724 2015 Aloisium
764 1958 1131 2014 Assemanum
1162 1954 1292 2012 Cod.
1320 1955 1506 2026 liturg.
1544 1963 1584 2009 t.
1624 1953 1739 2020 νει,
1774 1972 1827 2026 p.
1875 1955 1962 2020 73,
2004 1956 2244 2025 itemque
2277 1954 2421 2023 apud
2464 1951 2872 2008 Renaudotium
2910 1951 3115 2025 Liturg.
3146 1971 3228 2009 or.
3262 1962 3305 2009 t.
3339 1953 3382 2017 1,
3418 1970 3471 2023 p.
3502 1955 3584 2018 79,
3609 1954 3688 2024 qui

455 2050 710 2105 notitiam
742 2050 1079 2120 insperatam
1122 2048 1176 2103 in
1206 2047 1353 2103 notis
1382 2063 1435 2117 p.
1474 2045 1602 2105 541.
1629 2048 1885 2103 miratur.
1921 2047 2053 2113 Alii,
2092 2055 2154 2101 ut
2185 2053 2374 2100 notum
2411 2054 2518 2109 est,
2551 2034 2831 2115 liturgiam
2858 2046 3004 2099 hanc
3032 2044 3176 2116 (qua:
3205 2045 3348 2116 apud
3380 2045 3592 2099 Latinos
3618 2054 3693 2099 est

456 2141 628 2200 Missa
661 2140 812 2197 ferire
847 2150 1014 2196 sexta:
1041 2154 1252 2211 magna}
1284 2136 1643 2206 Parasceves)
1676 2135 1734 2190 S.
1779 2135 2043 2207 Gregorio
2081 2134 2103 2189 ι
2150 2151 2306 2217 papa:
2347 2135 2753 2203 ascripserunt,
2786 2134 2875 2190 cui
2922 2134 3206 2189 sententia:
3246 2134 3569 2189 contradicit
3600 2132 3693 2188 Le0

454 2238 693 2292 Allatius
719 2237 773 2291 in
805 2237 989 2306 priore
1017 2234 1241 2289 dissert.
1278 2233 1353 2288 De
1379 2230 1709 2302 prazsanctif.
1742 2239 1866 2301 post
1897 2246 2035 2301 opus
2066 2231 2139 2284 De
2167 2246 2444 2293 consensu,
2469 2246 2523 2299 p.
2561 2228 2721 2283 1531.
2750 2227 2998 2282 Smithus
3028 2227 3247 2282 demum
3274 2227 3361 2281 vir
3401 2228 3585 2281 doctus
3599 2227 3693 2280 An-

457 2334 580 2403 glus
608 2328 682 2385 De
698 2328 820 2383 hod.
841 2337 969 2386 stat.
1004 2326 1150 2381 Eccl.
1179 2321 1273 2381 Gr.
1292 2326 1378 2381 ed.
1398 2324 1630 2381 Londin.
1654 2323 1817 2393 p.98,
1857 2332 2108 2378 sanctum
2139 2322 2474 2377 Germanum
2509 2319 3188 2389 Constantinopolitanum
3209 2320 3391 2375 Missa:
3428 2319 3584 2389 hujus
3614 2334 3694 2372 au-

454 2432 664 2477 ctorem
700 2419 873 2475 fuisse
907 2417 1211 2473 hariolatus
1242 2425 1347 2471 est.
1400 2416 1567 2485 Atqui
1600 2414 1836 2483 inclytus
1864 2410 2019 2467 card.
2048 2411 2195 2467 Bona
2230 2410 2351 2465 Rer.
2377 2412 2563 2480 liturg.
2598 2411 2689 2464 lib.
2726 2424 2889 2480 tcap.
2928 2410 3015 2473 15,
3041 2408 3095 2474 6,
3120 2426 3246 2464 cum
3280 2411 3479 2465 Allatio
3495 2411 3693 2465 dissert.

461 2520 519 2580 2,
563 2532 618 2588 p.
655 2515 817 2579 1595,
858 2521 984 2568 ante
1021 2514 1308 2567 dimidium
1334 2520 1484 2567 certe
1517 2509 1702 2580 quarti
1736 2508 1923 2563 saeculi
1964 2507 2250 2562 exstitisse
2297 2506 2440 2564 hanc
2484 2505 2763 2575 liturgiam
2810 2505 3045 2575 judicat,
3075 2522 3141 2559 ex
3176 2521 3393 2560 canone
3421 2504 3487 2559 19
3524 2502 3697 2558 Laodi-

456 2622 594 2663 ceno
622 2607 677 2661 in
706 2620 815 2675 quo
839 2605 1085 2659 sancitur
1131 2619 1235 2656 non
1260 2610 1499 2671 oportere
1529 2600 1581 2653 in
1632 2597 2057 2666 Quadragesima
2098 2611 2287 2664 panem
2311 2594 2522 2662 offerre,
2575 2596 2682 2648 nisi
2714 2593 2952 2647 Sabbato
2983 2605 3033 2647 et
3063 2595 3148 2647 die
3180 2593 3462 2648 Dominico
3496 2603 3696 2646 tantum.

458 2702 527 2756 Et
561 2713 748 2755 revera
783 2694 957 2751 Graeci
994 2696 1188 2750 saltem
1221 2692 1558 2762 antiquiores
1597 2687 2059 2759 quadragesimali
2130 2696 2398 2756 tempore,
2432 2686 2662 2760 reliquis
2679 2687 2912 2756 (praeter
2963 2685 3104 2742 duos
3150 2686 3355 2759 dictos)
3392 2686 3580 2742 diebus
3608 2700 3697 2739 non

461 2789 887 2853 consecrabant,
922 2785 1016 2842 sed
1046 2785 1341 2839 utebantur
1396 2779 1876 2837 Prassanctilieatis
1907 2778 1995 2833 die
2026 2777 2317 2831 Dominico
2362 2779 2740 2846 praecedente;
2778 2792 2901 2848 qua:
2939 2778 3153 2833 scilicet
3189 2786 3277 2833 est
3323 2779 3437 2848 ipsa
3482 2778 3696 2847 liturgia.

459 2886 529 2939 de
564 2898 673 2952 qua
714 2878 1016 2948 loquimur,
1056 2872 1676 2929 Prtesanctilicatorum.
1732 2869 1889 2923 Nunc
1932 2869 2001 2924 ad
2058 2878 2289 2924 eteteros
2339 2868 2517 2923 Missa:
2561 2868 2727 2936 hujus
2780 2878 3170 2924 cuttlroversns
3209 2879 3466 2925 auctores
3512 2868 3698 2923 accedit

460 2977 627 3030 etiam
652 2971 890 3045 Cyprius
922 2969 1264 3040 Epiphanius
1298 2988 1309 3022 :
1337 2966 1539 3021 etenim
1574 2964 1792 3034 liturgia
1840 2964 1891 3017 in
1931 2963 2125 3018 codice
2159 2962 2446 3026 Vaticano,
2477 2968 2536 3014 ut
2576 2976 2700 3014 mox
2731 2960 3004 3027 dicemus,
3035 2960 3166 3017 huic
3204 2960 3494 3031 inscripta,
3532 2974 3699 3029 reapse

460 3063 1049 3119 Pmsanctilicatorum
1085 3069 1189 3115 est.

534 3157 619 3212 Ill.
656 3156 792 3210 Cum
825 3155 992 3225 igitur
1025 3169 1089 3208 ex
1120 3167 1239 3207 meo
1277 3150 1591 3221 Sophronio
1625 3148 1944 3205 didicissem
1974 3164 2174 3203 novum
2202 3149 2434 3217 litui-giae
2467 3147 2608 3213 (sive
2637 3144 2949 3201 communis
2984 3161 3082 3215 per
3124 3161 3356 3210 annum,
3388 3145 3500 3201 sive
3532 3143 3696 3198 saltem

462 3244 1082 3314 Praesanctiﬂcatorum)
1106 3252 1386 3301 auctorem
1426 3243 1600 3298 fuisse
1644 3241 2034 3311 Epiphanium,
2067 3240 2352 3309 stupebam
2392 3240 2669 3310 equidem,
2706 3253 2907 3291 nomen
2949 3236 3117 3307 hujus
3158 3237 3213 3291 in
3259 3238 3430 3291 nullis
3469 3246 3701 3303 apparere

459 3342 704 3412 iiturgiis
739 3340 856 3393 sive
892 3337 1037 3406 apud
1068 3336 1154 3392 Al.
1195 3338 1556 3392 Assemanum
1611 3336 1665 3390 in
1698 3338 1953 3408 liturgico
2002 3337 2215 3399 codice,
2252 3335 2369 3390 sive
2415 3335 2559 3405 apud
2608 3332 3036 3393 Renaudotium,
3086 3333 3204 3386 sive
3254 3332 3311 3385 in
3364 3340 3443 3386 tot
3493 3326 3701 3397 liturgiis

462 3434 850 3497 Orientalium,
916 3431 1107 3485 Graeco
1147 3430 1294 3484 fonte
1337 3428 1661 3498 plerumque
1711 3430 1996 3493 derivatis,
2035 3444 2177 3499 quas
2212 3433 2654 3481 commemorant
2690 3424 2823 3478 Abr.
2857 3422 3234 3477 Ecchellensis
3273 3421 3343 3476 ad
3385 3421 3700 3478 Ebedicsum,

463 3534 518 3580 et
540 3524 655 3581 Jos.
687 3527 1029 3579 Assemanus
1051 3521 1255 3589 passim
1291 3520 1344 3573 in
1383 3519 1714 3573 Bibliotheca
1742 3519 2024 3583 Orientali,
2058 3519 2262 3589 quibus
2287 3517 2424 3570 adde
2454 3516 2769 3585 catalogum
2794 3513 3161 3583 quadraginta
3187 3512 3535 3583 liturgiarum
3564 3505 3704 3563 Chal-

465 3619 751 3675 daiearum
780 3631 810 3669 a
838 3613 1187 3681 Schultingio
1218 3612 1356 3664 Bibl.
1389 3612 1515 3665 ercl.
1554 3620 1595 3663 t.
1626 3608 1711 3675 lll,
1743 3627 1796 3680 p.
1830 3612 1953 3675 100,
1985 3620 2325 3665 contextum.
2386 3608 2494 3662 Sed
2535 3624 2604 3663 ne
2636 3622 2737 3677 ego
2776 3605 3002 3675 quidem
3046 3606 3099 3659 in
3140 3603 3308 3660 editis
3347 3620 3375 3657 a
3428 3620 3511 3657 me
3532 3602 3703 3655 Arabi-

466 3724 687 3774 eorum,
718 3705 1101 3776 Syriacorum,
1138 3703 1646 3772 COphticorumque
1677 3704 1928 3758 codicum
1958 3702 2083 3756 Vat.
2113 3703 2399 3772 catalogis,
2434 3701 2523 3754 ubi
2571 3700 2757 3754 multa:
2796 3698 3121 3754 referuntur
3157 3698 3417 3767 litui-gite,
3444 3692 3702 3765 Epiphanii

465 3814 669 3855 nomen
699 3796 1061 3866 reperiebam.
1100 3794 1362 3859 Quiuimo
1389 3810 1615 3864 operum
1667 3796 1844 3850 sancti
1881 3796 1980 3849 viri
2024 3795 2284 3857 editores,
2322 3805 2372 3847 et
2421 3793 2786 3861 bibliographi
2828 3792 3071 3859 plurimi,
3107 3790 3211 3844 hoc
3249 3789 3537 3859 Epiphauii
3581 3786 3702 3839 scri-

466 3903 642 3961 ptum,
680 3889 912 3959 ejusque
953 3888 1090 3942 adeo
1123 3888 1437 3941 memoriam
1474 3888 1728 3956 ignorare
1752 3889 2025 3944 videntur.
2067 3891 2321 3943 Attamen
2366 3886 2747 3957 SUpradictum
2787 3885 3083 3954 Sophronii
3118 3883 3498 3939 testimonium
3529 3877 3705 3934 classi-

467 3996 595 4035 cum
621 3981 1121 4051 gravissimumque
1150 3988 1255 4035 est.
1286 3979 1419 4045 Quae
1451 3997 1576 4035 cum
1610 3982 1683 4036 ita
1717 3998 1777 4038 se
1808 3982 2093 4047 haberent,
2124 3983 2370 4037 converti
2408 3996 2495 4035 mc
2529 3980 2598 4034 ad
2644 3979 2986 4033 bibliothecae
3030 3993 3238 4046 magum
3273 3975 3549 4029 Vatinium
3575 3972 3704 4025 Grae-

468 4088 569 4130 cos
604 4072 865 4138 codices;
901 4072 1157 4141 factaque
1189 4080 1246 4126 ut
1280 4074 1431 4142 potui
1462 4075 1914 4144 perlnstratione,
1948 4075 2172 4129 unicum
2203 4074 2441 4141 denique
2466 4073 2641 4143 reperi
2684 4072 2935 4126 Grzecum
2975 4069 3244 4133 codicem,
3285 4070 3537 4139 phoenice
3568 4066 3707 4135 plane

469 4165 756 4229 rariorem,
790 4164 894 4219 sub
940 4178 1170 4218 numero
1206 4163 1364 4222 1215.
1408 4164 1463 4218 in
1499 4164 1659 4233 cujus
1706 4166 1904 4236 pagina
1958 4166 2028 4220 5'5
2068 4166 2288 4219 titulum
2335 4165 2533 4219 litteris
2578 4165 2910 4233 capitalibus
2958 4164 3110 4219 hunc
3158 4162 3545 4219 lubentissime
3579 4154 3704 4225 legi:

469 4259 518 4313 Η
546 4256 708 4310 ΘΕΙΑ
735 4255 1151 4308 ΛΕΙΤΟΥΡΓΙΑ
1179 4256 1315 4309 ΤΟΥ
1348 4256 1437 4309 EN
1466 4256 1687 4311 ΑΓΙΟΙΣ
1715 4258 1986 4311 ΠΑΤΡΟΣ
2031 4258 2229 4310 ΗΜΩΝ
2260 4257 2828 4311 ΔΡΧΙΕΠΙΣΚΟΠΟΥ
2860 4257 3145 4310 ΚΥΙΙΡΟΥ
3185 4253 3560 4309 ΕΠΙΦΑΝΙΟΥ
3590 4246 3709 4302 ΤΟΥ

473 4345 805 4400 ΜΕΓΑΛΟΥ
863 4363 875 4397 :
921 4344 1149 4400 DIVINA
1188 4344 1535 4415 :LITURGIA
1612 4346 1857 4401 SANCTI
1914 4348 2046 4402 PAT

2116 4348 2164 4403 LS
2228 4348 2483 4403 NOSTRI
2544 4347 3066 4409 ARCHIEPISCOPI
3124 4345 3333 4401 CYPRI
3392 4335 3691 4400 ΕΡΙΡΗΑΝΙ

478 4434 721 4492 MAGNL
752 4435 893 4502 Quid
924 4454 1021 4507 per
1055 4454 1113 4493 se
1144 4437 1474 4503 evidentius,
1513 4440 1710 4510 quidve
1733 4439 2027 4510 Sophronii
2060 4442 2372 4495 testimonio
2407 4440 2580 4511 magis
2614 4440 2930 4496 conformo?
2964 4441 3107 4510 Ergo
3143 4440 3411 4503 incensus
3432 4435 3706 4507 cupiditate

471 4519 637 4580 istius
671 4528 876 4597 operis,
919 4529 987 4583 de
1012 4545 1122 4600 quo
1162 4529 1275 4597 jam
1308 4547 1415 4585 non
1446 4532 1790 4597 dubitabam,
1834 4532 2139 4602 Epiphanio
2171 4532 2481 4596 asserendi,
2515 4530 2738 4587 dilatavi
2782 4532 2963 4586 adhuc
2998 4547 3166 4587 curas
3198 4547 3353 4587 meas
3388 4524 3704 4597 vestigando,

468 4615 693 4686 legique
723 4618 864 4688 apud
901 4618 1106 4675 Bonam
1133 4620 1255 4677 Rer.
1292 4623 1476 4693 liturg.
1504 4623 1600 4678 lib.
1640 4641 1679 4687 ι,
1723 4626 1774 4688 9,
1804 4625 1857 4687 6,
1897 4624 2173 4689 notitiam,
2212 4640 2380 4693 quam
2431 4641 2497 4679 ex
2538 4640 2605 4679 eo
2651 4626 2950 4695 exscripsit
2992 4631 3185 4694 postea
3218 4611 3705 4677 BenaudotiusLl.

474 4724 529 4780 p.
561 4707 686 4771 498,
721 4706 919 4763 Jobum
956 4725 1153 4781 nempe
1193 4711 1504 4775 Ludoll‘um,
1556 4729 1810 4785 magnum
1849 4716 1999 4768 illum
2054 4713 2499 4783 IEthiopicarum
2556 4731 2742 4769 rerum
2777 4716 3132 4786 scriptorem,
3162 4716 3216 4769 in
3248 4714 3415 4768 Prtef.
3465 4712 3532 4767 ad
3572 4705 3705 4764 ΑΞιΙιο

482 4796 694 4852 lexicon
725 4798 1019 4855 tradidisse
1050 4801 1302 4855 notitiam
1339 4801 1576 4873 liturgize
1606 4804 1749 4873 apud
1784 4820 1904 4858 eam
1936 4812 2151 4874 gentem
2179 4813 2409 4859 servata:
2433 4806 2607 4858 sancti
2638 4804 2924 4873 Epiphanii
2955 4806 3258 4860 orthodoxi.
3292 4805 3414 4860 Mox
3450 4818 3576 4859 vero
3593 4798 3708 4853 meis

478 4888 599 4960 ipse
631 4891 809 4973 oculis
834 4892 1050 4963 inspexi
1081 4891 1294 4948 Ludolﬁ
1323 4894 1571 4965 ejusdem
1604 4896 1669 4951 ad
1705 4895 2071 4966 ΑΞιΙιὶυρὶεαιη
2123 4896 2408 4950 historiam
2436 4898 2918 4962 commentarium,
2956 4899 3048 4954 ubi
3090 4913 3143 4968 p.
3174 4897 3303 4963 540,
3335 4896 3520 4951 decem
3554 4888 3709 4947 nomi-

477 4990 688 5037 nantur
718 4983 1043 5056 ASthiopum
1076 4986 1314 5058 liturgia:
1348 5007 1359 5041 :
1402 5003 1638 5058 quarum
1674 4990 1835 5043 tertia
1859 4996 1944 5043 est
1984 4990 2158 5041 sancti
2191 4988 2481 5057 Epiphanii
2508 4990 2818 5045 orthodoxi.
2858 4989 3136 5045 Habemus
3172 4990 3341 5059 igitur
3368 4977 3706 5057 Epiphanialli

480 5078 673 5147 scripti
712 5080 986 5149 legitimos
1021 5088 1192 5137 testes
1246 5090 1384 5149 tres,
1435 5084 1496 5137 S.
1544 5083 1939 5154 Sophronium,
1978 5083 2255 5153 liturgiam
2286 5083 2681 5154 Ethiopicam,
2730 5095 2784 5140 et
2822 5085 3066 5140 codicem
3098 5084 3347 5139 Gnaeum
3380 5081 3705 5136 Vaticanum-

480 5169 645 5241 (Nam
669 5171 739 5226 de
772 5181 923 5227 textu
959 5181 1014 5228 et
1035 5174 1103 5229 de
1130 5174 1415 5230 codicibus
1440 5176 1584 5245 apud
1616 5192 1717 5232 nos
1749 5176 2081 5244 Ethiopicis
2120 5176 2280 5241 alias,
2315 5186 2373 5229 ut
2411 5192 2591 5245 spero,
2618 5177 2878 5247 dicetur.)
2909 5175 3103 5245 Incipit
3142 5184 3350 5236 autem,
3384 5184 3505 5244 post
3541 5180 3708 5238 supra-

478 5263 745 5332 scriptum
790 5263 1010 5317 titulum
1053 5265 1223 5321 codex
1263 5264 1387 5321 Vat.
1423 5267 1505 5322 sic
1534 5286 1547 5322 :
1591 5266 1649 5321 Ὀ
1678 5267 1831 5331 Θεὸς,
1866 5270 1895 5321 ὁ
1923 5268 2053 5331 Θεὸς

2131 5268 2261 5339 μῶν,
2290 5271 2320 5321 ὁ
2347 5267 2633 5331 ὑποδείξας
2661 5270 2793 5339 ἡμῖν
2824 5267 2885 5320 τὸ
2927 5267 3073 5338 μέγα
3116 5266 3275 5319 τοῦτο
3306 5265 3610 5335 μυστήριον,
3654 5252 3706 5306 σὺ

480 5353 749 5408 ἱκάνωσον
775 5354 922 5423 ἡμᾶς
948 5358 1335 5427 προσενεγκεῖν
1370 5372 1451 5409 σοι
1481 5356 1672 5409 θυσίαν
1706 5356 2175 5427 προηγὶασμένην,
2202 5358 2281 5419 εἰς
2314 5356 2472 5422 δόξαν
2502 5373 2620 5421 σου,
2648 5356 2743 5408 καὶ
2774 5353 3095 5425 μονογενοῦς
3125 5371 3216 5406 σου
3253 5352 3406 5416 Υἱοῧ,
3435 5349 3525 5404 καὶ
3558 5340 3707 5400 Πνεῦ-

484 5444 658 5516 ματός
691 5461 784 5497 σου
818 5443 913 5497 τοῦ
943 5444 1101 5513 ἁγίου
1127 5460 1140 5473 ·
1177 5445 1341 5512 Deus,
1374 5446 1515 5501 Deus
1544 5458 1741 5511 noster,
1773 5448 1865 5517 qui
1895 5449 1994 5501 hoc
2027 5466 2057 5501 η

2133 5449 2177 5502 is
2218 5465 2469 5518 magnum
2503 5448 2813 5517 mysterium
2845 5446 3147 5508 ostendisti,
3186 5454 3240 5498 tu
3276 5461 3370 5498 nos
3401 5443 3487 5512 fac
3520 5439 3704 5493 idoneos

483 5531 553 5584 ad
580 5530 909 5600 offerendum
939 5532 1034 5584 tibi
1055 5534 1561 5603 prasanctiﬁcatum
1590 5536 1935 5605 sacriﬁcium,
1968 5538 2030 5589 ob
2055 5538 2133 5590 tui
2155 5538 2404 5607 gloriam,
2437 5546 2485 5591 et
2511 5537 2764 5606 unigeniti
2796 5536 2928 5590 Filii
2954 5536 3051 5599 tui,
3082 5547 3130 5592 et
3160 5535 3391 5604 Spiritus
3422 5534 3496 5587 tui
3523 5526 3691 5586 sancti-

555 5620 647 5676 Ν.
679 5623 835 5687 Quod
871 5624 1143 5695 reliquum
1170 5634 1310 5690 erat,
1338 5627 1666 5683 conﬁrmato
1690 5628 1801 5697 jam
1831 5630 2012 5691 titulo,
2038 5632 2245 5685 contuli
2280 5632 2459 5701 ipsum
2496 5633 2824 5700 opusculum
2875 5630 3110 5701 liturgia:
3152 5626 3698 5684 Prtcsanctilicatorum

486 5724 611 5795 cum
661 5711 1015 5781 editionibus,
1052 5734 1173 5786 quae
1214 5719 1355 5787 apud
1405 5734 1492 5772 me
1544 5730 1723 5783 erant,
1769 5722 1822 5775 id
1869 5731 1953 5777 est
1989 5722 2189 5778 Veneta
2222 5741 2284 5778 ex
2326 5723 2603 5777 Hellenica
2648 5725 3008 5795 typographia
3056 5723 3184 5776 anni
3238 5722 3405 5787 1859;
3438 5720 3555 5772 item
3592 5724 3694 5766 cum

498 5794 747 5853 ίῖυωδηλ
773 5800 1018 5867 εἱυδάθω
1060 5810 1188 5865 anni
1228 5809 1321 5865 Gr.
1354 5808 1549 5879 Amm
1578 5826 1881 5887 rursusque
1913 5829 2036 5871 cum
2088 5816 2195 5872 alia
2226 5815 2387 5871 Rom.
2424 5815 2519 5871 Gr.
2560 5832 2648 5871 au.
2705 5816 2875 5885 1754;
2905 5825 2957 5873 et
2994 5831 3119 5871 cum
3165 5816 3255 5871 illa
3302 5812 3526 5883 denique
3559 5813 3695 5876 quam
