3988 6420
258 365 369 422 537
1509 375 1862 433 PRECATIO
1887 375 1980 432 ET
2020 375 2494 434 EXORCISMUS.
3455 380 3563 436 5'58

265 499 625 570 Eucbologio
655 498 889 555 Inseruit
919 494 1156 552 Goarius
1184 515 1198 552 :
1233 495 1702 568 deprehendique,
1732 504 1966 567 excepto
2000 496 2195 553 ordine
2218 505 2274 553 et
2303 496 2697 554 minutioribus
2734 498 3006 568 partibus,
3047 497 3373 554 Vaticanum
3405 497 3566 552 codi-

266 608 394 649 cem
441 609 570 648 cum
593 594 882 667 impressis
913 608 1258 664 congruere;
1291 609 1458 665 quam
1500 594 1803 650 solemnem
1838 592 2192 663 liturgiarum
2221 593 2582 648 concordiam
2623 592 2835 662 jamdiu
2882 609 2986 648 nos
3019 593 3286 648 docuerat
3324 590 3564 648 Allatius

268 690 331 738 In
362 685 557 754 priore
585 685 807 742 dissert.
835 700 955 754 cap.
979 685 1050 740 20
1076 685 1164 741 his
1189 685 1374 742 verbis
1401 705 1416 740 :
1447 685 1530 739 An
1561 701 1682 740 vero
1711 687 1892 739 eodem
1918 687 2025 738 ritu
2044 701 2222 740 omnes
2254 685 2526 755 liturgiam
2550 683 2841 751 celebrant,
2876 701 2978 755 quo
3007 684 3133 738 olim
3159 683 3566 739 celebrabatur?

270 775 337 832 Si
363 791 475 830 rem
505 778 678 846 ipsam
715 778 1037 844 consideres,
1078 787 1128 833 et
1162 781 1422 847 sacriﬁcii
1451 780 1838 842 substantiam,
1883 778 2145 851 omnibus
2187 779 2296 832 ritu
2338 775 2523 833 erco
2557 777 2971 840 celebrantibus,
2999 775 3138 831 idem
3172 792 3337 830 unum
3376 790 3563 830 conve-

271 867 418 921 nisse
441 878 647 922 certum
675 877 793 924 est:
825 870 874 923 si
905 884 1084 938 preces
1113 879 1165 924 et
1197 886 1316 940 qua:
1346 871 1415 924 ad
1444 881 1694 925 ornatum
1723 871 1985 939 sacriﬁcii
2010 879 2361 938 pra’stmttur,
2394 869 2835 940 quemadmodum
2861 880 2910 923 et
2934 871 2988 923 in
3015 868 3187 923 Missa
3233 869 3441 937 integra
3476 869 3561 938 fa-

271 969 419 1013 ctum
452 970 553 1023 est,
582 977 686 1013 non
709 968 787 1014 est
816 977 848 1012 a
874 961 1163 1015 verosimili
1190 962 1444 1024 alienum,
1479 979 1583 1016 non
1611 961 1793 1016 eadem
1824 972 1983 1017 natale
2014 972 2242 1027 tantum,
2277 961 2368 1016 sed
2397 961 2521 1016 aliis
2546 971 2702 1033 atque
2727 963 2851 1016 aliis
2909 960 3230 1031 temporibus
3248 961 3442 1023 multa,
3467 975 3562 1028 pro

271 1053 356 1106 rei
398 1053 819 1121 opportunitate,
867 1054 1155 1109 immutata
1196 1055 1384 1124 fuisse.
1431 1053 1689 1124 Idemque
1718 1055 1954 1111 Allatius
2001 1071 2125 1125 cap.
2167 1057 2203 1111 4
2237 1073 2250 1109 :
2288 1053 2438 1109 Illud
2483 1057 2647 1110 etiam
2687 1057 2925 1119 observo,
2972 1054 3562 1124 Prmanctiﬁcatorum

274 1147 559 1217 liturgiam
585 1164 691 1202 non
717 1165 879 1202 unam
905 1158 1062 1217 atque
1092 1146 1332 1202 eamdem
1363 1147 1505 1218 apud
1528 1165 1706 1203 omnes
1739 1148 1927 1219 fuisse.
1958 1148 2048 1203 sed
2078 1165 2174 1218 pro
2203 1149 2458 1202 varietate
2489 1147 2857 1203 Ecclesiarnm
2891 1158 2942 1201 et
2978 1158 3294 1218 temporum,
3329 1146 3561 1200 variam.

275 1237 338 1291 In
379 1237 757 1309 Epiphaniana
785 1239 1006 1310 quidem
1029 1239 1162 1295 illud
1194 1241 1345 1309 quod
1380 1242 1740 1310 ascripsimus
1773 1241 1988 1295 initium
2022 1241 2092 1296 ab
2128 1241 2295 1297 editis
2336 1241 2576 1310 liturgiis
2613 1240 2816 1297 dill‘ert.
2846 1241 3050 1297 Preces
3089 1240 3256 1296 etiam
3289 1254 3389 1310 pro
3415 1238 3566 1310 regi-

275 1333 406 1397 bus,
442 1333 716 1396 exercitu,
753 1336 1037 1406 episcOpo,
1072 1342 1127 1389 et
1170 1335 1386 1391 caeteris
1423 1334 1688 1390 Ecclesia:
1724 1335 2018 1401 ministris,
2051 1335 2306 1390 nonnihil
2350 1336 2569 1392 variare
2604 1335 2955 1392 videbantur.
2991 1335 3182 1391 Oratio
3223 1342 3405 1390 autem
3439 1347 3566 1404 quae

275 1426 477 1497 incipit
510 1445 522 1481 :
566 1427 624 1482 Ὀ
653 1427 785 1492 Θεὸς
809 1430 837 1480 ό
876 1428 1336 1499 ἐπισκεψάμενος.
1369 1429 1627 1499 congruit
1671 1444 1795 1483 cum
1837 1427 1850 1482 l

1986 1428 2168 1482 tnzeui
2204 1428 2426 1498 liturgia
2474 1443 2639 1498 quam
2694 1429 2962 1484 habemus
3007 1430 3150 1498 apud
3197 1426 3561 1482 Assemanum

275 1514 410 1573 Cod.
449 1518 534 1571 lit.
568 1526 608 1573 ι.
645 1516 758 1581 Vll,
793 1532 843 1588 p.
873 1517 963 1573 87.
997 1517 1110 1573 Nec
1137 1519 1294 1589 plura
1329 1518 1509 1573 dicam
1532 1535 1546 1579 :
1573 1519 1711 1576 satis
1733 1520 1878 1573 enim
1904 1517 2154 1572 Vaticani
2179 1518 2394 1574 codicis
2419 1519 2819 1574 continentiam
2842 1519 2974 1573 mihi
3005 1519 3192 1574 videor
3214 1517 3562 1588 exposuisse.

349 1608 419 1664 V.
453 1608 718 1680 Superest
749 1619 808 1664 ut
839 1611 1146 1675 videamus,
1189 1625 1322 1664 num
1366 1611 1531 1665 etiam
1574 1626 1639 1665 ex
1675 1609 1966 1680 Epiphanii
2013 1609 2253 1679 cognitis
2297 1607 2458 1664 libris
2503 1618 2894 1681 argumentum
2931 1609 3156 1679 aliquod
3204 1609 3349 1664 adsit
3380 1624 3478 1679 pro
3510 1607 3562 1664 ei

275 1698 642 1764 vindicanda,
675 1702 762 1754 vel
791 1716 974 1765 secus,
1009 1702 1115 1756 hac
1164 1701 1408 1772 liturgia.
1439 1701 1497 1756 In
1522 1701 1725 1772 haeresi
1758 1700 1850 1767 79,
1879 1702 1933 1763 3,
1965 1701 2102 1754 dicit
2143 1699 2511 1770 Epiphanius,
2556 1701 2862 1770 apostolos,
2906 1716 3050 1770 quos
3090 1700 3235 1754 inter
3269 1697 3562 1765 Iacobum,

278 1791 599 1862 μυστηρίων
627 1791 959 1862 ἀρχηγέτας,
997 1794 1371 1862 mysteriorum
1420 1770 1665 1848 auclore:
1705 1793 1853 1846 fuissl

1990 1793 2000 1846 l
2038 1799 2144 1851 est.
2185 1800 2246 1844 ut
2280 1800 2432 1845 recte
2469 1790 2820 1862 intelligitur,
2846 1791 3048 1847 divinae
3090 1792 3327 1863 liturgite
3372 1795 3565 1850 condi-

278 1890 454 1935 tores.
489 1880 629 1946 Quid
661 1882 820 1936 inde?
845 1881 984 1937 Ecce
1014 1885 1354 1938 Assemanus
1381 1883 1515 1939 Cod.
1551 1884 1634 1938 lit.
1672 1892 1715 1938 t.
1750 1881 1796 1937 ν
1824 1883 1996 1954 praet.
2019 1898 2108 1952 pp.
2141 1882 2232 1948 26,
2263 1883 2354 1946 55.
2391 1883 2486 1948 57,
2512 1899 2580 1939 ex
2615 1884 2723 1938 hoc
2750 1883 3042 1954 Epiphanii
3075 1885 3225 1941 dicto
3257 1887 3567 1942 hariolatur

277 1973 462 2026 sancti
509 1971 703 2026 Jacobi
755 1973 1033 2043 liturgiam
1090 1974 1159 2029 ad
1206 1975 1447 2048 Cyprum
1495 1992 1716 2046 quoque
1751 1977 2114 2046 pertinuisse.
2143 1976 2304 2030 Cur?
2336 1975 2480 2042 Quia
2534 1992 2731 2046 nempe
2763 1976 3002 2048 Cyprus,
3039 1979 3328 2033 Assemani
3377 1987 3561 2044 aetate,

274 2066 482 2134 partim
515 2063 670 2137 Syris
699 2067 1054 2136 patriarchis,
1117 2069 1316 2138 partim
1349 2069 1513 2124 etiam
1541 2070 1731 2124 Sancti
1769 2068 2021 2138 Sepulcri
2059 2066 2434 2124 Franciscano
2487 2071 2706 2125 custodi
2741 2072 3001 2164 su’berat;
3043 2072 3090 2128 is
3115 2071 3383 2128 hodierna
3425 2083 3566 2130 tem-

275 2173 419 2226 pora
462 2160 529 2212 ad
559 2159 787 2227 antiqua
815 2160 1095 2214 immerito
1128 2159 1494 2224 transferens,
1526 2161 1866 2216 existimavit
1900 2160 2461 2231 llierosolymitanam
2496 2162 2777 2234 liturgiam
2801 2159 2986 2235 'Cypri
3018 2182 3239 2236 quoque
3270 2167 3516 2239 viguisse
3545 2189 3563 2223 :

274 2267 403 2319 quae
433 2265 523 2306 res
557 2258 942 2320 argumentum
989 2251 1323 2316 inlirmaret,
1369 2253 1517 2324 quod
1553 2252 1892 2324 Epiphanius
1934 2251 2174 2324 Cyprius
2224 2253 2684 2325 archiepisc0pus
2740 2256 3022 2327 liturgiam
3070 2259 3353 2328 prepriam
3400 2259 3564 2316 insti-

275 2345 474 2410 tuerit,
512 2343 630 2398 sive
660 2343 929 2414 integram
980 2345 1098 2399 sive
1149 2343 1391 2401 fortasse
1435 2346 1602 2400 ctiam
1637 2345 2055 2414 particularem,
2091 2345 2410 2412 cujusmodi
2447 2354 2532 2401 est
2576 2347 2692 2401 hanc
2730 2347 3349 2406 Prmsanctilicatorum.
3394 2353 3562 2423 Atqui

274 2455 391 2493 non
428 2437 720 2508 ignorabat
755 2436 1098 2491 Assemanus
1128 2437 1293 2507 Cypri
1325 2438 1456 2493 olim
1501 2439 1841 2508 provinciam
1874 2437 2048 2492 fuisse
2075 2436 2374 2505 ἀκέφαλον,
2413 2438 2467 2492 id
2491 2448 2576 2495 est
2609 2441 2691 2496 sui
2713 2441 2882 2509 juris,
2915 2443 3320 2515 archiepiscopi
3354 2445 3566 2501 nullius

271 2527 526 2584 extranei
560 2536 654 2582 aut
691 2527 1018 2598 patriarchae
1048 2529 1384 2584 ordinationi
1421 2530 1754 2600 subjectam.
1807 2530 2039 2587 Frustra
2080 2533 2251 2604 igitur
2296 2533 2639 2588 Assemanus
2687 2532 3244 2607 llicrosolymitauam
3283 2539 3564 2608 liturgiam

272 2617 563 2674 veteribus
588 2617 806 2688 Cypriis
836 2616 1054 2672 videtur
1086 2617 1404 2675 obtrudere.
1442 2619 1517 2674 De
1563 2619 1874 2692 Epiphanio
1908 2640 2016 2678 non
2047 2623 2267 2694 quidem
2301 2624 2600 2689 scribente,
2638 2627 2734 2680 sed
2762 2628 3078 2682 celebrante
3099 2629 3401 2699 liturgiam,
3432 2646 3565 2684 nar-

274 2712 422 2766 ratio
470 2720 555 2766 est
610 2711 664 2764 in
709 2711 829 2780 ejus
871 2710 1060 2766 Graeca
1089 2710 1214 2766 Vita
1245 2713 1354 2778 (ed.
1406 2712 1593 2770 Pctav.
1627 2722 1666 2768 t.
1707 2715 1770 2780 ll,
1805 2733 1860 2787 p.
1889 2717 2016 2787 551)
2084 2733 2207 2789 cap.
2249 2718 2342 2784 '58,
2375 2719 2467 2773 ubi
2512 2719 2587 2772 ait
2623 2719 2985 2790 biographus,
3021 2721 3389 2792 Epiphanium
3424 2740 3568 2778 nuu-

271 2819 446 2874 quam
486 2804 540 2857 in
581 2803 745 2858 Missa
779 2803 1041 2874 perlicere
1091 2805 1313 2860 solitum
1363 2806 1534 2860 fuisse
1577 2809 1912 2866 oblationem
1957 2822 2250 2882 antequam
2297 2813 2605 2878 visionem,
2669 2814 2963 2879 ὀπτασίαν,
3004 2815 3256 2870 vidisset.
3289 2815 3398 2871 lies
3435 2832 3568 2873 sane

276 2898 442 2962 mira,
475 2907 529 2952 et
565 2905 758 2952 sancto
783 2897 903 2952 viro
932 2897 1124 2966 digna!
1150 2898 1307 2964 cujus
1341 2913 1438 2966 par
1469 2903 1783 2970 exemplum
1819 2903 2018 2972 legitur
2049 2904 2115 2958 de
2144 2904 2250 2957 alio
2304 2905 2566 2974 episc0po
2592 2907 2738 2976 apud
2769 2905 2932 2960 Joan.
2967 2905 3253 2962 Moschum
3285 2923 3407 2976 cap.
3440 2908 3564 2974 150,

274 2987 526 3060 itemque
557 2991 611 3044 in
655 2989 791 3044 Vitis
830 2990 1057 3044 Patrum
1092 2992 1238 3062 apud
1279 2991 1634 3048 Rosweidum
1685 2993 1784 3049 lib.
1828 3011 1867 3060 ι,
1906 3011 1960 3064 p.
1999 2995 2124 3062 199,
2173 3006 2402 3052 sanctus
2448 2995 2686 3051 Basilius
2741 2997 2968 3052 Missam
3008 2999 3322 3054 celebrasse
3366 2998 3570 3053 dicitur

285 3082 609 3142 clarissimo
644 3082 851 3138 lumine
896 3091 950 3138 et
979 3085 1192 3153 angelis
1224 3085 1630 3149 circumdatus,
1671 3097 1839 3156 prout
1889 3089 2054 3142 etiam
2101 3089 2154 3142 in
2197 3089 2432 3158 picturis
2468 3105 2646 3158 nuper
2673 3105 2703 3142 a
2734 3090 2896 3145 nobis
2933 3092 3211 3146 enarratis
3247 3090 3432 3145 videre
3461 3101 3566 3146 est.

276 3171 346 3226 Et
382 3172 606 3243 quidem
641 3173 695 3227 iu
727 3173 925 3242 quinta
969 3174 1149 3239 icone,
1185 3175 1277 3230 ubi
1314 3175 1685 3246 archangelus
1735 3178 2022 3232 diabolum
2068 3194 2097 3231 a
2133 3178 2311 3234 Μίδεω
2344 3179 2610 3251 mysterio
2657 3182 2971 3251 temploque
3012 3182 3206 3252 abigit,
3250 3197 3568 3253 quanquam

282 3264 588 3335 epigraphe
639 3266 862 3321 nonnisi
897 3266 1178 3322 diabolum
1221 3269 1330 3338 piis
1367 3270 1684 3324 astantibus
1737 3269 2090 3325 insidiantem
2135 3270 2389 3336 denotat,
2434 3271 2800 3327 nihilominus
2841 3273 3145 3342 signilicari
3178 3284 3308 3344 puto
3335 3289 3571 3343 energu-

282 3371 574 3411 inenorutn
600 3359 878 3428 praecipue
913 3361 1320 3428 expulsionem,
1354 3377 1496 3430 quos
1528 3361 1829 3432 Dionysius
1863 3361 2008 3416 Eccl.
2043 3363 2305 3430 ἡξει-ανσήἶ
2343 3379 2466 3434 cap.
2498 3365 2552 3429 3,
2585 3381 2710 3419 cum
2745 3366 3162 3421 catcchumenis
3207 3375 3262 3422 ct
3297 3368 3571 3437 pwniten-

289 3449 432 3504 tibus
461 3450 640 3505 arceri
672 3465 702 3503 a
736 3453 1069 3507 sacramenti
1104 3460 1333 3522 aspectu
1362 3453 1712 3523 ccelesiaque
1757 3453 1979 3508 excludi
2017 3454 2215 3509 solitos
2265 3465 2474 3510 narrat.
2522 3457 2773 3528 Denique
2812 3457 2903 3511 aio
2951 3465 3186 3514 cunctas
3229 3475 3326 3516 eas
3355 3460 3568 3524 icoues,

287 3543 590 3597 secundum
622 3544 915 3612 quamdam
943 3544 1218 3600 visionem
1259 3554 1313 3601 et
1342 3547 1632 3615 mysticam
1670 3547 1989 3616 allegoriam
2021 3547 2196 3603 fuisse
2230 3549 2502 3619 depictas,
2537 3565 2644 3621 qua
2691 3546 2895 3605 coelu'm
2923 3566 3048 3606 cum
3085 3559 3233 3605 terra
3258 3553 3572 3622 copulatur.

283 3634 340 3689 id
369 3643 456 3690 est
488 3634 751 3690 Christus
785 3635 840 3689 in
898 3637 1208 3695 sacerdote.
1257 3637 1499 3692 ministri
1551 3637 1798 3692 minores
1846 3637 1901 3691 iu
1937 3639 2150 3709 angelis
2183 3647 2678 3710 repraesentantur,
2708 3641 2795 3695 vel
2838 3641 2908 3696 iis
2955 3641 3379 3711 permiscentur,
3423 3641 3573 3696 felici

281 3727 425 3782 artis
456 3727 750 3797 phantasia
783 3736 838 3782 et
872 3728 1162 3799 theologia:
1185 3727 1466 3783 doctrina.
1501 3728 1606 3782 Sed
1643 3731 1768 3785 linis
1797 3730 1890 3793 sit,
1929 3730 2240 3799 praesertim
2267 3731 2397 3801 quia
2435 3732 2670 3802 pictura:
2699 3732 2805 3786 illac
2838 3733 2983 3787 haud
3005 3732 3074 3786 ad
3104 3732 3396 3802 Epiphanii
3423 3734 3574 3786 codi-

277 3837 404 3877 cem
439 3819 790 3889 liturgiamve
828 3821 1137 3890 pertinent;
1175 3837 1344 3892 super
1367 3838 1476 3892 qua
1505 3823 1644 3879 satis
1665 3826 1779 3894 jam
1813 3824 2112 3878 verborum
2150 3831 2473 3880 nostrorum
2503 3823 2736 3882 ﬂuxisse
2761 3824 3012 3892 videtur;
3034 3833 3089 3880 et
3122 3825 3360 3878 aliorum
3391 3825 3576 3894 potius

277 3910 490 3966 indicia
514 3911 884 3981 exspectanda
911 3927 1226 3966 censemus.

275 4093 3554 4138 *Μ

1351 4274 1788 4368 SANCTI,
1847 4273 2489 4364 EPIPHANII

752 4467 1098 4524 PRECATIO
1137 4467 1226 4524 ET
1267 4467 1714 4526 EXURCISMUS
1753 4468 1848 4524 AD
1885 4465 2268 4528 lMMUl‘iDUM
2311 4466 2327 4520 ξ

1541 4468 1714 4526 SMUS
1753 4468 1848 4524 AD
1885 4465 2268 4528 lMMUI‘iDUM
2311 4466 2642 4524 SPlRlTUM
2683 4468 3116 4529 EJICIENDUM.

1707 4635 2164 4713 [Fragmenta.]

1287 4806 1524 4867 (lauare,
1562 4802 1776 4868 Catalog.
1801 4801 1913 4853 cod.
1935 4803 2096 4872 Graio.
2123 4799 2328 4864 Hatria,
2354 4815 2405 4866 p.
2431 4800 2570 4869 423.)

357 5045 615 5102 Precatio
649 5041 847 5114 incipit
876 5060 890 5097 :
922 5037 1366 5111 Ἐπικαλούμεοά
1391 5055 1474 5102 σε,
1501 5038 1602 5092 Θεὲ
1624 5037 2010 5110 παντοκράτορ
2024 5037 2200 5110 Κύριε
2231 5036 2407 5109 Ἰησοῦ
2426 5037 2634 5109 Χριστὲ
2655 5037 2877 5109 οὐράνιε
2897 5033 3146 5108 βασιλεῦ·
3175 5037 3586 5111 ἐπικαλούμεθά

282 5160 350 5196 σε
368 5143 462 5196 τὸν
475 5142 778 5212 ποιήσαντα
797 5139 889 5191 τὸν
918 5136 1146 5208 οὐρανὸν
1173 5137 1268 5189 καὶ
1293 5136 1394 5205 τὴν
1419 5135 1544 5205 γῆν.
1578 5134 1857 5190 Exoreism

2009 5151 2084 5189 iro
2107 5135 2300 5206 incipit
2327 5153 2340 5188 :
2383 5133 2682 5205 Ἐξορκίζω
2708 5152 2792 5200 σε,
2830 5132 3050 5204 πνεῦμα
3071 5133 3406 5206 ἀκάθαρτον.
3438 5137 3584 5190 κατὰ

286 5235 384 5291 τοῦ
401 5236 564 5306 λόγου
582 5233 720 5289 Θεοῦ
737 5233 832 5288 τοῦ
852 5233 1178 5304 ποιήσαντος
1203 5231 1296 5284 τὸν
1319 5231 1551 5302 οὐρανὸν
1579 5231 1675 5285 καὶ
1695 5231 1794 5303 τὴν
1810 5231 1933 5301 γῆν.
1964 5231 2196 5297 Desinit,
2215 5229 2485 5303 φοϐήθητι
2511 5229 2606 5284 τὸν
2620 5229 3056 5301 ἀναϐαλλόμενον
3089 5232 3206 5302 φῶς
3223 5231 3299 5295 ὡς
3333 5232 3548 5303 ἱμάτιον
3567 5249 3582 5265 ο

289 5331 384 5385 τδν
411 5332 574 5403 μόνον
606 5329 802 5402 ἔχοντα
831 5327 1134 5382 ἀθανασίαν
1161 5327 1258 5380 καὶ
1293 5325 1410 5396 φῶς
1439 5326 1735 5399 ἀπρόσιτον
1763 5343 1776 5358 ο
1809 5320 1853 5395 ᾧ
1881 5330 1915 5398 ἠ
1949 5327 2080 5392 δόξα
2111 5327 2208 5381 καὶ
2245 5327 2307 5380 τὸ
2336 5326 2539 5399 κράτος
2567 5327 2650 5389 εἰς
2685 5327 2814 5390 τοὺς
2835 5325 3060 5389 αἰῶνας.
3103 5327 3298 5399 Ἀμήν.

363 5444 620 5500 Precatio
661 5451 716 5499 et
745 5443 1090 5498 exorcismus
1123 5442 1214 5497 hic
1246 5450 1363 5496 tum
1399 5458 1430 5496 a
1458 5440 1518 5496 S.
1551 5441 1842 5512 Epiphanii
1880 5440 2121 5513 Operum
2163 5443 2517 5504 editionibus,
2555 5451 2670 5495 tum
2702 5455 2732 5494 a
2768 5438 2961 5496 Goarii
3014 5439 3341 5511 Euchologio
3383 5444 3588 5512 pariter

288 5537 516 5590 absunt.
556 5535 932 5590 Nihilominus
982 5542 1164 5590 tamen
1195 5532 1485 5590 Fabricius
1514 5534 1771 5589 Biblioth.
1805 5531 2006 5590 Graeca:
2039 5535 2149 5590 vol.
2190 5533 2324 5599 Vlll,
2364 5549 2485 5604 pag.
2533 5533 2624 5598 05,
2661 5533 2850 5588 laudat
2899 5532 3149 5590 codicem
3187 5531 3586 5589 Baroccianum

291 5626 433 5693 VIII,
465 5627 520 5681 in
556 5642 667 5697 quo
701 5635 756 5683 et
787 5625 1102 5698 Epiphanii,
1136 5634 1190 5683 et
1226 5627 1460 5682 aliorum
1496 5625 1596 5682 SS.
1632 5627 1856 5682 Patrum
1889 5627 2282 5699 Adjurationes
2311 5627 2428 5684 sive
2458 5624 2769 5681 Exorcismi
2800 5626 3076 5698 ejusmodi
3123 5626 3402 5697 leguntur.
3428 5627 3588 5694 Quod

285 5740 402 5781 non
463 5725 568 5779 levi
622 5733 950 5795 argumento
997 5732 1084 5781 est
1123 5724 1272 5780 hunc
1305 5723 1365 5783 S.
1403 5723 1692 5797 Epiphanii
1731 5725 1978 5796 aliosque
2021 5725 2253 5780 aliorum
2308 5721 2554 5788 Patrum,
2607 5722 2892 5778 nonnullis
2923 5721 3104 5778 adhuc
3142 5719 3198 5777 in
3238 5720 3590 5778 bibliothecis

285 5835 428 5877 mss.
465 5819 804 5878 delitescere.
