3920 6420
465 368 567 427 I59

1592 365 1934 421 APPENDlX
1974 365 2594 423 DlSSEllTATthUM.
3578 372 3664 430 sto

451 577 3649 616 W

910 758 1711 887 APPENDIX
1784 760 3235 895 DISSERTATIONUM.

1091 1070 1195 1129 DE
1228 1070 1749 1133 ROMANORUM
1811 1073 2401 1137 IMPERATOBUM
2456 1073 3054 1136 CHRONOLOGIA.

1394 1231 1501 1304 (CI.
1537 1240 1657 1288 not.
1690 1237 1781 1307 57,
1816 1232 1884 1287 ad
1922 1232 2018 1289 lib.
2054 1231 2133 1288 De
2163 1235 2447 1298 maritmis,
2482 1234 2588 1289 col.
2631 1235 2787 1303 258.)

529 1462 672 1520 Εἶτα
696 1465 979 1532 βασιλεῖς
1020 1466 1329 1536 Ῥωμαίων.
1384 1465 1754 1522 Romanorum
1795 1470 2032 1541 impera-

2208 1467 2507 1534 Κλαύδιος
2536 1469 2640 1537 ἐτη
2676 1474 2765 1537 ιγ’.
2800 1467 2965 1537 Atqui
2999 1466 3266 1523 Eusebius
3305 1475 3496 1536 praeter
3529 1481 3683 1523 anuos

456 1563 638 1611 torum
668 1559 757 1628 qui
790 1557 1039 1627 sequitur
1086 1556 1363 1613 lndiculus
1390 1559 1566 1613 altero
1597 1560 1689 1614 illo
1718 1562 2033 1633 castigatior

449 1656 535 1703 est
561 1689 575 1714 ,
627 1664 787 1718 quem
843 1649 898 1701 in
931 1649 1197 1703 Ancorato
1225 1688 1240 1711 ,
1287 1666 1341 1703 ιι.
1379 1649 1469 1713 60,
1502 1653 1821 1721 proposuit;
1859 1670 2035 1722 neque

451 1747 635 1792 tamen
684 1738 884 1809 ubique
919 1740 1056 1793 satis
1109 1749 1404 1795 accuratus
1448 1752 1551 1797 est.
1596 1743 1776 1808 Quare
1814 1759 2034 1814 Operam

453 1828 705 1881 navaturi
738 1830 1006 1894 videmur,
1040 1830 1086 1883 si
1129 1830 1181 1884 in
1221 1832 1471 1902 singulos
1508 1834 1899 1903 imperatorum
1933 1853 2032 1891 au-

453 1935 556 1975 nos
581 1958 596 1983 ,
648 1920 740 1989 qui
772 1922 991 1991 quidem
1040 1923 1357 1992 quzestionis
1390 1926 1601 1995 aliquid
1640 1927 1879 1991 habent,
1912 1929 2036 1984 dili-

451 2012 670 2082 gentius
702 2012 1065 2084 inquiramus.
1114 2014 1171 2069 Id
1224 2016 1369 2071 enim
1404 2032 1529 2072 eum
1577 2018 1643 2074 ad
1672 2018 2035 2091 Epiphanium

454 2102 841 2157 illustrandum
869 2142 885 2167 ,
922 2110 1037 2157 tum
1088 2102 1155 2158 ad
1187 2106 1490 2161 Romanam
1545 2108 1833 2163 historiam
1865 2112 2037 2167 stabio

452 2191 688 2246 liendam
738 2193 1111 2248 necessarium
1140 2195 1389 2262 videtur;
1438 2210 1562 2249 cum
1620 2200 1921 2267 praesertim
1982 2202 2037 2256 in

450 2282 562 2335 illis
592 2284 999 2352 quamplurima
1047 2286 1195 2353 sint,
1234 2302 1356 2357 quae
1382 2287 1645 2357 majorem
1686 2304 1715 2343 a
1746 2291 2040 2349 chronolo-

447 2372 535 2439 gis
565 2372 724 2429 [idem
759 2375 1114 2446 studiumque
1141 2388 1475 2435 mereantur.

521 2463 873 2531 Αὔγουστος
906 2467 1009 2533 ἐτη
1042 2474 1157 2531 νς·’.
1198 2468 1273 2525 De
1305 2471 1465 2526 annis
1514 2472 1715 2542 quibus
1752 2476 2038 2546 imperavit

452 2554 761 2622 Augustus,
783 2558 1167 2626 copiosissime
1195 2560 1401 2615 dictum
1429 2573 1515 2619 est
1548 2564 1616 2618 ad
1647 2565 1783 2621 hacr.
1812 2568 1901 2623 51.
1936 2569 2037 2625 llic

454 2642 736 2710 sexaginta
768 2660 865 2699 sex
925 2648 1191 2701 duntaxat
1224 2653 1605 2719 enumeravit;
1656 2666 1852 2723 praeter
1895 2675 2037 2729 quos

456 2732 726 2788 Eusebius
796 2750 892 2790 sex
960 2752 1179 2811 menses
1230 2739 1405 2796 addit.
1458 2742 1674 2798 Initium
1728 2748 1795 2802 ab
1858 2747 1921 2804 U.
1970 2750 2032 2805 C.

2140 1575 2262 1623 xm,
2299 1573 2518 1614 menses
2551 1559 2783 1629 imputat
2818 1576 2892 1623 tx,
2925 1559 3042 1613 dies
3064 1574 3254 1612 xxvm.
3287 1558 3384 1613 Dio
3411 1574 3573 1614 annos
3599 1560 3681 1613 tri-

2136 1652 2255 1707 buit
2297 1667 2414 1717 xm,
2454 1666 2672 1707 menses
2700 1668 2819 1716 vm,
2853 1653 2971 1707 dies
3015 1668 3104 1705 xx.
3156 1650 3302 1704 Obiit
3343 1649 3609 1714 Claudius,
3633 1661 3682 1703 ut

2138 1752 2331 1797 auctor
2357 1751 2441 1798 est
2466 1741 2781 1806 Suetonius,
2811 1742 3003 1796 Asinio
3035 1741 3311 1804 Marcello,
3337 1742 3503 1795 Acilio
3519 1741 3681 1795 Aviola

2136 1849 2309 1895 coss.,
2343 1848 2402 1887 ιιι
2434 1831 2509 1886 Id.
2538 1831 2660 1887 Oct.
2716 1833 2797 1885 Ab
2852 1839 2977 1888 ante
2998 1833 3141 1888 diem
3170 1848 3267 1887 χιιι
3300 1832 3519 1888 Kalend.
3544 1831 3679 1885 Febr.

2138 1922 2266 1977 anni
2294 1923 2355 1975 Η
2406 1921 2747 1993 Dionysiani,
2781 1938 2889 1990 quo
2934 1922 3232 1991 imperium
3278 1922 3582 1992 auspicatus
3615 1931 3683 1976 est

2136 2011 2421 2075 Claudius,
2461 2011 2529 2064 ad
2560 2026 2656 2064 xm
2696 2009 2949 2064 Octobris
2980 2010 3108 2063 anni
3158 2010 3261 2076 54,
3304 2011 3356 2063 in
3395 2026 3548 2080 quem
3576 2010 3682 2064 Asi-

2138 2101 2263 2157 nius
2286 2099 2576 2155 Marccllus
2599 2107 2652 2154 et
2678 2084 2869 2153 Kviola
2902 2114 3048 2154 coss.
3086 2100 3358 2165 incidunt,
3391 2102 3514 2154 anni
3544 2100 3685 2153 inter-

2137 2192 2339 2245 cedunt
2368 2190 2526 2246 solidi
2564 2206 2686 2249 xm.
2732 2207 2855 2243 cum
2891 2191 3086 2246 diebus
3122 2205 3323 2256 ccutt,
3360 2193 3473 2247 sive
3507 2191 3684 2245 mensi-

2137 2280 2240 2337 bus
2286 2278 2521 2335 Julianis
2575 2294 2708 2342 vm,
2748 2278 2941 2333 diebus
2991 2295 3059 2332 xx
3104 2297 3119 2332 :
3166 2285 3301 2347 quot
3356 2287 3498 2333 recte
3550 2275 3682 2329 colli-

2137 2371 2215 2441 git
2239 2369 2360 2425 Dio.

2208 2462 2411 2530 Νέρων
2448 2462 2553 2529 ἐτη
2585 2466 2678 2531 ιγ’.
2716 2459 2987 2515 Eusebius
3013 2474 3187 2513 annos
3228 2456 3479 2513 attribuit
3513 2455 3685 2509 Neroni

2139 2569 2260 2620 xm,
2293 2568 2510 2608 menses
2546 2569 2643 2613 vtt.
2684 2554 2801 2606 dies
2839 2568 3009 2605 xxvm
3040 2570 3055 2618 ;
3083 2550 3180 2605 Dio
3207 2566 3384 2605 annos
3418 2565 3534 2613 χιιι,
3561 2562 3684 2600 men-

2137 2662 2226 2701 ses
2255 2660 2375 2699 vm.
2444 2645 2663 2699 Initium
2719 2644 2947 2699 Neronis
2992 2651 3077 2697 est
3141 2658 3233 2695 xtv
3299 2642 3547 2696 Octobris
3579 2654 3685 2691 aunt

2140 2736 2457 2806 Dionysiani
2512 2736 2622 2802 54;
2673 2749 2704 2788 a
2734 2749 2843 2805 quo
2887 2732 3060 2803 putati
3102 2732 3231 2786 anni
3271 2731 3545 2794 tredecim,
3583 2744 3684 2781 cum

456 2836 602 2877 anno
634 2824 757 2891 7H,
810 2825 864 2881 id
910 2809 1279 2898 estproximo
1314 2844 1344 2884 a
1398 2847 1529 2888 nece
1573 2834 1721 2889 Julii.
1758 2836 1892 2892 Nam
1939 2840 2033 2895 ιο.
2071 2809 2113 2862 Β
2142 2829 2426 2883 mensibus
2458 2834 2606 2892 octo,
2641 2826 2900 2881 desinunt
2936 2826 2990 2878 in
3018 2840 3115 2879 χιιι
3153 2824 3374 2879 circiter
3395 2822 3535 2877 Junii
3574 2821 3679 2873 anui

456 2914 693 2982 sepltus,
746 2918 839 2986 qui
891 2919 959 2973 ab
995 2919 1115 2989 ipso
1143 2919 1377 2976 Julianae
1408 2924 1574 2981 cmdis
1609 2941 1751 2981 anno
1786 2930 2033 2999 deduxit,

456 3021 631 3063 amms
660 3009 753 3063 dat
780 3011 1029 3080 Augusto
1054 3027 1181 3076 LVII,
1208 3030 1425 3069 menses
1456 3032 1530 3078 vt,
1573 3018 1691 3073 dies
1728 3037 1783 3074 ll.

527 3098 609 3151 Οὔ
647 3115 809 3165 τινος
858 3101 929 3153 ἐν
969 3093 1050 3167 τῷ
1079 3105 1568 3171 τεσσαρακοστῷ.
1616 3108 1772 3161 Anno
1802 3111 2035 3167 Ca‘saris

454 3190 683 3260 Augusti
720 3207 827 3244 χιιι
854 3190 1129 3247 Christum
1164 3193 1219 3247 in
1258 3194 1431 3249 lucem
1481 3196 1686 3251 editum
1740 3215 1863 3255 esse
1906 3217 2032 3255 cum

453 3281 687 3337 Eusebio
723 3291 912 3339 censet
945 3285 1320 3355 Epiphanius,
1362 3288 1569 3357 periodi
1608 3289 1839 3347 Julianaa
1869 3293 2033 3360 4712,

449 3372 671 3428 Juliano
700 3391 851 3440 xuv,
892 3376 1113 3431 biennio
1142 3376 1254 3432 fere
1291 3386 1417 3434 ante
1450 3394 1796 3438 communem
1831 3384 2035 3441 Christi

452 3464 714 3519 natalem.
746 3462 885 3518 Nam
916 3481 968 3519 vr
994 3463 1243 3543 Januarii
1270 3475 1458 3523 natum
1490 3470 1793 3527 existimat.
1828 3471 1903 3529 De
1926 3490 2036 3545 quo

454 3554 523 3606 ad
551 3553 682 3607 haer.
722 3554 814 3609 δι.

534 3643 791 3711 Τιϐέριος
834 3645 940 3713 ἐτη
990 3653 1099 3717 κγ’.
1135 3646 1357 3705 Tiberio
1409 3665 1545 3705 χχιιι
1595 3666 1773 3709 annos
1831 3654 2036 3711 solidos

459 3736 693 3803 imputat
737 3734 1047 3803 Eusebius,
1100 3754 1167 3794 ex
1217 3755 1391 3810 eoque
1446 3750 1689 3799 noster:
1746 3761 1857 3799 non
1918 3748 2037 3802 sine

452 3838 663 3878 errore.
697 3824 943 3880 Dicerem
986 3835 1040 3883 et
1069 3828 1158 3883 hic
1180 3867 1196 3894 ,
1235 3836 1289 3884 et
1321 3832 1376 3885 in
1409 3831 1656 3903 Augusto
1680 3874 1694 3897 ,
1740 3837 2034 3891 rotundum

456 3931 745 3971 numerum
782 3928 1125 3976 consectatos
1163 3936 1319 3987 esse,
1368 3924 1473 3978 nisi
1516 3925 1571 3978 in
1606 3926 1730 3982 aliis
1752 3920 2037 3999 ‘plerisque

462 4022 677 4063 menses
714 4023 778 4062 ac
812 4009 930 4064 dies
977 4010 1339 4080 adjecissent;
1374 4029 1513 4084 quos
1542 4016 1769 4085 proinde
1796 4018 1851 4073 in
1876 4020 2037 4074 Tibe-

457 4096 541 4150 rio
592 4100 933 4166 przetermitti
969 4115 1079 4155 non
1127 4105 1388 4171 oportuit.
1430 4103 1678 4162 Mortuus
1716 4115 1800 4163 est
1845 4112 2035 4181 Augu-

2144 2916 2459 2985 Dionysiani
2482 2914 2574 2970 68.

2214 3005 2453 3071 l‘a.16dc
2504 3004 2706 3075 μῆνας
2740 3002 2805 3065 Γ.
2842 3004 2897 3058 1η
2947 3006 3213 3059 Ancorato
3250 3014 3363 3061 tres
3409 3020 3439 3060 e
3491 3012 3687 3057 numero

2144 3094 2497 3162 imperatores
2530 3094 2817 3164 expunxit,
2859 3094 3002 3148 haud
3044 3109 3177 3149 sane
3220 3096 3439 3149 merito.
3475 3092 3685 3159 Quorum

2142 3188 2352 3257 primus
2399 3184 2569 3240 Galba
2632 3186 2870 3256 septimo
2918 3186 3131 3256 imperii
3181 3201 3372 3242 mense
3418 3184 3689 3240 trucidatus

2141 3290 2243 3342 est,
2278 3287 2338 3331 ut
2362 3277 2527 3332 refert
2547 3276 2844 3332 Suetonius
2866 3287 2918 3331 et
2942 3277 3233 3333 Eusebius.
3263 3278 3363 3333 Dio
3395 3295 3444 3332 tx
3480 3278 3525 3333 ei
3560 3290 3687 3329 men-

2142 3384 2252 3432 ses,
2288 3368 2407 3423 dies
2435 3383 2555 3433 xm,
2591 3367 2865 3422 concedit.
2904 3368 3046 3422 Otho
3068 3384 3170 3423 xcv
3208 3370 3425 3439 imperii
3447 3369 3533 3424 die
3567 3380 3688 3421 mor-

2143 3465 2271 3512 tuus
2296 3466 2399 3521 est,
2429 3465 2655 3512 auctore
2692 3455 2995 3525 Suetonio;
3032 3459 3136 3522 vel,
3178 3470 3238 3513 ut
3274 3460 3393 3524 Dio,
3430 3475 3507 3514 xc.
3542 3457 3683 3512 Vitvlo

2144 3549 2249 3603 lius
2266 3563 2470 3602 annum
2495 3563 2663 3602 unum
2688 3548 2997 3618 imperavit,
3022 3549 3207 3604 decem
3241 3551 3435 3607 diebus
3448 3550 3679 3620 exceptis,

2141 3639 2217 3693 ait
2250 3638 2368 3695 Dio.
2406 3639 2753 3711 Colliguntur
2770 3640 2840 3694 ab
2868 3641 3018 3695 obitu
3035 3640 3272 3699 Neronis
3296 3645 3423 3698 anni
3452 3638 3573 3703 duo.
3591 3644 3685 3696 dies

2141 3730 2383 3799 quinque
2411 3748 2425 3784 :
2456 3730 2550 3800 qui
2583 3730 2843 3786 desinunt
2881 3731 2936 3785 in
2974 3746 3178 3787 annum
3209 3736 3418 3791 Christi
3455 3736 3536 3797 70,
3565 3732 3684 3786 Junii

2144 3821 2255 3876 fere
2282 3837 2438 3876 xvm.
2472 3822 2636 3891 Atqui
2683 3821 3005 3891 jamdudum
3036 3823 3291 3882 Vitellius
3329 3828 3546 3881 obierat.
3584 3822 3687 3876 Fal-

2141 3928 2263 3968 sum
2286 3921 2371 3967 est
2408 3914 2574 3983 igitur
2616 3913 2807 3967 tandiu
2857 3910 3084 3970 Galbam
3125 3932 3189 3972 ac
3238 3920 3509 3974 Vitellium
3542 3918 3684 3983 impe-

2142 4021 2314 4061 rasse.
2372 4005 2670 4060 Suetonius
2716 4004 2993 4060 Vitellium
3035 4012 3109 4061 ait
3155 4017 3347 4065 natum
3388 4026 3505 4065 esse
3540 4009 3687 4063 Druso

2140 4108 2195 4155 et
2230 4098 2486 4153 Norbano
2506 4114 2676 4165 coss.,
2707 4097 2857 4169 Sept.
2897 4118 2997 4164 vn,
3058 4103 3139 4155 vel
3182 4119 3331 4158 xxiv.
3360 4105 3410 4159 Is
3434 4111 3515 4158 est
3538 4115 3685 4154 annus

456 4162 824 4245 stus—duobus
865 4189 1045 4248 Sextis
1072 4162 1242 4260 coss.,
1275 4210 1420 4250 anno
1452 4195 1784 4269 Dionysiano
1815 4201 1911 4265 14,
1931 4162 2040 4271 Opi}-
2066 4162 2109 4218 ς·
2141 4190 2371 4245 Julianze
2426 4189 2613 4244 forma:
2663 4162 2752 4253 tio,
2779 4162 2991 4247 Christi
3020 4193 3104 4247 15.
3140 4193 3380 4251 Periisse
3406 4210 3527 4249 vero
3565 4205 3685 4245 anno

459 4280 595 4334 riodi
623 4281 851 4336 Juliatue
874 4283 1034 4349 4727,
1064 4300 1153 4340 xtv
1182 4284 1300 4339 Kal.
1329 4284 1503 4356 Sept.,
1539 4298 1599 4343 ut
1621 4290 1697 4344 ait
1722 4288 2037 4347 Suetonius.

457 4370 710 4428 Tiberius
748 4390 878 4429 vero
906 4376 1136 4430 moritur
1166 4394 1277 4432 xvn
1320 4376 1550 4435 Kalend.
1578 4381 1838 4453 Apr.,Cn.
1874 4384 2041 4439 Acer-

460 4464 617 4516 ronio
647 4464 878 4520 Pro‘culo
896 4474 956 4520 et
982 4466 1044 4522 C.
1077 4466 1273 4524 Pontio
1302 4485 1474 4537 coss.,
1511 4486 1657 4526 anno
1709 4472 2042 4546 Dionysiano

459 4553 549 4616 57,
578 4569 691 4623 per.
725 4553 835 4609 Jul.
862 4557 1022 4612 4750.
1058 4557 1406 4616 Intervallum
1448 4579 1717 4618 annorum
1753 4582 1888 4631 χχιι,
1919 4568 2039 4624 die-

461 4659 581 4697 rum
604 4659 750 4709 CCIX,
785 4646 887 4701 hoc
917 4656 1004 4702 est
1038 4651 1305 4705 mensium
1347 4652 1459 4708 fere
1503 4670 1598 4708 vtt.
1640 4656 1796 4721 Quod
1826 4666 2041 4729 tempus

456 4743 544 4790 est
570 4734 844 4790 Tiberiani
876 4739 1109 4808 imperii.
1140 4740 1251 4796 Nec
1277 4753 1420 4796 recte
1449 4744 1549 4798 Dio
1576 4745 1875 4815 imperasse
1903 4751 2040 4805 scri-

461 4828 539 4881 bit
570 4836 767 4897 praeter
795 4844 969 4886 annos
1002 4848 1135 4896 χχιι,
1171 4848 1385 4889 menses
1413 4852 1511 4900 vu,
1544 4852 1609 4890 ac
1637 4836 1754 4893 dies
1789 4841 2035 4897 totidem.

461 4918 595 4973 Nam
637 4922 754 4976 dies
793 4936 915 4977 cetx
961 4940 1085 4979 cum
1116 4929 1538 4985 excurrentibus
1572 4930 1707 4987 iisce
1755 4935 2038 4991 mensibus

462 5025 528 5064 ac
555 5012 768 5078 diebus,
798 5027 976 5085 neque
1001 5016 1053 5071 in
1073 5016 1290 5073 Juliana
1322 5019 1520 5087 forma,
1551 5037 1729 5094 neque
1748 5024 1806 5079 in
1835 5024 2037 5093 lunari,

463 5111 559 5158 aut
588 5103 907 5175 Egyptiaea
933 5109 1209 5179 adaquari
1249 5123 1501 5179 possunt.

532 5194 715 5259 Fd‘t‘oc
741 5198 844 5265 ἐτη
878 5205 945 5268 γ’.
974 5198 1244 5258 Eusebius
1281 5216 1457 5259 annos
1475 5205 1525 5259 ei
1544 5205 1876 5277 tribuittres,
1913 5224 2038 5266 cum

461 5286 746 5342 mensibus
777 5304 852 5357 x;
885 5288 983 5344 Dio
1015 5307 1190 5347 annos
1215 5310 1297 5359 ιιι,
1324 5309 1543 5351 menses
1571 5310 1647 5360 ιχ,
1678 5296 1796 5351 dies
1828 5314 2035 5369 xxvttt;

463 5375 761 5430 Suetonius
812 5392 1027 5433 menses
1059 5395 1088 5433 χ
1111 5420 1125 5442 ,
1157 5380 1276 5435 dies
1312 5396 1427 5435 vm.
1479 5382 1562 5435 Ab
1592 5389 1722 5437 ante
1759 5384 1900 5439 diem
1946 5402 2035 5440 xvi

2142 4286 2318 4341 aztatis
2349 4299 2460 4339 Lvu
2488 4298 2504 4349 ;
2531 4283 2677 4353 quod
2703 4291 2757 4338 et
2782 4282 3006 4341 Tacitus
3037 4289 3380 4356 conprobat.
3408 4285 3463 4341 Si
3492 4286 3585 4339 hoc
3611 4296 3682 4336 ve-

2145 4393 2263 4432 rum
2295 4384 2400 4437 est,
2426 4375 2543 4429 iniit
2584 4391 2761 4430 annus
2797 4376 2917 4444 ejus
2948 4391 3054 4431 Lvtt
3114 4376 3334 4434 Juliano
3370 4378 3486 4444 116,
3508 4372 3682 4431 Christi

2145 4474 2232 4527 7i.
2260 4470 2418 4537 Quod
2458 4470 2501 4525 si
2537 4476 2658 4539 post
2696 4468 2921 4524 Kalend.
2950 4468 3072 4523 Jan.
3104 4469 3265 4532 obiit,
3308 4469 3530 4539 contigit
3558 4477 3681 4519 mors

2142 4563 2263 4633 ejus
2312 4561 2516 4617 Christi
2560 4560 2649 4614 72.
2698 4561 2859 4630 Atqui
2902 4560 3225 4631 Vespasiani
3272 4562 3482 4615 initium
3520 4554 3681 4613 incidit

2144 4653 2201 4708 in
2230 4653 2433 4709 Christi
2468 4650 3000 4716 69,1ulianumll4,
3035 4664 3095 4706 ut
3130 4655 3292 4723 paulo
3330 4660 3452 4723 post
3483 4650 3677 4705 dicetur.

2144 4743 2338 4801 Verior
2371 4752 2457 4799 est
2513 4745 2699 4813 itaque
2753 4743 2945 4800 Dionis
3004 4744 3256 4826 historia,
3315 4746 3407 4815 qui
3444 4742 3678 4796 Vitellium

2144 4852 2290 4892 anno
2327 4837 2506 4891 artatis
2557 4850 2646 4889 LIV
2678 4841 2955 4889 mortuum
3005 4849 3125 4888 esse
3179 4835 3392 4889 scribit.
3432 4833 3537 4886 Hoc
3562 4828 3677 4881 enim

2144 4929 2307 4985 modo
2339 4928 2396 4982 in
2438 4941 2643 4981 annum
2703 4925 2909 4980 Christi
2947 4924 3038 4990 69,
3090 4924 3368 4979 Julianum
3414 4922 3529 4985 Ill,
3559 4929 3678 4972 more

2143 5018 2306 5074 illius
2334 5016 2649 5073 incurrerit.
2693 5014 2801 5070 Sed
2859 5015 3026 5069 trium
3070 5014 3287 5069 illorum
3330 5014 3676 5083 imperatorum

2145 5120 2254 5164 tam
2278 5108 2455 5175 initia,
2495 5122 2659 5178 quam
2682 5106 2865 5161 exitus
2898 5105 3220 5176 perobscuri
3248 5113 3395 5172 sunt,
3418 5102 3484 5158 de
3509 5098 3677 5170 quibus

2144 5202 2279 5256 alias
2298 5200 2641 5256 enucleatius
2673 5206 2889 5269 agetur.

2216 5290 2676 5355 Οὐεσπασιανὸς
2724 5290 2828 5358 ἐτη
2866 5292 2933 5343 θ’.
2992 5287 3262 5344 Eusebius
3306 5294 3494 5359 praeter
3531 5288 3676 5334 annos

2145 5385 2394 5449 totidem,
2432 5383 2624 5439 tribuit
2654 5396 2868 5437 menses
2886 5390 3145 5450 przeterea
3173 5394 3247 5447 χι,
3284 5380 3400 5434 dies
3430 5390 3560 5435 xxtl;
3593 5381 3675 5424 ηοο

460 5465 689 5522 Kalend.
723 5470 851 5536 Apr.
877 5484 984 5538 quo
1025 5470 1315 5540 imperium
1352 5473 1497 5541 iniit,
1528 5488 1670 5529 anno
1702 5474 2030 5546 Dionysiano
2072 5492 2115 5547 ι)
2151 5478 2307 5547 longe
2346 5475 2500 5531 abest
2540 5472 2662 5537 Dio,
2729 5472 2822 5544 qui
2868 5473 3170 5543 imperasse
3216 5471 3407 5527 scribit
3448 5477 3601 5519 annos
3630 5471 3671 5517 ι»

465 5572 670 5618 xxxvtt,
710 5559 777 5612 ad
811 5576 863 5612 ιχ
899 5560 1016 5614 Kal.
1045 5560 1203 5616 Febr.
1238 5566 1363 5619 anni
1396 5567 1486 5630 Η,
1526 5582 1635 5637 quo
1683 5568 2041 5639 interemptus

465 5653 549 5699 est
581 5646 768 5713 Caius,
800 5650 925 5703 anni
967 5662 1095 5706 sunt
1130 5652 1288 5706 solidi
1316 5669 1394 5717 ιιι,
1427 5671 1549 5709 cum
1587 5656 1781 5721 diebus
1810 5671 1998 5736 cc§x1v
2028 5680 2037 5714 :

424 5734 429 5739 ’
466 5724 584 5788 Slve
628 5738 906 5797 mensibus
932 5741 1164 5801 Iulianis
1206 5760 1239 5799 χ
1270 5760 1392 5799 cum
1425 5748 1616 5805 diebus
1652 5764 1767 5802 vm.

2147 5570 2331 5621 minus
2396 5567 2590 5622 diebus
2637 5581 2712 5619 vt.
2770 5565 3066 5619 Suetonius
3112 5570 3300 5618 natum
3356 5575 3471 5616 esse
3523 5547 3672 5625 prodit

2146 5660 2540 5730 Vespasianum
2599 5675 2667 5711 xv
2705 5656 2935 5711 Kalend.
2970 5654 3223 5710 Dccemb.
3249 5654 3312 5719 ρ.
3356 5648 3563 5719 Sulpitio
3594 5638 3669 5691 Ca‘

2143 5752 2372 5814 mcrino,
2400 5750 2457 5803 C.
2492 5749 2708 5818 Poppco
2731 5748 2933 5802 Sabino
2970 5763 3137 5812 coss.,
3160 5739 3514 5817 quinquennio
3542 5739 3668 5788 antc-
