3920 6446
270 389 370 446 διι

1229 389 1317 443 DE
1348 388 1789 448 ROMANORU)!
1829 393 2007 452 ΙΜΡΡ.
2050 391 2570 452 CHRONOLOGIA.

3443 397 3552 454 56%

269 518 434 576 quam
484 503 768 572 Augustus
825 502 1130 563 excederet.
1182 500 1283 558 l-lic
1309 511 1396 558 est
1430 517 1609 558 annus
1645 503 1848 576 Diony-
1878 513 1920 568 A
1950 524 2095 564 anno
2123 510 2193 564 38
2224 510 2449 564 ineunte
2471 504 2757 571 Januario,
2793 522 2921 561 eum
2975 507 3158 563 adhuc
3185 507 3305 562 Caii
3338 507 3551 578 primus

270 597 464 652 sianus
486 594 542 651 9.
576 594 739 648 Addit
766 592 969 649 vixisse
1003 607 1180 649 annos
1219 609 1368 657 thx,
1413 609 1634 650 menses
1666 610 1761 658 vtt,
1795 610 1862 652 ac

268 689 389 743 dies
418 704 513 742 vn.
545 686 652 752 Qui
702 701 732 739 a
781 684 1105 740 Novembris
1136 699 1246 738 xvtt
1273 685 1363 740 die
1391 686 1523 740 anni
1555 687 1688 740 noni
1708 701 1861 741 com-

272 779 470 848 putati,
521 778 782 832 desinunt
835 776 891 830 in
946 783 1073 830 ante
1123 774 1269 830 diem
1298 790 1353 828 tx
1384 775 1634 830 'Kalend.
1663 775 1859 840 Julias,

273 869 392 924 sive
410 884 543 922 xxttt
572 867 742 934 Junii,
779 880 890 938 quo
931 865 1022 921 die
1057 867 1370 922 exstinctus
1400 867 1470 921 ab
1502 867 1697 922 eodem
1723 869 1863 924 dici-

273 967 387 1022 tur,
428 959 558 1012 anni
593 959 798 1014 Christi
832 959 921 1021 79,
954 957 1162 1012 Iuliani
1192 958 1313 1012 124.
1350 957 1519 1029 igitur
1541 973 1687 1012 anno
1710 959 1864 1014 Chri-

275 1049 352 1103 sti
379 1048 447 1102 79
508 1059 762 1103 mortuus
815 1055 902 1104 est
944 1045 1345 1117 Vespasianus.
1388 1045 1510 1102 Jam
1554 1064 1685 1104 vero
1734 1064 1862 1104 cum

276 1139 491 1207 imperii
530 1138 746 1208 primus
774 1140 893 1195 dies
926 1153 993 1193 ex
1034 1138 1100 1191 A.
1149 1135 1214 1192 D.
1249 1137 1482 1193 Kalend.
1521 1137 1632 1192 Jul.
1671 1153 1864 1195 nume-

275 1225 387 1279 rari
409 1233 626 1294 cceptus
648 1225 744 1289 sit,
769 1225 966 1280 eodem
995 1231 1222 1280 auctore
1256 1223 1546 1289 Suetonio,
1563 1239 1629 1280 ac
1651 1225 1860 1288 decem,

277 1317 472 1384 paucis
506 1317 752 1385 exceptis
790 1314 1014 1375 diebus,
1050 1329 1230 1370 annos
1269 1315 1614 1384 impleverit;
1649 1315 1695 1370 si
1716 1330 1862 1370 anno

274 1405 487 1462 Christi
521 1405 588 1461 79
614 1406 892 1463 aKalend.
925 1405 1087 1462 Juliis
1115 1406 1355 1462 initurus
1378 1407 1544 1462 fuerit
1572 1421 1751 1462 annus
1784 1422 1861 1474 ιιι,

273 1498 490 1566 primus
512 1496 834 1568 Vespasiani
860 1513 1040 1552 annus
1076 1497 1367 1552 inchoatus
1396 1507 1484 1554 est
1523 1513 1670 1552 anno
1699 1496 1862 1552 Chri-

275 1587 349 1640 sti
399 1581 490 1648 69,
535 1583 755 1640 Juliano
781 1585 906 1650 114,
938 1592 1064 1654 post
1091 1600 1320 1649 annutn,
1359 1596 1414 1642 et
1446 1586 1656 1655 aliquot
1684 1585 1801 1641 dies
1833 1598 1864 1637 a

273 1677 511 1733 Nemnis
559 1678 734 1732 obitu.
795 1676 900 1732 Sed
951 1677 1203 1732 Vitellius
1236 1684 1360 1748 post
1406 1677 1624 1732 initium
1657 1674 1866 1747 Vespa-

275 1770 420 1825 siani
452 1755 636 1838 plures
674 1784 895 1826 menses
929 1771 1193 1826 traduxit.

1966 599 2266 662 laberetur,
2327 613 2507 652 annus
2556 596 2733 666 ipsius
2763 611 2854 651 va
2903 597 3128 666 incipiet
3156 598 3226 652 ab
3267 596 3552 652 Decembri

1966 704 2153 745 mense
2204 691 2334 744 anni
2392 689 2486 754 92,
2539 696 2665 758 post
2694 689 2913 743 initium
2943 688 3076 742 anni
3123 704 3200 743 xu
3225 687 3549 742 Domitiani.

1965 780 2144 848 Quare
2168 789 2227 835 ut
2251 782 2530 837 scribendi
2551 782 2713 836 tinem
2735 780 2924 836 fecerit
2957 778 3184 834 Octobri
3211 795 3398 835 mense
3423 781 3556 833 anni

1965 873 2056 936 93,
2087 872 2140 926 id
2172 873 2434 927 acciderit
2468 887 2616 926 anno
2649 873 2773 927 vitae
2805 886 2921 927 suae
2953 887 3065 937 ιη,
3102 871 3392 925 Domitiani
3422 884 3556 924 vero

1967 975 2085 1015 xm.
2116 960 2219 1014 Eat
2258 976 2407 1015 nunc
2436 975 2562 1016 cum
2583 961 2680 1016 illo
2693 975 2797 1015 suo
2817 959 3244 1030 epiphonemate
3275 957 3552 1026 Scaliger:

1969 1053 2059 1108 Ita
2082 1056 2318 1126 quotidie
2347 1055 2696 1125 periclitando
2719 1055 2882 1126 ﬁdem
2897 1066 3098 1110 nostrae
3126 1054 3381 1121 metlrodi,
3418 1052 3553 1107 alie-

1966 1161 2061 1198 nos
2090 1161 2294 1200 errores
2320 1145 2778 1213 deprehendimus.

2049 1237 2152 1291 Ἐν
2220 1237 2410 1304 τούτῳ
2456 1235 2538 1301 τῷ
2600 1238 2824 1305 χρόνῳ.
2890 1234 3062 1290 Valde
3114 1235 3399 1299 ἰδιωτικῶς
3453 1237 3560 1294 hoc

1965 1328 2104 1383 dixit
2157 1327 2517 1398 Epiphanius,
2580 1326 2692 1382 Titi
2746 1335 2991 1398 tempore
3048 1326 3559 1400 Hierosolymorum

1965 1417 2239 1472 excidium
2300 1418 2582 1474 incidisse.
2658 1418 2817 1484 Quod
2861 1419 3118 1475 excusari
3164 1419 3352 1488 aliquo
3390 1421 3562 1476 modo

1967 1513 2168 1574 potest,
2211 1514 2270 1560 ut
2316 1506 2642 1572 πΜτυκῶς,
2681 1508 2779 1560 hoc
2805 1516 3057 1577 tempore,
3088 1508 3141 1562 id
3171 1518 3258 1564 est
3287 1509 3393 1565 sub
3435 1509 3560 1566 istis

1967 1596 2434 1665 imperatoribus,
2477 1613 2675 1666 nempe
2712 1598 2818 1652 sub
2855 1596 3220 1667 Vespasiano,
3259 1599 3562 1670 contigisse

1967 1687 2128 1751 velit;
2157 1701 2284 1740 nam
2315 1685 2641 1756 Vespasiani
2683 1701 2829 1742 anno
2860 1687 3108 1742 secundo
3129 1703 3161 1742 a
3186 1689 3310 1744 Tito
3343 1698 3559 1745 vastata

1968 1787 2101 1832 sunt
2122 1777 2502 1848 Hierosolyma
2522 1796 2535 1831 :
2567 1786 2628 1832 ut
2654 1777 2797 1832 inter
2821 1786 3050 1832 caeteros
3066 1778 3272 1834 diserte
3287 1778 3561 1848 Iosephus

353 1867 796 1934 Ἰϊτοςέτηδύο.
853 1866 1056 1922 Pneter
1093 1867 1374 1923 biennium
1421 1866 1672 1938 duosque
1714 1881 1867 1920 men-

1972 1868 2203 1923 aﬂirmat
2234 1869 2330 1924 lib.
2367 1885 2443 1934 vt,
2489 1883 2612 1939 cap.
2643 1869 2748 1936 27;
2807 1870 3061 1935 alterum,
3107 1871 3252 1940 quod
3288 1847 3559 1940 sequitur,

272 1973 390 2021 ses,
419 1958 708 2028 imperavit
744 1958 942 2028 viginti
975 1966 1238 2027 praeterea
1267 1957 1416 2024 dies;
1454 1972 1580 2011 nam
1610 1965 1865 2013 mortuus

270 2057 362 2104 est
385 2048 462 2102 Id.
494 2047 670 2118 Sept.,
702 2049 805 2103 huc
832 2059 916 2104 est
944 2065 1041 2103 xm
1064 2049 1154 2104 die
1190 2050 1434 2113 mensis;
1461 2050 1663 2119 quibus
1692 2049 1865 2118 additi

282 2151 496 2210 septem
533 2140 738 2194 residui
763 2140 833 2195 de
866 2137 1033 2194 Junio
1074 2140 1206 2194 anni
1242 2139 1330 2204 79,
1372 2139 1493 2196 dies
1517 2140 1707 2210 viginti
1729 2155 1865 2195 con-

279 2231 479 2284 ficiunt
499 2245 668 2300 supra
695 2231 1001 2298 biennium,
1023 2241 1078 2286 et
1100 2245 1319 2286 menses
1334 2230 1495 2285 duos.
1514 2228 1664 2284 Obiit
1687 2230 1867 2299 itaque

273 2339 426 2378 anno
460 2323 669 2378 Christi
709 2322 800 2384 8|,
826 2322 1046 2378 Juliano
1082 2322 1206 2377 126.
1238 2321 1396 2378 Unde
1430 2321 1648 2376 initium
1682 2321 1867 2377 Domi-

273 2416 415 2470 tiani
470 2414 779 2485 consurgit.
841 2413 1214 2485 Castigandus
1256 2429 1388 2469 vero
1422 2422 1508 2469 est
1547 2413 1864 2484 EutrOpius,

270 2506 375 2577 qui
421 2520 642 2561 menses
673 2513 821 2571 octo,
851 2504 970 2561 dies
1003 2505 1199 2576 viginti
1239 2519 1406 2576 supra
1444 2505 1727 2560 biennium
1759 2504 1866 2559 im-

273 2609 458 2671 putat.

348 2689 696 2760 Δομιτιανὸς
713 2688 817 2756 ἔτη
840 2686 925 2741 ιε’.
953 2685 1235 2750 Mendose,
1262 2692 1321 2740 ut
1343 2695 1397 2740 et
1415 2685 1702 2747 Eusebius,
1721 2684 1867 2754 quod

272 2781 348 2836 ad
375 2796 594 2835 menses
616 2779 831 2840 attinet,
847 2794 945 2848 pro
970 2776 1172 2847 quibus
1194 2777 1376 2832 scribe
1404 2777 1618 2848 ἡμέρας
1653 2782 1714 2829 ε’.
1730 2774 1866 2830 Nam

273 2874 571 2944 imperavit
613 2873 776 2928 annis
823 2871 1172 2941 quindecim,
1235 2870 1431 2926 diebus
1484 2871 1750 2940 quinque,
1793 2870 1869 2923 ait

264 2967 402 3021 Dio.
457 2965 755 3021 Suetonius
789 2979 844 3019 et
904 2963 1200 3034 Eutropius
1239 2978 1386 3018 anno
1426 2963 1618 3032 quinto
1656 2963 1869 3017 decimo

281 3055 506 3126 imperii
539 3062 813 3109 mortuum
839 3068 962 3109 esse
1003 3061 1250 3109 narrant.
1287 3053 1334 3106 Α
1363 3069 1453 3108 xiv
1473 3053 1562 3107 die
1590 3050 1865 3122 Septemb.

275 3145 550 3217 postridie
578 3160 745 3215 quam
801 3143 960 3199 'l'itus
1016 3153 1354 3208 excesserat,
1391 3143 1458 3197 ad
1511 3159 1601 3197 xtv
1634 3141 1864 3197 Kalend.

272 3238 529 3304 Octobr.,
560 3237 666 3291 hoc
693 3244 778 3292 est
810 3238 876 3291 ad
907 3253 1040 3290 xvttt
1101 3236 1407 3306 Septemb.,
1439 3249 1550 3305 quo
1577 3235 1667 3290 die
1697 3234 1869 3288 inter-

277 3329 460 3384 fectus
479 3337 566 3383 est
593 3326 956 3393 Domitianus,
987 3325 1106 3381 dies
1132 3334 1260 3380 sunt
1302 3339 1422 3387 sex,
1453 3324 1678 3379 excluso
1717 3337 1863 3376 mor-

282 3421 356 3473 tis
379 3420 491 3474 die.
523 3418 776 3474 Totidem
809 3419 953 3472 ultra
987 3417 1197 3472 solidos
1227 3431 1405 3474 annos
1433 3429 1732 3470 excurrere
1771 3428 1868 3468 ne-

283 3526 438 3567 cesse
466 3520 569 3574 est,
602 3526 712 3564 non
761 3522 979 3565 menses
1018 3509 1207 3565 diesve
1255 3509 1466 3578 plures.
1515 3506 1584 3559 At
1623 3503 1870 3576 Scaliger

277 3604 377 3659 lib.
407 3621 439 3658 v
469 3601 542 3657 De
569 3601 774 3657 etnend.
792 3611 950 3670 temp.
979 3599 1371 3660 Domitianum,
1397 3605 1591 3652 contra
1623 3611 1870 3651 commu-

279 3709 407 3749 nem
438 3693 682 3746 omnium
701 3678 1051 3754 sententiam,
1072 3705 1250 3745 annos
1269 3689 1537 3744 duntaxat
1571 3687 1872 3757 imperasse

278 3791 442 3853 putat
483 3780 896 3851 quatuordecim
951 3795 1078 3834 cum
1127 3779 1323 3834 diebus
1361 3779 1626 3848 quinque,
1673 3785 1730 3832 et
1775 3776 1868 3847 qui

277 3875 444 3929 aliter
467 3881 732 3938 statuant,
776 3872 962 3927 minus
989 3887 1084 3928 eos
1104 3871 1401 3941 prudenter
1432 3869 1610 3924 facere
1637 3869 1866 3939 judicat.

277 3967 399 4021 lmo
435 3980 566 4019 vero
599 3977 790 4035 parum
829 3964 920 4018 ille
973 3977 1109 4017 sane
1148 3963 1466 4032 prudenter.
1502 3959 1690 4030 Neque
1723 3959 1867 4014 enim

280 4057 473 4129 negari
509 4050 706 4125 potest,
763 4056 898 4124 quin
948 4052 1293 4108 Domitianus
1342 4066 1519 4106 annos
1555 4050 1868 4120 quildecim

277 4149 610 4218 expleverit,
647 4163 712 4201 ac
748 4147 818 4202 de
847 4155 1004 4200 sexto
1033 4144 1248 4200 decimo
1282 4158 1486 4214 paucos
1518 4142 1634 4196 dies
1669 4141 1872 4195 libave-

283 4241 390 4305 rit;
420 4238 504 4292 vel
562 4238 794 4306 ipsemet
837 4243 1062 4291 auctore
1103 4233 1405 4304 Scaligero.
1445 4231 1680 4287 Occisus
1723 4230 1870 4286 enim

279 4337 371 4384 est
419 4325 481 4381 C.
516 4323 744 4382 Valente
781 4332 836 4379 et
890 4322 1131 4380 Antistio
1169 4321 1364 4376 Vetere
1406 4335 1579 4384 coss.,
1610 4317 1871 4388 Eutropio

280 4427 342 4474 et
388 4417 671 4487 Xiphilino
704 4416 962 4479 testibus,
990 4422 1050 4470 ut
1079 4421 1135 4470 et
1165 4413 1407 4482 Scaliger
1452 4411 1507 4464 in
1549 4409 1872 4467 Eusebianis

1965 1961 2376 2016 excusationem
2409 1973 2630 2014 omnem
2660 1961 2940 2016 excludit:
2992 1962 3251 2016 nimirum
3293 1963 3596 2026 accidisse,

1967 2050 2178 2105 cladem
2231 2050 2380 2103 illam
2434 2057 2560 2118 post
2609 2064 2814 2103 annum
2865 2065 2898 2103 a
2927 2049 3192 2106 Passione
3225 2050 3439 2106 Domini
3468 2051 3564 2118 65,

1967 2155 2094 2195 cum
2133 2140 2327 2196 diebus
2385 2141 2614 2210 aliquot.
2679 2141 2844 2210 Atqui
2878 2141 3150 2198 Eusebius
3182 2143 3237 2196 in
3279 2142 3560 2208 Chronico,

1965 2247 1998 2286 a
2028 2234 2222 2301 quinto
2256 2233 2471 2288 decimo
2499 2248 2646 2286 anno
2684 2231 2916 2299 Tiberii,
2948 2240 3003 2288 et
3037 2233 3106 2288 ab
3135 2234 3362 2288 exordio
3389 2250 3562 2289 cvan-

1968 2324 2154 2393 gelicte
2179 2324 2590 2394 praedicationis
2639 2339 2817 2380 annos
2855 2340 2967 2379 χιιι
2995 2325 3214 2394 elapsos
3247 2341 3370 2380 csse
3395 2325 3561 2394 dicit;

1969 2415 2108 2468 libro
2135 2430 2260 2470 vero
2278 2430 2339 2468 ιιι
2362 2415 2528 2477 Hist.,
2555 2430 2676 2485 cap.
2699 2416 2750 2480 7,
2783 2429 2814 2469 a
2839 2414 3103 2472 Passione
3131 2415 3350 2471 Domini
3383 2432 3564 2472 annos

1970 2504 2179 2560 solidos
2203 2522 2291 2559 χι..
2329 2505 2502 2573 Quem
2537 2507 2716 2561 locum
2742 2507 2950 2563 frustra
2981 2508 3037 2561 in
3069 2508 3564 2564 animadversioni-

1967 2594 2073 2650 bus
2104 2594 2430 2652 Eusebianis
2463 2598 2818 2668 interpolavit
2844 2599 3122 2670 Scaliger:
3174 2607 3230 2655 et
3267 2609 3558 2670 postquam

1971 2685 2341 2743 Eusebianum
2381 2689 2436 2743 in
2472 2699 2793 2750 contextum
2837 2692 3005 2748 verba
3038 2692 3290 2762 quaedam
3319 2693 3562 2753 intrusit,
3629 2751 3635 2756 ,

1969 2793 2092 2849 quae
2123 2779 2318 2835 falsam
2355 2782 2685 2837 sententiam
2732 2783 3121 2852 exprimerent,
3155 2784 3208 2838 in
3247 2783 3564 2844 Eusebium,

1969 2871 2128 2939 quasi
2159 2871 2283 2939 ejus
2317 2879 2622 2938 auctorem,
2654 2873 2858 2945 stylum
2887 2875 3178 2930 convertit.
3217 2875 3430 2930 Etenim
3466 2875 3566 2928 lib.

1972 2962 2065 3016 illo
2110 2977 2171 3016 ιιι
2217 2961 2284 3017 de
2322 2962 2826 3035 Hierosolymitana
2868 2967 3023 3020 clade
3071 2967 3354 3031 scribens,
3381 2966 3566 3020 Ταῦτα

1969 3052 2061 3114 δὲ,
2107 3053 2316 3121 intulit,
2363 3054 2431 3106 ἂν
2474 3054 2559 3122 εἴη
2599 3054 2807 3107 δίκαιον
2842 3055 3145 3120 ἐπιθεῖναι,
3197 3055 3235 3109 ἃ
3260 3056 3476 3123 γένοιτο
3499 3057 3566 3110 ἂν

1971 3142 2354 3211 παραστατικὰ
2377 3143 2786 3214 φιλανθρωπίας
2808 3144 2910 3214 τῆς
2935 3145 3257 3213 ωναγάϐου
3282 3146 3563 3215 προνοίας,

1971 3233 2386 3304 τεσσαράκοντα
2414 3235 2501 3303 ἐφ’
2534 3234 2678 3298 ὅλοις
2709 3234 2855 3288 ἔτεσι
2888 3235 3028 3305 μετὰ
3056 3236 3157 3306 τὴν
3187 3236 3426 3306 Χριστοῦ
3441 3237 3564 3289 τόλ-

1973 3341 2081 3395 μαν
2121 3323 2213 3376 τὸν
2270 3326 2390 3378 κατ’
2424 3326 2604 3379 αὐτῶν
2645 3324 2868 3395 ὄλεθρον
2915 3326 3386 3397 ὑπερτιθεμένης·
3436 3330 3566 3381 Ηωσ

1971 3421 2273 3490 adjicienda
2306 3421 2492 3473 merito
2521 3427 2680 3482 sunt;
2709 3433 2775 3473 ex
2801 3417 2988 3488 quibus
3018 3418 3230 3486 optimc
3259 3417 3406 3472 illius
3439 3433 3566 3486 pro-

1971 3513 2214 3568 videntia
2244 3511 2540 3582 benignitas
2575 3517 2860 3578 appareat,
2913 3524 3030 3576 qua:
3062 3509 3186 3562 totis
3207 3507 3566 3578 quadraginta

1971 3605 2127 3659 annis
2157 3613 2275 3672 post
2313 3603 2654 3657 commissum
2689 3603 2744 3655 in
2791 3600 3063 3656 Christum
3102 3599 3312 3668 facinus
3346 3600 3565 3653 illorum

1971 3695 2192 3748 exitium
2226 3692 2457 3748 distulit.
2516 3690 2616 3746 Hic
2645 3691 2897 3746 mendam
2929 3706 3057 3746 esse
3089 3690 3404 3758 suspicatur
3431 3687 3566 3743 Sca-

1973 3783 2128 3852 liger,
2148 3789 2202 3836 et
2222 3782 2442 3852 quidem
2475 3781 2924 3842 vetustissimam,
2948 3794 3071 3849 qua:
3105 3787 3158 3834 et
3191 3780 3510 3849 agnoscitur
3537 3794 3570 3831 a

1973 3873 2192 3928 Rufino.
2213 3872 2348 3926 Nam
2371 3881 2497 3942 post
2523 3873 2608 3942 ἐφ’
2631 3871 2796 3934 ὅλοις,
2822 3869 3016 3926 deesse
3041 3870 3153 3923 vult
3179 3870 3355 3934 δυσίν,
3373 3879 3429 3922 ut
3456 3884 3566 3924 χιιι

1972 3979 2148 4018 annos
2171 3963 2481 4018 aPassione
2513 3961 2738 4016 ﬂuxisse
2767 3960 3056 4030 scripserit
3078 3959 3373 4015 Eusebius.
3403 3960 3565 4020 Tum,

1976 4053 2229 4122 Oportet,
2275 4053 2485 4122 inquit,
2523 4051 2676 4106 valde
2712 4052 2768 4105 in
2813 4050 3142 4106 Hellenismo
3182 4052 3404 4104 tironem
3432 4067 3566 4113 esse,

1971 4143 2063 4212 qui
2093 4158 2198 4196 non
2230 4140 2402 4195 videat
2431 4155 2704 4193 numerum
2740 4140 2916 4194 deesse
2947 4141 3001 4193 in
3031 4139 3127 4192 illa
3157 4139 3372 4200 lacuna,
3405 4155 3567 4207 quam

1974 4235 2299 4303 reliquimus.
2327 4231 2396 4285 At
2421 4246 2521 4301 ego
2545 4231 2700 4286 valde
2725 4230 2972 4302 κακοήθη
2999 4238 3252 4298 oportere
3271 4229 3422 4283 illum
3445 4244 3568 4283 esse

1976 4327 2124 4393 dico,
2149 4325 2244 4394 qui
2276 4323 2642 4393 scriptoribus
2676 4323 2923 4393 antiquis
2952 4321 3138 4377 invitis
3167 4337 3230 4376 ac
3262 4321 3572 4374 reclaman-

1977 4419 2124 4474 tibus
2171 4432 2302 4472 suos
2334 4431 2554 4472 errores
2593 4414 2814 4486 attingat
2839 4457 2855 4482 ,
2899 4430 3027 4468 nam
3060 4413 3192 4484 quid
3231 4413 3337 4468 ista
3367 4411 3568 4482 depra-

283 4512 440 4566 notis
484 4508 711 4564 asserit.
768 4507 970 4562 llorum
1021 4520 1153 4562 vero
1181 4499 1504 4560 consulatus
1535 4503 1770 4558 incurrit
1816 4501 1872 4556 in
1905 4525 1948 4580 υ
1976 4509 2196 4564 vatione
2229 4522 2370 4577 opus
2403 4507 2524 4561 est?
2551 4507 2740 4561 Annos
2792 4514 2940 4563 ιοιοε
2977 4521 3044 4560 ιι,
3076 4521 3106 4559 a
3145 4505 3407 4561 passione
3433 4504 3570 4559 dua-

283 4621 493 4660 annum
522 4601 681 4658 Urbis
721 4618 787 4657 ex
843 4600 1185 4656 Varroniana
1218 4597 1604 4667 supputatione
1627 4595 1752 4655 849.
1787 4611 1868 4665 pe-

284 4695 432 4751 riodi
453 4693 684 4750 Iuliana:
717 4692 878 4756 4809,
916 4691 1122 4747 Christi
1150 4690 1242 4754 96,
1265 4687 1540 4744 lulianum
1570 4688 1690 4752 Ml,
1716 4687 1870 4757 cyclo

283 4793 434 4845 luna:
490 4804 550 4843 ιι.
605 4787 689 4843 Ab
721 4800 865 4840 anno
911 4783 1121 4840 Christi
1160 4782 1250 4848 81,
1285 4791 1340 4837 et
1367 4795 1458 4835 xtv
1483 4779 1573 4835 die
1619 4780 1770 4850 Sept.
1801 4779 1868 4833 ad

283 4895 427 4936 xvttt
493 4882 643 4949 Sept.
711 4878 838 4932 anni
895 4877 964 4933 96
1027 4876 1158 4932 anni
1196 4882 1327 4932 sunt
1363 4875 1702 4945 quindecim,
1752 4872 1870 4926 dies

283 4973 550 5041 quinque.
582 4969 743 5022 Errat
770 4970 995 5037 insuper
1031 4965 1296 5036 Scaliger,
1334 4965 1464 5019 dum
1493 4980 1545 5034 p.
1567 4962 1672 5017 476
1716 4960 1870 5016 lose-

284 5065 459 5134 phum
489 5062 712 5133 arguit;
743 5060 835 5130 qui
861 5061 915 5114 in
933 5061 1038 5114 ﬁne
1060 5059 1162 5130 τῆς
1205 5056 1656 5126 Ἀρχαιολοτίας
1685 5061 1869 5107 natum

288 5170 351 5210 se
366 5154 507 5208 dixit
523 5168 668 5210 anno
685 5153 863 5222 primo
874 5151 993 5208 Caii
1010 5169 1025 5216 ;
1051 5159 1215 5221 atque
1232 5164 1369 5218 opus
1385 5163 1545 5203 suum
1569 5146 1872 5201 absolvisse

294 5261 438 5304 anno
489 5261 589 5301 xm
643 5245 962 5308 Domitiani,
993 5243 1175 5298 anatis
1227 5257 1340 5298 sua:
1383 5256 1491 5294 ιιι.
1528 5239 1650 5309 Ipse
1689 5245 1870 5293 autem

295 5355 404 5393 uno
434 5354 580 5393 anno
638 5337 824 5392 minus
868 5336 1080 5391 dixisse
1119 5332 1418 5402 Josephum
1474 5331 1750 5386 existimat
1782 5336 1873 5384 :et

288 5445 400 5486 Lvu
425 5445 601 5485 annos
639 5429 896 5484 debuisse
934 5441 1247 5482 numerare.
1283 5425 1342 5478 In
1377 5439 1488 5493 quo
1537 5423 1744 5478 frustra
1768 5433 1870 5478 est.

284 5523 460 5578 Caius
487 5523 632 5578 enim
658 5522 780 5576 iniit
807 5535 951 5575 anno
971 5519 1173 5574 Christi
1199 5518 1287 5583 3'7,
1315 5515 1560 5570 Januarii
1589 5530 1743 5581 xxiv;
1771 5513 1875 5568 Do-

289 5611 509 5665 mitiani
532 5625 660 5666 vero
689 5609 936 5665 decimus
963 5609 1158 5675 tertius
1185 5608 1352 5676 cmpit
1381 5619 1524 5660 anno
1546 5604 1750 5660 Christi
1784 5604 1873 5668 95,

287 5719 358 5758 ex
387 5702 478 5757 die
511 5719 600 5757 xtv
658 5701 936 5772 Septemb.
989 5699 1288 5770 Fingamus
1341 5705 1527 5752 natum
1555 5712 1678 5752 esse
1724 5693 1878 5751 Jusc-

295 5793 464 5865 phum
505 5807 649 5848 anno
694 5793 813 5863 ipso
857 5791 925 5846 37
969 5790 1197 5855 Christi,
1230 5784 1511 5844 Deccmbri
1550 5801 1758 5853 mense,
1795 5786 1876 5842 vel

1973 4609 2081 4654 tam
2111 4612 2234 4654 esse
2263 4597 2473 4651 cladem
2500 4596 2646 4650 illam
2679 4596 2930 4649 aﬂirmat.
2965 4594 3020 4648 ln
3053 4610 3162 4665 quo
3197 4594 3302 4649 sibi
3331 4593 3572 4653 maxime

1973 4695 2378 4744 consentaneus
2409 4696 2513 4741 est.
2545 4685 2602 4740 ln
2627 4683 2912 4752 Chronico,
2941 4693 2995 4740 et
3022 4686 3077 4740 in
3107 4685 3201 4739 lib.
3229 4683 3409 4738 tHist.
3443 4696 3569 4752 cap.

1974 4781 2062 4845 lO,
2085 4781 2364 4837 Christum
2393 4795 2540 4835 anno
2573 4797 2638 4834 xv
2666 4779 2874 4836 Tiberii
2907 4780 3240 4848 baptizatum
3271 4792 3419 4840 esse,
3446 4790 3572 4845 pas-

1973 4886 2096 4926 sum
2149 4886 2279 4926 vero
2317 4887 2448 4925 xvm
2496 4880 2686 4926 censet
2718 4870 3006 4926 Eusebius.
3064 4869 3145 4922 Ad
3191 4883 3326 4921 xvm
3359 4865 3564 4920 Tiberii

1973 4977 2177 5016 annum
2215 4961 2494 5030 ascriptus
2517 4969 2601 5015 est
2627 4960 2830 5016 Christi
2863 4975 3036 5012 xxxii.
3062 4961 3132 5011 At
3163 4972 3292 5012 vero
3316 4955 3572 5012 Hieroso-

1974 5053 2296 5123 lymitanum
2327 5051 2602 5106 excidium
2644 5064 2791 5105 anno
2825 5047 3150 5119 Vespasiani
3190 5049 3226 5103 2
3279 5061 3567 5118 compara.

1974 5151 2064 5196 tur
2099 5142 2155 5196 in
2188 5141 2499 5196 Eusebiano
2536 5138 2796 5194 Chronico
2845 5153 2970 5192 cum
3023 5153 3168 5194 anno
3217 5137 3428 5193 Christi
3481 5137 3570 5192 71-

1975 5233 2248 5290 Detractis
2287 5233 2354 5287 de
2389 5233 2477 5298 71,
2535 5232 2697 5287 annis
2722 5233 2816 5296 '52,
2872 5231 3068 5301 reliqui
3117 5239 3247 5286 sunt
3280 5229 3370 5285 59.
3425 5226 3571 5298 Ergo

1977 5341 2122 5381 anno
2153 5325 2222 5381 40
2252 5340 2282 5378 a
2314 5323 2601 5388 Passione,
2637 5339 2704 5377 ex
2734 5322 2954 5378 Eusebii
2983 5329 3190 5390 mente,
3219 5321 3405 5375 diruta
3439 5325 3570 5372 sunt

1979 5417 2378 5490 Hierosolyma.
2459 5417 2584 5473 ideo
2645 5415 2898 5471 Clemens
2952 5413 3358 5469 Alexandrinus
3408 5411 3504 5465 lib.
3549 5423 3568 5466 I

1979 5509 2206 5573 Strom.,
2249 5508 2345 5579 qui
2400 5523 2544 5563 anno
2569 5523 2637 5563 xv
2679 5507 2886 5563 Tiberii
2940 5505 3258 5562 l’assionem
3301 5500 3564 5571 assignat,

1979 5604 2139 5658 annis
2173 5617 2308 5666 XLII,
2349 5602 2634 5657 mensibus
2677 5600 2859 5657 tribus
2893 5607 3079 5671 postea
3118 5595 3217 5666 τὴν
3245 5593 3448 5648 ἅλωσιν
3477 5608 3567 5649 ac-

1980 5695 2187 5751 cidisse
2226 5701 2399 5764 putat.
2440 5693 2798 5766 Epiphanius,
2833 5699 2893 5747 ut
2921 5690 2988 5745 ad
3014 5689 3145 5743 inter.
3178 5686 3243 5741 51
3282 5691 3568 5741 ostensum

1981 5794 2083 5854 cst,
2111 5783 2453 5843 I‘assioncm'
2482 5785 2538 5840 in
2577 5800 2702 5842 eum
2749 5797 2952 5837 annum
2984 5777 3239 5844 contulit,
3270 5790 3378 5849 quo
3401 5771 3564 5830 Tibe-
