3920 6416
457 371 566 428 513

1596 363 1937 422 APPENDIX
1981 366 2605 431 DISSERTATIONUM.
3597 376 3681 433 ω

451 475 577 532 rius
602 472 643 527 V
680 483 732 528 et
759 472 992 543 Sejanus
1032 488 1178 530 coss.
1212 473 1401 529 fuere;
1457 478 1551 546 qui
1584 477 1921 551 Dionysiano
1952 496 2036 536 re-
2064 491 2112 544 Α
2138 483 2293 537 dekai
2338 484 2394 538 in
2423 485 2695 555 Computo
2725 495 3026 555 percenset.
3083 484 3285 541 Scribit
3311 487 3454 543 enim
3486 504 3685 546 seanno

452 565 683 634 spondet
707 566 795 619 ⁸51.
837 565 975 621 Cum
1004 566 1171 636 igitur
1198 567 1332 622 urbs
1353 584 1544 624 eversa
1570 570 1643 625 sil.
1666 587 1811 625 anno
1842 573 2039 645 Diony-

453 657 611 711 siano
636 658 722 721 70,
747 672 924 712 annus
948 657 1231 713 Passionis
1256 660 1324 714 ab
1345 661 1561 716 excidio
1584 664 2037 735 quadragesimus

450 754 556 803 est.
598 742 970 817 Corrigendus
1000 748 1166 819 igitur
1187 749 1547 819 Epiphanius,
1579 755 1709 808 dum
1738 770 1841 810 va
1863 771 2037 812 annos

452 836 839 891 intercessisse
868 836 1040 891 dixit:
1072 837 1221 907 quod
1251 855 1429 908 neque
1460 856 1491 894 a
1511 840 1830 908 Nativitate,
1861 861 2038 915 neque

451 941 484 978 a
510 924 795 989 Passione,
834 925 1069 981 deducto
1089 944 1336 993 numero,
1366 940 1545 1000 potest
1582 934 1836 989 obtineri.
1882 936 2037 1001 Quod

452 1014 522 1069 ad
563 1032 829 1081 mensem,
863 1018 1134 1088 diemque,
1185 1036 1294 1090 quo
1347 1024 1609 1092 templum
1634 1032 1690 1079 et
1741 1027 1874 1082 urbs
1905 1028 2026 1097 ipsa

451 1115 665 1161 vastata
709 1116 868 1174 sunt,
917 1112 1148 1166 attinet:
1209 1112 1455 1182 Scaliger
1498 1114 1593 1169 lib.
1628 1131 1663 1169 v
1704 1115 1783 1171 De
1829 1120 2032 1173 emend.

449 1206 665 1268 statuit,
695 1205 927 1275 Augusti
960 1223 992 1260 x
1033 1209 1293 1278 templum
1334 1209 1619 1264 incensum
1648 1226 1793 1277 esse,
1842 1214 2036 1269 urbem

450 1311 584 1350 vero
608 1295 947 1365 Septembris
971 1314 1090 1365 vm,
1137 1314 1203 1353 ac
1232 1314 1493 1368 praeterea
1521 1301 1713 1356 eodem
1740 1302 1834 1357 illo
1865 1318 2032 1370 anno,

450 1402 544 1441 xiv
572 1386 762 1453 Nisan,
810 1390 927 1445 sive
972 1388 1184 1446 Pascha
1235 1392 1291 1445 in
1339 1392 1543 1462 Aprilis
1597 1410 1691 1449 xiv
1731 1394 2032 1463 incidisse;

444 1478 597 1548 quod
619 1479 691 1534 ob
723 1481 1041 1536 methodum
1073 1497 1232 1538 suam
1266 1485 1742 1541 accommodatum
1774 1502 1900 1542 esse
1928 1488 2034 1541 mi-

447 1568 603 1623 riﬁce
631 1570 958 1640 triumphat.
1006 1571 1113 1627 Sed
1168 1574 1286 1628 hac
1327 1576 1513 1629 omnia
1544 1576 2032 1632 hallucinationum

443 1666 504 1713 et
525 1660 865 1715 somniorum
908 1663 1069 1732 plena
1099 1672 1249 1719 sunt.
1309 1664 1443 1719 Nam
1472 1666 1621 1735 quod
1646 1666 1713 1721 de
1742 1667 1909 1723 Nisan
1940 1666 2034 1723 Jo-

447 1749 680 1817 seplium
719 1758 914 1805 testem
958 1753 1126 1821 citat,
1176 1770 1285 1808 non
1319 1758 1671 1811 mediocriter
1703 1759 1941 1813 aberrat.
1982 1759 2031 1814 ls

445 1837 600 1890 enim
639 1837 735 1892 lib.
778 1854 811 1892 v
843 1839 943 1909 τῆς
979 1817 1277 1907 Ἀλῶσεως
1310 1859 1430 1912 cap.
1466 1845 1523 1897 11
1556 1846 1631 1899 ita
1659 1847 1884 1900 scribit:
1916 1848 2020 1899 Λω
2062 1817 2106 1873 Β

449 1925 724 1995 φήσαντος
748 1927 806 1979 δὲ
840 1927 978 1997 πρὸς
1002 1930 1177 2001 βραχὺ
1206 1932 1299 1983 τοῦ
1339 1931 1539 2003 θύραζε
1578 1935 1837 2004 πολέμου,
1869 1937 2032 1990 πάλιν

443 2016 598 2070 ἔνδον
626 2020 659 2087 ἡ
685 2018 875 2082 στάσις
907 2022 1252 2094 ὲπηγεὶρετο,
1290 2026 1385 2077 καὶ
1414 2026 1513 2095 τῆς
1536 2026 1643 2080 τῶν
1662 2027 1910 2097 Ἀζύμων
1945 2032 2034 2083 ὲν-

449 2110 657 2180 στάσης
680 2110 914 2182 ἡμέρας,
959 2117 1525 2189 τεσσαρεσκαιδεκάτῃ
1549 2119 1814 2173 Ξανθικοῦ
1841 2122 2030 2192 μηνὸς,

441 2197 505 2249 ἐν
592 2199 841 2253 δοκοῦσιν
867 2200 1110 2256 Ἰουδαῖοι
1135 2204 1228 2257 τὸν
1256 2206 1475 2276 πρῶτον
1500 2208 1878 2281 ἀπαλλαγῆναι
1910 2230 2032 2267 και-

445 2288 541 2359 ρὸν
567 2290 902 2357 Αἰγυπτίων.
957 2291 1287 2364 Azymorum
1330 2294 1474 2350 diem
1523 2298 1715 2353 iniisse
1760 2301 1894 2356 dicit
1938 2319 2031 2358 xw

441 2377 636 2445 Nisan,
658 2396 766 2450 qua
792 2382 881 2437 die
909 2383 1128 2439 liberati
1152 2386 1281 2440 olim
1312 2386 1381 2442 ab
1405 2388 1729 2459 Egyptiaca
1764 2394 2030 2449 servitute

442 2470 677 2524 fuerant.
704 2471 936 2530 Ruﬁnus
982 2474 1208 2547 Josephi
1233 2477 1559 2547 depravator
1586 2482 1683 2536 lib.
1716 2499 1792 2549 vr,
1823 2500 1945 2555 cap.
1971 2486 2027 2551 4,

443 2562 644 2625 Aprilis
674 2580 762 2617 xiv
812 2565 1078 2633 reddidit;
1130 2570 1293 2638 idque
1326 2568 1627 2640 Scaligero,
1673 2573 1935 2638 Calvisio,
1973 2586 2029 2631 et

441 2652 564 2706 aliis
587 2654 867 2722 imposuit.
920 2655 1028 2711 Sed
1059 2674 1220 2715 nemo
1243 2670 1328 2715 est
1362 2663 1529 2718 hebes
1561 2665 1718 2730 adeo,
1751 2668 1844 2735 qui
1876 2666 2030 2724 Jose-

441 2743 612 2812 phum
661 2760 772 2799 non
832 2746 1013 2801 videat
1057 2750 1126 2804 de
1175 2750 1352 2804 lunari
1394 2767 1603 2817 mense,
1657 2770 1767 2809 non
1812 2755 2029 2812 Juliano

440 2850 508 2889 ac
540 2834 647 2889 ﬁxo
676 2836 847 2906 loqui,
893 2854 1020 2893 cum
1053 2839 1245 2895 eodem
1286 2841 1375 2897 die
1404 2842 1539 2897 illud
1572 2846 1821 2901 evenisse
1857 2846 2024 2913 dicat,

437 2940 550 2995 quo
572 2925 741 2981 Judaei
778 2930 1057 2997 quondam
1086 2947 1153 2987 ex
1184 2931 1424 3003 J‘Egypto
1461 2935 1854 3005 migraverant.
1914 2939 2027 2994 lloc

439 3033 570 3072 vero
610 3035 701 3072 xiv
734 3018 901 3074 Nisan
938 3021 1171 3090 lunaris,
1224 3025 1340 3078 sive
1373 3026 1663 3097 ἀκριϐοῦς,
1706 3044 1802 3083 seu
1846 3031 2026 3086 civilis

438 3107 943 3165 inciderat.Deinde
974 3114 1225 3181 quamvis
1240 3114 1517 3170 Julianum
1545 3134 1789 3175 mensem
1811 3121 2027 3177 intelle-

438 3200 584 3255 xisse
598 3198 896 3272 Joseplium
920 3204 1315 3273 existimemus,
1337 3209 1559 3265 minime
1594 3211 1638 3266 is
1670 3215 2022 3285 tamenApri-

436 3290 507 3345 lis
550 3292 679 3358 erit,
729 3295 826 3349 sed
874 3294 1122 3351 Martius.
1173 3298 1386 3352 Etenim
1421 3300 1757 3357 Macedonici
1804 3320 2022 3361 menses

435 3383 597 3439 aliter
626 3396 964 3455 usurpantur
994 3404 1026 3441 a
1055 3387 1315 3459 Josepho,
1351 3407 1514 3461 quam
1551 3409 1582 3447 a
1606 3393 1814 3452 Grrecis
1836 3406 2023 3466 poste-

436 3472 702 3539 rioribus,
737 3472 1251 3545 Syromacedonici:
1292 3492 1377 3536 est
1406 3484 1627 3551 quidem
1665 3495 2021 3560 utrorumque

433 3565 626 3620 eadem
652 3568 981 3636 appellatio;
1012 3570 1109 3626 sed
1136 3571 1473 3629 Macedonici
1507 3592 1745 3641 menses,
1770 3595 1893 3633 cum
1929 3582 2019 3635 ﬁxi

437 3664 610 3721 sunt,
679 3674 791 3713 uno
831 3674 1021 3716 mense
1069 3662 1599 3732 Syromacedonicos
1651 3672 2015 3739 antecedunt;

436 3746 492 3799 id
524 3749 667 3817 quod
704 3750 953 3818 pluribus
984 3755 1051 3806 ad
1096 3753 1227 3808 hiBl'.
1268 3755 1331 3809 51
1364 3757 1700 3814 declaratum
1734 3771 1836 3817 est.
1873 3762 2018 3818 Xan-

432 3836 617 3892 thicus
643 3847 726 3894 est
756 3856 858 3894 usu
888 3842 1410 3912 Syromacedonum,
1433 3857 1487 3902 et
1506 3850 1820 3906 Graecorum
1842 3856 2015 3924 Aprili

434 3932 731 3998 respondet
756 3948 770 3995 ;
805 3933 951 3989 Lous
979 3936 1228 4007 Augusto
1252 3957 1266 4004 ;
1300 3939 1680 3999 Macedonicus
1710 3963 1839 4003 vero
1863 3948 2013 4005 Xan-

431 4021 616 4077 thicus
650 4022 844 4079 Martio
873 4028 1054 4096 potius
1081 4046 1245 4100 quam
1272 4032 1479 4101 Aprili;
1520 4034 1668 4093 Lous
1696 4039 1862 4095 Julio.
1903 4044 2010 4097 Ita-

429 4126 539 4179 que
563 4111 729 4169 Nisan
753 4117 897 4184 apud
925 4116 1219 4189 Josepbum
1249 4139 1372 4177 cum
1401 4123 1695 4194 Xanthico,
1720 4129 1866 4186 Lous
1885 4150 2010 4189 cum

430 4201 515 4256 Ab
561 4204 883 4260 confertur:
941 4224 973 4264 e
1032 4212 1233 4281 quibus
1272 4213 1439 4269 Nisan
1489 4218 1697 4275 lunaris
1746 4224 2007 4291 majorem

432 4291 615 4348 Martii
649 4306 883 4365 partem,
915 4298 1060 4357 Lous
1083 4301 1232 4366 Julii,
1259 4306 1362 4360 sibi
1392 4308 1646 4363 vindicat.
1681 4313 2005 4371 Utrumnam

428 4401 561 4441 vero
583 4387 1052 4446 Macedonicorum
1078 4398 1341 4450 mensium
1366 4402 1758 4469 appellationes
1779 4407 1843 4459 ad
1871 4410 2006 4464 ﬁxos

2138 572 2368 628 Judaico
2401 575 2540 629 5299
2574 577 2630 629 in
2658 577 2828 632 variis
2877 590 3275 647 syaagogarum
3326 578 3516 633 tabulis
3542 580 3687 635 adat»

2139 672 2309 718 talum
2341 666 2609 735 reperisse
2632 706 2648 733 ,
2698 667 2830 722 alibi
2880 675 3264 722 contractuum
3302 685 3500 723 annum
3530 670 3686 739 1849,

2138 770 2169 809 a
2196 756 2534 813 desolatione
2567 760 2756 830 templi
2779 760 2948 825 {469;
2989 760 3120 814 alibi
3145 770 3519 815 contractuum
3548 763 3688 830 1856,

2137 844 2488 902 desolationis
2525 847 2697 914 147ος
2735 848 2863 902 alibi
2890 856 3274 903 contractuum
3319 850 3474 913 1851,
3497 850 3689 906 desola-

2138 935 2303 990 tionis
2328 937 2484 1009 H72.
2520 938 2731 992 Auctor
2752 938 2870 1008 ipse
2891 954 3097 993 annum
3119 936 3405 993 Judaicum
3440 940 3570 996 5299
3587 957 3691 997 esse

2138 1033 2293 1095 putat
2325 1042 2355 1080 a
2386 1027 2733 1084 desolatione
2779 1029 2942 1085 H70.
3000 1029 3142 1084 Tum
3173 1029 3346 1095 addit,
3377 1046 3409 1084 a
3433 1029 3587 1095 Tisri,
3612 1034 3691 1099 qui

2137 1114 2325 1183 templi
2381 1118 2741 1172 vastationem
2792 1117 3038 1187 proxime
3107 1117 3395 1187 sequitur,
3441 1120 3691 1172 numerari

2138 1222 2315 1262 annos
2369 1206 2613 1263 Semitab
2679 1216 2737 1263 et
2774 1206 3067 1265 Jubilaeos:
3123 1210 3261 1264 adeo
3317 1216 3377 1263 ut
3407 1210 3691 1274 annusille,

2136 1299 2298 1376 cujus
2323 1298 2470 1355 Tisri
2504 1300 2901 1356 desolationem
2938 1302 3179 1372 excepit,
3210 1301 3379 1356 fuerit
3411 1302 3533 1354 noni
3557 1300 3691 1354 ani-

2136 1390 2220 1443 lzei
2268 1389 2516 1446 decimus
2563 1391 2807 1460 quintus.
2866 1393 3060 1447 Annus
3101 1391 3368 1447 Judaicus
3415 1392 3548 1445 5299
3592 1392 3694 1444 iniit

2136 1494 2280 1534 anno
2311 1482 2517 1551 periodi
2540 1481 2773 1538 Juliana:
2787 1483 2948 1548 625i,
2967 1483 3176 1539 Christi
3206 1484 3370 1547 1558,
3395 1482 3463 1537 de
3488 1498 3589 1553 quo
3615 1483 3693 1536 de-

2134 1575 2327 1629 tractis
2351 1575 2489 1628 H70
2519 1583 2803 1631 remanent
2830 1576 2920 1630 68.
2961 1574 3145 1640 Quare
3168 1590 3234 1629 ex
3269 1576 3419 1630 illius
3448 1574 3690 1629 sententia

2135 1664 2279 1720 Tisri
2308 1667 2437 1719 anni
2487 1667 2630 1736 ejus,
2684 1667 2741 1720 in
2796 1682 2957 1737 quem
3009 1666 3164 1722 urbis
3192 1666 3466 1721 excidium
3505 1666 3690 1731 incidit,

2135 1757 2300 1826 cwpit
2323 1772 2471 1811 anno
2488 1757 2693 1812 Christi
2719 1758 2808 1823 68,
2831 1766 2885 1813 et
2916 1759 3167 1829 sequenti
3191 1759 3261 1813 69
3286 1762 3544 1830 templum
3569 1775 3694 1815 ever-

2134 1864 2275 1913 sum,
2306 1862 2451 1903 anno
2479 1849 2807 1903 Sabbatico:
2864 1864 2991 1903 nam
3018 1858 3185 1919 caput
3219 1866 3345 1904 tera:
3386 1851 3532 1904 illius
3559 1865 3588 1903 a
3611 1850 3693 1905 de-

2133 1941 2425 2005 solatione,
2463 1941 2723 1995 convenit
2752 1940 2897 1996 Tisri
2948 1943 3079 1996 anni
3118 1942 3439 2013 Dionysiani
3469 1944 3554 2004 69,
3591 1949 3692 2011 post

2133 2032 2399 2102 templum
2423 2033 2689 2088 dirutum.
2733 2032 2856 2088 Uno
2884 2034 3053 2104 igitur
3081 2035 3304 2089 aberrat
3333 2050 3501 2090 anno.
3520 2034 3691 2089 Verius

2130 2124 2402 2189 sentiunt,
2449 2140 2589 2194 quos
2620 2133 2815 2179 auctor
2855 2125 2947 2179 ille
2977 2125 3170 2181 scribit
3199 2142 3410 2181 annum
3435 2125 3691 2180 Judaicum

2127 2214 2269 2269 5299
2294 2230 2583 2269 numerare
2625 2230 2655 2268 a
2691 2215 3028 2271 desolatione
3059 2218 3221 2273 1469.
3271 2219 3545 2274 Detractis
3569 2218 3692 2272 enim
3766 2257 3771 2262 .

2129 2307 2196 2361 de
2226 2306 2366 2362 5299
2395 2308 2555 2363 annis
2582 2308 2717 2362 1469
2748 2316 2916 2363 restat
2945 2324 3126 2364 annus
3151 2311 3335 2376 5850;
3384 2311 3541 2381 cujus
3572 2308 3693 2365 Tisri

2131 2399 2303 2469 cmpit
2343 2414 2493 2454 anno
2516 2399 2723 2455 Christi
2756 2400 2844 2465 69,
2878 2416 2988 2469 quo
3015 2401 3128 2469 jam
3177 2402 3483 2457 inclinante
3512 2401 3693 2458 Christi

2129 2504 2275 2543 anno
2297 2489 2720 2559 septuagesimo,
2748 2496 2960 2545 vastata
2985 2500 3112 2544 sunt
3132 2492 3536 2563 Hierosolyma,
3567 2502 3691 2545 anno

2129 2582 2307 2651 primo
2346 2581 2615 2635 Semitab.

2197 2673 2464 2740 Νερούας
2514 2672 2649 2737 ἔτος
2676 2672 2766 2729 ἓν.
2818 2672 3064 2728 Pessime
3114 2675 3169 2729 in
3219 2676 3491 2730 Ancorato
3529 2676 3615 2749 ἔτη
3638 2676 3687 2730 δ’.

2127 2763 2399 2819 Eusebius
2446 2766 2559 2828 ita,
2610 2772 2669 2817 nt
2719 2766 2821 2820 hoc
2868 2767 3020 2833 loco,
3057 2773 3261 2821 ann‘um
3311 2785 3480 2823 unum
3506 2785 3692 2825 menses

2126 2867 2360 2926 quatuor
2382 2859 2659 2928 assignat;
2694 2857 2791 2912 Dio
2817 2875 3013 2914 novem
3038 2861 3157 2915 dies
3187 2861 3347 2915 addit
3372 2879 3388 2927 ;
3422 2862 3689 2931 Eutropius

2125 2956 2275 3001 octo.
2307 2948 2349 3001 A
2385 2949 2473 3003 die
2511 2964 2645 3001 xvm
2692 2950 2844 3018 Sept.
2879 2950 3010 3004 anni
3037 2951 3241 3006 Christi
3276 2952 3350 3007 96
3378 2954 3447 3008 ad
3479 2969 3529 3007 vr
3560 2954 3634 3007 vel
3664 2968 3690 3005 ν

2126 3038 2353 3095 Kalend.
2390 3039 2575 3107 Febr.,
2598 3042 2713 3096 sive
2750 3040 2996 3096 Januarii
3045 3060 3213 3109 xxvn,
3232 3047 3367 3100 anni
3396 3046 3484 3111 98,
3529 3045 3689 3100 Nerva:

2126 3138 2340 3200 tempus
2372 3132 2505 3185 illud
2525 3132 2830 3186 intercedit.
2853 3133 2997 3187 Obiit
3021 3133 3205 3204 itaque
3228 3150 3383 3191 anno
3402 3137 3593 3192 Christi
3614 3135 3687 3201 98,

2127 3219 2335 3287 periodi
2366 3218 2594 3274 Julian-.e
2628 3220 2787 3287 4511,
2818 3224 2973 3294 cyclo
2997 3225 3138 3278 luna:
3168 3241 3242 3279 iv.
3311 3226 3540 3282 Fallitur
3564 3226 3687 3282 enim

2129 3309 2390 3381 Scaliger,
2436 3313 2527 3381 qui
2575 3328 2700 3366 cum
2744 3313 2799 3367 in
2828 3316 3057 3369 exordio
3087 3316 3306 3383 Nervae,
3357 3329 3519 3391 atque
3555 3320 3684 3374 obitu

2126 3402 2418 3456 Domitiani
2467 3405 2844 3474 consignando
2890 3407 2963 3463 sit
3024 3409 3421 3476 hallucinatus,
3470 3411 3683 3467 eamdem

2124 3495 2178 3548 in
2209 3493 2399 3549 Nervae
2424 3496 2595 3559 exitu,
2644 3505 2808 3567 atque
2855 3500 3013 3554 initio
3044 3499 3271 3570 Trajani
3302 3504 3517 3573 culpam
3555 3517 3685 3557 com-

2123 3589 2290 3643 misit.
2332 3588 2535 3644 Seribit
2563 3590 2706 3645 enim
2752 3592 2846 3646 lib.
2881 3608 2913 3647 v
2960 3592 3037 3648 De
3058 3594 3261 3650 emend.
3294 3606 3451 3665 temp.
3482 3595 3684 3651 Nervam

2120 3679 2324 3734 abiisse
2360 3681 2517 3751 cyclo
2566 3682 2599 3734 5
2643 3696 2790 3736 anno
2818 3681 3188 3739 Nabonassari
3237 3686 3367 3752 8M,
3430 3687 3685 3744 ueomenia

2119 3773 2475 3828 PhamenOth.
2522 3773 2619 3827 Est
2666 3775 2755 3829 hic
2802 3791 2979 3831 annus
3013 3794 3126 3847 per.
3162 3777 3275 3835 Jul.
3323 3780 3483 3845 4810,
3506 3778 3683 3834 Christi

2118 3863 2206 3927 97,
2256 3865 2412 3935 cyclo
2462 3864 2604 3919 lunae
2636 3881 2718 3919 ιιι.
2760 3868 2925 3936 Atqui
2960 3884 3059 3922 nos
3095 3870 3347 3937 proxime
3373 3872 3685 3927 demonstra-

2118 3955 2314 4019 vimus,
2366 3954 2757 4021 Domitianum,
2801 3957 2989 4013 Vetere
3016 3967 3069 4014 ct
3095 3958 3326 4017 Valente
3347 3979 3472 4017 coss
3501 4001 3515 4025 ,
3539 3961 3686 4013 inter-

2117 4045 2318 4101 fectum
2355 4062 2480 4102 esse
2507 4063 2653 4102 anno
2681 4048 2886 4102 Christi
2935 4049 3026 4114 96,
3057 4066 3172 4120 per.
3212 4050 3325 4106 Jul.
3361 4052 3523 4115 4809,
3553 4049 3685 4121 cyclo

2113 4139 2251 4193 luna:
2284 4154 2341 4192 ll.
2394 4138 2563 4209 Igitur
2594 4154 2718 4193 cum
2766 4138 2943 4195 Nerva
2988 4158 3098 4197 non
3146 4142 3268 4213 plus
3322 4158 3469 4197 anno
3509 4158 3607 4196 uno
3632 4153 3684 4192 ac

2113 4229 2395 4283 mensibus
2472 4236 2709 4299 quatuor
2767 4239 2823 4285 et
2884 4232 3076 4287 diebus
3141 4248 3342 4288 novem
3406 4231 3683 4304 imperarit,

2111 4320 2335 4375 desierit
2365 4320 2471 4374 hoc
2497 4326 2715 4390 tempus
2744 4337 2974 4377 necesse
2994 4331 3078 4377 est
3096 4322 3150 4376 in
3177 4338 3383 4378 annum
3402 4320 3682 4379 Christi98.

2111 4412 2325 4483 cyclum
2364 4411 2506 4465 lunae
2538 4428 2612 4476 ιν,
2648 4413 2859 4487 periodi
2882 4412 2991 4468 Jul.
3025 4414 3188 4468 4711.

427 4476 749 4535 etJulianos
778 4485 1119 4539 transtulerit
1143 4485 1436 4557 Josephus,
1465 4492 1691 4551 alterius
1717 4498 1818 4552 loci
1847 4511 1901 4555 et
1921 4503 2005 4557 in-
2038 4508 2082 4562 D
2145 4476 2163 4483 '
2185 4500 2596 4557 Absurdissima
2637 4476 2769 4556 vero
2803 4512 2890 4557 est
2921 4503 3171 4571 ejusdem
3223 4503 3494 4576 Scaligeri
3536 4503 3686 4558 casti-

426 4566 611 4620 stituti
662 4571 895 4637 quaestio
949 4582 1051 4627 est.
1109 4574 1220 4631 Nos
1262 4590 1538 4651 utcunque
1568 4600 1627 4641 se
1656 4602 1746 4643 res
1795 4591 2011 4660 habeat,

426 4670 694 4725 negamus
723 4658 1053 4717 Xanthicum
1105 4668 1248 4735 apud
1284 4669 1582 4741 Josephum
1617 4678 1851 4748 Aprilem
1893 4658 2017 4742 esse

423 4744 724 4805 Julianum.
798 4751 905 4807 Sed
956 4754 1270 4829 Scaligero,
1326 4770 1382 4817 et
1436 4773 1561 4821 ante
1617 4744 1763 4826 hunc
1816 4773 2013 4832 Ruﬁno

423 4837 740 4896 Graecorum
772 4852 827 4899 et
851 4846 1351 4917 Syromacedonum
1388 4871 1520 4913 usus
1552 4858 1729 4916 fraudi
1764 4864 1884 4932 iuit,
1918 4872 2010 4939 qui

422 4928 587 4983 aliter
608 4946 673 4985 ac
697 4932 1022 4994 Macedones
1054 4939 1325 4997 mensium
1350 4946 1597 5004 ordinem
1625 4928 2007 5012 instituerunt.

425 5014 563 5073 Vide
593 5035 713 5115 quae
743 5023 812 5078 ad
842 5024 996 5084 illum
1028 5029 1211 5084 locum
1241 5033 1371 5091 hair.
1403 5037 1464 5091 51
1502 5040 1727 5097 uberius
1753 5049 2009 5115 exposui-

421 5124 566 5165 mus.
599 5110 965 5177 Quamobrem
993 5137 1117 5176 cum
1139 5121 1409 5196 Josephus
1438 5134 1513 5185 ait
1547 5133 1641 5189 lib.
1676 5151 1748 5200 νι,
1780 5110 2005 5209 cap.26,

420 5200 638 5257 decimo
677 5205 768 5261 die
801 5205 897 5262 Loi
945 5214 1152 5269 mensis
1208 5220 1471 5288 templum
1503 5200 1870 5296 deﬁagrasse,
1940 5200 2008 5288 ad

418 5292 623 5349 Julium
669 5299 892 5366 potius,
963 5318 1127 5372 quam
1181 5307 1484 5380 Augustum
1537 5292 1809 5386 pertinere
1851 5292 2003 5391 puto,

419 5386 879 5454 quemadmodum
939 5401 994 5446 et
1052 5410 1175 5449 cum
1239 5412 1427 5456 narrat
1476 5420 1598 5476 cap.
1632 5409 1739 5475 47,
1773 5386 2002 5483 Go-rpizei

420 5478 627 5533 mensis
653 5494 749 5532 vni
781 5481 967 5536 urbem
1002 5500 1124 5541 esse
1158 5491 1502 5561 subversam,
1554 5501 1802 5572 Augusto
1830 5478 2003 5578 magis

420 5581 585 5637 quam
618 5568 925 5641 Septembri
949 5581 1245 5636 convenire
1269 5590 1540 5657 suspicor.

492 5656 844 5719 Hebraeorum
877 5666 944 5722 de
982 5684 1127 5725 anno
1166 5656 1524 5738 desolationis
1575 5688 1757 5757 templi
1794 5688 2005 5746 discre-

422 5760 617 5815 pantes
650 5762 779 5808 sunt
820 5761 1121 5831 sententiae,
1171 5782 1309 5836 quas
1345 5768 1411 5827 Β.
1440 5773 1692 5833 lssachar
1725 5779 1827 5836 ben
1854 5780 1998 5838 Mor-

2119 4592 2286 4661 gatio,
2314 4605 2423 4661 qua
2453 4591 2789 4646 Onuh'ianos
2825 4591 3022 4647 Fastos
3052 4594 3357 4666 redarguit,
3381 4596 3525 4667 quod
3552 4594 3681 4665 paria

2117 4685 2572 4740 consulunrduo
2620 4684 2814 4741 Nervae
2863 4686 3097 4757 imperio
3153 4691 3405 4744 tribuant
3448 4707 3463 4745 :
3531 4687 3681 4742 Unum

2115 4778 2276 4842 enim,
2308 4777 2511 4845 inquit,
2548 4786 2757 4831 tantum
2795 4794 2896 4847 par
2930 4794 3069 4836 coss.
3107 4782 3541 4851 interjiciendum
3564 4782 3682 4833 inter

2114 4867 2326 4921 initium
2357 4866 2567 4931 Nervar,
2602 4879 2653 4924 et
2672 4886 2764 4925 ea:
2786 4869 2915 4925 Kal.
2932 4870 3209 4941 Januarii,
3242 4875 3436 4945 quibus
3458 4872 3676 4928 decessit.

2114 4962 2183 5014 At
2210 4959 2369 5015 Fasti
2401 4960 2574 5015 Siculi
2619 4979 2786 5017 unum
2824 4972 3033 5018 tantum
3069 4981 3171 5034 par
3216 4976 3354 5022 recte
3382 4966 3675 5021 attribuunt.

2112 5050 2431 5122 Corrigendi
2468 5054 2633 5124 igitur
2666 5053 2843 5111 Fasti.
2886 5056 2956 5110 At
2998 5057 3118 5127 ipse
3161 5058 3525 5128 corrigendus
3561 5067 3675 5110 sane

2111 5141 2317 5211 potius.
2356 5143 2816 5215 Quandoquidem
2845 5146 2993 5201 enim
3016 5146 3195 5203 Nerva
3226 5163 3375 5204 anno
3405 5142 3672 5203 Christi96

2109 5242 2341 5290 exeunte
2370 5237 2560 5306 erepit,
2589 5246 2641 5293 et
2667 5238 2893 5293 ineunte
2916 5240 3007 5301 98.
3037 5241 3143 5296 hoc
3164 5250 3248 5297 est
3268 5257 3323 5295 vr
3379 5240 3495 5296 Kal.
3526 5237 3668 5292 Febr.

2109 5325 2280 5393 obiit;
2307 5326 2417 5380 duo
2447 5328 2599 5397 paria
2634 5343 2785 5384 coss.
2814 5329 3063 5399 ejusdem
3088 5332 3318 5402 imperio
3341 5332 3665 5403 congruunt:

2109 5415 2368 5469 nimirum
2402 5431 2547 5471 anno
2569 5416 2661 5483 97,
2689 5435 2799 5488 quo
2860 5420 3004 5489 apud
3032 5419 3343 5483 Onufrium,
3367 5431 3422 5477 et
3448 5421 3500 5474 in
3526 5417 3665 5472 Sicu-

2117 5508 2185 5561 lis
2220 5505 2399 5562 Fastis
2431 5522 2576 5563 coss.
2614 5520 2991 5563 memorantur
3018 5510 3195 5567 Nerva
3239 5511 3303 5566 lll
3330 5520 3385 5567 et
3410 5508 3661 5580 Virginius

2107 5597 2282 5654 Rufus
2318 5598 2379 5652 ll.
2410 5602 2543 5653 Item
2582 5616 2726 5656 anno
2761 5603 2854 5668 98,
2884 5602 3059 5657 Nerva
3101 5602 3169 5657 IV
3204 5610 3257 5658 et
3303 5602 3566 5670 Trajanus
3596 5595 3655 5660 1Ιὶ

2107 5706 2268 5760 quem
2300 5705 2506 5744 annum
2542 5691 2736 5746 libavit
2768 5692 2965 5749 Nerva.
2990 5694 3179 5765 Neque
3202 5695 3369 5749 Siculi
3393 5692 3535 5747 Fasti
3559 5689 3653 5742 dis-

2109 5784 2311 5848 sident,
2340 5794 2431 5840 aut
2462 5783 2620 5840 aliter
2656 5792 2817 5852 atque
2845 5787 3109 5846 Onuirius
3143 5787 3369 5853 iaciunt,
3394 5784 3495 5841 nisi
3522 5783 3648 5853 quod
