3920 6408
219 379 329 434 545

1167 373 1255 428 DE
1294 370 1738 429 ROMANORUM
1779 370 1960 426 IMPP.
2003 371 2515 428 CilﬂONOLOGlA.

3389 376 3494 433 546

219 491 525 562 Trajanum
557 491 738 546 solum
763 489 1042 545 consulem
1067 491 1171 546 hoc
1191 506 1336 545 anno
1357 488 1594 546 reddunt
1629 506 1640 542 :
1668 487 1810 560 quod
1845 498 1887 554 Α
1919 505 2049 544 num
2074 490 2384 546 conﬂictus.
2425 491 2628 546 Statuit
2658 491 2980 561 Adrianum,
3011 513 3077 552 ex
3112 499 3406 571 Spartiano
3438 509 3495 558 et

220 584 482 640 videlicet
511 599 638 638 eum
666 582 860 654 paucis
876 583 1070 638 diebus
1097 583 1445 639 consulatum
1477 581 1652 637 Nerva
1683 596 1808 652 ges-

221 675 418 740 sisset,
479 674 634 730 solus
670 673 726 728 in
757 689 822 729 eo
851 674 1075 730 relictus
1105 682 1190 730 est
1220 673 1516 744 Trajanus.
1559 673 1694 728 Mira
1728 680 1814 728 est

219 767 398 836 igitur
429 763 714 833 ἀλογιστία
769 763 1053 834 Scaligeri,
1104 765 1196 836 qui
1230 775 1340 819 tam
1387 779 1581 821 crasso
1623 778 1813 819 errore

222 871 352 911 sese
381 854 643 908 traduxit.
693 855 912 909 Atenim
944 852 1174 909 Menelai
1209 852 1526 910 observatio
1561 854 1809 924 quaedam

221 957 315 1003 est
365 948 508 1018 apud
555 946 911 1003 Ptolemaaum
957 947 1054 1002 lib.
1106 961 1206 1012 vn,
1245 962 1302 1017 p.
1349 946 1473 1013 170,
1517 947 1614 1017 qui
1665 960 1811 1002 anno

223 1044 414 1113 primo
436 1040 655 1108 Trajani
687 1039 873 1095 Romae
901 1039 1086 1094 lunam
1121 1054 1246 1096 cum
1284 1039 1435 1109 spica
1458 1037 1811 1109 conjunctam

227 1134 468 1196 notavit,
507 1147 651 1186 anno
680 1131 1050 1188 Nabonassari
1083 1130 1208 1196 845,
1237 1129 1442 1185 Meehir
1469 1147 1560 1198 xv,
1584 1146 1815 1202 sequen-

225 1234 284 1279 te
318 1241 429 1280 xvi.
460 1225 730 1295 Congruit
771 1231 988 1294 tempus
1017 1237 1161 1278 anno
1191 1220 1404 1278 Domini
1435 1222 1524 1287 98,
1556 1239 1672 1294 per.
1701 1221 1810 1278 Jul.

227 1315 394 1380 4711,
431 1313 679 1368 Januarii
712 1329 767 1377 x,
813 1321 1078 1382 sequente
1112 1326 1192 1365 ιι.
1241 1311 1378 1366 Cum
1424 1312 1589 1382 igitur
1635 1312 1812 1368 Nerva

227 1405 452 1463 nonnisi
510 1421 615 1459 xxv
665 1404 886 1460 circiter
916 1401 1164 1458 Januarii
1207 1401 1545 1471 decesserit;
1583 1404 1631 1460 si
1668 1419 1813 1459 anno

227 1498 440 1554 Clu-isti
488 1497 557 1552 98
601 1504 882 1552 mortuum
926 1511 1050 1551 esse
1093 1496 1364 1560 dicamus,
1413 1495 1813 1552 observationis

228 1590 380 1644 illius
412 1595 658 1658 tempore
687 1587 928 1641 nondum
970 1585 1182 1656 primus
1212 1585 1436 1655 Trajani
1470 1602 1650 1641 annus
1673 1587 1811 1640 inie-

229 1688 340 1735 rat.
383 1680 566 1746 Quare
595 1678 811 1732 videtur
840 1692 986 1731 anno
1026 1676 1234 1732 Christi
1293 1676 1358 1731 97
1406 1679 1642 1746 erupisse
1678 1675 1815 1730 Tra-

228 1773 398 1843 jauus
422 1790 435 1825 :
477 1771 638 1841 cujus
665 1785 810 1825 anno
839 1770 1017 1839 primo
1040 1777 1295 1836 exeunte,
1320 1767 1567 1823 Januarii
1597 1785 1674 1833 xi,
1695 1768 1813 1824 die-

1913 580 2222 651 Xiphilino,
2250 597 2426 636 annos
2467 583 2767 652 imperasse
2797 601 2913 648 xxi,
2955 603 3171 645 menses
3205 607 3280 646 ιι.
3317 593 3496 659 Quare

1913 671 2027 726 sine
2063 688 2263 734 errore,
2318 671 2521 742 inquit,
2567 689 2844 740 possumus
2891 675 2974 728 illi
3018 678 3279 746 imputare
3324 699 3494 738 annos

1915 779 2051 817 xxn.
2087 762 2162 817 De
2209 763 2489 834 Xiphilino
2531 764 2726 818 falsum
2770 773 2875 820 est.
2909 764 3098 837 Neque
3135 772 3279 824 enim
3322 787 3496 830 annos

1913 870 2028 918 xxi,
2061 855 2157 911 sed
2184 871 2258 910 xx
2289 857 2556 911 duntaxat
2599 857 2874 914 attribuit.
2924 859 3096 916 Porro
3137 860 3360 932 Trajani
3393 866 3496 919 ob-

1915 945 2054 1000 itum
2112 954 2168 1001 et
2202 947 2417 1002 initium
2458 947 2686 1002 Adriani
2719 948 2932 1004 confert
2968 951 3022 1004 in
3052 966 3254 1006 annum
3293 952 3496 1009 Christi

1917 1038 2042 1102 117,
2058 1036 2223 1110 Nigro
2243 1048 2297 1094 et
2315 1040 2634 1110 Aproniano
2653 1056 2828 1106 coss.,
2871 1041 3095 1098 Adriani
3118 1059 3247 1099 vero
3267 1053 3499 1100 mortem

1917 1139 1974 1186 et
1997 1131 2262 1187 Antonini
2298 1132 2586 1187 exordium
2623 1133 2680 1188 in
2708 1149 2912 1188 annum
2940 1135 3145 1191 Christi
3179 1137 3318 1203 157;
3353 1137 3501 1206 quod

1916 1230 1971 1278 et
2004 1238 2127 1293 pag.
2159 1223 2267 1277 200
2312 1224 2528 1293 repetit.
2597 1222 2655 1279 In
2693 1239 2804 1295 quo
2837 1225 3060 1281 biennio
3102 1236 3214 1282 toto
3253 1227 3503 1296 logistice

1915 1315 2064 1370 illius
2105 1316 2344 1370 aberrat.
2387 1315 2602 1372 Etenim
2647 1331 2757 1386 quo
2797 1331 2945 1371 anno
2982 1316 3204 1373 Juliano
3245 1326 3501 1373 mortuus

1914 1415 2000 1463 est
2032 1409 2331 1472 Adrianus,
2381 1409 2572 1464 eodem
2608 1425 2814 1464 annum
2860 1425 3018 1474 ιιιιι,
3065 1418 3190 1479 post
3229 1425 3498 1473 mensem,

1916 1497 2302 1566 auspicaturns
2332 1507 2491 1553 erat:
2529 1498 2797 1568 siquidem
2840 1513 3058 1554 menses
3083 1514 3135 1552 ιι
3197 1513 3362 1568 supra
3397 1513 3499 1552 an-

1917 1607 2045 1644 num
2086 1607 2176 1644 xxi
2212 1592 2517 1660 imperavit.
2551 1590 2756 1648 Demus
2777 1592 2942 1662 igitur
2970 1606 3115 1647 anno
3138 1592 3346 1646 Christi
3374 1591 3498 1657 117,

1915 1682 2154 1752 Augusti
2185 1683 2395 1738 mensis
2426 1699 2504 1748 ιι,
2539 1683 2812 1752 imperare
2839 1684 3111 1752 cepisse;
3148 1699 3327 1738 annus
3363 1684 3503 1738 vice-

1919 1774 2094 1828 simus
2115 1773 2416 1836 secundus,
2443 1774 2662 1843 expleto
2692 1789 2807 1837 ιιι,
2833 1773 2956 1827 iniit
2980 1789 3125 1828 anno
3147 1773 3352 1830 Christi
3379 1776 3500 1839 158,

231 1867 340 1921 bus
363 1873 490 1919 ante
519 1863 747 1920 secundi
783 1862 1001 1917 initium
1033 1878 1126 1916 xiv
1152 1879 1168 1929 ;
1195 1861 1472 1916 Menelaus
1497 1861 1642 1916 enim
1675 1861 1816 1916 luna:
1848 1856 1887 1910 Β
1919 1863 2078 1932 cujus
2109 1879 2161 1916 ιι
2198 1864 2404 1918 mensis
2435 1863 2601 1919 desiit
2627 1878 2774 1918 anno
2803 1863 2925 1928 159,
2955 1862 3082 1918 Julii
3115 1881 3170 1928 x,
3201 1879 3311 1935 quo
3331 1865 3503 1918 mori-

230 1955 681 2027 conjunctionem
703 1953 1034 2010 observavit.
1056 1951 1133 2006 lta
1159 1951 1425 2023 Scaliger.
1450 1950 1606 2019 Quod
1632 1953 1809 2023 ipsum

228 2059 319 2107 est
370 2049 606 2120 perleve.
659 2046 938 2102 Menelaus
983 2046 1128 2101 enim
1180 2044 1418 2115 primum
1454 2043 1677 2114 Trajani
1719 2061 1816 2100 au-

228 2157 367 2197 num
403 2156 434 2194 a
472 2138 733 2194 Kalendis
766 2137 1044 2192 Januariis
1079 2136 1532 2192 antecedentibus
1569 2139 1815 2192 ltomano

230 2247 388 2288 more
415 2233 731 2300 auspicatus
763 2237 872 2296 est,
902 2246 1013 2284 non
1046 2231 1113 2284 ab
1145 2230 1351 2300 epocha
1382 2230 1501 2301 ipsa
1528 2231 1778 2301 ωερε-186.

310 2323 594 2392 Τραϊανὸς
615 2322 720 2388 ἔτη
753 2324 842 2376 (0'.
875 2321 1041 2376 Addit
1063 2320 1334 2376 Eusebius
1361 2337 1580 2376 menses
1605 2339 1686 2388 ix;
1717 2321 1816 2376 Dio

227 2432 456 2472 menses
485 2432 559 2479 γι,
585 2415 704 2469 dies
731 2431 797 2468 xv
821 2433 832 2469 :
859 2415 1194 2484 astipulatur
1216 2423 1269 2468 et
1290 2413 1608 2484 Eutropius.
1631 2413 1818 2468 Victor

229 2525 413 2564 annos
454 2508 545 2561 dat
577 2523 744 2578 prope
779 2507 992 2577 viginti.
1041 2507 1230 2577 Itaque
1263 2522 1389 2561 cum
1431 2521 1576 2560 anno
1607 2506 1813 2560 Christi

228 2600 324 2667 98,
359 2617 424 2656 ex
454 2599 519 2653 A.
548 2598 609 2652 D.
634 2615 689 2653 vi
722 2597 948 2652 Kalend.
973 2597 1134 2652 Febr.
1160 2597 1420 2666 cmperit:
1458 2604 1708 2652 mortuus
1731 2605 1817 2651 est

230 2707 381 2746 anno
419 2690 538 2755 H7,
568 2690 826 2746 inchoato
847 2689 956 2760 jam
985 2704 1129 2743 anno
1155 2705 1227 2742 xx
1258 2707 1270 2744 :
1304 2689 1464 2758 cujus
1495 2704 1712 2743 menses
1739 2704 1812 2752 vr,

229 2786 354 2840 dies
393 2800 487 2845 xv,
517 2799 546 2837 a
577 2799 628 2836 vi
662 2781 892 2836 Kalend.
951 2780 1112 2836 Febr.
1166 2780 1231 2835 ad
1272 2795 1327 2835 tv
1391 2780 1468 2837 ld.
1522 2780 1660 2852 Aug.
1703 2781 1815 2851 jam

229 2878 409 2948 elapsi
444 2876 680 2931 fuerant.
713 2874 988 2930 Postridie
1028 2874 1174 2928 enim
1213 2873 1488 2930 Adrianus
1529 2874 1816 2944 imperium

231 2970 380 3024 iniit.
419 2965 659 3022 Omnino
689 2966 854 3036 igitur
888 2979 1034 3019 anno
1070 2965 1272 3020 Christi
1305 2965 1428 3030 117,
1461 2964 1670 3034 periodi
1706 2961 1816 3018 Jul.

229 3062 400 3128 4850,
441 3061 579 3116 obiit
608 3059 904 3130 Trajanus,
948 3059 995 3114 si
1034 3067 1112 3114 tot
1138 3060 1318 3124 annis,
1361 3067 1496 3130 quot
1529 3060 1692 3129 vulgo
1719 3075 1820 3112 nu-

231 3161 545 3217 merantur,
577 3152 892 3222 imperavit;
923 3168 1031 3205 non
1062 3151 1226 3216 4829,
1267 3160 1330 3206 ut
1364 3159 1517 3222 putat
1547 3149 1816 3219 Scaliger;

229 3247 380 3318 apud
425 3263 587 3317 quem
621 3262 909 3317 perperam
951 3256 1004 3301 et
1044 3245 1280 3310 librarii,
1328 3251 1388 3299 ut
1426 3245 1639 3314 opinor,
1687 3243 1819 3297 vitio

235 3357 414 3397 annus
448 3339 651 3395 Christi
687 3339 788 3393 117
808 3341 1050 3408 ponitur,
1082 3352 1182 3406 pro
1213 3337 1336 3390 116.
1373 3333 1474 3390 Ι1ἱο
1496 3335 1641 3390 enim
1676 3335 1821 3406 peri-

243 3434 332 3489 odi
369 3433 603 3488 Juliana:
633 3447 775 3486 anno
802 3431 942 3486 4829
972 3428 1291 3499 respondet.

313 3526 482 3581 Μετὰι
500 3525 789 3594 Τραϊανὸν
828 3522 1135 3592 Ἀδριανὸς
1162 3523 1266 3591 ἔτη
1293 3527 1403 3575 κα’.
1445 3520 1641 3575 Mirum
1666 3520 1822 3578 valde

243 3627 324 3677 est
367 3618 738 3687 chronologos
803 3630 1072 3670 annorum
1120 3622 1284 3684 atque
1328 3612 1540 3668 exordii
1591 3613 1820 3668 Adriani

238 3712 590 3783 imperatoris
615 3710 980 3782 explicatione
1005 3717 1116 3763 tam
1145 3708 1338 3764 leviter
1361 3722 1484 3763 esse
1506 3706 1818 3763 defunctos.

234 3805 405 3876 Atqui
433 3804 578 3858 haud
611 3806 727 3858 scio
755 3818 823 3857 an
847 3802 1055 3857 nullius
1084 3800 1433 3872 imperatoris
1458 3809 1674 3870 tempus
1705 3815 1822 3854 ma-

231 3898 411 3968 jorem
441 3911 506 3950 ac
547 3893 900 3950 dilliciliorem
923 3892 1281 3963 quaestionem
1302 3891 1520 3947 habeat.
1549 3890 1820 3958 Quocirca

235 3988 557 4045 necessario
587 4001 687 4042 nos
711 3986 766 4041 in
797 3985 851 4041 id
881 3983 1284 4046 incumbemus,
1317 3991 1379 4036 ut
1404 3981 1450 4036 si
1474 3981 1655 4040 minus
1687 3995 1822 4034 con-

235 4080 566 4136 troversiam
599 4079 858 4133 tollamus
896 4091 1137 4140 omnem,
1175 4080 1325 4130 certe
1353 4086 1498 4136 eam,
1530 4071 1616 4126 vel
1651 4071 1821 4126 dissi-

237 4171 582 4228 mulantibus
613 4169 696 4225 vel
747 4183 856 4224 non
911 4165 1476 4223 animadvertentibus
1519 4165 1818 4235 plerisque,

238 4269 632 4318 monstremus.
663 4259 832 4331 Igitur
862 4259 1188 4330 Spartianus
1219 4258 1275 4313 in
1299 4257 1538 4311 Adriano
1569 4270 1748 4311 annos
1769 4254 1821 4310 ei

237 4355 435 4411 tribuit
472 4370 586 4419 ιιι,
613 4369 829 4409 menses
867 4368 946 4407 xi.
981 4349 1283 4422 Eutropius
1315 4363 1490 4404 annos
1523 4364 1638 4412 ιιι,
1673 4361 1822 4402 men-

238 4463 332 4505 ses
361 4463 418 4512 x,
445 4446 564 4502 dies
589 4463 681 4501 xx.
710 4447 779 4499 At
813 4444 1000 4499 Victor
1032 4459 1210 4500 annos
1231 4460 1324 4506 xx,
1352 4457 1572 4499 menses
1596 4456 1651 4496 ιι
1681 4457 1696 4507 ;
1734 4447 1821 4495 to-

1919 1964 2006 2009 tur
2039 1955 2342 2021 Adrianus,
2373 1971 2500 2011 cum
2533 1955 2714 2012 adhuc
2743 1957 2950 2014 mensis
2984 1973 3128 2012 unus
3155 1958 3221 2012 ad
3261 1973 3374 2011 xxn
3406 1971 3504 2012 an-

1919 2063 2056 2102 num
2091 2048 2422 2118 explendum
2456 2047 2710 2116 deesset;
2741 2057 2801 2103 ut
2831 2064 2990 2114 xxni,
3018 2050 3249 2120 Augusti
3279 2065 3356 2112 ιι,
3399 2049 3503 2104 hoc

1915 2145 2000 2193 est
2053 2154 2111 2192 ιιι
2169 2139 2248 2191 td.
2278 2139 2566 2211 inciperet.
2601 2138 2892 2210 Perperam
2943 2141 3108 2211 igitur
3127 2139 3353 2194 Adriani
3405 2155 3498 2195 ex-

1917 2231 2025 2285 itus
2062 2229 2117 2284 in
2173 2245 2376 2284 annum
2409 2231 2510 2286 157
2543 2231 2859 2300 conjicitur.
2900 2229 3005 2286 Sed
3035 2231 3294 2302 majorem
3325 2231 3501 2285 risum

1916 2322 2186 2391 ejusmodi
2221 2323 2697 2391 argumentatione
2733 2324 2895 2376 tollit.
2929 2323 3135 2389 Annus,
3174 2324 3267 2387 ait,
3301 2322 3502 2378 Christi

1921 2417 2022 2471 157
2064 2425 2142 2470 est
2189 2417 2392 2486 primus
2427 2416 2706 2479 Antonini,
2748 2427 2796 2471 et
2831 2416 2932 2471 158
2972 2433 3134 2487 usque
3165 2416 3235 2469 ad
3275 2431 3501 2470 mensem

1917 2509 2214 2580 Augustum
2243 2519 2321 2562 est
2352 2508 2489 2563 idem
2518 2524 2736 2563 currens
2770 2509 3052 2572 Antonini;
3092 2508 3156 2561 de
3190 2525 3291 2578 quo
3331 2509 3376 2561 si
3411 2507 3503 2557 de-

1921 2601 2241 2654 traxerimus
2279 2617 2446 2654 annos
2474 2601 2566 2663 22,
2613 2599 2904 2654 remanebit
2946 2617 3116 2654 annus
3161 2600 3332 2653 obitus
3367 2598 3503 2652 Tra-

1910 2693 2033 2764 jani
2088 2693 2191 2748 117
2245 2693 2466 2760 Christi,
2517 2693 2688 2762 Nigro
2734 2703 2784 2748 et
2828 2693 3138 2763 Aproniano
3172 2709 3310 2746 coss.
3345 2693 3505 2745 Anno

1919 2786 2128 2844 Christi
2181 2787 2286 2841 158
2339 2786 2509 2856 cmpit
2553 2785 2816 2840 Antonini
2867 2785 3179 2850 secundus;
3227 2783 3505 2837 Adrianus
3600 2776 3610 2786 ⁷

1921 2886 2102 2939 autem
2131 2878 2297 2948 periit
2331 2893 2478 2932 anno
2511 2879 2610 2932 157
2641 2895 2655 2932 :
2685 2885 2739 2932 et
2762 2887 2945 2932 tamen
2973 2877 3039 2930 ad
3065 2875 3505 2945 investigandum

1923 2972 2140 3026 initium
2169 2970 2418 3031 Adriani,
2466 2970 2535 3025 de
2565 2970 2728 3024 annis
2774 2969 2873 3024 158
2904 2969 3092 3038 viginti
3142 2967 3282 3023 duos
3321 2967 3515 3021 detra-

1922 3063 2030 3130 hit;
2065 3061 2209 3132 quod
2241 3062 2309 3116 de
2346 3062 2470 3125 157,
2504 3061 2615 3114 imo
2647 3059 2715 3114 de
2744 3061 2848 3114 556
2875 3058 3186 3113 faciendum
3228 3067 3368 3120 erat,
3393 3071 3506 3126 quo
3553 3072 3556 3075 '

1923 3154 2158 3222 cmpisse
2185 3152 2390 3206 dicitur
2411 3151 2641 3206 Adriani
2670 3151 2919 3205 ultimus.
2956 3150 3193 3205 Detrahe
3236 3151 3305 3204 de
3342 3152 3504 3205 anuis

1933 3246 2068 3305 157,
2112 3242 2304 3313 viginti
2353 3250 2466 3297 tres
2519 3242 2692 3312 (nam
2740 3241 2812 3294 25
2873 3241 3098 3295 Adriani
3163 3241 3502 3294 inchoandus

1921 3342 2041 3391 erat
2073 3349 2220 3388 anno
2259 3333 2388 3404 157)
2438 3340 2768 3402 supererunt
2815 3332 2938 3386 114.
2983 3330 3125 3401 Ergo
3165 3331 3268 3384 115
3296 3331 3502 3385 Christi

1923 3441 2068 3480 anno
2100 3426 2270 3496 ccepit
2300 3423 2526 3478 Adriani
2561 3425 2796 3491 primus,
2838 3423 3077 3478 triennio
3121 3431 3249 3477 ante
3277 3421 3503 3492 Trajani

1921 3519 2154 3579 obitum,
2188 3530 2350 3586 quem
2383 3513 2632 3585 Scaliger
2660 3514 2777 3584 ipse
2816 3513 3033 3569 confert
3057 3515 3112 3568 in
3141 3530 3342 3569 annum
3380 3517 3503 3578 117,

1920 3607 2090 3679 Nigro
2134 3617 2187 3662 et
2220 3606 2540 3678 Aproniano
2586 3620 2731 3661 coss.
2775 3603 2895 3670 Quo
2930 3605 3067 3659 nihil
3111 3613 3198 3660 est
3243 3607 3503 3676 ineptius.

1922 3699 2194 3766 Quocirca
2232 3713 2341 3753 non
2387 3703 2571 3767 potest
2607 3695 2884 3750 Adrianus
2919 3711 3095 3751 annos
3128 3697 3320 3768 viginti
3370 3707 3505 3762 tres,

1925 3806 2035 3846 uno
2063 3805 2250 3846 mense
2287 3790 2476 3844 minus
2509 3787 2800 3858 attigisse:
2832 3803 2935 3842 nec
2973 3789 3208 3858 amplius
3246 3803 3409 3859 quam
3436 3805 3506 3844 xx

1924 3897 2100 3937 annos
2125 3895 2346 3938 menses
2373 3896 2426 3934 ιι
2456 3880 2762 3950 imperavit,
2787 3879 2865 3933 uti
2897 3878 2996 3933 Dio
3017 3888 3182 3948 atque
3210 3879 3508 3950 Eutropius

1926 3974 2195 4026 atlirmaut
2217 3993 2232 4028 ε
2256 3988 2323 4026 ex
2353 3972 2555 4042 quibus
2577 3971 2758 4026 caueri
2792 3985 2983 4024 omnes
3013 3971 3322 4040 corrigendi
3354 3981 3504 4028 sunt.

1921 4065 2188 4120 Caeterum
2226 4062 2517 4132 Trajanus,
2541 4061 2708 4131 Nigro
2732 4067 2786 4116 et
2816 4060 3128 4130 Aproniano
3161 4076 3331 4126 coss.,
3361 4078 3507 4116 ειηιιιι

1922 4155 2129 4216 Christi
2169 4154 2267 4208 H7
2299 4153 2537 4208 excessit
2561 4167 2592 4206 e
2625 4152 2769 4206 vivis
2799 4152 3046 4220 Augusto
3076 4167 3287 4207 mense.
3350 4151 3508 4206 Unde

1922 4250 2137 4306 initium
2189 4245 2420 4300 Adriani
2468 4245 2758 4314 consurgit
2799 4259 2866 4299 ex
2909 4252 3038 4298 ante
3076 4244 3221 4299 diem
3268 4260 3330 4298 ιιι
3377 4244 3508 4299 ldus

1920 4340 2171 4412 Augusti.
2237 4339 2358 4405 Quo
2399 4353 2466 4393 ex
2516 4336 2606 4392 die
2643 4337 2817 4405 putati
2861 4336 2989 4391 anni
3029 4352 3122 4401 xx,
3168 4352 3387 4392 menses
3423 4354 3504 4403 ιι,

1922 4431 2182 4487 desinunt
2209 4429 2262 4483 in
2294 4443 2348 4483 vi
2388 4427 2468 4482 ld.
2494 4425 2608 4482 Jul.
2641 4427 2772 4482 anni
2803 4427 2928 4493 158,
2961 4426 3172 4498 periodi
3199 4425 3309 4482 Jul.
3341 4427 3506 4490 4851,

237 4541 409 4596 tidem
455 4538 574 4594 Dio.
622 4537 779 4604 Quod
827 4537 1012 4592 verius
1061 4546 1117 4592 et
1160 4541 1265 4600 est,
1312 4541 1368 4589 et
1411 4549 1440 4588 a
1486 4532 1817 4588 Casaubono
1847 4538 1892 4594 ι)
1921 4523 2076 4595 cyclo
2104 4523 2246 4578 lunae
2277 4537 2351 4578 vi.

238 4631 507 4692 creditur,
543 4630 597 4684 in
634 4627 789 4683 Notis
821 4628 889 4681 ad
927 4627 1293 4698 Spartianum.
1333 4623 1577 4694 Scaliger
1608 4631 1717 4676 tam
1760 4621 1818 4676 in

239 4726 338 4782 lib.
365 4740 397 4778 v
429 4721 506 4776 De
547 4720 809 4776 emendat.
849 4731 1198 4790 temp.,quam
1240 4717 1296 4772 in
1334 4715 1704 4770 Auimadvers.
1750 4712 1820 4767 ad

239 4816 554 4878 Eusebium,
585 4811 782 4867 miscet
819 4825 884 4865 ac
907 4809 1188 4880 perturbat
1217 4807 1425 4863 omnia.
1455 4805 1655 4861 Censet
1673 4804 1821 4860 enim

237 4908 546 4964 Adrianum
574 4919 749 4958 annos
774 4918 892 4958 xxii
923 4917 1032 4957 uno
1054 4916 1242 4956 mense
1273 4900 1456 4954 minus
1485 4898 1820 4967 imperasse;

239 5004 386 5058 libro
420 5017 452 5052 v
481 4999 559 5052 De
578 4996 842 5052 emendat.
881 5004 1036 5064 temp.
1079 5008 1204 5064 pag.
1235 4991 1364 5059 459,
1413 4990 1703 5061 imperium
1747 4989 1825 5042 ait

241 5092 444 5147 iniisse
484 5103 630 5142 anno
675 5084 886 5156 periodi
933 5081 1167 5139 Julianaa
1200 5081 1364 5146 4829,
1416 5090 1470 5136 et
1521 5081 1824 5150 imperasse

243 5195 420 5236 annos
459 5193 575 5244 ιιι,
610 5191 830 5233 menses
869 5191 946 5230 ιι.
1001 5174 1106 5241 Qui
1150 5171 1425 5228 numerati
1466 5187 1533 5226 ex
1565 5171 1632 5225 A.
1665 5171 1730 5226 D.
1769 5186 1824 5225 iv

249 5271 327 5324 ld.
360 5273 497 5340 Aug.
535 5269 666 5324 anni
710 5267 873 5334 4829,
917 5267 1177 5323 desinunt
1217 5265 1271 5320 in
1303 5265 1368 5320 A.
1403 5262 1467 5319 D.
1510 5279 1562 5318 γι
1599 5263 1677 5318 Id.
1710 5262 1820 5318 Jul.

245 5362 370 5415 anni
388 5360 550 5416 4850.
577 5360 771 5412 Annus
792 5358 954 5423 4829,
978 5355 1182 5413 Christi
1203 5354 1566 5427 Dionysianus
1585 5363 1671 5410 est
1700 5353 1822 5408 116.

241 5453 314 5509 At
345 5452 510 5512 4850.
554 5460 641 5507 est
678 5451 798 5505 157.
843 5449 1024 5517 Quare
1054 5447 1343 5520 perspicua
1382 5454 1467 5504 est
1500 5446 1822 5518 ἀπροσεξία.

244 5545 381 5599 Nam
426 5545 472 5600 si
518 5558 696 5598 annos
727 5557 842 5606 xxi,
881 5557 1097 5597 menses
1131 5555 1187 5594 ιι
1252 5554 1507 5594 numeres
1544 5537 1613 5594 ab
1649 5553 1705 5591 xi
1737 5535 1826 5591 die

239 5633 479 5705 Augusti
529 5632 658 5686 anni
692 5629 894 5685 Christi
929 5628 1050 5692 116,
1081 5628 1338 5684 desinent
1371 5628 1426 5682 in
1457 5644 1490 5684 x
1521 5627 1665 5682 diem
1692 5625 1824 5681 Julii

238 5725 372 5780 anni
413 5723 536 5786 158,
565 5723 680 5776 sive
710 5719 919 5790 periodi
954 5718 1185 5774 Julianus
1208 5719 1368 5775 4851.
1411 5721 1474 5772 tu
1498 5717 1823 5773 Eusebianis

243 5811 805 5870 Animadversionibus
835 5824 955 5882 pag.
996 5809 1088 5864 191
1122 5809 1299 5879 major
1327 5818 1408 5867 cst
1440 5809 1823 5870 hallucinatiov

1991 4613 2146 4680 Quod
2175 4613 2353 4682 ipsum
2397 4620 2453 4667 et
2500 4627 2566 4668 ex
2599 4611 2760 4667 annis
2803 4611 3006 4682 quibus
3050 4612 3188 4666 vixit
3233 4611 3510 4666 Adrianus

1920 4704 2230 4761 deducitur.
2274 4703 2447 4760 Natus
2470 4712 2554 4759 est
2582 4704 2749 4769 enim,
2777 4713 3003 4758 auctore
3040 4704 3350 4774 Spartiauo,
3399 4703 3508 4757 Ve-

1921 4798 2176 4868 spasiano
2211 4794 2301 4849 Vll
2352 4804 2406 4852 et
2441 4795 2565 4850 Tito
2592 4793 2637 4848 V
2661 4810 2832 4858 coss.,
2855 4809 3026 4848 'anno
3062 4791 3226 4848 Urbis
3255 4792 3380 4856 829,
3409 4789 3508 4846 Ju-

1921 4891 2066 4944 liano
2094 4889 2215 4949 121,
2247 4888 2452 4944 Christi
2481 4887 2569 4951 76,
2594 4902 2710 4956 per.
2741 4885 2850 4940 Jul.
2885 4885 3050 4947 4789,
3089 4899 3145 4938 ιι
3190 4883 3309 4936 Kal.
3339 4880 3504 4938 Febr.

1925 4981 2074 5036 Vixit
2097 4987 2277 5036 autem
2305 4993 2478 5034 annos
2507 4994 2638 5042 ιιιι,
2673 4993 2891 5032 menses
2913 4994 2968 5039 v,
3003 4976 3120 5031 dies
3158 4993 3277 5036 xix,
3325 4985 3384 5028 ut
3425 4976 3507 5031 ait

1929 5073 2266 5144 Xiphilinus.
2293 5071 2680 5128 Emendandus
2715 5071 2860 5126 enim
2905 5076 2990 5124 est
3027 5069 3371 5139 Spartianus.
3409 5070 3504 5139 qui

1923 5179 2098 5221 annos
2157 5181 2306 5220 Lxxu
2364 5171 2638 5229 numerat,
2690 5178 2814 5216 cum
2867 5162 3168 5232 EutrOpius
3214 5169 3270 5217 et
3319 5161 3507 5216 Victor

1925 5257 2281 5328 sexagenario
2310 5255 2570 5324 majorem
2606 5254 2808 5308 obiisse
2835 5262 3157 5308 memorent.
3201 5252 3342 5306 Anni
3368 5267 3506 5316 Lxu,

1923 5365 2144 5406 menses
2173 5365 2226 5411 v,
2257 5349 2376 5404 dies
2414 5361 2525 5413 xix,
2555 5361 2621 5402 ex
2639 5355 2768 5400 ante
2782 5344 2926 5401 diem
2944 5361 2998 5400 ιι
3032 5344 3151 5400 Kal.
3179 5342 3341 5400 Febr.
3375 5356 3506 5397 ann.

1921 5440 2131 5498 Christi
2173 5439 2446 5514 76‘putati
2485 5439 2737 5493 incidunt
2781 5438 2836 5491 in
2873 5434 3004 5492 Julii
3029 5452 3127 5498 xu,
3163 5436 3250 5491 vel
3285 5451 3318 5488 x
3351 5434 3502 5505 (nam

1924 5533 2044 5589 dies
2085 5533 2354 5588 duntaxat
2406 5545 2518 5585 xvii
2551 5530 2880 5602 Spartianus
2932 5527 3172 5599 arrogat)
3217 5527 3345 5581 anni
3378 5524 3503 5582 158.

1927 5625 2198 5694 Quocirca
2265 5624 2574 5680 communis
2615 5631 2703 5680 est
2743 5624 2989 5678 omnium
3043 5621 3156 5676 fere
3203 5617 3500 5679 sententia,

1926 5726 2156 5773 mortem
2191 5715 2417 5772 Adriani
2463 5715 2757 5771 convenire
2804 5715 2856 5769 in
2904 5728 3104 5766 annum
3138 5710 3341 5768 Christi
3376 5708 3504 5773 133,

1929 5808 2092 5865 Urbis
2135 5810 2231 5865 891
2253 5848 2268 5874 ,
2303 5808 2595 5864 Camerino
2627 5816 2679 5863 et
2709 5805 2905 5868 Magno
2939 5821 3084 5861 coss.
3146 5803 3250 5860 Sed
3287 5801 3414 5858 huic
3444 5800 3501 5850 in
