3920 6410
1479 185 1506 205 ο

233 367 328 424 ωε)

1122 375 1208 430 DE
1252 375 1693 432 ROMANORUM
1735 375 1915 432 IMPP.
1958 379 2474 443 CHRONOLOGIA.

3388 399 3494 456 550

230 489 403 563 primo
440 491 510 545 ad
549 505 629 545 xrt
668 490 912 559 Adriani,
945 491 1072 546 anni
1121 502 1250 547 sunt
1298 493 1418 556 l7l,
1462 508 1680 549 menses
1721 509 1818 557 vu,
1853 497 1896 551 A
1925 493 2234 554 Turbonem
2265 516 2519 571 repressa
2543 501 2778 558 videtur.
2810 504 3090 563 Posterior
3108 513 3510 577 motus,idem-

235 582 348 637 dies
370 597 487 636 ιιι.
527 582 685 649 Quos
711 585 758 639 si
789 599 912 639 cum
939 584 1045 641 259
1077 585 1453 655 conjunxeris,
1493 587 1824 656 colligentur

235 671 359 725 anni
389 671 522 738 A30,
563 690 784 730 menses
805 692 904 741 vn,
932 675 1050 732 dies
1071 692 1196 739 xxi;
1220 677 1265 730 si
1292 677 1511 746 quidem
1534 693 1600 731 ex
1624 677 1820 733 diebus

237 765 662 820 excurrentibus
695 767 1022 822 tricenarios
1067 783 1286 824 menses
1329 767 1545 825 feceris.
1579 771 1822 840 Apparet

236 855 399 925 igitur
426 872 456 910 a
487 857 722 926 septimo
777 860 1055 916 Ptolemaei
1103 859 1464 930 Philadelphi,
1508 861 1575 916 ad
1611 863 1816 918 exitum

235 946 555 1017 Cleopatrae,
586 964 696 1004 nou
721 949 851 1016 249,
885 952 981 1008 sed
1019 951 1128 1008 259
1175 967 1351 1008 annos
1392 953 1670 1024 imputari.
1710 952 1816 1011 Sed

235 1039 466 1095 mirifica
522 1047 632 1105 est,
687 1049 742 1098 et
781 1044 943 1100 valde
1005 1044 1246 1118 ἰδιωτική
1311 1046 1416 1102 ista
1477 1047 1712 1118 putatio,
1769 1047 1818 1104 si

234 1133 459 1200 perinde
497 1139 662 1203 atque
707 1133 993 1206 Epiphanii
1041 1139 1288 1194 calculus
1337 1153 1448 1208 pra:
1489 1154 1548 1195 se
1588 1139 1689 1195 fert
1726 1153 1818 1194 ac-

233 1223 419 1294 cipere
460 1225 729 1293 velimus;
776 1243 900 1281 nam
955 1228 1079 1283 duae
1129 1238 1258 1286 sunt
1307 1230 1532 1300 ὀμάδες,
1581 1247 1646 1286 ex
1689 1232 1814 1302 qui-

232 1315 334 1369 bus
385 1315 491 1369 450
537 1331 802 1372 annorum
853 1333 1064 1373 summa
1117 1319 1436 1375 conﬂatur:
1497 1323 1673 1392 prima
1725 1330 1812 1379 est

231 1421 260 1458 a
305 1421 378 1459 vn
431 1405 769 1477 Philadelphi
824 1410 892 1464 ad
957 1412 1212 1466 ultimum
1258 1411 1580 1483 Cleopatrae,
1642 1429 1814 1470 anno-

229 1511 350 1549 rum
394 1497 536 1563 259;
570 1499 738 1553 altera
769 1500 837 1554 ab
873 1502 1030 1557 initio
1067 1504 1296 1574 Augusti
1330 1507 1394 1560 ad
1429 1507 1813 1562 duodecimum

228 1586 481 1652 Adriani,
507 1603 774 1646 annorum
803 1591 917 1648 fere
941 1593 1063 1648 171.
1098 1593 1216 1660 Qua
1242 1596 1457 1652 ratione
1480 1612 1707 1653 necesse
1729 1605 1814 1653 est

227 1678 464 1747 primum
495 1697 701 1736 annum
744 1683 975 1753 Augusti
1020 1694 1145 1756 post
1195 1687 1449 1742 ultimum
1509 1689 1814 1759 Cleopatrae

228 1773 529 1826 numerari.
565 1773 731 1845 Atqui
781 1776 1091 1848 Cleopatrae
1118 1780 1348 1835 ultimus
1379 1783 1637 1852 congruit
1666 1797 1813 1837 anno

1921 604 2030 657 que
2057 590 2373 646 diuturnior
2409 601 2463 648 et
2508 594 2828 650 ltorribilior
2871 598 2926 652 in
2987 617 3078 655 xv:
3118 603 3344 658 Adriani
3374 621 3509 662 conc

1923 681 2098 737 fertur
2121 685 2176 738 in
2215 687 2528 740 Eusebiano
2561 687 2842 742 Chronico.
2867 690 3039 760 Cujus
3067 702 3263 749 auctor
3290 698 3502 753 Coche-

1920 773 2039 836 bas,
2067 777 2182 830 sive
2205 776 2586 833 Barcochebas
2613 779 2754 834 latro
2775 781 2996 851 quidam
3013 787 3243 842 exstitit.
3269 789 3504 845 Causam

1921 866 2047 921 belli
2084 867 2411 938 Spartianus
2439 868 2610 926 fuisse
2640 872 2797 939 dicit,
2827 875 2966 943 quod
2990 879 3305 933 vetabantur
3345 884 3508 936 muti-

1922 959 2033 1013 tare
2069 961 2348 1030 genitalia,
2384 960 2702 1033 Xiphilinus
2732 979 2763 1019 e
2811 964 3004 1033 Dione,
3039 969 3186 1038 quod
3217 985 3341 1025 cum
3383 971 3508 1028 Hie-

1918 1053 2250 1123 rosolymam
2315 1056 2712 1123 instanrasset,
2777 1057 3087 1130 Etiamque
3144 1064 3506 1132 nominasset,

1917 1139 2070 1198 Iovis
2099 1143 2362 1214 templum
2414 1145 2469 1200 in
2507 1147 2702 1202 eodem
2744 1151 2866 1205 loco
2915 1153 3184 1220 condidit,
3233 1155 3326 1211 ubi
3370 1166 3509 1212 tent-

1918 1235 2068 1303 plum
2094 1236 2226 1290 olim
2264 1245 2510 1294 steterat.
2553 1239 2712 1297 Unde
2757 1244 2998 1313 graviter
3029 1249 3294 1302 commoti
3331 1249 3506 1304 Judaai

1918 1335 2076 1380 atrox
2111 1326 2314 1382 bellum
2345 1331 2678 1399 excitarunt,
2702 1334 2867 1398 duce,
2901 1336 2981 1390 uti
3008 1337 3215 1392 dictum
3239 1345 3347 1404 est,
3371 1339 3507 1392 Bar—

1917 1419 2158 1473 coclteba
2192 1439 2205 1474 :
2241 1422 2389 1490 quod
2427 1421 2682 1480 Justinus
2717 1426 2772 1480 in
2807 1427 3030 1500 Apolog.
3065 1437 3318 1486 testatur.
3364 1431 3503 1488 Huic

1915 1524 2046 1565 vero
2076 1511 2237 1566 finem
2269 1514 2582 1584 impositum
2605 1519 3083 1577 scribitEusebius
3102 1538 3247 1578 anno
3274 1523 3503 1580 Adriani

1916 1617 2094 1658 xvm:
2134 1605 2282 1674 quod
2335 1613 2391 1660 et
2430 1607 2570 1662 libro
2604 1625 2659 1665 tv
2695 1609 2840 1666 Hist.
2874 1626 2997 1683 cap.
3041 1613 3094 1678 6,
3131 1630 3197 1670 ex
3245 1615 3509 1672 Aristone

1917 1691 2115 1746 Pellaeo
2135 1702 2346 1750 narrat.
2374 1695 2540 1766 Atqui
2565 1713 2712 1754 anno
2743 1700 2836 1753 illo
2862 1716 2994 1756 xvm
3033 1702 3225 1774 imper.
3277 1706 3507 1760 Adriani

1917 1782 2166 1854 ἀκμάσαι
2201 1786 2296 1839 τὸν
2341 1788 2578 1859 πόλεμον
2627 1791 2814 1847 Aristo
2867 1794 3187 1863 scripserat.
3236 1794 3363 1851 ideo
3399 1798 3506 1851 sub

227 1863 394 1922 Urbis
421 1866 543 1931 724,
571 1842 792 1924 Iul—iano
824 1842 1039 1925 dcc-imo
1072 1878 1251 1936 sexto,
1300 1842 1529 1942 Auguin
1556 1889 1688 1928 vero
1710 1874 1812 1927 im-
1845 1866 1887 1921 Β
1909 1842 2142 1930 Adriani
2195 1875 2356 1932 ﬁnem
2403 1842 2642 1937 desiisse
2657 1842 2822 1952 pnitth

223 1959 498 2026 peratoris
520 1959 737 2016 decimo
786 1973 1008 2032 quarto.
1038 1963 1412 2035 Epiphaniana
1437 1965 1602 2035 igitur
1620 1965 1720 2020 hac
1745 1980 1812 2020 ex

226 2059 381 2120 parte
420 2055 577 2120 ratio,
617 2063 678 2108 ut
709 2054 953 2112 Lucilius
985 2057 1080 2120 ait,
1107 2074 1375 2127 perversa,
1411 2074 1522 2113 arra
1551 2058 1812 2112 subducta

223 2145 477 2210 improbe.
505 2146 637 2212 Qua:
669 2149 891 2219 quidem
924 2149 998 2204 ita
1038 2151 1378 2206 restituenda
1413 2158 1542 2208 sunt
1579 2154 1810 2207 :Annus

222 2234 566 2307 Philadelphi
607 2241 907 2310 septimus;
952 2251 1011 2296 ut
1069 2259 1236 2315 supra
1287 2244 1809 2310 demonstravimus,

223 2329 483 2384 convenit
509 2345 654 2385 anno
685 2332 894 2402 periodi
933 2333 1163 2390 Iulianae
1194 2335 1371 2402 M55;
1409 2335 1634 2390 Adriani
1679 2351 1812 2391 vero

222 2420 604 2488 duodecimus,
633 2423 837 2480 Christi
868 2425 991 2493 128,
1027 2427 1237 2498 periodi
1268 2425 1501 2482 Iuliana
1525 2435 1612 2482 est
1639 2427 1804 2482 48-“.

221 2513 572 2586 Colliguntur
614 2532 645 2572 a
683 2519 917 2588 septimo
955 2519 1297 2591 Philadelphi
1328 2522 1396 2576 ad
1423 2521 1808 2576 duodecimum

222 2606 472 2673 Adriani,
501 2609 628 2663 anni
658 2610 784 2666 406.
821 2612 994 2668 Annis
1036 2613 1220 2683 itaque
1261 2630 1389 2668 xxtv
1429 2613 1619 2670 solidis
1649 2613 1812 2667 aber-

224 2710 306 2754 rat
350 2698 637 2770 Epiphanii
670 2701 940 2757 calculus.

291 2787 490 2859 οὗτος
537 2791 606 2844 δὲ
657 2795 691 2846 δ
735 2792 1062 2861 Ἀδριανός.
1113 2794 1452 2854 Athanasius
1503 2798 1571 2855 de
1617 2801 1809 2857 eodem

226 2884 444 2954 Aquila,
486 2883 580 2937 ἐπὶ
629 2883 909 2956 Ἀδριανοῦ
952 2884 1217 2955 βασιλέως
1275 2887 1370 2941 τοῦ
1420 2887 1810 2957 λεπτωθέντος.

222 2973 335 3030 Pro
361 2989 474 3045 quo
507 2973 754 3046 Scaliger
787 2975 1162 3048 λεπρωθέντος
1196 2979 1598 3039 absurdissima
1633 2985 1802 3040 corri-

221 3071 321 3140 git.
359 3068 498 3123 Cum
537 3069 834 3134 λεπτωοείς
865 3087 1057 3140 parum
1101 3072 1227 3128 licet
1267 3082 1410 3130 terse
1442 3091 1543 3146 pro
1576 3075 1811 3132 λεπτυν-

220 3163 338 3227 Osi;
372 3161 483 3218 dici
532 3163 791 3232 potuerit.
829 3162 964 3217 Nam
999 3165 1124 3221 tabe
1163 3166 1470 3234 confectus,
1509 3177 1569 3224 ut
1609 3170 1686 3225 ait
1715 3170 1810 3226 Vi-

219 3266 364 3319 ctor,
404 3255 678 3311 Adrianus
717 3257 901 3327 periit.
947 3254 1081 3312 Vide
1116 3255 1486 3327 Spartianum.

296 3351 362 3402 υι
389 3348 460 3402 δὲ
494 3347 696 3403 πολλὰ
743 3349 1126 3418 κεκμηκότες.
1172 3347 1522 3419 Xiphilinus:
1563 3353 1808 3408 Ἐτελεύ-

227 3455 360 3508 τησε
383 3440 559 3507 λέγων
587 3439 684 3492 καὶ
714 3437 852 3510 βοῶν
901 3440 963 3493 τὸ
993 3439 1259 3512 δημῶδες,
1299 3442 1380 3496 ὅτι
1415 3443 1599 3498 πολλοὶ
1636 3447 1811 3517 ἰατροὶ

229 3530 444 3600 βασιλέα
471 3529 783 3586 ἀπώλεσαν.

292 3623 618 3678 Στέλλεται
654 3621 771 3690 τὴν
798 3626 1065 3690 πορείαν.
1110 3621 1284 3679 Nimis
1328 3622 1442 3679 haec
1484 3624 1712 3697 abrupte
1741 3625 1810 3683 de

218 3716 658 3787 peregrinatione
689 3715 945 3783 subjecit,
979 3716 1138 3784 quasi
1181 3726 1533 3786 posteaquam
1575 3719 1630 3773 in
1661 3734 1811 3774 mor-

218 3810 350 3864 bum
381 3807 572 3862 incidit
605 3805 883 3862 Adrianus
920 3806 1066 3860 illam
1109 3809 1440 3878 susceperit.
1483 3810 1807 3867 Addendum

218 3902 408 3971 itaque
437 3899 710 3954 στέλλεται
733 3899 810 3956 δέ.
838 3897 1068 3953 Multum
1104 3915 1168 3954 ac
1194 3900 1286 3955 diu
1321 3905 1701 3974 peregrinatus
1723 3917 1808 3963 est

213 3991 520 4057 Adrianus,
556 3997 616 4044 ut
644 4005 708 4045 ex
737 3989 1054 4060 Spartiano,
1094 3989 1380 4061 Xiphilino
1411 3994 1640 4064 aliisque
1673 4011 1808 4052 eon-

215 4088 354 4146 stat,
397 4093 462 4133 ac
516 4079 715 4149 saepius
767 4077 1044 4133 Orientem
1099 4075 1425 4150 Syriamque
1470 4083 1802 4151 peragravit.

217 4172 352 4227 "me
382 4179 564 4226 autem
608 4169 891 4241 proiectio,
919 4169 986 4227 de
1011 4187 1117 4242 qua
1140 4171 1231 4226 hic
1253 4169 1589 4242 Epiphanius
1624 4174 1806 4243 loqui-

217 4271 334 4326 tur,
373 4262 478 4316 sub
518 4260 650 4315 illud
699 4269 917 4330 tempus
968 4260 1217 4329 contigit,
1269 4275 1378 4329 quo
1427 4257 1805 4331 Hierosolyma

216 4353 573 4408 instauravit.
617 4348 771 4418 Quod
801 4350 1152 4422 quandonam
1202 4352 1406 4406 factum
1438 4352 1529 4414 sit,
1582 4367 1693 4407 non
1726 4353 1808 4406 fa-

215 4443 328 4499 cile
380 4452 465 4500 est
517 4443 853 4500 discernere.
888 4443 1005 4498 Non
1045 4445 1190 4499 enim
1237 4445 1404 4500 semel
1451 4444 1522 4498 ab
1562 4444 1806 4500 Adriano

1919 1981 2051 2020 xvm
2083 1983 2228 2022 anno
2271 1971 2554 2026 terminari
2610 1975 2873 2044 potuisse.
2920 1975 3028 2032 Sed
3083 1978 3257 2035 futilis
3309 1988 3395 2036 est
3439 1995 3506 2037 ac

1915 2055 2193 2114 levissima
2225 2062 2401 2123 ratio;
2433 2079 2561 2118 nam
2615 2065 2737 2120 belli
2769 2065 2852 2121 vis
2902 2069 2959 2121 in
3005 2068 3260 2124 ultimum
3295 2087 3501 2127 annum

1916 2149 2235 2208 incumbere
2257 2155 2456 2223 potuit,
2486 2171 2611 2210 cum
2636 2156 2919 2212 Betherem
2941 2159 3160 2215 obsedit
3189 2161 3499 2219 Adrianus:

1914 2259 2021 2314 qna
2051 2243 2104 2298 in
2157 2254 2484 2315 potestatem
2522 2249 2766 2312 redacta,
2803 2251 3008 2308 occisis
3045 2251 3302 2309 factionis
3341 2253 3502 2310 duci-

1915 2335 2040 2400 bus,
2077 2337 2285 2392 bellum
2316 2347 2400 2394 est
2424 2355 2589 2396 omne
2630 2341 2981 2398 restinctum.
3025 2343 3144 2397 Dixi
3185 2342 3506 2417 Hierosoly—

1914 2441 2129 2481 morum
2172 2427 2638 2484 instaurationem
2693 2433 3086 2488 nonnullorum
3117 2451 3185 2489 ex
3223 2437 3499 2490 sententia

1911 2512 2141 2574 Iudaica
2177 2519 2284 2575 ista
2316 2521 2590 2577 seditione
2619 2524 2982 2593 posteriorem
3031 2524 3240 2593 fuisse;
3271 2525 3502 2581 Dionem

1919 2621 2048 2661 vero
2103 2615 2265 2664 antea
2325 2604 2630 2682 contigisse
2669 2613 2938 2669 scribere.
2987 2613 3046 2670 Si
3098 2626 3226 2671 ante
3279 2616 3504 2672 Iudaeus

1912 2713 2258 2769 compressos
2312 2716 2375 2756 ac
2424 2702 2740 2774 profligatos
2817 2707 3052 2774 accidit,
3100 2708 3208 2764 hoc
3254 2718 3340 2766 est
3395 2711 3501 2764 sub

1913 2802 2118 2842 annum
2157 2789 2383 2846 Adriani
2412 2809 2522 2855 xvr,
2551 2809 2675 2848 cum
2709 2796 2781 2850 sit
2810 2811 2992 2852 annus
3021 2798 3228 2854 Christi
3262 2799 3384 2867 152,
3415 2804 3502 2855 vel

1914 2879 2037 2945 155,
2077 2880 2148 2936 ab
2189 2883 2344 2938 urbis
2381 2885 2619 2950 excidio,
2655 2888 2804 2957 quod
2857 2903 3006 2943 anno
3039 2888 3367 2961 Vespasiani
3403 2907 3495 2947 se-

1913 2972 2098 3026 cundo
2153 2975 2408 3046 contigit,
2453 2977 2658 3034 Christi
2707 2980 2796 3043 70,
2853 2981 2982 3034 anni
3031 2988 3162 3036 sunt
3211 2981 3383 3039 ferme
3408 2983 3499 3041 6‘5.

1913 3061 2140 3120 Duobus
2175 3081 2331 3131 vero,
2363 3068 2610 3124 tribusve
2651 3071 2836 3138 plures
2869 3082 3053 3142 erunt,
3085 3077 3132 3131 si
3165 3076 3320 3131 finito
3355 3077 3505 3133 bello

1913 3156 2106 3211 urbem
2134 3155 2412 3213 Adrianus
2463 3159 2742 3215 excitarit.
2777 3161 3048 3227 Quocirca
3079 3181 3187 3220 non
3230 3167 3367 3222 satis
3400 3181 3498 3222 ex-

1914 3249 2070 3296 actus
2106 3251 2191 3324 est
2215 3245 2506 3314 Epiphanii
2533 3262 2818 3316 numerus,
2859 3252 2949 3320 qui
2981 3253 3050 3307 47
3099 3269 3280 3311 annos
3311 3255 3498 3312 abillo

1910 3334 2128 3389 excidio
2161 3337 2392 3408 colligit.
2425 3339 2752 3412 Quanquam
2798 3359 2908 3398 non
2937 3341 3262 3416 Vespasiani
3299 3344 3372 3412 9,
3400 3350 3500 3404 sed

1911 3425 2044 3490 Titi,
2075 3439 2448 3500 expugnatam
2481 3433 2670 3488 urbem
2699 3434 3006 3501 existimat,
3044 3452 3075 3491 a
3117 3453 3226 3508 quo
3263 3439 3330 3492 ad
3361 3447 3497 3495 tom-

1911 3535 2016 3590 pus
2051 3520 2204 3584 illud,
2232 3537 2342 3593 quo
2371 3525 2616 3581 eamdem
2658 3526 2840 3584 denuo
2877 3528 3152 3585 Adrianus
3187 3533 3388 3597 erexit,
3413 3533 3503 3588 vel

1911 3610 1982 3665 ad
2010 3613 2188 3668 locum
2245 3615 2426 3685 ipsum
2460 3619 2733 3688 pervenit,
2778 3621 2925 3691 quod
2955 3621 3230 3677 decimum
3283 3635 3498 3680 sextum

1912 3705 2121 3775 aliquot
2151 3706 2314 3762 annis
2352 3710 2677 3766 antecedere
2715 3713 2916 3782 potuit,
2968 3715 3100 3770 anni
3149 3716 3275 3787 plus
3315 3717 3500 3771 minus

1913 3811 2059 3852 vau
2093 3799 2324 3870 reperiri
2358 3810 2612 3870 possunt.
3499 3866 3510 3882 ,

1986 3891 2102 3945 Ἦν
2131 3891 2508 3962 κατέστρεψε
2551 3895 2736 3962 Τίτος.
2779 3894 3026 3960 Falsum,
3071 3898 3342 3954 accidisse
3392 3899 3497 3956 sub

1911 3977 2037 4035 Tito
2075 3999 2088 4035 :
2124 3996 2247 4034 nam
2278 3981 2353 4046 id,
2374 3981 2714 4052 VeSpasiano
2745 3984 3072 4055 imperante,
3103 3988 3355 4060 contigit.

1980 4071 2092 4126 Καὶ
2124 4068 2264 4140 εὗρε
2294 4071 2409 4141 τὴν
2450 4073 2637 4128 πόλιν
2685 4073 2914 4129 πᾶσαν.
2949 4074 3204 4146 Plerique
3250 4085 3502 4132 veterum

1910 4162 2135 4218 Patrum
2177 4163 2560 4235 Hierosolyma
2605 4175 2809 4236 negant
2856 4165 3106 4222 funditus
3133 4182 3163 4221 a
3201 4166 3329 4223 Τιιο
3360 4169 3498 4224 sub-

1910 4272 2098 4324 versa;
2126 4257 2223 4314 sed
2247 4257 2482 4314 mediam
2507 4258 2661 4314 urbis
2679 4266 2886 4328 partem
2911 4258 3129 4314 excidio
3153 4259 3501 4331 superfuisse

1913 4348 2122 4415 dicunt,
2157 4365 2322 4419 quam
2366 4359 2556 4421 postea
2588 4351 2710 4407 solo
2753 4351 2992 4420 aequavit
3029 4349 3333 4407 Adrianus.
3368 4351 3500 4408 Ideo

1913 4441 2000 4497 bis
2029 4457 2281 4496 eversam
2312 4443 2461 4497 illam
2501 4451 2781 4499 asserunt.
2823 4445 2904 4500 ita
2939 4443 3212 4500 Eusebius
3247 4444 3343 4500 lib.
3395 4461 3499 4501 vnt

215 4537 526 4609 compressi
583 4553 647 4593 ac
684 4537 972 4608 perdomiti
1001 4545 1130 4593 sunt
1157 4535 1352 4592 Judaei.
1384 4537 1632 4593 Primum
1663 4551 1808 4593 anno
1839 4547 1884 4603 ι)
1916 4532 1995 4588 De
2021 4533 2337 4602 demanat,
2375 4550 2498 4606 cap.
2542 4535 2628 4601 18,
2666 4535 3059 4608 Hieronymus,
3107 4537 3330 4608 aliique,
3357 4553 3499 4608 quos

215 4629 442 4699 imperii
493 4629 736 4684 secundo
780 4629 1110 4683 rebellantes
1171 4629 1294 4684 illos
1341 4628 1573 4694 attrivit,
1637 4638 1697 4684 ut
1749 4630 1804 4684 in

215 4720 488 4777 Chronico
518 4719 710 4775 scribit
739 4719 1030 4775 Eusebius.
1066 4719 1487 4774 Alexandrinum
1508 4720 1807 4776 Chronicon

215 4813 333 4867 hoc
373 4811 440 4865 ad
471 4826 674 4866 annum
706 4826 764 4865 ut
796 4809 1002 4877 refert;
1033 4811 1293 4881 additque
1329 4819 1462 4866 tune
1504 4811 1806 4867 Adrianum

213 4903 660 4974 Hierosolymam
693 4903 933 4967 venisse,
963 4909 1017 4958 et
1046 4903 1224 4973 captis
1248 4900 1454 4960 Iudaeis
1477 4902 1544 4957 ad
1577 4903 1810 4959 terebin-

212 4995 380 5049 thum
407 4995 646 5060 venisse,
670 4995 855 5064 ibique
881 5001 1185 5049 mercatum
1219 4995 1436 5049 illorum
1465 4995 1806 5062 instituisse;

214 5095 506 5156 postremo
534 5087 800 5143 subverso
825 5087 1030 5156 templo
1051 5089 1242 5142 urbem
1273 5088 1636 5151 instaurasse,
1667 5102 1812 5142 eam.

219 5195 336 5249 que
362 5180 428 5235 de
462 5195 564 5233 suo
600 5179 823 5234 nomine
855 5178 1066 5234 Etiam
1097 5179 1422 5249 appellasse.
1448 5179 1580 5244 Quae
1611 5179 1808 5247 partim

223 5269 365 5325 falsa
413 5280 566 5336 sunt,
595 5273 797 5344 partim
845 5272 1026 5328 alieno
1072 5278 1320 5342 tempore
1351 5272 1552 5341 posita.
1591 5269 1808 5328 Falsum

218 5371 329 5429 eat,
365 5361 670 5417 Adrianum
707 5363 968 5433 templum
999 5360 1334 5424 Iudaeorum,
1358 5361 1503 5430 quod
1538 5374 1808 5431 nusquam

215 5461 342 5507 tum
383 5461 525 5519 erat,
553 5453 871 5509 demolitum
901 5468 1043 5510 esse.
1076 5451 1240 5508 Urbis
1269 5460 1448 5508 autem
1483 5452 1811 5508 instauratio

212 5541 318 5596 diu
353 5551 543 5613 postea
594 5541 842 5612 contigit.
884 5541 1066 5598 Prima
1107 5539 1419 5598 Iudaeorum
1472 5542 1658 5598 clades
1706 5542 1811 5597 sub

209 5635 493 5701 Adriano,
547 5636 771 5690 ineunte
820 5635 965 5690 illius
1010 5637 1241 5704 imperio
1288 5635 1506 5703 accidit,
1555 5644 1614 5689 ut
1663 5642 1809 5690 recte

214 5725 476 5796 Scaliger
523 5727 578 5780 in
628 5727 993 5780 Animadrera.
1033 5727 1100 5781 ad
1159 5741 1248 5781 an.
1303 5727 1448 5781 σιω
1515 5727 1804 5792 observat,

211 5817 448 5893 quando
501 5817 824 5872 seditionem
860 5817 1228 5882 concitarunt,
1259 5833 1380 5888 qua:
1421 5832 1522 5890 per
1552 5817 1804 5874 Martium

1909 4626 2046 4680 citat
2113 4641 2177 4680 ac
2207 4625 2412 4681 refellit
2453 4627 2698 4699 Scaliger
2739 4628 2804 4683 ad
2838 4645 3042 4683 annum
3080 4630 3303 4685 Eusebii
3334 4631 3497 4686 2140.

1912 4715 2064 4771 lianc
2089 4732 2221 4772 vero
2251 4717 2552 4772 secundam
2588 4719 2742 4773 urbis
2788 4719 3158 4774 calamitatem
3196 4721 3360 4776 iidem
3418 4721 3498 4776 illi

1911 4817 2036 4879 post
2062 4807 2352 4864 Iudaicam
2392 4810 2540 4865 illam
2581 4811 2906 4876 seditionem
2933 4825 2963 4863 a
3005 4810 3256 4866 Cocheba
3288 4809 3498 4865 conlla-

1910 4909 2044 4967 tam,
2075 4902 2442 4972 eumdemque
2481 4911 2737 4958 necatum
2777 4901 3041 4957 incidisse
3067 4914 3393 4965 memorant,
3430 4916 3497 4956 ae

1911 5004 2026 5049 tum
2061 4993 2279 5048 demum
2306 5008 2498 5049 eversa
2555 4993 2778 5064 penitus
2823 4993 2980 5057 urbe,
3027 4991 3230 5048 Alliam
3268 5009 3336 5050 ex
3371 4994 3498 5066 ejus

1910 5088 2091 5142 ruinis
2115 5087 2429 5142 excitatam.

1982 5178 2094 5250 Ego
2135 5194 2265 5234 vero
2310 5177 2470 5234 Dioni
2519 5194 2752 5250 prorsus
2807 5178 3106 5245 assentior,
3152 5181 3245 5250 qui
3290 5177 3493 5234 Eliam

1912 5279 2040 5328 ante
2070 5270 2361 5327 Iudaicum
2395 5267 2552 5326 illum
2594 5278 2802 5327 motum
2837 5271 2907 5327 ab
2947 5271 3190 5326 Adriano
3218 5272 3494 5330 conditam

1912 5363 2144 5420 atiirmat
2171 5382 2184 5419 :
2219 5364 2382 5433 cujus
2407 5365 2575 5418 etiam
2607 5363 2902 5418 occasione
2945 5363 3244 5419 rebellasse
3275 5361 3497 5418 Iudaeos

1911 5452 2103 5520 refert,
2133 5469 2259 5508 cum
2286 5453 2341 5507 in
2373 5468 2437 5508 ea
2468 5451 2622 5508 Iovis
2647 5452 2942 5522 Capitolini
2978 5453 3237 5524 templum
3273 5461 3496 5511 exstru-

1911 5545 2104 5602 xissct.
2139 5543 2251 5601 Nec
2287 5543 2418 5599 illud
2446 5543 2755 5614 approbare
2788 5559 3038 5614 possum,
3067 5542 3302 5598 medi-am
3337 5543 3496 5599 urbis

1910 5644 2122 5706 partem
2162 5635 2334 5705 priori
2370 5633 2446 5688 illi
2475 5633 2617 5688 cladi
2651 5634 3002 5704 superstitem
3034 5631 3224 5686 fuisse.
3258 5629 3378 5687 Non
3411 5640 3495 5686 ta-

1913 5742 2035 5782 men
2069 5724 2381 5795 negandum
2431 5731 2536 5788 est,
2574 5723 2706 5793 quin
2739 5735 2922 5792 parvae
2951 5720 3201 5791 quaedam
3244 5721 3494 5792 reliquit!)

1913 5820 1980 5875 ad
2026 5816 2253 5873 Adriani
2309 5826 2558 5884 tempora
2610 5813 3003 5885 perstiterint:
3058 5813 3208 5882 quod
3261 5814 3494 5870 nimium
