3920 6414
455 364 553 420 55!

1692 356 2035 415 APPENDIX
2075 351 2704 413 DISSERTATIONUM.

3578 335 3668 391 552

444 489 742 556 praefracte
771 488 902 543 facit
936 486 1204 556 Scaliger.
1241 484 1343 551 Qui
1370 492 1424 540 et
1456 483 1822 555 Epiphanium
1853 484 2037 540 redar-
2066 488 2110 544 Α
2133 496 2213 534 vu
2264 494 2580 549 synagoga';
2628 476 2718 528 ubi
2763 473 3081 529 Iudaeorum
3134 473 3357 541 populus
3408 475 3679 528 conveniens

452 580 588 649 guit,
617 577 762 647 quod
787 576 1016 631 a‘dilicia
1052 576 1285 645 aliquot,
1313 584 1368 630 et
1410 590 1714 647 synagogas
1742 592 1866 630 cum
1891 574 2044 630 Chri-

451 673 758 727 stianorqu
788 668 1011 738 templis
1033 668 1305 722 restitisse
1333 667 1504 720 dicat.
1526 665 1660 720 Nam
1685 667 1816 721 illud
1836 667 2041 721 Christi

450 761 667 816 Domini
717 760 1043 814 vaticinium
1100 760 1373 829 opponit:
1420 758 1545 812 Non
1603 758 1832 812 manebit
1902 759 2041 827 lapis

449 870 608 924 super
663 852 889 919 lapidem
922 848 1141 922 (Matth.
1193 866 1341 914 xxrv,
1387 850 1464 919 2).
1518 848 1720 904 Verum
1762 849 2039 919 Josepbus

452 945 570 1014 ipse
624 944 718 998 lib.
764 958 859 1008 vn,
889 956 1010 1011 cap.
1055 941 1141 1002 18.
1189 948 1370 995 turres
1419 956 1447 992 a
1484 938 1615 994 .Tito
1665 950 1774 996 tres
1819 941 2040 995 relictas

453 1052 578 1089 cum
614 1033 943 1088 occidentali
978 1034 1119 1086 muri
1154 1039 1310 1102 parte
1339 1031 1553 1095 scribit,
1586 1039 1645 1085 ut
1677 1047 1741 1086 ea
1775 1032 1921 1085 velut
1944 1046 2040 1084 ca-

455 1138 566 1180 stra
598 1125 951 1195 prmsidiariis
976 1133 1179 1179 essent.
1211 1121 1365 1178 Unde
1391 1137 1499 1176 non
1530 1130 1639 1175 tam
1672 1123 1845 1192 rigide
1874 1123 2038 1176 verba

455 1220 545 1271 illa
576 1217 779 1272 Christi
836 1215 1158 1285 accipienda
1216 1214 1495 1279 videntur,
1537 1214 1690 1268 nulla
1732 1220 1814 1278 ut,
1870 1213 2037 1267 etiam

452 1309 669 1376 exigua,
706 1321 831 1375 pars
888 1304 1044 1359 urbis
1094 1303 1445 1367 remanserit,
1491 1302 1587 1357 sed
1629 1309 1690 1356 ut
1730 1301 1925 1371 majori
1971 1316 2038 1356 ex

453 1406 609 1467 parte
639 1398 758 1450 solo
787 1402 1002 1465 tequata
1059 1404 1115 1450 et
1148 1393 1493 1463 complanata
1529 1390 1716 1455 fuerit,
1754 1399 1851 1445 aut
1888 1391 2038 1444 illius

453 1501 602 1545 certe
632 1488 934 1559 prophetiae
950 1487 1131 1541 exitus
1151 1486 1376 1539 Adriani
1396 1495 1868 1554 quoquetempora
1886 1496 2038 1537 como

453 1582 733 1651 plectitur.
770 1579 1134 1645 Quamobrem
1178 1578 1445 1647 paulatim
1481 1575 1706 1638 accidit,
1740 1584 1801 1627 ut
1836 1574 2034 1643 partim

453 1672 654 1733 Judaei,
692 1671 892 1741 partim
920 1668 1224 1723 Christiani
1261 1667 1377 1722 sive
1402 1667 1457 1719 in
1490 1664 1786 1736 superstite
1816 1664 1910 1719 illa
1939 1680 2035 1717 ur-

455 1764 547 1820 bis
579 1771 751 1832 ρει-ιθ,
804 1762 922 1817 sive
977 1761 1030 1814 in
1064 1759 1375 1830 propinquo
1405 1758 1588 1826 aliquo
1612 1758 1736 1811 loco
1758 1755 2034 1810 domicilia

2147 570 2304 638 legem
2328 583 2422 637 per
2445 566 2662 636 Moysen
2688 565 2872 617 datam
2899 561 3103 616 discere
3128 564 3399 630 potuisset.

2228 656 2572 722 Ἀντωνῖνος
2602 658 2635 709 ὁ
2662 652 3012 721 ἐπικληθεὶς
3049 654 3214 717 Πίος.
3247 651 3506 707 Eusebius
3536 666 3685 709 annos

2143 750 2380 819 imputat
2429 764 2564 808 χιιι,
2619 760 2838 801 menses
2870 760 2981 811 2m;
3031 742 3221 798 Victor
3271 759 3440 809 ιιιιι,
3488 744 3685 798 totidem

2141 841 2461 911 Eutropius,
2498 837 2870 893 Cassiodorus
2902 853 3028 902 χιι,
3062 834 3326 891 Onufrius
3366 850 3519 898 mu,
3556 852 3689 889 men-

2141 949 2230 988 ses
2263 946 2375 992 vn,
2413 931 2531 986 dies
2564 946 2713 984 xxvr.
2762 927 2902 982 Vixit
2954 936 3136 983 autem
3179 928 3245 983 ad
3303 943 3501 982 annum
3548 926 3691 983 Urbis

2140 1022 2267 1086 9H,
2302 1020 2373 1075 Μ.
2405 1020 2630 1076 Aurelio
2672 1018 2816 1075 Vero
2848 1035 2929 1085 ιιι,
2968 1017 3031 1071 L.
3060 1016 3206 1073 Vero
3250 1033 3290 1073 ιι
3337 1033 3505 1082 ωδε..
3544 1030 3592 1073 ιιι
3636 1034 3689 1075 et

2140 1113 2599 1183 inscriptionibus
2651 1126 2715 1165 ac
2750 1108 2992 1164 nummis
3031 1109 3305 1164 veteribus
3339 1109 3537 1178 colligit
3562 1106 3693 1162 Onu-

2139 1204 2300 1262 frius.
2338 1205 2435 1260 llic
2463 1214 2547 1259 est
2581 1218 2756 1257 annus
2780 1202 2988 1257 Christi
3016 1202 3132 1265 161,
3161 1216 3271 1272 quo
3298 1201 3511 1270 quidem
3542 1199 3692 1254 Nonis

2142 1296 2375 1359 Martiis,
2413 1306 2472 1350 ut
2518 1293 2659 1348 idem
2696 1291 2913 1362 probat,
2950 1291 3263 1344 Antoninus
3301 1288 3433 1343 Pius
3461 1287 3693 1341 excessit.

2142 1387 2200 1442 Si
2240 1388 2406 1458 igitur
2440 1386 2656 1440 initium
2691 1384 2954 1438 Antonini
2992 1383 3061 1437 ab
3113 1398 3256 1436 anno
3292 1379 3414 1445 158,
3451 1381 3524 1433 uti
3557 1380 3697 1448 vulgo

2142 1480 2232 1545 ﬁt;
2275 1480 2491 1535 decimo
2531 1493 2663 1533 vero
2692 1476 2822 1531 Julii
2870 1475 3167 1530 deduxeris
3207 1475 3271 1528 ad
3308 1487 3507 1527 annum
3553 1486 3695 1539 quem

2139 1572 2379 1625 diximus
2432 1570 2553 1633 l6l,
2606 1568 2786 1621 Martii
2822 1582 2938 1631 vn;
2974 1567 3101 1620 anni
3149 1574 3280 1621 sunt
3309 1564 3540 1619 absoluti
3580 1576 3697 1627 un,

2141 1678 2361 1719 menses
2386 1679 2489 1724 vii,
2516 1661 2635 1716 dies
2655 1660 2872 1715 circiter
2902 1674 3094 1713 xxvm.
3128 1658 3419 1713 Verumex
3452 1654 3699 1708 Ptolemi

2139 1753 2625 1810 observationibus
2673 1751 2988 1806 necessario
3041 1749 3322 1815 fatendum
3356 1755 3462 1811 est,
3493 1744 3699 1800 Antoni-

457 1855 801 1909 collocarint.
839 1852 972 1919 Quae
999 1850 1183 1905 omnia
1217 1866 1324 1903 una
1374 1864 1500 1902 cum
1532 1847 1813 1902 veteribus
1847 1845 2040 1900 lliero-
2074 1850 2114 1904 Β
2146 1862 2275 1900 num
2324 1844 2560 1913 cmpisse
2604 1843 2813 1899 Christi
2856 1857 3003 1895 anno
3038 1842 3158 1895 I37.
3213 1839 3270 1893 Si
3304 1839 3523 1908 quidem
3577 1851 3699 1890 anno

456 1946 793 2016 solymorum
850 1940 1100 2011 reliquiis
1151 1938 1430 1992 Adrianus
1474 1935 1768 1990 demolitus
1818 1942 1926 1996 est,
1977 1949 2040 1988 ac

458 2049 657 2090 novam
696 2049 726 2086 a
759 2031 1129 2087 fundamentis
1158 2029 1344 2082 urbem
1372 2026 1647 2083 exstruxit
1676 2044 1687 2079 :
1718 2042 1826 2079 non
1858 2033 2041 2079 tamen

457 2127 653 2181 iisdem
691 2125 743 2178 in
780 2123 1046 2193 vestigiis,
1092 2122 1296 2192 quibus
1326 2120 1479 2190 prior
1529 2119 1870 2181 constiterat,
1922 2117 2039 2181 sed,

458 2227 519 2271 ut
550 2220 604 2272 in
634 2217 854 2272 urbium
903 2215 1311 2270 instauratione
1344 2212 1547 2282 saepius
1589 2210 1864 2272 usuvenit,
1897 2209 2041 2262 baud

459 2311 712 2381 procula
770 2308 935 2363 veteri
987 2306 1136 2362 sede.
1173 2305 1313 2359 lline
1364 2310 1449 2359 est
1498 2301 1646 2372 quod
1697 2300 1941 2355 llilarius
1988 2300 2041 2351 in

454 2403 593 2470 psal.
628 2417 790 2456 cxxxt
827 2412 880 2455 et
931 2416 1129 2465 cum,
1174 2396 1515 2451 Athanasius
1565 2395 1661 2449 lib.
1706 2392 1778 2447 De
1828 2394 2037 2447 incarn.

469 2496 642 2559 Verbi,
672 2502 726 2549 et
766 2495 858 2547 alii
890 2492 1113 2562 quidam
1148 2493 1303 2544 aiunt
1349 2488 1726 2558 Hierosolyma
1759 2501 1860 2540 suo
1907 2494 2042 2539 teni-

458 2602 591 2657 pore
638 2602 744 2639 non
781 2587 1063 2640 exstitisse
1096 2602 1110 2637 :
1144 2598 1273 2636 nam
1324 2581 1471 2651 quod
1520 2595 1630 2633 non
1669 2578 1861 2632 eodem
1899 2577 2041 2638 loco,

461 2680 550 2732 ubi
586 2679 739 2748 prior
777 2678 881 2731 sita
921 2676 1120 2735 fuerat,
1156 2689 1297 2728 nova
1345 2680 1490 2728 esset
1519 2673 1587 2726 ab
1619 2669 1861 2723 Adriano
1909 2683 2043 2722 con-

459 2770 606 2833 dita;
653 2775 921 2836 negarunt
955 2765 1078 2819 ideo
1115 2764 1495 2834 Hierosolyma
1535 2776 1849 2830 superesse.
1891 2759 2046 2813 llila-

461 2862 529 2916 rii
577 2862 742 2915 verba
796 2860 1090 2929 diligenter
1141 2856 1471 2927 attendenda
1524 2861 1704 2910 sunt:
1746 2851 1851 2908 Sed
1895 2852 2047 2906 Itodie

457 2950 697 3004 canitiem
736 2965 847 3003 esse
906 2965 1080 3003 rerum
1114 2947 1245 3017 ﬁdes
1280 2946 1477 2999 edocet.
1532 2941 1811 3005 Eamdcm,
1848 2941 2046 3011 inquit,

460 3040 667 3094 nullam
707 3054 852 3105 esse,
890 3037 1036 3107 quod
1087 3052 1117 3089 a
1157 3035 1329 3090 veteri
1390 3033 1520 3089 sede
1567 3040 1715 3087 esset
1763 3031 2047 3100 aliquanto

458 3133 681 3187 dissita.
711 3130 882 3185 Favet
935 3130 1065 3185 huic
1101 3127 1543 3198 interpretationi
1584 3124 1886 3195 Gregorius
1937 3123 2048 3176 Mu-

459 3241 600 3295 gnus
639 3224 866 3277 bomilia
901 3221 987 3289 39,
1025 3222 1118 3277 ubi
1145 3221 1260 3275 haec
1293 3219 1481 3275 eadem
1514 3217 1728 3271 Domini
1768 3217 1932 3270 verba
1967 3216 2049 3270 sic

457 3317 716 3386 exponit:
755 3315 867 3368 Iloc
892 3330 1093 3384 quoque
1111 3312 1249 3379 quod
1276 3311 1532 3365 additur:
1557 3328 1574 3361 ι
1607 3308 1731 3363 Non
1756 3309 2047 3379 relinquent

461 3411 513 3462 in
554 3420 600 3462 te
632 3409 863 3477 lapidem
918 3423 1075 3475 super
1117 3405 1369 3474 lapidem,
1412 3424 1431 3455 ι
1468 3405 1633 3457 etiam
1679 3403 1791 3469 ipsa
1817 3401 2048 3453 civitatis

459 3501 698 3571 ejusdem
725 3499 1129 3569 transmigratio
1165 3506 1412 3550 testatur.
1440 3495 1581 3560 Quia
1608 3494 1731 3545 dum
1764 3493 1817 3544 in
1847 3508 1905 3544 eo
1936 3492 2049 3544 loco

463 3609 601 3645 nunc
624 3601 935 3645 constructa
954 3601 1055 3653 est,
1074 3589 1161 3642 ubi
1186 3599 1336 3642 extra
1359 3596 1571 3655 portam
1597 3585 1851 3638 Dominus
1874 3584 2051 3652 fuerat

462 3684 777 3752 cruci/imus,
802 3683 950 3752 prior
978 3681 1075 3735 illa
1100 3680 1456 3743 Hierusalem,
1486 3686 1540 3730 ut
1564 3676 1780 3740 dicitur,
1809 3676 2050 3744 funditus

462 3784 539 3829 est
572 3789 773 3835 eversa.

534 3906 645 3962 Kal
682 3902 885 3959 λαϐὼν
926 3900 1034 3955 τὸν
1085 3898 1342 3953 Ἀκύλαν
1392 3896 1627 3951 τοῦτον.
1684 3893 1811 3950 ιιιΡο
1860 3894 2047 3950 omnia

467 3999 817 4057 fabulosa,et
858 3992 928 4047 ab
968 3992 1163 4046 otiosis
1210 3988 1414 4043 Judaeis
1471 3988 1707 4041 conficta
1767 3986 2043 4041 videnlur.

468 4090 699 4146 Maxime
721 4087 867 4158 quod
888 4085 1136 4155 Aquilam
1162 4084 1240 4136 ait
1262 4081 1485 4135 Adriani
1507 4078 1831 4151 πενθερίδην
1858 4078 2047 4133 fuisse.

465 4187 601 4253 Quae
640 4198 743 4237 vox
780 4194 905 4235 cum
936 4178 1064 4231 alibi
1093 4191 1122 4228 a
1158 4190 1245 4230 me
1282 4175 1419 4227 lecta
1449 4188 1557 4226 non
1595 4171 1780 4234 fuerit,
1812 4170 1895 4223 vel
1924 4187 2052 4222 πεν-

465 4279 624 4351 θερόν
650 4273 945 4347 signiﬁcat,
979 4270 1065 4325 vel
1096 4267 1363 4337 πενθεροῦ
1399 4266 1596 4329 ﬁlium,
1637 4264 1848 4318 aﬁlnem
1880 4272 2047 4319 certe.

467 4375 576 4429 Nos
609 4387 851 4427 socerum
880 4365 1247 4426 reddidimus,
1279 4362 1437 4433 quasi
1466 4360 1726 4432 πενθερόν
1757 4359 2048 4428 legeretur.

464 4465 745 4536 quomodo
793 4459 1150 4515 Alexandrini
1187 4457 1436 4512 Chronici
1468 4454 1795 4524 scriptorem
1848 4452 1938 4505 hic
1970 4451 2051 4503 le-

466 4559 616 4630 gisse
646 4555 920 4624 suspicor.
947 4550 1082 4604 Nam
1113 4563 1235 4618 pag.
1258 4548 1384 4611 598,
1413 4562 1476 4600 ex
1494 4547 1595 4599 hoc
1614 4542 1899 4613 Epiphanii
1930 4542 2050 4596 loco

466 4648 756 4704 historiam
792 4643 1002 4713 Aquilre
1046 4640 1291 4710 pontiﬁci
1328 4638 1610 4698 referens,
1660 4634 1909 4698 Ἀκύλας,
1970 4635 2054 4687 in-

466 4742 607 4813 quit,
641 4736 990 4808 ὲγνωρίζετο,
1022 4734 1081 4798 ὃς
1114 4729 1182 4805 ἦν
1225 4729 1486 4799 πενθερὸς
1520 4725 1802 4799 Ἀδριανοῦ
1828 4726 1922 4779 τοῦ
1960 4725 2055 4795 βα-

470 4828 682 4892 σιλέως.
745 4826 821 4881 De
866 4825 1060 4895 Aquila
1108 4822 1313 4893 passim
1352 4819 1603 4873 meminit
1656 4817 2051 4887 Hieronymus,

466 4921 772 4993 praesertim
813 4918 1064 4972 adversus
1113 4914 1291 4984 Ruﬁn.
1342 4911 1482 4981 apol.
1523 4911 1577 4974 9.,
1606 4917 1658 4965 ct
1705 4910 1832 4964 alibi
1874 4924 2055 4977 prose-

469 5016 636 5085 lytum
687 5013 1108 5075 contentiosum,
1172 5018 1330 5077 atque
1376 5003 1721 5075 etymologias
1781 5002 2053 5055 nominum

467 5115 889 5176 persequentem,
925 5104 1060 5156 alias
1107 5100 1445 5170 diligentem,
1482 5105 1529 5149 et
1576 5096 1842 5148 curiosum
1891 5095 2056 5146 inter-

468 5207 665 5268 pretem
686 5203 863 5249 vocat.
888 5192 950 5245 Et
972 5194 1026 5246 in
1054 5207 1174 5260 cap.
1204 5205 1297 5242 vm
1347 5188 1500 5241 Isaia:
1530 5185 1915 5267 nonnullorum
1938 5183 2056 5250 opi-

471 5290 635 5345 nione
685 5284 1018 5355 discipulum
1069 5283 1218 5335 hunc
1250 5281 1434 5333 Akilne
1483 5278 1653 5331 fuisse
1687 5276 1900 5336 scribit,
1945 5289 2053 5327 non

468 5391 651 5437 tamen
684 5377 885 5431 Christi
916 5384 1161 5444 tempora
1200 5372 1565 5426 antecessisse
1588 5366 1878 5435 signiﬁcat,
1906 5365 2053 5435 quod

466 5477 535 5526 ex
562 5466 873 5535 Hieronymi
901 5465 1023 5517 loco
1056 5462 1154 5515 illo
1181 5461 1403 5531 quidam
1438 5467 1771 5514 asseverant.

540 5582 647 5639 Kal
678 5582 829 5636 ἑπτὰ
860 5576 1226 5646 συναγωγαί.
1258 5573 1335 5627 De
1368 5573 1435 5628 iis
1466 5571 1615 5641 loqui
1647 5571 1755 5624 vidi
1775 5578 1863 5622 tur
1883 5551 2053 5638 Opta-

481 5683 562 5732 tus
601 5671 820 5727 Milevit.
858 5670 955 5725 lib.
1001 5683 1085 5735 ιιι,
1120 5668 1211 5721 ubi
1239 5666 1305 5719 de
1342 5666 1472 5717 Sion
1519 5678 1724 5733 agens:
1779 5659 1843 5713 1η
1879 5660 2052 5728 cujus,

470 5764 674 5834 inquit,
707 5762 890 5815 uertice
919 5770 993 5814 est
1022 5776 1125 5813 non
1152 5774 1342 5827 magna
1387 5756 1675 5824 planities;
1710 5753 1799 5805 ubi
1842 5753 2054 5820 fuerunt

2145 1937 2352 1993 Christi
2414 1937 2541 1996 158.
2582 1935 2868 1991 Decembr.
2928 1950 3055 1995 xvi,
3106 1932 3373 1987 Antonini
3429 1926 3699 1986 secundum

2146 2037 2421 2089 numerat.
2454 2028 2819 2096 eumdemque
2870 2024 2937 2078 ad
2979 2023 3102 2077 Maii
3140 2038 3270 2086 xvu,
3307 2022 3436 2074 anni
3473 2014 3565 2074 l39
3597 2031 3701 2085 per-

2146 2122 2342 2176 texuit.
2369 2122 2437 2175 At
2466 2116 2775 2189 Septembr.
2805 2131 2932 2170 xxxi
2967 2114 3098 2168 anni
3122 2113 3225 2168 159
3245 2126 3452 2166 annum
3483 2110 3703 2161 numerat

2146 2210 2407 2264 Antonini
2448 2208 2711 2263 tertium.
2769 2204 2910 2259 Fieri
2967 2204 3151 2271 itaque
3198 2217 3311 2255 non
3366 2206 3564 2271 potest,
3593 2194 3701 2264 quin

2148 2317 2327 2356 annus
2362 2300 2573 2371 primus
2602 2297 2807 2352 Christi
2847 2297 2943 2349 157
2986 2293 3238 2364 cmperit,
3272 2300 3468 2347 contra
3498 2290 3703 2343 chrono-

2148 2394 2400 2464 logorum
2439 2390 2684 2448 omnium
2736 2388 2917 2443 ﬁdem.
2962 2386 3330 2441 Consentiunt
3380 2390 3434 2437 et
3474 2381 3705 2435 observa-

2149 2488 2328 2539 tioir's
2363 2492 2596 2549 aeterm,
2636 2480 2840 2551 quibus
2879 2476 3103 2532 Adriani
3142 2471 3629 2543 annosapposuit,
3658 2474 3703 2518 ut

2147 2579 2216 2633 de
2248 2578 2602 2633 librariorum
2651 2572 2833 2641 culpa,
2867 2570 2952 2624 vel
3010 2566 3286 2622 Ptolemaei
3347 2566 3518 2635 ipsius
3560 2561 3707 2615 hallu-

2146 2671 2429 2727 cinatione
2459 2669 2611 2737 justa
2647 2664 2852 2719 nemini
2892 2662 3067 2732 possit
3107 2675 3227 2716 esse
3260 2655 3523 2727 suspicio.
3558 2654 3703 2720 Quem

2150 2780 2260 2819 non
2295 2768 2514 2817 moveat
2546 2759 2683 2812 tanti
2709 2757 2833 2820 viri,
2862 2768 2925 2808 ac
2956 2762 3064 2807 tam
3096 2751 3424 2806 excellentis
3452 2746 3705 2816 scriptoris

2150 2854 2473 2917 auctoritas,
2510 2850 2601 2920 qui
2631 2863 2754 2902 cum
2799 2846 2903 2901 ista
2931 2844 3211 2913 proderet,
3244 2850 3453 2911 quotus
3487 2835 3707 2895 Adriani.

2150 2947 2234 3002 vel
2260 2945 2523 3001 Antonini
2562 2954 2705 2997 esset
2747 2954 2927 2993 annus
2956 2938 3213 3006 ignorare
3247 2934 3479 2988 minime
3520 2931 3701 3001 potuit:

2150 3038 2455 3108 praesertim
2491 3034 2697 3091 recenti
2732 3032 2913 3085 adhuc
2946 3030 3093 3083 illius
3144 3026 3328 3088 obitu,
3365 3024 3525 3094 hujus
3553 3030 3705 3074 autem

2154 3107 2346 3192 initio,
2386 3127 2645 3182 nimirum
2702 3138 2848 3178 anno
2894 3120 3015 3183 158,
3066 3132 3226 3187 quem
3260 3116 3430 3187 vulgo
3479 3107 3707 3167 Antonini

2153 3224 2379 3278 exordio
2420 3218 2728 3290 prtuliniunt
2757 3259 2772 3280 ,
2823 3229 2934 3286 quo
2966 3214 3225 3285 quidem,
3280 3209 3565 3266 Decembr.
3610 3218 3706 3265 XVI,

2154 3314 2486 3369 Ptolemaeus
2525 3310 2788 3365 Antonini
2820 3309 3465 3375 secundumconiputat.
3502 3300 3573 3354 Ita
3603 3293 3708 3349 Pius

2155 3422 2330 3461 annos
2387 3407 2677 3475 imperavit
2734 3419 2873 3455 χχιιι
2901 3442 2915 3465 ,
2970 3414 3187 3456 menses
3228 3413 3343 3460 vit,
3381 3396 3497 3450 dies
3544 3402 3705 3445 m'tll.

2153 3499 2312 3566 Quod
2340 3499 2577 3555 fortasse
2606 3512 2794 3551 verum
2828 3504 2911 3550 est
2941 3514 2952 3550 :
2993 3510 3117 3548 nam
3141 3501 3194 3548 et
3225 3491 3543 3562 Xiphilinus
3564 3495 3710 3540 annos

2156 3596 2408 3665 assignat
2438 3609 2586 3649 xxiv.
2642 3590 2816 3646 Natus
2847 3598 2932 3645 est
2979 3587 3290 3642 Antoninus
3315 3627 3333 3654 ,
3365 3592 3427 3639 ut
3468 3583 3541 3637 ait
3576 3574 3708 3645 Capi-

2156 3688 2384 3751 tolinus,
2413 3685 2721 3738 Domitiano
2771 3698 2850 3737 .\'|l
2888 3689 2943 3735 et
2979 3678 3255 3733 Dolabella
3286 3691 3465 3740 coss.,
3492 3687 3580 3727 xui
3610 3666 3705 3721 Kal.

2154 3781 2279 3836 Oct.
2311 3803 2323 3836 :
2357 3796 2536 3834 annus
2572 3778 2663 3832 hic
2711 3788 2796 3831 est
2828 3774 3033 3830 Christi
3067 3772 3158 3827 86.
3206 3771 3315 3826 Sed
3359 3777 3608 3841 quotnam
3641 3761 3707 3812 vi-

2154 3874 2317 3936 xerit,
2349 3872 2578 3927 dubium
2630 3869 2759 3922 facit
2804 3867 3139 3937 scriptoran
3185 3862 3481 3919 dissensio.
3516 3855 3709 3926 Capito-

2156 3966 2302 4019 linus
2339 3964 2426 4026 70,
2471 3961 2659 4016 Victor
2688 3961 2776 4023 72,
2810 3976 2920 4014 uno
2954 3958 3191 4028 amplius
3233 3954 3536 4024 Eutropius
3578 3945 3711 4000 attri-

2155 4058 2333 4110 buunt
2379 4053 2798 4109 :Cassiodorus
2848 4051 2934 4105 7'7.
2970 4050 3051 4105 Ab
3108 4062 3255 4102 anno
3303 4044 3508 4101 Chrisﬁ
3553 4037 3615 4093 86
3659 4048 3709 4087 ac

2155 4159 2251 4196 xm
2308 4142 2427 4196 Kal.
2459 4144 2582 4197 Oct.
2616 4142 2683 4196 ad
2735 4139 2878 4195 Non.
2915 4138 3093 4192 Martii
3141 4136 3273 4191 anni
3315 4135 3454 4197 161,
3505 4132 3709 4185 interer—

2155 4234 2293 4288 dunt
2327 4233 2456 4287 anni
2486 4249 2674 4297 Lxxiv,
2698 4246 2919 4287 menses
2946 4248 2998 4295 v,
3024 4230 3142 4284 dies
3176 4244 3287 4282 xix.
3330 4224 3573 4279 Totidem
3599 4215 3709 4271 vixit

2154 4328 2472 4382 Antoninus
2522 4326 2677 4391 Pius,
2714 4326 2783 4391 si,
2838 4332 2901 4379 ut
2930 4322 3169 4385 videtur,
3207 4336 3357 4376 anno
3398 4313 3593 4372 Christi
3626 4308 3701 4362 lGl

2155 4420 2480 4475 decesserit.
2521 4417 2579 4473 Si
2613 4433 2738 4473 cum
2786 4418 2921 4472 solis
2950 4414 3211 4469 Antonini
3259 4412 3426 4466 annis
3465 4403 3707 4475 negotium

2090 4531 2129 4583 ῃ
2159 4515 2316 4569 nobis
2357 4519 2542 4575 esset,
2582 4510 2871 4565 conciliari
2912 4516 3195 4576 utcunque
3230 4501 3506 4558 Ptolemaei
3549 4498 3708 4550 obser-

2154 4608 2405 4660 vationes
2433 4619 2557 4658 cum
2593 4600 2873 4657 communi
2903 4599 3163 4669 opinione
3193 4600 3443 4665 possent,
3475 4598 3530 4645 ut
3562 4597 3705 4640 anno-

2155 4710 2279 4748 rum
2314 4693 2531 4747 initium
2566 4692 2636 4746 ab
2680 4688 3041 4745 antecedente
3089 4683 3409 4745 neomeuia,
3451 4676 3616 4733 Thotli
3642 4686 3707 4723 re-

2157 4787 2263 4855 peti
2292 4787 2360 4839 ab
2391 4786 2484 4839 illo
2514 4784 2848 4839 diceremus.
2867 4776 3341 4846 Quemadmodum
3363 4772 3506 4829 enim
3528 4760 3705 4821 llebra‘i

2159 4880 2211 4932 in
2252 4878 2512 4932 Tractatu
2566 4876 2668 4931 Ros
2703 4878 2939 4929 hassana
2970 4873 3194 4936 docent,
3231 4884 3359 4925 cum
3397 4883 3491 4921 rex
3540 4856 3707 4928 aliquis

2158 4977 2441 5038 postremo
2492 4982 2699 5032 mense,
2733 4965 2981 5034 adeoque
3025 4962 3219 5015 ultimo
3256 4958 3343 5013 die
3386 4956 3530 5010 Adar
3563 4952 3708 5018 impc-

2157 5062 2301 5114 rium
2328 5060 2592 5129 capessit,
2642 5058 2698 5112 in
2729 5056 3011 5111 neomenia
3040 5054 3210 5109 Nisan
3241 5049 3518 5120 sequentis
3542 5043 3706 5100 secum-

2157 5154 2286 5207 dum
2318 5152 2440 5220 ejus
2473 5151 2689 5221 imperii
2722 5164 2927 5203 annum
2964 5148 3141 5218 putari
3170 5165 3185 5211 ;
3224 5160 3333 5214 quo
3371 5143 3483 5196 haec
3519 5138 3702 5191 illorum

2158 5219 2431 5301 sententia
2490 5219 2759 5314 pertinet,
2812 5256 2976 5311 quam
3028 5241 3199 5293 refert
3246 5236 3396 5289 Abcn
3448 5231 3605 5285 llezra
3650 5219 3703 5274 ad

2157 5345 2278 5407 cap.
2315 5340 2335 5391 1
2371 5336 2508 5389 Dan.
2540 5344 2658 5393 Περτζ]
2684 5343 2835 5394 ῃπιτι
2859 5338 3016 5391 n32]:
3036 5341 3150 5390 ’τῆς
3179 5337 3265 5388 εν
3301 5327 3424 5379 Dies
3457 5337 3546 5392 pro
3590 5328 3704 5407 attito

2158 5437 2541 5497 computatur;
2575 5427 2836 5497 quoniam
2870 5424 2938 5476 ab
2986 5422 3341 5476 antecedente
3393 5416 3552 5469 Nisan
3597 5403 3702 5460 anni

2158 5524 2463 5594 superioris
2506 5520 2794 5576 exordium
2848 5518 3160 5573 deducitur.
3222 5513 3293 5567 Ita
3339 5526 3449 5565 non
3498 5497 3701 5557 absurde

2160 5616 2411 5670 fortassis
2460 5612 2770 5668 existimari
2822 5619 3058 5681 posset;
3092 5608 3435 5660 Ptolenneum
3494 5603 3696 5681 annth

2158 5705 2391 5773 exempli
2425 5716 2622 5765 causa,
2676 5700 2979 5755 secundum
3014 5695 3295 5759 Antonini,
3345 5692 3573 5755 adeoque
3606 5676 3699 5748 P'i'

2159 5811 2328 5859 m'lme
2365 5810 2393 5848 a
2424 5793 2713 5848 neomenia
2754 5791 2968 5849 Tboth,
3004 5802 3121 5856 qum
3152 5785 3411 5857 epucham
3456 5779 3589 5833 illius
3616 5782 3696 5821 ειη·
