3920 6412
297 368 399 425 εεςδ

1254 360 1341 415 DE
1372 358 1818 416 ROMANORUM
1860 359 2042 415 lMPP.
2084 360 2596 419 CllRONOLOGlA.

3452 375 3567 429 554

215 461 225 473 ⁸
294 487 627 561 regreditur,
663 484 973 540 inchoasse.
1014 481 1190 539 Orsus
1232 491 1323 538 est
1385 484 1699 539 Antoninus
1738 498 1766 537 a
1820 499 1873 537 v1
1905 491 1951 546 Α
1981 484 2074 555 qui
2103 484 2305 540 biennii
2341 487 2730 558 προχρονισμῷ
2764 501 3014 558 peccant,
3046 493 3143 547 Ml
3179 494 3380 551 Christi
3414 511 3571 552 com-

292 581 369 637 Id.
398 578 537 644 Jul.,
578 578 694 632 sive
742 574 870 630 Julii
914 592 975 640 κ,
1013 590 1179 639 anno,
1210 583 1267 629 ut
1299 575 1459 646 vulgo
1489 586 1716 645 putant,
1749 575 1873 630 158.

288 669 589 726 Neomenia
619 666 798 721 Thoth
845 665 1036 720 eodem
1068 679 1212 719 anno
1252 667 1421 735 ccepit
1451 663 1583 720 Julii
1626 682 1719 730 xx,
1760 666 1877 722 dic-

290 763 394 817 bus
422 762 493 815 ab
523 759 734 828 cpocha
775 757 1039 810 A:.tonini
1076 772 1154 809 XI.
1197 755 1318 812 Dies
1351 756 1427 809 illi
1464 772 1540 822 xr,
1579 757 1707 827 quia
1743 772 1878 812 neo-

286 854 524 908 meniam
561 851 741 906 Thotb
789 850 1136 921 prteeedunt,
1174 850 1304 904 anni
1347 850 1507 905 solidi
1557 850 1732 906 instar
1779 851 1877 906 ba-

286 946 508 999 bentur.
526 941 683 997 Unde
713 941 844 997 Julii
864 958 932 995 xx
956 943 1178 997 ineunte
1204 941 1383 996 Thoth
1417 940 1874 997 secundusAnto-

285 1037 399 1090 nini
432 1035 614 1105 putari
650 1034 895 1105 incipiet.
928 1035 1111 1099 Quare
1147 1033 1347 1087 mirum
1385 1047 1496 1087 non
1530 1041 1699 1097 esset,
1725 1032 1872 1104 quod

284 1143 315 1181 a
354 1126 648 1180 Ptolemzeo
697 1141 822 1181 cum
870 1141 937 1180 eo
972 1140 1139 1189 anno,
1173 1127 1266 1196 qui
1315 1131 1398 1180 est
1433 1141 1615 1181 annus
1665 1126 1873 1181 Christi

285 1218 412 1282 158,
448 1217 765 1273 Decembris
800 1233 912 1281 xw,
962 1218 1244 1273 secundus
1280 1217 1546 1273 Antonini
1580 1234 1870 1290 compare-

284 1319 390 1366 tur.
429 1309 635 1367 Verum
677 1317 737 1365 ut
784 1311 898 1366 haec
937 1311 1257 1381 conjectura
1291 1313 1359 1367 ab
1398 1311 1662 1367 Antonini
1710 1313 1872 1368 annis

282 1415 632 1472 nequaquam
662 1401 982 1467 abhorreat,
1012 1403 1238 1458 Adriani
1273 1404 1619 1476 temporibus
1647 1419 1869 1460 accom—

281 1493 494 1549 modari
520 1508 628 1548 non
669 1501 869 1564 potest.
906 1493 1085 1564 Hujus
1132 1496 1277 1549 enim
1322 1495 1531 1566 cpocha
1582 1497 1870 1551 neomcnia

282 1585 463 1641 Thoth
503 1585 776 1656 posterior
796 1593 899 1650 est,
933 1601 998 1641 ex
1026 1586 1090 1639 A.
1126 1585 1185 1640 D.
1217 1601 1268 1639 tv
1306 1584 1384 1639 ld.
1415 1584 1580 1656 Aug,
1611 1586 1729 1641 sive
1758 1585 1871 1639 Au-

280 1677 429 1748 gusti
454 1695 512 1760 x,
542 1693 689 1733 anno
725 1680 828 1733 117
863 1678 1226 1752 Dionysiano,
1259 1695 1369 1749 quo
1398 1680 1609 1749 primus
1640 1677 1867 1733 Adriani

278 1771 518 1841 cmpisse
553 1770 818 1829 creditur.
866 1771 1167 1827 Neomenia
1220 1768 1399 1824 Thoth
1441 1769 1694 1840 congruit
1737 1767 1868 1824 Julii

280 1875 443 1923 χειν,
489 1859 686 1916 diebus
722 1867 849 1915 ante
899 1861 1127 1915 Adriani
1188 1860 1738 1930 primordiumxvtu.
1801 1858 1867 1915 Et

281 1962 465 2006 tamen
516 1966 661 2005 anno
699 1950 907 2007 Christi
966 1951 1088 2017 152,
1142 1950 1484 2023 Septembris
1533 1968 1693 2018 nrt,
1749 1967 1865 2006 xvu

275 2042 504 2097 Adriani
554 2042 900 2110 collocatur,
959 2042 1428 2114 continuaturque
1467 2042 1751 2114 sequenti,
1797 2041 1868 2097 ad

279 2132 407 2186 Maii
444 2148 517 2186 vt.
551 2132 694 2205 Ergo
717 2133 952 2205 primus,
989 2134 1105 2189 sive
1131 2149 1161 2187 τι
1190 2135 1478 2192 neomenia
1503 2134 1706 2199 Thoth,
1751 2137 1868 2192 sive

275 2227 349 2279 ab
377 2226 588 2295 epocha
628 2225 749 2296 ipsa
801 2225 1215 2296 proficiscatur,
1257 2228 1427 2299 cmpit
1481 2243 1627 2284 anno
1659 2228 1866 2285 Christi

274 2318 417 2385 116;
454 2317 903 2390 corrigenquue
942 2319 1312 2392 ebronologie
1340 2335 1555 2387 omnes,
1584 2336 1706 2391 quae
1735 2321 1866 2376 hac-

276 2420 443 2469 tenus
477 2413 530 2467 in
579 2414 680 2468 H7
723 2414 1097 2470 contulerunt.
1136 2414 1250 2470 Hoc
1293 2430 1394 2486 ego
1428 2431 1537 2469 non
1571 2424 1679 2469 tam
1720 2414 1865 2469 allir-

275 2505 468 2559 mandi
499 2505 678 2575 gratia
715 2504 972 2570 dixerim,
1007 2520 1172 2576 quam
1215 2515 1273 2561 ut
1307 2505 1490 2561 studia
1522 2505 1863 2560 eruditorum

276 2593 565 2649 hominum
612 2595 879 2661 excitem,
922 2605 982 2650 ut
1022 2596 1069 2651 si
1099 2596 1232 2668 quid
1284 2596 1466 2665 aptius
1513 2595 1863 2659 occurrerit,

272 2685 514 2740 candide
561 2701 626 2740 ac
658 2686 893 2758 benigne
927 2688 1089 2742 nobis
1124 2688 1459 2758 impertiant.
1519 2688 1767 2759 Scaliger
1812 2688 1864 2743 in

271 2779 646 2833 Animatlvers.
682 2778 873 2835 Euseb.
915 2778 985 2835 ad
1019 2780 1083 2835 A.
1114 2780 1281 2846 2154,
1316 2780 1580 2837 Antonini
1626 2783 1863 2853 primum

271 2887 341 2927 ex
388 2872 724 2927 auctoritate
773 2871 1066 2928 Censorini
1114 2873 1329 2929 confert
1359 2874 1413 2929 in
1456 2890 1581 2929 cum
1634 2888 1861 2936 annum,

270 2962 370 3032 qui
399 2976 548 3016 coss.
590 2961 783 3016 habuit
828 2962 1172 3017 Antoninum
1226 2961 1383 3018 Pium
1413 2961 1457 3017 ll
1512 2970 1566 3017 et
1594 2961 1863 3017 Bruttium

271 3052 640 3118 Prmsentem;
674 3068 836 3123 quem
873 3054 948 3108 ait
973 3068 1093 3110 esse
1119 3054 1326 3110 Christi
1361 3054 1499 3123 158;
1535 3056 1687 3123 cujus
1712 3071 1861 3124 pars,

273 3147 478 3217 inquit,
503 3162 620 3199 cum
646 3154 796 3215 parte
822 3145 1174 3201 antecedentis
1207 3146 1377 3215 explet
1406 3163 1603 3201 annum
1634 3148 1863 3216 primum
1891 3184 1934 3241 ϐ

272 3240 555 3292 Antonini.
592 3236 732 3292 lline
775 3237 1066 3293 Onnfrium
1116 3238 1502 3309 reprehendit,
1538 3240 1685 3308 quod
1738 3255 1861 3294 eum

273 3346 484 3387 annum
518 3346 643 3385 eum
676 3330 885 3386 Christi
940 3331 1044 3385 MO
1090 3340 1402 3400 componat,
1444 3330 1651 3385 biennii
1689 3337 1863 3385 meta-

280 3422 618 3476 chronismo.
654 3420 764 3477 Sed
807 3422 860 3475 in
898 3420 1091 3492 paucis
1130 3420 1240 3476 illis
1271 3420 1454 3475 verbis
1492 3421 1866 3491 multipliciter

284 3513 649 3568 hallucinatur
672 3511 934 3583 Scaliger.
955 3512 1198 3567 Primum
1225 3511 1565 3583 Censorinus
1590 3528 1864 3583 nusquam

274 3604 543 3659 Antonini
571 3605 806 3672 primum
842 3618 1048 3657 annum
1086 3603 1140 3656 in
1168 3618 1310 3657 coss.
1352 3603 1477 3657 illos
1509 3601 1646 3656 dixit
1678 3602 1866 3656 incur-

272 3708 419 3747 rere.
463 3691 598 3745 Nam
641 3696 749 3746 haec
809 3692 957 3747 illius
1004 3693 1167 3746 verba
1215 3699 1344 3746 sunt
1395 3706 1522 3761 pag.
1568 3689 1679 3745 48:
1731 3689 1865 3745 Cum

266 3785 467 3838 abhinc
515 3800 680 3838 annos
750 3794 954 3838 centum
1012 3783 1197 3850 imper.
1248 3783 1517 3836 Antonino
1564 3781 1663 3835 Pio
1704 3779 1768 3845 11
1815 3790 1865 3835 et

266 3877 492 3932 Bruttio
519 3875 788 3930 Prtesente
810 3891 946 3928 coss.
967 3872 1148 3929 Roma:
1170 3873 1328 3928 iidem
1359 3873 1469 3929 dies
1499 3872 1697 3942 fuerint
1724 3890 1778 3927 a.
1806 3872 1863 3930 ά.

271 3968 400 4025 X11
433 3968 563 4023 Kal.
607 3971 767 4040 Aug.,
793 3976 901 4024 etc.
948 3966 1161 4035 Quibus
1192 3965 1468 4038 significat
1503 3967 1864 4022 centesimum

269 4077 486 4118 annum
511 4063 579 4117 ab
613 4077 698 4125 eo,
725 4078 833 4131 quo
853 4061 1148 4125 scribebat,
1180 4060 1438 4114 nimirum
1464 4060 1558 4130 qui
1591 4067 1674 4114 est
1706 4058 1866 4113 Chri-

267 4154 497 4216 sti258,’
526 4152 688 4211 Urbis
718 4154 949 4209 condita:
979 4152 1106 4218 99l,
1139 4150 1296 4223 Ulpio
1330 4160 1384 4206 et
1403 4151 1671 4206 Pontiano
1692 4165 1864 4214 coss.,

268 4248 542 4303 habuisse
586 4247 839 4303 consules
873 4245 1211 4299 Antoninum
1254 4253 1311 4299 et
1343 4243 1699 4299 Praesentem.
1740 4240 1868 4295 Fuit

267 4348 463 4395 autem
500 4340 588 4394 hie
646 4354 826 4393 annus
870 4338 1078 4392 Christi
1134 4336 1256 4401 159,
1304 4351 1336 4390 a
1376 4350 1487 4405 quo
1524 4333 1865 4388 centesimus

267 4439 364 4487 est
390 4430 529 4485 alter
578 4430 667 4485 ille
697 4428 1007 4493 Censorini,
1041 4428 1246 4483 Christi
1293 4442 1425 4481 vero
1464 4425 1593 4481 238.
1641 4423 1746 4491 Qui
1779 4432 1864 4478 est

1983 582 2229 644 putatur.
2258 573 2332 629 De
2355 590 2463 645 qua
2491 590 2761 630 annorum
2789 581 3200 647 perturbatione
3231 586 3368 639 satis
3396 587 3567 642 nndta

1981 666 2047 720 ad
2066 666 2199 720 haer.
2226 667 2284 721 5|
2310 666 2567 723 diximus.
2588 666 2665 723 De
2687 670 2844 723 tertia
2864 668 3127 742 Scaligeri
3146 675 3571 732 hallucinatione

1981 774 2147 829 supra
2185 760 2522 823 monuimus,
2561 759 2692 813 dum
2731 775 2907 819 annos
2942 763 3188 820 Adriano
3223 768 3417 822 tribuit
3451 786 3566 836 ut,

1980 868 2199 907 menses
2230 867 2305 913 χι,
2343 861 2398 907 et
2423 853 2543 923 ejus
2567 862 2749 911 tamen
2782 856 2994 912 obitum
3030 857 3245 913 confert
3277 859 3333 913 in
3362 876 3565 915 annum

1977 944 2181 1001 Christi
2213 947 2335 1012 157,
2370 962 2480 1017 quo
2513 957 2566 1002 et
2598 949 2861 1005 Antonini
2902 950 3142 1020 primum
3177 952 3416 1023 coepisse
3452 968 3566 1008 me-

1977 1045 2175 1091 morat.
2214 1038 2329 1091 Hoc
2378 1039 2523 1093 enim
2557 1050 2718 1109 pacto
2745 1041 2957 1112 primus
2988 1044 3251 1099 Antonini
3283 1047 3570 1101 conveniet

1977 1130 2122 1181 anno
2151 1126 2356 1181 Cb'risti
2382 1127 2502 1182 115.
2534 1128 2691 1195 Quod
2726 1139 2808 1187 est
2847 1131 3087 1188 immane
3122 1135 3568 1207 παρεγχείρημα.

2053 1220 2274 1275 Τοῦτον
2304 1220 2643 1291 διαδέχεται
2688 1221 3108 1292 Καράκαλλος.
3158 1223 3302 1280 Sunt
3333 1226 3448 1281 haec
3483 1227 3570 1281 in-

1976 1312 2384 1380 quinatissima.
2435 1310 2624 1383 Neque
2653 1313 2770 1368 scio
2801 1328 2870 1369 an
2901 1314 3019 1369 haec
3051 1316 3236 1379 verba,
3271 1316 3572 1387 Καράκαλ-

1973 1403 2085 1468 λος,
2116 1403 2145 1456 ὁ
2177 1404 2272 1457 καὶ
2299 1403 2472 1468 Γέτας
2496 1445 2512 1468 ,
2561 1405 2863 1475 rejicienda
2898 1408 3042 1474 sint;
3076 1417 3135 1462 ut
3181 1410 3258 1463 ita
3306 1410 3572 1480 procedat

1973 1496 2151 1549 oratio
2176 1515 2188 1549 :
2232 1494 2434 1549 Τοῦτον
2466 1496 2776 1568 διαδέχεται
2805 1498 3033 1572 Μάρκος
3070 1500 3362 1572 Αὐρήλιος,
3391 1500 3449 1566 ὃς
3477 1502 3572 1556 καὶ

1973 1584 2187 1656 Οὑῆρος
2239 1583 2477 1654 ἐλέγετο.
2529 1586 2662 1658 Pag.
2715 1587 2819 1642 174
2859 1589 3021 1659 paulo
3056 1589 3322 1658 liquidior
3354 1606 3418 1645 ac
3454 1592 3571 1646 sin-

1972 1678 2154 1731 cerior
2194 1677 2588 1747 imperatorum
2631 1680 2917 1736 successio
2964 1682 3294 1751 proponitur
3327 1702 3338 1737 :
3375 1684 3466 1738 ubi
3514 1691 3571 1739 et

1973 1769 2137 1824 aliam
2181 1769 2249 1825 de
2297 1769 2404 1826 hoc
2447 1772 2570 1827 loeo
2617 1772 2996 1843 conjecturam
3038 1790 3411 1845 exponemus;
3445 1792 3569 1830 nam

1901 1840 1941 1895 Β
1970 1859 2116 1930 quod
2155 1859 2242 1915 hic
2275 1862 2495 1933 legitur,
2534 1863 2603 1917 Μ.
2638 1840 2924 1919 Aurelium
2973 1840 3181 1936 septem
3240 1840 3418 1922 annos
3469 1868 3572 1922 im-

1973 1967 2223 2022 perasse,
2250 1953 2611 2010 falsissimum
2643 1963 2758 2024 est;
2782 1965 2837 2013 et
2869 1968 3053 2025 tamen
3087 1974 3155 2013 ne
3187 1958 3242 2012 in
3278 1950 3568 2014 librarium

1973 2042 2268 2098 transferri
2305 2046 2467 2115 culpa
2494 2046 2691 2115 possit,
2735 2047 2971 2103 subinde
3010 2049 3368 2102 confirmatur
3393 2065 3571 2112 error,

1970 2146 2096 2189 eum
2127 2135 2330 2192 dicitur
2358 2136 2564 2194 Lucius
2594 2138 2850 2193 Aurelius
2892 2138 3231 2195 Commodus
3259 2141 3420 2196 annis
3445 2158 3574 2212 pcr-

1970 2226 2099 2281 inde
2125 2236 2332 2298 septem
2368 2230 2690 2299 imperasse.

2054 2316 2158 2369 Ἐν
2179 2316 2302 2383 τοῖς
2323 2318 2509 2372 αὐτοῦ
2550 2322 2792 2387 χρόνοις
2824 2318 2921 2372 καὶ
2943 2320 3220 2386 Λούκιος.
3255 2320 3373 2376 Non
3401 2321 3571 2376 Ilarei

1967 2407 2175 2462 Aurelii
2226 2408 2395 2463 ﬁlium
2445 2409 2805 2467 Commodum
2860 2412 3141 2482 intelligit,
3195 2414 3287 2482 qui
3353 2415 3565 2484 parenti

1968 2501 2255 2565 successit,
2288 2503 2384 2557 sed
2415 2503 2641 2557 Lucium
2656 2502 2941 2573 Cejonium
2962 2503 3170 2559 IElium
3201 2505 3568 2560 Commndun.

1973 2589 2168 2647 Verum
2201 2594 2559 2659 Antoninum,
2594 2593 2747 2648 Lucii
2789 2593 2919 2648 Atilii
2967 2592 3095 2650 Veri
3129 2596 3322 2659 filium,
3366 2597 3459 2667 qui
3501 2599 3573 2652 ab

1966 2685 2210 2740 Adriano
2257 2684 2550 2757 adoptatus
2596 2678 2811 2758 primus
2866 2686 3053 2742 Caesar
3112 2696 3199 2743 est
3257 2688 3471 2755 dictas,
3515 2696 3572 2743 et

1967 2785 2093 2831 ante
2144 2776 2449 2832 Adrianum
2501 2786 2772 2833 mortuus.
2814 2777 2989 2849 Hujus
3022 2779 3165 2834 filius
3220 2778 3285 2833 ab
3329 2780 3572 2834 Adriano

1968 2871 2032 2922 ad
2062 2871 2278 2940 imperii
2312 2886 2461 2941 spem
2492 2887 2615 2926 cum
2665 2873 2741 2925 M.
2795 2871 3015 2925 Aurelio
3045 2871 3282 2941 primum
3322 2881 3568 2937 evectus,

1968 2977 2092 3015 eum
2148 2963 2339 3018 eodem
2387 2970 2511 3033 post
2562 2962 2901 3019 Antoninum
2956 2964 3245 3033 imperavit
3294 2966 3454 3021 annis
3488 2981 3566 3019 ιι.

1970 3053 2094 3109 llaec
2122 3055 2484 3124 Capitolinus.
2526 3053 2822 3126 Perperam
2870 3055 3037 3126 igitur
3070 3064 3179 3109 tam
3232 3057 3378 3121 huic,
3404 3072 3569 3127 quam

1970 3143 2041 3198 M.
2076 3144 2298 3199 Aurelio
2330 3154 2540 3216 septem
2585 3146 2712 3199 anni
2761 3147 3098 3201 tribuuntur.
3138 3145 3276 3200 llinc
3307 3157 3389 3202 est
3420 3149 3568 3218 quod

1970 3251 2093 3307 pag.
2127 3237 2229 3292 174
2259 3237 2312 3291 in
2343 3238 2677 3309 reliquorum
2736 3239 2904 3308 impp.
2955 3238 3096 3293 serie
3136 3241 3243 3293 duo
3279 3239 3567 3296 Caniniodi

1969 3338 2268 3395 ponuntur.
2300 3328 2432 3393 Quae
2456 3344 2566 3394 res,
2602 3328 2678 3381 uti
2718 3344 2842 3384 mox
2872 3327 3105 3397 dicetur,
3140 3329 3444 3401 Epiphanio
3473 3347 3569 3386 er-

1969 3420 2112 3475 roris
2139 3422 2487 3478 occasionem
2514 3423 2683 3477 dedit.

2052 3512 2155 3566 Ἐν
2182 3511 2308 3578 τοῖς
2358 3512 2466 3567 τοῦ
2513 3513 2782 3582 Σευῆρον
2827 3515 3093 3584 χρόνοις.
3135 3516 3307 3586 Cujus
3348 3515 3570 3570 tandem

1972 3601 2199 3667 Severi?
2230 3603 2455 3674 Ejusne,
2483 3620 2647 3674 quem
2693 3606 2942 3676 proxime
2983 3605 3257 3661 Pertinaci
3302 3606 3571 3677 subjecit?

1968 3696 2133 3766 Atqui
2191 3695 2534 3762 Theodotio,
2590 3714 2750 3768 quem
2816 3699 3175 3770 posteriorem
3239 3698 3570 3770 Symmacho

1969 3794 2145 3855 putat,
2178 3785 2283 3840 sub
2315 3786 2615 3843 Commodo
2667 3803 2823 3844 suam
2874 3788 3167 3845 editionem
3199 3791 3438 3860 scripsit.
3472 3788 3574 3846 Est

1969 3884 2151 3932 autem
2207 3878 2409 3933 Severo
2463 3879 2610 3949 prior
2666 3879 3021 3937 Commodus.
3064 3879 3350 3947 Quomodo
3400 3881 3568 3951 igitur

1970 3966 2401 4024 Thcodotionem
2451 3972 2815 4040 Symmachus
2865 3972 3195 4027 antecessit?
3221 3971 3415 4026 Mirum
3462 3972 3567 4027 hoc

1969 4070 2023 4117 et
2051 4062 2424 4118 inextricabile
2455 4063 2730 4132 plerisque
2775 4064 2974 4118 merito
3019 4064 3199 4120 visum
3232 4072 3355 4131 est;
3388 4081 3567 4134 neque

1969 4170 2073 4223 nos
2107 4163 2214 4209 tam
2244 4154 2532 4226 Epiphanii
2566 4164 2748 4210 errato
2768 4157 3158 4226 patrocinium,
3196 4166 3290 4212 aut
3322 4158 3563 4213 colorem

1970 4262 2233 4316 quaerere,
2290 4262 2452 4317 quam
2501 4246 2635 4301 illud
2686 4248 2861 4316 ipsum
2919 4264 3116 4304 eruere
3174 4264 3239 4303 ac
3294 4249 3565 4319 vestigare

1971 4337 2254 4393 debemus.
2286 4337 2457 4393 Nemo
2479 4338 2624 4393 enim
2660 4338 2946 4402 hactenus,
2978 4356 3041 4393 ex
3066 4346 3146 4393 tot
3175 4339 3561 4410 scriptoribus.

1972 4445 2112 4498 quos
2142 4429 2229 4483 hic
2261 4429 2549 4499 Epiphanii
2590 4431 2745 4487 locus
2783 4430 3134 4491 vehementer
3171 4433 3436 4497 exercuit,
3467 4448 3566 4486 cu~

271 4523 546 4593 Scaligeri
580 4522 857 4579 secundus
897 4536 1094 4587 error;
1141 4535 1267 4575 nam
1319 4519 1640 4575 consulatus
1686 4521 1858 4571 Anto-
1895 4521 1938 4576 ο
1967 4523 2077 4578 bile
2129 4523 2308 4593 ipsum
2361 4524 2568 4579 erroris
2625 4523 2806 4594 attigit
2851 4541 2863 4578 :
2902 4524 3088 4594 quod,
3139 4525 3245 4578 nisi
3298 4524 3563 4585 fallimur,

268 4616 394 4671 nini
430 4614 473 4668 11
509 4622 562 4671 et
598 4614 891 4672 Praesentis
944 4612 1227 4669 confertur
1266 4612 1321 4666 in
1354 4627 1558 4665 annum
1598 4607 1761 4664 Urbis
1797 4625 1863 4665 ex

266 4708 621 4763 Varroniana
650 4708 880 4771 ratione,
902 4721 1067 4777 quam
1098 4703 1368 4774 expressit
1393 4701 1682 4766 Onui'rius,
1713 4701 1819 4757 892
1842 4719 1858 4767 ;
1884 4724 1892 4729 -

262 4817 344 4859 ex
398 4800 717 4870 Capitolinis
755 4799 936 4854 Fastis
976 4798 1101 4853 891.
1139 4795 1539 4850 Varroni-annm
1592 4793 1746 4863 sequi
1803 4809 1863 4849 se

259 4892 566 4963 profitetur
591 4889 852 4960 Scaliger,
878 4887 1020 4958 apud
1057 4902 1220 4956 quem
1249 4885 1440 4940 Palilia
1471 4887 1648 4955 prima
1682 4884 1861 4954 conji-

259 4986 498 5041 ciuntur
529 4985 584 5038 in
618 4999 821 5038 annum
854 4998 970 5052 per.
1000 4979 1109 5035 Jul.
1144 4979 1306 5035 5961.
1347 4980 1502 5036 Unde
1540 4994 1720 5034 annus
1759 4979 1863 5034 iste

264 5076 443 5132 Urbis
475 5076 684 5147 periodi
733 5074 964 5131 Julianae
1008 5082 1094 5130 est
1142 5073 1323 5139 4852,
1369 5073 1528 5143 cyclo
1575 5072 1717 5126 luna:
1756 5087 1857 5137 vn,

279 5170 425 5226 solis
455 5186 573 5223 vnn.
605 5167 711 5234 Qui
756 5168 1103 5222 characteres
1142 5180 1251 5219 non
1284 5164 1444 5219 alteri
1500 5178 1663 5233 quam
1717 5177 1862 5216 anno

267 5261 484 5316 Christi
518 5260 620 5314 1⁸59
647 5264 987 5328 competunt.
1039 5256 1137 5311 Est
1183 5257 1348 5327 igitur
1383 5269 1563 5309 annus
1596 5254 1684 5309 ille
1731 5255 1858 5319 1'59,

264 5367 382 5422 quo
411 5364 560 5405 coss.
610 5349 764 5405 fuere
791 5348 1105 5404 Antoninus
1135 5346 1179 5400 ll
1211 5355 1267 5403 et
1301 5346 1546 5401 Bruttius
1576 5345 1852 5400 Prmsens.

257 5441 542 5499 Onuirius
591 5456 791 5512 porro,
826 5440 922 5511 qui
970 5439 1028 5494 in
1079 5438 1284 5495 Christi
1331 5438 1493 5494 annis
1537 5438 1858 5507 imprudens

253 5535 662 5608 Dionysianam
698 5548 862 5589 teram
906 5547 1018 5588 uno
1061 5532 1352 5587 antevertit
1391 5545 1537 5585 anno
1577 5530 1859 5600 (natalem

249 5626 418 5683 enim
456 5625 665 5680 Christi
704 5640 853 5680 coss.
899 5624 1151 5695 Augusto
1181 5621 1333 5688 Xlll,
1381 5629 1435 5678 et
1489 5621 1677 5677 Silano
1706 5637 1855 5678 coss.

246 5714 568 5786 attribuit),
607 5715 860 5770 eumdem
891 5715 1044 5769 illum
1079 5724 1333 5770 numerat
1370 5713 1494 5778 MO,
1523 5714 1617 5784 qui
1651 5728 1682 5766 a
1732 5712 1859 5768 Diuo

248 5806 502 5881 nysiana
534 5806 742 5877 epocba
788 5805 1009 5861 nonnisi
1048 5807 1146 5860 159
1178 5814 1282 5861 est.
1316 5805 1386 5859 At
1432 5805 1487 5860 in
1533 5804 1853 5871 Annalibus,

592 5900 865 5963 Panos.
896 5898 1011 5963 Gn.
1054 5899 1268 5961 XLIII.

1968 4607 2186 4663 tandem
2220 4608 2432 4663 odorati
2466 4625 2680 4666 sumus.
2719 4611 3017 4667 Constabat
3046 4611 3370 4683 Epiphanio,
3408 4613 3566 4684 Sym-

1968 4700 2222 4754 machum
2254 4699 2629 4758 Theodotione
2678 4704 3017 4773 superiorem
3062 4706 3376 4771 exstitisse;
3407 4706 3566 4761 item-

1965 4806 2073 4862 que
2107 4789 2537 4849 Theodotionrm
2592 4796 2696 4852 sub
2746 4795 2968 4861 Severo,
3022 4795 3408 4868 Symmachum
3460 4797 3565 4849 sub

1966 4883 2267 4940 Commodo
2326 4888 2636 4956 scripsisse.
2690 4885 2825 4953 Quae
2887 4888 3148 4957 quoniam
3198 4887 3564 4956 ἀσύγκὶωστα

1965 4982 2019 5028 et
2047 4990 2172 5029 cum
2198 4976 2426 5030 historia
2467 4978 2764 5047 pugnantia
2804 4984 2954 5040 sunt,
2982 4978 3390 5043 animadvertit,
3423 4976 3565 5034 duos

1966 5067 2205 5139 primum
2238 5068 2407 5123 fuisse
2444 5068 2795 5134 Commodes,
2843 5069 3073 5126 alterum
3109 5071 3177 5125 Μ.
3209 5072 3415 5127 Aurelii
3446 5073 3562 5126 col-

1964 5160 2163 5230 legam,
2196 5161 2292 5231 qui
2320 5176 2443 5215 cum
2476 5176 2543 5216 eo
2573 5160 2940 5218 communiter
2970 5164 3249 5233 imperavit
3281 5181 3294 5229 ;
3332 5164 3560 5217 alterum

1966 5252 2159 5318 filium,
2189 5253 2280 5323 qui
2311 5252 2533 5307 Aurelio
2572 5255 2713 5322 patri
2763 5256 3054 5312 successit.
3091 5255 3168 5309 Ex
3202 5257 3267 5310 iis
3298 5256 3560 5311 Commo-

1963 5344 2070 5406 dis,
2109 5343 2466 5414 posteriorem
2487 5344 2639 5399 illmn
2670 5361 2793 5401 esse
2828 5346 3007 5412 scivit,
3039 5348 3141 5402 sub
3167 5336 3276 5416 quo
3308 5344 3561 5399 Theodo-

1965 5435 2131 5490 tionis
2161 5432 2328 5491 editio
2375 5439 2673 5507 prodierat.
2726 5437 2909 5504 Quare
2950 5455 3060 5493 non
3107 5437 3371 5492 dubitavit
3423 5435 3559 5506 quin

1963 5536 2091 5582 ante
2145 5527 2293 5582 hunc
2344 5528 2583 5587 Severus
2629 5532 2954 5587 exstitisset.
3022 5530 3257 5585 Promde
3323 5527 3558 5582 Severos

1961 5618 2102 5676 duos
2128 5635 2256 5677 esse
2287 5623 2542 5679 credidit.
2571 5624 2745 5695 Atque
2786 5624 2908 5680 ideo
2936 5640 3060 5700 pag.
3090 5624 3212 5688 174,
3246 5622 3404 5677 Μετὰ
3431 5619 3560 5675 τοῦ-

1961 5728 2073 5773 τον,
2103 5712 2300 5782 inqnit,
2331 5716 2434 5770 hoc
2484 5724 2571 5785 est
2615 5717 2684 5791 111.
2731 5717 3034 5783 Aurelium,
3079 5715 3365 5787 Κόμμοδος
3398 5714 3561 5777 ἄλλος

1963 5802 2259 5875 βασιλεύει.
2336 5807 2472 5862 Tum
2545 5808 2614 5863 de
2681 5808 2882 5864 Severo
2932 5828 2945 5864 :
3002 5807 3204 5862 Τοῦτον
3248 5807 3557 5882 διαδέχεειι

3162 5900 3233 5964 18
