3920 6418
467 309 570 364 555

1591 304 1930 360 ΑΡΡΕΝυιΧ
1975 304 2603 360 ΠΙΞΞΕΒΤΛΤΙΟΝΠΜ.
3599 328 3684 379 53‘.

457 426 691 496 Σευῆρος
737 424 915 488 ἄλλος.
961 423 1026 477 Et
1051 439 1204 478 num.
1246 423 1308 476 i7
1342 422 1765 481 Theodotionem
1802 429 1874 481 ait
1911 427 2020 499 περ’

2144 427 2369 482 buisset.
2405 427 2535 480 Nam
2593 427 2658 480 de
2712 426 2849 479 LXX
2887 426 3244 487 Senioribus,
3306 440 3441 495 quos
3472 427 3687 482 omnium
3763 466 3771 475 .

451 521 550 589 τὴν
579 517 672 570 τοῦ
703 517 957 588 δευτέρου
997 516 1287 588 Κομμόδου
1332 516 1606 586 βασιλείαν
1652 519 1908 586 edidisse,
1943 519 2036 587 qui

451 610 617 678 priori
647 609 947 662 Commodo
989 609 1272 663 successit.
1302 610 1439 662 Cum
1487 609 1602 662 duo
1641 609 1750 663 sint
1793 627 1856 662 ex
1909 610 2034 678 l’pi-

453 699 635 760 ubanii
670 707 852 752 mente
873 697 1178 763 Commodi,
1212 699 1544 770 totidemque
1584 699 1804 761 Severi,
1839 700 2032 754 horum

449 791 598 858 prior
628 792 985 860 posteriorem
1016 791 1370 846 Commodum
1405 793 1719 848 antecessit.
1755 792 1894 861 Ergo
1941 801 2034 846 aut

450 894 532 938 est
573 885 641 938 M.
681 885 936 939 Aurelius
967 885 1164 944 Verus.
1203 894 1294 938 aut
1343 884 1543 937 Lucius
1571 883 1902 938 Commodus
1934 883 2026 939 Ve-

453 989 566 1026 rus.
613 972 727 1025 Non
763 982 938 1041 potest
971 973 1057 1026 hic
1099 989 1240 1037 esse,
1289 973 1415 1042 quia
1459 973 1692 1027 Severus
1731 975 1876 1042 prior
1924 984 2030 1026 tam

452 1062 520 1116 ab
551 1069 780 1132 utroque
821 1062 1118 1115 Commodo
1181 1073 1342 1129 quam
1402 1077 1431 1114 a
1485 1063 1785 1130 posteriore
1831 1063 2033 1117 Severo

451 1153 797 1208 discernitur.
832 1150 946 1205 Non
982 1154 1118 1206 alius
1155 1161 1238 1205 est
1273 1153 1454 1222 igitur,
1483 1168 1644 1221 quam
1680 1152 1749 1207 Μ.
1779 1154 2032 1208 Aurelius

448 1243 644 1300 Verus.
670 1246 925 1314 Σευῆρος,
962 1246 1201 1314 inquam,
1232 1261 1330 1313 pro
1360 1246 1568 1314 Οὐῆρος
1615 1247 1682 1298 ab
1731 1245 2032 1314 Epiphanio

451 1334 808 1404 philosophus
840 1334 939 1387 iste
971 1332 1286 1387 nominatus
1319 1341 1422 1386 est.
1450 1331 1602 1397 Quod
1627 1331 1841 1401 quidem
1872 1331 2032 1401 paulo

449 1433 573 1478 ante
617 1433 885 1495 corrupta:
930 1425 1181 1479 lectionis
1223 1425 1448 1494 vestigia
1479 1423 1855 1479 demonstrant
1888 1441 1899 1475 :
1935 1425 2030 1486 Ὃς

448 1517 542 1568 καὶ
573 1516 798 1586 Μάρκος
825 1517 1091 1588 Αὐρήλιος
1122 1515 1297 1586 Σουὴρ
1327 1515 1562 1583 ἐλέγετο.
1596 1513 1702 1568 Pro
1749 1530 1857 1584 quo
1885 1513 2030 1582 0ὑῆ-

450 1626 540 1678 po;
575 1609 641 1661 ad
685 1625 834 1662 oram
869 1608 1152 1678 legendum
1197 1609 1575 1677 ascripsimus.
1611 1606 1763 1660 Nune
1796 1607 2030 1675 Σευῆρος

450 1698 631 1750 malim
647 1715 675 1772 ,ι
705 1714 802 1751 nec
831 1698 975 1749 aliud
1011 1695 1368 1765 Epiphaniutn
1397 1696 1630 1750 voluisse
1649 1737 1662 1761 ,
1689 1696 1778 1764 qui
1823 1703 2028 1747 attente

2143 519 2542 574 vetustissimos
2573 535 2695 574 esse
2720 521 2974 572 convenit
3005 559 3017 583 ,
3052 534 3150 570 eur
3182 517 3414 570 alienum
3446 517 3498 570 in
3530 519 3686 571 locuu:

2141 609 2375 677 coniecti
2403 609 2531 669 sint,
2568 609 2636 660 ab
2653 609 2960 678 Epiphanio
2992 609 3132 661 ratio
3156 607 3244 660 illa
3279 605 3534 660 traditur:
3566 607 3690 674 quod

2139 714 2328 751 eorum
2363 697 2761 768 interpretatio,
2795 705 2983 766 utpote
3013 705 3330 749 czeterarum
3370 695 3570 762 regula,
3597 699 3693 747 tuc-

2139 787 2286 839 dium
2323 786 2447 855 jure
2480 787 2657 839 locum
2701 786 3022 854 occuparit,
3068 792 3126 837 ut
3173 784 3291 836 alia:
3322 797 3443 835 cum
3471 797 3532 835 ea
3559 797 3692 835 com-

2137 877 2314 947 parari
2344 878 2686 933 commodius
2719 887 2962 948 possent.
3013 876 3125 930 Cur
3170 876 3331 945 igitur
3361 871 3691 927 Theodotioni

2137 969 2475 1039 antepositus
2501 970 2568 1021 sit
2596 969 2960 1038 Symmachus
2985 1007 2996 1029 ,
3029 984 3096 1020 ne
3148 965 3271 1034 litigi
3298 964 3512 1034 quidem
3545 979 3692 1017 causa

2135 1059 2307 1112 altera
2350 1069 2572 1128 potest,
2629 1059 2735 1113 nisi
2788 1061 2932 1128 quod
2987 1066 3146 1110 aetate
3205 1057 3304 1109 iste
3359 1055 3691 1125 praecesserit.

2135 1149 2292 1215 Quod
2327 1152 2470 1204 enim
2529 1151 2858 1220 quibusdam
2919 1151 3132 1220 placet,
3191 1147 3311 1200 ideo
3367 1148 3692 1216 posteriorem

2135 1241 2496 1296 Theodotioni
2528 1244 2784 1296 tributam
2815 1259 2938 1297 esse
2973 1241 3176 1305 sedem,
3211 1251 3267 1293 ut
3299 1239 3436 1292 LXX
3473 1238 3696 1293 Seniori-

2134 1332 2258 1398 bus,
2294 1333 2752 1402 quemadmodum
2788 1333 3181 1402 interpretandi
3213 1347 3412 1402 genere
3437 1371 3450 1393 ,
3495 1331 3570 1384 sic
3615 1344 3693 1383 or-

2133 1424 2260 1478 dine
2307 1425 2647 1495 propinquus
2694 1433 2870 1488 esset,
2913 1425 3027 1478 leve
3086 1433 3203 1486 est,
3250 1424 3359 1476 imo
3399 1423 3692 1476 ridiculum.

2133 1515 2267 1569 Cmn
2319 1516 2464 1569 enim
2516 1517 2817 1586 principem
2875 1515 3010 1569 LXX
3075 1515 3367 1570 Seniorum
3422 1515 3690 1569 editionem

2133 1606 2294 1660 ambo
2336 1607 2412 1659 illi
2453 1607 2600 1660 velut
2659 1609 2953 1676 stipatores
2995 1622 3058 1659 ac
3107 1608 3381 1660 laterones
3417 1605 3688 1666 cinxerint,

2135 1706 2310 1750 utram
2344 1697 2398 1750 in
2454 1707 2665 1768 partem
2704 1697 3096 1751 Theodotionis
3129 1697 3298 1751 editio
3352 1697 3689 1757 conferretur,

447 1803 568 1858 quas
610 1787 722 1841 dixi
769 1788 1132 1858 perpenderit,
1187 1802 1399 1841 mecum
1447 1787 1796 1841 existimabit.
1849 1785 2032 1854 Negue
2067 1779 2106 1833 Β
2140 1786 2272 1839 nihil
2308 1786 2372 1838 ad
2411 1788 2872 1856 propinquitatem
2903 1788 3170 1840 interfuit.
3209 1786 3259 1838 ld
3290 1786 3468 1855 ipsum
3502 1793 3690 1840 veteres

447 1883 600 1936 solus
647 1880 749 1934 hoc
792 1880 1126 1949 Epiphanius
1173 1878 1471 1944 commisit,
1523 1886 1580 1931 ut
1627 1877 1883 1931 Severum
1932 1892 2031 1945 pro

451 1971 588 2026 Vero
614 1980 888 2037 sumeret;
924 1973 1015 2026 sed
1049 1980 1099 2025 et
1130 1972 1243 2036 alii,
1280 1980 1389 2024 tam
1412 1969 1582 2024 Caeci
1619 1987 1779 2040 quam
1811 1969 2025 2022 Latini:

445 2063 616 2118 Crteci
647 2062 865 2134 quidem
903 2064 1164 2134 plerique.
1210 2062 1284 2116 Ex
1328 2062 1536 2117 Latinis
1570 2079 1696 2116 vero
1738 2062 2029 2117 Cassiodo-

446 2173 540 2210 rus
569 2156 673 2212 sub
699 2157 985 2212 consulatu
1023 2154 1205 2210 Severi
1231 2163 1284 2210 et
1317 2154 1669 2217 Ilerenniani,
1706 2157 1809 2209 ista
1851 2155 2026 2222 subji-

442 2249 559 2303 cit:
597 2247 698 2302 llis
745 2264 882 2302 coss.
939 2246 1134 2301 Lucius
1189 2247 1394 2300 Annius
1451 2246 1749 2299 Antoninus
1809 2244 2025 2300 Severus

443 2356 582 2393 anno
628 2341 771 2409 regni
811 2337 1086 2392 undecimo
1135 2338 1270 2390 inter
1302 2336 1652 2391 Concordiam
1696 2344 1746 2390 et
1789 2337 2023 2389 Altinum

443 2432 682 2500 apoplea'i
757 2433 1044 2484 exstinctus
1118 2439 1214 2482 e;t.
1277 2429 1727 2498 Quandoquidem
1792 2427 2026 2482 Severus

443 2525 612 2593 prior,
647 2538 711 2576 ex
745 2521 1034 2591 Epiphanii
1066 2522 1358 2586 sententia,
1395 2519 1466 2574 Μ.
1506 2520 1758 2574 Aurelius
1781 2529 1886 2582 est,
1916 2536 2026 2575 non

442 2613 490 2667 is
524 2611 617 2682 qui
648 2610 916 2665 Pertinaci
949 2624 1010 2663 ac
1037 2607 1255 2664 Juliano
1282 2609 1551 2664 successit
1577 2627 1589 2662 :
1615 2617 1836 2678 apparet
1867 2609 2026 2680 Sym-

441 2700 722 2764 machum,
747 2699 840 2770 qui
873 2700 975 2754 sub
1007 2698 1186 2768 priore
1238 2699 1330 2752 illo
1375 2697 1576 2753 Severo
1615 2699 1683 2753 ab
1724 2698 2026 2768 Epiphanio

440 2792 761 2857 collocatur,
809 2805 1153 2861 nequaquam
1193 2789 1258 2844 ad
1301 2791 1619 2860 posterioris
1659 2789 1844 2845 Severi
1886 2799 2024 2846 tem-

441 2897 574 2954 pora
606 2882 796 2938 referri
828 2902 841 2937 :
874 2881 1017 2951 quod
1051 2897 1242 2937 omnes
1277 2882 1542 2938 hactenus
1594 2882 1841 2936 arbitrati
1871 2892 2022 2945 sunt,

439 2974 532 3044 qui
561 2981 613 3028 et
639 2974 935 3044 pugnantia
967 2971 1113 3042 loqui
1152 2972 1510 3042 Epiphanium
1539 2972 1814 3036 dixerunt,
1839 2983 1888 3027 et
1925 2988 2023 3042 po-

437 3066 725 3120 steriorem
793 3063 962 3119 fuisse
1025 3062 1397 3118 Theodotione
1465 3062 1851 3134 Symmachum
1915 3080 2021 3117 non

433 3155 598 3208 aliam
646 3152 717 3208 ob
762 3167 984 3208 causam
1025 3159 1322 3223 putarunt,
1388 3166 1549 3222 quam
1591 3152 1734 3221 quod
1785 3150 2017 3222 Epipha-

436 3247 561 3301 nius
617 3243 1048 3300 Theodotionem
1096 3245 1198 3299 sub
1250 3243 1582 3306 Commodo,
1633 3243 2022 3314 Symmachum

436 3337 540 3390 sub
585 3334 786 3389 Severo
830 3337 1215 3405 interpretatos
1244 3351 1366 3390 esse
1393 3335 1719 3404 prodiderat.
1755 3333 1864 3404 Ego
1896 3349 2024 3389 vero

436 3427 694 3481 aberrare
721 3425 937 3495 quidem
979 3425 1337 3495 Epiphaniqu
1385 3441 1583 3496 negare
1629 3440 1736 3478 non
1775 3441 2018 3494 possum,

435 3519 528 3587 qui
571 3515 816 3571 Severum
850 3528 949 3583 pro
981 3515 1110 3570 Vero
1153 3531 1432 3586 perperam
1467 3520 1848 3586 usurpaverit:
1883 3533 2020 3570 eon-

437 3607 640 3661 sentire
701 3613 880 3660 autem
931 3621 1115 3660 secum
1169 3607 1380 3674 ipsum,
1431 3615 1483 3661 et
1545 3609 1600 3660 in
1647 3623 1832 3662 errore
1874 3624 2020 3662 con-

437 3705 670 3752 stantem
724 3712 847 3752 esse
893 3695 1168 3751 defendo:
1199 3713 1308 3749 uno
1360 3705 1538 3752 tamen
1585 3714 1840 3767 peccasse
1886 3715 2021 3769 prrc-

438 3799 608 3852 terea,
635 3787 778 3858 quod
808 3805 928 3860 pag.
965 3789 1087 3850 172.
1123 3803 1245 3844 cum
1277 3798 1396 3860 post
1440 3789 1772 3845 Pertinacem
1821 3800 1874 3844 et
1923 3791 2022 3846 Se-

437 3897 623 3934 verum
652 3880 765 3934 haec
795 3880 1074 3934 subdidit:
1118 3881 1205 3932 Ἐν
1243 3884 1352 3944 τοῖς
1396 3881 1489 3934 τοῦ
1533 3883 1770 3953 Σευήρου
1807 3884 2019 3954 χρόνοις

436 3970 728 4042 Σύμμαχος
761 3987 862 4033 τις,
899 3981 1028 4035 ete.,
1063 3985 1170 4024 non
1206 3975 1338 4026 satis
1359 3973 1649 4041 expressit,
1685 3973 1750 4026 de
1778 3988 2014 4042 quonam

435 4062 640 4118 Severo
685 4063 1016 4131 loqueretur,
1047 4064 1170 4116 cum
1215 4063 1353 4118 duos
1401 4074 1904 4127 commemorasset,
1933 4067 2015 4118 vi-

433 4167 638 4223 susque
669 4162 753 4205 est
787 4150 930 4204 haud
959 4151 1232 4207 immerito
1266 4153 1618 4222 posteriorem
1661 4153 2012 4217 intellexisse,

432 4246 518 4300 cui
553 4245 796 4315 proxime
825 4243 929 4295 ista
965 4243 1262 4298 subtexuit.

502 4337 586 4390 Ab
623 4335 726 4389 hac
767 4332 1058 4403 Epiphanii
1095 4336 1522 4392 hallucinatione
1550 4351 1871 4392 revocemus
1901 4338 2015 4390 aui-

2134 1875 2323 1931 Patres
2365 1878 2822 1932 animadvertisse
2860 1878 3144 1940 videntur,
3179 1878 3269 1946 qui
3303 1880 3355 1930 in
3383 1891 3691 1932 commemo-

2132 1971 2322 2024 randis
2352 1970 2460 2026 illis
2499 1970 2890 2039 interpretibus
2925 1970 3286 2023 Theodotioni
3327 1969 3687 2042 Symmachum

2132 2069 2505 2130 anteponunt,
2564 2077 2690 2117 raro
2741 2061 3174 2116 Theodotionem
3224 2059 3565 2132 Symmacho.
3599 2061 3689 2114 Nec

2129 2165 2194 2204 eo
2222 2152 2416 2206 ordine
2443 2153 2712 2206 duntaxat
2745 2154 3020 2223 appellant
3042 2195 3054 2216 ,
3086 2169 3206 2206 cum
3241 2170 3309 2207 ex
3344 2154 3583 2224 Origenis
3610 2167 3690 2206 co-

2129 2243 2344 2299 dicibus
2373 2245 2710 2315 depromptis
2740 2246 3052 2300 earumdem
3089 2248 3422 2302 testimoniis
3451 2254 3686 2305 utuntur,

2129 2337 2222 2390 sed
2260 2345 2375 2390 tum
2427 2353 2648 2407 quoque
2698 2352 2820 2392 cum
2864 2337 3206 2408 singulorum
3258 2338 3326 2391 τὰ
3362 2338 3688 2408 ἱστορούμενα

2130 2429 2408 2498 sigillatim
2457 2438 2757 2499 exponunt.
2823 2428 2954 2482 Nam
3002 2430 3175 2498 primo
3216 2432 3337 2484 loco
3379 2428 3514 2482 LXX
3544 2430 3688 2482 Inter-

2131 2533 2311 2590 pretes
2342 2522 2711 2585 constituunt,
2750 2519 2950 2590 quibus
2987 2520 3258 2590 Aquilam,
3301 2520 3685 2592 Symmachum,

2129 2612 2560 2667 Theodotionem
2592 2612 2910 2680 subjiciunt.
2960 2610 3053 2666 Sic
3090 2611 3429 2667 Athanasius
3486 2613 3537 2665 in
3567 2609 3686 2681 Syn-

2127 2704 2245 2772 opsi
2319 2706 2651 2758 anteriorem
2740 2701 2910 2757 fuisse
2981 2701 3375 2774 Symmachum
3435 2701 3683 2755 aliirmat:

2128 2796 2284 2864 cujus
2322 2796 2618 2850 editionem
2651 2809 2738 2848 Lvr
2789 2805 2913 2865 post
2951 2796 3159 2864 Aquila:
3212 2796 3520 2849 versionem
3553 2793 3686 2844 annis

2127 2889 2406 2942 exstitisse
2439 2894 2647 2940 narrat.
2681 2885 2758 2953 Si,
2802 2895 2858 2940 ut
2889 2898 3080 2941 auctor
3113 2897 3193 2941 est
3227 2885 3590 2956 Epiphanius,
3623 2899 3683 2936 xu

2126 2977 2352 3030 Adriani
2382 2991 2526 3030 anno
2553 2976 2765 3046 Aquila!
2803 2977 3180 3046 interpretatio
3214 2978 3459 3045 prodiit,
3495 2977 3580 3045 qui
3616 2982 3684 3027 est

2129 3083 2304 3123 annus
2337 3069 2540 3122 Christi
2577 3067 2677 3121 128
2703 3107 2718 3129 ,
2749 3071 2830 3122 vel
2885 3067 2955 3122 ab
2983 3084 3047 3121 eo
3077 3068 3368 3136 proximus
3395 3109 3408 3130 ,
3440 3070 3682 3137 quinqua-

2126 3161 2369 3229 gesimus
2401 3159 2469 3212 ab
2521 3159 2614 3212 illo
2648 3168 2702 3213 et
2733 3167 2922 3212 sextus
2962 3171 3140 3212 annus
3181 3159 3379 3211 incidit
3411 3160 3463 3211 in
3505 3169 3679 3209 annum

2127 3248 2348 3303 circiter
2380 3249 2503 3312 184,
2534 3248 2818 3302 Commodi
2855 3258 3135 3319 quartum,
3172 3253 3256 3304 vel
3299 3251 3566 3320 quintum.
3592 3244 3678 3300 Sed

2126 3355 2408 3412 perperam
2440 3339 2582 3394 idem
2630 3337 2947 3410 Synopseos
2993 3351 3185 3394 auctor
3213 3342 3319 3396 sub
3359 3341 3552 3396 Severo
3585 3336 3679 3390 edi-

2126 3441 2234 3482 tam
2270 3445 2392 3484 esse
2424 3427 2611 3484 refcr't.
2656 3428 2792 3482 Nam
2831 3430 3066 3484 subinde
3095 3429 3525 3486 Theodotionem
3565 3429 3678 3482 sult-

2126 3529 2335 3585 texens,
2375 3521 2718 3592 Ἦρμήνευσε
2756 3521 2850 3574 καὶ
2878 3519 3040 3585 αὐτός
3061 3563 3074 3586 ,
3114 3523 3332 3592 inquit,
3366 3523 3456 3576 ἐπὶ
3485 3518 3678 3590 Κομμόι

2121 3612 2209 3664 δου
2235 3611 2329 3664 τοῦ
2364 3611 2626 3682 βασιλέως
2654 3612 2710 3665 ὲν
2743 3611 2894 3682 αὑτῷ
2914 3613 2990 3683 τῷ
3020 3613 3220 3685 χρόνῳ.
3265 3613 3458 3668 Eodem
3483 3622 3676 3676 tempore

2120 3714 2170 3756 et
2205 3706 2313 3771 ipse
2345 3703 2440 3756 sub
2473 3702 2760 3758 Commodo
2808 3704 3182 3772 interpretatus
3233 3717 3333 3760 est.
3381 3706 3492 3760 Non
3538 3703 3676 3770 igitur

2121 3794 2260 3847 alter
2311 3794 2414 3849 sub
2469 3793 2689 3850 Severo.
2769 3793 2847 3848 ita
2906 3804 3127 3866 propter
3186 3801 3417 3852 exotica:
3467 3797 3675 3849 historue

2121 3887 2426 3954 neglectum
2457 3887 2778 3957 plerumque
2826 3889 3159 3944 sanctissimi
3190 3889 3384 3946 Patres
3417 3889 3676 3943 inextrica-

2121 3978 2324 4034 bilibus
2357 3993 2476 4033 sese
2504 3978 2716 4048 laqueis
2739 3979 3054 4049 implicant:
3077 3978 3422 4050 Epiphanius
3447 3979 3672 4044 denique,

2118 4084 2180 4123 ex
2236 4083 2346 4139 quo
2385 4069 2680 4122 contraria:
2727 4071 3014 4124 sententia:
3046 4070 3271 4124 unicum
3323 4081 3380 4126 et
3431 4068 3674 4138 singulare

2120 4160 2520 4214 ﬁrmamentum
2565 4160 2985 4214 Alexandrinum
3038 4159 3343 4216 Chronicon
3391 4177 3452 4215 ac
3513 4173 3673 4215 recen-

2128 4249 2297 4304 tiores
2346 4249 2680 4313 hauserunt,
2753 4250 2928 4319 palam
2999 4264 3063 4305 ac
3116 4251 3236 4305 sine
3282 4253 3506 4320 ambage
3534 4247 3671 4319 Sym-

2117 4341 2372 4393 machum
2398 4337 2776 4394 Theodotione
2812 4341 3046 4410 priorem
3075 4341 3360 4397 exstitisse
3390 4343 3667 4395 conﬁrmat,

343 4417 346 4419 ’
434 4441 580 4480 mum
616 4428 684 4481 ad
725 4441 1067 4483 communem
1099 4425 1165 4481 de
1193 4428 1480 4496 utriusque
1514 4427 1827 4497 interpretis
1857 4439 2014 4483 aetate
2047 4453 2092 4508 ι)
2119 4437 2281 4497 atque
2319 4429 2463 4483 hunc
2486 4431 2590 4483 sub
2615 4431 2918 4484 Commodo
2944 4471 2960 4495 ,
2995 4431 3146 4484 illum
3181 4433 3286 4486 sub
3315 4431 3455 4485 Vero
3478 4469 3492 4494 ,
3526 4429 3572 4484 id
3603 4433 3669 4480 est

431 4519 786 4573 sententiam.
820 4518 1148 4572 inveteravit
1175 4518 1319 4571 enim
1356 4518 1468 4587 jam
1505 4522 1646 4588 apud
1678 4522 2013 4576 recentiores

426 4626 626 4666 omnes
660 4611 773 4664 haec
811 4610 1031 4681 opinio:
1081 4610 1468 4681 Symmachum
1518 4621 1641 4681 post
1679 4611 2012 4668 Theodotio-

432 4719 555 4758 nem
584 4704 886 4760 exstitisse.
926 4703 999 4757 De
1031 4717 1141 4772 quo
1175 4717 1307 4758 sane
1344 4703 1440 4757 diu
1473 4713 1558 4758 est
1603 4706 1748 4775 quod
1777 4707 1966 4760 dubito
1995 4723 2008 4760 :

431 4813 558 4852 nam
608 4797 817 4850 nullum
858 4796 1003 4849 aliud
1061 4795 1384 4867 προλήψεως
1437 4797 1594 4852 istius
1631 4811 2008 4868 argumentum

430 4890 631 4954 video,
669 4903 830 4958 quam
900 4887 1187 4958 Epiphanii
1237 4889 1608 4943 testimonium
1672 4889 1844 4954 illud,
1901 4905 2011 4959 quo

432 4980 818 5052 Symmachum
853 4981 955 5034 sub
991 4980 1214 5040 Severo,
1251 4977 1680 5035 Theodotiouem
1716 4983 1818 5035 sub
1849 4983 2012 5035 Com-

431 5073 591 5127 modo
611 5074 900 5142 scripsisse
935 5073 1143 5127 docuit.
1174 5073 1286 5127 [Ioc
1315 5089 1445 5129 vero
1471 5075 1582 5142 jam
1615 5083 1832 5129 extorto
1855 5113 1868 5138 ,
1900 5090 2010 5143 quo

428 5165 649 5220 demum
709 5164 830 5217 freti
867 5163 1296 5218 Theodotionem
1355 5166 1708 5220 vetustiorem
1745 5181 1867 5222 esse
1908 5183 2008 5237 pu-

427 5255 716 5321 gnabunt?
750 5254 819 5306 At
853 5269 880 5306 e
911 5258 1190 5308 contrario
1252 5257 1562 5327 Symmachi
1617 5258 1852 5325 priorem
1892 5259 2008 5312 edi-

427 5350 628 5403 tionem
657 5363 801 5411 esse,
827 5350 981 5416 plura
1018 5349 1146 5401 mihi
1178 5350 1525 5417 persuadent.
1561 5351 1617 5403 in
1641 5351 1834 5419 primis
1867 5351 2007 5405 ordo

429 5438 517 5492 ille
541 5479 554 5502 ,
581 5453 740 5506 quctn
776 5437 828 5490 in
868 5437 1152 5492 codicibus
1187 5437 1444 5507 Origenes
1484 5440 1760 5494 instituit:
1797 5439 1850 5492 in
1882 5442 2004 5510 qui-

429 5526 529 5580 bus
560 5535 678 5594 post
700 5525 952 5594 Aquilam
991 5533 1251 5594 perpetuo
1277 5525 1636 5596 Symmachus
1672 5536 1798 5582 ante
1827 5527 2007 5583 Theo-

430 5614 707 5668 «lationem
745 5616 985 5685 ponitur.
1020 5616 1198 5681 Quod,
1242 5617 1348 5668 nisi
1387 5619 1662 5688 antiquior
1689 5627 1834 5672 esset
1886 5619 2001 5688 ille,

430 5715 536 5757 (ur
561 5705 636 5756 ita
678 5705 989 5777 disponeret
1019 5707 1283 5776 Origenes
1312 5747 1326 5770 ,
1388 5722 1611 5764 causam
1668 5709 1874 5764 nullam
1908 5710 2005 5768 ha-

2116 4521 2184 4574 M.
2223 4521 2462 4582 Aurelio,
2496 4522 2788 4590 scripsisse
2824 4541 2836 4576 :
2879 4533 3041 4590 quem
3077 4521 3284 4578 frustra
3328 4523 3562 4577 Severum
3592 4533 3667 4584 ap-

2116 4613 2300 4681 pellat,
2335 4612 2589 4681 idemque
2625 4621 2685 4666 ut
2717 4615 2920 4668 faceret
2946 4614 3262 4684 Synopseos
3293 4615 3458 4677 illius,
3488 4613 3561 4666 vel
3589 4625 3665 4677 ap-

2117 4704 2364 4772 pemlicis
2425 4705 2784 4773 Syuopseos,
2849 4718 2971 4774 qua
3037 4706 3343 4761 Athanasio
3399 4704 3661 4760 tribuitun

2116 4803 2391 4848 auctorem
2417 4795 2650 4848 induxit.
2669 4795 2764 4850 Est
2789 4797 2933 4848 enim
2967 4797 3081 4850 haec
3105 4798 3304 4852 lacinia
3331 4804 3661 4866 nequaquam.

2115 4896 2173 4940 ut
2207 4889 2429 4956 opinor,
2463 4887 2790 4951 Athanasii,
2843 4889 2938 4942 sed
2971 4890 3264 4958 scriptoris
3295 4891 3516 4943 alterius
3539 4927 3551 4948 ,
3586 4881 3660 4950 qui

2111 4994 2176 5032 ex
2215 4979 2519 5048 Epiphanio
2564 4979 2667 5033 ista
2712 4979 3057 5043 describens,
3121 4981 3345 5048 perinde
3390 4988 3542 5048 atque
3571 4977 3656 5032 ille.

2112 5085 2212 5138 pro
2247 5068 2387 5124 Vero
2437 5071 2700 5125 Severum
2753 5072 3061 5140 usurpavit.
3122 5071 3306 5136 Quare
3348 5070 3487 5141 quod
3523 5067 3656 5135 Sym-

2113 5162 2364 5216 machum
2397 5163 2500 5216 sub
2530 5159 2736 5216 Severo
2764 5161 3068 5216 Pertinacis
3099 5178 3420 5217 sueeessore
3451 5157 3655 5214 edidisse

2109 5253 2273 5321 vulgo
2301 5253 2502 5316 ferunt,
2529 5261 2803 5322 quatenus
2830 5270 2895 5307 ex
2917 5251 3222 5324 Epiphanio
3246 5254 3387 5308 istud
3412 5254 3650 5306 asserunt.

2113 5354 2321 5398 mutent
2365 5345 2626 5414 deinceps
2678 5346 3004 5399 sententiam
3041 5360 3263 5405 omnes,
3296 5353 3385 5408 et,
3440 5342 3502 5396 si‘
3533 5339 3651 5389 hunc

2110 5444 2390 5489 auctorem
2447 5437 2602 5506 sequi
2660 5436 2932 5506 cupiunt,
2989 5437 3056 5489 ad
3111 5436 3274 5490 Marci
3327 5432 3516 5487 Aurelii
3547 5421 3646 5478 Veri

2111 5537 2352 5593 tempora
2407 5528 2788 5582 submoveant.
2853 5528 3136 5583 Ccdrenus
3185 5526 3548 5597 Symmachum
3591 5526 3643 5567 ex

2109 5620 2329 5675 Eusebii
2400 5622 2503 5675 ﬁde
2562 5619 2874 5674 Pertinacis
2930 5629 3177 5689 tempore.
3237 5619 3402 5671 fuisse
3460 5607 3638 5666 scribit.

2110 5713 2264 5778 Quod
2297 5728 2399 5782 ego
2427 5713 2570 5781 apud
2606 5712 2900 5766 Eusebium
2937 5711 3180 5766 nondum
3213 5709 3417 5779 reperi;
3459 5714 3565 5756 nam
3589 5693 3632 5746 in
