3920 6458
348 338 455 395 557

1306 334 1395 388 DE
1435 328 1877 388 ROMANORUM
1921 326 2106 383 IMPP.
2150 328 2663 390 CilROXOLOGiA.

3523 338 3629 393 558

348 454 445 512 lib.
469 471 520 510 γι
552 454 860 525 llist.,cap.
893 453 977 520 12,
1003 459 1059 507 et
1089 451 1185 508 lib.
1211 468 1286 507 vn
1314 451 1387 505 De
1408 453 1721 514 demonstr.,
1746 464 1867 519 cap.
1890 445 1944 510 2,
1977 448 2023 501 Α
2051 447 2155 501 (1ίυὶ
2192 448 2383 503 bellum
2402 491 2416 514 ,
2448 449 2587 520 quod
2618 451 2934 505 vetabantur
2966 452 3216 507 mutitare
3244 451 3522 522 genitalia.

347 547 439 603 ubi
472 546 597 616 quis
621 543 985 617 Symmachus
1014 542 1182 615 fuerit
1211 543 1457 612 exponit,
1501 542 1567 597 de
1603 542 1749 596 illius
1777 548 1938 595 aetate

345 639 576 694 verbum
602 637 831 695 nullum.
867 635 964 689 Est
988 644 1193 700 tamen,
1229 643 1290 689 ut
1320 635 1555 704 ingenue
1582 632 1775 698 fatear,
1801 647 1937 714 non-

345 730 509 795 nihil,
546 729 693 799 quod
728 728 785 781 iu
813 726 1113 782 asserenda
1133 724 1448 800 Symmachi
1481 732 1750 781 vetustate
1780 740 1940 779 scru-

348 823 538 893 pulum
574 830 781 875 movet:
836 820 1098 873 nimirum
1144 818 1292 889 quod
1332 818 1574 873 lrenaaus
1601 860 1614 885 ,
1646 817 1736 886 qui
1771 815 1938 873 Marci

348 912 561 969 Aurelii
623 921 676 971 et
712 912 996 968 Commodi
1056 918 1339 983 tempore,
1376 925 1440 965 ac
1485 909 1672 967 Severi
1717 922 1939 980 quoque

347 1007 507 1063 initio
556 1005 773 1067 ﬂoruit,
815 1004 914 1059 lib.
958 1020 1044 1070 ιιι,
1084 1019 1208 1075 cap.
1235 1004 1306 1063 24
1332 1042 1346 1067 ,
1379 1017 1507 1058 cum
1546 1002 1615 1058 de
1665 1002 1759 1055 illo
1788 1001 1940 1055 lsaiac

348 1099 473 1154 loco
502 1140 518 1162 ,
567 1111 689 1168 cap.
720 1112 837 1160 vn,
887 1093 976 1161 14,
1028 1092 1165 1147 Ecce
1203 1094 1347 1165 virgo
1395 1094 1688 1161 concipiet,
1744 1092 1938 1146 adrer-

348 1206 447 1246 sas
472 1187 691 1244 Judaeos
724 1185 975 1250 disserit,
1033 1183 1432 1240 Theodotiouis
1477 1192 1532 1238 et
1558 1183 1767 1254 Aquilae
1791 1223 1806 1248 ,
1841 1183 1938 1252 qui

348 1283 512 1335 aliter
537 1277 880 1349 interpretati
911 1274 1148 1340 fuerant,
1184 1275 1454 1341 meminit,
1493 1290 1602 1352 nep
1640 1276 1765 1329 item
1783 1272 1941 1346 Sym-

350 1371 556 1427 machi.
598 1370 668 1423 At
708 1384 817 1422 non
865 1368 1048 1422 minus
1080 1368 1182 1423 iste
1209 1407 1224 1432 ,
1279 1382 1443 1438 quam
1476 1368 1640 1422 ambo
1672 1366 1747 1419 illi
1777 1408 1791 1434 ,
1840 1380 1939 1435 pro

350 1464 570 1535 virgine,
604 1461 819 1516 νεάνιδα
843 1459 1173 1523 reddiderat,
1209 1464 1267 1513 ut
1298 1459 1391 1513 lib.
1425 1475 1500 1512 vn
1533 1458 1610 1513 De
1641 1459 1934 1512 demonstr.

352 1562 589 1611 testatur
626 1552 917 1607 Eusebius.
963 1552 1149 1620 Itaque
1201 1552 1248 1604 si
1307 1560 1420 1605 tum
1479 1549 1628 1605 illius
1688 1549 1940 1604 exstabat

347 1646 542 1712 editio,
582 1644 835 1715 usurpari
865 1643 934 1698 ab
957 1641 1247 1707 Ehionazis,
1279 1628 1514 1713 quorum
1545 1659 1574 1696 e
1600 1658 1763 1715 grege
1782 1641 1939 1713 Sym-

350 1739 580 1815 machus
613 1738 714 1791 fuit
741 1778 754 1801 ,
788 1746 841 1792 et
879 1737 947 1792 ab
989 1734 1191 1790 Ireuzeo
1230 1735 1403 1791 refelli
1435 1735 1643 1791 debuit.
1685 1734 1939 1805 Cogitcnt

2119 539 2189 595 Τὸ
2239 540 2308 594 δὲ
2364 541 2451 595 ἐτι
2496 543 2723 596 τούτων
2775 540 3216 612 χαλεπώτερον.
3278 541 3411 597 Vide
3465 543 3633 598 Corn.

2043 629 2261 686 Celsum
2304 633 2399 686 lib.
2431 648 2527 697 ru,
2563 648 2684 703 cap.
2719 632 2810 687 25.
2851 632 3019 686 Libro
3066 633 3086 686 l
3126 632 3398 698 λικελψ,
3436 649 3556 704 cap.
3594 652 3635 698 ι,

2045 721 2323 777 Menelaus
2356 733 2410 779 et
2447 723 2649 779 Tobias
2667 723 3015 778 adduxerunt
3039 724 3141 779 sibi
3166 727 3450 795 praeputia.
3478 724 3634 791 Quod

2046 815 2270 869 Hieron.
2304 817 2358 869 in
2383 831 2501 885 cap.
2534 832 2608 870 ιιι
2636 815 2799 871 Isaice
2830 817 2947 872 fieri
2980 832 3142 887 posse
3172 833 3280 872 non
3321 819 3576 873 credidit.

2114 910 2222 961 Kal
2268 909 2649 978 κολλητικοᾶ)
2695 911 3199 980 περιοδευθέντες.
3238 910 3389 966 Fort.
3428 913 3626 984 περιδε-

2046 998 2254 1064 οὲντες.
2310 1000 2633 1071 Quanquam
2686 1003 2909 1057 tolerari
2956 1004 3128 1058 altera
3169 1012 3371 1073 potest.
3420 1003 3495 1058 De
3521 1021 3638 1057 ein-

2046 1091 2272 1162 plastris
2310 1093 2576 1163 loquitur,
2612 1095 2812 1165 quibus
2858 1110 2923 1152 ea
2965 1111 3095 1166 pars
3138 1097 3465 1168 glutinatur.
3502 1095 3636 1152 Vide

2044 1181 2286 1236 Celsum.

2115 1269 2280 1323 Μετὰ
2308 1272 2527 1326 τοῦτον
2556 1272 2627 1326 δὲ
2668 1274 2821 1328 κατὰ
2865 1274 3079 1343 πόδας.
3116 1274 3232 1329 lino
3282 1285 3411 1331 ante
3455 1277 3635 1346 ipsum

2045 1361 2257 1416 exstitit
2293 1361 2623 1427 Tlieodotio,
2677 1381 2787 1419 non
2835 1364 3127 1428 Ponticus.
3166 1368 3262 1423 sed
3315 1367 3631 1438 Ephesius:

2047 1452 2125 1506 uti
2157 1454 2226 1508 ab
2272 1457 2578 1511 Athanasio
2635 1466 2884 1523 vocatur,
2925 1467 2980 1514 et
3021 1461 3167 1531 quod
3217 1470 3382 1532 caput
3418 1471 3525 1529 cst,
3567 1465 3636 1518 ab

2046 1539 2271 1609 irenteo,
2300 1545 2396 1599 lib.
2433 1561 2513 1607 In,
2552 1561 2673 1617 cap.
2718 1549 2806 1603 24.

2120 1636 2318 1689 "Astra
2364 1640 2452 1703 εἰς
2498 1639 2759 1706 ὕστερον
2802 1642 2872 1693 ἐν·
2916 1640 3043 1708 τοῖς
3076 1644 3309 1712 φωνῶν.
3365 1644 3634 1715 Origenes

2048 1724 2191 1779 LXX
2223 1724 2515 1782 Seniorum
2557 1729 2780 1784 editioni
2815 1732 3188 1790 Tlieodotionis
3228 1738 3633 1792 translationem

347 1802 574 1887 έηωῃί,
606 1827 858 1885 Νοιιάιιηι
908 1826 1054 1880 enim
1096 1826 1151 1880 in
1192 1826 1473 1882 communi
1524 1826 1796 1881 sententia
1853 1840 1943 1879 ac-
1972 1797 2019 1856 Β
2050 1819 2279 1883 miscuit,
2326 1824 2581 1876 asterisco
2642 1833 2691 1877 ct
2732 1825 2878 1879 obelo
2921 1843 3049 1895 opus
3096 1845 3246 1883 omne
3281 1830 3630 1901 distinguens,

348 1921 636 1994 quiescere
662 1935 979 1992 possumus.
1413 1921 1421 1925 “
1604 1954 1607 1955 ν

424 2012 599 2067 Ὅσοι
626 2014 737 2082 γὰρ
765 2011 882 2066 ἀπὸ
918 2010 1039 2067 τῶν
1052 2010 1374 2069 Ἰουδαίων.
1404 2008 1753 2064 Contrarium
1776 2005 1945 2061 tradit

348 2103 586 2177 August.
630 2104 724 2157 lib.
778 2118 794 2156 ι
833 2113 1017 2157 contra
1046 2101 1321 2167 Crescon.,
1369 2116 1490 2173 cap.
1521 2099 1585 2154 51
1632 2119 1644 2155 :
1687 2096 1944 2169 Nunquid

348 2194 495 2269 apud
541 2195 915 2251 Samaritanos
949 2195 1297 2250 circumcisus
1322 2235 1337 2257 ,
1389 2193 1436 2247 si
1471 2193 1593 2262 ﬁeri
1635 2202 1760 2245 tunc
1790 2190 1945 2244 vellet

349 2286 599 2351 Judteus,
622 2295 797 2354 posset
827 2288 1020 2341 iterum
1055 2284 1409 2340 circumcidi?
1444 2283 1633 2338 Nonne
1671 2281 1818 2338 illius
1849 2283 1942 2336 lio—

351 2377 516 2431 minis
564 2391 713 2430 error
767 2376 1155 2444 corrigeretur,
1202 2372 1537 2445 signaculum
1591 2383 1768 2425 autent
1817 2371 1941 2440 ﬁdti

350 2469 590 2539 agnitum
614 2467 973 2537 probaretur?
1006 2465 1071 2519 Et
1104 2482 1243 2525 nunc
1273 2474 1397 2520 sunt
1430 2464 1653 2534 quidam
1683 2463 1940 2529 ha'rctici,

350 2559 443 2628 qui
476 2573 530 2612 se
570 2556 885 2613 Nazarenos
921 2566 1107 2612 vocant
1130 2596 1143 2620 ,
1180 2573 1211 2609 a
1264 2554 1537 2608 nonnullis
1572 2564 1747 2608 autem
1781 2554 1941 2624 Sym—

352 2647 629 2703 iuachiaui
655 2644 1005 2716 appellantur,
1041 2657 1089 2700 et
1124 2646 1580 2700 circumcisionem
1616 2644 1807 2699 habent
1836 2642 1941 2699 Iu-

350 2740 593 2795 daeorum
618 2778 633 2803 ,
673 2747 723 2793 et
766 2737 1086 2805 baptismum
1118 2735 1583 2798 Christianorum;
1617 2752 1677 2790 ac
1712 2752 1803 2805 per
1843 2736 1940 2790 hoc

349 2828 797 2900 quemadmodum
825 2831 873 2888 si
901 2831 1019 2901 quis
1049 2846 1230 2884 eorum
1257 2830 1324 2883 ad
1343 2828 1562 2884 Judazos
1591 2830 1806 2893 venerit,
1839 2847 1944 2883 nou

350 2932 523 2992 potest
556 2923 743 2976 iterum
764 2922 1096 2990 circumcidi,
1123 2923 1198 2976 sic
1222 2939 1339 2975 cum
1373 2922 1441 2976 ad
1473 2939 1568 2976 nos
1596 2922 1813 2986 venerit,
1839 2939 1943 2979 non

349 3016 504 3072 debet
532 3017 725 3071 iterum
768 3015 1054 3087 baptizari.
1104 3014 1655 3088 Symtuachiauorum
1698 3017 1944 3070 meminit

348 3107 519 3162 etiam
550 3105 901 3162 Philastrius.
932 3105 1038 3162 Sed
1088 3107 1156 3162 ab
1183 3107 1293 3162 alio
1323 3123 1486 3176 quam
1524 3107 1593 3159 ab
1629 3109 1731 3160 hoc
1769 3107 1940 3160 iuter—
1969 3138 2015 3199 ο

349 3202 507 3263 prete
540 3197 849 3250 nominatos
889 3196 1165 3252 existimo.
1205 3195 1303 3251 Est
1349 3198 1481 3250 illud
1516 3213 1643 3251 vero
1678 3198 1941 3251 observa-

348 3290 505 3344 tione
545 3305 652 3343 non
700 3290 1012 3360 indignum,
1045 3290 1190 3360 quod
1225 3291 1293 3345 ad
1337 3290 1817 3345 circumcisiouem
1859 3298 1943 3342 at-

350 3382 538 3445 tinet,
590 3380 725 3435 solis
784 3382 929 3435 illam
978 3378 1181 3436 Iudaeis
1224 3393 1468 3436 veterum
1519 3380 1686 3451 impp.
1733 3380 1944 3452 legibus

357 3470 530 3526 fuisse
565 3470 893 3542 permissam
916 3512 930 3536 ,
972 3473 1189 3527 caeteris
1222 3471 1567 3528 interdictam
1589 3515 1605 3539 ,
1643 3472 1807 3527 etiam
1843 3472 1944 3527 Sa-

354 3563 668 3618 maritanis.
702 3564 819 3629 Qua
864 3566 930 3619 de
971 3579 1031 3620 re
1070 3564 1302 3636 insignis
1347 3572 1433 3621 est
1477 3563 1728 3636 Origcnis
1764 3564 1941 3628 locus,

351 3656 499 3710 libro
533 3671 568 3708 ιι
595 3665 781 3708 contra
814 3654 1029 3711 Celsum
1054 3695 1068 3718 ,
1115 3672 1241 3729 pag.
1284 3655 1389 3711 69:
1442 3655 1603 3708 Ἀλλὰ
1634 3657 1796 3728 φήσει
1836 3673 1942 3720 σιτις⁹

350 3748 440 3802 ὅτι
473 3748 567 3802 καὶ
603 3746 879 3820 Σαμαρεῖς
906 3747 997 3801 διὰ
1022 3748 1123 3820 τὴν
1143 3747 1354 3802 ἑαυτῶν
1387 3746 1698 3803 θεοσέϐειαν
1724 3747 1946 3803 διώκονμ-

350 3858 469 3894 ται.
509 3840 652 3910 Πρδς
690 3840 749 3893 ὃν
778 3838 1001 3893 τοιαῦτα
1039 3839 1302 3911 ἐροῦμεν·
1340 3843 1403 3894 Οἱ
1451 3841 1690 3913 σικάριοι
1728 3839 1818 3897 διὰ
1846 3844 1946 3915 τὴν

354 3931 692 4003 περιτομὴν,
724 3933 799 3994 ὡς
869 3931 1375 4004 ἀκρωτηριάζοντες
1421 3933 1573 4004 παρὰ
1627 3933 1753 3996 τοὺς
1805 3933 1943 3986 καθ-

354 4020 602 4086 εστῶτας
635 4022 831 4094 νόμους
853 4064 867 4088 ,
901 4023 998 4077 καὶ
1037 4023 1104 4078 τὰ
1166 4023 1440 4087 Ἰουδαίοις
1476 4023 1945 4097 συγκεχωρημένα

360 4115 587 4184 μόνοις,
638 4112 1011 4185 ἀναιροῦνται·
1056 4113 1215 4169 Dicat
1263 4115 1496 4186 aliquis:
1532 4113 1715 4169 Etiam
1748 4114 1946 4170 Sama-

358 4206 529 4258 ritani
563 4203 626 4258 ob
658 4207 959 4275 religionem
1003 4222 1158 4260 suam
1199 4206 1615 4274 persecutionem
1662 4208 1942 4261 sustinent.

356 4293 466 4352 Cui
506 4296 584 4349 ita
631 4294 1036 4363 respondemus:
1093 4293 1294 4352 Sicarii
1327 4308 1541 4366 propter
1577 4296 1945 4350 circumcisio-

356 4402 503 4452 nem,
533 4395 790 4455 tanquam
822 4387 1131 4441 mutilantes
1157 4394 1344 4443 contra
1397 4388 1531 4458 leges
1572 4404 1634 4440 ac
1673 4387 1946 4441 licentiam

2047 1909 2174 1963 dum
2200 1922 2291 1965 aut
2322 1912 2628 1969 illuccscere
2658 1915 2812 1982 facit,
2845 1934 2962 1987 qua:
2995 1920 3169 1973 minus
3198 1930 3355 1975 antea
3384 1923 3596 1991 fuerant
3618 1966 3632 1989 ,

2048 2014 2139 2056 aut
2161 2008 2428 2074 super/tua
2442 2025 2659 2079 quaque
2681 2010 2894 2081 jugulat
2917 2024 2964 2066 et
2984 1995 3238 2082 confodit.
3263 2016 3385 2070 llaec
3410 2018 3632 2074 llieron.

2047 2092 2263 2149 Praefat.
2299 2098 2353 2150 in
2388 2097 2604 2153 Pentat.
2638 2099 2773 2156 Vide
2808 2111 2861 2155 ct
2890 2118 2977 2172 cp.
3004 2104 3073 2158 89
3115 2105 3183 2159 ad
3227 2107 3454 2177 August.

2116 2183 2280 2239 Μετὰ
2326 2186 2683 2241 Ἀντωνῖνον
2715 2189 2825 2244 τὸν
2861 2193 3030 2247 Πίον.
3065 2193 3220 2250 Hunc
3248 2195 3507 2253 Severum
3539 2218 3636 2268 pro

2047 2272 2190 2329 Vero
2217 2277 2546 2345 appellatum
2576 2280 2643 2333 ab
2671 2278 2978 2357 Epiphanio
3007 2300 3172 2351 supra
3203 2286 3463 2343 vidimus.
3497 2289 3634 2343 Iliuc

2048 2382 2172 2437 pag.
2204 2367 2325 2432 172,
2357 2368 2425 2423 Μ.
2476 2371 2730 2443 Αὑρίλιος
2755 2374 2933 2445 Σουήρ
2965 2374 3167 2429 dicitur
3191 2395 3203 2429 ε
3229 2379 3328 2432 hoc
3356 2388 3439 2433 est
3469 2382 3636 2453 Σευῆ-

2051 2476 2162 2529 ρος,
2193 2468 2254 2512 ιιι
2298 2461 2511 2529 opinor.
2554 2460 2878 2534 Quanquam
2929 2482 3072 2535 saepe
3114 2467 3331 2538 Οὐῆρος
3379 2481 3528 2527 recte
3567 2475 3637 2529 ab

2047 2549 2355 2620 Epiphanio
2385 2554 2725 2608 nominatur.
2754 2555 2892 2611 Huic
2924 2566 3120 2628 praeter
3146 2576 3234 2614 xix
3260 2575 3457 2630 annos,
3482 2581 3637 2618 meu-

2047 2657 2162 2698 sem
2196 2659 2210 2699 ι
2248 2642 2519 2700 Eusebius
2542 2648 2795 2723 assignat
2834 2668 2846 2703 :
2885 2648 3183 2722 Eutr0pius
3210 2663 3264 2708 et
3318 2652 3505 2710 Victor
3534 2673 3637 2711 au-

2046 2748 2321 2789 nosxvm.
2348 2734 2639 2793 Natus‘cst
2675 2755 2820 2793 anno
2846 2739 2990 2796 Vero
3018 2741 3060 2795 ll
3080 2751 3131 2797 et
3155 2744 3376 2815 Augure
3399 2761 3570 2813 coss.,
3608 2765 3638 2800 ν

2047 2821 2166 2878 Kal.
2201 2824 2384 2894 Mart.,
2420 2836 2479 2881 ut
2510 2830 2585 2883 ait
2623 2830 2986 2901 Capitolinus.
3015 2833 3208 2891 Annus
3240 2837 3288 2892 is
3317 2846 3401 2893 cst
3433 2834 3635 2895 Christi

2051 2916 2173 2970 till.
2206 2915 2356 2972 Vixit
2402 2934 2577 2977 annos
2628 2939 2781 2986 LUII,
2829 2940 3049 2981 menses
3080 2943 3132 2993 ιι,
3180 2928 3296 2983 dies
3332 2945 3424 2996 xx,
3457 2942 3516 2985 ut
3564 2935 3640 2986 ait

2047 3004 2383 3079 Xiphilinus.
2415 3010 2665 3069 Mortuus
2691 3026 2776 3070 cst
2807 3016 2956 3070 enim
2990 3034 3078 3071 im
3114 3018 3233 3073 Kal.
3266 3021 3395 3090 Apr.
3447 3025 3635 3079 eodem

2049 3108 2293 3160 auctore,
2327 3100 2601 3157 Praesente
2634 3112 2689 3157 et
2732 3103 3009 3160 Gordiano
3044 3122 3215 3173 coss.,
3252 3125 3397 3165 anno
3436 3111 3640 3185 Diony:

2049 3189 2208 3245 siano
2244 3192 2362 3247 180.
2415 3194 2712 3264 imperavit
2755 3196 2922 3266 igitur
2961 3213 3137 3255 annos
3179 3200 3387 3257 solidos
3424 3190 3538 3269 xix,
3582 3216 3641 3260 et

2047 3280 2165 3335 dies
2202 3292 2463 3351 praetcrea
2510 3292 2585 3339 x1;
2626 3280 2631 3285 ’

2119 3370 2284 3428 Μετὰ
2317 3375 2533 3430 τοῦτον
2556 3379 2867 3448 Κόμμοδος
2903 3381 3115 3448 ἄλλος.
3149 3384 3341 3450 ’Ἄλλος
3380 3384 3541 3451 dixit,
3578 3396 3640 3442 ut

2049 3478 2077 3515 a
2120 3465 2289 3534 priori
2334 3467 2692 3533 discerneret,
2727 3472 2822 3541 qui
2881 3471 2952 3526 M.
3006 3474 3215 3529 Aurelii
3256 3476 3465 3546 collega
3499 3477 3638 3545 fuit;

2049 3556 2154 3612 sub
2182 3574 2292 3629 quo
2343 3556 2743 3617 Thcodotionis
2787 3563 3083 3620 editionem
3136 3567 3412 3636 prodiisse
3448 3584 3641 3638 perpe-

2051 3666 2167 3704 ram
2198 3652 2493 3708 existimat.
2526 3652 2849 3725 Xiphilinus
2880 3656 3181 3714 Commodo
3209 3658 3303 3714 dat
3338 3676 3514 3716 annos
3542 3677 3638 3727 xu,

2049 3758 2267 3803 nienses
2299 3760 2375 3807 ιχ,
2417 3743 2535 3800 dies
2568 3761 2680 3801 MV.
2707 3744 2895 3801 Victor
2924 3757 2979 3802 et
3009 3747 3309 3820 Eutropius
3332 3765 3507 3806 annos
3539 3767 3638 3817 xu,

2049 3850 2267 3892 menses
2302 3852 2421 3891 vni.
2456 3835 2689 3895 Occisus
2709 3848 2794 3895 cst
2821 3840 2963 3911 prid.
2996 3840 3118 3897 Kal.
3159 3841 3308 3909 Jan.,
3339 3843 3641 3898 Commodo
3691 3821 3701 3839 ’

2050 3923 2140 3979 VII
2177 3935 2231 3981 et
2259 3925 2551 3984 Pertinaee
2590 3945 2761 3995 coss.,
2804 3946 2949 3986 anno
2982 3930 3318 4004 Dionysiano
3365 3932 3487 3989 192.
3534 3933 3640 3987 lin-

2049 4019 2260 4091 peravit
2285 4018 2453 4090 igitur
2480 4036 2655 4077 annos
2687 4039 2786 4088 xu,
2824 4038 3043 4079 menses
3076 4040 3194 4088 vui,
3231 4025 3349 4081 dies
3382 4042 3491 4080 xw.

2119 4112 2437 4182 Κόμμοδον
2472 4115 2690 4170 τοῦτον
2715 4115 3068 4184 διαδέχεται.
3111 4115 3331 4175 Falsum
3363 4127 3448 4173 cst
3481 4135 3641 4176 men—-

2048 4218 2138 4259 ses
2192 4203 2496 4273 imperasse
2536 4221 2611 4259 vn.
2665 4202 2853 4274 Neque
2897 4205 3043 4259 enim
3096 4206 3317 4261 tertium
3372 4207 3637 4275 implevit.

2049 4291 2346 4361 Eutropius
2387 4293 2506 4349 dies
2539 4309 2705 4360 Lxxx,
2749 4292 2850 4347 Dio
2886 4309 3106 4348 Lxxxrn
3139 4312 3153 4349 :
3204 4293 3420 4350 duobus
3454 4298 3639 4352 minus

2051 4383 2240 4441 Victor
2278 4384 2550 4441 attribuit.

355 4479 491 4533 solis
528 4475 736 4535 Iudaeis
785 4494 1133 4541 concessam,
1186 4494 1341 4548 plena
1385 4480 1571 4532 mortis
1621 4479 1939 4548 afﬁciuntur.

2127 4478 2351 4533 Τοῦτον
2406 4476 2741 4547 διαδέχεται
2790 4476 3058 4545 Σευιῆρος
3100 4478 3311 4544 ἄλλος.
3360 4476 3638 4535 Julianum

358 4568 598 4624 Proinde
632 4567 964 4624 Samaritani
999 4580 1261 4640 tanquam
1295 4570 1480 4625 sicarii
1505 4572 1775 4642 supplicio
1810 4573 1944 4626 sub-

352 4659 522 4730 jecti,
582 4667 641 4712 ut
692 4669 745 4713 ct
796 4662 1028 4715 marium
1092 4669 1431 4717 exsectores.
1477 4659 1819 4717 Modestinus
1857 4661 1950 4732 ju-

359 4753 595 4806 fiSCO-tss.
620 4767 634 4803 :
669 4751 1060 4806 Circumcidere
1086 4749 1296 4805 Iudicis
1311 4751 1453 4821 ﬁlios
1478 4768 1602 4806 suos
1631 4761 1840 4806 tantum
1866 4769 1949 4806 re-

356 4842 559 4909 scripto
580 4841 685 4894 divi
716 4841 795 4895 Pii
817 4843 1173 4910 permittitur:
1204 4839 1252 4891 εἰ
1284 4860 1387 4897 non
1416 4843 1650 4914 ejusdem
1676 4843 1947 4915 religionis

356 4932 452 5006 qui
496 4931 592 4986 hoc
640 4932 857 5003 fecerit,
909 4934 1200 4988 castrantis
1257 4949 1412 5003 plena
1451 4936 1743 5006 irrogatur.
1789 4935 1945 5003 Quod

356 5031 612 5080 castrare
638 5038 707 5078 ne
746 5024 974 5080 medicis
1004 5026 1226 5096 quidem
1260 5026 1342 5081 fas
1376 5034 1543 5092 esset,
1573 5027 1818 5081 declarat
1851 5025 1949 5082 Ju-

357 5116 544 5171 stinus
593 5122 805 5186 martyr
861 5114 1016 5184 Apol.
1051 5115 1087 5169 ἓ
1141 5116 1392 5186 exemplo
1442 5115 1777 5180 Christiani,
1830 5116 1947 5185 qui,

361 5213 422 5257 ut
458 5220 707 5276 sparsam
734 5222 763 5259 a
805 5206 1102 5277 gentilibus
1154 5207 1419 5262 adversus
1448 5206 1797 5262 Christianos
1821 5224 1951 5279 pro~

359 5298 561 5354 miscui
622 5299 948 5353 concubitus
1010 5284 1271 5352 invidiam
1328 5296 1646 5364 refcllcret,
1704 5298 1945 5353 libellum

356 5391 562 5446 obtulit
596 5389 762 5445 Felici
798 5390 1017 5461 {Egypti
1055 5391 1335 5461 praefecto,
1379 5405 1487 5460 quo
1518 5391 1810 5447 cxsecandi
1862 5393 1947 5450 sui

359 5490 608 5553 potestas
644 5486 826 5539 lieret:
859 5484 1023 5536 Ἀνευ
1052 5482 1162 5554 γὰρ
1185 5482 1283 5554 τῆς
1305 5481 1399 5535 τοῦ
1425 5483 1688 5554 ἡγεμόνος
1728 5486 1949 5557 ἐπιτρο-

363 5577 475 5648 πῆς
503 5577 663 5633 τοῦτο
683 5580 940 5652 πράττειν
961 5578 1295 5651 ἀπειρῆσθαι
1320 5580 1368 5651 oi
1398 5580 1513 5637 ἐκεῖ
1545 5580 1718 5650 ἰατροὶ
1742 5578 1944 5649 ἔλεγον.

360 5667 512 5735 Quin
542 5678 597 5727 et
632 5668 807 5727 Judaei
854 5670 1151 5741 aliquando
1188 5671 1337 5726 vetiti
1367 5670 1620 5725 mutitare
1668 5671 1946 5740 genitalia.

362 5758 554 5830 Spart.
627 5761 897 5817 Adriano:
930 5744 1224 5816 ilionei-aut
1276 5744 1341 5815 ea
1410 5771 1714 5832 tempestate
1751 5772 1800 5815 et
1840 5760 1945 5817 Ju—

2050 4570 2333 4641 przrteriit.
2373 4569 2484 4625 Cur
2515 4579 2698 4625 autem
2731 4569 2969 4639 Σευῆρον
2999 4569 3159 4624 ἄλλον
3202 4579 3382 4637 vocet,
3414 4587 3639 4627 causam

2047 4662 2425 4733 exposuimus.
2463 4660 2563 4717 Dio
2588 4662 2805 4732 imperii
2833 4671 3049 4737 tempus
3078 4662 3240 4718 annis
3271 4679 3407 4728 xm,
3439 4665 3642 4718 mensi-

2048 4754 2154 4810 bus
2167 4769 2286 4819 riu,
2305 4754 2500 4810 diebus
2522 4770 2583 4809 ιιι
2613 4753 2821 4809 definit.
2839 4753 2908 4806 At
2930 4752 3272 4824 Epiphanius
3296 4753 3399 4808 hoc
3424 4761 3641 4825 tempus

2048 4857 2173 4896 cum
2208 4843 2486 4899 Antonino
2516 4843 2794 4902 Caraealla
2830 4842 2941 4896 ﬁlio
2982 4843 3371 4896 communicat.
3428 4842 3483 4896 In
3530 4861 3643 4912 quo

2052 4936 2189 5008 fugit
2212 4951 2337 4991 cum
2364 4936 2544 4991 ratio:
2580 4950 2709 4989 nam
2740 4935 3021 4989 Caracalla
3059 4933 3359 4987 Saturnino
3397 4944 3449 4989 et
3482 4936 3641 4990 Gallo

2050 5042 2199 5082 coss.
2231 5026 2512 5095 Augustus
2550 5040 2580 5078 a
2624 5024 2786 5080 Patre
2829 5025 3179 5079 renuntiatus
3217 5036 3325 5091 est,
3359 5042 3508 5080 anno
3535 5028 3637 5083 Sco

2051 5117 2165 5171 veri
2195 5116 2420 5171 circiter
2450 5130 2526 5170 vr.
2569 5115 2821 5170 Mortuus
2873 5123 2958 5169 est
2998 5115 3238 5172 Severus
3283 5115 3556 5174 Gentiauo
3585 5128 3640 5175 et

2052 5208 2220 5264 Basso
2245 5225 2416 5274 coss.,
2449 5223 2596 5264 anno
2632 5207 2839 5264 Christi
2872 5207 2999 5265 2-H.

2127 5301 2613 5369 Τελευτήσαντος
2648 5299 2717 5353 δὲ
2749 5298 3040 5370 Σευήρου.
3081 5300 3319 5357 Severus
3362 5301 3503 5357 duos
3538 5302 3641 5356 ha-

2052 5395 2171 5450 huit
2198 5394 2378 5452 filios:
2408 5392 2747 5449 Antoninum
2786 5392 3126 5450 Caracallam
3164 5403 3219 5451 et
3276 5393 3489 5449 Getam.
3525 5395 3640 5449 llo-

2050 5502 2172 5541 rum
2213 5487 2452 5557 priorem
2474 5502 2603 5545 cum
2634 5494 2790 5558 patre
2819 5503 2951 5541 xvui
2977 5504 3154 5543 annos
3181 5488 3431 5558 explesse
3461 5489 3642 5543 credit

2051 5578 2428 5650 Epiphanius;
2474 5578 2708 5657 alterum
2759 5580 3028 5636 ambobus
3080 5580 3434 5635 successisse.
3478 5579 3639 5657 Quod

2052 5681 2137 5727 est
2170 5670 2531 5729 falsissimum
2559 5688 2573 5724 :
2599 5655 2725 5729 nam
2750 5688 2928 5745 neque
2950 5672 3082 5727 Geta
3109 5670 3403 5728 Caraealla:
3433 5655 3637 5729 nomen

2055 5764 2267 5833 habuit,
2300 5772 2353 5819 ct
2392 5765 2566 5821 altero
2595 5780 2741 5822 anno
2785 5775 2907 5837 post
2934 5767 3112 5837 patris
3152 5765 3363 5821 obitum
3393 5780 3424 5820 a
3463 5763 3636 5822 fratre
