3920 6420
407 295 508 349 559

1541 279 1891 336 APPENDIX
1935 281 2569 345 DISSERTATIONUM.
3550 296 3639 354 560

400 400 629 448 necatus
649 399 754 449 est.
786 372 1071 446 Caracalla
1108 404 1260 457 vero,
1292 389 1463 445 Dione
1495 399 1654 453 teste,
1692 392 1985 462 imperavit
2014 397 2057 453 Α
2094 394 2224 450 1001
2256 397 2325 451 ab
2348 397 2495 455 Urbe
2518 399 2759 467 condita,
2814 399 3068 473 Philippo
3102 400 3168 457 lll
3200 412 3254 458 et
3284 402 3525 477 Philippo
3546 407 3641 464 tilio

396 497 571 537 annos
596 498 668 543 vr,
707 496 923 536 menses
964 496 1026 545 ιι,
1059 495 1183 536 cum
1213 479 1407 536 diebus
1432 497 1485 537 γ.
1527 480 1677 536 Obiit
1702 481 1981 538 Praesente

390 583 444 626 et
478 570 756 625 Extricato
788 587 960 636 coss.,
998 586 1144 626 anno
1178 573 1515 644 Dionysiano
1544 574 1670 628 2l7.

471 662 575 716 Ἐν
601 661 670 715 δὲ
698 661 779 727 τῷ
807 663 1035 732 ἑϐδόμῳ
1062 662 1270 717 αὐτοῦ.
1291 663 1427 720 Vide
1456 664 1753 720 Eusebium
1774 667 1870 723 lib.
1900 685 1972 724 ιι.

390 752 679 808 Athanasii
722 753 996 823 interpres
1030 751 1208 816 πίθοις
1243 754 1526 825 proprium
1558 756 1743 828 oppidi
1773 772 1975 813 nomen

388 860 512 900 esse
550 845 805 899 credidit.

463 936 575 990 Τὸν
585 935 653 987 δὲ
665 935 1068 1002 Καράκαλλον
1081 934 1437 1004 διαδέχεται.
1461 936 1782 1004 Macrinum,
1807 955 1969 1010 quem

390 1029 445 1083 in
476 1028 747 1083 Ancorato
771 1036 1051 1098 posuerat,
1077 1028 1169 1082 hic
1199 1029 1404 1083 omisit.
1436 1031 1538 1096 Qui
1572 1039 1695 1101 post
1723 1032 1972 1087 Cat-acal-

389 1121 495 1174 Iam
524 1119 809 1189 imperavit
837 1131 1041 1171 annum
1073 1132 1112 1184 ι,
1141 1132 1361 1173 menses
1387 1117 1500 1174 fere
1533 1134 1593 1174 ιι.
1625 1121 1783 1174 Ηιιιιε
1807 1135 1969 1190 ρεειιο

388 1212 801 1268 rio-Antoninus
852 1209 1190 1282 Alagabalus
1247 1212 1481 1281 excepit.
1528 1210 1630 1266 Cui
1692 1226 1868 1266 annos
1917 1228 1970 1266 IV

388 1302 580 1359 tribuit
617 1302 915 1367 Eusebius;
955 1301 1252 1372 Eutropius
1282 1317 1457 1360 annos
1490 1319 1551 1368 ιι,
1595 1318 1811 1359 menses
1837 1318 1966 1370 Vill;

388 1394 576 1449 Victor
607 1393 659 1448 in
695 1391 1001 1448 Cwsaribus
1037 1407 1255 1449 menses
1276 1409 1427 1461 xxx;
1473 1394 1530 1448 in
1566 1393 1809 1463 Epitome
1842 1395 1969 1449 toti-

378 1488 506 1543 dem
560 1493 694 1556 quot
751 1485 1068 1556 Eutropius.
1136 1484 1248 1540 Sed
1297 1495 1352 1541 et
1402 1484 1754 1555 Lampridius
1799 1501 1971 1556 prope

383 1576 622 1631 triennio
660 1574 813 1629 illum
866 1573 1171 1644 imperasse
1215 1572 1429 1628 scribit.
1467 1570 1726 1627 Omnium
1776 1572 1968 1643 largis-

384 1670 522 1725 sime
554 1667 896 1723 Herodianus
929 1683 979 1720 νι
1012 1680 1188 1721 annos
1208 1666 1471 1738 assignat.

2084 479 2126 533 ll
2158 498 2331 549 coss.,
2360 500 2468 538 non
2501 484 2799 542 zEmiliano
2825 496 2879 543 et
2894 486 3156 560 Aquilino
3189 507 3359 557 coss.,
3389 505 3445 547 ut
3471 497 3640 551 scribit

2083 568 2333 626 Cassiod.
2382 574 2575 630 Annus
2613 575 2704 631 ille
2732 585 2816 632 est
2867 578 3076 635 Christi
3113 579 3242 646 248,
3294 597 3405 637 non
3439 583 3557 649 249,
3594 595 3644 640 ιιι

2080 671 2166 715 est
2204 661 2256 714 in
2290 664 2607 719 Annalibus.

2153 748 2255 804 Ubi
2306 749 2600 821 dupliciter
2642 763 2918 827 peccatur.
2966 758 3152 814 Primo
3190 760 3332 830 quod
3379 761 3645 818 millesimo

2080 840 2201 911 ipso
2234 842 2452 901 labente
2496 848 2788 904 saeculares
2836 848 2949 903 ludi
2990 852 3269 907 commissi
3322 850 3642 923 referantur;

2078 929 2328 1003 Philippo
2373 941 2528 1004 patre
2579 934 2623 989 ll
2672 944 2723 991 et
2785 937 2895 992 lilio
2942 940 2960 991 1
3014 953 3161 994 coss.
3217 954 3341 994 cum
3379 941 3647 997 millesimo

2070 1015 2184 1083 jam
2228 1022 2465 1093 expleto,
2517 1025 2621 1080 hoc
2664 1035 2750 1082 est
2799 1027 2934 1082 1001
2990 1029 3237 1097 ineunte,
3266 1033 3468 1101 peracti
3517 1034 3645 1101 sint;

2074 1109 2323 1183 Philippo
2350 1122 2503 1184 patre
2523 1114 2590 1169 lll
2612 1125 2665 1172 et
2692 1117 2803 1172 tilio
2832 1117 2874 1172 II
2904 1134 3075 1185 coss.,
3119 1121 3195 1175 uti
3222 1129 3429 1177 veteres
3456 1124 3648 1178 nummi

2076 1202 2234 1258 tidem
2270 1204 2495 1273 faciunt,
2528 1223 2668 1279 quos
2712 1206 3001 1277 Onul'rius,
3052 1212 3265 1283 ipsique
3304 1213 3462 1281 adeo,
3511 1216 3645 1284 quod

2074 1295 2271 1350 mirum
2301 1305 2419 1366 est,
2450 1300 2681 1355 Annales
2714 1314 3129 1372 repraesentant.
3181 1304 3384 1361 Deinde
3425 1306 3563 1376 quod
3594 1308 3652 1361 il-

2072 1387 2181 1441 lum
2214 1387 2391 1458 ipsum
2425 1390 2577 1447 urbis
2609 1393 2955 1448 millesimum
2994 1410 3119 1449 cum
3152 1410 3298 1451 anno
3332 1396 3533 1454 Christi
3555 1398 3651 1454 249

2071 1493 2402 1536 concurrere
2433 1491 2645 1552 putant.
2681 1482 2896 1539 Etenim
2928 1487 2973 1541 si
3012 1485 3080 1541 de
3106 1489 3267 1543 annis
3307 1488 3510 1544 Christi
3543 1488 3651 1545 Di0‘

2070 1570 2317 1640 nysianis
2348 1588 2530 1628 sermo
2570 1573 2662 1639 sit,
2700 1584 2760 1630 ut
2789 1583 2875 1631 est
2905 1593 3123 1642 revera,
3159 1581 3363 1634 usitato
3394 1581 3488 1636 illo
3514 1581 3649 1637 bien-

2073 1660 2146 1714 nii
2200 1662 2659 1717 metachronismo
2723 1663 2965 1720 rationes
3036 1668 3392 1722 conturbant.
3455 1668 3652 1738 Quippe

452 1757 615 1812 Μετὰ
653 1756 866 1810 τοῦτον
906 1754 1308 1811 ἐϐασίλευσεν
1326 1731 1766 1823 ⁷Ἀλέξανδρος.
1799 1753 1961 1809 Occl-

2078 1766 2255 1806 annus
2290 1751 2455 1807 Urbis
2493 1755 2840 1820 millesimus,
2892 1772 2957 1810 ex
3001 1755 3340 1813 Varroniana
3384 1764 3652 1829 computa-

382 1864 478 1904 sus
507 1855 590 1904 est
622 1863 671 1901 vi
703 1846 778 1901 Id.
810 1846 970 1901 Mart.
1008 1861 1038 1899 a
1074 1846 1341 1901 militibus
1362 1845 1712 1917 Alagabalus,
1744 1846 1862 1916 ipso
1888 1844 1962 1900 IV

380 1948 435 1994 ct
466 1939 781 1994 Alexandro
826 1938 1045 1993 Caesare
1075 1952 1223 1993 coss.
1254 1936 1366 1992 Nec
1414 1936 1481 1992 de
1528 1953 1672 1991 anno
1721 1937 1964 1992 dubitari

382 2041 579 2103 potest.
611 2029 707 2086 Est
738 2029 887 2085 enim
916 2030 1119 2101 insigni
1148 2029 1466 2084 charactere
1488 2029 1691 2084 nobilis
1725 2048 1738 2084 :
1771 2045 1966 2101 nempe

380 2122 528 2195 quod
564 2136 709 2178 anno
746 2121 925 2192 primo
970 2118 1290 2187 Alexandri,
1325 2128 1384 2175 ut
1433 2128 1667 2197 testatur
1704 2119 1965 2191 llippoly-

380 2227 468 2270 tus
506 2214 563 2268 in
604 2212 823 2267 Canone
869 2210 1146 2276 Paschali,
1174 2209 1390 2266 decima
1437 2216 1634 2279 quarta
1684 2209 1964 2264 Paschalis

377 2306 607 2377 contigit
635 2305 711 2362 ld.
740 2303 871 2374 Apr.
910 2302 1191 2360 Sabbato:
1227 2302 1453 2374 proinde
1507 2302 1663 2371 cyclo
1699 2304 1835 2357 solis
1862 2318 1959 2365 vlt,

379 2401 523 2452 lunae
559 2413 672 2461 xiv,
716 2410 863 2450 anno
897 2394 1106 2450 Christi
1147 2393 1485 2466 Dionysiano
1513 2393 1642 2456 222,
1687 2392 1768 2446 lit.
1803 2391 1961 2447 Dom.

380 2490 440 2545 Ρ.
508 2488 773 2545 Onul‘rius
796 2488 942 2542 hunc
964 2502 1168 2541 annum
1199 2486 1408 2541 Christi
1440 2484 1568 2539 facit
1593 2485 1719 2548 225,
1745 2493 1965 2555 propter

377 2582 732 2651 anticipatam
761 2594 871 2634 uno
911 2594 1056 2634 anno
1104 2577 1493 2649 Dionysianam
1527 2577 1830 2647 epocham;
1862 2590 1965 2630 ca:-

378 2676 480 2731 teri
520 2673 647 2727 224.
683 2673 929 2739 Quorum
969 2670 1475 2725 metachronismus
1514 2684 1579 2722 ex
1616 2668 1720 2721 hoc
1770 2667 1964 2723 chara-

377 2776 526 2823 ctere
553 2765 933 2836 deprehensus
971 2762 1390 2833 castigationem
1425 2769 1687 2815 meretur.
1725 2759 1965 2829 Impera-

378 2859 455 2913 vit
485 2855 797 2913 Alexander
836 2869 1012 2910 annos
1050 2868 1175 2917 xm,
1206 2853 1327 2907 dies
1354 2869 1432 2919 ix,
1471 2853 1543 2906 ait
1585 2850 1962 2921 Lampridius;

378 2949 709 3021 astipulatur
775 2954 831 3002 et
883 2943 1217 3016 Eutropius,
1269 2957 1484 2997 necnon
1554 2942 1758 2996 Victor.
1812 2939 1963 2995 Unus

2077 1844 2245 1907 tione,
2269 1860 2434 1915 quam
2467 1847 2699 1902 Annales
2734 1857 3062 1918 sequuntur,
3089 1850 3354 1905 convenit
3373 1865 3496 1906 cum
3522 1863 3651 1906 anno

2069 1936 2272 1995 Christi
2316 1938 2649 2012 Dionysiano
2684 1942 2810 1996 247.
2845 1941 3002 2008 Quod
3040 1959 3106 1998 ex
3138 1943 3227 2007 iis,
3260 1959 3387 2014 qua;
3431 1942 3649 2014 sparsim

2070 2028 2123 2083 in
2169 2030 2253 2086 his
2285 2031 2843 2088 Animadversionibus
2887 2042 3147 2089 annotata
3182 2044 3336 2100 sunt,
3370 2034 3650 2090 manifesto

2068 2125 2282 2173 constat
2310 2138 2324 2174 :
2353 2131 2514 2192 atque
2562 2121 2704 2178 inter
2743 2123 2850 2177 alia
2879 2138 2945 2178 ex
2992 2126 3211 2195 egregio
3244 2125 3342 2181 illo
3374 2124 3646 2180 Ceusorini

2069 2207 2188 2261 loco
2214 2223 2335 2279 pag.
2367 2209 2456 2274 l7,
2488 2210 2578 2266 ubi
2610 2226 2811 2266 annum
2843 2212 3015 2277 illum,
3055 2228 3164 2283 quo
3200 2212 3398 2285 Ulpius
3425 2224 3480 2269 et
3514 2212 3648 2267 Pon-

2068 2307 2229 2353 tanus
2272 2314 2420 2355 coss.
2464 2302 2814 2367 exstiterunt,
2863 2319 2974 2373 quo
3006 2305 3075 2360 ab
3112 2304 3439 2377 Olympiade
3489 2303 3650 2376 prima

2067 2391 2392 2448 millesimus
2418 2400 2472 2448 ει
2500 2394 2981 2463 quartusdecimus
3011 2411 3078 2450 ex
3110 2397 3310 2452 diebus
3339 2398 3542 2453 aestivis
3573 2398 3651 2452 in-

2066 2485 2296 2540 choatus
2326 2492 2433 2550 est,
2462 2482 2631 2540 fuisse
2665 2485 2860 2540 scribit
2887 2487 2955 2539 ab
2988 2484 3134 2541 Urbe
3161 2488 3390 2542 condita
3427 2502 3652 2558 nongen-

2068 2578 2322 2631 tesimum
2361 2577 2776 2648 nonagesimum
2806 2580 3039 2648 primum
3067 2594 3133 2634 ex
3165 2577 3475 2643 Parilibus;
3501 2578 3652 2634 Julia-

2067 2685 2198 2724 num
2228 2684 2359 2723 vero
2381 2668 2507 2723 283.
2534 2667 2651 2723 Non
2686 2669 2930 2739 potestis
2962 2669 3103 2723 alius
3135 2685 3319 2725 annus
3338 2684 3482 2734 esse,
3504 2681 3650 2739 quam

2065 2760 2171 2814 238
2221 2759 2609 2832 Ilionysianus,
2651 2761 2806 2832 cyclo
2852 2761 2993 2814 luna:
3036 2775 3110 2825 tt,
3148 2761 3287 2814 solis
3320 2776 3475 2827 xxm,
3510 2768 3563 2813 ut
3591 2772 3649 2812 ex

2066 2850 2473 2922 Olympiadum,
2497 2849 2863 2913 Julianorum,
2894 2850 3442 2906 Nabonassareorum
3472 2864 3533 2904 ac
3552 2863 3649 2903 ca!-

2066 2949 2305 2995 terorum
2362 2957 2629 2996 annorum
2687 2942 3093 3011 comparatione
3145 2941 3450 3011 colligitur.
3499 2939 3651 3010 Igitur

380 3041 723 3097 Herodianus
758 3053 935 3094 annos
974 3053 1068 3093 xw
1102 3036 1381 3106 assignat;
1425 3032 1571 3106 quod
1612 3032 1825 3088 scilicet
1873 3046 1964 3085 xlv
1994 3062 2037 3122 ο
2069 3049 2192 3087 cum
2230 3048 2407 3089 annus
2439 3032 2604 3089 Urbis
2648 3033 2747 3087 991
2787 3036 2997 3104 cyclum
3033 3033 3229 3088 habeat
3260 3034 3409 3088 luna:
3449 3049 3522 3097 xi,
3554 3030 3650 3102 pri-

374 3136 486 3204 jam
517 3132 799 3189 numerari
827 3137 1038 3201 emptus
1071 3137 1240 3184 esset.
1269 3126 1419 3182 Obiit
1448 3127 1616 3198 igitur
1637 3140 1783 3179 anno
1804 3125 1966 3179 Chri-

380 3227 449 3280 sti
477 3226 605 3290 255,
637 3224 843 3279 Severo
872 3233 925 3277 et
953 3219 1252 3287 Quintiano
1283 3234 1429 3274 coss.

459 3319 562 3371 Ἔν
589 3314 916 3371 Νικοπόλει
946 3310 1022 3380 τῇ
1048 3310 1198 3379 πρὸς
1235 3310 1459 3377 ’Λκτίςμ
1489 3307 1785 3379 Perperam
1820 3305 1963 3376 apud

380 3408 578 3460 Athan.
620 3408 686 3476 τῇ
720 3404 858 3476 πρὸς
895 3401 1164 3475 ἀρκτίοις.
1196 3400 1350 3457 Unde
1381 3401 1653 3470 interpres
1681 3396 1967 3463 :Nicopoli

380 3494 801 3564 septentrionali.
824 3492 957 3561 ch.
987 3492 1055 3562 τῇ
1087 3490 1225 3563 πρὸς
1262 3490 1454 3560 ’Δκτίᾳ
1481 3489 1563 3544 vel
1599 3487 1819 3558 ’Axtltp.

448 3585 611 3640 Μετὰ
653 3583 871 3638 τοῦτον
906 3581 1246 3646 βασιλεύει.
1282 3579 1617 3634 Maximinus
1666 3575 1965 3632 triennium

380 3687 503 3727 cum
537 3671 733 3726 diebus
764 3670 973 3739 aliquot
1002 3668 1315 3739 imperavit,
1346 3676 1405 3722 ut
1448 3666 1614 3722 refert
1642 3665 1961 3737 Eutropius.

302 3776 311 3795 ί
378 3766 563 3832 Quare
604 3761 842 3817 moritur
874 3777 1019 3814 anno
1059 3759 1267 3814 Christi
1299 3759 1426 3813 238.
1470 3757 1544 3813 De
1578 3757 1739 3812 annis
1786 3756 1965 3811 tribus

376 3857 731 3914 consentiunt
760 3863 813 3910 et
840 3855 955 3919 alii,
995 3866 1050 3908 ut
1075 3851 1286 3907 Victor.
1314 3852 1383 3905 At
1413 3850 1681 3907 Orittfritts
1709 3852 1763 3905 in
1794 3849 1963 3905 Chro-

383 3953 503 4007 nico
530 3964 704 4004 annos
729 3948 822 4003 dat
850 3954 1062 4000 tantum
1093 3944 1233 3999 duos
1263 3959 1388 3998 cum
1440 3944 1649 4014 aliquot
1679 3942 1962 3999 mensibus

373 4052 432 4100 et
465 4043 699 4110 diebus;
740 4052 793 4097 et
824 4043 1067 4095 occisum
1097 4037 1231 4093 facit
1255 4052 1403 4093 coss.
1444 4034 1715 4105 Perpetuo
1744 4040 1797 4089 et
1820 4031 1961 4087 Cor-

375 4137 616 4200 neliano,
642 4132 730 4187 cui
757 4147 960 4185 annum
991 4128 1219 4184 ascribit
1252 4126 1416 4183 Urbis
1444 4125 1570 4190 990,
1598 4123 1802 4178 Christi
1830 4121 1959 4185 238,

372 4229 470 4300 qui
498 4241 689 4283 revera
723 4234 808 4281 est
837 4222 975 4288 257;
1010 4222 1065 4276 in
1116 4218 1300 4274 Fastis
1334 4233 1463 4272 vero
1500 4230 1646 4270 anno
1672 4212 1835 4270 Urbis
1859 4211 1955 4268 99l

376 4320 731 4375 Maximinum
771 4314 1121 4371 interfectum
1154 4327 1278 4367 esse
1305 4316 1514 4373 narrat,
1542 4307 1637 4378 qui
1662 4315 1748 4361 est
1778 4319 1960 4360 annus

2070 3140 2192 3179 mus
2241 3123 2403 3180 Urbis
2451 3139 2630 3180 annus
2676 3123 3075 3189 Varronianus,
3113 3140 3282 3193 quem
3330 3123 3650 3180 Censorinus

2068 3217 2437 3287 amplectitur,
2472 3217 2527 3272 in
2558 3217 2770 3287 cyelum
2817 3219 2959 3272 lunae
3005 3233 3057 3271 ix
3109 3217 3327 3284 incidit,
3369 3217 3503 3273 solis
3540 3229 3645 3269 xm.

2068 3306 2305 3364 Proinde
2340 3308 2669 3364 millesimus
2705 3308 2773 3363 ab
2814 3307 2959 3363 Urbe
2992 3307 3213 3364 condita
3266 3310 3453 3379 cyclos
3497 3307 3646 3376 exigit

2068 3400 2211 3454 Iunce
2238 3398 2456 3469 quidem
2486 3416 2523 3463 ι,
2549 3399 2682 3455 solis
2714 3414 2764 3453 ιν
2799 3419 2810 3452 :
2842 3401 2933 3470 qui
2962 3414 3108 3453 anno
3141 3398 3354 3454 Christi
3389 3399 3492 3453 2L7
3514 3412 3647 3451 com-

2068 3500 2280 3562 petunt.
2315 3489 2458 3562 Ergo
2486 3491 2531 3546 is
2560 3497 2644 3546 est
2678 3506 2745 3545 ex
2786 3490 3049 3545 Varronis
3093 3491 3370 3544 sententia
3413 3489 3481 3542 ab
3519 3484 3647 3540 Urbe

2067 3582 2284 3639 condita
2318 3582 2661 3637 millesimus.
2692 3582 2882 3636 Annus
2911 3581 3055 3636 enim
3081 3579 3186 3634 249
3222 3584 3411 3652 cyclos
3457 3578 3646 3634 obtinet

2066 3675 2210 3731 luna:
2265 3691 2346 3738 ιιι,
2398 3675 2531 3731 solis
2581 3688 2655 3730 vI.
2700 3672 2796 3729 llis
2843 3673 2916 3726 ita
2958 3674 3307 3740 constitutis,
3347 3673 3439 3744 qui
3490 3682 3645 3723 annos

2066 3763 2334 3836 Philippis
2372 3764 2678 3818 attribuunt
2707 3779 2758 3828 v,
2796 3779 2921 3816 eum
2966 3764 3183 3817 illorutn
3221 3764 3439 3817 initium
3476 3757 3644 3815 cousi-

2066 3866 2265 3930 gnetur
2313 3858 2601 3913 consulatu
2643 3855 2925 3927 Peregrini
2970 3864 3023 3910 et
3067 3855 3379 3920 1E1niliani,
3436 3852 3524 3924 qui
3574 3855 3644 3904 est

2066 3968 2244 4007 annus
2274 3951 2479 4005 Christi
2513 3948 2880 4020 Dionysianus
2912 3948 3038 4013 ΞΗ,
3077 3960 3308 4002 mortem
3346 3943 3640 4001 eorumlem

2066 4043 2375 4099 attribuunt
2431 4056 2579 4096 coss.
2639 4039 2939 4095 IEmiliano
2987 4049 3039 4095 et
3097 4040 3384 4110 Aquilino,
3439 4035 3528 4107 qui
3570 4038 3642 4087 est

2068 4135 2231 4192 Urbis
2286 4134 2456 4198 1002,
2489 4132 2691 4187 Christi
2736 4132 2859 4186 249.
2898 4132 2976 4186 Ita
3026 4129 3292 4186 Onul'rius
3323 4149 3336 4186 :
3372 4129 3464 4199 qui
3514 4126 3640 4179 hunc

2063 4227 2242 4297 ipsum
2293 4231 2545 4280 numerat
2610 4223 2815 4278 Christi
2869 4222 3017 4288 250,
3076 4235 3300 4294 propter
3352 4221 3640 4277 institutam

2064 4316 2272 4373 Christi
2323 4331 2592 4371 annorum
2634 4317 3103 4386 anticipationem,
3146 4316 3215 4371 de
3244 4332 3354 4386 qua
3389 4327 3527 4382 saepe
3565 4308 3642 4362 di-

370 4409 861 4479 astionysiame
880 4419 1070 4460 revera
1098 4404 1227 4469 2'58,
1246 4402 1409 4474 Ulpio
1433 4408 1487 4454 et
1512 4398 1785 4454 Pontiano
1807 4412 1954 4453 coss.
1990 4402 2034 4457 D
2066 4408 2267 4462 ximus.
2306 4408 2372 4460 At
2408 4406 2610 4477 quibus
2653 4416 2860 4476 septem
2889 4409 3048 4462 annis
3100 4409 3308 4477 placuit
3361 4409 3641 4478 imperasse

372 4504 497 4568 Quo
524 4515 674 4553 anno
705 4498 1092 4552 librumsuum
1129 4494 1472 4550 Censorinus
1497 4491 1865 4553 elucubravit,
1899 4497 1961 4543 ut

367 4607 444 4646 ex
477 4589 725 4659 ejusdem
753 4588 844 4640 illo
864 4586 988 4639 loco
1022 4590 1260 4646 constat,
1295 4583 1390 4653 qui
1412 4581 1591 4636 afferri
1621 4581 1780 4650 vulgo
1801 4582 1957 4646 solet,

376 4693 571 4752 estque
612 4678 982 4748 chronologiae
1034 4676 1461 4741 munimentum,
1499 4681 1554 4728 et
1592 4671 1814 4743 ἔλεγχος
1860 4670 1961 4741 τῆς

376 4770 704 4843 διαστροφῆς
741 4767 849 4821 τῶν
876 4766 1116 4839 χρόνων.

454 4864 676 4919 Τοῦτον
704 4860 1036 4931 διαδέχεται
1060 4856 1408 4928 Γορδιανός.
1435 4853 1793 4911 Ριτειειπιῑεῑι
1823 4852 1961 4910 Gor-

374 4960 569 5014 dianos
595 4964 651 5012 et
681 4955 972 5009 Maximum
1014 4968 1076 5007 ac
1141 4950 1447 5014 Balbinum,
1480 4950 1571 5019 qui
1623 4948 1746 5005 vivo
1780 4947 1959 5002 adhuc

378 5049 677 5104 Maximino
714 5046 884 5100 creati
921 5044 1158 5099 fuerant.
1206 5039 1519 5099 Gordianus
1552 5048 1733 5094 autem
1763 5038 1961 5093 Iunior

377 5152 554 5193 annos
591 5135 705 5189 fere
743 5150 796 5188 γι
828 5134 1118 5203 imperium
1153 5132 1350 5187 tenuit.

445 5227 606 5283 Μετὰ
626 5225 842 5279 τοῦτον
856 5225 1175 5289 βασιλεύει
1199 5224 1513 5289 Φίλιππος.
1543 5222 1838 5292 Eutropius
1863 5236 1959 5276 an-

374 5334 477 5373 nos
504 5319 597 5371 dat
624 5332 677 5378 ν,
694 5315 1027 5382 totidemque
1048 5313 1235 5369 Victor
1258 5331 1273 5379 ;
1295 5313 1636 5385 Epiphanius
1659 5313 1955 5368 Eusebium

376 5419 599 5466 secutus
631 5415 733 5461 est.
755 5405 889 5461 Vide
923 5406 1261 5461 Baronianos
1296 5405 1553 5460 Annales.
1578 5403 1845 5460 Onul'rius
1862 5422 1961 5460 an-

377 5516 521 5556 nosv
542 5514 672 5553 cum
693 5498 978 5553 mensibus
1009 5498 1219 5566 aliquot
1251 5496 1463 5551 tribuit.
1496 5494 1819 5567 lnsignitum
1855 5496 1959 5551 fuit

381 5589 753 5658 Philipporum
769 5587 1057 5659 imperium
1076 5586 1615 5652 szecularibusludis,
1640 5587 1730 5657 qui
1744 5588 1959 5658 expleto

381 5676 489 5745 iam
515 5675 821 5732 millenario
850 5676 1014 5734 Urbis
1054 5691 1199 5732 anno
1237 5677 1496 5733 celebrati
1551 5686 1702 5743 sunt,
1742 5679 1844 5735 hoe
1874 5689 1959 5736 est

2066 4498 2346 4569 Philippos
2377 4519 2390 4553 :
2435 4500 2469 4552 ii
2507 4506 2756 4554 mortuos
2794 4498 2916 4555 illos
2950 4507 3141 4569 putant
3177 4499 3357 4555 Deciis
3393 4497 3638 4552 ambobus

2065 4606 2238 4656 coss.,
2278 4601 2330 4645 ut
2364 4599 2447 4645 est
2483 4590 2626 4660 apud
2656 4589 3072 4652 Cassiodorum,
3102 4593 3193 4661 qui
3231 4591 3455 4645 Decium
3486 4586 3635 4640 lilium

2065 4682 2299 4752 appellat
2332 4680 2641 4735 Etruscum.
2679 4679 2883 4752 Estque
2921 4682 2967 4737 is
2998 4699 3175 4738 annus
3210 4682 3374 4737 Urbis
3411 4678 3557 4740 1004,
3594 4683 3643 4725 ιιι

2065 4773 2298 4829 Orosius
2338 4770 2611 4842 prodidit,
2646 4772 2852 4828 Christi
2896 4773 3264 4843 Dionysiauus
3297 4772 3424 4826 25L
3460 4770 3525 4822 At
3553 4781 3635 4821 ve-

2065 4875 2154 4921 tus
2201 4864 2510 4933 inscriptio,
2540 4878 2660 4934 quae
2700 4879 2845 4918 anno
2886 4864 3088 4919 Christi
3111 4863 3218 4917 253
3252 4861 3528 4932 Philippos
3555 4870 3637 4911 oc-

2065 4957 2213 5011 cisos
2263 4956 2481 5019 asserit,
2523 4971 2755 5026 qumque
2788 4957 2841 5010 in
2887 4956 3181 5010 Annalibus
3233 4956 3499 5015 refertur,
3532 4950 3636 5005 sine

2063 5048 2232 5103 dubio
2260 5062 2400 5102 vana
2435 5061 2500 5101 ac
2550 5050 2899 5118 supposititia
2946 5055 3051 5111 est,
3096 5049 3328 5118 idecque
3363 5046 3548 5099 merito
3575 5040 3634 5093 ab

2063 5138 2292 5195 Ouul‘rio
2327 5139 2730 5209 praetermissa,
2789 5140 2834 5195 si
2875 5140 3036 5193 modo
3083 5155 3200 5192 eam
3253 5140 3410 5191 vidit.
3468 5134 3633 5202 Neque

2062 5234 2208 5288 enim
2253 5233 2389 5287 adeo
2443 5240 2655 5286 vetusta
2707 5241 2792 5287 est
2838 5235 3331 5301 computamlorum
3385 5239 3629 5283 annorum

2063 5325 2222 5385 ratio,
2269 5339 2390 5394 quae
2420 5339 2449 5378 a
2482 5323 2685 5379 Christi
2735 5323 2909 5377 Natali
2958 5324 3265 5388 deducitur,
3314 5333 3371 5377 ut
3403 5321 3627 5374 nniittam

2062 5417 2131 5469 ab
2175 5415 2503 5486 Dionysiana
2551 5415 2808 5477 methodo
2846 5415 3068 5470 biennio
3114 5415 3289 5471 solido
3337 5406 3628 5479 inscriptio-

2062 5524 2183 5563 nem
2219 5508 2364 5560 illam
2411 5506 2728 5561 abhorrere.

2135 5597 2357 5653 Τοῦτον
2387 5597 2694 5661 διεδέξατο
2723 5595 2947 5664 Δέκιος.
2990 5597 3285 5669 Eutropius
3314 5596 3471 5651 Decio
3499 5591 3621 5645 inte-

2061 5699 2189 5755 gros
2223 5699 2397 5744 annos
2445 5686 2586 5743 duos
2635 5687 2885 5757 imputat,
2917 5696 2977 5743 ut
3005 5695 3061 5743 et
3098 5688 3280 5744 Victor
3324 5687 3378 5742 in
3410 5677 3618 5740 Cesari-
