3920 6424
314 514 399 575 ἕω
1259 514 1347 569 DE
1382 510 1825 570 ROMANORUI
1865 512 2049 567 lMPP.
2094 511 2617 568 CHRONOLOGIA.

3460 506 3570 567 ἔδω

310 630 421 682 bus.
460 628 527 682 At
563 628 618 682 in
665 626 904 698 Epitome
953 642 1169 687 menses
1218 646 1325 684 xxx
1371 632 1671 702 imperasse
1719 630 1881 695 dicit;
1917 634 1961 691 Α
1990 628 2147 683 Tunc
2171 630 2316 684 enim
2353 630 2527 684 multo
2556 641 2720 698 quam
2752 624 2889 681 alias
2920 640 3159 694 unquam
3191 624 3462 680 atrociora
3503 639 3570 680 ac

301 720 659 777 Cassiodorus
694 720 971 774 biennium
1020 727 1076 773 et
1131 735 1350 776 menses
1398 738 1488 787 Iv;
1545 721 1879 790 Epiphanius

302 811 517 864 Eusebii
550 809 845 864 Chronicon
875 816 1096 869 secutus
1127 825 1330 863 annum
1364 827 1402 875 1,
1441 826 1657 866 menses
1690 826 1772 865 ιιι.

304 940 309 946 .
379 902 477 953 Ἐν
525 899 596 953 δὲ
642 900 769 965 τοῖς
813 900 1056 968 χρόνοις
1098 901 1331 954 Δεκίου.
1371 901 1526 956 Gallo
1577 905 1881 971 imperante

302 992 532 1044 moritur
567 991 851 1059 Origenes,
884 1006 1088 1043 annum
1133 1006 1300 1061 agens
1333 1007 1496 1055 thx;
1544 998 1737 1045 auctor
1771 989 1881 1043 Eu-

300 1082 481 1136 sebius
512 1081 609 1134 lib.
640 1097 737 1143 vn,
769 1096 819 1134 e.
852 1082 874 1133 1
907 1097 922 1146 ;
954 1079 1180 1136 Hieron.
1210 1082 1267 1134 in
1302 1079 1481 1134 Catal.
1519 1078 1702 1144 Quare
1730 1078 1879 1148 quod

304 1171 444 1225 hunc
483 1172 560 1224 ait
604 1171 941 1240 Epiphanius
998 1169 1249 1225 ﬂoruisse
1276 1184 1309 1222 a
1344 1168 1490 1224 Decii
1525 1178 1770 1239 tempore
1810 1169 1880 1224 ad

298 1254 509 1310 Gallum
540 1268 594 1311 et
626 1256 1003 1319 Volusianum,
1040 1258 1270 1310 nimium
1309 1265 1606 1327 angustum
1639 1269 1724 1311 est
1754 1272 1880 1327 spa-

298 1348 450 1401 tium.
487 1347 766 1416 Siquidem
794 1349 887 1405 isti
919 1364 1031 1402 non
1064 1350 1186 1417 plus
1244 1348 1464 1402 biennio
1497 1363 1560 1401 ac
1598 1348 1880 1402 mensibus

299 1455 347 1492 tv
378 1440 737 1508 imperarunt.
762 1439 890 1493 Ideo
923 1455 1019 1508 pro
1047 1439 1210 1494 Decio
1233 1440 1482 1494 Severum
1510 1439 1880 1508 dicerepopor—

298 1532 430 1589 tuit;
462 1545 588 1584 nam
621 1532 724 1585 sub
750 1531 855 1585 hoc
886 1532 1214 1600 imperatore
1248 1530 1480 1586 celebris
1523 1538 1609 1583 est
1658 1530 1878 1585 habitus

295 1620 579 1689 Origenes.
614 1620 750 1675 Vide
782 1620 981 1675 Euseb.
1030 1622 1127 1677 lib.
1154 1637 1272 1685 vni,
1321 1636 1443 1690 cap.
1473 1621 1527 1675 5.
1576 1618 1682 1675 Sed
1730 1619 1879 1689 quod

298 1712 438 1763 ultra
465 1707 604 1762 Galli
634 1717 689 1763 et
715 1709 997 1764 Volusiani
1034 1709 1325 1779 imperium
1354 1708 1705 1777 superstitem
1739 1706 1879 1762 Ori-

296 1816 483 1869 geuem
530 1799 704 1855 fuisse
749 1800 944 1854 scribit
993 1800 1370 1871 Epiphanius,
1421 1799 1684 1853 reclamat
1718 1797 1881 1853 Euse-

296 1890 439 1953 bius,
467 1890 559 1959 qui
589 1888 743 1944 Gallo
783 1889 971 1958 imper.
999 1905 1065 1943 ex
1099 1890 1200 1943 hac
1231 1890 1339 1947 vita
1366 1888 1635 1958 migrasse
1673 1888 1879 1943 diserte

293 1989 546 2036 testatur.
589 1980 665 2034 De
690 1996 796 2050 qua
820 1996 878 2035 re
904 1981 970 2035 ad
1008 1979 1201 2035 haeres.
1231 1980 1299 2035 64
1329 1981 1590 2037 diximus.

363 2070 659 2135 Φσϐιανὸς
687 2068 755 2121 δὲ
780 2068 880 2122 ἐπὶ
910 2068 1149 2138 Ῥώμης.
1196 2069 1271 2123 De
1297 2068 1543 2125 Fabiano
1565 2080 1620 2125 et
1642 2070 1879 2125 Alexan-

292 2156 395 2212 dro
432 2159 550 2212 vide
583 2157 877 2214 Eusebium
908 2162 1000 2216 lib.
1036 2177 1110 2224 vt,
1139 2176 1258 2231 cap.
1283 2160 1376 2215 22.

360 2247 474 2301 Kal
502 2246 681 2314 αὐτὸς
707 2248 776 2301 δὲ
799 2252 833 2302 δ
861 2250 1179 2319 Ὡριγένης.
1221 2250 1387 2304 Multa
1416 2265 1515 2318 pro
1543 2249 1749 2306 Christi
1780 2264 1880 2304 no-

290 2337 441 2392 mine
475 2337 711 2392 diversis
742 2342 1079 2409 temporibus
1108 2357 1305 2412 passus
1331 2350 1416 2396 cst
1441 2339 1724 2411 Origenes.
1757 2340 1878 2394 Pri-

291 2444 440 2482 mum
476 2428 580 2483 sub
604 2429 841 2496 Severo;
889 2448 1013 2485 cum
1064 2434 1261 2501 smpius
1293 2434 1358 2486 ad
1393 2448 1581 2487 necem
1615 2431 1879 2499 quaesitus

287 2533 432 2588 aegre
460 2519 635 2572 latuit.
665 2518 743 2574 De
769 2536 879 2590 quo
912 2522 1111 2576 Euseb.
1143 2522 1240 2576 lib.
1274 2538 1348 2586 γι,
1380 2536 1502 2592 cap.
1529 2522 1582 2574 5.
1610 2518 1747 2574 Tum
1772 2520 1878 2574 sub

290 2607 642 2672 Alexandro;
678 2624 742 2662 ac
770 2609 964 2666 deinde
994 2611 1098 2666 sub
1129 2610 1293 2666 Decio
1324 2627 1337 2662 :
1364 2628 1472 2681 qua
1517 2611 1571 2664 in
1608 2623 1867 2679 persecu-

285 2695 439 2749 tione
495 2694 707 2764 lapsum
761 2697 906 2754 illius
956 2699 1225 2755 accidisse
1274 2701 1469 2754 merito
1515 2698 1865 2768 conjicimus.

1988 721 2398 775 vehementiora
2430 732 2724 790 perpessus
2752 724 2858 772 est.
2883 716 2960 772 De
2992 716 3193 785 quibus
3220 716 3416 771 Euseb.
3441 730 3564 785 cap.

1983 811 2073 866 59.
2110 810 2175 863 Et
2203 827 2305 867 nos
2347 811 2417 865 ad
2449 810 2901 881 Origenianorum
2937 807 3169 862 baeresin
3198 805 3447 876 quaedam
3480 814 3566 861 at-

1981 901 2226 972 tigimus.

2050 990 2263 1059 Εὐρὼν
2313 990 2382 1043 δὲ
2428 988 2542 1058 τῆς
2588 988 2862 1059 πέμπτης
2906 988 3003 1042 καὶ
3040 987 3239 1054 ἕκτης.
3310 985 3567 1052 Quaenam

1984 1081 2187 1137 fuerint
2217 1080 2470 1152 Origenis
2508 1080 2778 1148 Tetrapla,
2815 1078 3061 1146 Hexapla
3096 1086 3151 1132 et
3192 1077 3438 1146 Octapla,
3476 1093 3573 1131 ne-

1982 1186 2072 1224 mo
2131 1173 2445 1225 accuratius
2497 1168 2798 1238 Epiphanio
2852 1168 3096 1221 tradidit.
3131 1166 3315 1232 Quare
3351 1182 3419 1222 ex
3448 1164 3572 1236 ejus

1981 1260 2134 1316 fonte
2166 1275 2360 1315 omnes
2392 1260 2716 1323 hauserunt,
2748 1256 2840 1326 qui
2871 1257 3091 1311 illorum
3119 1257 3461 1310 voluminum
3484 1271 3573 1309 ra-

1982 1352 2185 1407 tionem
2236 1352 2579 1420 explicarunt
2628 1369 2642 1405 :
2692 1359 2746 1405 et
2795 1359 2978 1404 tamen
3038 1350 3286 1418 plerique
3345 1350 3399 1402 in
3458 1357 3569 1402 tam

1981 1450 2171 1509 aperto
2240 1439 2529 1510 Epiphanii
2582 1441 2702 1493 loco
2752 1440 2983 1492 multmn
3043 1438 3361 1492 hallucinati
3417 1447 3567 1493 sunt.

1980 1530 2238 1584 Omnium
2291 1545 2419 1583 vero
2469 1530 2707 1583 maxime
2758 1529 3039 1584 Marianus
3085 1527 3422 1593 Victorinus,
3473 1529 3569 1597 qui

1984 1620 2374 1691 liieronymum
2424 1620 2717 1676 recensuit.
2753 1619 2859 1684 Qui
2908 1621 2964 1672 in
3004 1619 3232 1673 scholiis
3278 1619 3345 1672 ad
3383 1619 3479 1672 lib.
3531 1634 3565 1671 ιι

1981 1711 2137 1780 Apol.
2194 1712 2251 1763 in
2300 1709 2465 1778 Ruﬁ,
2517 1726 2669 1763 num.
2722 1709 2832 1774 63,
2900 1708 3078 1763 credit
3130 1708 3383 1778 Origenis
3439 1708 3565 1769 'E£~

1980 1804 2147 1859 απλᾶ
2170 1821 2235 1859 ex
2269 1804 2477 1858 Grmcis
2502 1803 2838 1858 editionibus
2870 1818 2923 1856 ιιι
2962 1802 3133 1857 fuisse
3160 1810 3417 1857 contexta
3450 1801 3572 1855 ειιί-

1981 1896 2181 1950 mirum
2228 1894 2371 1949 LXX
2402 1894 2716 1957 Seniorum,
2746 1895 2977 1965 Aquilae,
3014 1892 3352 1965 Symmachi,
3388 1891 3570 1945 Theo-

1911 1967 1953 2021 Β
1982 1986 2247 2047 dotionis,
2272 1984 2478 2050 Quinta
2512 1991 2567 2039 et
2603 1982 2769 2039 Sexta
2799 2004 2811 2038 :
2845 1993 2899 2039 et
2936 1983 3227 2038 Erasmum
3259 1982 3418 2036 aliter
3448 1996 3571 2035 sen-

1981 2076 2205 2129 tientem
2246 2074 2525 2145 redarguit
2569 2090 2635 2130 ex
2666 2074 2980 2145 Epiphanii,
3022 2083 3079 2127 ut
3118 2072 3339 2133 asserit,
3372 2081 3572 2125 aucto-

1980 2165 2161 2219 ritate.
2208 2162 2367 2229 Quod
2402 2164 2559 2218 valde
2595 2163 2788 2219 miror.
2824 2164 3008 2232 Neque
3056 2162 3202 2217 enim
3255 2160 3568 2229 cujusmodi

1978 2252 2252 2308 editiones
2280 2253 2387 2306 illae
2419 2252 2621 2308 fuerint
2641 2252 2981 2323 Epiphanius
3012 2253 3248 2306 obscure
3271 2249 3569 2318 signiﬁcat,

1981 2358 2108 2398 cum
2141 2344 2252 2407 hic,
2288 2351 2402 2397 tum
2438 2345 2493 2398 in
2521 2342 2743 2414 Origen.
2779 2342 2999 2407 haeresi,
3025 2357 3147 2412 quae
3172 2351 3260 2397 est
3289 2340 3378 2403 64,
3416 2357 3472 2394 ιι.
3513 2340 3569 2398 5.

1983 2431 2079 2485 sed
2110 2431 2201 2484 hic
2234 2431 2606 2500 potissimum.
2647 2430 2768 2496 Quo
2807 2445 2876 2485 ex
2912 2431 3034 2484 loco
3070 2428 3410 2498 singularum
3460 2426 3569 2480 edi-

1982 2522 2192 2576 tionum
2218 2523 2467 2577 ordinem
2491 2523 2546 2576 in
2574 2523 2776 2593 triplici
2813 2522 3068 2578 codicum
3092 2536 3294 2593 genere
3321 2520 3571 2590 sequenti

1981 2613 2378 2683 diagrammate
2412 2614 2827 2685 proposuimus.

1631 2808 1913 2847 'IETRAPLA
1949 2808 2220 2850 OR’GENiS.

1027 2904 1252 2975 Aquila.
1403 2904 1785 2976 Symmachus.

1958 2904 2337 2977 Septuaginta.

2519 2904 2847 2960 Thcodotio.

1800 3015 1903 3052 ιιιςιι
1913 3016 2042 3054 Αιιιλ
2054 3040 2068 3053 .

525 3086 787 3143 llehraica
839 3089 1075 3158 propriis
1218 3088 1481 3144 llebraica
1519 3088 1724 3143 Graecis

488 3158 771 3213 clementis
827 3169 1106 3229 concepta.
1184 3159 1383 3214 litteris
1421 3159 1754 3228 conscripta.

1832 3089 2051 3158 Aquila.
2130 3090 2512 3161 Symmachus.
2592 3090 2969 3162 Septuaginta.
3049 3086 3374 3144 Theodotio.

1790 3261 2030 3302 OCTAPLA
2043 3284 2057 3298 .

278 3336 555 3391 iiebraiea
575 3351 702 3405 pro—
723 3335 985 3391 Hebraica
1002 3336 1146 3391 Grie-

320 3406 462 3476 priis
506 3406 700 3461 litteris
769 3407 853 3478 eis
881 3414 1149 3478 concepta

324 3475 608 3542 eoneepta.
776 3475 990 3530 litteris.

1230 3337 1446 3408 Aquila.
1524 3336 1906 3408 Symmachus.
1932 3335 2286 3407 Septuaginta
2378 3338 2701 3395 ‘l‘heodotio.

2817 3337 2861 3391 V
2893 3339 3081 3394 editio.
3223 3339 3288 3394 Vl
3315 3339 3507 3397 editio.

290 3561 425 3617 llinc
472 3563 687 3617 illorum
724 3578 880 3618 error
908 3563 1134 3633 insuper
1162 3564 1431 3633 arguitur,
1462 3564 1555 3634 qui
1595 3562 1648 3616 in
1682 3562 1865 3617 Tetra-

1978 3569 2080 3623 λον.
2111 3568 2207 3618 καὶ
2236 3567 2631 3639 ἀντιπαραθεὶς
2668 3568 2924 3639 ἀλλήλαις
2961 3567 3106 3638 μετὰ
3136 3568 3231 3623 καὶ
3257 3548 3430 3640 αὐτῆς
3464 3572 3568 3640 τῆς

277 3654 388 3722 ptis
418 3654 651 3723 primam
681 3653 994 3707 columnam
1020 3652 1158 3706 LXX
1196 3653 1519 3709 Senioribus
1547 3652 1873 3716 attribuunt,

277 3760 427 3815 quos
474 3745 694 3799 tertium
742 3744 798 3798 in
847 3744 1024 3799 locum
1069 3745 1349 3812 conjectos
1397 3744 1729 3814 Epiphanius
1764 3751 1874 3797 tam

277 3837 494 3891 diserte
538 3842 824 3891 memorat.
871 3835 939 3888 At
965 3834 1234 3890 Eusebius
1268 3835 1365 3890 lib.
1400 3852 1476 3899 νι,
1515 3851 1639 3906 cap.
1678 3836 1745 3889 17
1770 3874 1785 3899 ,
1819 3836 1872 3888 in

274 3927 629 3983 Psalmorum
670 3926 947 4009 Hexaplis,
972 3936 1097 3998 post
1122 3929 1365 3998 insignes
1399 3944 1463 3983 ac
1488 3929 1646 3983 tritas
1677 3927 1875 3983 editio-

273 4033 388 4073 nes
426 4025 687 4087 quatuor,
736 4019 913 4088 inquit
942 4038 957 4074 :
990 4020 1066 4071 Οὐ
1098 4018 1259 4090 μόνον
1289 4019 1574 4089 πέμπτην,
1616 4018 1752 4072 ἀλλὰ
1780 4018 1875 4071 καὶ

275 4109 455 4178 ἕκτην
498 4108 592 4161 καὶ
611 4109 844 4179 ἑϐδόμην
874 4109 1139 4180 παραθεὶς
1165 4111 1480 4180 ἑρμηνείαν,
1512 4109 1605 4161 ἐπὶ
1628 4111 1759 4179 μιᾶς
1777 4106 1872 4162 αὖ·

274 4197 373 4261 Θις
400 4198 791 4267 σεσημείωται,
824 4198 899 4261 ὼς
940 4199 998 4251 ὲν
1038 4199 1252 4268 Ἱεριχοῖ
1294 4197 1604 4269 εὑρημένης
1635 4198 1692 4248 ἐν
1730 4196 1873 4268 πίθῳ

272 4287 431 4341 κατὰ
461 4289 588 4350 τοὺς
617 4287 847 4358 χρόνους
880 4289 1197 4343 Ἀντωνίνου
1222 4287 1320 4340 τοῦ
1352 4288 1468 4340 υἱοῦ
1500 4288 1763 4358 Σεῆἡρου.
1794 4288 1872 4342 lla

274 4386 498 4449 septem
530 4381 585 4433 in
614 4379 873 4449 Hexaplis
902 4381 1174 4436 editiones
1203 4380 1429 4444 fuerint,
1463 4389 1523 4433 ut
1559 4396 1668 4434 non
1701 4380 1874 4434 Hexa-

270 4472 375 4537 pla
398 4480 605 4534 essent,
637 4472 734 4527 sed
777 4472 1061 4540 Heptapla.
1091 4472 1349 4538 Quaenam
1382 4487 1512 4527 vero
1542 4472 1745 4542 ἑϐδόμη
1780 4472 1871 4526 illa

276 4561 430 4615 fuit?
458 4560 740 4629 Graec-anc,
762 4578 828 4616 an
847 4560 1146 4617 Hebraica?
1176 4562 1363 4618 Graeca
1383 4563 1439 4616 in
1464 4562 1705 4631 Octaplis
1725 4564 1871 4617 nulla

272 4659 487 4719 praeter
533 4665 627 4705 sex
677 4651 796 4705 fuit.
827 4651 884 4705 Si
918 4651 1238 4707 Hebraicam
1280 4653 1554 4723 intelligit,
1588 4669 1695 4706 non
1723 4652 1873 4707 ἐϐδό-

270 4757 399 4811 μην
426 4755 517 4795 mo
539 4742 618 4808 lo,
649 4744 744 4797 sed
771 4743 964 4813 ὀγδόην
980 4743 1143 4797 etiam
1169 4742 1223 4796 in
1252 4742 1491 4812 Octaplis
1520 4742 1721 4811 adjecit
1746 4742 1871 4799 Ori-

265 4847 455 4901 genes
489 4849 504 4884 :
538 4847 732 4900 nempe
772 4832 1017 4887 eamdem
1071 4832 1392 4889 Hebraicam
1436 4833 1641 4889 Graecis
1674 4833 1870 4889 litteris

1987 3651 2259 3724 Ἐϐραίων
2291 3657 2667 3726 σημειώσεως,
2699 3656 2770 3709 τὰ
2811 3655 2921 3710 τῶν
2945 3654 3255 3727 λεγομένων
3283 3659 3415 3728 ἡμῖν
3448 3659 3567 3727 Ἐξ-

1978 3742 2164 3796 απλῶν
2193 3744 2502 3816 ἀντίγραφα
2532 3745 2942 3801 καταλέλοιπεν
2968 3744 3085 3800 Has
3110 3763 3288 3801 omnes
3311 3748 3473 3801 editio
3510 3766 3567 3804 es

1979 3833 2137 3903 (quas
2172 3843 2379 3904 septem
2410 3840 2859 3905 enumeraverat)
2891 3838 2945 3890 in
2980 3854 3145 3891 unum
3189 3855 3366 3893 omnes
3398 3840 3567 3908 conji-

1977 3924 2139 3987 ciens,
2167 3931 2215 3977 et
2238 3939 2332 3993 per
2352 3926 2628 3978 columnas
2651 3924 2909 3990 dividens,
2934 3941 2999 3979 ac
3032 3926 3136 3980 sibi
3165 3928 3383 3980 invicem
3410 3943 3570 3997 oppo-

1977 4026 2126 4079 nens,
2152 4027 2272 4064 cum
2319 4010 2587 4066 llebraica
2631 4014 2747 4080 ipsa
2775 4014 3169 4083 signiﬁcatione
3197 4015 3563 4085 liexaplorum

1976 4098 2125 4152 nobis
2175 4100 2502 4167 exentplaria
2548 4101 2780 4170 reliquit.
2817 4102 3031 4168 Quibus
3062 4118 3127 4159 ex
3164 4105 3346 4161 verbis
3390 4107 3567 4174 conji-

1974 4201 2099 4242 cere
2125 4188 2273 4253 licet,
2295 4188 2531 4261 ἑὸδόμην
2560 4189 2730 4256 illam,
2761 4192 2806 4244 si
2842 4192 3005 4246 modo
3031 4192 3241 4262 integra
3272 4194 3434 4248 lectio
3456 4204 3561 4252 est.

1976 4276 2298 4333 Hebraicam
2321 4294 2443 4335 esse
2470 4280 2587 4335 suis
2610 4281 2810 4337 litteris
2828 4283 3222 4353 conscriptam,
3249 4285 3314 4339 ad
3338 4301 3503 4354 quam
3529 4289 3563 4357 ἡ

1977 4369 2297 4439 σημείωσις,
2328 4370 2432 4425 hoc
2465 4380 2551 4427 est
2580 4372 2770 4427 eadem
2805 4371 3074 4428 Hebraiea
3107 4372 3311 4431 Graecis
3341 4391 3565 4446 expres-

1975 4476 2036 4515 sa
2067 4462 2287 4527 litteris,
2319 4466 2635 4519 accesserit.
2653 4464 2816 4534 Atqui
2842 4464 3069 4534 Octapla
3091 4466 3205 4536 jam
3232 4475 3418 4533 erant,
3451 4484 3561 4524 non

1981 4550 2246 4622 Hexapta.
2277 4553 2363 4608 An
2409 4554 2644 4624 Octaplis
2674 4554 2809 4625 ipsis
2846 4552 3213 4625 Ilexaplorum
3243 4571 3441 4613 nomen
3474 4560 3560 4613 in-

1975 4642 2147 4696 ditum
2176 4651 2284 4711 est,
2312 4652 2586 4714 quatenus
2617 4660 2711 4700 sex
2743 4645 2949 4700 Graecis
2974 4647 3309 4703 editionibus
3340 4658 3563 4704 consta-

1975 4732 2147 4787 bant?
2176 4730 2322 4788 Sane
2350 4734 2453 4788 hoc
2476 4735 2656 4804 ipsum
2691 4735 2889 4791 docere
2920 4746 3121 4805 praeter
3148 4736 3446 4793 Eusebium
3482 4742 3564 4795 vi-

1975 4823 2135 4878 detur
2165 4823 2502 4894 Epiphanius
2544 4826 2740 4881 haeres.
2793 4826 2863 4880 64
2891 4826 3368 4897 Origenianorum,
3409 4845 3464 4883 ιι.
3503 4831 3558 4886 5.

261 4930 588 4978 exaratam.
636 4922 692 4977 In
743 4923 999 4992 Hexaplis
1043 4937 1174 4979 vero
1218 4941 1325 4978 non
1369 4940 1460 4979 sex
1491 4923 1734 4988 Graecas,
1773 4926 1867 4981 sed

1978 4912 2110 4967 Nam
2160 4914 2406 4984 Hexapla
2452 4916 2589 4971 dicit
2638 4927 2836 4987 praeter
2862 4895 3083 4973 Graecas
3131 4918 3400 4976 editiones
3438 4937 3555 4990 sex,

258 5020 525 5083 quatuor
553 5013 820 5067 duntaxat
852 5014 1117 5068 exhibuit.
1150 5013 1333 5079 Quare
1363 5015 1537 5070 mirus
1567 5023 1651 5070 est
1694 5014 1868 5072 Euse-

262 5103 355 5157 bii
398 5103 577 5167 locus,
625 5110 699 5167 et,
735 5103 840 5157 nisi
896 5103 1073 5167 fallor,
1123 5104 1443 5158 mendosus.
1495 5104 1868 5175 Expungenda

262 5194 451 5261 igitur
483 5193 600 5248 haac
627 5194 885 5257 arbitror,
917 5195 1010 5247 καὶ
1033 5194 1289 5264 ἑϐδόμην.
1324 5193 1564 5249 Tametsi
1604 5196 1749 5265 apud
1775 5194 1870 5250 Ni-

264 5284 582 5352 cephorum
632 5284 795 5338 etiam
845 5285 899 5338 in
935 5285 1126 5340 Graeco
1150 5285 1338 5339 codice
1361 5301 1465 5342 ms.
1503 5285 1637 5339 Bibl.
1667 5285 1862 5343 Vienn.

258 5388 343 5428 ex
378 5373 616 5428 Eusebio
646 5376 909 5428 translata
935 5376 1168 5445 reperio.
1197 5375 1338 5442 Quin
1356 5377 1521 5431 etiam
1552 5378 1747 5433 vitiosa
1778 5377 1867 5430 illa

256 5480 403 5520 esse
422 5464 774 5531 crediderim,
805 5466 898 5517 ἐπὶ
921 5468 1049 5537 μιᾶς
1063 5462 1239 5530 αὖθις.
1261 5467 1365 5519 Pro
1384 5468 1585 5536 quibus
1605 5468 1864 5532 rescribo,

252 5554 373 5608 ἐπὶ
397 5555 529 5626 μιᾶς
552 5555 825 5625 πέμπτης.
851 5555 1048 5620 Quinta
1081 5557 1227 5610 enim
1270 5555 1436 5610 editio
1467 5555 1783 5611 Jerichunte
1812 5564 1868 5611 In

252 5646 428 5700 dolio
459 5656 542 5701 est
572 5646 791 5700 inventa
817 5665 830 5701 :
854 5647 943 5700 cui
973 5646 1074 5701 soli
1107 5647 1298 5703 titulus
1327 5655 1447 5702 erat
1468 5648 1559 5702 ille
1587 5648 1862 5718 praefixos.

246 5737 413 5791 ιιιυά
450 5751 617 5806 porro
637 5737 1078 5794 consideratione
1101 5739 1326 5809 dignum
1355 5745 1460 5803 est,
1490 5740 1635 5810 quod
1667 5741 1736 5795 ab
1764 5742 1867 5794 Eu-

237 5828 433 5886 sabio
478 5836 600 5897 post
638 5827 728 5880 illa
758 5828 921 5883 verba
969 5830 1277 5885 subtexitur
1318 5849 1331 5883 :
1365 5830 1580 5894 Ταύτας
1608 5831 1665 5884 δὲ
1693 5832 1864 5896 αὐτὰς

254 5922 381 5974 επὶ
416 5916 614 5973 ταυτὸν
660 5918 984 5986 συναγαγὼν
1013 5921 1250 5987 ἁπάσας,
1275 5920 1462 5979 διελών
1497 5939 1558 5980 τε
1594 5923 1737 5993 πρὸς
1761 5923 1864 5977 κῶ-

1909 5022 1915 5027 ’
1972 5005 2270 5064 Hebraicas
2300 5009 2558 5063 habuisse
2581 5010 2737 5072 duas,
2767 5008 2911 5062 ὥστε
2936 5007 3073 5063 εῖναι
3112 5012 3211 5083 τὴν
3238 5015 3419 5069 πᾶσαν
3447 5018 3559 5070 Πα-

1972 5098 2129 5153 λαιὰν
2172 5100 2446 5172 Διαθήκην
2487 5100 2555 5154 δι’
2589 5100 2909 5166 Ἐξαπλῶν
2931 5101 3302 5173 καλουμένων,
3332 5107 3427 5160 καὶ
3471 5107 3559 5163 διὰ

1971 5191 2081 5245 τῶν
2129 5191 2224 5245 δύο
2265 5192 2571 5264 Ἑϐραϊκῶν
2614 5192 2895 5264 ῥημάτων.
2927 5191 3071 5262 Lege
3105 5196 3368 5251 attentius
3412 5197 3556 5251 hunc

1976 5282 2180 5337 locum.
2232 5281 2367 5336 Nam
2420 5278 2774 5352 Ileiaptorum
2835 5283 3253 5353 appellationem
3312 5286 3551 5359 Octaplis

1976 5372 2141 5426 etiam
2201 5373 2336 5442 ipsis
2389 5376 2807 5428 accommodare
2836 5375 3081 5439 videtur;
3129 5384 3185 5430 et
3237 5378 3456 5446 quidem
3502 5381 3553 5432 in

1975 5471 2092 5517 toto
2123 5462 2317 5519 Vetere
2346 5463 2719 5529 Testamento,
2750 5465 2894 5535 quod
2929 5466 2997 5521 de
3023 5465 3290 5523 Psalterio
3329 5471 3447 5524 solo
3476 5478 3558 5523 te-

1975 5560 2154 5608 statur
2179 5551 2466 5609 Eusebius.
3272 5626 3279 5629 Δ

2044 5644 2206 5699 Μετὰ
2254 5643 2501 5699 Γάλλον
2562 5647 2662 5700 καὶ
2742 5649 3213 5703 Οὐολουσιανόν.
3265 5649 3552 5708 Biennium

1972 5737 2152 5792 caeteri
2184 5736 2296 5791 fere
2331 5738 2438 5792 illis
2471 5739 2809 5804 attribuunt;
2844 5739 3162 5809 Eutropius,
3197 5739 3407 5808 Victor,
3439 5755 3549 5799 etc.

1971 5829 2241 5884 Eusebius
2266 5844 2481 5883 menses
2510 5838 2771 5899 praeterea
2795 5848 2847 5886 ιν
2879 5833 2934 5885 in
2973 5831 3178 5888 Clu-on.
3219 5835 3275 5888 in
3307 5835 3552 5892 Historia

1973 5938 2099 5979 vero
2129 5936 2195 5977 ne
2235 5922 2507 5992 integrum
2531 5922 2753 5991 quidem
2798 5921 3101 5979 biennium.
3132 5924 3201 5981 At
3240 5925 3297 5980 in
3329 5928 3547 5994 Annal.,
