3920 6410
418 484 520 542 553
1527 480 1871 536 APPFNIHX
1918 475 2544 532 DISSERTATIONUM.
3569 473 3656 527 alii»

415 602 476 655 Α.
517 599 645 664 956,
692 616 747 654 ιι.
789 600 880 665 55,
923 609 1161 668 quatuor
1197 599 1540 668 imputantur
1585 599 1739 659 anni,
1773 614 1835 651 υς
1874 604 1963 648 ant

2119 592 2459 646 vertentibus
2485 588 2700 660 imperii
2731 587 2891 642 annis
2918 587 3250 656 respondere
3281 584 3498 640 videtur.
3523 586 3651 652 Quod

415 691 540 758 quis
573 691 812 744 mumnis
845 710 858 744 :
890 689 945 743 in
977 690 1178 758 quibus
1201 689 1486 741 tribunitia
1509 695 1775 757 pota-state
1807 703 1856 740 iv
1885 684 2016 738 Tre-
2119 693 2203 737 est
2253 683 2728 738 animadversione
2773 681 3019 750 dignum.
3062 678 3198 733 Vide
3253 677 3389 732 infra
3445 677 3496 731 in
3543 680 3660 733 Caro

419 783 548 834 bon.
579 781 773 836 Gallus
810 781 1028 850 legitur.
1063 780 1195 844 Qua:
1245 779 1530 833 tribunitia
1576 785 1822 846 potestas
1855 776 2016 828 toties
2122 777 2468 844 imperatore.

421 871 777 940 multiplicari
816 871 1051 933 solebat,
1085 879 1216 938 quot
1255 869 1320 921 ad
1349 868 1636 938 imperium
1669 881 1969 920 accesserat

2189 864 2352 919 Μετὰ
2380 865 2600 918 τοῦτον
2631 865 2995 918 ἐϐασίλευσε
3026 862 3268 930 Πρόϐος.
3309 859 3466 914 Probi
3495 860 3657 929 imper.

422 963 576 1026 anni,
611 972 674 1016 ut
722 970 958 1016 testatur
1005 961 1122 1014 Dio.
1159 961 1263 1013 Sed
1320 960 1364 1013 si
1417 959 1574 1012 Gallo
1622 972 1686 1010 ac
1715 956 2017 1009 Volusiano
2119 958 2248 1010 anni
2281 957 2441 1026 paulo
2471 957 2785 1011 accuratius
2815 954 3154 1024 expendendi
3192 960 3338 1008 sunt.
3365 953 3423 1006 In
3452 953 3512 1007 iis
3541 954 3662 1007 enim

423 1062 686 1120 praetorea
730 1054 1010 1108 biennium
1046 1053 1412 1123 arrogantium
1450 1058 1555 1112 est,
1585 1065 1878 1102 commune
1911 1048 2015 1101 hoc
2119 1047 2486 1117 ehronologia:
2514 1045 2842 1101 Christiana:
2877 1045 3024 1098 velut
3056 1043 3225 1097 cardo
3269 1042 3481 1111 quidam
3521 1046 3663 1094 verti-

424 1146 545 1200 istis
591 1160 715 1199 esse
765 1159 890 1198 cum
923 1142 1213 1198 Valeriano
1269 1152 1323 1197 et
1347 1142 1576 1196 Galieno
1628 1141 1787 1194 debet
1822 1158 1834 1192 :
1870 1139 2014 1208 quod
2121 1151 2243 1204 tur;
2282 1149 2447 1209 atque
2489 1155 2555 1194 eo
2589 1139 2808 1193 demum
2844 1135 3105 1206 perducta
3139 1135 3191 1187 in
3229 1134 3503 1186 Annalium
3540 1132 3667 1186 libris

423 1237 623 1288 mirum
674 1243 758 1289 est
784 1236 852 1288 ab
883 1235 1164 1289 historicis
1193 1249 1316 1289 esse
1345 1233 1772 1287 dissimulatum.
1810 1231 1918 1285 Nec
1955 1232 2017 1284 il-
2118 1248 2386 1284 annorum
2418 1231 2590 1285 series
2622 1229 2691 1283 ab
2711 1244 2897 1283 errore
2928 1229 2982 1280 in
3017 1227 3160 1279 viam
3215 1227 3375 1294 longo
3408 1224 3664 1278 intertallo

426 1327 517 1380 lud
554 1328 760 1388 nescio,
802 1342 965 1394 quam
1015 1328 1174 1380 fallas
1229 1326 1548 1394 plerumque
1576 1324 1889 1391 conjectura
1924 1324 2014 1376 illa
2121 1324 2418 1376 reducitur.
2463 1322 2800 1375 Intellectum
2837 1327 2922 1372 est
2965 1318 3232 1371 hactenus
3270 1331 3337 1370 ex
3373 1316 3440 1369 iis
3469 1329 3671 1384 praeser-

428 1420 520 1478 si’t,
547 1433 668 1486 quae
700 1420 762 1471 de
799 1419 964 1486 iinpp.
1006 1418 1166 1470 annis
1184 1433 1246 1470 ex
1275 1415 1571 1468 tribunitite
1604 1415 1885 1483 potestatis
1909 1429 2014 1466 nu-
2121 1416 2240 1477 tim,
2267 1429 2390 1482 quae
2420 1415 2483 1466 de
2511 1413 2685 1465 Natali
2722 1411 2925 1465 Christi
2957 1424 3104 1462 anno
3141 1407 3208 1460 ad
3245 1408 3372 1461 haer.
3400 1407 3460 1460 51
3500 1421 3672 1475 propo-

427 1525 580 1563 inero
625 1509 861 1577 capitur,
900 1507 991 1576 qui
1028 1507 1081 1559 in
1116 1501 1606 1559 marmorihus'aut
1634 1503 1872 1556 niunmis
1922 1519 2015 1555 ex-
2121 1506 2356 1567 snimus,
2397 1505 2710 1573 complures
2740 1501 3032 1555 Annalium
3068 1500 3385 1554 conditores
3415 1501 3466 1551 in
3495 1498 3673 1552 Christi

429 1602 708 1660 bibentur,
742 1609 800 1652 ιιι
834 1601 887 1651 in
920 1598 1111 1651 Tacito
1143 1599 1305 1666 paulo
1331 1605 1453 1664 post
1505 1604 1554 1647 et
1579 1595 1719 1647 Caro
1744 1602 2015 1646 moustra-
2121 1597 2284 1651 annis
2312 1611 2437 1651 cum
2481 1594 2729 1648 Romana
2779 1595 2862 1648 vel
2895 1592 3082 1646 Graeca
3126 1592 3352 1646 historia
3387 1605 3676 1659 comparan-

428 1695 594 1748 billlr-
646 1692 963 1746 ESSIinCtUS
987 1699 1069 1745 est
1111 1689 1307 1742 θυείας
1350 1704 1494 1740 anno
1528 1688 1733 1742 Christi
1783 1686 1910 1748 252,
1948 1703 2014 1740 ex
2119 1694 2227 1756 dis,
2260 1691 2486 1746 biennio
2528 1691 2714 1759 lapsos
2761 1704 2884 1743 esse
2908 1704 2922 1753 ;
2949 1689 3086 1740 alios
3113 1704 3221 1740 uno
3253 1685 3507 1737 duntaxat
3537 1697 3676 1735 anno.

427 1803 538 1855 quo
568 1784 706 1838 Galli
744 1799 808 1838 ac
838 1782 1123 1837 Volusiani
1161 1783 1377 1835 initium
1408 1781 1716 1848 consurgit.
2117 1780 2277 1848 Quod
2315 1779 2520 1833 idcirco
2547 1779 2657 1832 illis
2692 1777 2914 1840 accidit,
2945 1775 3074 1846 quia
3110 1773 3477 1827 Christianam
3517 1785 3676 1830 teram.

512 1877 947 1930 Ἐϐασίλευσεν
999 1873 1418 1942 Οὺαλεριανός.
1462 1871 1782 1937 Quindecim
1842 1885 2018 1924 annos
2056 1930 2060 1943 Ι

2128 1888 2242 1943 qua:
2290 1873 2344 1926 in
2388 1886 2594 1925 annum
2630 1886 2682 1923 tv
2710 1867 2925 1939 Olymp.
2960 1867 3082 1933 194,
3117 1864 3285 1920 Urbis
3327 1880 3453 1918 vero
3488 1863 3597 1923 755,
3624 1877 3676 1914 et

429 1969 704 2023 Eusebius
737 1970 789 2022 in
825 1966 1090 2022 Chronico
1119 1978 1171 2019 et
1203 1969 1257 2020 in
1294 1965 1536 2018 Historia
1573 1965 1760 2017 trihuit
1789 1984 1800 2018 :
1834 1964 1886 2017 in
1915 1979 2022 2031 quo
2055 1930 2095 1983 Β
2133 1964 2468 2018 Varroniana
2523 1962 2803 2031 putatione
2852 1957 3130 2020 convenit,
3168 1958 3233 2010 ad
3287 1970 3486 2008 annum
3519 1952 3680 2024 Olylll'

429 2069 660 2113 met-eros
691 2059 861 2112 ferme
899 2060 1290 2127 suifragatores
1338 2057 1531 2118 habet;
1575 2071 1698 2108 nam
1734 2053 2024 2107 Valeriano
2128 2057 2303 2125 piadis
2335 2056 2482 2109 illius
2523 2052 2824 2109 secundum
2877 2050 2961 2104 vel
3013 2049 3273 2108 tertium,
3310 2047 3468 2100 Urbis
3499 2045 3588 2096 75f
3611 2043 3679 2096 vel

430 2168 482 2205 γι
518 2159 612 2205 aut
647 2168 743 2214 vu,
781 2150 1012 2205 Galieno
1041 2151 1142 2204 soli
1189 2165 1284 2203 vui
1341 2149 1421 2201 vel
1475 2164 1526 2200 ix
1559 2148 1888 2201 concedunt.
1920 2147 2025 2197 lui-
2129 2148 2231 2202 7:32
2261 2145 2644 2201 retrahendam
2672 2148 2953 2212 putarunt.
2983 2139 3124 2193 Hinc
3155 2139 3323 2192 unius
3371 2137 3453 2191 vel
3481 2135 3681 2189 duorum

431 2244 564 2294 tium
594 2240 870 2296 Valeriani
898 2248 953 2292 et
976 2239 1184 2292 Calieni
1213 2240 1467 2292 convenit
1490 2253 1634 2290 anno
1658 2239 1858 2289 (Ilii-isti
1887 2236 1979 2290 23M

2129 2258 2398 2297 annorum
2434 2237 2933 2294 metaehronismus
2976 2232 3420 2303 imprudentibus
3447 2229 3547 2284 illis
3575 2227 3677 2281 inci-

430 2336 613 2388 exitus
643 2349 788 2385 anno
831 2333 956 2384 9.68.
998 2331 1132 2384 Nam
1178 2347 1245 2384 xv
1281 2346 1485 2384 annum
1527 2329 1787 2383 Galieuus
1826 2329 2021 2398 attigit.
2127 2335 2238 2396 dit;
2268 2331 2412 2401 quod
2439 2347 2468 2384 e
2503 2329 2812 2383 caelestium
2844 2325 3293 2382 observationnm
3326 2337 3390 2377 ac
3443 2321 3684 2391 cyclorum

431 2421 636 2476 Tribus
673 2424 832 2476 annis
864 2425 1048 2475 minus
1078 2423 1211 2475 dicit
1245 2420 1610 2489 Epiphanius.
2127 2424 2387 2480 methodo
2448 2422 2600 2475 nullo
2656 2421 2879 2490 negotio
2932 2416 3383 2486 deprehenditur.
3430 2411 3530 2466 Sed
3573 2426 3684 2480 quo-

515 2516 611 2567 Ἐν
638 2515 717 2578 τῷ
745 2514 936 2578 ἐνάτῳ
961 2510 1074 2567 οὖν
1113 2514 1233 2565 ἔτει
1274 2515 1510 2568 τούτου.
1555 2511 1834 2568 Μιιιιῑιτιιπὶ
1874 2528 2026 2581 gras-

2135 2518 2270 2571 niam
2295 2515 2597 2568 doctrinam
2623 2513 2782 2565 istam
2812 2509 3007 2580 partim
3026 2509 3306 2578 ignorant,
3331 2505 3526 2576 panim
3550 2502 3683 2558 etiam

433 2608 703 2662 sationem
751 2607 914 2660 rariis
961 2606 1121 2660 anuis
1155 2607 1488 2673 consignant
1535 2614 1742 2659 veteres
1772 2606 2026 2660 chrouo—
2128 2611 2490 2660 contemnunt
2540 2602 2732 2670 aliqui,
2767 2607 2822 2654 et
2852 2596 3383 2669 opportunissimam
3433 2595 3509 2648 vel
3542 2591 3684 2647 errori

437 2701 566 2767 logi.
601 2699 794 2752 Noster
827 2698 913 2750 hie
953 2698 1174 2766 quidem
1208 2696 1419 2749 Catieni
1480 2713 1627 2749 nono
1672 2697 2022 2750 collationem
2127 2700 2208 2752 vel
2256 2697 2486 2750 inscitiae
2540 2694 2807 2747 latebram
2855 2691 3100 2762 pnebent
3143 2687 3470 2743 Consulares
3503 2686 3686 2740 illorum

435 2792 583 2844 illam
613 2790 864 2843 Archelai
900 2805 1024 2842 eum
1050 2787 1263 2847 Manete
1297 2789 1597 2857 contigisse
1633 2791 1847 2843 scribit.
1880 2791 1945 2842 At
1971 2791 2025 2842 in
2131 2801 2437 2857 temporum
2491 2784 2666 2849 Fasti,
2706 2783 2798 2852 qui
2831 2795 3161 2851 magnopere
3189 2779 3390 2833 incerti
3419 2772 3691 2846 depravatio

436 2879 860 2934 Maniclneorum
900 2879 1116 2941 haeresi,
1149 2893 1295 2932 anno
1315 2879 1595 2931 Aureliani
1623 2878 1733 2933 fere
1760 2895 1830 2932 iv.
1857 2878 2026 2948 Vulgo
2128 2896 2236 2949 que
2268 2887 2417 2940 sunt,
2450 2886 2616 2947 atque
2643 2891 2672 2928 a
2707 2891 2767 2929 se
2790 2884 2990 2928 mutuo
3023 2872 3384 2933 dissentiunt,
3416 2883 3519 2922 non
3561 2864 3686 2934 prius

436 2988 583 3026 coss.
606 2972 782 3024 Probo
806 2969 1428 3034 acPaulino,utihidem
1462 2969 2022 3024 Iatiusdisscruimus.
2129 2971 2350 3040 agnitus
2397 2977 2482 3022 est
2532 2982 2714 3030 error,
2744 2981 2907 3034 quam
2959 2964 3024 3019 ad
3075 2964 3351 3033 insignem
3409 2962 3625 3030 aliquam
3650 2962 3691 3008 et

509 3066 669 3118 Μετὰ
699 3063 1107 3132 Οὐαλεριανὸν
1142 3062 1239 3117 καὶ
1280 3064 1329 3114 Γ
1331 3063 1607 3128 alma-dy.
1653 3061 1778 3116 Haec
1806 3080 1870 3116 ex
1915 3065 2024 3117 Eu-

2154 3064 2396 3115 Ilustrem
2438 3059 2706 3128 epocham
2753 3065 3080 3125 perventum
3126 3065 3234 3119 εει,
3266 3069 3392 3123 quae
3430 3062 3618 3106 certum
3643 3061 3691 3098 ac

438 3161 608 3213 schio.
649 3157 905 3227 Plerique
933 3170 1108 3210 annos
1139 3156 1276 3210 duos
1308 3175 1319 3209 :
1347 3171 1488 3224 quos
1528 3156 1807 3212 absolutos
1835 3158 2023 3222 fuisse,
2131 3152 2413 3204 definitum
2444 3147 2794 3201 intervallum
2829 3143 3129 3200 clauderet.
3165 3141 3452 3210 Ejusmodi
3483 3148 3560 3194 est
3592 3137 3692 3189 Dio-

439 3257 509 3305 ita
563 3261 615 3306 ut
665 3252 882 3304 tertium
935 3250 1150 3306 inierit,
1193 3249 1534 3301 deumnstrat
1577 3247 1864 3302 Baronius.
1929 3251 2038 3306 Nec
2068 3259 2108 3316 (ς
2148 3239 2363 3294 vtetiani
2398 3237 2782 3308 inimordium.
2817 3235 2964 3304 quod
3012 3249 3158 3288 anno
3208 3248 3336 3287 verm
3389 3229 3692 3300 Dionysium

439 3343 668 3396 multum
694 3355 1009 3408 repugnent.
1030 3339 1207 3406 Cespit
1229 3338 1490 3392 Claudius
1510 3351 1653 3390 anno
1674 3337 1875 3392 ChriSti
1902 3338 2028 3402 268,
2135 3333 2240 3386 ‘28!
2276 3331 2545 3400 cnngruit.
2579 3327 2719 3382 Tum
2749 3326 3152 3391 Valentiniani;
3188 3341 3353 3396 quem
3383 3339 3519 3379 anno
3546 3322 3696 3377 bisex-

440 3435 588 3487 circa
624 3448 674 3484 is
713 3431 832 3484 Kal.
869 3431 1025 3500 Apr.,
1060 3438 1118 3482 ut
1148 3429 1352 3485 indicat
1377 3429 1702 3484 Trebellius.
1739 3413 1909 3484 Desiit
1937 3447 2033 3485 an-
2140 3427 2241 3486 tili,
2284 3427 2387 3478 hoc
2420 3433 2504 3478 cst
2536 3422 2662 3484 364,
2697 3422 2886 3475 iniisse
2910 3428 3146 3474 constat.
3164 3419 3305 3472 Cum
3340 3419 3504 3487 igitur
3526 3417 3585 3466 ab
3611 3412 3694 3466 ini-

443 3539 516 3577 no
541 3523 667 3576 9.70.
2141 3518 2216 3567 tio
2253 3516 2366 3576 illo,
2402 3513 2548 3583 quod
2583 3513 2684 3564 sibi
2723 3511 2810 3564 isti
2844 3509 3208 3580 przelixerant,
3244 3509 3504 3562 nimirum
3536 3506 3597 3557 ab
3623 3517 3697 3554 an-

519 3613 741 3666 Τιιῦτον
773 3611 1109 3681 διαδέχεται
1144 3614 1540 3681 armaturae.
1566 3613 1930 3668 Consentiunt
1981 3613 2034 3666 in

2144 3625 2212 3661 no
2246 3624 2281 3660 ιι
2319 3605 2535 3675 Olymp.
2574 3603 2693 3667 194,
2736 3604 2890 3672 cyclo
2946 3602 3088 3655 luna:
3136 3615 3299 3662 xviii,
3346 3601 3476 3654 solis
3520 3611 3616 3658 ru,
3644 3590 3692 3642 ad

447 3709 591 3760 hunc
619 3722 891 3759 annorum
945 3721 1236 3760 numerum
1273 3714 1470 3773 praeter
1507 3706 1801 3760 Eusebimn
1839 3706 2038 3760 Eutro—
2141 3701 2355 3754 initium
2397 3695 2740 3756 υἱυριιιιίτιιιί,
2771 3695 2858 3748 cui
2905 3693 3092 3763 cyelus
3147 3693 3293 3747 lunte
3327 3708 3440 3755 Xix,
3474 3690 3598 3745 solis
3623 3698 3696 3737 XIII

446 3798 589 3867 pius,
608 3796 1228 3863 Victoi',,Cassi0tlorus,
1254 3809 1359 3852 etc.
1392 3798 1556 3853 Solus
1589 3799 1878 3851 Annalium
1909 3815 2042 3852 eone
2143 3791 2426 3859 competit,
2463 3787 2733 3853 interiecti
2769 3800 2890 3839 esse
2923 3784 3158 3838 debeant
3189 3784 3320 3836 anni
3348 3781 3472 3844 986,
3500 3781 3574 3834 vel
3615 3790 3699 3828 uno

446 3891 593 3944 ditur
638 3905 814 3944 annos
861 3907 934 3943 vn
986 3890 1275 3954 attrihuit;
1314 3891 1456 3959 quod
1507 3891 1561 3943 in
1607 3905 1834 3943 nummo
1863 3901 2042 3944 vetere
2144 3882 2455 3953 pauciores.
2500 3879 2569 3931 ab
2605 3893 2749 3930 πηιιο
2782 3893 2838 3929 ιιι
2873 3873 3084 3945 Olymp.
3117 3874 3390 3942 0109101“,
3415 3871 3558 3942 (Ὓθίο
3587 3869 3701 3920 Imm

447 3982 653 4052 septies
689 3983 976 4037 tribunitia
1011 3990 1251 4050 potestas
1281 3957 1576 4052 aliingitur.
1607 3983 1713 4037 Sed
1759 3982 2044 4035 nihilomi-
2148 3991 2260 4033 )tl.\‘,
2299 3972 2435 4027 solis
2468 3984 2587 4030 rm,
2628 3977 2689 4021 ut
2739 3983 2861 4021 cum
2902 3960 3234 4036 Dionysiatia
3285 3978 3398 4018 :era
3449 3957 3702 4017 chronoloo

448 4092 555 4129 nus
587 4074 901 4130 communis
935 4073 1222 4128 sententia:
1258 4073 1500 4127 nondum
1529 4088 1615 4126 me
1643 4073 1888 4140 pmnitet.
1925 4072 2046 4124 (Ιαιο
2145 4068 2288 4136 giam
2342 4077 2500 4118 suam
2548 4060 2850 4114 conciliare
2895 4067 3142 4128 possant.
3177 4057 3370 4127 utique
3417 4048 3702 4108 Diocletiani

447 4163 590 4233 perit
631 4164 964 4218 Aurelianus
1011 4178 1156 4216 anno
1205 4162 1332 4224 270,
1368 4161 1668 4216 Februario
1703 4177 1910 4225 mense,
1943 4160 2046 4212 hoc
2149 4157 2357 4226 primus
2393 4156 2446 4207 in
2482 4168 2685 4205 annum
2737 4166 2857 4204 terre
2909 4166 3022 4204 suae
3065 4148 3395 4204 Christianae
3421 4148 3522 4202 284
3567 4141 3702 4199 cade-

447 4265 531 4309 ι·51.
567 4272 601 4309 x
631 4254 755 4310 Kal.
798 4253 983 4317 blart.,
1036 4261 1095 4307 ut
1142 4271 1207 4310 ex
1243 4254 1482 4324 Vopisco
1536 4254 1704 4310 refert
1733 4253 2044 4318 Onufrius;
2151 4256 2266 4311 ret;
2298 4260 2466 4299 unum
2496 4253 2588 4296 aut
2620 4242 2851 4296 alterum
2900 4255 3128 4304 annum,
3166 4238 3501 4306 totidemque
3543 4245 3706 4288 consu-

452 4345 620 4414 periit
651 4360 797 4399 anno
826 4345 955 4405 275.
987 4344 1092 4399 sub
1137 4344 1279 4399 idem
1313 4321 1427 4399 fere
1475 4354 1724 4415 tempus;
1764 4361 1889 4398 nam
1926 4352 2050 4414 post
2152 4342 2360 4394 lataum
2417 4335 2569 4404 paria
2629 4332 3012 4395 sustulerunt;
3060 4331 3226 4399 quod,
3271 4339 3332 4384 ut
3375 4329 3621 4383 diximus.
3662 4321 3703 4372 in

452 4437 574 4502 ejus
604 4437 814 4494 obitum
841 4437 1215 4506 interregnum
1248 4437 1352 4490 fuit
1377 4453 1472 4491 sex
1505 4438 1800 4501 mensium,
1823 4444 2050 4490 auctore
2153 4429 2242 4482 illa
2278 4426 2408 4479 [πρε
2438 4421 2669 4476 Romani
2703 4420 2917 4490 imperii
2950 4420 3175 4489 impune
3201 4425 3428 4488 propter
3454 4411 3704 4469 Annalium

455 4529 693 4597 Vopisco
721 4544 787 4582 ac
812 4529 1052 4600 Victore,
1085 4527 1152 4582 ad
1202 4544 1275 4580 vn
1304 4527 1425 4580 Kal.
1469 4529 1615 4592 0ct.,
1649 4544 1758 4598 quo
1805 4536 2052 4598 tempore
2158 4515 2600 4588 pertuibationes
2635 4512 2816 4566 facere
2849 4511 3023 4565 licuit.
3064 4510 3242 4578 Atque
3287 4511 3429 4562 hanc
3472 4513 3704 4597 annorum

435 4622 790 4690 subrogatus
831 4596 915 4674 est
945 4636 974 4672 a
1015 4626 1209 4673 senatu
1241 4617 1491 4675 Tacitus.
1529 4590 1610 4673 ita
1639 4590 1856 4674 sextum
1883 4590 1983 4689 ait;

2158 4609 2422 4676 iacturam
2474 4605 2763 4672 labemque
2797 4601 3010 4654 Probus
3056 4599 3356 4668 imperator
3392 4598 3542 4652 facile
3574 4590 3706 4649 susti-

456 4714 523 4766 rii
556 4726 762 4765 annum
794 4710 984 4766 leviter
1013 4709 1210 4778 attigit.
1246 4706 1476 4762 Veteres
1519 4709 1908 4777 inscriptiones
1941 4686 2048 4763 non
2156 4700 2309 4763 nuit;
2357 4697 2427 4751 de
2469 4695 2631 4764 cujus
2671 4692 2886 4762 imperii
2925 4701 3168 4760 tempore
3209 4691 3468 4744 nonnulla
3501 4686 3706 4742 estinter

457 4805 696 4873 :unpiius
726 4816 890 4870 quam
921 4817 949 4854 ν
978 4799 1294 4854 tribunitias
1337 4806 1638 4866 potestates
1673 4799 1943 4853 referunt.
2155 4788 2446 4860 primarios
2471 4795 2728 4840 auctores
2755 4783 2872 4837 diss
2894 4781 3034 4835 'nsio
3069 4800 3081 4833 :
3115 4797 3240 4833 nam
3276 4779 3542 4848 Vopiscus
3567 4784 3707 4828 annos

530 4898 693 4952 Μετὰ
747 4894 964 4948 τοῦτον
1015 4893 1382 4947 ἐϐασίλευσε
1437 4891 1702 4958 Τιὶκιτος.
1775 4890 1880 4945 Seu
1934 4891 2054 4945 illos

2159 4883 2235 4936 illi
2266 4897 2297 4933 v
2325 4879 2596 4934 duntaxat
2629 4875 2912 4938 attribuit;
2945 4872 3124 4927 caeteri
3169 4887 3222 4924 vi
3268 4881 3372 4924 aut.
3393 4885 3463 4922 ru
3487 4885 3501 4931 ;
3528 4868 3619 4920 hoc
3643 4866 3707 4914 est

459 5007 680 5045 nienses
730 4988 854 5042 iniit
891 5003 958 5042 ex
1005 4990 1069 5040 A.
1101 4986 1163 5039 D.
1199 5003 1269 5039 vu
1302 4985 1420 5038 Kal.
1461 4984 1581 5039 Oct.
1616 4985 1746 5038 anni
1776 4983 1903 5044 275,
1933 4999 2007 5051 pet

2161 4987 2336 5027 annos
2383 4969 2588 5024 solidos
2630 4983 2705 5030 vi,
2732 4975 2788 5020 et
2831 4979 3048 5018 menses
3085 4980 3155 5017 tv.
3197 4961 3270 5016 Ita
3315 4958 3612 5027 Eutropius,
3639 4949 3709 5002 Vi-

459 5043 729 5149 duxitque
756 5079 823 5132 ad
855 5078 1093 5147 Aprilem
1136 5078 1265 5130 anni
1302 5075 1428 5130 276.
1459 5076 1624 5145 Atqui
1659 5076 1716 5129 in
1747 5043 2000 5142 inscripti

2160 5074 2300 5129 ctor,
2334 5061 2606 5116 Eusebius
2645 5067 2701 5112 et
2755 5072 2822 5111 ex
2862 5055 3100 5110 Eusebio
3145 5064 3334 5109 noster
3368 5052 3637 5106 :Julianus
3667 5043 3708 5094 in

461 5141 1045 5240 nibus-Gruteri,’pag.
1083 5170 1411 5234 277,exstat
1441 5141 1568 5230 una,
1595 5183 1716 5235 qua:
1749 5141 1941 5218 Tacito
1972 5163 2061 5216 tri-
2163 5153 2490 5217 Cesaribus,
2527 5149 2933 5240 Cassiodorus,
2966 5146 3057 5200 alii
3094 5145 3264 5201 ferme
3311 5159 3520 5206 omnes,
3543 5141 3710 5240 praeter

461 5266 706 5320 lmniﬁas
742 5271 1040 5333 poteslales
1094 5277 1130 5314 ιι
1187 5267 1426 5330 arrogat,
1454 5257 1570 5311 Non
1605 5257 1770 5326 igitur
1797 5272 1861 5309 ex
1897 5255 2062 5308 lrihu-
2167 5259 2336 5298 unum
2357 5241 2679 5312 Vopiscum.
2705 5238 3074 5304 Quamobrem
3101 5239 3194 5308 qui
3224 5251 3355 5292 suos
3384 5232 3600 5289 Annales
3624 5237 3710 5323 lilio

465 5360 613 5413 nitim
629 5354 918 5426 potestatis
939 5369 1168 5407 numero
1183 5353 1400 5422 imperii
1421 5359 1633 5419 tempus
1653 5347 2013 5403 :estimandun

2168 5351 2312 5390 anno
2349 5335 2428 5388 vel
2467 5333 2690 5387 biennio
2730 5331 2997 5385 hactenus
3026 5335 3450 5390 anteverterant,
3493 5323 3709 5376 detractis

467 5449 531 5504 Et
567 5417 826 5518 apparet.
871 5446 974 5500 nisi
1006 5417 1344 5497 tribunitiam
1373 5417 1696 5511 potestatem
1741 5445 1866 5491 ante
1894 5439 2066 5505 impe-
2169 5427 2391 5482 totidem
2443 5442 2510 5481 ex
2563 5425 2797 5494 imperio
2851 5423 3035 5485 Probi.
3089 5438 3216 5476 cum
3265 5417 3580 5488 Dim'ySiam‘

471 5498 618 5594 riuml
643 5498 850 5593 lnactus
892 5537 964 5591 sit
998 5533 1246 5597 Tacitus,
1281 5531 1424 5585 hanc
1464 5531 1536 5584 illi
1571 5529 1902 5599 geminatam
1943 5540 2066 5581 esse
2168 5519 2429 5588 (leinccps
2477 5517 2628 5586 paria
2679 5514 2947 5570 fecerunt.
2977 5514 3260 5583 Αιιευεῑιιε
3298 5511 3580 5577 imperator
3601 5498 3710 5599 ibi"

473 5609 920 5686 iacunteJiiliano
935 5641 1182 5691 anno,ac
1203 5639 1346 5678 nono
1360 5623 1668 5685 consulatu,
1691 5619 1826 5674 adeo
1843 5617 2068 5686 utprior
2171 5611 2388 5666 duobus
2407 5608 2590 5664 Sextis
2621 5623 2792 5671 coss.,
2817 5615 2879 5661 ut
2911 5617 3104 5660 auctor
3139 5613 3225 5659 est
3250 5588 3704 5691 Suetonius-ctDio-

476 5723 766 5777 tribunitia
792 5728 1036 5790 potestas
1065 5725 1180 5772 tres
1209 5716 1477 5767 duntaxat
1505 5725 1719 5765 menses
1743 5707 2024 5776 occuparit
2053 5723 2066 5760 ι
2173 5702 2381 5757 [lorum
2413 5718 2542 5758 vero
2577 5701 2921 5763 consulatus,
2951 5708 3012 5753 ut
3059 5706 3116 5753 et
3161 5711 3309 5751 mors
3336 5686 3568 5759 Augusti.
3598 5691 3708 5790 00!:

794 5759 1036 5790 rem“...
1066 5759 1180 5772 ,νων
1507 5759 1716 5765 ----_-___
1751 5759 1768 5762 _
1789 5759 1834 5762 __
1886 5759 1934 5776 Γ
2055 5759 2061 5760 ,
2911 5759 2919 5763 _

476 5811 623 5882 quod
661 5821 842 5866 utrum
897 5814 949 5864 iu
997 5811 1120 5865 aliis
1152 5806 1462 5862 factitatum
1523 5804 1793 5857 affirmare
1825 5802 2068 5855 nondum
2173 5795 2321 5866 gruit
2359 5806 2505 5846 anno
2534 5789 2755 5844 Iuliano
2784 5788 2874 5854 59,
2918 5786 3266 5857 Dionysiame
3293 5797 3414 5837 aera:
3437 5791 3515 5832 ιιν
3547 5791 3560 5826 :

477 5856 671 5954 dudeo.
709 5895 849 5950 Sane
875 5898 1165 5966 potcStatis
1192 5893 1356 5950 istius
1385 5891 1632 5962 repetitio
1667 5905 1776 5946 non
1807 5892 2070 5960 perpetuo
2176 5887 2312 5942 solis
2331 5885 2549 5956 eclipsis
2579 5882 2803 5950 indicat,
2837 5895 2957 5952 quae
2983 5882 3088 5935 sub
3124 5878 3244 5950 ejus
3271 5881 3491 5930 mortem
3517 5856 3702 5919 accidit'
