3920 6454
389 389 493 445 567

1523 384 1870 440 APPENDIX
1913 385 2520 444 DISSERTATIONUM

3543 393 3638 448 568

391 509 548 570 bum,
574 506 666 575 qui
695 519 723 556 a
755 503 947 558 Tacito
979 504 1238 575 primum,
1268 510 1327 558 ut
1354 516 1601 575 apparet,
1629 508 1973 562 consulatum
2007 517 2050 565 Α
2080 509 2382 562 auctoritas
2407 508 2662 571 accessit,
2717 507 2860 576 quod
2894 508 2960 563 iis
2988 509 3172 564 verbis
3196 507 3464 577 Vopiscus
3488 512 3640 581 signi-

391 599 660 660 ohtittuit,
692 597 1156 667 quemadmodum
1186 594 1414 652 Tacitus
1442 598 1671 666 ipsemet
1697 598 1838 666 apud
1870 596 1975 651 Vo-

393 691 606 757 piscum
647 691 703 744 in
746 689 985 760 quadam
1019 695 1086 743 ad
1125 689 1362 743 Probum
1395 690 1619 759 epistola
1650 691 1925 760 significat
1959 731 1974 755 ,

391 796 553 849 quam
588 781 664 834 ita
705 781 987 835 concludit
1016 799 1028 834 :
1065 778 1135 834 Te
1175 781 1318 834 enim
1360 792 1535 835 manet
1564 798 1660 848 pro
1694 781 1976 835 uirtutibus

392 869 499 922 tuis
523 868 830 937 Capitolina
859 871 1124 939 palmata.
1165 870 1240 924 Ex
1270 887 1380 940 quo
1413 873 1637 926 minime
1659 879 1818 927 antea
1842 870 1978 925 Pro-

395 961 498 1014 bus
556 961 770 1015 videtur
826 965 1171 1016 consulatum
1227 963 1480 1032 adeptus.
1535 963 1806 1028 Quocirca
1855 971 1979 1031 post

394 1053 645 1105 Tacitum
696 1061 749 1106 et
792 1053 1150 1107 IEmilianum
1199 1054 1525 1123 subjicicndi
1565 1063 1695 1109 sunt
1744 1053 1976 1120 Probus,

395 1145 677 1207 Paulinus,
703 1159 768 1197 ac
791 1145 1051 1213 deinceps
1075 1147 1282 1199 caztcri.
1315 1145 1706 1213 Conjecturam
1732 1153 1978 1200 nostram

395 1236 617 1304 adjuvat
649 1236 850 1292 Leonis
891 1237 981 1291 ille
1017 1238 1193 1300 locus,
1227 1254 1388 1306 quem
1426 1238 1492 1291 ad
1537 1237 1772 1294 Manich.
1808 1238 1979 1291 luere-

395 1328 479 1380 sin
509 1327 815 1388 attulimus,
852 1327 943 1380 ubi
977 1325 1219 1380 Probum
1257 1329 1398 1396 Aug.
1430 1335 1482 1380 et
1515 1325 1806 1380 Paulinum
1828 1342 1976 1383 coss.

397 1416 660 1470 nominat.
704 1415 885 1470 Redeo
911 1417 1020 1484 jam
1054 1417 1120 1470 ad
1157 1418 1318 1470 l’robi
1354 1419 1705 1486 imperatoris
1736 1418 1976 1471 initium.

393 1506 564 1570 Quem
603 1521 727 1559 cum
764 1522 968 1559 annum
997 1507 1289 1562 inchoasse
1324 1508 1619 1576 septimum
1648 1508 1822 1577 major
1851 1523 1978 1576 pars

394 1606 636 1650 veterum
674 1599 1008 1667 scriptorum
1043 1600 1342 1663 existimet,
1394 1614 1496 1652 nos
1541 1600 1780 1668 cmpisse
1826 1601 1977 1653 illum

393 1689 731 1743 arbitramur
777 1706 922 1743 anno
963 1691 1167 1744 Christi
1202 1691 1330 1754 276,
1369 1689 1562 1745 Tacito
1595 1701 1648 1744 et
1680 1691 1979 1746 Aimiliano

392 1794 566 1840 coss.,
609 1794 797 1834 mense
841 1779 1062 1833 circiter
1107 1781 1300 1849 Aprili,
1348 1793 1472 1850 post
1518 1782 1692 1837 Taciti
1724 1793 1976 1849 mortem,

392 1872 487 1936 qui
532 1869 598 1922 iis
635 1885 784 1923 coss.
830 1870 990 1933 obiit,
1036 1886 1160 1924 cum
1192 1887 1285 1926 sex
1320 1874 1605 1928 mensibus
1634 1875 1977 1945 imperasset.

393 1960 543 2014 Obiit
594 1976 723 2014 vero
778 1959 991 2015 Probus
1043 1961 1298 2016 inchoato
1335 1962 1448 2031 jam
1507 1966 1742 2034 septimo
1773 1965 1978 2022 Christi

393 2070 542 2108 anno
570 2054 695 2106 282.
737 2052 957 2109 Primus
991 2055 1112 2123 ejus
1147 2056 1491 2120 consulatus,
1529 2058 1576 2111 si
1611 2058 1857 2128 quinque
1891 2075 1981 2113 so-

394 2148 477 2200 ins
508 2149 700 2213 gessit,
733 2147 990 2201 convenit
1017 2163 1163 2202 anno
1195 2148 1323 2212 277,
1353 2163 1464 2218 quo
1494 2147 1786 2203 Paulinum
1813 2151 1982 2205 colle-

392 2253 516 2307 gam
552 2237 757 2290 habuit.
793 2237 890 2290 Sin
926 2255 974 2292 γι
1004 2239 1200 2292 consul
1243 2237 1366 2302 fuit,
1403 2247 1463 2293 ut
1504 2239 1627 2294 aliis
1659 2241 1839 2296 visunt
1874 2251 1979 2307 est,

397 2331 607 2397 primus
635 2330 948 2385 ordinarius
980 2346 1088 2384 non
1119 2331 1311 2395 fuerit,
1351 2331 1444 2385 sed
1483 2331 1748 2386 sulTectus
1788 2333 1980 2388 eodem

396 2420 518 2487 ipso
542 2435 707 2484 anno,
733 2436 843 2489 quo
863 2419 1087 2474 Tacitus
1117 2420 1315 2490 gessit;
1349 2419 1404 2473 in
1435 2436 1545 2490 quo
1571 2420 1784 2476 fortean
1819 2421 1983 2476 Scor-

395 2511 618 2579 piauum
656 2510 920 2581 collegam
952 2517 1147 2564 nactus
1182 2521 1298 2571 est,
1335 2511 1429 2580 qui
1460 2512 1651 2565 eodem
1695 2512 1816 2580 ipso
1837 2526 1983 2565 anno

394 2604 590 2655 consul
640 2602 869 2656 exstitit.
925 2602 1066 2656 Nam
1120 2600 1391 2670 Vopiscus
1437 2603 1492 2655 in
1550 2601 1726 2656 Probo
1767 2602 1980 2667 scribit,

394 2689 604 2742 zElium
641 2689 995 2757 Scorpianum
1031 2707 1141 2744 cos.
1170 2694 1231 2743 de
1275 2690 1440 2744 Probi
1477 2693 1661 2759 imper.
1701 2692 1891 2746 litteris
1915 2692 1984 2744 ad

395 2789 639 2833 senatum
674 2779 944 2834 retulisse.
995 2781 1102 2835 Sed
1135 2797 1202 2835 ex
1231 2781 1422 2836 eodem
1461 2783 1570 2851 isto
1605 2782 1825 2854 Vopisci
1863 2785 1985 2838 loco

395 2872 582 2940 gravis
618 2886 680 2926 ac
723 2870 1055 2940 perdidicilis
1089 2873 1551 2942 oritur'quzestio.
1593 2873 1803 2928 Etenim
1844 2873 1984 2928 Pro-

395 2963 501 3015 bus
531 2962 864 3016 militaribus
886 2961 1164 3032 sulfragiis
1189 2962 1481 3032 imperium
1511 2963 1742 3034 adeptus
1772 2963 1984 3020 litteras

397 3056 462 3109 ad
484 3063 732 3110 senatum
756 3055 935 3118 dedit,
960 3071 1192 3126 quarum
1215 3055 1322 3110 hoc
1351 3064 1436 3110 est
1484 3057 1771 3111 exordium
1795 3074 1807 3110 :
1834 3057 1987 3112 Recte

2082 599 2236 654 ficat:
2269 600 2356 653 Ita
2383 603 2430 654 ei
2461 601 2574 653 sine
2605 599 2720 652 ulla
2753 600 2995 654 molestia
3025 601 3190 654 totius
3219 601 3360 654 orbis
3386 603 3644 670 imperium

2078 698 2128 740 et
2162 689 2392 741 militum
2424 698 2473 741 et
2509 700 2725 741 senatus
2761 688 2970 757 judicio
3020 689 3256 742 delatum
3287 702 3386 746 est.
3418 689 3550 744 Tum
3587 694 3648 746 il-

2078 780 2171 834 lttd
2206 789 2531 850 argumento
2561 779 2663 845 c'st,
2697 780 2842 850 quod
2871 780 3014 835 haud
3044 782 3234 850 procul
3257 783 3437 846 Italia,
3469 798 3649 854 nempe

2080 871 2136 924 in
2181 870 2420 941 Illyrico,
2470 880 2528 925 ut
2566 872 2643 924 ait
2672 871 2886 936 Victor,
2922 888 2950 925 a
2993 873 3264 928 militibus
3298 882 3386 927 est
3418 882 3647 930 creatus.

2081 964 2259 1030 Quare
2296 965 2486 1031 paucis
2511 963 2708 1018 diebus
2743 965 2959 1018 senatui
2994 964 3098 1017 hoc
3129 963 3434 1033 signiﬁcari
3468 965 3648 1033 potuit.

2150 1053 2310 1106 Μετὰ
2354 1053 2572 1105 τοῦτον
2605 1054 2970 1107 ἐϐασίλευσε
3011 1053 3227 1121 Κᾶρος.
3288 1054 3453 1108 Recte
3494 1070 3654 1109 annos

2080 1145 2221 1198 duos
2259 1145 2435 1198 tribus
2470 1145 2899 1214 imperatoribus
2928 1153 2983 1200 ct
3020 1145 3131 1207 hic,
3163 1153 3217 1198 et
3253 1145 3550 1204 Eusebius.
3580 1155 3656 1198 at-

2081 1252 2188 1305 que
2213 1235 2447 1290 Orosius
2482 1235 2759 1304 imputant
2797 1253 2809 1288 :
2843 1236 2912 1288 ab
2942 1235 3104 1288 initio
3138 1236 3401 1289 videlicet
3439 1235 3562 1289 Cari
3599 1237 3657 1290 ad

2082 1329 2299 1382 initium
2318 1327 2663 1382 Diocletiani.
2697 1326 2817 1381 Non
2850 1335 3034 1381 tamen
3068 1328 3231 1403 solidi
3267 1329 3360 1382 isti
3398 1336 3547 1393 sunt,
3575 1329 3659 1382 sed

2081 1421 2289 1490 aliquot
2324 1420 2608 1475 mensibus
2644 1419 2924 1476 secundus
2958 1420 3277 1474 inchoatur.
3340 1419 3397 1473 ln
3449 1419 3661 1472 Annali-

2083 1515 2176 1567 bus
2225 1513 2602 1567 ecclesiasticis
2665 1511 2831 1566 Probi
2891 1512 3144 1581 imperat.
3203 1512 3393 1566 obitus
3449 1519 3657 1564 notatur

2083 1619 2229 1658 anno
2257 1604 2467 1658 Christi
2495 1603 2618 1666 285,
2653 1604 2794 1658 Caro
2827 1613 2882 1659 et
2915 1605 3116 1658 Carino
3157 1619 3332 1667 coss.;
3374 1605 3664 1674 eodemque

2083 1713 2228 1751 anno
2267 1696 2441 1751 Carus
2475 1711 2599 1749 cum
2647 1695 2849 1750 Carino
2898 1705 2950 1749 et
2979 1694 3316 1749 Numeriano
3357 1695 3484 1751 filiis
3522 1711 3665 1750 exor-

2085 1805 2180 1845 sus
2229 1797 2333 1843 cst.
2396 1789 2523 1842 Cari
2575 1799 2756 1841 autem
2802 1789 2984 1842 exitus
3025 1786 3314 1842 confertur
3369 1789 3423 1840 in
3476 1804 3662 1842 annum

2089 1881 2294 1936 Christi
2335 1879 2461 1941 284,
2506 1878 2709 1933 Carino
2743 1876 2783 1931 ll
2821 1889 2874 1932 et
2917 1877 3254 1933 Numeriano
3287 1877 3332 1932 Il
3378 1894 3527 1933 coss.
3559 1877 3665 1944 Quo

2089 1975 2254 2027 etiam
2292 1988 2436 2026 anno
2459 1970 2795 2025 Numeriano
2825 1985 2991 2037 caeso,
3029 1970 3369 2040 subrogatus
3401 1978 3485 2025 est
3515 1985 3542 2023 a
3572 1972 3663 2024 mi-

2090 2065 2279 2120 litibus
2308 2062 2702 2124 Diocletianus,
2739 2058 3002 2117 Palilibus
3038 2061 3194 2132 ipsis,
3241 2067 3304 2114 ut
3329 2077 3395 2115 ex
3437 2061 3667 2132 Panegy-

2091 2159 2208 2211 rico
2249 2155 2535 2226 probatur.
2581 2151 2782 2205 Verum
2823 2169 2890 2207 cx
2931 2170 2997 2206 eo
3047 2152 3324 2221 sequitur,
3363 2153 3454 2206 vix
3506 2153 3668 2206 tribus

2092 2255 2403 2318 quatuorve
2446 2244 2732 2300 mensibus
2768 2245 3072 2312 imperasse
3104 2243 3341 2310 Carum;
3384 2243 3529 2314 quod
3557 2258 3665 2296 cum

2093 2338 2326 2393 historia
2388 2344 2614 2405 pugnat.
2666 2335 2880 2390 Probus
2936 2334 3240 2404 imperator
3297 2350 3489 2389 mense
3535 2331 3667 2387 Julio

2091 2433 2332 2495 circiter,
2367 2437 2427 2484 ut
2475 2429 2639 2498 paulo
2678 2439 2804 2483 ante
2846 2427 3185 2483 declaratum
3234 2435 3346 2488 est,
3399 2425 3666 2495 imperium

2092 2523 2251 2584 iniit;
2285 2529 2340 2574 et
2377 2526 2580 2589 quarto
2609 2532 2798 2572 mense
2829 2531 2996 2586 supra
3035 2523 3251 2571 sextum
3290 2529 3497 2569 annum
3525 2512 3666 2576 obiit,

2093 2629 2281 2668 mense
2307 2612 2420 2666 fere
2446 2607 2774 2675 Novembri;
2824 2607 2968 2662 unde
3012 2622 3246 2662 exorsus
3288 2617 3375 2662 est
3405 2606 3594 2669 Carus,
3628 2620 3670 2656 tv

2091 2705 2232 2759 Non.
2269 2703 2558 2766 Novemb.,
2593 2708 2653 2756 ut
2691 2711 2884 2754 auctor
2912 2708 2997 2754 est
3029 2697 3324 2753 Onnfrius.
3366 2697 3444 2752 Ex
3471 2713 3520 2752 a.
3550 2697 3600 2751 d.
3627 2711 3670 2748 tv

2093 2798 2232 2851 Non.
2268 2795 2557 2850 Novembr.
2603 2794 2732 2848 anni
2773 2794 2881 2848 285
2921 2793 2988 2846 ad
3014 2806 3068 2845 xI
3101 2791 3220 2844 Kal.
3257 2789 3414 2853 Maii,
3443 2789 3552 2844 sive
3580 2787 3668 2840 Pa-

2094 2889 2210 2942 lilia
2243 2889 2374 2941 anni
2413 2887 2717 2957 sequentis,
2751 2899 2861 2955 quo
2891 2883 3059 2952 cmpit
3100 2881 3504 2941 Diocletianus,
3538 2893 3670 2932 men-

2095 2997 2184 3038 ses
2211 2990 2339 3036 sunt
2373 2997 2426 3043 ν,
2465 2980 2582 3034 dies
2619 2977 2735 3033 fere
2773 2994 2866 3032 xx.
2927 2973 3179 3030 Totidem
3215 2973 3350 3028 Cari
3394 2989 3458 3027 ac
3491 2971 3669 3026 Nume-

2096 3077 2239 3131 riani
2271 3074 2502 3144 imperio
2525 3071 2801 3126 eximendi
2835 3077 2987 3124 sunt.
3022 3069 3097 3121 Ita
3126 3067 3310 3122 Carus
3334 3063 3668 3136 paucissimis

397 3158 555 3216 atque
589 3147 792 3211 ordine,
829 3145 896 3202 P.
926 3147 1012 3209 C.,
1037 3149 1281 3216 proximo
1313 3149 1582 3216 superiore
1614 3166 1754 3202 anno
1784 3150 1986 3218 factum

2096 3163 2379 3219 mensibus
2427 3160 2738 3230 imperavit.
2793 3157 2961 3227 Atqui
3010 3155 3096 3210 vel
3148 3152 3521 3207 Numerianus
3571 3153 3670 3220 ipse

395 3247 497 3304 est,
533 3247 588 3290 ut
624 3247 796 3292 vestra
823 3239 1104 3293 clementia
1135 3240 1249 3293 orbi
1282 3249 1548 3294 terrarum
1573 3242 1861 3310 principem
1890 3241 1987 3295 da-

399 3337 499 3391 ret,
543 3337 648 3382 ctc.
692 3328 828 3382 Tum
864 3341 1246 3384 senatuscons.
1281 3330 1578 3398 subjicitur
1609 3348 1620 3383 :
1652 3330 1744 3384 Die
1779 3347 1835 3386 ιιι
1875 3330 1993 3387 Νο-

400 3436 498 3473 nas
551 3417 878 3473 Februarias
930 3422 985 3473 in
1037 3419 1148 3474 (ade
1201 3420 1536 3484 Concordia),
1589 3423 1726 3476 inter
1775 3431 1992 3486 cwtera,

401 3509 586 3564 Atilius
623 3510 953 3576 Scorpianus
989 3527 1096 3563 cos.
1131 3511 1260 3562 dicit
1295 3528 1312 3565 :
1346 3512 1611 3576 Audistis,
1660 3524 1840 3581 patres
1864 3530 1993 3568 con-

401 3601 613 3668 scripti,
651 3600 861 3655 litteras
917 3601 1123 3654 Aurelii
1181 3600 1383 3656 Valerii
1424 3601 1630 3656 Probi:
1659 3604 1723 3658 de
1755 3606 1836 3659 Itis
1866 3606 1994 3675 quid

402 3691 654 3745 videtur?
698 3690 834 3744 Acta
881 3690 997 3744 hate
1045 3699 1263 3760 oportet
1304 3707 1429 3746 esse
1463 3696 1714 3763 proximo
1745 3711 1892 3751 anno
1926 3698 1995 3753 ab

401 3797 488 3843 co,
537 3796 648 3849 quo
696 3779 922 3833 Tacitus
975 3796 1003 3832 a
1049 3789 1244 3834 senatu
1286 3782 1589 3851 imperator
1639 3792 1724 3839 est
1766 3784 1989 3841 factus:

403 3869 550 3938 quod
596 3871 712 3924 haec
747 3870 912 3924 verba
954 3871 1384 3926 demonstrant:
1427 3875 1672 3942 prua'imo
1723 3878 1994 3944 superiore

403 3979 544 4016 anno
571 3962 773 4030 factum
803 3971 902 4014 est.
941 3960 1116 4015 Porro
1156 3960 1381 4019 Tacitus
1411 3981 1483 4019 vn
1517 3964 1637 4019 Kal.
1674 3965 1794 4020 Oct.
1823 3968 1988 4037 impe-

403 4063 557 4108 rator
602 4069 632 4107 a
676 4061 872 4108 senatu
913 4053 1263 4109 renuntiatus
1299 4065 1403 4122 est,
1447 4066 1508 4110 ιιι
1542 4057 1684 4112 idem
1719 4057 1992 4128 Vopiscus

405 4143 594 4200 refert.
645 4145 939 4216 Imperavit
990 4162 1035 4198 vt
1083 4161 1322 4210 menses,
1379 4149 1516 4213 sive,
1560 4156 1620 4202 ιιι
1661 4150 1737 4202 ait
1777 4148 1989 4216 Victor,

404 4235 524 4290 dies
553 4251 638 4302 cc,
675 4236 766 4306 qui
798 4252 864 4290 ex
905 4251 954 4290 a.
990 4235 1044 4289 tl.
1087 4252 1162 4290 vn
1195 4235 1316 4290 Kal.
1361 4237 1482 4292 Oct.
1527 4239 1697 4307 putati
1731 4238 1993 4294 desinunt

403 4329 462 4385 in
490 4329 634 4398 prid.
667 4329 744 4383 ld.
777 4329 936 4398 Apr.,
963 4330 1081 4385 sive
1106 4328 1312 4397 Aprilis
1343 4346 1445 4383 xu.
1473 4332 1638 4400 Atqui
1673 4347 1780 4384 non
1805 4331 1990 4385 statim

405 4430 532 4491 post
571 4421 746 4474 Taciti
787 4431 1017 4476 mortem
1064 4423 1285 4491 scripta:
1328 4430 1458 4477 sunt
1501 4437 1531 4474 a
1564 4420 1741 4475 Probo
1773 4422 1986 4484 litterze,

2096 3258 2221 3322 post
2268 3249 2396 3303 Cari
2459 3261 2648 3302 necem
2704 3242 3026 3314 aliquandiu
3081 3254 3206 3295 cum
3263 3239 3473 3293 Carino
3524 3237 3671 3290 fratre

2094 3339 2388 3410 imperium
2430 3335 2630 3400 tenuit,
2659 3345 2716 3387 ut
2755 3333 2918 3403 paulo
2949 3337 3073 3401 post
3106 3327 3460 3383 ostendetur.

2164 3429 2404 3484 Necesse
2449 3433 2534 3482 est
2587 3425 2755 3494 igitur
2801 3422 3020 3476 initium
3062 3418 3189 3473 Cari
3237 3426 3488 3473 statuere
3537 3428 3665 3470 anno

2093 3518 2300 3575 Christi
2350 3517 2476 3572 282.
2527 3514 2648 3581 Quo
2693 3521 2944 3575 mortuo,
2998 3509 3272 3565 incertum
3320 3524 3434 3580 quo
3479 3520 3668 3565 mense.

2095 3626 2242 3665 anno
2275 3608 2496 3680 quidem
2526 3607 2654 3670 285,
2688 3620 2752 3660 ac
2786 3604 3026 3657 fortasse
3067 3602 3181 3672 jam
3221 3602 3546 3663 inclinante,
3577 3595 3670 3650 Nu-

2096 3702 2380 3756 merianus
2439 3705 2494 3753 et
2549 3695 2790 3751 Carinus
2850 3693 3063 3761 aliquot
3116 3691 3411 3746 mensibus
3464 3688 3669 3758 imperio

2095 3789 2449 3861 prtcfuerunt.
2482 3784 2543 3839 In
2576 3794 2682 3839 vet.
2732 3782 2980 3851 inscript.
3011 3779 3302 3833 tribunitia
3338 3786 3577 3850 potestas
3599 3773 3667 3827 bis

2100 3883 2246 3936 Caro
2294 3877 2584 3939 tribuitur,
2633 3875 2776 3946 apud
2824 3873 3126 3928 Gruterum
3168 3885 3296 3940 pag.
3338 3870 3448 3923 277
3479 3875 3530 3921 et
3557 3864 3666 3920 278.

2095 3973 2228 4028 Nam
2257 3979 2372 4026 tres
2397 3971 2638 4040 priorem
2676 3964 3022 4020 tribunitiam
3057 3967 3389 4029 potestatem
3427 3957 3665 4011 indicant.

2093 4062 2231 4116 IMP.
2281 4059 2459 4116 CIES.
2519 4055 2682 4111 AUG.
2741 4051 2946 4108 CARO.
2992 4049 3124 4104 PIO.
3172 4046 3329 4102 FEL.
3387 4041 3667 4100 INVICTO.

2093 4151 2303 4207 PONT.
2339 4149 2509 4204 MAX.
2533 4146 2649 4202 TR.
2680 4143 2836 4200 POT.
2871 4143 2932 4196 P.
2955 4141 3015 4196 P.
3043 4137 3344 4195 PROCOS.
3370 4139 3492 4191 Alia
3512 4134 3668 4188 cidem

2093 4244 2441 4300 tribunitiam
2463 4247 2792 4312 potestatem
2818 4253 2854 4290 ιι
2875 4242 3095 4306 arrogat
3137 4232 3272 4298 Quze
3297 4247 3388 4286 res
3419 4239 3474 4286 et
3507 4228 3668 4280 Anna-

2093 4339 2228 4392 lium
2273 4332 2652 4390 observationi
2697 4328 3027 4400 praescribit,
3073 4335 3130 4380 et
3167 4325 3547 4393 conjecturam
3583 4334 3670 4371 no-

2095 4436 2266 4484 stram
2320 4426 2575 4486 allirmat,
2627 4435 2737 4491 qua
2789 4418 3134 4474 tribunitiam
3186 4422 3514 4487 potestatem
3559 4407 3664 4462 Kal.

406 4511 502 4566 sed
529 4520 649 4579 post
675 4525 864 4565 necem
898 4509 1161 4573 Floriani,
1188 4519 1248 4563 ut
1272 4511 1460 4564 eadem
1479 4512 1710 4579 epistola
1728 4511 1995 4569 declarat.
2032 4529 2074 4584 ι)
2101 4518 2226 4573 Jan.
2278 4515 2570 4586 repetitam
2616 4509 2895 4566 interdum
2927 4507 3294 4562 ostendimus.
3328 4503 3514 4573 Neque
3540 4498 3665 4554 enim

406 4603 701 4657 Flor-ianus
738 4617 868 4656 vero
897 4617 1116 4657 menses
1145 4603 1308 4660 duos,
1341 4611 1400 4656 ut
1431 4607 1508 4655 alt
1541 4602 1850 4671 Vopiscus,
1879 4606 1996 4660 sive

409 4715 477 4751 Lit
523 4697 663 4758 dies,
713 4704 773 4748 ιιι
822 4704 1013 4748 auctor
1059 4701 1145 4748 cst
1197 4692 1405 4755 Victor,
1453 4693 1742 4761 imperium
1794 4695 1995 4758 tenuit,

408 4802 604 4855 nempe
643 4785 707 4838 ad
741 4802 799 4839 ιιι
834 4785 908 4838 ld.
954 4783 1149 4838 Jelias.
1184 4783 1374 4852 Adjice
1422 4798 1568 4836 nunc
1603 4782 1722 4838 dies
1760 4784 1991 4854 aliquot,

407 4880 498 4944 qui
529 4895 556 4931 a
589 4877 831 4931 Floriani
863 4877 1015 4930 obitu
1045 4877 1109 4930 ad
1141 4877 1293 4930 illum
1328 4877 1472 4930 diem
1503 4875 1674 4944 elapsi
1705 4885 1856 4935 sunt,
1885 4893 1996 4945 quo

408 4970 652 5040 acceptis
699 4971 901 5025 litteris
935 4983 1318 5025 senatuscons.
1359 4975 1444 5022 est
1479 4967 1710 5021 factum.
1755 4968 1997 5032 Quomo-

409 5061 480 5114 do
511 5077 570 5114 ιιι
607 5060 790 5116 Nonas
821 5060 980 5115 Fcbr.
1015 5061 1170 5115 lecta!
1204 5060 1258 5113 itt
1284 5068 1478 5114 senatu
1507 5057 1669 5112 Probi
1699 5059 1894 5112 littera:
1919 5059 1998 5111 di-

411 5152 648 5205 cuntur?
699 5152 866 5204 Miror
909 5152 1200 5221 diligentcs
1242 5152 1528 5211 homines,
1571 5151 1664 5219 qui
1704 5151 1993 5205 historiam

414 5243 562 5296 illam
595 5242 1010 5295 commentariis
1033 5241 1150 5295 suis
1183 5242 1550 5304 illustrarunt,
1579 5249 1687 5292 tam
1724 5240 1995 5308 insignem

412 5336 590 5389 locum
629 5335 1070 5403 praetermisisse.
1110 5334 1360 5388 Mcndum
1396 5335 1563 5403 igitur
1595 5341 1680 5388 cst
1709 5334 1851 5402 apud
1883 5333 1994 5387 Vo-

413 5430 659 5495 piscum;
691 5427 836 5490 ιιιιοιι
863 5427 908 5479 is
938 5427 1241 5487 sustuli-rit,
1265 5427 1357 5494 qui
1391 5440 1489 5495 pro
1519 5423 1865 5489 Februarias,
1891 5425 1998 5477 Au-

415 5525 598 5587 gustas
630 5514 998 5568 substituerit.
1031 5514 1220 5584 Neque
1249 5517 1395 5570 enim
1423 5516 1722 5570 verisimile
1742 5526 1844 5577 cst,
1872 5523 1999 5584 post

419 5619 490 5660 vtt
522 5608 635 5661 fere
670 5621 908 5670 menses,
951 5623 1114 5675 quam
1150 5623 1178 5659 a
1213 5607 1479 5660 militibus
1505 5607 1716 5660 electus
1753 5614 1857 5670 est,
1894 5606 1996 5658 im-

417 5697 627 5761 p--rintn
652 5696 826 5749 l‘roho
845 5700 910 5752 ab
927 5707 1120 5753 senatu
1140 5711 1263 5752 esse
1283 5696 1688 5758 confirmatum,
1709 5711 1851 5750 anno
1867 5697 1996 5750 277.

421 5785 556 5851 Liuia
593 5800 708 5839 non
751 5785 906 5858 longe
950 5800 1074 5862 post
1125 5788 1363 5845 militare
1409 5789 1727 5859 sulTragium
1776 5799 2000 5845 seruitus

2098 4609 2276 4663 Carus
2305 4613 2432 4660 ante
2457 4603 2750 4673 imperium
2783 4602 2932 4656 illam
2960 4608 3045 4655 est
3074 4599 3307 4668 adeptus
3333 4617 3348 4652 :
3376 4610 3501 4650 cum
3536 4591 3668 4663 prior

2100 4696 2387 4751 tribunitia
2430 4701 2697 4764 potestas,
2749 4699 2810 4745 ut
2849 4707 2918 4744 ex
2965 4689 3244 4758 lapidibus
3297 4692 3534 4745 constat,
3567 4681 3663 4749 jam

2101 4791 2346 4858 Augusto
2375 4794 2429 4842 et
2459 4784 2773 4854 imperatori
2803 4781 3117 4850 contigerit.
3152 4778 3218 4832 Et
3251 4789 3435 4832 tamen
3475 4775 3561 4826 vix
3597 4775 3666 4823 est

2099 4886 2160 4931 ut
2201 4890 2407 4929 annum
2455 4873 2776 4929 accesserit.
2813 4872 2947 4936 lmo,
2985 4871 3030 4924 si
3065 4884 3171 4938 qua
3206 4867 3339 4922 fich
3367 4861 3664 4921 Annalibus,

2102 4967 2470 5037 paucissimos
2510 4979 2732 5018 menses
2763 4961 3071 5031 imperavit.
3109 4960 3375 5028 Superest
3409 4957 3546 5009 alius
3576 4966 3664 5004 no-

2099 5062 2225 5124 dus,
2269 5073 2433 5128 quem
2470 5056 2735 5124 implicat,
2793 5070 2902 5108 non
2937 5052 3191 5106 dissolvit
3241 5049 3505 5118 Scaliger,
3554 5040 3664 5095 Ani-

2101 5152 2365 5205 madvers.
2415 5148 2609 5202 Euseb.
2644 5147 2708 5200 ad
2758 5160 2959 5199 annum
3002 5142 3166 5198 2299.
3221 5141 3432 5194 Etenim
3481 5135 3660 5190 Nume-

2100 5247 2294 5300 rianus
2341 5243 2505 5312 paulo
2554 5250 2673 5309 post
2722 5237 2971 5308 parentis
3016 5249 3208 5288 necem
3256 5229 3430 5288 soceri
3468 5220 3660 5282 insidiis

2101 5339 2324 5393 occisus
2361 5335 2704 5405 perhibetur.
2751 5331 3029 5399 Quomodo
3077 5331 3264 5399 igitur,
3313 5325 3506 5394 inquit,
3555 5330 3658 5372 rou—

2101 5427 2319 5480 stabunt
2348 5426 2464 5490 illa,
2488 5440 2606 5493 quw
2630 5423 2766 5476 idem
2800 5420 3054 5490 Vopiscus
3084 5419 3211 5471 dicit
3242 5420 3292 5470 in
3325 5415 3546 5470 Carino:
3567 5419 3656 5460 mti-

2103 5517 2359 5571 morabile
2387 5517 2638 5578 maxime,
2685 5523 2736 5568 et
2779 5513 2989 5576 Carini,
3029 5521 3078 5564 et
3119 5505 3544 5564 Numerianihoc
3574 5497 3654 5548 Ita-

2109 5610 2285 5662 buisse
2311 5608 2611 5676 imperium,
2644 5605 2782 5676 quod
2812 5603 2965 5658 ludos
2994 5603 3262 5656 Romanos
3297 5600 3434 5653 noris
3464 5596 3651 5648 ornatos

2105 5699 2420 5767 spectaculis
2458 5696 2744 5752 dederint?
2783 5697 2890 5763 Qui
2940 5703 3225 5764 potuerunt
3270 5687 3418 5744 nubo
3447 5683 3555 5775 illos
3583 5677 3648 5775 lti-

2104 5789 2196 5844 dos
2237 5789 2420 5856 edere,
2456 5805 2575 5843 cum
2619 5786 2981 5844 Numerianus
3032 5781 3386 5853 Eupltratensi
3414 5771 3647 5847 provincia
