3920 6478
243 439 345 496 £69

1225 443 1314 527 DE
1352 445 1795 505 ROMANORUM
1827 445 2012 504 IMPP.
2054 447 2565 505 CHRONOLOGIA.

3418 452 3524 510 570
3592 517 3597 521 ,

240 556 419 624 pedem
455 565 583 625 post
627 558 834 618 obitum
881 558 1053 627 patris
1097 575 1204 616 non
1246 561 1539 617 extulerit?
1570 561 1740 632 igitur
1775 560 1841 615 ab
1874 562 1916 620 A
1949 562 2214 619 Varronis
2245 572 2300 618 et
2340 562 2604 634 Scaligeri
2634 563 2928 628 sententia,
2962 573 3048 622 est
3076 581 3193 636 per.
3220 564 3328 623 Jul.
3363 567 3526 636 5961,

235 663 351 703 uno
404 658 628 703 tantum
658 650 864 705 Carino
898 651 1057 706 datos
1102 652 1229 708 illos
1290 669 1415 711 esse
1449 654 1611 709 ludos
1645 654 1837 708 existi-

228 750 371 797 mat.
398 743 483 795 Ad
514 743 630 798 hcce
663 742 935 813 Olympius
973 741 1323 799 Nemesianus
1354 746 1500 801 dicat
1524 728 1838 817 Cytlegetica

224 851 334 889 sua
368 834 600 900 Carino,
617 836 739 905 jam
762 846 911 903 patre
939 833 1083 890 Caro
1113 845 1343 902 mortuo,
1381 847 1437 891 ut
1469 838 1685 906 ipsemet
1721 854 1839 893 ver-

229 925 394 979 sibus
420 928 537 981 suis
588 929 817 982 indicat.
881 927 1092 983 Virente
1139 939 1316 983 autent
1358 928 1690 985 Numeriano
1727 929 1838 985 lta'c

216 1017 423 1071 eadem
446 1036 502 1072 se
530 1021 810 1088 scripsisse
836 1008 1125 1089 significat.
1150 1020 1277 1075 Haec
1309 1021 1575 1092 Scaliger.
1606 1022 1685 1077 Ex
1714 1023 1859 1093 qui-'

230 1109 353 1164 bus
389 1111 674 1182 suspicor,
714 1110 1107 1167 Numerianum
1145 1123 1270 1182 post
1307 1114 1433 1168 Cari
1468 1124 1698 1170 mortem
1730 1116 1834 1170 ali-

210 1208 368 1270 quot
410 1203 702 1258 mensibus
734 1203 1079 1274 superfuisse
1123 1205 1189 1258 ad
1228 1206 1470 1275 Aprilem
1511 1207 1641 1261 anni
1686 1206 1829 1274 284,

207 1308 338 1363 quo
412 1295 706 1350 intervallo
787 1295 1082 1366 imperium
1138 1313 1262 1351 cum
1324 1298 1491 1352 fratre
1549 1299 1829 1354 tenuerit:

201 1385 485 1455 adeoque
532 1387 879 1441 celeberrimi
936 1389 1014 1442 illi
1072 1388 1184 1443 ludi
1242 1391 1535 1461 utriusque
1588 1393 1827 1457 nomine,

198 1477 465 1533 absente
529 1480 658 1534 licet
727 1481 946 1547 altero,
1002 1489 1132 1536 sunt
1190 1484 1441 1538 exhibiti.
1501 1486 1828 1555 Quanquam

199 1569 457 1624 tametsi
509 1570 863 1640 paucissimis
894 1570 1090 1627 diebus
1135 1582 1259 1642 post
1305 1575 1428 1628 Cari
1479 1589 1667 1630 necem
1710 1574 1828 1630 Nu-

192 1661 517 1716 merianus
552 1661 804 1725 vixisset,
836 1669 1135 1733 utrumque
1160 1664 1480 1734 contingere
1511 1667 1686 1735 potuit
1713 1707 1727 1731 ,
1765 1675 1827 1721 ut

188 1758 253 1806 et
292 1752 429 1805 ludi
475 1752 531 1806 in
584 1752 706 1806 illos
742 1753 893 1823 ipsos
921 1754 1037 1809 dies
1074 1754 1399 1819 inciderent,
1447 1768 1500 1810 et
1535 1758 1603 1810 ab
1638 1758 1825 1811 ambo-

187 1844 319 1899 bus
356 1844 684 1906 ederentur,
718 1860 783 1898 ac
812 1846 1141 1916 (Zynegetica
1175 1862 1273 1902 sua
1307 1846 1508 1902 Carino
1544 1849 1824 1903 Nemesis-

181 1951 314 1991 nus
360 1934 725 1990 inscriberet.
789 1936 974 2001 Quare
1014 1938 1140 2007 quis
1197 1938 1416 1994 demum
1466 1939 1819 1994 admirationi

180 2037 387 2083 tantae
423 2029 584 2085 locus
620 2027 802 2095 fuerit,
850 2045 958 2084 non
1004 2032 1183 2088 video.
1221 2030 1413 2086 Utrum
1447 2033 1620 2094 malit,
1657 2035 1821 2105 eligat

182 2121 437 2187 lector;
500 2122 616 2177 sive
671 2123 867 2177 Carum
928 2124 1163 2178 alterum
1217 2126 1433 2194 imperii
1491 2141 1695 2181 annum
1734 2129 1821 2181 in-

175 2212 481 2276 choasse,
529 2220 583 2267 et
627 2228 656 2266 a
689 2211 985 2268 Novembri
1034 2215 1165 2269 anni
1216 2215 1323 2269 282
1375 2216 1441 2270 ad
1492 2215 1814 2272 Ianuarium

176 2304 276 2358 vel
318 2301 701 2357 Februarium
760 2305 890 2357 anni
939 2304 1047 2359 284
1096 2305 1387 2376 imperium
1442 2322 1812 2378 prorogasse:

174 2393 375 2450 ludos
425 2410 561 2449 vero
602 2404 890 2464 appetente
939 2412 1083 2459 vere,
1126 2378 1255 2466 puta
1307 2397 1525 2461 Martio,
1579 2400 1813 2456 indictos

171 2501 370 2551 esse;
414 2486 537 2540 sive
568 2484 773 2540 Carum
809 2502 956 2540 anno
999 2486 1107 2543 285
1145 2489 1258 2558 jam
1299 2500 1531 2545 exeunte
1567 2506 1767 2548 caesum
1795 2531 1810 2554 ,

172 2577 613 2633 Numerianum
651 2594 780 2632 vero
815 2594 1034 2633 nu-nses
1083 2579 1294 2648 aliquot
1338 2580 1662 2649 imperasse.
1707 2580 1812 2637 Po-

178 2682 424 2723 stremo
482 2665 717 2722 Carinus
772 2679 894 2738 post
967 2670 1213 2739 parentis
1261 2678 1313 2725 et
1361 2669 1547 2726 fratris
1597 2672 1806 2726 obitum

173 2772 417 2812 annum
479 2771 648 2810 unum
691 2765 784 2812 aut
846 2760 1079 2812 alterum
1128 2770 1413 2828 superstes
1465 2761 1600 2825 fuit;
1654 2763 1805 2816 oeci-

172 2864 419 2919 susque
458 2855 544 2903 est
584 2864 614 2902 a
664 2848 1029 2915 Diocletiano,
1082 2858 1142 2904 ut
1183 2851 1416 2906 Onul‘rio
1444 2855 1645 2923 placet,
1680 2853 1809 2909 Dio-

174 2941 451 2994 cletiano
489 2939 527 2993 ll
561 2946 615 2995 et
643 2941 963 2996 Aristobulo
1021 2958 1167 3024 coss.
1219 2943 1320 2996 Alii
1351 2947 1601 3014 sequenti
1635 2961 1802 3012 anno,

175 3032 452 3088 Maximo
487 3042 541 3088 et
565 3033 822 3103 Aquilino
854 3051 1001 3091 coss.
1038 3036 1089 3089 id
1126 3039 1436 3106 assignant.

262 3125 449 3180 Μετὰ
484 3124 699 3180 τοῦτον
724 3128 1171 3197 Διοκλητιεινός.
1212 3127 1357 3182 Nihil
1392 3137 1476 3185 est
1508 3130 1800 3195 illustrius,

1941 654 2099 724 cyclo
2152 655 2296 708 luna:
2330 670 2438 721 ix;
2494 668 2673 709 annus
2716 669 2845 709 vero
2887 654 3093 710 Christi
3134 656 3242 710 287
3290 666 3375 712 est
3408 674 3525 728 per.

1938 743 2049 800 Jul.
2083 745 2245 811 5000,
2279 746 2435 817 cyclo
2476 744 2622 799 luna:
2662 760 2744 799 ιιι.
2781 745 2866 798 Ab
2900 759 3047 800 anno
3092 746 3225 800 5961
3263 747 3329 801 ad
3365 747 3524 813 5000,

1938 851 2052 891 non
2108 838 2299 907 plures
2329 850 2507 907 .quam
2559 837 2689 890 anni
2748 835 2885 891 1040
2924 856 2936 890 :
2975 837 3050 890 ita
3099 846 3157 891 ut
3204 837 3526 909 millesimus

1937 930 2398 1000 quadragesimus
2446 928 2634 983 inierit
2659 945 2690 982 a
2719 927 2984 983 Palilibus
3015 929 3144 983 anni
3176 929 3384 998 periodi
3412 928 3529 986 Jul.

1936 1020 2097 1087 5000,
2133 1020 2337 1075 Christi
2368 1020 2496 1075 287.
2531 1019 2650 1078 Non
2683 1019 2850 1090 igitur
2882 1019 2972 1074 hic
3001 1029 3121 1075 erat
3156 1020 3317 1076 1041.
3381 1020 3527 1076 Prat—

1938 1122 2091 1169 terea
2129 1112 2397 1167 necillud
2431 1128 2616 1166 verum
2646 1120 2753 1176 est,
2789 1127 2993 1166 annum
3028 1111 3192 1168 Urbis
3221 1112 3525 1169 Varronia-

1935 1222 2066 1260 num
2121 1205 2253 1260 1011
2309 1220 2434 1259 cum
2484 1220 2632 1259 anno
2689 1205 2935 1259 secundo
2984 1204 3200 1276 Olymp.
3241 1205 3349 1261 266
3390 1222 3526 1264 con-

1933 1310 2183 1361 currere.
2235 1294 2430 1350 Annus
2481 1293 2647 1350 Urbis
2700 1295 2831 1350 10-11
2891 1302 2977 1350 est
3027 1311 3143 1365 per.
3196 1295 3305 1350 Jul.
3355 1298 3520 1362 500l,

1932 1387 2208 1457 coepitque
2252 1400 2400 1440 anno
2446 1385 2655 1439 Christi
2708 1384 2836 1450 288,
2870 1400 2979 1454 quo
3010 1386 3174 1461 desiit
3207 1402 3385 1442 annus
3415 1398 3524 1442 ter-

1933 1480 2043 1535 tius
2089 1479 2308 1551 Olymp.
2358 1478 2488 1542 266,
2533 1490 2586 1534 et
2617 1487 2851 1549 quartus
2889 1478 3032 1531 iniit.
3067 1477 3517 1549 Quandoquidem

1928 1588 1996 1626 ex
2030 1571 2300 1642 Scaligeri
2350 1571 2623 1626 sententia
2669 1571 2881 1641 primus
2918 1586 3098 1627 annus
3133 1570 3292 1641 lpbiti
3326 1571 3519 1627 incidit

1928 1661 1987 1716 in
2035 1677 2240 1715 annum
2296 1661 2507 1730 periodi
2552 1659 2663 1715 Jul.
2715 1660 2879 1716 5958.
2913 1659 3070 1716 Unde
3101 1661 3263 1725 1062,
3300 1661 3403 1716 hoc
3432 1671 3519 1717 est

1927 1750 2209 1807 secundus
2263 1748 2481 1820 Olymp.
2525 1750 2655 1815 266,
2708 1750 2887 1819 coepit.
2939 1765 3085 1803 anno
3148 1751 3359 1821 periodi
3404 1750 3512 1806 Jul.

1926 1843 2088 1899 1999.
2144 1841 2422 1897 Eusebius
2462 1849 2648 1895 autem
2684 1857 2888 1895 annum
2923 1842 3163 1912 primum
3197 1843 3516 1897 Diocletiani

1924 1951 2049 1989 cum
2100 1931 2443 2004 Olympiadis
2496 1932 2602 1987 266
2654 1948 2802 1987 antro
2849 1934 3049 2002 primo,
3084 1949 3195 1988 non
3247 1935 3514 2000 secundo,

1923 2026 2213 2096 componit
2265 2025 2319 2079 in
2363 2024 2610 2079 editione
2658 2025 2777 2096 ipsa
2828 2025 3113 2097 Sealigeri,
3150 2036 3258 2080 tam
3293 2025 3512 2095 Latina,

1924 2134 2089 2189 quam
2113 2117 2325 2173 Graeca.
2354 2116 2455 2171 llic
2484 2117 2652 2185 igitur
2682 2116 2856 2171 multa
2878 2126 3013 2172 sunt
3041 2117 3279 2172 hominis
3307 2126 3508 2173 errata.

1918 2211 2029 2265 Nec
2077 2210 2356 2279 pauciora,
2389 2217 2485 2262 aut
2524 2209 2724 2263 leviora
2768 2216 2917 2270 sunt,
2948 2223 3070 2278 quae
3100 2209 3154 2262 in
3192 2207 3510 2264 Eusebianis

1917 2301 2482 2357 Animadversionibus
2513 2302 2578 2354 ad
2614 2316 2821 2354 annum
2851 2300 2989 2354 2501
3038 2302 3338 2356 commisit.
3373 2301 3511 2355 Nam

1916 2412 2039 2451 eum
2062 2395 2331 2451 Eusebius
2357 2409 2504 2448 anno
2530 2394 2829 2448 Abrahami
2862 2392 2999 2446 2501
3043 2391 3381 2462 Olympiadis
3403 2392 3511 2446 266

1916 2488 2114 2558 primo,
2140 2486 2465 2542 Diocletiani
2498 2484 2862 2556 primordium
2893 2484 3179 2545 allixisset,
3204 2484 3510 2539 metachro-

1916 2580 2161 2634 nismum
2195 2578 2288 2632 ille
2330 2577 2462 2632 anni
2505 2577 2670 2631 unius
2698 2592 2824 2632 esse
2872 2576 3086 2638 scribit,
3131 2576 3176 2630 si
3216 2591 3246 2628 a
3276 2575 3506 2630 Kalend.

1908 2669 2137 2726 Januar.
2163 2684 2553 2725 numeremus:
2581 2678 2633 2722 et
2669 2668 2928 2738 amplius,
2962 2670 3007 2724 si
3029 2661 3161 2722 ~seta:
3187 2667 3506 2723 Diocletiani

1910 2762 2053 2816 ratio
2083 2761 2373 2823 habeatur,
2412 2774 2441 2814 a
2477 2776 2564 2814 XIX
2592 2760 2850 2830 Augusti,
2904 2774 3139 2813 numero
3177 2759 3340 2814 2500.
3377 2758 3510 2813 Inde

1908 2853 2048 2905 enim
2077 2862 2152 2905 est
2186 2852 2465 2905 exordium
2497 2852 2627 2903 anni
2649 2849 2743 2903 τοῦ
2780 2850 3089 2920 πασχαλίου
3130 2848 3509 2921 Αἰθῃριὶονιιηι

1909 2943 2354 2997 Christianorum.
2408 2940 2512 2996 Sed
2541 2941 2797 2996 Ecclesia:
2829 2941 3021 2996 Grtcca
3060 2952 3109 2996 et
3151 2941 3343 2995 Latina
3375 2942 3510 2995 inci—

1906 3033 2135 3102 piebant.
2179 3050 2347 3088 annos
2397 3031 2727 3086 Diocletiani
2773 3048 2807 3084 a
2854 3030 3057 3085 Martio
3101 3035 3307 3085 numeri
3337 3031 3505 3096 2501,

1864 3194 1877 3203 ρ
1909 3124 2152 3178 Maximo
2187 3122 2252 3178 ll
2274 3133 2325 3180 et
2348 3124 2602 3191 Aquilino
2621 3139 2762 3176 coss.
2800 3122 2867 3175 At
2895 3122 3139 3192 At‘gyptii
3163 3139 3197 3175 a
3225 3138 3354 3176 χχιιι
3390 3125 3501 3175 Att-

175 3218 335 3273 nihil
370 3216 652 3288 insignius
710 3233 823 3272 mra
868 3220 984 3274 sive
1031 3220 1192 3273 initio
1250 3220 1595 3288 Diocletiani,
1631 3218 2048 3310 aquocgusli
2120 3218 2326 3270 uulneri
2382 3215 2678 3268 Eusebiani
2736 3214 2877 3268 2500
2936 3213 3268 3269 Πὲοείειὶαηο
3339 3213 3401 3268 Η
3453 3225 3501 3268 cl

174 3309 515 3366 Christiani
572 3317 788 3365 veteres
842 3319 1089 3381 tempora
1130 3327 1229 3368 sua
1280 3321 1604 3382 computare
1653 3316 1800 3370 sole-

182 3406 353 3466 bant,
386 3404 713 3474 priusquam
756 3403 1090 3474 Dionysiana
1134 3420 1240 3459 aera
1285 3406 1430 3458 illam
1465 3406 1800 3461 excluderet.

187 3492 264 3548 Et
312 3502 506 3548 tamen
560 3494 885 3550 incredibile
933 3495 1083 3550 dictu
1141 3504 1246 3561 est,
1309 3506 1578 3567 quantum
1630 3499 1686 3551 in
1737 3513 1803 3554 ea

178 3586 560 3641 conﬂictatus
635 3585 707 3640 sit
755 3583 1022 3657 Scaliger,
1081 3602 1357 3658 quamque
1410 3588 1670 3658 perplexe
1737 3605 1803 3645 ac

174 3678 434 3733 confuse
484 3677 551 3732 de
592 3693 656 3732 ea
705 3678 989 3748 scripserit
1018 3699 1030 3733 :
1059 3680 1195 3734 adeo
1227 3687 1286 3733 ut
1318 3696 1384 3736 ne
1426 3681 1543 3751 ipse
1578 3682 1799 3753 quidem

171 3768 460 3823 videatur
486 3767 821 3823 intellexisse
844 3785 965 3839 quze
987 3769 1212 3826 diceret.
1245 3769 1382 3825 Nam
1422 3773 1599 3829 tribus
1627 3774 1797 3839 locis,

163 3863 285 3919 hoc
337 3859 575 3915 estlib.
612 3876 645 3914 v
686 3860 762 3914 De
798 3861 1039 3915 emendat
1078 3872 1234 3931 temp.
1281 3871 1335 3918 et
1388 3864 1441 3918 in
1480 3864 1797 3921 Eusebianis

157 3944 782 4017 Animadversionibns,
826 3969 888 4008 ac
920 3966 1199 4023 postremo
1228 3955 1320 4009 lib.
1353 3973 1413 4010 ιιι
1454 3956 1604 4027 Isag.
1633 3976 1781 4026 can.,

156 4044 281 4097 tria
345 4041 573 4094 diversa
626 4050 871 4111 tempora
914 4038 1259 4114 designavit,
1307 4061 1482 4115 eaque
1532 4045 1599 4099 ad
1646 4047 1795 4101 illam

154 4132 471 4205 epatgltam
528 4132 917 4187 illustramlam
979 4134 1202 4199 attulit,
1270 4150 1393 4205 quae
1445 4135 1793 4190 incertiorem

155 4241 359 4298 quam
390 4234 555 4277 antea
588 4224 844 4278 lectorem
876 4216 1237 4280 dimitterent.

243 4317 516 4373 Primum
552 4317 696 4370 enim
730 4317 823 4371 lib.
863 4316 936 4370 De
979 4316 1207 4385 etnend.,
1254 4334 1307 4384 v,
1360 4334 1482 4388 pag.
1507 4317 1634 4382 466,
1666 4317 1795 4372 Dio-

150 4403 421 4464 cletiani
455 4402 817 4472 primordium
850 4405 1078 4473 conjicit
1106 4407 1163 4459 in
1189 4421 1396 4459 annum
1431 4406 1639 4461 Christi
1661 4408 1788 4462 287.

152 4493 290 4552 Sed
351 4491 468 4545 alia
518 4491 767 4561 quaedam
818 4490 990 4558 addit,
1040 4510 1165 4565 quae
1206 4494 1337 4551 huic
1368 4495 1473 4566 ipsi
1508 4499 1793 4552 sententia:

1911 3307 2220 3360 Aristobulo
2250 3321 2384 3359 coss.
2430 3301 2552 3357 Mox
2591 3304 2694 3357 ista
2725 3302 2950 3369 subjicit
2983 3320 2998 3355 :
3039 3301 3184 3355 Sane
3213 3306 3499 3358 secundum

1908 3399 2232 3469 Dionysium
2277 3407 2325 3450 et
2381 3395 2635 3449 Ecclesia:
2684 3394 2892 3448 Latina:
2938 3394 3262 3458 institutum,
3296 3396 3362 3449 ab
3403 3394 3502 3450 ln-

1906 3490 2219 3545 carnatione
2252 3490 2321 3541 ad
2355 3488 2585 3556 primunt
2621 3501 2822 3538 annum
2868 3485 3072 3537 numeri
3115 3486 3264 3538 aurei
3296 3485 3510 3540 Diocle-

1908 3583 2093 3644 tianei,
2130 3591 2253 3634 sunt
2280 3581 2408 3633 anni
2429 3578 2535 3631 284
2568 3575 2840 3637 absoluti;
2874 3584 2924 3628 et
2963 3591 3131 3629 annus
3160 3575 3267 3629 285
3284 3585 3359 3629 est
3387 3577 3502 3645 pri-

1906 3691 2021 3727 mus
2047 3672 2365 3727 Diocletiani
2390 3689 2421 3724 a
2450 3669 2675 3723 Martio.
2699 3666 2824 3721 "th
2847 3668 2977 3723 sunt
2997 3667 3494 3737 perturbatissima.

1906 3764 2180 3819 Eusebius
2232 3766 2467 3834 primum
2519 3780 2724 3819 annum
2768 3766 3113 3822 Diocletiani
3168 3766 3384 3823 (onfert
3443 3769 3497 3822 in

1905 3872 2113 3911 annum
2146 3857 2445 3910 Abrahami
2479 3857 2644 3911 2501.
2696 3858 2791 3911 Est
2838 3868 3037 3922 autem,
3083 3859 3284 3929 inquit,
3334 3870 3501 3912 meta-

1901 3949 2239 4003 cltronisntus
2278 3950 2436 4002 unius
2471 3951 2619 4015 anni,
2644 3952 2692 4003 si
2719 3967 2751 4003 a
2775 3949 3012 4004 Kalend.
3054 3950 3288 4005 Ianuar.
3315 3965 3501 4004 nume-

1902 4057 2077 4094 remus
2106 4056 2125 4093 :
2155 4048 2204 4093 et
2233 4040 2489 4108 amplius,
2529 4041 2579 4093 si
2612 4057 2644 4092 a
2672 4055 2802 4094 χχιχ
2829 4042 3075 4111 Augusti.
3116 4042 3282 4110 Igitur
3301 4058 3501 4097 secun-

1899 4131 2027 4186 dum
2076 4132 2372 4194 Romanos,
2415 4132 2507 4201 qui
2541 4148 2569 4184 a
2600 4130 2718 4184 Kal.
2754 4131 2875 4185 Jan.
2907 4132 3220 4194 ordiuntur,
3259 4133 3479 4188 initium

1902 4221 2223 4276 Diocletiani
2253 4222 2554 4291 quadraret
2582 4221 2894 4278 Eusebiano
2919 4238 3153 4278 numero
3181 4223 3348 4278 2500.

1966 4312 2037 4364 At
2066 4312 2368 4367 secundum
2407 4311 2716 4384 Aigyptios,
2767 4314 2861 4383 qui
2902 4331 2934 4369 a
2971 4313 3134 4378 Totb,
3187 4316 3304 4369 sive
3362 4331 3493 4371 xxix

1896 4404 2129 4475 Augusti
2191 4405 2403 4471 ineunt,
2440 4406 2727 4460 conveniet
2759 4421 2987 4462 numero
3025 4407 3180 4462 1290.
3211 4406 3331 4460 Non
3363 4422 3495 4476 ergo

1896 4495 2104 4551 Latina:
2137 4511 2201 4550 ac
2248 4495 2454 4553 (ἔναιρε
2499 4497 2758 4553 Ecclesia:
2788 4513 2818 4551 a
2851 4498 3046 4552 Martio
3090 4501 3306 4554 numeri
3352 4501 3484 4555 2501

152 4580 485 4641 contraria
532 4581 808 4636 videntur.
867 4582 1122 4660 Orosius,
1166 4585 1367 4656 inquit,
1406 4587 1623 4650 scribit,
1656 4603 1802 4644 anno
1835 4596 1877 4650 D
1908 4590 2244 4660 incipiebant
2277 4608 2290 4644 :
2324 4589 2528 4660 alioqui
2559 4591 3086 4647 metacbronismum
3124 4590 3491 4647 Eusebianum

147 4677 239 4732 ab
305 4672 465 4728 Urbe
513 4673 732 4738 condita
796 4658 955 4740 1011,
1028 4673 1434 4733 Diocletianum
1484 4679 1786 4750 imperato-

146 4784 296 4825 rem
336 4780 469 4821 esse
494 4765 721 4821 factum.
753 4762 868 4822 Hoc
903 4778 1010 4833 est,
1040 4784 1219 4825 annus
1248 4768 1413 4826 Urbis
1446 4771 1578 4826 1041
1612 4772 1788 4827 inibat

146 4863 237 4917 ab
279 4858 407 4915 illis
452 4855 722 4915 Palilibus
768 4858 1151 4926 Varronianis,
1190 4876 1219 4915 a
1254 4862 1456 4933 quibus
1494 4864 1788 4921 Diocletia-

148 4971 287 5010 nus
342 4951 637 5020 imperium
663 4968 898 5008 exorsus
930 4963 1036 5010 est.
1070 4953 1215 5026 Ergo
1248 4957 1340 5012 ille
1369 4972 1548 5015 annus
1584 4959 1787 5013 Varro-

153 5047 399 5101 nianus
454 5042 647 5096 incidit
696 5043 750 5097 in
803 5060 893 5098 xx:
943 5046 1088 5100 diem
1140 5047 1362 5117 Aprilis,
1407 5051 1536 5103 anni
1578 5051 1784 5107 Christi

156 5137 315 5197 2E7,
359 5134 577 5204 periodi
619 5132 852 5190 Julianaa
892 5136 1055 5203 5000,
1093 5147 1147 5194 et
1179 5141 1410 5195 secundi
1444 5141 1784 5214 Olympiadis

159 5228 317 5293 266,
358 5228 519 5297 cyclo
554 5227 697 5281 luna:
730 5242 813 5292 til,
858 5229 993 5283 solis
1026 5246 1134 5284 xw.
1166 5230 1348 5296 Quare
1380 5232 1466 5286 bis
1490 5245 1784 5290 consenta-

162 5334 289 5373 nea
326 5318 522 5372 scribit
554 5315 845 5382 Eusebius,
892 5334 924 5373 e
957 5320 1175 5389 regione
1199 5323 1329 5376 anni
1366 5324 1594 5378 secundi
1635 5327 1777 5393 ejus-

157 5408 333 5467 dein,
378 5405 598 5476 Olymp.
651 5405 793 5470 266,
870 5415 925 5462 et
975 5406 1119 5462 Beda
1182 5410 1275 5464 lib.
1323 5427 1340 5465 ι
1396 5410 1540 5467 Hist.
1593 5414 1779 5486 Angl.,

152 5514 308 5569 cap.
344 5496 400 5560 6,
437 5497 531 5549 ubi
576 5514 723 5551 anno
768 5496 1064 5553 Dominicee
1099 5498 1495 5558 lncarnationis
1524 5504 1629 5561 286
1662 5505 1782 5560 Dio-

152 5586 490 5641 cletianum
523 5586 592 5640 ab
622 5588 871 5642 exercitu
916 5589 993 5641 ait
1028 5589 1287 5645 electrum.
1331 5590 1458 5647 Haac
1492 5591 1605 5650 fere
1648 5596 1781 5651 Sca-

152 5678 342 5751 liger.
378 5677 517 5744 Qua:
561 5694 673 5733 non
717 5680 895 5735 solum
939 5682 1006 5736 de
1053 5682 1211 5737 initio
1262 5683 1587 5740 Diocletiani
1641 5689 1778 5745 falsa

148 5778 334 5837 sunt,
362 5778 425 5825 ut
453 5770 618 5841 paulo
650 5780 775 5839 post
799 5771 1009 5829 dicetur
1031 5813 1046 5837 ,
1083 5789 1269 5829 verum
1305 5777 1468 5831 etiam
1500 5779 1604 5835 sibi
1639 5780 1777 5852 ipsis

149 5861 489 5921 contraria.
539 5858 754 5917 Etenim
785 5877 961 5919 annus
990 5863 1201 5935 primus
1227 5866 1461 5923 condita:
1491 5865 1676 5940 Urbis,
1710 5887 1775 5928 ex

1896 4690 2278 4753 sequerentur,
2314 4681 2461 4752 quod
2489 4698 2595 4737 non
2632 4691 2787 4752 putat
2825 4682 3107 4753 Scaliger;
3166 4683 3260 4739 sed
3295 4700 3325 4739 e
3358 4701 3491 4739 cou-

1897 4775 2068 4828 trario
2105 4773 2252 4828 hunc
2284 4773 2463 4844 ipsum
2509 4774 3036 4830 metachronismum
3072 4791 3136 4830 ex
3179 4775 3490 4830 Graecorum

1894 4873 1947 4921 et
1976 4865 2297 4922 Latinorum
2323 4865 2533 4936 epocha
2564 4866 2820 4936 castigat.
2858 4866 3064 4922 Deinde
3094 4867 3160 4920 ad
3194 4884 3488 4923 numerum

1891 4960 2029 5014 2501
2074 4957 2219 5028 apud
2249 4957 2546 5013 Eusebium
2584 4959 2883 5013 ascribitur
2925 4956 3319 5013 annusChristi
3357 4960 3486 5023 286,

1893 5067 2017 5105 cum
2044 5065 2190 5104 anno
2230 5050 2411 5119 primo
2442 5047 2657 5119 Olymp.
2712 5048 2840 5111 266,
2882 5057 2935 5104 et
2983 5064 3130 5103 coss.
3166 5048 3406 5106 Maximo
3446 5051 3487 5105 ll

1892 5151 1946 5196 et
1972 5142 2249 5213 Aquilino.
2288 5142 2388 5197 Ubi
2414 5142 2468 5195 in
2493 5156 2639 5195 anno
2673 5139 3014 5211 Olympiadis
3045 5142 3233 5196 nullus
3273 5151 3358 5198 cst
3384 5160 3488 5195 tne-

1892 5232 2420 5287 tachronismus:si
2459 5231 2678 5300 quidem
2737 5231 3012 5287 Eusebius
3059 5232 3188 5287 anni
3242 5243 3408 5302 caput
3456 5249 3484 5286 a

1890 5321 2057 5377 Nisan
2106 5333 2159 5376 et
2183 5321 2453 5378 Paschate
2477 5329 2704 5392 repetat.
2738 5321 2836 5378 Est
2863 5334 3043 5378 autem
3068 5339 3250 5378 annus
3273 5323 3482 5379 Christi
3550 5338 3562 5349 ν

1889 5414 2230 5471 Eusebiauus
2261 5415 2387 5482 286,
2422 5414 2768 5486 Dionysianae
2806 5430 2929 5470 serae
2954 5415 3098 5480 285;
3135 5413 3483 5484 quandoqui-

1887 5509 2009 5563 dem
2052 5508 2322 5564 Eusebius
2353 5507 2600 5564 Natalem
2655 5508 2869 5564 Domini
2911 5510 2966 5564 iu
3010 5524 3215 5563 annum
3268 5508 3482 5563 confert

1887 5598 2102 5671 Olymp.
2148 5598 2250 5655 191
2305 5600 2550 5662 tertium,
2609 5610 2663 5655 et
2715 5617 2827 5657 uno
2890 5616 3037 5655 anno
3084 5598 3475 5671 Dionysianam

1884 5707 2049 5746 teram
2082 5692 2395 5746 antevertit.
2434 5691 2644 5757 Quarto
2682 5693 2900 5747 initium
2956 5691 3283 5747 Diocletiani
3327 5699 3478 5748 recte

1885 5783 2145 5838 tribuitur
2190 5797 2336 5837 anno
2367 5782 2495 5848 286,
2539 5782 2644 5837 hoc
2662 5791 2746 5839 est
2780 5782 2889 5838 285
2938 5782 3217 5838 communi
3262 5783 3472 5851 :cujus

1886 5874 1954 5933 ab
1979 5872 2262 5941 Januario,
2314 5875 2399 5931 vel
2443 5873 2640 5931 Martio
2674 5874 2855 5931 Latini
2887 5872 3211 5931 Diocletiani
3254 5872 3472 5929 initium
