3920 6408
533 428 630 482 571

533 537 886 609 auspicantur
913 557 922 592 :
951 539 1096 608 quod
1137 535 1377 608 Egyptii
1410 537 1616 606 aliquot
1663 551 1788 592 ante
1814 539 2112 598 mensibus,

529 639 634 683 hoc
665 643 746 684 est
795 646 920 683 xxix
961 629 1209 700 Augusti,
1248 631 1376 682 anni
1424 627 1742 700 Dionysiani
1780 630 1904 684 274.
1949 628 2115 682 Eusc-

536 718 678 769 hiaui
709 717 813 771 285
844 718 1192 771 iuchoarunt.
1225 717 1344 782 Quo
1375 717 1564 772 eodem
1603 733 1744 770 anno
1787 717 1912 779 285,
1951 716 2113 784 coepit

534 809 746 876 Olymp.
782 807 886 859 266
914 808 1143 875 primus.
1178 807 1232 859 In
1282 822 1427 861 coss.
1462 808 1772 860 aberratum
1817 815 1897 861 est
1930 806 2000 860 ab
2024 806 2112 868 iis,

534 897 626 962 qui
689 911 830 950 coss.
895 904 1246 952 attexucrunt
1305 900 1450 966 (nam
1498 897 1752 952 consules
1803 896 2114 966 llieronymi

537 987 754 1040 codices
779 1002 883 1039 non
911 989 1183 1049 exhibent)
1211 1008 1224 1043 :
1254 990 1452 1059 quippe
1482 988 1700 1042 Maximi
1721 987 1761 1041 ll
1790 997 1844 1043 et
1876 987 2115 1057 Aquilini

538 1080 855 1132 consulatus
886 1083 1141 1134 convenit
1173 1096 1318 1134 anno
1371 1081 1706 1151 Dionysiano
1750 1081 1876 1144 286,
1905 1083 2000 1150 qui
2031 1092 2116 1137 est

539 1167 884 1224 Eusebianos
911 1171 1036 1236 287,
1062 1188 1288 1227 numero
1309 1173 1470 1233 2302,
1491 1189 1597 1226 non
1628 1173 1784 1228 250i.
1813 1174 1881 1225 At
1910 1173 2116 1227 Diocle-

536 1259 718 1314 tianus
774 1261 814 1312 ll
871 1269 923 1314 et
979 1262 1326 1317 Aristobulus
1375 1279 1522 1316 coss.
1587 1271 1906 1331 competunt
1967 1279 2113 1317 anno

535 1349 736 1402 Christi
778 1349 1106 1420 Dionysiano
1155 1353 1284 1416 285,
1344 1354 1650 1409 Ensebiano
1700 1355 1828 1418 286,
1888 1356 2114 1424 proinde

537 1453 764 1492 numero
801 1440 960 1495 2501.
999 1443 1157 1497 Anno
1203 1445 1438 1514 denique
1477 1445 1805 1516 Dionysiano
1851 1446 1978 1509 284,
2012 1464 2113 1498 nn-

537 1543 687 1580 mero
709 1529 850 1584 2300
881 1533 1187 1588 ascribendi
1229 1543 1356 1588 sunt
1399 1551 1539 1590 coss.
1577 1536 1813 1590 Carinns
1845 1537 1889 1590 ll
1920 1545 1973 1591 et
1999 1536 2114 1591 Nu-

537 1621 814 1673 merianus
851 1639 862 1673 :
905 1637 1014 1690 quo
1061 1639 1208 1677 anno
1247 1623 1616 1680 Diocletianus
1665 1627 1808 1687 iniit,
1847 1628 2002 1697 cyclo
2037 1628 2115 1680 la-

542 1706 705 1761 bente
736 1726 847 1763 nx.
879 1711 1115 1781 {Egyptii
1170 1729 1298 1768 vero
1343 1716 1397 1767 in
1447 1717 1730 1769 neomenia
1757 1715 1960 1780 Thotli,
1999 1720 2114 1772 sive

537 1812 665 1850 xxix
695 1797 830 1868 Aug.
873 1811 1156 1869 sequente,
1189 1819 1296 1872 quo
1347 1821 1635 1859 numerum
1673 1811 1945 1860 anrcuml
1982 1808 2116 1863 inie-

537 1895 685 1950 runt,
738 1889 1057 1946 Diocletiani
1118 1895 1381 1963 epocham
1442 1895 1695 1950 ﬁxerunt.
1747 1898 2112 1962 Quamobrem

537 1977 826 2032 manifeste
879 1979 981 2033 sibi
1030 1981 1132 2050 ipsi
1169 1984 1444 2037 contraria
1487 1984 1647 2039 docet
1696 1984 1957 2056 Scaliger,
1988 2003 2112 2041 cum

535 2076 589 2118 et
624 2067 846 2124 Latinos
869 2070 946 2122 ait
981 2086 1155 2126 annos
1197 2072 1514 2128 Diocletiani
1543 2090 1832 2129 numerare
1863 2092 1892 2130 a
1920 2076 2114 2132 Martio

540 2159 750 2210 numeri
784 2159 945 2222 250i,
975 2159 1213 2216 Maximo
1239 2171 1291 2217 et
1319 2164 1574 2232 Aquilino
1602 2180 1772 2229 coss.;
1810 2174 1863 2221 et
1889 2168 2111 2221 eosdem

538 2250 697 2314 paulo
720 2259 842 2318 post
872 2252 1068 2305 asserit
1117 2253 1258 2308 inire
1311 2256 1378 2307 ah
1410 2255 1603 2308 Martio
1632 2255 1946 2328 Dionysiani
1983 2259 2110 2322 285,

535 2337 872 2394 Diocletiano
903 2340 946 2393 ll
979 2353 1031 2395 et
1065 2344 1384 2399 Aristobulo
1416 2348 1699 2416 coss.,qui
1737 2355 1822 2403 est
1852 2365 2112 2406 numerus

534 2429 696 2484 2300.
739 2430 896 2495 Quod
931 2435 1205 2501 posterius
1232 2452 1418 2489 verum
1453 2445 1535 2492 est
1586 2454 1599 2490 :
1637 2439 1770 2500 illud
1804 2448 1984 2495 autem
2014 2441 2114 2494 fal-

536 2529 680 2568 sum.
736 2517 1206 2580 Quemadmodum
1265 2531 1318 2576 et
1378 2525 1546 2588 illud,
1609 2528 1755 2595 quod
1816 2529 1870 2582 in
1925 2529 2111 2584 eadem

535 2605 1000 2661 Animadversionc
1056 2612 1368 2674 subtexuit,
1398 2613 1730 2669 Diocletiano
1749 2617 1788 2669 ll
1819 2627 1872 2671 et
1901 2620 2112 2674 Aristo-

537 2694 668 2746 bulo
705 2712 849 2751 coss.
887 2698 1238 2754 indietionem
1279 2719 1328 2755 tv
1371 2707 1606 2773 erupisse
1642 2724 1824 2761 mense
1865 2708 2113 2777 Septem-

545 2785 648 2848 bri,
681 2801 746 2839 eo
768 2803 930 2846 anno,
955 2806 1063 2857 quo
1086 2794 1424 2847 novilnnium
1466 2798 1656 2849 incidit
1685 2799 1736 2850 in
1771 2803 2112 2855 neomeniam

537 2871 716 2926 'l‘hoth
761 2874 1134 2944 Diocletianei,
1179 2897 1306 2936 xm
1341 2883 1594 2954 Augusti.
1637 2891 1828 2942 Annus
1866 2888 1956 2944 hic
1990 2905 2115 2945 esse

537 2964 698 3019 debet
725 2981 848 3021 arcte
888 2967 1232 3040 Dionysiantc
1257 2973 1384 3036 284,
1413 2976 1564 3045 cyclo
1589 2975 1836 3033 Romano
1875 2995 2114 3049 xix,quo

537 3071 684 3111 anno
718 3059 940 3114 indictio
981 3078 1039 3115 ιιι
1071 3079 1180 3116 non
1219 3081 1268 3116 tv
1297 3067 1464 3135 cmpit
1511 3082 1540 3120 a
1584 3065 1909 3137 Septembri.
1937 3071 2115 3126 Casti-

1657 423 1995 482 APPENDIX
2029 419 2658 478 DlSSERTATIONUM.

3653 424 3733 478 ι’Ξῖξ

2146 543 2190 596 Α
2220 535 2508 598 clctiauus,
2575 531 2796 604 quando
2843 532 3034 587 consul
3086 548 3124 586 tt
3169 548 3291 588 cum
3326 534 3616 591 Aristobulo
3637 536 3734 592 fuit.

2219 626 2371 680 llunc
2395 626 2668 680 Ammiani
2701 628 2877 681 locum
2903 625 3111 696 profert
3141 625 3195 678 in
3232 626 3734 684 Attimadt-crsionibus

2217 719 2491 788 Scaliger;
2540 725 2700 788 atque
2745 719 2829 773 his
2887 733 3033 772 coss.
3086 717 3432 773 indictio’uem
3488 735 3534 771 tv
3582 720 3738 776 iniisse

2215 807 2348 861 dicit
2407 822 2594 862 mense
2637 807 2992 876 Septembris,
3043 820 3107 860 ac
3147 807 3476 860 norilunium
3521 809 3740 865 incidisse
3811 849 3814 852 ι

2215 914 2341 950 xxix
2381 899 2625 966 Augusti.
2669 898 2771 962 Qui
2808 897 2918 950 duo
2948 897 3295 951 characteres
3326 898 3376 950 in
3403 900 3634 952 eumdem
3656 899 3739 954 Ju-

2217 989 2416 1040 lianum
2461 1003 2662 1041 annum
2717 988 3009 1041 convenire
3049 997 3344 1055 nequeunt.
3384 987 3511 1042 Nam
3549 989 3740 1046 indictio

2215 1094 2266 1130 iv
2285 1093 2311 1129 a
2352 1077 2654 1145 Septembri
2688 1079 2950 1147 competit
2977 1093 3124 1131 anno
3146 1078 3274 1138 285,
3296 1079 3613 1131 novilnnium
3635 1096 3738 1134 rem

2215 1181 2340 1217 xxix
2393 1167 2639 1235 Augusti,
2687 1182 2829 1219 anno
2874 1165 2999 1230 285,
3047 1166 3199 1234 cyclo
3223 1183 3332 1227 xix,
3371 1174 3426 1219 ιιι
3463 1169 3608 1234 paulo
3639 1177 3740 1222 ante

2215 1256 2546 1309 monuimus.
2586 1255 2689 1310 Sed
2732 1256 2845 1309 sive
2873 1270 3014 1308 anno
3049 1255 3153 1310 284
3200 1257 3314 1310 sive
3367 1257 3491 1316 285,
3523 1259 3741 1312 consules

2214 1343 2336 1398 illos
2358 1344 2624 1407 deﬁxerit,
2681 1346 3032 1414 perspicuum
3088 1353 3192 1407 est,
3238 1356 3562 1415 quantopere
3603 1347 3739 1401 falsus

2213 1434 2304 1496 sit.
2339 1451 2460 1488 cum
2494 1444 2678 1505 postea
2721 1436 2773 1488 in
2809 1435 2942 1490 (Jan.
2972 1433 3142 1504 Isag.,
3173 1434 3559 1490 Diocletianum
3586 1437 3739 1491 iniisse

2214 1525 2384 1578 voluit
2429 1542 2570 1580 anno
2607 1525 2747 1591 288;
2783 1533 3003 1593 quarto,
3063 1527 3173 1580 imo
3207 1527 3398 1595 quiulo
3427 1542 3582 1593 anno,
3609 1543 3739 1596 quam

2215 1615 2512 1683 imperator
2545 1625 2628 1671 est
2660 1616 2835 1669 factus
2857 1634 2869 1669 :
2892 1616 3092 1684 quippe
3125 1624 3416 1686 antequam
3437 1618 3740 1672 consulatum

2213 1703 2550 1755 ordinarium
2610 1718 2734 1756 cum
2771 1703 3087 1757 Aristobulo
3132 1714 3366 1774 gereret,
3399 1695 3464 1759 ex
3508 1704 3616 1758 Kal.
3643 1705 3737 1757 Jan.

2217 1795 2640 1864 intperatorjam
2671 1812 2697 1849 a
2735 1797 2999 1853 militibus
3028 1804 3149 1852 erat
3186 1797 3532 1858 acclamalus,
3562 1797 3698 1866 idque
3718 1811 3742 1848 ιι

2148 1876 2189 1928 Β
2220 1883 2500 1946 Palilibus.
2526 1895 2583 1940 ut
2603 1903 2664 1941 ex
2686 1888 3040 1957 Panegyrista
3059 1889 3264 1957 colligit
3285 1887 3743 1957 Scaliger,proinde

2217 1991 2361 2030 anno
2390 1976 2524 2044 284;
2575 1994 2704 2032 nam
2761 1978 3130 2034 Diocletianus
3169 1988 3220 2032 et
3257 1981 3593 2033 Aristobulus
3630 1977 3742 2032 inci-

2219 2068 2358 2120 dunt
2391 2068 2446 2122 in
2485 2083 2535 2123 a.
2571 2069 2697 2124 285.
2738 2069 2876 2123 Tum
2939 2085 3068 2123 vero
3107 2069 3249 2124 idem
3297 2085 3360 2122 ex
3395 2069 3554 2123 veteri
3583 2067 3742 2121 inscri-

2218 2157 2404 2225 ptione
2426 2160 2802 2222 conlirmatur,
2829 2176 2949 2228 qua:
2973 2168 3056 2214 est
3082 2159 3223 2229 apud
3237 2159 3546 2223 Gruterum,
3571 2156 3741 2226 p.279:

2221 2249 2274 2300 in
2308 2263 2414 2316 qua
2453 2248 2820 2304 Diocletianus
2843 2265 2987 2304 coss.
3023 2249 3066 2303 ll
3094 2257 3147 2302 et
3177 2250 3462 2303 tribunitia
3488 2256 3696 2318 potestas
3713 2261 3741 2298 ιι

2219 2339 2429 2407 legitur.
2465 2339 2644 2404 Quare
2688 2341 2734 2395 si
2781 2340 3126 2392 consulatum
3163 2355 3199 2392 ιι
3245 2339 3369 2392 iniit
3399 2355 3532 2392 anno
3579 2335 3744 2392 Christi

2215 2430 2340 2491 285,
2367 2445 2490 2484 cum
2513 2431 2829 2484 Aristobulo
2854 2431 3079 2498 collega,
3105 2430 3445 2483 tribunitiam
3473 2419 3742 2499 potestatem

2213 2520 2324 2587 jam
2360 2521 2588 2590 adeptus
2621 2529 2738 2576 erat
2766 2536 2909 2574 anno
2934 2521 3240 2590 superiore.
3277 2519 3382 2573 Sed
3415 2521 3467 2572 in
3495 2520 3614 2572 iisce
3642 2531 3746 2570 con-

2217 2613 2488 2666 sulatibus
2517 2612 2830 2682 digerendis
2863 2611 3085 2663 turbant
3120 2611 3372 2664 nonnihil
3413 2610 3656 2677 vulgatam
3682 2621 3745 2656 ra—

2217 2707 2420 2757 tionem
2473 2705 2859 2772 inscriptiones
2903 2712 3132 2757 veteres.
3173 2703 3419 2767 Quarum
3471 2700 3573 2760 illa,
3605 2708 3744 2766 quam

2221 2794 2452 2846 liaronio
2481 2794 2826 2861 producitur,
2867 2794 3212 2848 consulatum
3247 2791 3554 2846 Diocletiani
3588 2788 3623 2841 ll
3649 2801 3742 2840 cum

2217 2884 2501 2937 tribunitia
2546 2893 2814 2952 potestate
2857 2900 2893 2936 ιι
2925 2885 3227 2952 componit.
3263 2884 3445 2937 Altera
3478 2895 3614 2940 vero.
3656 2891 3745 2946 qur

2217 2974 2359 3042 apud
2389 2973 2678 3028 Gruterum
2718 2991 2770 3043 p.
2810 2975 3173 3044 280'It-gitur,
3220 2974 3492 3044 ejusmodi
3514 2984 3623 3027 est:
3659 2968 3746 3021 ΜΛ-

2221 3063 2362 3117 XIM.
2425 3063 2663 3120 AUG....
2701 3065 2764 3118 N.
2817 3064 3281 3120 DIOCLETIANO
3332 3066 3370 3118 ll
3429 3062 3606 3118 COSS.
3647 3057 3746 3112 ειη

537 3150 772 3217 gandum
801 3167 927 3206 vero
946 3161 1030 3208 est
1057 3152 1351 3210 Chronicon
1392 3158 1709 3224 Alexandr.,
1743 3161 1796 3215 in
1839 3179 1946 3231 quo
1977 3165 2116 3218 scri-

2224 3153 2466 3208 I’ELICE
2511 3154 2710 3209 Ριιορ.
2767 3153 2930 3208 AUG.
2961 3155 3026 3213 Ν.
3067 3155 3332 3210 ΤΙΙΕΒΜ.
3369 3147 3747 3248 ANTONIANA-

541 3249 692 3308 ptum
751 3251 834 3298 est
888 3259 919 3296 a
974 3260 1121 3300 coss.
1191 3248 1526 3304 Diocletiano
1573 3249 1613 3302 ll
1661 3260 1716 3306 et
1779 3253 2114 3320 Aristobulo,

539 3331 730 3386 indict.
766 3351 816 3386 tv
847 3334 1165 3390 Diocletiani
1217 3353 1390 3394 annos
1431 3343 1483 3394 in
1535 3342 1787 3398 Pascbali
1828 3346 1984 3414 cyclo
2039 3347 2122 3399 tli-

543 3426 726 3484 gestos
759 3421 948 3476 fuisse.
981 3423 1136 3487 Quod
1170 3434 1256 3481 est
1280 3427 1604 3482 ἀσύστατον.
1639 3431 1773 3484 Nam
1816 3436 2118 3487 secundum

544 3505 852 3575 Aligyptios,
909 3512 999 3578 qui
1059 3513 1125 3566 ab
1154 3513 1292 3584 Aug.
1335 3531 1460 3569 xxrx
1517 3520 1644 3572 anni
1689 3520 1792 3572 281
1828 3523 2120 3590 incipiunt.

545 3598 771 3662 contigit
800 3599 898 3651 hoc
929 3599 1117 3653 indirt.
1153 3617 1212 3654 ιιι
1269 3603 1504 3658 ineunte.
1535 3607 1844 3661 Secundum
1875 3609 2120 3675 Latinos,

544 3702 572 3738 a
612 3687 797 3739 Martio
827 3691 955 3742 anni
994 3691 1119 3753 235,
1160 3694 1350 3748 indict.
1379 3695 1605 3763 perinde
1634 3713 1711 3749 tu.
1755 3699 1959 3762 Quarta
1996 3719 2122 3756 vero

546 3779 764 3832 nonnisi
796 3779 861 3833 ab
907 3781 1054 3850 Sept.
1114 3795 1378 3853 sequente
1436 3790 1712 3842 numerari
1754 3801 1950 3861 empta.
1995 3797 2120 3850 ldeo

546 3868 839 3924 Chronico"
873 3871 1225 3938 indit-tionem
1243 3892 1269 3929 a
1299 3876 1604 3946 Septembri
1631 3881 1695 3932 ad
1713 3885 2118 3940 antecedentem

549 3959 798 4013 Mattium
854 3964 1131 4020 retrahere
1161 3967 1394 4029 videtur,
1458 3977 1551 4022 aut
1598 3986 1706 4025 uno
1738 3990 1881 4026 anno
1913 3978 2121 4030 tardius

549 4059 744 4119 putare
779 4067 790 4102 :
827 4069 948 4105 nam
999 4053 1370 4112 Diocletianus
1401 4069 1454 4112 et
1496 4061 1843 4135 Aristobttlus
1872 4069 2126 4121 consula-

548 4153 660 4195 tum
685 4143 924 4197 inierttnt
956 4145 1146 4202 indict.
1184 4165 1262 4211 ιιι,
1299 4165 1444 4206 anno
1480 4153 1680 4210 Christi
1711 4157 1837 4222 285,
1869 4174 1972 4211 non
1995 4160 2122 4223 2.86,

548 4247 604 4287 ιιι
639 4235 796 4287 balet
831 4235 1146 4292 Chronico".

623 4325 803 4379 Redeo
856 4328 921 4380 ad
969 4328 1326 4399 Scaligerum,
1387 4333 1476 4401 qui
1534 4341 1810 4401 postremo
1859 4337 1910 4390 in
1973 4337 2120 4410 lsag.

547 4435 667 4471 can.
700 4434 752 4486 p.
799 4418 925 4478 505,
976 4419 1133 4472 docet
1189 4421 1332 4474 aliud
1381 4437 1504 4476 esse
1561 4423 1876 4479 Diocletiani
1935 4445 2122 4489 teram,

547 4506 695 4560 aliud
769 4506 980 4557 initittm
1033 4507 1276 4574 ejusdem
1310 4523 1477 4561 :nam
1535 4510 1852 4566 Diocletiani
1905 4531 2012 4569 sera
2060 4518 2124 4570 ad

550 4597 862 4650 IllClliOtltlm
892 4598 1028 4665 cycli
1057 4598 1334 4651 Paschalis
1366 4601 1662 4654 constiti-ta
1695 4612 1777 4658 est
1817 4620 1965 4658 anno
2000 4609 2124 4663 Dio-

550 4687 780 4758 nysiano
806 4687 930 4752 284,
972 4686 1202 4740 aThotli
1253 4687 1600 4758 Aﬂgyptiaco,
1641 4695 1722 4745 vel
1763 4695 1830 4747 ab
1862 4708 2124 4766 sequente

551 4779 766 4834 Martio.
824 4779 1192 4832 Diocletianus
1253 4790 1434 4833 autem
1479 4781 1764 4850 imperium
1823 4787 1941 4839 iniit
1982 4806 2124 4844 anno

547 4873 750 4925 Christi
779 4871 905 4934 288,
931 4879 1165 4941 quatuor
1188 4872 1346 4925 annis
1383 4872 1573 4926 solidis
1596 4885 1716 4941 post
1756 4876 1970 4930 inititnn
2002 4896 2125 4935 ωιω

548 4963 822 5033 paschalis
854 4964 1208 5034 Egyptiacm.
1248 4965 1321 5017 lta
1353 4966 1680 5018 sententiam
1724 4977 1916 5032 mutat,
1959 4987 2121 5039 quam

549 5060 644 5111 lib.
688 5075 720 5110 v
765 5058 832 5111 De
881 5058 1083 5111 emend.
1133 5067 1515 5126 proposuerat,
1578 5058 1667 5110 tibi
1729 5058 2122 5116 Diocletianum

549 5151 783 5218 (cepisse
808 5150 1000 5216 probat
1035 5165 1178 5201 anno
1203 5149 1333 5202 287.
1369 5148 1477 5200 Sed
1511 5150 1796 5216 utrobique
1827 5152 2122 5218 plurimum

550 5239 939 5292 hallucinatur.
986 5238 1363 5293 Certissimuni
1399 5240 1544 5292 enim
1590 5249 1692 5300 est,
1733 5239 2121 5298 Diocletianum

548 5332 737 5384 eodem
778 5345 920 5383 anno
964 5331 1249 5397 imperium
1287 5331 1540 5398 adeptum
1580 5348 1722 5398 esse,
1762 5349 1790 5386 a
1825 5351 1934 5402 quo
1981 5337 2125 5390 illius

546 5431 634 5477 est
678 5438 784 5475 :cra
826 5430 1011 5491 postea
1043 5423 1270 5475 deducta
1301 5441 1316 5478 :
1354 5440 1540 5492 nempe
1587 5440 1730 5476 anno
1761 5426 1962 5479 Christi
1996 5427 2119 5479 28L

487 5541 492 5546 -
551 5513 760 5568 Etenim
818 5514 1139 5566 Ammianus
1196 5515 1352 5567 initio
1398 5515 1493 5569 lib.
1536 5531 1690 5578 xxui,
1722 5516 1886 5570 refert
1919 5518 2125 5570 nullum

548 5606 811 5670 privatum
865 5605 1123 5656 hominem
1166 5603 1264 5655 ulli
1317 5606 1549 5675 Augusto
1595 5608 1847 5676 collegam
1893 5610 2056 5676 fuisse
2093 5627 2125 5661 tt

557 5694 881 5749 Diocletiano
910 5697 1044 5763 Aug.
1073 5694 1133 5747 11
1168 5704 1216 5749 et
1267 5698 1568 5750 Aristobulo
1609 5716 1747 5752 coss.
1790 5704 1857 5751 ad
1892 5709 2124 5766 tempora

554 5783 758 5838 J'ttliani
822 5789 1106 5856 Apostutw.
1150 5787 1318 5860 lgitur
1370 5791 1664 5860 imperator
1697 5791 1806 5860 jam
1838 5801 1953 5846 erat
1991 5790 2122 5845 Dio-

2226 3245 2392 3308 llUM.
2431 3246 2603 3317 Vulgo
2630 3248 2950 3302 consulatus
2990 3247 3030 3300 Il
3061 3247 3384 3302 Diocletiani
3425 3261 3541 3302 cum
3578 3241 3746 3294 Aristo-

2223 3337 2350 3389 bulo
2380 3338 2581 3405 collega
2640 3337 3007 3406 componitur,
3043 3346 3100 3390 ιιι
3129 3348 3211 3393 est
3271 3341 3323 3392 in
3359 3337 3534 3392 Fastis
3571 3331 3746 3388 Siculis-

2223 3431 2293 3477 At
2335 3428 2385 3479 in
2437 3428 2612 3496 lapide
2642 3443 2764 3481 cum
2799 3428 3129 3482 Maximiano
3166 3431 3438 3500 Augusto.
3477 3426 3626 3484 Siculi
3653 3434 3747 3473 vero

2226 3517 2624 3571 Diocletianum
2657 3516 2719 3569 lll
2771 3534 2915 3572 coss.
2946 3529 2999 3570 et
3043 3519 3427 3572 Maximianunt
3464 3521 3744 3584 conparant.

2225 3603 2587 3658 Cassiodorus
2627 3605 2858 3673 primum
2905 3604 3221 3660 Diocletiani
3284 3607 3610 3660 consulatum
3654 3612 3743 3653 cum

2230 3702 2498 3758 numerat,
2530 3710 2688 3762 quem
2720 3710 2843 3748 cum
2901 3695 3217 3749 Aristobulo
3257 3697 3459 3766 gessit;
3503 3689 3745 3748 St'CtllldUl“

2228 3799 2350 3835 cum
2403 3783 2748 3837 Maximiano.
2813 3782 2919 3837 Sed
2984 3792 3280 3855 utrumque
3330 3788 3565 3855 prii-atus
3609 3780 3748 3834 adhuc

2228 3874 2462 3927 obtinuit
2497 3890 2560 3927 cx
2596 3887 2772 3929 mente
2792 3875 3125 3929 Cassiodori.
3158 3876 3213 3928 In
3239 3876 3419 3931 Fastis
3449 3875 3628 3930 Siculis
3665 3871 3748 3940 pri-

2229 3981 2374 4016 mum
2420 3967 2764 4019 consulatum
2796 3983 2918 4020 cum
2957 3966 3125 4021 Basso
3173 3969 3422 4037 privatus
3449 3968 3611 4021 adhuc
3640 3961 3747 4014 inill-

2230 4058 2305 4110 Ad
2328 4059 2437 4112 hinc
2459 4058 2843 4111 Maxitnianum
2872 4059 3083 4129 imperii
3111 4062 3430 4130 participem
3453 4074 3564 4114 esse
3588 4056 3746 4108 factum

2227 4151 2414 4202 volunt
2447 4149 2679 4203 .‘tlaximo
2714 4151 3039 4219 etAquilino
3070 4166 3242 4216 coss.,
3269 4168 3412 4205 anno
3442 4147 3627 4205 Christi
3649 4142 3744 4206 285-

2229 4239 2437 4302 Qnibus
2472 4241 2748 4292 contraria
2808 4248 2956 4302 sunt,
2983 4256 3102 4310 qua:
3131 4257 3194 4294 ex
3229 4241 3499 4310 lapidibus
3534 4237 3746 4302 colligun-

2231 4335 2318 4378 tur
2353 4345 2366 4380 :
2397 4341 2521 4379 nam
2547 4327 2816 4395 posterior
2860 4327 3146 4396 inscriptio
3179 4331 3470 4397 persuadet
3517 4321 3747 4378 Diocletia-

2230 4433 2358 4469 num
2395 4418 2446 4469 in
2480 4416 2722 4471 secundo
2747 4419 3034 4472 consulatu
3066 4418 3329 4487 collegam
3354 4417 3596 4471 habuisse
3618 4410 3745 4467 Maxi—

2163 4515 2203 4566 D
2236 4509 2474 4560 inianum
2505 4509 2617 4576 jam
2653 4509 2980 4576 Augustum.
3008 4509 3276 4574 Quoniam
3313 4521 3487 4564 autem
3519 4510 3565 4561 in
3595 4499 3745 4559 inscri‘

2234 4600 2416 4668 ptionc
2465 4601 2636 4653 altera
2713 4598 3084 4653 Diocletianus
3139 4615 3255 4655 cos.
3310 4600 3374 4663 Il,
3420 4609 3470 4653 et
3515 4590 3743 4651 tribunilia

2234 4698 2474 4758 potestas
2507 4709 2542 4744 ιι
2570 4691 2740 4748 fuisse
2794 4695 3014 4755 dicitur,
3055 4707 3160 4744 non
3206 4693 3361 4745 aliter
3387 4686 3645 4744 conciliari
3670 4686 3744 4734 ista

2235 4795 2482 4850 possunt,
2517 4801 2676 4853 quam
2705 4793 2760 4836 ut
2791 4783 3110 4838 Diocletiani
3139 4781 3178 4835 ll
3245 4791 3300 4836 et
3329 4777 3618 4834 Maximiani
3649 4786 3743 4825 cen-

2232 4873 2446 4928 sulatus
2474 4883 2596 4927 ante
2628 4874 2918 4929 Maximtnn
2948 4882 3000 4927 et
3023 4875 3333 4942 Aquilinum
3369 4887 3505 4925 coss.
3539 4871 3743 4938 penult",

2232 4981 2374 5020 anno
2407 4967 2608 5021 Christi
2633 4968 2774 5031 286;
2803 4982 2912 5036 quo
2941 4967 3236 5020 tribuniti:e
3263 4963 3535 5034 potestatis
3570 4951 3746 5028 pcrimle

2231 5065 2394 5126 atque
2431 5059 2641 5119 imperii
2698 5058 2975 5112 secundus
3017 5073 3194 5110 annus
3241 5054 3590 5113 decurrebat;
3623 5054 3747 5109 atque

2233 5149 2305 5201 ita
2338 5149 2696 5203 lllaximianus
2725 5164 2868 5202 anno
2894 5149 3196 5217 superiore,
3218 5148 3298 5200 vel
3323 5145 3506 5200 eodem
3534 5142 3746 5211 ipso,ttl|0

2231 5243 2421 5293 consul
2457 5241 2631 5294 factus
2678 5248 2778 5304 est,
2829 5241 3112 5309 imperium
3148 5238 3463 5293 obtinuerit.
3511 5234 3606 5285 Aul
3632 5230 3746 5278 ουτω

2232 5332 2420 5385 eodem
2446 5347 2609 5392 anno,
2645 5346 2754 5399 quo
2783 5330 3048 5384 Maximus
3070 5330 3425 5398 etAquilinus
3454 5319 3742 5378 consulatum

2233 5441 2260 5476 a
2294 5422 2411 5476 Kal.
2437 5421 2559 5476 Jan.
2615 5423 2881 5492 auspicati
2908 5432 3036 5477 sunt
3064 5441 3077 5487 ;
3105 5439 3227 5476 eum
3262 5419 3622 5473 Maxitnianum
3657 5402 3744 5503 ςοΙ·

2234 5516 2408 5585 108³111
2469 5515 2839 5571 Diocletianus
2897 5514 3202 5576 ascivissct,
3263 5510 3536 5566 sull‘ectum
3583 5502 3744 5595 parile"

2235 5582 2356 5660 cuin
2381 5607 2472 5665 illo
2527 5604 2872 5660 consulatum
2929 5605 3069 5658 iniit.
3129 5602 3267 5669 Quin
3300 5595 3512 5661 etjllud
3542 5582 3743 5688 conside-

2237 5695 2464 5750 randum
2500 5703 2604 5756 cst,
2631 5694 2776 5764 quod
2813 5693 3173 5764 panegyricus
3222 5687 3534 5743 Maximiano
3559 5687 3605 5774 cl
3629 5673 3742 5774 qui"

2238 5788 2480 5845 stantino
2512 5784 2774 5856 Augustis
2800 5785 2979 5840 dictus
3019 5782 3399 5838 Maximianum
3429 5767 3605 5830 asserit
3625 5767 3740 5817 vire-
