3920 6404
242 453 354 508 573

1231 463 1315 518 DE
1350 462 1798 522 ROMANDRUM
1834 462 2015 520 IMPP.
2059 463 2576 527 CHRONOLOGIA.

3426 475 3529 531 S75

241 578 388 631 sitne
446 593 602 634 anno
655 578 1060 651 imperatorem,
1102 593 1299 641 octavo
1342 588 1632 643 consulem
1666 588 1839 659 impe-
1870 592 1915 648 Α
1947 588 2044 643 lib.
2073 604 2110 643 ιι
2148 589 2339 644 scribit
2369 605 2400 645 a
2438 589 2728 644 consulatu
2757 589 3004 648 Chilonis
3059 602 3109 647 et
3146 593 3390 659 Libonii,
3420 609 3528 663 quo

247 682 388 721 nam
448 671 760 728 abdicasse.
819 672 888 727 Te
928 690 1132 740 rursus,
1176 676 1376 747 inquit,
1421 678 1665 731 vicesimo
1701 695 1839 731 anno

248 761 644 826 imperatorem,
677 774 858 818 octavo
873 767 1139 820 consulem
1171 768 1249 821 ita
1284 768 1399 834 ipsa
1430 768 1675 837 amplexu
1711 785 1840 838 quo-

246 853 371 903 dam
418 866 520 906 suo
561 851 731 906 Reum
779 856 942 908 uoluit
978 859 1230 912 detinere.
1278 858 1342 912 Et
1385 860 1617 913 subinde
1654 875 1667 911 :
1717 858 1837 912 Non

246 945 476 1009 potuisti
530 947 773 999 resistere
822 956 1022 1000 sancta!
1068 949 1217 1003 illius
1249 951 1483 1017 parentis
1515 950 1752 1018 imperio,
1789 961 1837 1004 ct

246 1032 444 1087 invitus
462 1035 582 1086 licet
611 1037 857 1101 paruisti,
882 1045 933 1091 et
964 1046 1011 1090 te
1044 1037 1153 1092 illis
1184 1039 1377 1109 vigiliis
1411 1041 1621 1108 illisque
1671 1043 1834 1107 curis,

244 1141 380 1194 qua:
407 1127 595 1192 uiginti
622 1128 777 1180 annis
813 1138 1057 1197 expertus
1087 1131 1289 1199 fueras,
1325 1131 1624 1186 reddidisti.

317 1212 514 1268 Arruns
548 1222 886 1285 autem,quo
940 1214 1307 1274 Diocletianus
1369 1229 1422 1275 et
1469 1220 1835 1275 Maximianus

246 1302 542 1372 imperium
573 1303 964 1374 deposuerunt,
996 1307 1098 1362 fuit
1127 1308 1331 1364 Christi
1368 1310 1496 1370 301,
1542 1318 1602 1364 ιιι
1635 1310 1836 1364 iudicat

246 1392 525 1457 Zosimus,
563 1410 708 1450 coss.
748 1396 1081 1454 Diocletiano
1114 1398 1204 1465 IX,
1234 1409 1286 1455 et
1326 1400 1653 1455 Maximiano
1689 1401 1831 1467 Vlll,

245 1486 397 1553 quod
432 1499 485 1540 et
518 1490 894 1558 panegyristes
946 1490 1249 1560 signiﬁcat,
1290 1506 1413 1545 cum
1466 1492 1833 1547 Diocletianus

245 1577 571 1631 vicesimum
602 1580 689 1632 vix
729 1580 1029 1649 implesset.
1061 1581 1259 1647 Quaero
1290 1583 1475 1652 igitur,
1506 1598 1631 1637 cum
1671 1586 1833 1638 tertio

245 1682 397 1721 anno
428 1678 549 1736 post
578 1669 970 1725 Diocletianum
1008 1672 1372 1728 Maximianus
1422 1675 1690 1743 imperare
1717 1690 1832 1730 coe-

244 1760 413 1828 perit,
445 1768 501 1814 et
534 1760 725 1814 eodem
756 1776 864 1830 quo
892 1763 983 1816 ille
1024 1771 1266 1833 tempore
1307 1763 1552 1829 desierit,
1584 1764 1673 1828 qui
1718 1764 1830 1819 fieri

243 1848 448 1917 possit,
484 1857 542 1901 ut
580 1864 649 1902 xx
695 1864 869 1904 annos
910 1851 1213 1919 imperarit.
1245 1850 1470 1917 Ferunt,
1515 1852 1749 1907 Maximo
1775 1861 1829 1907 et

1947 678 2184 734 Severus
2222 681 2516 737 seculares
2570 682 2729 737 ludos
2768 684 3119 750 instauravit,
3162 684 3230 738 ad
3267 687 3528 739 consula-

1943 780 2056 825 tum
2127 771 2448 827 Diocletiani
2505 791 2579 837 ix,
2636 773 2954 829 Maximiani
3001 791 3123 842 vm,
3194 793 3370 833 annos
3422 777 3528 831 llu-

1941 862 2088 916 xissc
2120 863 2241 918 101.
2282 862 2355 918 De
2390 864 2591 933 quibus
2626 865 2769 918 ludis
2799 865 3138 921 Censorinus
3170 866 3245 920 ita
3285 868 3479 923 scribit
3511 886 3525 921 :

1941 952 2167 1006 Octavus
2196 954 2539 1022 imperatores
2564 953 2870 1024 Septimius,
2903 966 2952 1010 et
2970 954 3049 1011 Μ.
3074 958 3322 1011 Aurelius
3360 958 3528 1012 Anto-

1939 1044 2078 1108 nius,
2109 1044 2327 1098 Chilone
2355 1055 2403 1099 et
2435 1044 2631 1099 Libone
2653 1062 2813 1108 coss,
2841 1063 2978 1100 anno
3013 1045 3139 1101 857.
3159 1046 3385 1116 Corrige
3401 1045 3527 1101 957.

1941 1131 2303 1202 Contigerant
2336 1134 2481 1187 enim
2523 1149 2667 1186 anno
2714 1132 2882 1188 Urbis
2914 1134 3334 1204 nongentcsimo
3363 1133 3528 1203 quin-

1937 1224 2259 1293 quagesimo
2307 1225 2559 1293 septimo,
2596 1224 2783 1279 Severi
2846 1239 2991 1278 anno
3033 1238 3140 1289 xu,
3210 1230 3271 1278 ut
3313 1240 3379 1279 ex
3418 1233 3526 1279 vet.

1938 1315 2188 1383 inscript.
2230 1323 2485 1369 constat:
2522 1317 2766 1385 adeoque
2816 1331 2935 1386 per.
2984 1314 3097 1369 Jul.
3143 1313 3302 1379 4917,
3328 1315 3531 1388 Diony-

1936 1404 2101 1459 siamc
2132 1421 2254 1459 atra:
2289 1407 2415 1460 ‘10L
2462 1406 2643 1472 Quare
2681 1405 2747 1459 ad
2788 1421 2989 1460 annum
3022 1406 3146 1470 501,
3176 1421 3283 1475 quo
3314 1422 3372 1460 se
3402 1405 3531 1460 Dio-

1935 1497 2203 1551 cletianus
2234 1505 2287 1551 et
2314 1497 2676 1552 Maximianus
2701 1498 3051 1561 abdicarunt,
3083 1499 3209 1552 anni
3239 1506 3367 1553 sunt
3401 1498 3524 1551 101.

1935 1585 2015 1639 Ex
2044 1604 2153 1656 quo
2185 1589 2319 1644 satis
2363 1596 2612 1658 apparet,
2655 1589 2803 1659 quod
2836 1604 2979 1659 stepe
3004 1588 3265 1654 diximus,
3301 1589 3521 1643 biennio

1934 1676 2168 1731 Annales
2193 1679 2580 1733 ecclesiasticos
2610 1694 2731 1734 esse
2754 1680 3073 1733 decurtatos
3102 1697 3114 1733 :
3142 1679 3235 1749 qui
3268 1693 3375 1733 non
3408 1678 3530 1748 plu-

1934 1782 2040 1827 res,
2094 1783 2257 1836 quam
2316 1770 2387 1824 99
2436 1770 2763 1824 consulatus
2822 1771 3202 1839 interponunt.
3266 1767 3419 1823 Unde
3473 1776 3526 1821 ct

1934 1854 2140 1911 frustra
2191 1857 2447 1913 Zosimus
2510 1860 2622 1913 illic
2690 1861 2897 1915 erroris
2961 1859 3230 1929 arguitur.
3285 1856 3526 1911 Indidem

243 1934 507 2002 Αιιυίιὶηο
528 1948 699 2001 οοεεο,
736 1936 841 1991 hoc
864 1946 952 1992 est
986 1953 1130 1992 anno
1157 1939 1359 1993 Christi
1380 1940 1507 2005 286,
1546 1940 1830 1995 lllaximia-
1864 1926 1904 1983 Β
1937 1962 2100 2015 porro
2125 1947 2386 2019 Scaligcri
2431 1964 2597 2018 supra
2628 1964 2658 2003 a
2694 1950 2853 2005 nobis
2895 1926 3211 2004 confutatus
3238 1964 3394 2003 error
3425 1962 3527 2001 va-

243 2039 380 2077 num
413 2040 445 2077 a
476 2024 812 2081 Diocletiano
841 2029 1103 2099 collegam
1134 2032 1390 2085 ascitum.
1427 2035 1471 2084 Λ
1498 2048 1608 2102 quo
1643 2035 1707 2087 ad
1734 2050 1832 2088 an-

241 2131 378 2170 num
424 2116 551 2180 504,
597 2132 706 2187 quo
755 2120 928 2188 Aprili
979 2135 1165 2176 mense
1213 2123 1498 2191 imperium
1538 2135 1828 2193 exuerunt,

240 2222 430 2262 annus
455 2209 715 2263 currebat
745 2208 1058 2265 Maximiani
1102 2227 1257 2276 xvut,
1297 2230 1474 2284 neque
1510 2216 1692 2284 plures
1725 2217 1827 2286 ipsi

239 2302 301 2356 in
332 2301 700 2355 Alexandrino
729 2302 977 2356 chronica
1023 2305 1362 2358 tribuuntur.
1401 2306 1506 2359 Sed
1541 2308 1586 2360 si
1620 2323 1688 2360 xx
1726 2324 1829 2362 an-

234 2410 378 2450 num
416 2395 722 2456 inchoavit,
772 2395 1021 2467 proximo
1071 2403 1195 2464 post
1242 2396 1635 2451 Diocletianum
1682 2413 1830 2454 anno

238 2494 536 2561 cooptatus
572 2488 644 2541 sit
691 2494 929 2556 oportet,
981 2495 1042 2541 ut
1088 2489 1478 2558 anticipatione
1529 2490 1762 2559 quadam
1798 2505 1827 2544 a

236 2576 361 2629 Kal.
394 2577 520 2629 .Ian.
553 2578 681 2631 anni
712 2579 838 2644 30i,
863 2578 1163 2633 vicesimus
1199 2580 1347 2633 illius
1375 2581 1444 2633 ab
1474 2587 1692 2635 oratore
1726 2597 1828 2634 nu-

238 2681 507 2722 meretur.
544 2668 683 2734 Quid
716 2678 898 2724 autem
930 2671 1394 2739 tergiversamur?
1418 2671 1561 2727 Ecce
1589 2673 1684 2727 tibi
1713 2676 1824 2725 Au-

240 2762 416 2814 relius
442 2759 627 2814 Victor
671 2776 700 2814 a
732 2761 963 2816 Schotto
1002 2774 1195 2817 nostro
1240 2764 1571 2832 publicatus,
1614 2764 1828 2821 Diocle-

237 2852 451 2904 tianum
492 2851 751 2905 celebrato
791 2854 937 2923 regni
984 2854 1224 2908 vicesimo
1264 2871 1404 2907 anno
1457 2871 1641 2909 curam
1682 2856 1827 2925 abje-

237 2946 376 2998 cisse
402 2945 530 3010 reip.
587 2945 793 3012 prodit,
831 2954 881 2997 et
913 2946 967 2998 in
1003 2947 1312 2999 sententiam
1354 2946 1662 3001 Herculium
1689 2965 1826 3018 a-gre

237 3036 548 3090 traduxisse
583 3052 600 3087 :
641 3036 727 3088 cui
762 3052 901 3089 anno
951 3037 1125 3090 minus
1170 3040 1404 3105 potentia
1454 3039 1627 3104 fuerat
1685 3039 1823 3109 Ergo

236 3142 333 3182 xix
400 3141 575 3181 annos
638 3125 998 3182 Maximianus
1062 3128 1339 3197 explevit,
1406 3132 1486 3183 uti
1540 3130 1825 3183 Diocletia-

234 3233 347 3273 nus
364 3233 436 3271 xx
463 3236 476 3272 :
507 3217 738 3288 ideoque
759 3219 922 3287 cmpit
951 3233 1095 3272 anno
1116 3217 1242 3273 285.
1272 3220 1341 3273 At
1369 3220 1424 3274 in
1447 3220 1694 3289 Epitome
1727 3235 1823 3273 an-

236 3324 440 3363 norum
464 3325 532 3362 xx
565 3309 859 3379 imperator
880 3309 1098 3364 dicitur.
1133 3308 1438 3365 Videndum
1473 3310 1636 3381 igitur
1660 3310 1823 3365 etiam

239 3409 411 3468 atque
434 3401 596 3454 etiam
630 3410 815 3455 utrum
854 3399 1194 3457 Diocletiano
1222 3409 1275 3457 et
1311 3401 1628 3457 Aristobulo
1655 3418 1825 3466 coss.,

236 3507 391 3546 anno
421 3493 539 3561 ipso
568 3492 677 3548 285
715 3492 1073 3548 Maximianus
1113 3493 1317 3549 ascitus
1367 3492 1551 3558 fuerit,
1597 3502 1651 3548 et
1688 3508 1831 3547 anno

231 3586 566 3654 insequente
597 3600 722 3639 cum
759 3584 1097 3639 Diocletiano
1126 3586 1478 3641 consulatum
1526 3584 1726 3639 inierit.
1753 3584 1831 3638 lta

226 3676 385 3730 enim
418 3689 605 3729 verum
639 3690 762 3730 esse
791 3683 992 3746 potest,
1025 3676 1172 3746 quod
1200 3675 1412 3745 antiqui
1447 3675 1652 3743 lapides
1697 3690 1830 3743 sug-

225 3773 460 3836 gerunt,
494 3772 552 3818 ut
587 3764 794 3834 primus
842 3764 1154 3819 Maximiani
1205 3765 1528 3819 consulatus
1572 3778 1697 3817 cum
1747 3777 1833 3817 sc-

226 3877 240 3905 ι
269 3856 426 3909 undo
482 3855 818 3923 Diocletiani,
863 3864 916 3910 et
956 3856 1241 3909 lribunitia
1295 3866 1538 3923 potcsms
1585 3870 1622 3906 ιι
1658 3852 1828 3907 Maxi-

226 3946 410 3999 miani
440 3959 564 3997 cum
599 3945 791 3999 eodem
814 3946 1106 3999 consulatu
1149 3952 1453 4015 congruat;
1488 3958 1549 3997 ac
1594 3942 1833 4010 denique

225 4036 562 4089 consulatus
591 4050 628 4087 ιι
654 4043 707 4089 et
730 4051 764 4088 ιι
784 4035 1012 4104 perinde
1036 4035 1331 4088 tribunitia
1382 4034 1703 4089 Diocletiani
1732 4049 1831 4104 po-

228 4135 412 4180 testas
440 4126 803 4181 consenticnt.
828 4126 1038 4197 Quippe
1067 4127 1290 4180 ineunte
1313 4140 1458 4180 anno
1480 4125 1685 4181 Christi
1703 4125 1831 4187 286,

226 4224 499 4269 currente
519 4216 803 4269 tribunitia
833 4223 1102 4285 potestate
1158 4231 1194 4268 ιι
1220 4214 1561 4278 Diocletiani,
1591 4212 1832 4284 lapidum

231 4308 378 4361 alter
425 4306 653 4362 inscribi
715 4307 921 4376 potuit;
995 4306 1134 4359 alter
1188 4321 1317 4360 vero
1380 4312 1504 4375 post
1601 4304 1829 4370 Palilia,

230 4414 364 4452 cum
427 4397 540 4466 jam
609 4397 910 4453 secundum
971 4397 1184 4467 imperii
1253 4412 1317 4451 ac
1384 4397 1685 4451 tribunitim
1739 4410 1835 4465 po-

231 4489 454 4543 testatis
509 4503 712 4542 annum
763 4487 1128 4544 Maximianus
1185 4495 1330 4544 esset
1392 4488 1712 4557 ingressus,
1780 4493 1835 4541 et

1298 4573 1436 4630 lluic
1505 4575 1833 4645 conjectura:
1867 4592 1909 4649 ι)
1943 4584 2081 4629 sunt.
2115 4574 2181 4626 At
2212 4571 2486 4641 Joscphns
2520 4570 2771 4642 Scaliger
2795 4571 3056 4640 majorem
3080 4571 3133 4626 in
3161 4574 3383 4627 modum
3410 4589 3531 4643 per-

234 4582 471 4642 uterque
550 4574 895 4629 consulatum
973 4583 1206 4646 gereret.

231 4663 431 4717 tandiu
492 4679 592 4719 nos
669 4665 1088 4730 inlimrebimus,
1162 4666 1293 4720 dum
1362 4668 1698 4736 exploratius
1765 4683 1830 4723 ac

230 4754 447 4810 certius
527 4756 730 4825 aliquid
819 4758 965 4811 docti
1034 4757 1282 4812 homines
1356 4759 1827 4830 exc0gitaverint,

230 4845 387 4916 quod
432 4846 486 4898 in
536 4846 1034 4915 perturbatissimis
1073 4848 1184 4904 illis
1245 4851 1587 4918 temporibus
1640 4862 1698 4905 ut
1747 4859 1830 4906 est

229 4936 473 4998 dillicile,
511 4937 587 4989 ita
615 4938 946 5006 conjiciendi
985 4941 1155 4993 multo
1206 4940 1402 5009 major,
1450 4943 1635 4996 minus
1680 4949 1830 4997 certe

232 5026 511 5084 invidiosa
547 5028 769 5084 libertas
799 5044 923 5085 esse
950 5029 1128 5085 debet.
1167 5029 1244 5084 Ex
1294 5032 1361 5085 iis
1400 5033 1658 5088 omnibus
1702 5050 1827 5087 cor-

234 5117 497 5189 rigendos
528 5126 612 5173 est
649 5118 884 5173 vitiosus
926 5118 1219 5188 Epiphanii
1250 5134 1534 5184 numerus,
1568 5119 1660 5189 qui
1703 5119 1829 5173 Dio-

235 5211 471 5267 cletiano
522 5217 575 5266 et
621 5209 953 5265 Maximiano
1008 5210 1204 5265 tribuit
1266 5225 1440 5264 annos
1495 5226 1614 5264 xm.
1670 5210 1826 5276 Quod

233 5303 459 5357 minimc
481 5302 693 5357 librarii
734 5302 906 5371 culpae
933 5312 1110 5372 potest
1140 5302 1374 5367 ascribi;
1410 5317 1535 5356 nam
1572 5302 1827 5356 distincte

225 5412 406 5450 annos
434 5395 509 5448 ita
533 5391 788 5463 partitur,
819 5400 879 5446 ut
912 5400 1037 5461 post
1068 5409 1164 5459 xu,
1199 5393 1399 5461 quibus
1423 5400 1673 5461 grassata
1703 5406 1824 5461 per~

225 5489 445 5543 secutio
485 5495 592 5545 cst,
645 5498 846 5539 annum
901 5502 1068 5541 unum
1119 5495 1245 5540 ante
1285 5484 1688 5540 abdicationem
1725 5484 1826 5538 im-

224 5579 461 5649 perarit.
498 5577 665 5646 Atqui
712 5592 780 5629 xx
827 5590 1001 5630 annos
1044 5575 1254 5632 solidos
1294 5577 1616 5645 imperavit;
1666 5575 1825 5628 nimi-

224 5684 351 5723 rum
402 5683 434 5721 a
489 5666 756 5722 Palilibus
791 5667 921 5721 anni
970 5666 1078 5720 281
1135 5667 1203 5720 ad
1259 5666 1450 5720 Palilia
1511 5667 1638 5719 anni
1693 5664 1821 5719 504.

224 5761 434 5818 Eodem
476 5762 624 5817 cnim
676 5775 942 5832 tempore.
986 5777 1096 5832 quo
1139 5770 1376 5831 coeperat
1425 5760 1819 5825 Diocletianus,

225 5855 522 5925 imperium
594 5853 806 5923 posuit,
865 5860 922 5907 ut
985 5851 1249 5909 Onulrius
1322 5854 1509 5910 tradit.
1566 5852 1821 5909 Zosimus

1938 2036 2103 2092 lidius
2153 2038 2426 2091 refellitur
2471 2057 2486 2092 :
2533 2040 2627 2109 qui
2682 2040 2899 2094 initium
2960 2038 3283 2095 Diocletiani
3336 2041 3530 2095 statuit

1936 2139 2080 2179 anno
2109 2124 2315 2181 Christi
2358 2125 2487 2189 287,
2537 2127 2619 2181 vel
2660 2126 2790 2181 288.
2847 2126 3008 2182 Unde
3042 2142 3108 2179 xx
3153 2127 3273 2196 ejus
3324 2126 3526 2181 desiuit

1935 2232 2078 2271 anno
2109 2216 2236 2279 507,
2263 2218 2345 2270 vel
2381 2217 2510 2279 ³508,
2556 2218 2621 2271 ad
2656 2232 2818 2287 quem
2867 2232 3070 2272 annum
3121 2232 3150 2270 a
3188 2234 3264 2271 xu
3316 2217 3527 2283 Severi,

1934 2309 2050 2362 sive
2080 2306 2289 2362 Christi
2322 2306 2451 2372 20kt,
2484 2307 2609 2361 anni
2639 2317 2768 2362 sunt
2818 2307 2942 2373 104,
2985 2309 3068 2363 vel
3120 2308 3242 2371 105,
3284 2322 3417 2370 non,
3471 2316 3529 2362 ut

1934 2398 2211 2459 Zosimus,
2248 2398 2368 2467 ipso
2398 2399 2736 2467 approbante
2782 2396 3084 2469 Scaligero,
3121 2399 3366 2468 scripsit,
3396 2399 3521 2453 101.

2015 2489 2133 2558 Ἐφ’
2177 2481 2265 2541 ὧν
2300 2489 2582 2556 κραταιὸς
2609 2490 2884 2559 διωγμός.
2918 2489 3091 2561 Largo
3131 2489 3395 2545 adversus
3445 2490 3529 2543 hi-

1932 2579 2118 2632 storiae
2166 2580 2325 2633 fidem
2369 2578 2457 2632 hic.
2500 2590 2787 2651 peccatum
2821 2588 2922 2636 est.
2964 2579 3175 2635 Etenim
3217 2580 3528 2649 persecutio

1934 2673 2048 2735 illa,
2090 2688 2211 2741 quae
2261 2687 2291 2726 a
2338 2670 2680 2725 Diocletiano
2727 2680 2782 2725 et
2824 2670 3156 2724 Maximiano
3202 2679 3381 2742 empta
3423 2683 3527 2734 est,

1932 2780 2053 2834 qua:
2099 2764 2319 2834 quidem
2359 2762 2621 2833 κραταιὸς
2664 2763 2911 2833 διωγμός
2952 2762 3059 2818 dici
3097 2773 3395 2827 mereatur,
3429 2780 3528 2817 ne-

1930 2872 2037 2926 que
2099 2871 2173 2909 xu
2241 2869 2417 2908 annos
2480 2854 2676 2916 tenuit,
2733 2868 2909 2922 neque
2975 2853 3043 2907 ab
3109 2853 3529 2924 imperatoribus

1930 2946 1994 2999 ad
2045 2945 2249 3001 exitum
2302 2944 2576 3014 ipe'dncta
2640 2950 2723 2998 est
2790 2961 2802 2997 :
2872 2957 2999 2997 nam
3065 2943 3192 2997 licet
3249 2951 3363 2997 toto
3418 2942 3531 2997 fere

1930 3037 2144 3090 illorum
2221 3035 2433 3105 imperii
2498 3042 2743 3104 tempore
2816 3035 3064 3089 saevitum
3117 3035 3188 3088 sit
3237 3035 3289 3087 in
3350 3033 3529 3088 Chri-

1928 3128 2167 3188 stianos,
2234 3134 2292 3178 ut
2346 3140 2413 3180 ex
2479 3126 2629 3178 Actis
2692 3125 2968 3178 variorum
3052 3132 3353 3194 martyrum
3408 3124 3526 3177 col-

1930 3218 2044 3284 ligit
2085 3216 2388 3280 Baronius,
2436 3213 2536 3269 fuit
2587 3215 2701 3268 haec
2752 3225 2933 3269 tamen
2999 3215 3241 3270 velitatio
3279 3214 3526 3285 qtuedatn

1933 3322 1996 3360 ac
2027 3307 2394 3361 rudimentum
2439 3306 2803 3372 crudelitatis,
2834 3321 2955 3376 quae
2985 3321 3080 3376 per
3113 3306 3323 3375 aliquot
3370 3320 3520 3359 mar-

1933 3402 2110 3465 tyrum
2146 3410 2333 3450 necem
2370 3403 2535 3465 atque
2569 3411 2635 3451 ex
2677 3396 2897 3449 militari
2958 3398 3269 3466 prtescrtim
3308 3395 3524 3460 ordine,

1933 3488 1999 3541 ad
2032 3488 2201 3541 totius
2240 3485 2545 3563 Christiani
2603 3486 2842 3541 nominis
2885 3486 3316 3540 internecionem
3369 3484 3529 3540 efl'er-
3622 3519 3633 3527 -

1932 3577 2069 3631 linit.
2118 3577 2422 3632 Atrocioris
2471 3591 2604 3631 vero
2667 3577 3075 3647 persecutionis
3130 3576 3345 3629 initium
3379 3588 3530 3629 anno

1937 3667 2257 3723 Diocletiani
2286 3683 2377 3721 χιι(
2418 3667 2489 3722 ab
2521 3666 2779 3734 Eusebio,
2801 3668 2895 3723 lib.
2926 3683 3046 3722 vut.
3084 3666 3253 3723 Hist..
3303 3682 3425 3738 cap.
3470 3668 3526 3729 3,

1932 3759 2082 3812 etin
2136 3758 2395 3811 Chronico
2443 3756 2744 3820 tribuitur,
2797 3755 3021 3826 quando
3080 3769 3268 3811 mense
3335 3754 3531 3810 Martio

1934 3849 2171 3902 edictum
2204 3848 2540 3917 propositum
2593 3855 2676 3902 est
2724 3847 2790 3900 de
2839 3847 3224 3902 subvertendis
3255 3848 3527 3902 ccclesiis.

1936 3936 2073 3991 Tum
2100 3937 2246 3990 aliud
2285 3950 2536 3991 secutum
2572 3947 2658 3991 cst
2691 3936 2758 3991 de
2810 3937 3139 4006 praasulibus
3170 3938 3532 4008 comprehcn-

1935 4028 2152 4092 dendis,
2185 4035 2240 4082 et
2282 4027 2350 4081 ad
2385 4027 2660 4081 idolorum
2709 4028 2919 4081 cultum
2972 4028 3231 4083 omnibus
3262 4029 3531 4083 machinis

1936 4132 1999 4171 ac
2047 4115 2384 4171 cruciatibus
2442 4115 2724 4185 adigendis
2777 4135 2789 4170 :
2841 4123 3007 4184 atque
3055 4117 3130 4170 ita
3178 4117 3439 4187 paulatim
3473 4120 3531 4173 in

1884 4239 1902 4253 -
1934 4207 2287 4264 Christianos
2334 4221 2527 4261 omnes
2567 4208 2651 4261 vis
2682 4207 2772 4259 illa
2811 4206 3136 4262 fmdissimae
3183 4210 3531 4277 tempestatis

1936 4298 2205 4353 incubuit.
2251 4295 2455 4352 Horum
2484 4297 2726 4350 omnium
2755 4306 2874 4352 erat
2928 4312 2992 4351 ex
3030 4297 3263 4353 Eusebio
3294 4300 3529 4369 scripto-

1934 4392 2199 4460 ribusque
2249 4390 2462 4445 caeteris
2511 4405 2618 4443 non
2675 4397 2785 4442 tam
2839 4388 3100 4460 impedita
3142 4391 3303 4456 ratio,
3334 4399 3529 4447 utnon

1935 4497 2054 4537 eam
2087 4482 2168 4536 vel
2216 4480 2566 4535 mediocriter
2600 4480 2743 4533 acuti
2791 4479 3045 4535 homines
3088 4481 3373 4548 pervidere
3399 4498 3530 4551 ρυε-

1940 4663 2163 4719 miscuit
2194 4676 2257 4716 ac
2314 4660 2563 4715 confudit
2597 4662 2801 4726 omnia,
2839 4659 2967 4714 dum
2998 4676 3212 4717 errores
3252 4664 3532 4719 erroribus

1939 4765 2185 4818 nectens,
2214 4770 2277 4810 ex
2316 4754 2573 4809 absurdis
2605 4755 2891 4825 principiis
2933 4754 3256 4811 absurdiora
3294 4756 3521 4827 colligit.

1932 4847 2068 4900 Cum
2098 4846 2243 4901 enim
2306 4845 2361 4900 in
2411 4844 2728 4899 Diocletiani
2778 4847 2986 4915 epocha
3028 4845 3185 4900 valde
3217 4846 3392 4913 illum,
3460 4857 3519 4901 ut

1933 4939 2195 5000 vidimus,
2223 4937 2410 5006 Opinio
2440 4936 2715 4999 fefellerit,
2754 4937 2950 5006 ingens
2981 4952 3049 4992 ex
3093 4950 3159 4991 eo
3206 4952 3364 5007 seges
3406 4938 3524 4992 hal-

1934 5030 2331 5083 lucinatiouum
2379 5028 2433 5080 in
2470 5028 2706 5096 reliqua,
2762 5042 2883 5095 qua:
2923 5041 3047 5080 cum
3093 5026 3185 5079 illa
3235 5027 3530 5097 conjuncta

1932 5130 2080 5187 sunt,
2116 5122 2403 5177 intervalla
2438 5119 2793 5174 redundavit.
2822 5119 2981 5186 Quod
3016 5119 3122 5173 hoc
3150 5120 3273 5174 loco
3307 5118 3468 5175 facile
3503 5137 3530 5174 a

1932 5215 2092 5269 nobis
2122 5213 2300 5267 lector
2324 5211 2611 5280 intelliget.

1999 5303 2058 5357 lu
2091 5304 2231 5357 libro
2259 5317 2293 5355 v
2321 5301 2393 5355 De
2415 5301 2614 5354 emend.
2641 5308 2821 5367 temp.,
2856 5315 2979 5370 pag.
3006 5300 3130 5368 467,
3155 5315 3277 5370 cap.
3297 5298 3372 5355 De
3406 5319 3530 5371 per-

1929 5396 2211 5451 sccutione
2249 5392 2592 5453 Diocletiani.
2626 5392 2730 5445 hoc
2773 5392 2918 5445 velut
2955 5391 3370 5447 fitndamcntum
3405 5391 3529 5449 dis-

1927 5484 2226 5555 putationis
2256 5482 2436 5552 posuit
2466 5499 2478 5535 :
2512 5480 2733 5535 Decimo
2764 5496 2911 5536 nono
2948 5482 3294 5549 Diocletiani,
3345 5498 3532 5541 mense

1928 5575 2143 5641 Martio,
2175 5574 2228 5626 in
2260 5573 2453 5627 diebus
2495 5570 2741 5636 Pasclim,
2780 5573 3060 5631 Ecclesias
3108 5576 3289 5631 edicto
3345 5576 3519 5647 impp.

1925 5682 2050 5723 esse
2104 5665 2423 5728 Subversas,
2486 5662 2723 5720 Eusebio
2757 5668 2933 5721 'tcste.
2974 5663 3053 5719 Ex
3108 5682 3217 5737 quo
3267 5667 3413 5724 hunc
3468 5684 3527 5725 tn

1925 5761 2149 5815 modum
2183 5772 2647 5835 argumentatur:
2688 5763 2755 5817 Ut
2794 5760 3003 5815 Pascha
3042 5760 3094 5813 in
3130 5759 3386 5814 Martium
3431 5761 3520 5814 in-

1928 5854 2145 5921 cideret,
2192 5871 2292 5909 non
2326 5857 2501 5926 potuit
2552 5857 2810 5919 accidere,
2850 5854 2953 5907 nisi
2988 5856 3243 5912 terminus
3300 5852 3526 5921 pascitu-
