3920 6412
464 451 570 505 575

1599 445 1942 502 APPENDIX
1981 444 2610 503 DISSERTATIONUM.
3579 451 3661 508 576

463 569 528 620 lis
560 565 746 635 fuisset
781 566 834 619 in
881 563 1102 620 Martio.
1149 565 1270 619 Non
1314 565 1484 634 potuit
1518 567 1677 634 igitur
1736 565 2032 632 contingere
2068 593 2077 619 Α

2179 562 2254 613 an
2305 561 2508 624 πάθους
2549 564 2743 632 ἑορτῆς
2791 562 3025 616 initium.
3080 561 3262 632 Neque
3314 564 3451 617 enim
3483 579 3668 621 necesse

462 657 606 724 cyclo
639 657 832 724 primo,
889 674 1048 724 neque
1097 658 1286 719 tertio;
1329 658 1541 726 contigit
1589 672 1709 722 ergo
1761 655 1906 721 cyclo
1963 669 2043 707 se-

461 748 655 800 cundo.
695 747 972 801 Terminus
1020 749 1286 814 paschalis
1344 763 1448 800 xxv
1495 745 1680 798 Martii
1717 761 1854 796 anno
1893 743 2047 796 Clari-

465 840 535 891 sti
565 839 692 899 505,
723 839 856 904 feria
895 853 934 902 ι,
973 838 1117 907 cyclo
1147 838 1272 890 solis
1311 853 1382 890 vi.
1429 837 1605 902 Quare
1640 834 1819 888 eodem
1879 834 1962 884 die
1999 843 2048 886 et

466 939 712 996 quartam
736 929 994 981 decimam
1024 969 1038 993 ,
1068 938 1114 980 et
1140 930 1335 995 pascha
1377 927 1704 980 celebrarunt
1731 941 1748 977 :
1776 923 1913 994 quod
1947 941 2050 976 non

471 1034 593 1069 raro
625 1018 782 1080 [iebat
818 1035 876 1070 eo
902 1027 1148 1083 tempore,
1177 1029 1297 1070 ante
1325 1017 1587 1069 decretum
1624 1016 1922 1069 .Nicwnum.
1963 1013 2053 1067 Est

469 1121 591 1172 ergo
634 1106 778 1156 locus
828 1105 1084 1166 illustris,
1139 1122 1240 1173 quo
1297 1105 1582 1172 probamus
1637 1115 1758 1158 ante
1802 1121 2053 1158 canonem

475 1193 750 1247 A’icwnunt
799 1195 987 1264 Πάσχα
1021 1197 1390 1264 ἀναστάσιμον
1422 1197 1748 1250 concurrisse
1791 1213 1908 1247 cum
1953 1206 2056 1248 ter-

421 1349 426 1352 .
474 1287 634 1338 mitto.
690 1285 830 1336 Tum
896 1301 1134 1338 errorem
1198 1287 1339 1352 apud
1392 1285 1685 1339 Eusebium
1733 1301 1856 1339 esse
1902 1285 2053 1338 dicit.

477 1372 599 1425 Non
621 1375 756 1424 enim
789 1390 925 1424 anno
951 1375 1121 1440 primo
1152 1373 1362 1442 Olymp.
1389 1375 1515 1435 ‘2“,
1549 1374 1638 1442 qui
1665 1375 1874 1442 quidem
1905 1375 2057 1441 capit

473 1482 502 1515 a
527 1464 672 1532 cyclo
707 1463 952 1524 secundo,
973 1463 1060 1516 sed
1079 1465 1257 1516 eodem
1277 1481 1414 1516 anno
1431 1463 1654 1517 Iuliano
1686 1465 1782 1516 hoc
1811 1465 2053 1532 contigit,

474 1573 505 1606 a
528 1555 679 1616 cuius
701 1553 882 1607 diebus
901 1555 1097 1608 a’stivis
1124 1544 1275 1622 carpit
1293 1571 1463 1607 annus
1482 1556 1682 1622 primus
1704 1554 1916 1622 Olymp.
1935 1554 2058 1607 571.

479 1644 662 1712 Itaque
681 1645 912 1697 nondum
941 1645 1221 1710 incwperat
1249 1661 1419 1697 annus
1440 1661 1530 1697 xxx
1561 1644 1896 1696 Diocletiani.
1935 1643 2065 1697 Dee-

477 1746 562 1786 rat
583 1737 721 1787 enim
747 1735 940 1788 mensis
973 1735 1041 1787 ad
1074 1736 1292 1796 Palilia,
1328 1734 1464 1786 unde
1486 1735 1696 1808 initium
1727 1733 2062 1786 Diocletiani.

480 1826 537 1878 ιιι
581 1824 1138 1878 Animadversionibus
1173 1840 1300 1879 vero
1341 1825 1406 1876 ad
1447 1839 1651 1877 annum
1679 1825 1842 1886 95H),
1885 1841 1950 1877 ex
2001 1839 2066 1877 eo

2148 662 2252 714 est,
2287 652 2430 723 quod
2462 652 2631 720 jaClttl
2669 651 2926 722 Scaliger,
2970 655 3024 705 in
3055 654 3284 706 termino
3314 653 3426 722 ipso
3465 656 3668 708 celebra.

2150 751 2266 794 tum
2307 743 2476 796 fuisse
2505 740 2737 796 PaScha.
2782 741 3003 796 Festum
3039 751 3217 796 autem
3247 743 3420 811 ipsum
3449 744 3622 812 Αριιιιε
3642 764 3665 799 v

2150 833 2426 886 convenit.
2462 831 2622 890 Vides
2666 848 2829 902 quant
2875 833 3090 902 egregie
3119 833 3298 886 omnia
3331 840 3577 896 constent,
3611 842 3676 888 at-

2150 937 2256 990 que
2288 929 2439 973 extra
2477 921 2876 991 Scaligeriauas
2916 921 3158 976 salebras
3211 921 3541 975 consistant:
3575 937 3674 976 nam

2154 1011 2474 1065 Diocletiani
2509 1012 2723 1064 initium
2766 1012 3082 1080 anticipavit
3122 1011 3402 1075 Eusebius,
3442 1019 3492 1064 et
3515 1027 3541 1063 a
3569 1027 3676 1066 neo-

2155 1101 2332 1155 Iueuia
2384 1103 2570 1167 Nisan,
2625 1103 2703 1155 vel
2760 1101 3040 1156 Paschalis
3099 1103 3300 1155 mensis
3352 1117 3540 1154 annum
3587 1103 3678 1169 ejus

2156 1207 2245 1244 χιιι
2283 1194 2573 1247 antevertit
2602 1212 2612 1243 :
2645 1193 2736 1258 qtti
2769 1193 2984 1260 quidem
3019 1193 3182 1260 carpit
3214 1209 3242 1244 ιι
3277 1191 3524 1245 Palilibus
3580 1194 3680 1244 anni

2157 1279 2281 1332 50-2.
2314 1280 2468 1345 Quod
2501 1281 2545 1333 si
2576 1296 2719 1334 anno
2755 1281 2872 1349 ipso
2903 1279 3218 1333 Diocletiani
3253 1280 3460 1334 labente
3491 1280 3537 1333 id
3566 1282 3680 1332 acci-

2159 1371 2306 1424 disse
2358 1371 2604 1433 velimus,
2650 1387 2934 1440 possemus
2987 1386 3131 1424 anno
3183 1373 3288 1424 505
3346 1371 3566 1423 tribuere
3600 1389 3610 1424 :
3645 1371 3684 1422 iu

2159 1478 2268 1532 quo
2296 1463 2448 1532 cyclo
2480 1464 2620 1514 luna:
2653 1478 2765 1526 xui,
2806 1462 2939 1517 solis
2980 1478 3051 1526 tv,
3085 1463 3259 1515 littera
3289 1461 3350 1523 C,
3393 1461 3684 1513 novilunium

2162 1571 2214 1608 vt
2241 1553 2418 1606 Martii
2450 1553 2702 1605 inciderit
2730 1570 2742 1604 :
2775 1551 2986 1605 decima
3011 1561 3204 1621 quarta
3241 1553 3386 1613 luna,
3417 1549 3578 1602 Martii
3603 1565 3685 1611 tu,

2164 1644 2294 1697 feria
2323 1659 2392 1703 γι,
2416 1642 2621 1698 Pascha
2653 1642 2830 1695 Martii
2865 1659 2976 1704 xxi,
3010 1644 3055 1696 si
3091 1643 3305 1709 quidem
3335 1639 3548 1693 Judaico
3573 1654 3690 1691 utare

2166 1734 2535 1786 embolimzeus
2585 1747 2759 1785 annus
2800 1732 2902 1784 iste
2948 1747 3056 1784 non
3089 1729 3288 1790 fuerit,
3331 1729 3558 1796 adeoque
3597 1736 3690 1780 ante

2167 1825 2575 1892 aequinoctium,
2613 1831 2670 1876 ut
2712 1838 3099 1892 nonnunquam
3135 1823 3240 1874 illis
3276 1820 3592 1888 temporibus
3621 1819 3690 1872 lie-

481 1917 622 1984 quod
652 1931 826 1970 annus
856 1917 1226 1971 Autiochenus
1247 1917 1298 1968 in
1330 1916 1544 1970 Eusebii
1573 1915 1830 1970 Chronico
1859 1917 1959 1970 251
1989 1918 2059 1970 sit
2093 1904 2133 1957 Β
2162 1913 2272 1974 bat,
2330 1911 2540 1966 Pascha
2593 1913 2924 1966 celebratum
2987 1911 3172 1963 fuerit.
3231 1908 3336 1962 Sed
3392 1906 3559 1960 verius
3609 1913 3692 1964 est.

482 2007 764 2075 appositus
800 2007 864 2058 ad
899 2023 987 2059 tux
1025 2006 1370 2068 Diocletiani,
1397 2006 1676 2059 concludit
1712 2021 1914 2058 annum
1938 2023 2060 2060 esse

483 2096 682 2150 Christi
714 2095 1100 2166 Dionysianum
1140 2098 1243 2148 505
1283 2112 1452 2149 aureo
1485 2111 1715 2150 numero
1768 2112 1880 2157 XIX,
1929 2096 2061 2150 solis

484 2187 637 2256 cyclo
664 2202 734 2239 IV.
767 2185 889 2238 Mox
924 2194 1104 2238 autem
1140 2185 1400 2248 titubans,
1440 2194 1603 2254 atque
1627 2193 1888 2248 aistuans,
1917 2183 2058 2253 quod

486 2293 670 2330 mense
705 2275 917 2340 Martio,
969 2286 1023 2329 et
1069 2277 1122 2329 in
1173 2275 1442 2330 Paschate
1479 2276 1529 2328 id
1561 2277 1830 2330 accidisse
1859 2275 2064 2329 scribat

489 2365 776 2428 Eusebius,
832 2366 886 2418 in
939 2366 1044 2419 501
1117 2367 1369 2420 conferre
1442 2368 1691 2430 videtur;
1774 2367 1881 2419 imo
1939 2383 2065 2420 vero

485 2457 646 2511 etiam
681 2457 733 2510 in
764 2458 888 2510 505.
929 2457 1036 2511 Sed
1071 2458 1180 2520 hic,
1225 2466 1282 2511 ut
1319 2460 1371 2510 in
1401 2459 1675 2528 plerisque
1712 2458 1858 2523 aliis,
1893 2457 2064 2511 Scali-

487 2559 617 2615 gero
638 2546 888 2614 contigit,
924 2553 983 2598 ut
1019 2545 1255 2600 Eusebio
1300 2546 1437 2600 l'alsa
1487 2546 1735 2614 quaedam
1784 2546 2065 2616 attingens,

491 2635 572 2685 sic
602 2642 862 2702 tauquam
905 2634 1110 2685 larvam
1156 2637 1448 2702 quamdam
1484 2634 1797 2699 fabricaret,
1833 2651 2067 2704 quacum

491 2733 711 2773 manum
769 2733 1120 2783 consereret;
1179 2737 1302 2773 nam
1354 2722 1498 2789 quod
1551 2721 1844 2777 Eusebium
1889 2723 2070 2778 dicere

494 2808 742 2871 allirmat,
799 2809 991 2878 Martio
1027 2826 1215 2864 mense
1261 2812 1378 2879 ipso
1410 2810 1696 2864 Paschalis
1727 2812 1958 2865 solemni
1984 2812 2073 2867 die

495 2900 833 2969 publicatum
877 2900 1009 2954 illud
1043 2901 1308 2965 edictum,
1352 2917 1620 2969 nusquam
1667 2902 1771 2956 hoc
1804 2901 2074 2956 Eusebius

494 2990 740 3059 scripsit.
800 2989 974 3060 llujus
1029 2993 1174 3046 enim
1223 2991 1388 3044 verba
1449 2993 1551 3045 ista
1605 3001 1734 3047 sunt
1796 2993 1890 3046 lib.
1952 3009 2070 3056 VIII,

495 3099 615 3153 cap.
649 3084 682 3136 5
711 3102 723 3135 ;
763 3085 919 3146 Ἔτος
944 3083 1103 3135 τοῦτο
1125 3081 1190 3155 ἦν
1219 3085 1702 3139 ἐννεακαιδέκατον
1725 3087 1824 3156 τῆς
1853 3087 2074 3155 Διοκλη-

2164 2021 2307 2058 anuo
2338 2004 2542 2058 Christi
2577 2004 2682 2056 5οἓ
2715 2004 3034 2073 contigisse.
3065 2002 3332 2056 Cteterum
3374 2015 3560 2052 annum
3601 1996 3697 2048 Diu-

2164 2096 2378 2148 clctiani
2408 2111 2496 2146 xix
2527 2094 2792 2149 Eusebius
2816 2111 2936 2148 cum
2957 2110 3100 2148 anno
3125 2101 3320 2162 quarto
3341 2091 3540 2162 Olymp.
3560 2104 3698 2142 ccut

2164 2187 2468 2254 conjunxit,
2505 2201 2610 2239 non
2636 2202 2760 2238 cum
2801 2187 2972 2253 primo
2995 2183 3382 2239 ducentesima:
3409 2180 3698 2251 septuagesi-

2167 2292 2267 2328 uuc
2296 2277 2501 2345 primat,
2528 2285 2585 2328 ut
2607 2283 2751 2343 putat
2774 2274 3033 2344 Scaliger.
3075 2273 3326 2326 videlicet
3349 2269 3698 2325 numer025l9.

2166 2367 2356 2422 Annus
2387 2375 2614 2437 quartus
2663 2365 2875 2436 Olymp.
2905 2365 3011 2419 270
3049 2365 3170 2418 iniit
3204 2380 3347 2417 anno
3381 2363 3567 2432 periodi
3605 2360 3691 2414 Jul.

2167 2460 2328 2524 5017,
2373 2459 2576 2513 Christi
2614 2457 2944 2528 Dionysiano
2992 2457 3118 2519 504,
3179 2455 3484 2510 EUSebiano
3513 2454 3621 2513 506,
3660 2461 3705 2503 ιιι

2169 2560 2252 2605 est
2296 2550 2349 2604 in
2388 2551 2771 2605 vetustissimis
2819 2548 3151 2602 editionibus
3181 2587 3195 2610 ,
3259 2563 3463 2600 necnon
3508 2555 3554 2598 et
3591 2542 3706 2596 Pon-

2172 2643 2299 2696 taci.
2351 2641 2405 2695 lu
2445 2641 2809 2712 Sealigeriaua
2863 2655 3016 2703 vero,
3075 2639 3199 2691 504.
3254 2639 3356 2692 Sed
3391 2647 3567 2706 praeter
3606 2650 3704 2704 pro-

2172 2734 2546 2786 chrouismum
2594 2734 2723 2786 anni
2779 2731 2961 2793 unius,
3003 2745 3111 2800 quo
3171 2729 3543 2800 Dionysiauam
3575 2741 3704 2781 teram

2175 2822 2480 2875 Eusebiana
2513 2822 2790 2890 praecedit,
2825 2837 3000 2874 anuus
3050 2821 3186 2873 alter
3221 2823 3518 2874 inculcatas
3553 2826 3640 2874 est.
3666 2826 3709 2868 ct

2177 2909 2264 2962 hic
2307 2924 2484 2962 annus
2521 2919 2662 2961 esset.
2706 2909 2828 2967 506,
2863 2910 2953 2976 qui
3005 2908 3107 2961 505
3136 2924 3261 2962 esse
3305 2910 3501 2967 debuit,
3550 2907 3706 2973 Diony-

2178 3001 2366 3055 sianus
2401 3015 2528 3054 vero
2571 2999 2695 3053 504.
2730 3001 2794 3052 Et
2836 3001 3076 3068 alioquin
3123 3000 3391 3054 Eusebius
3442 2994 3709 3051 Diocletiani

2177 3092 2438 3161 epocham
2471 3106 2580 3145 uno
2611 3107 2754 3145 anno
2780 3090 2990 3143 tardius
3022 3099 3404 3158 repraesentat;
3437 3103 3549 3140 nam
3577 3083 3714 3138 asoti-

495 3173 675 3226 τιανοῦ
707 3174 1011 3243 βασιλείαςο
1043 3174 1278 3246 Δύστρος
1312 3177 1440 3246 μήν.
1484 3175 1710 3243 Λέγοιτο
1742 3176 1786 3228 δ’
1819 3177 1884 3228 ἂν
1922 3169 2075 3239 οὗτος

499 3266 581 3276 --.
905 3267 915 3276 .
993 3267 1047 3276 ._
1191 3268 1201 3276 .
1369 3270 1379 3276 .
1468 3259 1492 3276 τ
1588 3268 1610 3276 -
1751 3267 1772 3275 -
2002 3268 2012 3276 .

2181 3183 2260 3237 bit
2295 3197 2494 3243 annum
2546 3181 2692 3236 illius
2747 3182 2981 3249 primum
3040 3181 3108 3233 ad
3160 3181 3373 3252 Olymp.
3418 3179 3515 3232 266
3550 3188 3713 3228 annum

497 3266 741 3336 Μάρτιος
787 3267 929 3319 κατὰ
993 3267 1328 3334 Ῥωμαίουςσ
1364 3270 1421 3318 ἐν
1460 3259 1504 3333 ᾧ
1552 3268 1648 3336 τῆς
1683 3267 1775 3319 τοῦ
1808 3268 2075 3338 σωτηρίου

498 3357 704 3420 πάθους
730 3358 920 3428 ἑορτῆς
949 3357 1364 3427 εἰσελαυνούσης
1394 3358 1614 3427 ἥπλωτο
1642 3360 1947 3428 πανταχόσε
1983 3359 2078 3428 βα-

501 3447 682 3501 σιλικὰ
716 3449 1038 3519 γράμματα,
1079 3459 1184 3502 etc.
1233 3451 1416 3501 Annus
1463 3461 1576 3502 erat
1626 3451 1723 3502 iste
1763 3449 2079 3504 Diocletiani

505 3555 615 3594 six.
646 3543 837 3592 mensis
877 3541 1123 3607 Dystras,
1169 3542 1259 3608 qui
1305 3540 1664 3592 llarnanorum
1717 3541 1916 3594 Martio
1991 3560 2072 3596 re-

506 3628 750 3694 spondet.
781 3627 848 3681 1η
873 3645 972 3696 quo
1003 3630 1296 3697 salutifera:
1329 3630 1606 3684 Passionis
1655 3642 1923 3700 appetente
1949 3635 2081 3702 [esto

507 3719 695 3787 ubique
725 3719 1065 3786 imperatoria
1105 3721 1277 3772 edicta
1309 3722 1581 3789 proposita
1607 3722 1834 3789 fuerant.

582 3808 742 3867 Falso
790 3811 972 3879 itaque
1013 3811 1106 3864 lib.
1145 3828 1176 3865 ν
1214 3811 1289 3864 De
1323 3811 1520 3866 emend.
1579 3815 1870 3883 scripsisse
1920 3816 2087 3871 refert

510 3899 802 3955 Eusebium
859 3902 958 3971 τῆς
1009 3902 1200 3972 ἑορτῆς
1249 3901 1343 3954 τοῦ
1401 3904 1592 3973 Πάσχα
1639 3905 2082 3976 εἰσελαυνούσης,

510 3991 668 4058 quasi
715 3991 922 4047 Pascha
988 4009 1210 4048 necesse
1267 3993 1338 4048 sit
1397 3993 1452 4046 in
1506 3994 1754 4050 Martium
1806 3998 2084 4054 incidisse.

510 4080 724 4136 Etenim
765 4083 831 4136 de
880 4083 1218 4137 solemnibus
1269 4084 1461 4138 diebus
1511 4085 1790 4140 Passionis
1827 4088 2086 4155 loquitur,

512 4172 627 4225 sive
675 4171 1028 4226 hebdomade.
1067 4171 1338 4241 paschali,
1393 4188 1514 4242 qua:
1562 4173 1771 4228 Pascha
1834 4191 2132 4245 nonnun-_

511 4277 674 4330 quam
709 4265 1031 4333 appellatur,
1062 4274 1120 4317 ut
1161 4266 1230 4320 ad
1269 4266 1389 4320 tidei
1419 4265 1846 4332 Prolessionem,
1877 4284 1998 4337 quae
2034 4270 2086 4322 in

513 4353 663 4406 calce
714 4353 876 4422 primi
912 4356 1042 4408 tumi
1085 4364 1286 4419 exstat,
1325 4357 1726 4412 adnotavimus.
1772 4357 1924 4413 Unde
1967 4362 2094 4414 licet

515 4439 798 4496 Paschalis
839 4459 1034 4497 nomen
1085 4443 1353 4498 Eusebius
1402 4447 1753 4514 exprimeret,
1805 4464 1914 4502 non
1975 4451 2096 4504 ideo

2179 3275 2437 3344 primum,
2469 3273 2563 3342 qui
2600 3287 2715 3341 per.
2760 3269 2869 3325 Jul.
2920 3270 3062 3324 4998
3104 3273 3293 3340 erepit,
3332 3268 3524 3322 Christi
3555 3267 3713 3331 Diony-

2179 3368 2333 3421 siano
2379 3365 2512 3428 285;
2573 3379 2696 3416 cum
2745 3363 3020 3432 superiori
3071 3372 3364 3431 competat,
3414 3373 3548 3412 anno
3590 3354 3716 3408 tcrlio

2179 3455 2392 3526 Olymp.
2431 3455 2539 3508 265
2568 3455 2802 3516 labente,
2837 3453 3012 3506 tribus
3053 3453 3340 3506 mensibus
3384 3459 3503 3503 ante
3541 3445 3716 3498 initiutn

2182 3545 2381 3613 quarti.
2418 3543 2571 3598 Unde
2604 3543 2927 3598 Diocletiani
2958 3557 3133 3594 annus
3160 3558 3252 3595 χιι
3287 3558 3408 3596 cum
3439 3552 3569 3592 anno
3593 3541 3717 3587 tertio

2184 3633 2399 3703 Olymp.
2435 3633 2541 3686 270
2575 3641 2944 3701 comparatur,
2985 3634 3076 3701 qui
3112 3647 3238 3685 cum
3299 3629 3530 3686 Sccundo
3575 3622 3718 3694 potius

2185 3724 2430 3792 copulari
2462 3724 2667 3777 debuit.
2703 3723 2878 3792 Coepit
2913 3723 3056 3776 enim
3101 3723 3185 3775 hic
3223 3738 3368 3774 anno
3397 3716 3582 3772 tlbris!i
3617 3709 3718 3772 9.09.

2189 3815 2362 3868 tribus
2392 3815 2670 3868 mensibus
2703 3816 2926 3874 exactis
2958 3814 3026 3866 ab
3063 3813 3218 3866 initio
3265 3812 3392 3865 anni
3425 3825 3511 3864 xu
3549 3802 3723 3857 Diocle-

2190 3908 2341 3960 tiani.
2383 3905 2486 3960 Sed
2519 3906 2572 3960 in
2629 3907 2786 3961 annis
2815 3904 3018 3958 Christi
3053 3903 3375 3959 Eusebianis
3405 3902 3589 3953 frustra
3621 3907 3724 3946 con-

2189 3997 2488 4062 ﬂictamur;
2540 4011 2679 4064 quos
2717 4010 2746 4046 a
2792 3995 3030 4049 librariis
3071 3993 3326 4054 intextos,
3359 4007 3464 4044 non
3493 3988 3555 4042 ab
3583 3982 3724 4037 Eusc-

2191 4089 2280 4142 bio
2323 4089 2459 4157 ipso,
2489 4088 2589 4141 viri
2622 4087 2765 4140 docti
2800 4086 2992 4138 merito
3027 4085 3376 4154 persuadent.

2265 4178 2525 4247 Superest
2579 4193 2756 4230 anuus
2812 4176 3218 4237 Antiochenus,
3270 4174 3362 4243 qui
3435 4168 3725 4235 Scaligerum

2196 4271 2331 4323 adeo
2353 4268 2661 4323 conturbat.
2683 4267 2829 4321 Aine
2853 4268 3200 4320 Antiochena-
3223 4263 3567 4334 primordium
3594 4265 3724 4309 XLVIII

2198 4360 2388 4413 solidis
2423 4358 2582 4411 annis
2611 4357 2994 4427 Dionysianam
3042 4372 3205 4409 seram
3255 4352 3538 4409 antecedit.
3573 4342 3728 4400 lncidil

2197 4448 2341 4501 enim
2383 4449 2435 4501 in
2475 4464 2676 4502 almum
2714 4464 2828 4517 per.
2860 4446 2968 4500 Jul.
3023 4446 3181 4508 4666,
3213 4462 3276 4498 ex
3310 4442 3596 4514 posteriore
3627 4434 3728 4486 Scil-

518 4530 716 4584 festum
761 4532 936 4600 ipsum
969 4533 1164 4586 Martio
1214 4551 1398 4587 mense
1441 4537 1737 4604 contigisse
1779 4541 2094 4594 necessario
2125 4535 2172 4592 D
2200 4538 2351 4606 ligcri
2393 4539 2659 4591 sententia
2694 4537 2748 4588 in
2783 4535 3145 4588 Animadvers.
3179 4543 3233 4588 et
3268 4531 3410 4600 lsag.
3440 4545 3550 4582 can.
3585 4523 3729 4588 Quam

518 4622 770 4674 concludi
803 4631 1006 4690 posset,
1041 4627 1338 4690 praesertim
1369 4639 1492 4677 cum
1520 4625 1957 4696 εἰσελαυνούσης,
1994 4630 2096 4683 hoc

519 4717 604 4762 est
657 4718 940 4776 appetente,
992 4710 1464 4777 appropinquante,
1519 4711 1817 4780 scripserit.
1869 4711 1925 4764 lu
1989 4714 2098 4765 fra-

521 4800 778 4870 gmentis,
813 4815 936 4869 qua:
972 4800 1025 4852 in
1063 4801 1157 4853 lib.
1187 4815 1279 4852 vni
1326 4801 1390 4854 ad
1442 4801 1646 4856 calcem
1677 4802 1922 4872 conjecta
1950 4815 2094 4870 sunt,

520 4889 654 4944 edit.
699 4889 836 4943 Rob.
874 4889 1062 4959 Steph.
1122 4889 1213 4943 fol.
1264 4890 1353 4953 91,
1389 4907 1510 4960 pag.
1554 4891 1608 4955 ἓ,
1643 4892 1783 4947 idem
1823 4895 1912 4948 ille
1948 4897 2099 4952 locus

522 4982 593 5034 ita
625 4981 972 5049 concipitur:
1007 4981 1165 5044 Ἔτος
1207 4980 1363 5034 τοῦτο
1398 4977 1464 5052 ἦν
1499 4984 1972 5038 ἐννεακαιδέκατον
2002 4987 2100 5056 τῆς

521 5071 902 5142 Διοκλητιανοῠ
941 5071 1238 5142 βασιλείας,
1270 5072 1530 5136 Ξανθικὸς
1561 5075 1688 5146 μὴν,
1711 5074 1769 5138 ὃς
1799 5074 2007 5144 λέγοιτο
2038 5077 2101 5130 ἂν

535 5162 840 5232 Ἀπρξλλιος
895 5162 1034 5215 κατὰ
1073 5163 1396 5234 Ῥωμαίους.
1429 5163 1526 5218 llic
1575 5165 1748 5234 Aprili
1799 5182 1986 5222 mense
2024 5167 2097 5220 fa-

523 5263 670 5307 ctum
714 5254 844 5306 illud
880 5256 1076 5308 asserit
1109 5273 1122 5308 :
1163 5272 1354 5324 nempe
1392 5255 1536 5324 quod
1575 5256 1870 5313 hebdomas
1914 5268 2102 5313 sancta

527 5359 811 5412 utriusque
859 5345 1062 5399 mensis
1104 5355 1313 5413 partem
1357 5345 1594 5414 aliquam
1637 5345 1930 5416 decerpsit.
1979 5331 2104 5402 Fuit

527 5435 614 5488 hic
648 5450 821 5490 annus
853 5433 1056 5488 Christi
1081 5436 1206 5498 502,
1231 5436 1382 5506 cyclo
1416 5437 1557 5490 luna:
1588 5453 1739 5501 ιινιιι,
1766 5439 1996 5502 solism,
2022 5440 2101 5493 lit.

531 5525 593 5586 D,
623 5526 956 5578 novilunium
996 5524 1258 5580 Paschale
1296 5524 1594 5590 Nicmuum,
1638 5526 1815 5580 Martii
1853 5544 1960 5580 xvi.
2000 5529 2103 5582 Sed

531 5614 849 5668 Diocletiani
878 5625 1119 5685 tempore
1141 5616 1317 5670 adhuc
1345 5617 1592 5671 fortassis
1614 5617 1856 5672 haerebat
1885 5620 1936 5671 in
1972 5634 2102 5671 xvu.

532 5705 700 5772 Igitur
720 5707 1122 5775 quartadecima
1146 5705 1426 5762 Paschalis
1455 5707 1630 5761 Martii
1650 5709 1909 5764 vicesimo
1939 5724 2103 5774 nono,

540 5791 837 5860 Dominica,
883 5801 966 5856 vel
1011 5801 1309 5865 tricesimo,
1357 5800 1492 5854 feria
1536 5816 1593 5854 ιι.
1633 5800 1768 5855 lline
1801 5801 1894 5855 τοῦ
1927 5819 2106 5874 σωτηκ

2204 4646 2348 4682 anno
2387 4645 2500 4696 per.
2536 4628 2642 4682 Jul.
2682 4628 2842 4692 5015,
2875 4626 3077 4681 Christi
3132 4624 3458 4694 Dionysiano
3498 4618 3610 4678 50-2,
3642 4622 3729 4664 cm-

2204 4718 2282 4786 pit
2311 4731 2487 4770 annus
2517 4715 2977 4770 Antiochenorum
3009 4714 3114 4766 550
3143 4714 3210 4767 ab
3237 4709 3451 4765 Octobri
3476 4724 3489 4770 ;
3512 4705 3598 4759 551
3631 4710 3730 4752 vero

2205 4823 2349 4859 anno
2394 4806 2722 4877 Dionysiano
2757 4805 2880 4858 505.
2917 4803 3122 4856 Idcirco
3161 4801 3443 4854 manifesta
3477 4803 3554 4849 est
3592 4791 3734 4843 Eusc-

2205 4901 2277 4954 bii
2335 4900 2481 4953 labes
2537 4907 2645 4952 tam
2698 4899 2752 4951 in
2800 4913 2906 4950 mra
2940 4895 3254 4950 Diocletiani
3305 4905 3464 4962 quam
3504 4888 3553 4940 in
3578 4880 3734 4937 Antio-

2208 4991 2400 5044 chena.
2451 4991 2640 5042 Annus
2688 4986 3006 5042 Diocletiani
3046 4985 3346 5052 xIx-cmpit
3393 4994 3531 5033 anno
3576 4971 3733 5026 Antio—

2208 5081 2380 5135 ehcuo
2412 5079 2516 5132 549
2547 5079 2724 5131 adhuc
2763 5078 2994 5138 labente,
3030 5090 3094 5128 ac
3146 5083 3265 5142 post
3312 5085 3518 5124 menses
3558 5065 3654 5118 fere
3695 5070 3732 5106 γι

2210 5169 2330 5222 iniit
2371 5183 2545 5221 anuus
2590 5166 3050 5218 Antiocheuorum
3108 5162 3228 5217 550.
3283 5161 3376 5213 Est
3425 5158 3577 5228 igitur
3604 5150 3735 5204 unus

2211 5260 2339 5313 anni
2400 5257 2843 5328 prochronismus
2903 5255 3043 5324 apud
3119 5253 3443 5314 Eusebium,
3501 5244 3583 5315 qui
3637 5249 3735 5290 (ῐιηη

2212 5366 2354 5402 muro
2389 5364 2478 5400 six
2510 5345 2825 5400 Diocletiani
2860 5347 3135 5397 connectit
3167 5356 3367 5394 annum
3401 5339 3519 5392 551.

2281 5441 2358 5492 Ad
2390 5453 2656 5493 summam
2702 5435 3014 5489 Diocletiani
3059 5435 3330 5487 horribilis
3360 5433 3442 5485 illa
3475 5415 3736 5500 persecutio

2212 5529 2376 5598 ccepit
2399 5545 2540 5581 anno
2567 5526 2808 5596 ejusdem
2843 5541 2974 5580 xvm
2995 5534 3246 5590 exeunte,
3272 5525 3349 5577 vel
3372 5525 3575 5575 ineunte
3611 5518 3734 5606 xli}

2214 5618 2443 5675 Kalend.
2478 5618 2598 5672 Jan.
2644 5626 2738 5670 aut
2793 5617 3024 5680 Martiis,
3051 5618 3252 5672 Christi
3300 5613 3609 5682 Dionysiano

2217 5712 2369 5766 Unde
2397 5709 2612 5764 nonnisi
2641 5709 2917 5763 biennium
2944 5709 3308 5762 Diocletianus
3334 5705 3471 5757 illaut
3498 5697 3733 5788 CXt‘l‘t‘ttltE

2218 5800 2436 5857 tametsi
2475 5815 2503 5854 a
2543 5800 2757 5854 Galerio
2809 5797 3135 5853 Maximiano
3187 5796 3410 5865 aliisque
3462 5780 3734 5841 υἱυοίειῖθιιί
