3920 6412
164 331 244 387 m“:
1051 325 1138 379 DE
1176 323 1613 382 ROMANORUM
1651 325 1832 380 IMPP.
1870 324 2381 384 CHRONOLOCIA.
3263 335 3332 390 57

156 452 199 500 et
221 438 492 497 Maximiani
530 434 770 492 Ilerculii
821 437 1236 493 successoribus
1280 443 1575 508 propagata
1608 437 1683 492 sil.
1712 443 1756 499 Α
1785 446 1887 492 est.
1920 437 2113 509 Itaque
2154 440 2542 495 Maximianum
2572 439 2887 497 llerculium
2920 457 3046 498 rum
3074 442 3369 502 Maximino

154 537 206 592 ad
229 545 375 588 annos
392 529 586 600 plures,
620 528 722 583 hoc
746 537 829 585 est
859 529 927 583 ad
967 528 1093 594 511,
1135 535 1196 583 ut
1220 529 1477 599 opinatur
1499 528 1670 583 Baro-

151 627 266 679 nius.
310 622 377 676 Ex
401 635 504 692 quo
530 627 744 676 constat
771 635 990 677 errasse
1040 627 1314 687 nostrum,
1340 622 1455 690 qui,
1496 622 1670 690 impe-

149 723 273 770 rante
298 711 632 775 Diocletiano,
667 726 841 767 annos
880 719 1022 768 totos
1054 727 1154 775 xu,
1201 712 1305 766 hoc
1347 720 1432 767 est
1478 720 1674 781 praeter

145 819 301 866 unum.
322 818 496 858 omnes
524 803 670 860 illius
700 804 917 874 imperii
948 819 1138 883 annos.
1154 817 1455 873 occupasse
1485 803 1670 857 tradit.

196 894 289 949 Kal
307 895 536 949 παύεται
562 894 673 964 τῆς
686 896 1013 963 βασιλείας
1039 895 1485 963 οὐαιτρανισας.
1514 896 1673 949 Anno

142 985 307 1039 tihristi
361 985 473 1049 504,
535 987 657 1055 ipso
736 984 808 1039 IX
864 993 919 1042 et
971 985 1304 1042 Maximiano
1360 984 1474 1040 Vill
1522 1001 1669 1041 coss.

141 1077 414 1146 Quanquam
448 1077 606 1132 ambo
657 1078 855 1134 iterum
899 1079 1155 1135 consules
1198 1077 1370 1134 fuisse
1423 1078 1669 1149 lcgantur

140 1183 256 1222 anno
280 1168 393 1230 508,
426 1168 529 1223 nisi
567 1169 817 1225 mendosi
854 1171 966 1226 sint
1010 1169 1188 1235 Fasti,
1233 1169 1378 1241 quod
1413 1169 1674 1240 quemad-

140 1255 319 1309 modum
347 1256 635 1323 acciderit,
685 1273 1149 1328 supervacaneum
1196 1268 1282 1316 est
1312 1275 1575 1330 quaerere.
1609 1260 1673 1314 Et

140 1348 272 1401 varia:
299 1345 647 1404 divinationes
682 1364 806 1405 esse
852 1357 1104 1421 possunt,
1133 1365 1271 1420 quas
1320 1352 1452 1405 nihil
1485 1366 1669 1406 mora-

136 1453 249 1491 mur.
291 1438 627 1494 Observanda
663 1456 827 1510 porro
869 1458 970 1497 vox
1017 1450 1122 1505 est,
1169 1458 1276 1513 qua
1330 1442 1671 1514 Epiphanius

137 1532 294 1595 utitur,
339 1531 734 1602 οὐαιτρανίσας,
787 1534 933 1603 quod
991 1534 1127 1588 nihil
1189 1534 1337 1589 aliud
1399 1535 1671 1607 signiﬁcat

131 1635 262 1689 quam
291 1627 656 1677 veteranorum
691 1623 864 1679 instar
899 1627 1243 1680 vocationem
1276 1626 1382 1682 sibi
1427 1641 1667 1692 sumere,

133 1726 181 1765 ac
205 1711 462 1779 secedere;
489 1713 639 1783 quod
675 1716 999 1770 vocabulum
1035 1717 1300 1773 hactenus
1338 1718 1393 1772 iit
1427 1717 1667 1775 Onoma-

129 1803 255 1857 sticis
279 1804 681 1860 mistobarbaris
709 1805 1073 1863 desideratur.

181 1897 519 1965 Μαξιμιανὸς
551 1897 623 1951 δὲ
643 1899 811 1965 κακῷ
835 1900 1017 1969 μόρῳ.
1054 1900 1129 1955 De
1168 1899 1500 1957 Maximiano
1534 1902 1668 1957 Her-

125 1987 241 2040 culio
270 1987 579 2044 Diocletiani
616 1990 824 2061 collega
876 1992 1023 2061 loqui
1056 2007 1116 2047 se
1158 1994 1393 2060 putavit,
1443 2004 1496 2049 et
1535 2008 1667 2048 vero

124 2077 275 2132 debuit
302 2079 668 2150 Epiphanius;
697 2081 793 2136 sed
813 2087 959 2152 quod
981 2084 1085 2138 hoc
1103 2084 1224 2139 loco
1246 2090 1457 2151 narrat,
1486 2084 1664 2139 neutri

124 2167 446 2236 Maximiano,
492 2172 592 2228 sed
644 2171 939 2228 Maximino
976 2176 1227 2246 contigit.
1279 2174 1666 2246 Saepenumero

121 2256 264 2312 Graeci
294 2262 583 2329 scriptores
608 2260 971 2319 Maximiano;
993 2262 1137 2320 duos
1171 2262 1428 2329 invicem,
1463 2271 1663 2320 etcum

122 2350 375 2409 Maximino
419 2353 791 2413 confundunt.
837 2355 969 2422 Quae
1013 2371 1102 2412 res
1144 2357 1310 2413 etiam
1358 2357 1664 2411 attentissi-

121 2455 237 2495 mum
262 2444 502 2500 lectorem
565 2448 824 2501 frustrari
854 2446 1049 2515 possit.
1082 2445 1458 2502 Diocletianus
1479 2453 1534 2501 et
1560 2446 1665 2501 Ma-

119 2532 348 2590 ximianus
384 2536 676 2593 Herculius
707 2538 1089 2592 Constantium
1146 2537 1406 2593 Chiorum
1462 2544 1519 2592 et
1556 2536 1662 2592 Ga-

121 2622 278 2680 lerium
308 2626 698 2684 Maximianum
732 2629 1134 2683 Armentarium
1166 2624 1413 2684 Caesares
1438 2637 1659 2682 creant:

118 2714 189 2781 qui
212 2727 322 2786 post
342 2719 561 2775 illorum
600 2720 971 2777 secessionem
999 2721 1232 2790 Augusti
1262 2735 1327 2775 ex
1350 2719 1663 2775 Cmsaribus

121 2804 234 2862 iacti.
265 2808 505 2867 Galerius
534 2812 905 2868 Maximianus
933 2813 1071 2867 duos
1098 2812 1344 2867 Caesares
1377 2812 1663 2867 constituit

117 2911 323 2956 sororum
372 2903 546 2970 ﬁlios,
602 2904 666 2960 C.
711 2903 988 2960 Galerium
1046 2902 1440 2965 Maximinum,
1497 2917 1661 2973 quem

117 2988 285 3045 Orienti
336 2995 583 3065 praefecit
610 3036 626 3063 ,
667 3003 721 3051 et
760 2995 830 3049 M.
873 2995 1155 3050 Aurelium
1216 2994 1476 3050 Severum
1502 3035 1517 3057 ,
1573 2993 1661 3047 cui

118 3081 417 3141 Occidentem
451 3086 734 3159 permisit.
773 3085 1013 3141 Severus
1042 3087 1225 3141 Caesar
1257 3102 1285 3139 a
1312 3085 1530 3139 Galerio
1556 3083 1660 3137 Mar
1685 3120 1732 3179 ϐ

117 3174 315 3232 ximiano
343 3186 533 3233 contra
579 3178 919 3234 Maxentium
962 3180 1166 3233 missus
1196 3176 1470 3231 Ravennae
1509 3176 1660 3231 occi-

115 3266 246 3337 ditur,
278 3272 345 3325 ait
384 3270 667 3328 Eusebius
696 3272 748 3325 in
779 3270 1040 3325 Chronico
1062 3310 1078 3335 ,
1122 3267 1309 3325 Victor
1342 3269 1397 3322 in
1429 3267 1661 3323 Ctesari~

113 3358 206 3422 bus,
246 3370 292 3416 et
325 3364 433 3419 alii.
475 3362 856 3419 Maximianus
899 3361 1192 3417 llerculius
1237 3368 1519 3428 resumpto
1559 3358 1662 3411 im-

113 3448 253 3511 peric,
292 3463 401 3504 cum
447 3450 691 3506 insidias
724 3449 1087 3507 Constantino
1138 3462 1338 3518 genero
1384 3455 1655 3512 strueret,

111 3534 319 3593 Massiliae
339 3549 420 3596 est
439 3545 698 3604 occisus,
727 3556 836 3595 non
867 3541 1049 3604 Tarsi,
1079 3548 1134 3592 ut
1160 3538 1414 3592 Zosimus
1444 3536 1654 3591 scribit.

112 3620 315 3683 Galerius
337 3630 714 3686 Maximianus
737 3630 1087 3685 Christianos
1119 3627 1507 3683 crudelissime
1543 3643 1659 3698 per-

112 3726 307 3784 secutus,
335 3723 694 3795 consumptis
725 3722 1058 3793 genitalibus
1090 3720 1311 3783 defecit,
1343 3721 1419 3773 ait
1448 3718 1654 3773 Victor.

111 3807 244 3877 Hujus
274 3812 714 3871 l'unestissimam
753 3824 984 3869 mortem
1031 3829 1096 3867 ac
1145 3812 1411 3866 divinitus
1444 3811 1651 3865 immis-

103 3915 173 3957 sos
191 3909 448 3963 cruciatus
467 3906 731 3979 pluribus
751 3907 1070 3976 exsequitur
1095 3902 1363 3959 Eusebius
1396 3903 1490 3957 lib.
1529 3917 1652 3962 vm,

100 4007 194 4065 cap.
264 4000 365 4063 l8.
426 4008 481 4056 et
553 3998 652 4056 19.
718 3997 972 4053 Galerius
1041 3995 1369 4050 Maximinus
1433 3995 1503 4048 ab
1566 3992 1657 4047 Li-

96 4086 216 4143 cinio
243 4091 418 4148 victus
477 4107 545 4147 ac
582 4090 712 4147 dira
767 4090 891 4145 tabe
938 4096 1225 4158 correptus
1269 4086 1424 4143 Tarsi
1468 4086 1650 4156 periit.

102 4170 211 4234 Vide
245 4180 535 4238 Eusebium
574 4183 673 4238 lib.
716 4196 795 4245 Ix,
823 4196 946 4252 cap.
978 4179 1031 4235 8.
1098 4178 1200 4233 Ubi
1233 4177 1377 4248 quod
1412 4177 1655 4247 Epipha-

97 4267 201 4322 nius
227 4270 315 4332 ait.
349 4273 690 4347 ἑξεόολόήθη
724 4272 853 4335 τοὺς
886 4269 1219 4341 ὀφθαλμούς,
1258 4269 1340 4323 sic
1381 4275 1603 4323 enarrat
1635 4279 1651 4318 :

96 4358 388 4431 Προπηδῶσι
428 4366 529 4436 μὲν
557 4363 712 4434 αὐτῷ
735 4362 804 4417 τὰ
834 4361 1084 4433 ὄμματα,
1115 4360 1210 4414 καὶ
1241 4359 1336 4430 τῆς
1373 4358 1510 4422 ἰδίας
1555 4358 1655 4429 λή-

1782 532 2124 599 permiscuit.

1855 623 2112 689 Τούτους
2163 624 2649 692 τελευτήσαντας
2692 623 3045 695 διαδέχεται.
3100 626 3372 685 Consum;

1781 715 1897 769 tino
1939 714 2235 770 Chronica):
2281 717 2503 771 Eusebii
2545 718 2638 772 dat
2678 732 2851 771 annos
2894 734 3021 785 xxx,
3061 735 3276 777 menses
3313 738 3367 775 x.

1776 806 1847 859 At
1872 806 2011 861 idem
2043 806 2312 863 Eusebius
2337 807 2432 862 lib.
2469 824 2522 861 ιν
2557 808 2631 862 De
2660 809 2766 861 vita
2789 808 3153 874 Constantini,
3183 824 3235 865 c.
3265 814 3369 875 55,

1777 897 1855 950 ait
1876 898 2178 968 imperasse
2208 913 2384 953 annos
2412 915 2586 964 xxxii,
2617 900 2802 955 minus
2834 903 3025 970 paucis
3056 904 3363 959 mensibus:

1775 987 1986 1043 vixisse
2012 1002 2146 1042 vero
2198 988 2424 1058 duplum
2454 997 2692 1060 tempus.
2735 989 2993 1047 Socrates
3028 999 3084 1046 et
3111 990 3371 1049 Sozome-

1776 1093 1882 1133 nus
1930 1079 2218 1150 imperium
2257 1080 2416 1135 annis
2462 1096 2589 1135 xxxi
2654 1082 2961 1146 deﬁniunt,
3016 1085 3183 1138 vitam
3228 1099 3366 1139 va.

1777 1166 2145 1241 Hieronymus
2168 1169 2222 1223 in
2252 1170 2633 1240 supplemento
2662 1172 2877 1241 imperii
2912 1189 3059 1239 xxxi,
3094 1176 3220 1228 vitae
3241 1191 3366 1229 t.xvr

1776 1269 2066 1325 numerat,
2119 1262 2263 1331 quod
2308 1277 2375 1316 ex
2406 1261 2671 1332 Eutropio
2720 1264 3023 1318 transtulit.
3057 1264 3205 1320 Mors
3245 1267 3368 1335 ejus

1774 1351 2085 1405 indubitato
2126 1352 2444 1407 charactere
2492 1361 2732 1414 notatur,
2785 1367 2928 1405 anno
2960 1352 3167 1408 Christi
3224 1354 3363 1420 557,

1776 1444 2066 1498 undecimo
2092 1443 2322 1499 Kalend.
2352 1441 2522 1508 Junii,
2543 1444 2662 1514 ipso
2681 1444 2769 1498 die
2796 1442 3171 1509 Pentecostcs,
3206 1448 3363 1516 cyclo

1775 1533 1911 1589 Solis
1950 1550 2006 1601 ιι,
2045 1535 2227 1597 littera
2258 1533 2318 1599 Β,
2352 1533 2631 1589 Feliciano
2659 1545 2713 1588 et
2745 1533 2966 1589 Titiano
3012 1549 3158 1590 coss.
3206 1536 3365 1591 Errat

1774 1640 1905 1680 vero
1936 1625 2203 1698 Scaliger,
2236 1627 2328 1696 qui
2364 1626 2705 1680 tricesimum
2736 1627 2988 1695 explesse
3027 1635 3224 1697 negat;
3267 1627 3363 1682 sed

1775 1730 1951 1772 annos
1991 1718 2198 1773 solidos
2236 1706 2504 1771 duntaxat
2538 1717 2839 1786 imperasse
2866 1733 3017 1782 xxix,
3052 1733 3176 1772 cum
3211 1735 3363 1774 men-

1694 1788 1737 1844 B
1771 1809 1926 1865 sibus
1956 1826 2052 1874 vti,
2080 1808 2275 1865 diebus
2296 1826 2493 1873 xxvm,
2520 1825 2589 1864 ex
2622 1825 2673 1863 a.
2706 1809 2762 1863 d.
2790 1826 2883 1863 Vlll
2914 1809 3034 1863 Kal.
3069 1809 3191 1865 Oct.
3227 1810 3362 1880 Ejus

1768 1915 1899 1955 vero
1939 1900 2158 1955 initium
2206 1902 2402 1956 statuit
2435 1901 2490 1954 in
2535 1915 2680 1954 anno
2717 1900 2923 1955 Christi
2969 1899 3093 1955 507.
3146 1901 3266 1967 Quo
3294 1920 3361 1958 ex

1766 2007 1954 2048 errore
1978 1994 2161 2048 eaateri
2186 1994 2471 2065 prepagati
2496 2002 2624 2048 sunt
2646 1993 2714 2048 de
2736 1993 3099 2049 indictionum
3124 1994 3360 2064 origine,

1766 2083 1943 2152 deque
1969 2081 2202 2138 Nicaeum
2223 2084 2416 2155 synodi
2450 2090 2717 2152 tempore,
2739 2098 2862 2152 quae
2888 2092 3018 2137 sunt
3040 2085 3182 2154 apud
3208 2086 3359 2140 illum

1766 2172 2258 2243 depravatissima;
2306 2188 2433 2227 nam
2476 2183 2530 2227 et
2564 2172 2842 2227 Nica-nuut
2876 2174 3172 2228 concilium
3209 2176 3358 2229 cele-

1766 2264 1983 2318 bratum
2014 2273 2232 2319 constat
2264 2279 2411 2318 anno
2430 2265 2630 2319 Christi
2650 2265 2777 2326 525,
2806 2264 3032 2318 Paulino
3057 2275 3108 2318 et
3135 2264 3358 2319 Juliauo

1764 2366 1936 2417 coss.,
1969 2363 2023 2408 et
2043 2353 2234 2407 eodem
2263 2368 2430 2418 anno,
2464 2355 2680 2423 expleto
2708 2355 2968 2408 vicesimo
2999 2369 3166 2420 anno,
3205 2355 3356 2410 Con-

1765 2445 2067 2498 stantinum
2100 2444 2384 2500 Viennalia
2433 2446 2763 2501 celebrasse.
2815 2446 2971 2509 Quod
3008 2462 3354 2516 nequaquam

1764 2533 2082 2600 accidisset,
2132 2536 2179 2591 si
2224 2550 2371 2590 anno
2413 2537 2633 2590 demum
2681 2535 2883 2591 Christi
2927 2536 3032 2591 507
3075 2538 3353 2607 cmpisset.

1766 2622 2025 2678 Socrates
2073 2635 2350 2680 mortuum
2408 2626 2830 2681 Constantinum
2872 2643 2994 2682 esse
3034 2629 3168 2681 dicit
3211 2644 3356 2682 anno

1765 2715 2012 2769 secundo
2041 2716 2149 2771 278
2190 2716 2566 2788 Olympiadis;
2605 2718 2991 2773 Constantium
3032 2734 3164 2772 vero
3192 2718 3356 2773 Chlo-

1765 2820 1886 2860 rum
1918 2806 2128 2862 obiisse
2164 2823 2310 2861 anno
2340 2810 2521 2878 primo
2546 2806 2763 2879 Olymp.
2795 2809 2924 2872 271,
2955 2808 3086 2863 Julii
3121 2827 3248 2865 xxv.
3287 2810 3351 2865 Ut

1765 2895 1933 2965 igitur
1969 2896 2191 2951 ineunte
2232 2896 2553 2967 Olympiade
2598 2896 2699 2950 271
2749 2897 3142 2953 Constantinus
3191 2899 3339 2968 imper

1764 2989 1906 3042 rium
1940 2992 2169 3058 ceperit,
2218 3004 2343 3043 cum
2387 2974 2622 3044 exeunle
2664 3003 2809 3043 anno
2846 2989 3090 3044 secundo
3134 2988 3350 3059 Olymp.

1763 3080 1871 3133 278
1912 3091 2168 3134 mortuus
2211 3080 2305 3141 sit,
2351 3080 2594 3133 nondum
2640 3086 2748 3132 xxx
2796 3094 2973 3133 annos
3018 3080 3351 3147 expleverat.

1763 3170 1928 3239 Atqui
1977 3185 2107 3222 xxxi
2145 3168 2403 3223 Socrates
2451 3168 2721 3222 attribuit.
2754 3166 2914 3222 Falso
2960 3167 3126 3237 igitur
3166 3167 3350 3238 Olym-

1766 3262 1943 3331 piadis
1984 3261 2088 3314 278
2127 3276 2270 3314 anno
2318 3261 2561 3315 secundo
2606 3261 2817 3316 obitum
2870 3259 2991 3326 ejus
3036 3258 3347 3327 consignat.

1759 3354 1919 3406 Anno
1951 3352 2154 3406 Christi
2205 3352 2330 3416 557,
2370 3352 2484 3406 sive
2523 3366 2641 3421 per.
2668 3349 2775 3405 Jul.
2813 3350 2973 3415 5050,
3006 3351 3126 3404 iniit
3170 3366 3348 3403 annus

1760 3441 1920 3512 lphiti
1963 3442 2125 3505 1115,
2178 3444 2293 3496 sive
2338 3440 2554 3513 Olymp.
2591 3442 2698 3496 279
2750 3442 2960 3511 primus
3016 3450 3143 3494 ante
3187 3455 3347 3510 quem

1758 3542 2013 3590 mortuus
2058 3543 2143 3590 est
2182 3534 2601 3597 Constantinus,
2630 3542 2864 3588 exeunte
2900 3543 3095 3603 quarto
3131 3532 3347 3604 Olymp.

1756 3624 1887 3679 278.
1922 3623 2043 3678 Jam
2092 3640 2221 3679 vero
2259 3626 2303 3680 si
2335 3641 2400 3683 ex
2454 3623 2674 3680 Eusebii
2720 3625 3013 3688 sententia,
3049 3640 3170 3693 quae
3213 3640 3346 3694 pra:-

1759 3717 1987 3774 l'erenda
2022 3718 2248 3787 reliquis
2281 3715 2515 3782 videtur,
2553 3714 2953 3771 Constantinus
2982 3731 3132 3769 xxxii
3167 3730 3347 3771 annos

1756 3811 1952 3882 paucis
1973 3810 2221 3879 exceptis
2253 3809 2561 3874 mensibus,
2588 3808 2918 3879 impleverit,
2946 3808 3084 3862 adeo
3110 3819 3168 3861 ut
3199 3808 3346 3862 vice~

1756 3905 1933 3957 simus
1962 3902 2161 3956 tertius
2192 3901 2313 3968 ejus
2339 3899 2688 3953 inchoandus
2715 3899 2883 3953 fuerit
2911 3913 3058 3952 anno
3099 3900 3192 3952 illo
3218 3899 3344 3963 557,

1753 4007 1864 4063 quo
1904 3999 2156 4045 mortuus
2185 3999 2287 4053 est,
2326 4005 2673 4060 consequens
2704 3996 2809 4052 est,
2847 4005 3051 4043 annum
3089 3989 3210 4058 ejus
3241 3991 3356 4060 pri-

1754 4097 1903 4136 mum
1935 4066 2153 4136 cadere.
2177 4081 2233 4134 in
2268 4096 2472 4133 annum
2502 4078 2711 4135 Christi
2744 4080 2870 4146 505,
2909 4095 3018 4149 quo
3049 4097 3113 4135 ex
3150 4082 3342 4138 diebus
3378 4082 3381 4087 ’

1752 4172 1959 4227 testivi‘s
2012 4172 2177 4241 «cpit
2228 4185 2404 4224 annus
2453 4171 2665 4239 primus
2714 4168 3055 4240 Olympiadis
3103 4171 3241 4237 271;
3284 4173 3339 4226 in

1754 4278 1913 4335 quem
1951 4259 2204 4316 Socrates
2235 4260 2541 4314 Constantii
2583 4259 2767 4314 Chlori
2814 4268 3043 4337 mortem
3074 4260 3334 4315 contulit.

1753 4354 2124 4426 Panegyricus
2157 4351 2489 4407 Maximiano
2508 4360 2559 4406 et
2582 4351 2947 4406 Constantino
2982 4352 3246 4421 Augustis
3271 4352 3338 4406 ab

94 4448 209 4516 ξεως
230 4456 595 4524 ἀποπεσόντα,
644 4455 820 4528 πηρὸν
851 4454 1016 4507 αὐτὸν
1053 4452 1300 4522 ἀφίησιν.
1354 4448 1511 4504 Haud
1543 4448 1649 4503 du-

1763 4447 1970 4501 incerto
2025 4452 2252 4499 auctore
2307 4445 2487 4500 dictus
2538 4442 2833 4514 signiﬁcat,
2893 4442 3338 4505 Constantinum,

95 4541 168 4594 hia
206 4545 360 4615 igitur
401 4547 706 4620 Epiphanii
759 4553 844 4602 est
895 4545 1288 4608 hallucinatio,
1341 4543 1435 4612 qui
1481 4540 1652 4595 Maxi-

91 4634 253 4692 miano
284 4638 606 4697 Diocletiani
630 4638 873 4708 collegae,
894 4637 1000 4692 hoc
1031 4643 1116 4691 est
1170 4633 1424 4690 Herculio
1459 4633 1650 4688 tribuit

90 4738 195 4791 qua:
239 4727 528 4786 Maximino
585 4731 747 4784 Dazae
794 4727 998 4783 Galerii
1057 4724 1389 4780 Armentarii
1439 4724 1649 4779 sororis

90 4815 184 4871 lilio
218 4823 590 4893 contigerunt.
628 4820 755 4877 Htec
783 4835 848 4875 ex
883 4817 1126 4881 ,Victore,
1164 4816 1413 4882 Zosimo,
1450 4815 1649 4869 Eutro-

90 4909 185 4974 Ρῑο,
222 4909 449 4969 Eusebio
479 4915 725 4983 aliisque
758 4912 1099 4982 collegimus.

148 5007 510 5078 Καταλείψας
538 5006 816 5063 Λικίνιον
858 5003 957 5058 καὶ
998 5000 1438 5057 Κωνστὰντιον.
1480 4996 1648 5067 Atqui

93 5088 436 5166 Constantium
481 5114 615 5152 cum
683 5095 1020 5150 Diocletiano
1065 5098 1120 5148 et
1168 5087 1500 5143 Maximiano
1547 5101 1648 5140 xui

93 5193 242 5238 annos
281 5187 589 5259 imperasse
626 5184 857 5240 dixerat.
895 5180 1054 5248 Quod
1098 5188 1158 5234 ut
1192 5177 1415 5231 minime
1458 5189 1647 5232 verum

93 5278 184 5333 est,
213 5273 275 5327 ita
304 5277 496 5333 falsum
541 5275 742 5330 ambos
762 5275 886 5327 illos
910 5267 1394 5341 οὺαιτρανίσαντας
1426 5278 1649 5320 succes-

90 5374 221 5419 sorcs
258 5369 542 5441 reliquisse
606 5364 884 5420 Licinium
941 5370 996 5418 et
1046 5358 1465 5422 Constantium;
1520 5369 1647 5409 nam

84 5451 433 5515 Constantium
483 5459 761 5514 Chiorum
828 5463 883 5510 et
926 5452 1206 5508 Galerium
1255 5447 1646 5502 Maximianum

79 5542 169 5598 sibi
199 5548 605 5606 substituerent
636 5566 651 5601 :
681 5545 927 5602 Licinius
954 5551 1143 5614 postea
1173 5555 1203 5594 a
1232 5539 1450 5595 Galerio
1476 5537 1647 5591 Maxi-

77 5635 240 5692 miano
287 5641 471 5696 Caesar
512 5640 704 5695 lactus
750 5652 878 5693 cum
937 5633 1303 5692 Constantino
1355 5630 1643 5701 imperium

76 5724 247 5791 tenuit.
290 5745 412 5787 cum
461 5744 650 5802 eoque
689 5743 722 5783 a
767 5727 1034 5784 moriente
1074 5720 1374 5779 Maximino
1416 5722 1645 5777 relictus

1753 4551 1877 4590 cum
1908 4535 1964 4588 in
1996 4533 2274 4588 Britannia
2305 4541 2522 4591 mortuo
2564 4542 2718 4605 patre
2752 4533 3039 4604 imperium
3066 4541 3212 4588 esset
3241 4532 3338 4586 ad-

1751 4634 1933 4697 eptus,
1966 4624 2200 4682 mearis
2235 4626 2599 4696 appellatione
2651 4634 2988 4693 contentum,
3022 4624 3247 4695 Augusti
3288 4636 3337 4679 et

1751 4721 2087 4788 imperatoris
2110 4718 2445 4775 abstinuisse
2470 4720 2716 4782 nomine,
2749 4720 2925 4774 donec
2947 4734 2976 4771 a
3004 4718 3337 4772 Maximiano

1750 4826 1923 4883 gener
1951 4801 2179 4873 ascitus,
2207 4826 2314 4863 una
2343 4817 2397 4865 et
2429 4810 2657 4880 Augusti
2680 4823 2879 4863 nomen
2901 4808 3189 4861 obtineret.
3229 4804 3334 4860 Cu-

1751 4904 1856 4969 ius,
1909 4902 2107 4973 inquit,
2154 4912 2305 4957 tanta
2346 4903 2630 4955 maturitas
2662 4910 2769 4964 est,
2798 4908 2857 4953 ut
2890 4916 3008 4953 cum
3051 4900 3146 4953 tibi
3185 4908 3333 4967 pater

1749 4996 2030 5064 imperium
2078 4993 2412 5064 reliquisset,
2461 4990 2691 5047 σαπείη-ξε
2754 5000 2924 5045 tamen
2979 4990 3333 5060 appellatione

1751 5095 2043 5150 contentus,
2076 5096 2377 5153 exspectare
2405 5085 2678 5139 malueris.
2708 5094 2766 5135 ut
2788 5082 2923 5137 idem
2943 5091 3010 5145 te,
3040 5083 3131 5152 qui
3155 5081 3325 5146 illum,

1749 5176 2047 5232 declararet
2073 5179 2386 5246 Augustum.
2419 5174 2575 5240 Quod
2611 5174 2784 5228 altero
2808 5186 2953 5226 anno
2971 5172 3039 5226 ab
3061 5171 3336 5226 Constan-

1749 5269 1811 5322 tii
1846 5277 2025 5322 morte
2053 5268 2303 5335 contigit.
2336 5265 2413 5318 Ex
2447 5281 2557 5334 quo
2591 5263 2793 5332 duplex
2825 5261 3169 5316 Constantini
3199 5276 3340 5315 con-

1751 5358 1925 5428 surgit
1948 5356 2187 5411 initium.
2213 5355 2578 5422 Quamobrem
2608 5352 2907 5409 verisimile
2934 5358 3039 5416 est,
3062 5351 3334 5405 Constan-

1751 5448 1885 5501 tium
1931 5447 2194 5500 Chlorum
2240 5446 2547 5501 decessisse
2596 5459 2741 5500 anno
2783 5442 2986 5498 Christi
3017 5443 3141 5505 505,
3184 5457 3334 5497 anno

1748 5541 1928 5608 primo
1957 5538 2178 5593 ineunte
2204 5537 2420 5609 Olymp.
2448 5537 2578 5601 271,
2614 5544 2673 5590 ιιι
2706 5536 2899 5591 scribit
2937 5533 3225 5593 Socrates;
3263 5546 3327 5585 ac

1748 5636 1864 5683 tum
1898 5628 2326 5684 Constantinum
2363 5642 2392 5680 a
2421 5626 2686 5681 militibus
2718 5627 3021 5695 Augustum
3050 5629 3105 5677 et
3152 5622 3325 5690 impc-

1750 5731 1986 5777 ratorem
2007 5721 2364 5776 acclamatum
2393 5718 2728 5777 abstinuisse
2756 5725 2937 5773 tamen
2995 5713 3196 5772 summi
3224 5713 3331 5769 im-
