3920 6408
159 341 255 396 ὕει

1422 326 1511 380 es
1543 322 1763 400 12'0th
1800 320 2218 380 ιιιιλΑιιΕΝει.
3303 329 3412 384 tm

159 451 453 519 τέσσαρεςο
499 449 589 503 καὶ
622 448 715 502 δύο
755 450 865 511 τοῖς
898 450 1137 519 τρίτοις”
1181 440 1254 509 ὥς
1283 462 1448 517 φησιν
1480 443 1734 514 Ἡσύχιος

1843 458 1939 495 sua
1970 443 2211 510 portione
2241 441 2528 515 conferret,
2570 442 2660 509 qui
2695 439 3028 509 prwbitiones
3057 440 3271 511 implere
3302 448 3412 506 Iol-

161 537 554 609 ὁἽλλούστριος
584 539 612 590 ὁ
636 537 949 606 φιλοσοφίας
972 537 1072 606 τῆς
1090 536 1375 606 Μιλησίας,
1404 536 1462 585 ὲν
1482 533 1560 602 τῷ
1588 533 1735 601 ἕκτῳ

159 627 395 698 χρονικῷ
411 627 740 698 διαστήματι
758 627 859 695 τῆς
875 627 1152 699 Ἰστορω.
1175 626 1463 687 nonne.
1491 624 1736 693 Σταθμός

157 719 293 780 ἐστι,
329 715 624 785 λεγόμενος
662 716 755 768 καὶ
776 715 1133 778 ,βαλάντιον-ι
1168 716 1359 768 Ἕλκει
1383 716 1440 767 δὲ
1470 714 1696 785 δηνάρια
1717 715 1733 744 ⁸

158 807 408 861 διακόσια
445 809 804 879 πεντήκοντα,
835 808 1078 861 τουτέστι
1115 807 1303 878 λίτρας
1332 806 1458 876 τιβθ,
1488 804 1581 857 καί
1602 805 1732 872 οὐγ-

159 899 283 966 γίας
311 898 372 964 ἓξ
390 915 405 930 ι
438 897 515 962 ὡς
544 898 762 968 ἔχοντος
795 899 1027 952 ἑκάστου
1058 897 1313 969 δηναρίου
1332 896 1521 965 λίτραν
1551 902 1619 959 α’,
1642 896 1737 947 καὶ

158 987 385 1053 οὐγγίας
422 992 492 1053 γ’.
526 987 684 1039 Ἔστι
708 986 762 1039 δὲ
788 988 882 1039 καὶ
904 987 1089 1055 ἕτερος
1114 986 1334 1053 φόλλις
1369 984 1735 1052 συναγόμενος

158 1078 217 1143 ἐξ
238 1077 520 1149 ἀργυρίων
538 1076 750 1129 λεπτῶν
775 1077 883 1131 τῶν
906 1079 1018 1138 τοῖς
1043 1074 1407 1145 στρατιώταις
1423 1072 1682 1143 διδομένω
1696 1091 1735 1137 ι,

157 1170 253 1222 καὶ
302 1168 393 1220 διὰ
437 1168 594 1220 τοῦτο
638 1168 1018 1237 guttathin
1065 1166 1432 1236 καλουμένων.
1486 1164 1640 1235 Ἔχει
1680 1165 1737 1217 δὲ

157 1258 393 1310 ἕκαστον
418 1256 528 1307 τῶν
555 1256 811 1310 τοιούτων
834 1254 1046 1308 λεπτῶν
1072 1255 1350 1325 ἀργυρίων
1379 1255 1631 1324 κεράτιον
1656 1253 1734 1318 ἓν,

154 1348 358 1417 ἥμισυ,
390 1348 669 1418 τέταρτον.
707 1347 765 1399 '0
789 1347 847 1400 δὲ
866 1348 1084 1414 genam
1105 1344 1343 1416 ἀργύρια
1363 1344 1583 1398 τοιαῦτα
1603 1351 1734 1415 ρκεν,

151 1438 191 1493 ἃ
212 1438 434 1492 ποιοῦσι
456 1439 686 1509 κεράτια
707 1443 834 1508 σιη’,
860 1438 952 1491 καὶ
975 1435 1249 1507 νούμμους
1278 1434 1342 1499 θ’,
1370 1436 1488 1505 ἦτοι
1517 1433 1652 1505 πρὸς
1675 1434 1737 1487 τὸ

153 1524 252 1578 νῦν
284 1525 525 1594 κρατοῦν
547 1521 868 1595 μιλιαρήσια
889 1524 967 1595 ρθ¹
987 1524 1081 1577 καὶ
1096 1522 1369 1592 νούμμους
1391 1521 1454 1587 θ’,
1479 1524 1739 1591 γινόμενα

153 1619 215 1667 ἐν
237 1616 561 1685 χαράγμασι
581 1616 893 1686 νομίσματα
913 1612 978 1680 θ’,
1010 1614 1381 1685 μιλλιαρήσιον
1401 1613 1478 1674 ἓν,
1502 1613 1737 1683 νοῦμμοι

154 1703 222 1757 θ’.
249 1704 334 1757 Τὰ
348 1707 530 1756 τοίνυν
551 1710 630 1775 ρκ’
654 1705 749 1757 καὶ
768 1704 930 1758 πέντε
954 1703 1194 1775 ἀργύρια
1222 1706 1486 1773 συνήγετο
1506 1704 1586 1766 είς
1611 1703 1739 1756 ἀπόο

1835 529 1965 582 lium
1992 547 2095 584 non
2138 530 2352 584 ualeret.
2416 530 2517 585 Ubi
2551 540 2759 600 septeni
2800 531 3103 585 solidorum
3139 531 3350 587 lunctio
3378 552 3412 588 a

1836 618 1961 674 [olle
1995 622 2281 691 perspicue
2315 623 2887 691 separatur,quamvis
2917 620 3290 677 llotomannus
3314 622 3411 678 lib.

1839 711 1913 764 De
1934 727 1988 765 re
2017 728 2216 766 numm.
2247 727 2370 783 pag.
2396 712 2522 777 570,
2549 711 2886 766 confundere
2918 712 3079 766 ambo
3103 713 3205 766 iSta
3230 713 3411 766 videa-

1837 811 1944 856 tur.
1999 804 2177 873 Atque
2216 820 2279 857 ea
2317 805 2610 873 pensitatio
2644 803 2962 874 aliquandiu
3013 804 3405 872 perseveravit.

1837 891 1979 962 Lege
2008 893 2094 959 l2,
2140 896 2226 946 tit.
2259 893 2526 961 ejusdem,
2565 904 2767 962 septem
2801 893 3102 949 solidorum
3135 894 3413 962 praestatio

1839 983 2195 1037 tenuissimos
2226 990 2541 1038 senatorum
2583 984 2825 1053 obligare
2854 984 3075 1049 dicitur.
3121 982 3410 1037 Sublatum

1841 1089 1969 1128 vero
2013 1081 2201 1142 postea
2249 1082 2335 1128 est
2388 1090 2528 1130 ortus
2578 1075 2732 1138 illud,
2788 1082 2847 1127 ut
2893 1090 2956 1128 ex
3003 1075 3094 1127 lib.
3137 1090 3211 1127 xu
3287 1075 3410 1127 cod.

1835 1165 2037 1221 Justin.
2073 1175 2251 1234 patet:
2305 1181 2430 1219 nam
2480 1167 2564 1220 tit.
2608 1166 2662 1230 2,
2694 1167 2790 1221 lib.
2842 1182 2902 1231 ιι,
2931 1164 3144 1220 Valent.
3177 1173 3232 1219 et
3268 1164 3414 1219 Μυῖα

1838 1259 2019 1312 tianus
2063 1259 2135 1312 ita
2172 1260 2512 1313 rescribunt:
2559 1256 2774 1311 Glebam
2816 1259 2891 1312 vel
2952 1258 3151 1327 follem,
3181 1259 3288 1311 sive
3330 1275 3414 1311 se-

1835 1360 1975 1417 ptem
2018 1349 2312 1402 solidorum
2359 1350 2702 1413 functionem,
2749 1349 2854 1403 sive
2903 1348 3189 1417 quamlibet
3234 1349 3419 1418 Imjusa

1837 1437 1981 1490 modi
2026 1438 2386 1502 collationem,
2430 1448 2539 1492 tam
2572 1440 2715 1491 circa
2748 1455 3023 1508 personas,
3061 1455 3217 1509 quam
3254 1455 3337 1491 res
3365 1448 3416 1492 et

1835 1527 2059 1595 prazdia,
2103 1530 2345 1597 funditus
2375 1529 2621 1597 jubentus
2654 1529 2876 1591 aboleri,
2920 1537 2977 1583 ut
3022 1530 3191 1583 omnis
3232 1529 3417 1598 hujus-

1839 1619 1982 1671 modi
2015 1629 2262 1686 perpetuo
2296 1622 2632 1688 conquiescat
2659 1621 2889 1673 exactio.
2937 1620 3077 1673 Aule
3108 1621 3248 1672 hanc
3279 1634 3414 1673 con-

1840 1709 2180 1762 stitutionem
2230 1709 2521 1763 durissima
2572 1710 2672 1761 luit
2711 1709 2923 1762 ordinis
2980 1709 3243 1763 senatorii
3281 1725 3412 1764 con-

152 1794 358 1865 δεσμον
389 1795 486 1849 ἕνα
506 1812 520 1827 ⁸
554 1797 647 1849 καὶ
671 1789 823 1858 οὗτος
852 1795 1095 1849 ἐκαλεῖτο
1117 1796 1355 1865 φόλλις.
1378 1797 1533 1849 Ἐστι
1560 1796 1618 1848 δὲ
1641 1796 1734 1849 καὶ

1843 1799 1996 1862 ditio,
2028 1815 2091 1853 ac
2124 1814 2299 1869 poena:
2344 1801 2465 1853 loco
2498 1801 2781 1854 nonnullis
2811 1799 3098 1867 imposita;
3151 1799 3274 1853 aliis
3314 1816 3411 1868 pro

151 1885 347 1955 ἕτερος
376 1885 594 1953 φόλλις
616 1884 901 1957 διαφόρους
924 1884 1062 1955 ἔχων
1094 1885 1415 1956 ποσότητας.
1470 1884 1601 1937 Ἀπὸ
1626 1883 1733 1957 γὰρ

148 1972 252 2026 δύο
274 1973 505 2043 χρυσίου
530 1972 726 2043 λιτρῶν
747 1973 1064 2044 ἀρχόμενος,
1083 1976 1162 2036 είς
1195 1973 1339 2027 ὀκτὼ
1373 1973 1566 2044 προῄει
1596 1973 1736 2025 κατὰ

150 2064 257 2129 τὴν
290 2061 474 2127 ἀξίαν,
506 2063 602 2114 καὶ
629 2063 727 2131 τὴν
761 2061 1019 2132 εὐπορίαν
1048 2061 1157 2115 τῶν
1183 2062 1618 2132 ἀπαιτουμένων.
1659 2056 1735 2115 Οὗ

156 2154 441 2222 μέμνηται
465 2152 563 2221 μὲν
589 2152 682 2205 καὶ
711 2151 962 2220 Ἠσύχιος
987 2152 1016 2203 ὁ
1043 2151 1391 2223 Ἰλλούστριος
1415 2153 1472 2204 ἐν
1505 2151 1582 2221 τῷ
1608 2168 1736 2220 χρο-

153 2242 294 2313 νικῷ
338 2242 670 2312 διαστήματι
705 2242 807 2311 τῆς
861 2242 1137 2314 Ἱστορίας.
1196 2243 1483 2314 Μέμνηται
1525 2244 1583 2295 δὲ
1642 2243 1737 2295 καὶ

155 2334 456 2398 Θαλέλαιος
488 2336 544 2387 ὲν
574 2337 640 2405 τῇ
673 2334 717 2404 β’
743 2333 978 2400 διατάξει
1007 2333 1100 2386 τοῦ
1130 2333 1172 2404 β’
1205 2334 1402 2397 τίτλου,
1436 2334 1529 2387 τοῦ
1568 2333 1630 2402 ιβ’
1660 2334 1739 2402 βι-

156 2426 315 2481 ϐλίου
366 2426 475 2478 τῶν
508 2424 676 2489 Κωδ.,
730 2419 937 2487 οὗτινος
965 2424 1156 2500 ⁸ἰτίτλου
1198 2427 1231 2495 ἡ
1267 2426 1365 2494 μὲν
1420 2432 1467 2476 α’
1499 2424 1740 2488 διάταξις

158 2517 437 2588 ὲξελήφθη
469 2518 526 2570 ὲν
568 2515 734 2586 βίϐλῳ
758 2516 865 2569 τῶν
894 2515 1196 2569 Βασιλικῶν
1243 2522 1318 2581 ς’,
1352 2516 1519 2586 τίτλῳ
1544 2515 1609 2579 ζ’,
1642 2532 1738 2567 κε-

161 2609 293 2677 φαλ.
319 2609 363 2660 δ’
382 2624 397 2637 ·
458 2609 493 2679 ἡ
520 2607 576 2660 δὲ
606 2607 649 2677 β’
695 2606 1053 2677 παρελείφθη,
1090 2606 1165 2670 ὡς
1197 2607 1361 2660 πάλαι
1393 2608 1740 2678 ἀναιρεθεῑσα

163 2699 320 2772 παρὰ
345 2698 439 2752 τοῦ
476 2698 619 2750 θείου
639 2698 979 2769 Μαρκιανοῦ.

236 2789 519 2844 Hactenus
557 2786 782 2843 Glossae.
831 2789 977 2854 Quas
1008 2786 1254 2843 Alriatus
1290 2787 1508 2842 laudat:
1553 2803 1616 2840 ex
1649 2780 1743 2841 eo.

174 2891 282 2945 que
328 2874 637 2929 Ludovicus
664 2873 825 2931 Vives
873 2876 924 2927 in
956 2874 1249 2931 Comment.
1290 2875 1358 2930 ad
1394 2876 1484 2929 lib.
1518 2891 1627 2929 λιιι
1672 2876 1744 2928 De

169 2965 312 3018 civit.
350 2962 465 3026 Dei,
499 2977 620 3031 cap.
650 2962 702 3016 5.
741 2961 845 3017 Sed
885 2964 993 3016 illic
1030 2963 1216 3017 Latine
1265 2964 1509 3033 quaedam
1550 2980 1739 3032 parum

167 3072 430 3127 expressa
465 3056 697 3119 sincere,
734 3062 793 3108 ut
826 3055 881 3107 in
910 3054 1183 3110 mendosis
1212 3057 1614 3123 exemplaribus
1644 3072 1733 3110 ac-
1767 3092 1809 3147 Ο

170 3146 322 3210 cidit,
369 3159 490 3213 qua:
525 3158 589 3197 ex
609 3141 811 3197 Graecis
843 3145 1047 3198 nostris
1082 3144 1374 3200 emendare
1407 3146 1588 3199 liceat.
1615 3144 1738 3199 Tri—

170 3237 292 3307 [lex
330 3250 462 3290 vero
505 3234 740 3288 indidem
772 3234 915 3288 follis
952 3235 1102 3287 notio
1130 3234 1450 3288 deducitur:
1503 3251 1627 3287 nam
1656 3241 1741 3288 est

171 3327 351 3397 primo
376 3324 564 3379 tributi
589 3332 644 3378 et
688 3323 1066 3393 pensitationis
1094 3339 1286 3393 genus,
1320 3324 1478 3393 idque
1509 3325 1730 3393 duplex:

173 3418 402 3472 alterum
443 3415 653 3469 mulare
691 3417 994 3484 (perperam
1021 3413 1160 3483 apud
1196 3412 1375 3467 Vivent
1429 3415 1735 3478 multorum,

174 3522 276 3577 pro
324 3506 608 3569 mulorum,
653 3511 872 3573 exstat),
914 3507 1142 3559 alterum
1183 3506 1545 3560 nobilioribus
1583 3507 1743 3560 fami-

170 3598 260 3651 liis
285 3597 576 3659 indictum,
624 3595 782 3665 cujus
811 3603 1003 3650 auctor
1027 3605 1111 3651 est
1138 3595 1445 3667 Hesychius
1470 3600 1743 3655 lllustrius

171 3689 262 3743 lib.
290 3703 370 3741 vn.
406 3686 564 3752 Quod
594 3688 864 3756 posterius
893 3688 1199 3742 institutum
1229 3702 1259 3742 a
1290 3689 1649 3745 Constantino
1668 3689 1738 3744 Μ.

169 3777 368 3832 scribit
408 3775 659 3831 Zosimus
706 3777 797 3832 lib.
834 3794 910 3832 u:
953 3777 1333 3847 Ἀπεγράψατο
1383 3780 1438 3832 δὲ
1490 3782 1591 3844 τὰς
1636 3782 1743 3834 τῶν

168 3865 574 3938 λαμπροτάτων
622 3866 807 3929 οὐσίας
837 3866 988 3929 τέλος
1020 3867 1261 3933 ἐπιθεὶς,
1313 3863 1463 3935 ᾧτινι
1520 3873 1745 3939 gadium:

166 3958 333 4020 αὐτὸς
372 3956 638 4028 ἐπέθηκεν
668 3957 855 4027 ὄνομα.
894 3957 1174 4027 Ejusmodi
1211 3958 1417 4025 follem,
1450 3963 1563 4015 sive
1604 3978 1744 4031 pra:-

165 4052 468 4104 stationem
505 4049 830 4102 senatoriam
882 4049 1144 4118 gradatim
1180 4065 1276 4119 per
1311 4052 1505 4120 triplex
1542 4054 1744 4106 discri-

171 4157 299 4194 men
343 4141 699 4209 processisse,
728 4138 935 4194 Glossae
970 4139 1385 4196 demonstrant:
1436 4144 1510 4195 ita
1547 4153 1604 4197 ut
1633 4145 1742 4214 pri-

170 4247 298 4286 mus
330 4231 535 4302 gradus
559 4230 775 4285 follibus
802 4232 1014 4287 duobus
1041 4240 1188 4287 esset
1207 4232 1478 4288 obnoxius
1498 4274 1512 4299 ,
1544 4249 1736 4290 secun-

170 4322 277 4385 dus
317 4329 583 4389 quatuor,
624 4321 816 4374 tertius
848 4331 992 4375 octo.
1027 4320 1103 4377 De
1149 4321 1219 4377 iis
1255 4322 1474 4376 follibus
1540 4325 1742 4379 mentio

1838 1892 2038 1961 ingenti
2078 1892 2341 1946 beneficio
2380 1899 2463 1945 est
2513 1892 2789 1960 adempta,
2825 1900 2886 1943 ut
2919 1907 2984 1944 ex
3017 1892 3181 1958 epist.
3216 1891 3283 1943 38
3315 1889 3418 1960 Sy-

1834 1983 1974 2038 nesii
2002 1990 2246 2047 constat,
2290 1998 2502 2036 necnon
2532 1982 2840 2043 Ammiano,
2874 1982 2950 2035 lib
3007 1997 3143 2046 xxii,
3176 1980 3417 2045 Juliano,

1835 2076 1994 2144 epist.
2012 2075 2100 2127 25.
2137 2076 2290 2140 Quod
2312 2087 2367 2128 et
2383 2074 2573 2130 Glossa
2598 2077 2849 2144 superior
2869 2077 3132 2129 ostendit.
3169 2074 3420 2129 Secunda

1838 2163 1981 2218 follis
2007 2164 2331 2232 signiﬁcatio
2368 2176 2472 2226 est,
2520 2180 2628 2233 qua
2682 2180 2780 2233 pro
2818 2165 3056 2232 pondere
3086 2165 3321 2218 sumitur
3352 2167 3412 2218 li-

1838 2254 2059 2306 brarum
2091 2268 2290 2317 cccxu,
2322 2261 2378 2309 et
2410 2256 2696 2307 unciarum
2733 2269 2851 2308 sex.
2882 2255 3013 2319 Qua:
3045 2264 3171 2307 sunt
3204 2256 3414 2309 denarii

1842 2359 1973 2398 CCL:
2021 2360 2252 2413 quorum
2297 2345 2495 2415 singuli
2538 2347 2731 2399 libram
2775 2362 2938 2399 unam
2977 2347 3195 2412 habent,
3231 2350 3422 2401 uncias

1841 2444 1985 2502 tres;
2015 2436 2179 2489 donas
2209 2438 2456 2492 Alciatus
2481 2437 2662 2491 vertit.
2699 2436 2837 2502 Quid
2874 2446 3053 2491 autem
3090 2439 3220 2503 sint,
3256 2439 3423 2491 liben-

1841 2538 1924 2579 ter
1963 2528 2148 2579 doceri
2203 2542 2290 2581 me
2322 2527 2578 2596 cupiam;
2632 2543 2756 2581 nam
2801 2535 2855 2580 et
2891 2528 3060 2581 codex
3114 2530 3423 2582 manuscri-

1844 2625 1968 2684 ptus
2017 2616 2239 2687 δονάρια
2292 2628 2691 2687 repracsentare
2738 2618 2973 2672 videtur.
3036 2618 3221 2672 'l'ertio
3274 2618 3424 2673 follis

1842 2706 2132 2777 ἄθροισμα,
2146 2723 2525 2777 summamque
2540 2710 2780 2777 pecuniae
2797 2710 3156 2778 significatu):
3176 2711 3416 2763 num-mis

1851 2800 2077 2853 minutis
2100 2801 2373 2869 argenteis
2389 2798 2698 2864 conﬂatam,
2717 2816 2909 2870 nempe
2927 2816 2992 2855 ex
3020 2802 3422 2856 miliarcnsibus

1845 2904 2073 2944 numero
2100 2904 2239 2944 cxxv
2267 2907 2283 2944 :
2311 2905 2545 2960 quorum
2588 2891 2784 2962 singuli
2821 2892 3084 2945 ceratium
3112 2891 3423 2960 pendebant

1845 2996 1969 3033 cum
1990 2982 2219 3036 semisse
2241 2989 2296 3035 et
2323 2980 2641 3051 quadrante.
2676 2982 2753 3033 lta
2783 2980 2931 3036 follis
2962 2983 3064 3035 iste
3087 2982 3288 3036 ceratia
3314 2982 3427 3036 eol—

1847 3068 1963 3137 ligit
1991 3082 2216 3130 ccxvur,
2247 3083 2502 3123 nummos
2530 3084 2745 3123 novem.
2796 3069 2993 3122 Alciati
3026 3069 3198 3123 codex
3231 3071 3335 3123 hoc
3371 3071 3426 3123 in

1848 3158 1969 3211 loco
1999 3158 2328 3227 depravatus
2357 3164 2497 3211 erat.
2541 3157 2634 3211 Sic
2663 3158 2808 3211 enim
2844 3159 3038 3211 vertit:
3077 3156 3173 3210 Est
3203 3166 3251 3210 et
3284 3158 3425 3212 alius

1845 3249 1992 3316 [ollis
2029 3257 2241 3302 coactus
2279 3264 2343 3302 ea:
2387 3251 2645 3318 argenteis
2675 3249 2847 3315 lcptis,
2880 3248 2970 3317 qui
2995 3248 3272 3315 militibus,
3297 3265 3426 3318 quos

1845 3340 2108 3393 miliarias
2139 3338 2417 3404 vocabant,
2450 3339 2700 3392 «labatur.
2762 3337 2911 3406 Lepti
2951 3348 3123 3392 autem
3166 3340 3424 3393 reratium

1845 3446 2004 3483 unum
2034 3446 2151 3482 cum
2183 3430 2404 3482 dimidio
2438 3431 2726 3484 continent.
2790 3428 2877 3482 Ita
2908 3429 3053 3498 follis
3084 3430 3180 3483 iste
3213 3431 3418 3498 argenti

1845 3520 2045 3573 ceratia
2079 3534 2243 3574 ccvut
2277 3519 2430 3573 habet
2473 3530 2521 3573 et
2565 3535 2806 3572 nummos
2864 3534 2939 3573 ut.
2993 3519 3135 3591 Ergo
3178 3520 3417 3589 argentei

1847 3626 2039 3667 omnes
2085 3611 2163 3665 illi
2218 3611 2274 3665 in
2329 3612 2607 3665 sacculum
2661 3626 2829 3665 unum
2878 3610 3136 3679 conjecti.
3175 3608 3329 3665 Unde
3372 3617 3426 3664 et

1847 3700 1993 3753 follis
2020 3700 2310 3770 appellatio
2344 3700 2596 3754 deducta.

1914 3789 2094 3860 Atque
2114 3806 2179 3845 ex
2225 3791 2497 3857 argenteis
2530 3790 2637 3843 illis
2662 3803 2802 3844 cxxv
2859 3790 2971 3845 sive
2997 3790 3422 3853 miliarensibus.

1846 3880 2088 3933 confiunt
2115 3881 2345 3943 nummi,
2386 3882 2498 3934 sive
2528 3880 2686 3934 solidi
2722 3882 2894 3943 aurei,
2935 3897 3150 3934 novem.
3210 3880 3424 3936 Etenim

1846 3969 2047 4022 ceratia
2074 3984 2270 4022 CCXVIII
2311 3969 2355 4023 si
2398 3985 2492 4037 per
2521 3984 2714 4023 novem
2744 3970 3003 4037 partiare,
3028 3972 3259 4038 singulis
3293 3988 3418 4025 xxrv

1845 4056 2172 4126 competent,
2207 4067 2473 4127 quantum
2524 4058 2683 4111 solidi
2738 4059 2952 4126 pondus
2983 4070 3118 4114 erat.
3180 4061 3424 4115 lsidorus

1847 4147 1937 4200 lib.
1958 4162 2066 4212 xvi,
2093 4162 2212 4215 cap.
2236 4147 2333 4200 9.4:
2392 4146 2600 4217 Siliqua
2628 4149 2871 4201 vicesima
2897 4160 3090 4218 quarta
3113 4166 3237 4217 pars
3260 4152 3419 4203 solidi

1842 4244 1940 4299 est,
1971 4234 2034 4287 ab
2060 4228 2266 4289 arboris
2294 4237 2485 4289 semine
2516 4235 2824 4288 vocabulum
2849 4247 3045 4291 tenens.
3080 4238 3318 4293 Tametsi
3351 4240 3420 4293 si-

1843 4325 2045 4395 liquam
2082 4326 2224 4380 inter
2271 4334 2324 4380 et
2354 4326 2605 4395 κεράτιον
2636 4326 2900 4381 interesse
2943 4329 3177 4381 videtur.
3215 4327 3414 4398 Sequi-

170 4416 259 4464 est
292 4410 385 4463 lib.
420 4424 532 4475 XXI,
564 4412 647 4461 tit.
676 4410 711 4462 2
737 4410 855 4464 cod.
881 4408 1088 4465 Theod.
1112 4411 1189 4465 De
1215 4413 1404 4480 prout,
1431 4430 1553 4468 cum
1583 4431 1741 4470 sena-
1777 4444 1820 4498 ι)
1847 4425 1935 4469 tur
1963 4416 2106 4470 enim
2138 4417 2279 4486 apud
2307 4417 2573 4471 lsidorum
2604 4432 2619 4468 :
2673 4417 2888 4471 Ceratcs
2935 4419 3075 4472 oboli
3100 4436 3222 4487 pars
3255 4421 3425 4473 media

175 4499 380 4552 torium
410 4500 654 4553 ordinem
678 4498 943 4554 trifariam
973 4501 1328 4566 distribuens,
1361 4505 1496 4560 alios
1528 4505 1582 4558 in
1615 4522 1742 4576 pro-

176 4589 472 4644 fessionem
514 4591 714 4646 habcre
756 4590 909 4647 folles
958 4592 1034 4645 ait
1072 4592 1211 4647 duos
1236 4633 1251 4656 ,
1291 4596 1429 4650 alios
1460 4607 1697 4666 quatuor
1724 4638 1739 4663 ,

172 4684 313 4735 alios
354 4683 602 4751 amplius.
660 4680 865 4736 Glossa:
903 4682 1134 4753 singulis
1169 4683 1386 4742 follibus
1425 4704 1586 4742 unam
1623 4691 1740 4743 auri

169 4771 371 4825 libram
400 4771 692 4839 imputant.
728 4770 834 4825 Sed
863 4772 918 4825 in
947 4773 1254 4827 tenuiorum
1290 4778 1518 4845 gratiam
1554 4790 1742 4847 postea

167 4861 241 4916 de
268 4875 482 4914 canone
511 4861 837 4927 detractum,
886 4872 942 4917 et
974 4864 1041 4917 ad
1075 4872 1329 4933 septenos
1356 4870 1560 4923 solidos
1583 4871 1744 4923 mini—

167 4966 260 5006 ma
288 4958 609 5006 senatorum
656 4952 871 5006 redacta
924 4954 1246 5021 pensitatio;
1303 4970 1424 5024 quae
1456 4958 1685 5025 proinde
1712 4975 1743 5012 a

170 5044 303 5098 folle
326 5042 701 5113 distinguitur.
734 5042 943 5097 Etenim
981 5043 1077 5099 lib.
1106 5060 1160 5097 vr
1186 5045 1306 5098 cod.
1332 5044 1665 5111 Theod.,tit.
1691 5052 1740 5113 1,

175 5130 330 5200 lege!
347 5168 362 5192 ,
382 5146 507 5184 cum
525 5127 1116 5192 GratianusNalentin.
1134 5140 1187 5185 et
1203 5132 1409 5187 Theod.
1432 5137 1513 5189 sic
1541 5138 1741 5192 edixis-

176 5218 322 5278 sent:
351 5222 591 5275 Duorum
614 5238 732 5276 vero
757 5222 965 5291 [allium
988 5235 1194 5277 maneat
1220 5235 1434 5279 cunctos
1457 5226 1745 5283 indiscreta

175 5313 454 5382 professio,
499 5314 710 5367 etiamsi
738 5314 1119 5381 possessionem
1167 5314 1302 5383 forte
1336 5333 1439 5370 non
1481 5317 1742 5381 habeant;

173 5409 363 5473 postea
389 5417 422 5456 a
438 5401 741 5467 Valentia,
761 5401 964 5458 Thcod.
984 5412 1038 5457 et
1058 5404 1250 5458 Arcad.
1285 5407 1572 5461 imminuta
1607 5424 1743 5478 prae-

167 5492 334 5548 statio
360 5499 482 5558 est;
526 5500 582 5547 et
626 5494 1088 5562 amplissimorum
1120 5496 1361 5549 virorum
1388 5499 1622 5553 consilio
1647 5500 1743 5554 de-

162 5582 383 5640 ﬁnitum
429 5582 651 5648 (ﬁcitur,
692 5591 752 5638 ut
788 5594 1040 5654 septenos
1085 5588 1378 5654 quotannis
1416 5586 1617 5644 solidos
1646 5604 1741 5658 pro

233 5702 257 5733 ¹
304 5697 426 5757 Vet.
460 5699 596 5756 Cod.
628 5700 829 5756 habere
856 5698 1068 5767 videtur
1098 5699 1341 5774 δονὰρια.

1843 4517 1939 4568 est,
1984 4506 2233 4576 siliquam
2268 4507 2458 4561 habens
2501 4525 2662 4562 unam
2703 4519 2751 4563 et
2788 4511 2970 4563 semis.
3036 4511 3188 4562 Hunc
3245 4510 3427 4565 Latini

1843 4599 2183 4655 semiobolum
2230 4609 2435 4652 vocant.
2511 4599 2727 4654 (lerates
2771 4611 2949 4653 autem
3001 4600 3203 4665 (imre,
3240 4598 3428 4657 Latine

1845 4691 2041 4757 siliqua
2092 4703 2358 4741 cornuum
2403 4689 2807 4757 interpretatur.
2855 4690 3054 4745 Obolus
3093 4692 3300 4760 siliquis
3332 4693 3428 4745 tri—

1845 4778 1938 4832 bus
1970 4778 2302 4847 appenditur,
2329 4778 2524 4832 habens
2552 4792 2752 4833 cerates
2776 4781 2930 4843 duos,
2955 4781 3163 4834 chalcos
3178 4792 3422 4850 quatuor.

1843 4870 2096 4925 Continet
2132 4885 2261 4939 ergo
2295 4870 2544 4939 κεράτιον
2573 4872 2992 4939 sesquisilicam.
3027 4871 3176 4924 Unde
3212 4874 3264 4925 in
3298 4874 3424 4926 dra-

1845 4960 2003 5014 elnna
2032 4975 2163 5013 xv-m
2192 4960 2402 5028 siliqua:
2430 4968 2582 5021 sunt,
2604 4962 2805 5014 ceratia
2837 4977 2969 5012 χχιι.
3012 4960 3068 5013 ln
3105 4961 3425 5016 didrachmo

1845 5053 2055 5120 siliqua:
2087 5067 2271 5113 xxxvi,
2303 5051 2505 5104 ceratia
2542 5066 2691 5103 xxxv.
2724 5053 2992 5115 Quoniam
3025 5054 3203 5121 itaque
3231 5060 3419 5116 stater,

1845 5144 1959 5196 sive
2012 5156 2213 5195 aureus
2264 5141 2457 5209 primis
2516 5143 2857 5211 temporibus
2912 5143 3127 5211 pondus
3185 5144 3421 5198 habebat

1844 5234 2229 5288 draclunarum
2287 5234 2555 5296 duarum,
2627 5234 2700 5285 ita
2759 5245 2814 5287 ut
2853 5235 3103 5303 quaterni
3155 5234 3426 5289 duntaxat

1845 5326 2177 5379 eliderentur
2210 5326 2265 5377 in
2290 5324 2546 5378 unciam:
2581 5323 2702 5377 ideo
2729 5331 2841 5377 tum
2874 5325 3098 5395 κεράτια
3128 5342 3273 5387 xxiv,
3307 5327 3426 5379 sili-

1844 5428 1982 5483 quas
2013 5429 2172 5466 xxxvr
2198 5412 2489 5482 pendebat.
2527 5410 2725 5467 Postea
2756 5414 2821 5468 de
2855 5416 3089 5484 pondere
3117 5416 3272 5469 tertia
3299 5429 3426 5483 pars

1843 5514 1928 5560 est
1960 5506 2215 5569 deducta,
2260 5504 2336 5557 ita
2369 5509 2428 5557 ut
2469 5503 2586 5558 seni
2642 5503 2698 5558 in
2735 5508 2950 5560 unciam
2986 5507 3142 5560 solidi
3171 5505 3423 5576 percussi

1846 5595 1995 5648 sint:
2040 5608 2103 5648 ac
2131 5604 2245 5650 tum
2278 5593 2492 5648 sextula
2522 5604 2855 5666 nuncupata.
2888 5596 3164 5652 Isidorus:
3207 5596 3427 5652 Salidus
