  <div class='ocr_page' id='page_1' title='image "/cluster/home/n/w/nwhite01/storage/ocr_20150623/43:no.3/coo.31924054869429/299.png"; bbox 0 0 3920 6412; ppageno 0'>
   <div class='ocr_carea' id='block_1_1' title="bbox 515 341 624 396">
    <p class='ocr_par' dir='ltr' id='par_1_1' title="bbox 515 341 624 396">
     <span class='ocr_line' id='line_1_1' title="bbox 515 341 624 396; baseline -0.018 0"><span class='ocrx_word' id='word_1_1' title='bbox 515 341 624 396; x_wconf 74' lang='grc'><strong>583</strong></span> 
     </span>
    </p>
   </div>
   <div class='ocr_carea' id='block_1_2' title="bbox 1610 305 3726 380">
    <p class='ocr_par' dir='ltr' id='par_1_2' title="bbox 1610 305 3726 380">
     <span class='ocr_line' id='line_1_2' title="bbox 1610 305 3726 380; baseline -0.006 -2"><span class='ocrx_word' id='word_1_2' title='bbox 1610 322 1953 380; x_wconf 78' lang='lat' dir='ltr'><strong>APPENDIX</strong></span> <span class='ocrx_word' id='word_1_3' title='bbox 1992 316 2500 376; x_wconf 73' lang='lat' dir='ltr'><strong>DISSEIITATION</strong></span> <span class='ocrx_word' id='word_1_4' title='bbox 2513 315 2631 372; x_wconf 84' lang='lat' dir='ltr'><strong>UM.</strong></span> <span class='ocrx_word' id='word_1_5' title='bbox 3575 305 3600 366; x_wconf 74' lang='grc'><strong>’.</strong></span> <span class='ocrx_word' id='word_1_6' title='bbox 3647 315 3726 378; x_wconf 57' lang='lat' dir='ltr'><strong>se;</strong></span> 
     </span>
    </p>
   </div>
   <div class='ocr_carea' id='block_1_3' title="bbox 518 418 2108 515">
    <p class='ocr_par' dir='ltr' id='par_1_3' title="bbox 518 430 2102 515">
     <span class='ocr_line' id='line_1_3' title="bbox 518 430 2102 515; baseline -0.013 -14"><span class='ocrx_word' id='word_1_7' title='bbox 518 446 656 515; x_wconf 82' lang='lat' dir='ltr'><strong>apud</strong></span> <span class='ocrx_word' id='word_1_8' title='bbox 671 444 894 499; x_wconf 75' lang='lat' dir='ltr'><strong>Latinos</strong></span> <span class='ocrx_word' id='word_1_9' title='bbox 925 441 1030 496; x_wconf 85' lang='lat' dir='ltr'><strong>alio</strong></span> <span class='ocrx_word' id='word_1_10' title='bbox 1061 439 1268 494; x_wconf 81' lang='lat' dir='ltr'><strong>nomine</strong></span> <span class='ocrx_word' id='word_1_11' title='bbox 1305 435 1512 490; x_wconf 75' lang='lat' dir='ltr'><strong>sextula</strong></span> <span class='ocrx_word' id='word_1_12' title='bbox 1537 434 1764 495; x_wconf 83' lang='lat' dir='ltr'><strong>dicitur;</strong></span> <span class='ocrx_word' id='word_1_13' title='bbox 1789 431 1926 508; x_wconf 73' lang='lat' dir='ltr'><strong>quod</strong></span> <span class='ocrx_word' id='word_1_14' title='bbox 1953 430 2016 483; x_wconf 87' lang='lat' dir='ltr'><strong>de</strong></span> <span class='ocrx_word' id='word_1_15' title='bbox 2037 430 2102 482; x_wconf 84' lang='lat' dir='ltr'><strong>iis</strong></span> 
     </span>
    </p>
   </div>
   <div class='ocr_carea' id='block_1_4' title="bbox 2212 418 3729 515">
    <p class='ocr_par' dir='ltr' id='par_1_4' title="bbox 2212 418 3729 497">
     <span class='ocr_line' id='line_1_4' title="bbox 2212 418 3729 497; baseline -0.001 -18"><span class='ocrx_word' id='word_1_16' title='bbox 2212 427 2295 480; x_wconf 76' lang='grc' dir='ltr'>τὸν</span> <span class='ocrx_word' id='word_1_17' title='bbox 2323 428 2418 479; x_wconf 80' lang='grc' dir='ltr'><strong>ἕνα</strong></span> <span class='ocrx_word' id='word_1_18' title='bbox 2448 426 2610 497; x_wconf 77' lang='grc' dir='ltr'>ἄρτον</span> <span class='ocrx_word' id='word_1_19' title='bbox 2639 425 2844 494; x_wconf 72' lang='grc' dir='ltr'>φόλεων</span> <span class='ocrx_word' id='word_1_20' title='bbox 2870 422 3058 494; x_wconf 83' lang='grc' dir='ltr'><strong>τριῶν,</strong></span> <span class='ocrx_word' id='word_1_21' title='bbox 3090 419 3157 476; x_wconf 86' lang='lat' dir='ltr'><strong>ad</strong></span> <span class='ocrx_word' id='word_1_22' title='bbox 3181 418 3338 477; x_wconf 81' lang='lat' dir='ltr'><strong>folles</strong></span> <span class='ocrx_word' id='word_1_23' title='bbox 3389 422 3504 477; x_wconf 84' lang='lat' dir='ltr'><strong>sive</strong></span> <span class='ocrx_word' id='word_1_24' title='bbox 3524 438 3729 478; x_wconf 77' lang='lat' dir='ltr'><strong>nummos</strong></span> 
     </span>
    </p>
   </div>
   <div class='ocr_carea' id='block_1_5' title="bbox 517 521 2100 602">
    <p class='ocr_par' dir='ltr' id='par_1_5' title="bbox 517 521 2100 602">
     <span class='ocr_line' id='line_1_5' title="bbox 517 521 2100 602; baseline -0.014 -7"><span class='ocrx_word' id='word_1_25' title='bbox 517 555 610 595; x_wconf 68' lang='lat' dir='ltr'><strong>sim:</strong></span> <span class='ocrx_word' id='word_1_26' title='bbox 636 537 794 592; x_wconf 83' lang='lat' dir='ltr'><strong>uncia</strong></span> <span class='ocrx_word' id='word_1_27' title='bbox 823 536 1168 602; x_wconf 78' lang='lat' dir='ltr'><strong>compleatur.</strong></span> <span class='ocrx_word' id='word_1_28' title='bbox 1192 529 1332 583; x_wconf 90' lang='lat' dir='ltr'><strong>Tum</strong></span> <span class='ocrx_word' id='word_1_29' title='bbox 1365 543 1494 597; x_wconf 90' lang='lat' dir='ltr'><strong>ergo</strong></span> <span class='ocrx_word' id='word_1_30' title='bbox 1527 528 1736 580; x_wconf 89' lang='lat' dir='ltr'><strong>solidus</strong></span> <span class='ocrx_word' id='word_1_31' title='bbox 1771 526 1835 578; x_wconf 87' lang='lat' dir='ltr'><strong>ad</strong></span> <span class='ocrx_word' id='word_1_32' title='bbox 1869 539 1993 576; x_wconf 66' lang='lat' dir='ltr'><strong>xxxv</strong></span> <span class='ocrx_word' id='word_1_33' title='bbox 2022 521 2100 576; x_wconf 84' lang='lat' dir='ltr'><strong>si-</strong></span> 
     </span>
    </p>
   </div>
   <div class='ocr_carea' id='block_1_6' title="bbox 517 612 2102 697">
    <p class='ocr_par' dir='ltr' id='par_1_6' title="bbox 517 612 2102 697">
     <span class='ocr_line' id='line_1_6' title="bbox 517 612 2102 697; baseline -0.013 -12"><span class='ocrx_word' id='word_1_34' title='bbox 517 631 716 697; x_wconf 88' lang='lat' dir='ltr'><strong>liquas,</strong></span> <span class='ocrx_word' id='word_1_35' title='bbox 749 627 979 695; x_wconf 79' lang='grc' dir='ltr'><strong>κεράτια</strong></span> <span class='ocrx_word' id='word_1_36' title='bbox 1025 637 1158 676; x_wconf 81' lang='lat' dir='ltr'><strong>xvm</strong></span> <span class='ocrx_word' id='word_1_37' title='bbox 1191 620 1449 674; x_wconf 90' lang='lat' dir='ltr'><strong>redactus</strong></span> <span class='ocrx_word' id='word_1_38' title='bbox 1480 626 1586 674; x_wconf 88' lang='lat' dir='ltr'><strong>est.</strong></span> <span class='ocrx_word' id='word_1_39' title='bbox 1630 616 1832 670; x_wconf 75' lang='lat' dir='ltr'><strong>Verum</strong></span> <span class='ocrx_word' id='word_1_40' title='bbox 1872 612 2102 685; x_wconf 66' lang='grc' dir='ltr'><strong>κεράτια.</strong></span> 
     </span>
    </p>
   </div>
   <div class='ocr_carea' id='block_1_7' title="bbox 517 703 2104 782">
    <p class='ocr_par' dir='ltr' id='par_1_7' title="bbox 517 703 2104 782">
     <span class='ocr_line' id='line_1_7' title="bbox 517 703 2104 782; baseline -0.011 -13"><span class='ocrx_word' id='word_1_41' title='bbox 517 732 641 769; x_wconf 89' lang='lat' dir='ltr'><strong>cum</strong></span> <span class='ocrx_word' id='word_1_42' title='bbox 674 714 894 782; x_wconf 87' lang='lat' dir='ltr'><strong>siliquis</strong></span> <span class='ocrx_word' id='word_1_43' title='bbox 927 711 1187 779; x_wconf 88' lang='lat' dir='ltr'><strong>deinceps</strong></span> <span class='ocrx_word' id='word_1_44' title='bbox 1221 707 1453 762; x_wconf 88' lang='lat' dir='ltr'><strong>confusa</strong></span> <span class='ocrx_word' id='word_1_45' title='bbox 1483 714 1642 771; x_wconf 90' lang='lat' dir='ltr'><strong>sunt;</strong></span> <span class='ocrx_word' id='word_1_46' title='bbox 1699 703 1944 772; x_wconf 80' lang='lat' dir='ltr'><strong>adeoque</strong></span> <span class='ocrx_word' id='word_1_47' title='bbox 1978 717 2104 754; x_wconf 69' lang='lat' dir='ltr'><strong>xxxv</strong></span> 
     </span>
    </p>
   </div>
   <div class='ocr_carea' id='block_1_8' title="bbox 517 791 2102 874">
    <p class='ocr_par' dir='ltr' id='par_1_8' title="bbox 517 791 2102 874">
     <span class='ocr_line' id='line_1_8' title="bbox 517 791 2102 874; baseline -0.009 -16"><span class='ocrx_word' id='word_1_48' title='bbox 517 805 769 874; x_wconf 77' lang='grc' dir='ltr'><strong>κεράτια,</strong></span> <span class='ocrx_word' id='word_1_49' title='bbox 819 801 1040 872; x_wconf 87' lang='lat' dir='ltr'><strong>perinde</strong></span> <span class='ocrx_word' id='word_1_50' title='bbox 1091 814 1154 852; x_wconf 88' lang='lat' dir='ltr'><strong>ac</strong></span> <span class='ocrx_word' id='word_1_51' title='bbox 1205 798 1417 865; x_wconf 77' lang='lat' dir='ltr'><strong>siliquae</strong></span> <span class='ocrx_word' id='word_1_52' title='bbox 1467 810 1614 858; x_wconf 73' lang='lat' dir='ltr'><strong>xxrv,</strong></span> <span class='ocrx_word' id='word_1_53' title='bbox 1669 792 1845 847; x_wconf 88' lang='lat' dir='ltr'><strong>solido</strong></span> <span class='ocrx_word' id='word_1_54' title='bbox 1900 791 2102 844; x_wconf 87' lang='lat' dir='ltr'><strong>tributa</strong></span> 
     </span>
    </p>
   </div>
   <div class='ocr_carea' id='block_1_9' title="bbox 519 885 2104 959">
    <p class='ocr_par' dir='ltr' id='par_1_9' title="bbox 519 885 2104 959">
     <span class='ocr_line' id='line_1_9' title="bbox 519 885 2104 959; baseline -0.012 -9"><span class='ocrx_word' id='word_1_55' title='bbox 519 906 666 950; x_wconf 81' lang='lat' dir='ltr'><strong>Sunt.</strong></span> <span class='ocrx_word' id='word_1_56' title='bbox 708 894 974 946; x_wconf 87' lang='lat' dir='ltr'><strong>Drachma</strong></span> <span class='ocrx_word' id='word_1_57' title='bbox 1005 889 1202 959; x_wconf 80' lang='lat' dir='ltr'><strong>(inquit</strong></span> <span class='ocrx_word' id='word_1_58' title='bbox 1228 887 1490 953; x_wconf 88' lang='lat' dir='ltr'><strong>Isidorus)</strong></span> <span class='ocrx_word' id='word_1_59' title='bbox 1522 885 1687 937; x_wconf 86' lang='lat' dir='ltr'><strong>tribus</strong></span> <span class='ocrx_word' id='word_1_60' title='bbox 1715 892 1922 937; x_wconf 83' lang='lat' dir='ltr'><strong>constat</strong></span> <span class='ocrx_word' id='word_1_61' title='bbox 1953 897 2104 934; x_wconf 82' lang='lat' dir='ltr'><strong>scru-</strong></span> 
     </span>
    </p>
   </div>
   <div class='ocr_carea' id='block_1_10' title="bbox 519 977 2107 1055">
    <p class='ocr_par' dir='ltr' id='par_1_10' title="bbox 519 977 2107 1055">
     <span class='ocr_line' id='line_1_10' title="bbox 519 977 2107 1055; baseline -0.005 -17"><span class='ocrx_word' id='word_1_62' title='bbox 519 990 680 1055; x_wconf 85' lang='lat' dir='ltr'><strong>pulis,</strong></span> <span class='ocrx_word' id='word_1_63' title='bbox 707 987 763 1038; x_wconf 80' lang='lat' dir='ltr'><strong>id</strong></span> <span class='ocrx_word' id='word_1_64' title='bbox 787 996 862 1038; x_wconf 76' lang='lat' dir='ltr'><strong>est</strong></span> <span class='ocrx_word' id='word_1_65' title='bbox 890 999 1023 1037; x_wconf 83' lang='lat' dir='ltr'><strong>xvut</strong></span> <span class='ocrx_word' id='word_1_66' title='bbox 1045 982 1275 1050; x_wconf 73' lang='lat' dir='ltr'><strong>siliquis.</strong></span> <span class='ocrx_word' id='word_1_67' title='bbox 1317 981 1456 1049; x_wconf 86' lang='lat' dir='ltr'><strong>Ergo</strong></span> <span class='ocrx_word' id='word_1_68' title='bbox 1482 979 1533 1031; x_wconf 94' lang='lat' dir='ltr'><strong>in</strong></span> <span class='ocrx_word' id='word_1_69' title='bbox 1558 979 1718 1031; x_wconf 91' lang='lat' dir='ltr'><strong>uncia</strong></span> <span class='ocrx_word' id='word_1_70' title='bbox 1742 977 1954 1046; x_wconf 79' lang='lat' dir='ltr'><strong>siliquae</strong></span> <span class='ocrx_word' id='word_1_71' title='bbox 1979 986 2107 1030; x_wconf 90' lang='lat' dir='ltr'><strong>sunt</strong></span> 
     </span>
    </p>
   </div>
   <div class='ocr_carea' id='block_1_11' title="bbox 520 1067 2106 1142">
    <p class='ocr_par' dir='ltr' id='par_1_11' title="bbox 520 1067 2106 1142">
     <span class='ocr_line' id='line_1_11' title="bbox 520 1067 2106 1142; baseline -0.007 -11"><span class='ocrx_word' id='word_1_72' title='bbox 520 1094 699 1131; x_wconf 77' lang='lat' dir='ltr'><strong>cxuv.</strong></span> <span class='ocrx_word' id='word_1_73' title='bbox 759 1075 890 1142; x_wconf 71' lang='lat' dir='ltr'><strong>Quze</strong></span> <span class='ocrx_word' id='word_1_74' title='bbox 941 1075 988 1128; x_wconf 90' lang='lat' dir='ltr'><strong>si</strong></span> <span class='ocrx_word' id='word_1_75' title='bbox 1023 1087 1120 1142; x_wconf 86' lang='lat' dir='ltr'><strong>per</strong></span> <span class='ocrx_word' id='word_1_76' title='bbox 1151 1078 1386 1140; x_wconf 90' lang='lat' dir='ltr'><strong>quatuor</strong></span> <span class='ocrx_word' id='word_1_77' title='bbox 1420 1069 1758 1128; x_wconf 87' lang='lat' dir='ltr'><strong>dividantur,</strong></span> <span class='ocrx_word' id='word_1_78' title='bbox 1815 1067 1950 1120; x_wconf 92' lang='lat' dir='ltr'><strong>dant</strong></span> <span class='ocrx_word' id='word_1_79' title='bbox 1979 1068 2106 1120; x_wconf 85' lang='lat' dir='ltr'><strong>uni-</strong></span> 
     </span>
    </p>
   </div>
   <div class='ocr_carea' id='block_1_12' title="bbox 522 1159 2107 1237">
    <p class='ocr_par' dir='ltr' id='par_1_12' title="bbox 522 1159 2107 1237">
     <span class='ocr_line' id='line_1_12' title="bbox 522 1159 2107 1237; baseline -0.008 -15"><span class='ocrx_word' id='word_1_80' title='bbox 522 1171 722 1237; x_wconf 81' lang='lat' dir='ltr'><strong>cuique</strong></span> <span class='ocrx_word' id='word_1_81' title='bbox 756 1165 932 1220; x_wconf 90' lang='lat' dir='ltr'><strong>solido</strong></span> <span class='ocrx_word' id='word_1_82' title='bbox 956 1163 1128 1218; x_wconf 90' lang='lat' dir='ltr'><strong>veteri</strong></span> <span class='ocrx_word' id='word_1_83' title='bbox 1159 1163 1388 1230; x_wconf 80' lang='lat' dir='ltr'><strong>siliquas</strong></span> <span class='ocrx_word' id='word_1_84' title='bbox 1411 1177 1572 1213; x_wconf 71' lang='lat' dir='ltr'><strong>xxxv:</strong></span> <span class='ocrx_word' id='word_1_85' title='bbox 1605 1176 1619 1224; x_wconf 92' lang='lat'><strong>;</strong></span> <span class='ocrx_word' id='word_1_86' title='bbox 1661 1160 1706 1214; x_wconf 89' lang='lat' dir='ltr'><strong>si</strong></span> <span class='ocrx_word' id='word_1_87' title='bbox 1741 1175 1838 1228; x_wconf 89' lang='lat' dir='ltr'><strong>per</strong></span> <span class='ocrx_word' id='word_1_88' title='bbox 1864 1173 1980 1220; x_wconf 83' lang='lat' dir='ltr'><strong>sex,</strong></span> <span class='ocrx_word' id='word_1_89' title='bbox 2011 1159 2107 1212; x_wconf 87' lang='lat' dir='ltr'><strong>da-</strong></span> 
     </span>
    </p>
   </div>
   <div class='ocr_carea' id='block_1_13' title="bbox 523 1249 2108 1320">
    <p class='ocr_par' dir='ltr' id='par_1_13' title="bbox 523 1249 2108 1320">
     <span class='ocr_line' id='line_1_13' title="bbox 523 1249 2108 1320; baseline -0.008 -7"><span class='ocrx_word' id='word_1_90' title='bbox 523 1262 656 1313; x_wconf 86' lang='lat' dir='ltr'><strong>bunt</strong></span> <span class='ocrx_word' id='word_1_91' title='bbox 679 1257 902 1312; x_wconf 69' lang='lat' dir='ltr'><strong>sextula:</strong></span> <span class='ocrx_word' id='word_1_92' title='bbox 949 1255 1066 1310; x_wconf 86' lang='lat' dir='ltr'><strong>sive</strong></span> <span class='ocrx_word' id='word_1_93' title='bbox 1087 1252 1265 1308; x_wconf 88' lang='lat' dir='ltr'><strong>solido</strong></span> <span class='ocrx_word' id='word_1_94' title='bbox 1293 1252 1519 1320; x_wconf 80' lang='lat' dir='ltr'><strong>siliquas</strong></span> <span class='ocrx_word' id='word_1_95' title='bbox 1539 1267 1684 1313; x_wconf 72' lang='lat' dir='ltr'><strong>xxxv,</strong></span> <span class='ocrx_word' id='word_1_96' title='bbox 1715 1265 1834 1318; x_wconf 74' lang='lat' dir='ltr'><strong>quae</strong></span> <span class='ocrx_word' id='word_1_97' title='bbox 1864 1258 1919 1303; x_wconf 92' lang='lat' dir='ltr'><strong>et</strong></span> <span class='ocrx_word' id='word_1_98' title='bbox 1942 1249 2108 1319; x_wconf 79' lang='grc' dir='ltr'>κερά-</span> 
     </span>
    </p>
   </div>
   <div class='ocr_carea' id='block_1_14' title="bbox 518 1340 2098 1413">
    <p class='ocr_par' dir='ltr' id='par_1_14' title="bbox 518 1340 2098 1413">
     <span class='ocr_line' id='line_1_14' title="bbox 518 1340 2098 1413; baseline -0.007 -8"><span class='ocrx_word' id='word_1_99' title='bbox 518 1365 612 1405; x_wconf 66' lang='grc' dir='ltr'><strong>τια</strong></span> <span class='ocrx_word' id='word_1_100' title='bbox 663 1354 947 1402; x_wconf 86' lang='lat' dir='ltr'><strong>vocarunt.</strong></span> <span class='ocrx_word' id='word_1_101' title='bbox 1003 1346 1241 1413; x_wconf 84' lang='lat' dir='ltr'><strong>Apparet</strong></span> <span class='ocrx_word' id='word_1_102' title='bbox 1278 1358 1408 1411; x_wconf 86' lang='lat' dir='ltr'><strong>ergo</strong></span> <span class='ocrx_word' id='word_1_103' title='bbox 1441 1357 1641 1395; x_wconf 77' lang='lat' dir='ltr'><strong>ccxvui</strong></span> <span class='ocrx_word' id='word_1_104' title='bbox 1685 1340 1917 1410; x_wconf 77' lang='grc' dir='ltr'>κεράτια</span> <span class='ocrx_word' id='word_1_105' title='bbox 1951 1350 2098 1394; x_wconf 89' lang='lat' dir='ltr'><strong>recte</strong></span> 
     </span>
    </p>
   </div>
   <div class='ocr_carea' id='block_1_15' title="bbox 519 1420 2127 1500">
    <p class='ocr_par' dir='ltr' id='par_1_15' title="bbox 519 1420 2127 1500">
     <span class='ocr_line' id='line_1_15' title="bbox 519 1420 2127 1500; baseline -0.005 -7"><span class='ocrx_word' id='word_1_106' title='bbox 519 1453 714 1493; x_wconf 79' lang='lat' dir='ltr'><strong>novem</strong></span> <span class='ocrx_word' id='word_1_107' title='bbox 755 1437 994 1491; x_wconf 90' lang='lat' dir='ltr'><strong>nummis</strong></span> <span class='ocrx_word' id='word_1_108' title='bbox 1048 1435 1162 1489; x_wconf 90' lang='lat' dir='ltr'><strong>sive</strong></span> <span class='ocrx_word' id='word_1_109' title='bbox 1223 1433 1415 1488; x_wconf 83' lang='lat' dir='ltr'><strong>solidis</strong></span> <span class='ocrx_word' id='word_1_110' title='bbox 1467 1433 1934 1500; x_wconf 88' lang='lat' dir='ltr'><strong>imputari;quos</strong></span> <span class='ocrx_word' id='word_1_111' title='bbox 1986 1420 2127 1485; x_wconf 82' lang='lat' dir='ltr'><strong>esse</strong></span> 
     </span>
    </p>
   </div>
   <div class='ocr_carea' id='block_1_16' title="bbox 517 1523 2106 1586">
    <p class='ocr_par' dir='ltr' id='par_1_16' title="bbox 517 1523 2106 1586">
     <span class='ocr_line' id='line_1_16' title="bbox 517 1523 2106 1586; baseline -0.006 -2"><span class='ocrx_word' id='word_1_112' title='bbox 517 1532 709 1584; x_wconf 80' lang='lat' dir='ltr'><strong>Glossa</strong></span> <span class='ocrx_word' id='word_1_113' title='bbox 745 1530 877 1584; x_wconf 89' lang='lat' dir='ltr'><strong>dicit</strong></span> <span class='ocrx_word' id='word_1_114' title='bbox 912 1528 1256 1580; x_wconf 84' lang='lat' dir='ltr'><strong>miliarenses</strong></span> <span class='ocrx_word' id='word_1_115' title='bbox 1288 1524 1522 1586; x_wconf 83' lang='grc' dir='ltr'>λεπτούς</span> <span class='ocrx_word' id='word_1_116' title='bbox 1553 1539 1712 1576; x_wconf 75' lang='lat' dir='ltr'><strong>cxxv.</strong></span> <span class='ocrx_word' id='word_1_117' title='bbox 1768 1524 1808 1576; x_wconf 90' lang='lat' dir='ltr'><strong>li</strong></span> <span class='ocrx_word' id='word_1_118' title='bbox 1854 1523 1907 1576; x_wconf 93' lang='lat' dir='ltr'><strong>in</strong></span> <span class='ocrx_word' id='word_1_119' title='bbox 1938 1537 2106 1574; x_wconf 90' lang='lat' dir='ltr'><strong>unum</strong></span> 
     </span>
    </p>
   </div>
   <div class='ocr_carea' id='block_1_17' title="bbox 519 1614 2079 1686">
    <p class='ocr_par' dir='ltr' id='par_1_17' title="bbox 519 1614 2079 1686">
     <span class='ocr_line' id='line_1_17' title="bbox 519 1614 2079 1686; baseline -0.005 -14"><span class='ocrx_word' id='word_1_120' title='bbox 519 1621 800 1672; x_wconf 78' lang='lat' dir='ltr'><strong>sacculum</strong></span> <span class='ocrx_word' id='word_1_121' title='bbox 833 1619 1018 1686; x_wconf 87' lang='lat' dir='ltr'><strong>injecti</strong></span> <span class='ocrx_word' id='word_1_122' title='bbox 1053 1617 1234 1669; x_wconf 79' lang='lat' dir='ltr'><strong>follem</strong></span> <span class='ocrx_word' id='word_1_123' title='bbox 1268 1614 1653 1670; x_wconf 83' lang='lat' dir='ltr'><strong>conﬁciebant.</strong></span> <span class='ocrx_word' id='word_1_124' title='bbox 1680 1614 1875 1667; x_wconf 87' lang='lat' dir='ltr'><strong>Iisdem</strong></span> <span class='ocrx_word' id='word_1_125' title='bbox 1901 1629 1966 1666; x_wconf 79' lang='lat' dir='ltr'><strong>ex</strong></span> <span class='ocrx_word' id='word_1_126' title='bbox 1987 1627 2079 1666; x_wconf 90' lang='lat' dir='ltr'><strong>sac</strong></span> 
     </span>
    </p>
   </div>
   <div class='ocr_carea' id='block_1_18' title="bbox 518 1704 2107 1775">
    <p class='ocr_par' dir='ltr' id='par_1_18' title="bbox 518 1704 2107 1775">
     <span class='ocr_line' id='line_1_18' title="bbox 518 1704 2107 1775; baseline -0.003 -14"><span class='ocrx_word' id='word_1_127' title='bbox 518 1709 660 1762; x_wconf 86' lang='lat' dir='ltr'><strong>culis</strong></span> <span class='ocrx_word' id='word_1_128' title='bbox 705 1708 1034 1775; x_wconf 86' lang='lat' dir='ltr'><strong>stipendium</strong></span> <span class='ocrx_word' id='word_1_129' title='bbox 1081 1706 1339 1768; x_wconf 90' lang='lat' dir='ltr'><strong>militare,</strong></span> <span class='ocrx_word' id='word_1_130' title='bbox 1377 1706 1461 1759; x_wconf 86' lang='lat' dir='ltr'><strong>vel</strong></span> <span class='ocrx_word' id='word_1_131' title='bbox 1507 1705 1828 1758; x_wconf 82' lang='lat' dir='ltr'><strong>donativum</strong></span> <span class='ocrx_word' id='word_1_132' title='bbox 1871 1704 1924 1755; x_wconf 92' lang='lat' dir='ltr'><strong>in</strong></span> <span class='ocrx_word' id='word_1_133' title='bbox 1957 1704 2107 1771; x_wconf 82' lang='lat' dir='ltr'><strong>cjns-</strong></span> 
     </span>
    </p>
   </div>
   <div class='ocr_carea' id='block_1_19' title="bbox 523 1782 3733 1864">
    <p class='ocr_par' dir='ltr' id='par_1_19' title="bbox 523 1782 3733 1864">
     <span class='ocr_line' id='line_1_19' title="bbox 523 1782 3733 1864; baseline -0.003 -16"><span class='ocrx_word' id='word_1_134' title='bbox 523 1798 668 1850; x_wconf 85' lang='lat' dir='ltr'><strong>modi</strong></span> <span class='ocrx_word' id='word_1_135' title='bbox 697 1797 1117 1849; x_wconf 80' lang='lat' dir='ltr'><strong>miliariensium</strong></span> <span class='ocrx_word' id='word_1_136' title='bbox 1149 1796 1331 1862; x_wconf 82' lang='lat' dir='ltr'><strong>specie</strong></span> <span class='ocrx_word' id='word_1_137' title='bbox 1355 1794 1786 1864; x_wconf 86' lang='lat' dir='ltr'><strong>persolvebatur.</strong></span> <span class='ocrx_word' id='word_1_138' title='bbox 1823 1793 1977 1848; x_wconf 88' lang='lat' dir='ltr'><strong>Unde</strong></span> <span class='ocrx_word' id='word_1_139' title='bbox 2010 1795 2113 1844; x_wconf 90' lang='lat' dir='ltr'><strong>mi-</strong></span> <span class='ocrx_word' id='word_1_140' title='bbox 2149 1782 2187 1834; x_wconf 79' lang='grc' dir='ltr'>Β</span> <span class='ocrx_word' id='word_1_141' title='bbox 2219 1794 2440 1847; x_wconf 90' lang='lat' dir='ltr'><strong>modum</strong></span> <span class='ocrx_word' id='word_1_142' title='bbox 2489 1793 2542 1846; x_wconf 89' lang='lat' dir='ltr'><strong>in</strong></span> <span class='ocrx_word' id='word_1_143' title='bbox 2598 1793 2852 1862; x_wconf 68' lang='lat' dir='ltr'><strong>praetoris</strong></span> <span class='ocrx_word' id='word_1_144' title='bbox 2898 1791 3107 1845; x_wconf 82' lang='lat' dir='ltr'><strong>(&#39;clinit.</strong></span> <span class='ocrx_word' id='word_1_145' title='bbox 3149 1789 3348 1844; x_wconf 64' lang='lat' dir='ltr'><strong>Primae</strong></span> <span class='ocrx_word' id='word_1_146' title='bbox 3373 1798 3618 1859; x_wconf 53' lang='lat' dir='ltr'><strong>praetura,</strong></span> <span class='ocrx_word' id='word_1_147' title='bbox 3645 1803 3733 1856; x_wconf 70' lang='lat' dir='ltr'><strong>qua</strong></span> 
     </span>
    </p>
   </div>
   <div class='ocr_carea' id='block_1_20' title="bbox 523 1883 2104 1953">
    <p class='ocr_par' dir='ltr' id='par_1_20' title="bbox 523 1883 2104 1953">
     <span class='ocr_line' id='line_1_20' title="bbox 523 1883 2104 1953; baseline -0.003 -13"><span class='ocrx_word' id='word_1_148' title='bbox 523 1887 870 1940; x_wconf 74' lang='lat' dir='ltr'><strong>liariensibus</strong></span> <span class='ocrx_word' id='word_1_149' title='bbox 897 1901 1094 1940; x_wconf 86' lang='lat' dir='ltr'><strong>nomen</strong></span> <span class='ocrx_word' id='word_1_150' title='bbox 1122 1885 1354 1938; x_wconf 91' lang='lat' dir='ltr'><strong>inditum</strong></span> <span class='ocrx_word' id='word_1_151' title='bbox 1373 1883 1544 1938; x_wconf 57' lang='lat' dir='ltr'><strong>Graeci</strong></span> <span class='ocrx_word' id='word_1_152' title='bbox 1574 1884 1778 1953; x_wconf 85' lang='lat' dir='ltr'><strong>passim</strong></span> <span class='ocrx_word' id='word_1_153' title='bbox 1801 1892 2104 1936; x_wconf 84' lang='lat' dir='ltr'><strong>autumant.</strong></span> 
     </span>
    </p>
   </div>
   <div class='ocr_carea' id='block_1_21' title="bbox 521 1970 2109 2044">
    <p class='ocr_par' dir='ltr' id='par_1_21' title="bbox 521 1970 2109 2044">
     <span class='ocr_line' id='line_1_21' title="bbox 521 1970 2109 2044; baseline -0.004 -15"><span class='ocrx_word' id='word_1_154' title='bbox 521 1977 677 2043; x_wconf 83' lang='lat' dir='ltr'><strong>Apud</strong></span> <span class='ocrx_word' id='word_1_155' title='bbox 698 1975 915 2030; x_wconf 88' lang='lat' dir='ltr'><strong>easdem</strong></span> <span class='ocrx_word' id='word_1_156' title='bbox 950 1975 1072 2029; x_wconf 84' lang='lat' dir='ltr'><strong>illas</strong></span> <span class='ocrx_word' id='word_1_157' title='bbox 1086 1973 1332 2033; x_wconf 87' lang='lat' dir='ltr'><strong>Glossas,</strong></span> <span class='ocrx_word' id='word_1_158' title='bbox 1361 1973 1694 2044; x_wconf 73' lang='grc' dir='ltr'>μιλιαρίσιον</span> <span class='ocrx_word' id='word_1_159' title='bbox 1722 1970 2109 2042; x_wconf 84' lang='grc' dir='ltr'>στρατιωτικὸν</span> 
     </span>
    </p>
   </div>
   <div class='ocr_carea' id='block_1_22' title="bbox 523 2063 2108 2138">
    <p class='ocr_par' dir='ltr' id='par_1_22' title="bbox 523 2063 2108 2138">
     <span class='ocr_line' id='line_1_22' title="bbox 523 2063 2108 2138; baseline -0.006 -16"><span class='ocrx_word' id='word_1_160' title='bbox 523 2069 719 2138; x_wconf 83' lang='grc' dir='ltr'>δῶρον,</span> <span class='ocrx_word' id='word_1_161' title='bbox 759 2076 814 2122; x_wconf 91' lang='lat' dir='ltr'><strong>et</strong></span> <span class='ocrx_word' id='word_1_162' title='bbox 845 2067 974 2120; x_wconf 88' lang='lat' dir='ltr'><strong>alibi</strong></span> <span class='ocrx_word' id='word_1_163' title='bbox 1002 2067 1229 2136; x_wconf 90' lang='lat' dir='ltr'><strong>passim.</strong></span> <span class='ocrx_word' id='word_1_164' title='bbox 1267 2064 1377 2118; x_wconf 87' lang='lat' dir='ltr'><strong>Nec</strong></span> <span class='ocrx_word' id='word_1_165' title='bbox 1409 2065 1569 2118; x_wconf 89' lang='lat' dir='ltr'><strong>aliam</strong></span> <span class='ocrx_word' id='word_1_166' title='bbox 1601 2066 1670 2118; x_wconf 88' lang='lat' dir='ltr'><strong>ab</strong></span> <span class='ocrx_word' id='word_1_167' title='bbox 1697 2064 1807 2117; x_wconf 93' lang='lat' dir='ltr'><strong>ullo</strong></span> <span class='ocrx_word' id='word_1_168' title='bbox 1837 2063 2108 2132; x_wconf 85' lang='lat' dir='ltr'><strong>proditam</strong></span> 
     </span>
    </p>
   </div>
   <div class='ocr_carea' id='block_1_23' title="bbox 523 2154 2108 2225">
    <p class='ocr_par' dir='ltr' id='par_1_23' title="bbox 523 2154 2108 2225">
     <span class='ocr_line' id='line_1_23' title="bbox 523 2154 2108 2225; baseline -0.004 -13"><span class='ocrx_word' id='word_1_169' title='bbox 523 2159 773 2212; x_wconf 85' lang='lat' dir='ltr'><strong>vocabuli</strong></span> <span class='ocrx_word' id='word_1_170' title='bbox 826 2159 986 2212; x_wconf 88' lang='lat' dir='ltr'><strong>istius</strong></span> <span class='ocrx_word' id='word_1_171' title='bbox 1033 2156 1299 2225; x_wconf 77' lang='lat' dir='ltr'><strong>originem</strong></span> <span class='ocrx_word' id='word_1_172' title='bbox 1350 2163 1569 2209; x_wconf 78' lang='lat' dir='ltr'><strong>exstare</strong></span> <span class='ocrx_word' id='word_1_173' title='bbox 1604 2154 1864 2216; x_wconf 89' lang='lat' dir='ltr'><strong>memini;</strong></span> <span class='ocrx_word' id='word_1_174' title='bbox 1911 2167 2034 2221; x_wconf 73' lang='lat' dir='ltr'><strong>qua:</strong></span> <span class='ocrx_word' id='word_1_175' title='bbox 2079 2168 2108 2206; x_wconf 88' lang='lat' dir='ltr'><strong>a</strong></span> 
     </span>
    </p>
   </div>
   <div class='ocr_carea' id='block_1_24' title="bbox 523 2243 2111 2314">
    <p class='ocr_par' dir='ltr' id='par_1_24' title="bbox 523 2243 2111 2314">
     <span class='ocr_line' id='line_1_24' title="bbox 523 2243 2111 2314; baseline -0.007 -10"><span class='ocrx_word' id='word_1_176' title='bbox 523 2250 726 2305; x_wconf 90' lang='lat' dir='ltr'><strong>nostris</strong></span> <span class='ocrx_word' id='word_1_177' title='bbox 757 2257 939 2302; x_wconf 91' lang='lat' dir='ltr'><strong>tamen</strong></span> <span class='ocrx_word' id='word_1_178' title='bbox 973 2248 1172 2301; x_wconf 91' lang='lat' dir='ltr'><strong>merito</strong></span> <span class='ocrx_word' id='word_1_179' title='bbox 1203 2245 1491 2314; x_wconf 89' lang='lat' dir='ltr'><strong>rejicitur;</strong></span> <span class='ocrx_word' id='word_1_180' title='bbox 1552 2259 1676 2297; x_wconf 91' lang='lat' dir='ltr'><strong>nam</strong></span> <span class='ocrx_word' id='word_1_181' title='bbox 1713 2259 1745 2296; x_wconf 92' lang='lat' dir='ltr'><strong>a</strong></span> <span class='ocrx_word' id='word_1_182' title='bbox 1790 2243 1986 2295; x_wconf 84' lang='lat' dir='ltr'><strong>militia</strong></span> <span class='ocrx_word' id='word_1_183' title='bbox 2017 2248 2111 2294; x_wconf 90' lang='lat' dir='ltr'><strong>aut</strong></span> 
     </span>
    </p>
   </div>
   <div class='ocr_carea' id='block_1_25' title="bbox 522 2331 2107 2400">
    <p class='ocr_par' dir='ltr' id='par_1_25' title="bbox 522 2331 2107 2400">
     <span class='ocr_line' id='line_1_25' title="bbox 522 2331 2107 2400; baseline -0.006 -6"><span class='ocrx_word' id='word_1_184' title='bbox 522 2341 688 2394; x_wconf 81' lang='lat' dir='ltr'><strong>milite</strong></span> <span class='ocrx_word' id='word_1_185' title='bbox 711 2355 820 2393; x_wconf 92' lang='lat' dir='ltr'><strong>non</strong></span> <span class='ocrx_word' id='word_1_186' title='bbox 853 2338 1223 2400; x_wconf 81' lang='lat' dir='ltr'><strong>miliariensis,</strong></span> <span class='ocrx_word' id='word_1_187' title='bbox 1251 2336 1346 2391; x_wconf 88' lang='lat' dir='ltr'><strong>sed</strong></span> <span class='ocrx_word' id='word_1_188' title='bbox 1374 2335 1721 2388; x_wconf 75' lang='lat' dir='ltr'><strong>militarensis</strong></span> <span class='ocrx_word' id='word_1_189' title='bbox 1751 2333 1868 2387; x_wconf 86' lang='lat' dir='ltr'><strong>fieri</strong></span> <span class='ocrx_word' id='word_1_190' title='bbox 1893 2331 2107 2386; x_wconf 84' lang='lat' dir='ltr'><strong>debuit.</strong></span> 
     </span>
    </p>
   </div>
   <div class='ocr_carea' id='block_1_26' title="bbox 521 2421 2108 2497">
    <p class='ocr_par' dir='ltr' id='par_1_26' title="bbox 521 2421 2108 2497">
     <span class='ocr_line' id='line_1_26' title="bbox 521 2421 2108 2497; baseline -0.008 -12"><span class='ocrx_word' id='word_1_191' title='bbox 521 2430 700 2497; x_wconf 84' lang='lat' dir='ltr'><strong>Quare</strong></span> <span class='ocrx_word' id='word_1_192' title='bbox 731 2431 778 2483; x_wconf 93' lang='lat' dir='ltr'><strong>si</strong></span> <span class='ocrx_word' id='word_1_193' title='bbox 826 2428 962 2481; x_wconf 90' lang='lat' dir='ltr'><strong>mihi</strong></span> <span class='ocrx_word' id='word_1_194' title='bbox 1002 2427 1055 2480; x_wconf 91' lang='lat' dir='ltr'><strong>in</strong></span> <span class='ocrx_word' id='word_1_195' title='bbox 1101 2427 1335 2481; x_wconf 88' lang='lat' dir='ltr'><strong>obscura</strong></span> <span class='ocrx_word' id='word_1_196' title='bbox 1382 2441 1441 2479; x_wconf 92' lang='lat' dir='ltr'><strong>re</strong></span> <span class='ocrx_word' id='word_1_197' title='bbox 1471 2425 1789 2492; x_wconf 88' lang='lat' dir='ltr'><strong>conjectura</strong></span> <span class='ocrx_word' id='word_1_198' title='bbox 1831 2422 1957 2476; x_wconf 87' lang='lat' dir='ltr'><strong>licet</strong></span> <span class='ocrx_word' id='word_1_199' title='bbox 1990 2421 2108 2485; x_wconf 91' lang='lat' dir='ltr'><strong>uti;</strong></span> 
     </span>
    </p>
   </div>
   <div class='ocr_carea' id='block_1_27' title="bbox 522 2515 2148 2592">
    <p class='ocr_par' dir='ltr' id='par_1_27' title="bbox 522 2515 2148 2592">
     <span class='ocr_line' id='line_1_27' title="bbox 522 2515 2148 2592; baseline -0.005 -16"><span class='ocrx_word' id='word_1_200' title='bbox 522 2522 670 2592; x_wconf 90' lang='lat' dir='ltr'><strong>quod</strong></span> <span class='ocrx_word' id='word_1_201' title='bbox 707 2536 808 2574; x_wconf 88' lang='lat' dir='ltr'><strong>cur</strong></span> <span class='ocrx_word' id='word_1_202' title='bbox 838 2520 1063 2573; x_wconf 91' lang='lat' dir='ltr'><strong>minime</strong></span> <span class='ocrx_word' id='word_1_203' title='bbox 1087 2518 1441 2579; x_wconf 86' lang='lat' dir='ltr'><strong>concedatur,</strong></span> <span class='ocrx_word' id='word_1_204' title='bbox 1488 2533 1594 2568; x_wconf 92' lang='lat' dir='ltr'><strong>non</strong></span> <span class='ocrx_word' id='word_1_205' title='bbox 1629 2516 1820 2580; x_wconf 86' lang='lat' dir='ltr'><strong>video;</strong></span> <span class='ocrx_word' id='word_1_206' title='bbox 1853 2515 2113 2569; x_wconf 91' lang='lat' dir='ltr'><strong>libentius</strong></span> <span class='ocrx_word' id='word_1_207' title='bbox 2143 2545 2148 2550; x_wconf 90' lang='lat'><strong>-</strong></span> 
     </span>
    </p>
   </div>
   <div class='ocr_carea' id='block_1_28' title="bbox 528 2608 2106 2670">
    <p class='ocr_par' dir='ltr' id='par_1_28' title="bbox 528 2608 2106 2670">
     <span class='ocr_line' id='line_1_28' title="bbox 528 2608 2106 2670; baseline -0.006 -1"><span class='ocrx_word' id='word_1_208' title='bbox 528 2615 896 2670; x_wconf 80' lang='lat' dir='ltr'><strong>miliarensem</strong></span> <span class='ocrx_word' id='word_1_209' title='bbox 939 2626 968 2662; x_wconf 92' lang='lat' dir='ltr'><strong>a</strong></span> <span class='ocrx_word' id='word_1_210' title='bbox 1003 2609 1308 2663; x_wconf 89' lang='lat' dir='ltr'><strong>millenario</strong></span> <span class='ocrx_word' id='word_1_211' title='bbox 1343 2623 1572 2662; x_wconf 78' lang='lat' dir='ltr'><strong>numero</strong></span> <span class='ocrx_word' id='word_1_212' title='bbox 1603 2608 1880 2661; x_wconf 84' lang='lat' dir='ltr'><strong>detortum</strong></span> <span class='ocrx_word' id='word_1_213' title='bbox 1923 2608 2106 2660; x_wconf 84' lang='lat' dir='ltr'><strong>existi-</strong></span> 
     </span>
    </p>
   </div>
   <div class='ocr_carea' id='block_1_29' title="bbox 524 2695 2110 2772">
    <p class='ocr_par' dir='ltr' id='par_1_29' title="bbox 524 2695 2110 2772">
     <span class='ocr_line' id='line_1_29' title="bbox 524 2695 2110 2772; baseline -0.006 -14"><span class='ocrx_word' id='word_1_214' title='bbox 524 2719 695 2758; x_wconf 89' lang='lat' dir='ltr'><strong>mem:</strong></span> <span class='ocrx_word' id='word_1_215' title='bbox 728 2699 873 2772; x_wconf 92' lang='lat' dir='ltr'><strong>quod</strong></span> <span class='ocrx_word' id='word_1_216' title='bbox 911 2698 1162 2753; x_wconf 86' lang='lat' dir='ltr'><strong>videlicet</strong></span> <span class='ocrx_word' id='word_1_217' title='bbox 1188 2699 1335 2751; x_wconf 88' lang='lat' dir='ltr'><strong>mille</strong></span> <span class='ocrx_word' id='word_1_218' title='bbox 1379 2697 1691 2750; x_wconf 86' lang='lat' dir='ltr'><strong>istiusmodi</strong></span> <span class='ocrx_word' id='word_1_219' title='bbox 1721 2697 1960 2750; x_wconf 91' lang='lat' dir='ltr'><strong>nummis</strong></span> <span class='ocrx_word' id='word_1_220' title='bbox 1992 2695 2110 2749; x_wconf 88' lang='lat' dir='ltr'><strong>auri</strong></span> 
     </span>
    </p>
   </div>
   <div class='ocr_carea' id='block_1_30' title="bbox 525 2787 2113 2850">
    <p class='ocr_par' dir='ltr' id='par_1_30' title="bbox 525 2787 2113 2850">
     <span class='ocr_line' id='line_1_30' title="bbox 525 2787 2113 2850; baseline -0.007 -2"><span class='ocrx_word' id='word_1_221' title='bbox 525 2796 658 2850; x_wconf 89' lang='lat' dir='ltr'><strong>libra</strong></span> <span class='ocrx_word' id='word_1_222' title='bbox 688 2792 957 2847; x_wconf 66' lang='lat' dir='ltr'><strong>aestimata</strong></span> <span class='ocrx_word' id='word_1_223' title='bbox 983 2789 1164 2843; x_wconf 89' lang='lat' dir='ltr'><strong>fuerit.</strong></span> <span class='ocrx_word' id='word_1_224' title='bbox 1196 2787 1408 2842; x_wconf 87' lang='lat' dir='ltr'><strong>Etenim</strong></span> <span class='ocrx_word' id='word_1_225' title='bbox 1431 2787 1888 2848; x_wconf 88' lang='lat' dir='ltr'><strong>solidorum,sive</strong></span> <span class='ocrx_word' id='word_1_226' title='bbox 1919 2802 2113 2840; x_wconf 86' lang='lat' dir='ltr'><strong>aureo-</strong></span> 
     </span>
    </p>
   </div>
   <div class='ocr_carea' id='block_1_31' title="bbox 525 2877 2112 2946">
    <p class='ocr_par' dir='ltr' id='par_1_31' title="bbox 525 2877 2112 2946">
     <span class='ocr_line' id='line_1_31' title="bbox 525 2877 2112 2946; baseline -0.006 -5"><span class='ocrx_word' id='word_1_227' title='bbox 525 2902 646 2942; x_wconf 91' lang='lat' dir='ltr'><strong>rum</strong></span> <span class='ocrx_word' id='word_1_228' title='bbox 695 2886 751 2939; x_wconf 92' lang='lat' dir='ltr'><strong>in</strong></span> <span class='ocrx_word' id='word_1_229' title='bbox 795 2884 990 2938; x_wconf 88' lang='lat' dir='ltr'><strong>libram</strong></span> <span class='ocrx_word' id='word_1_230' title='bbox 1041 2895 1307 2936; x_wconf 91' lang='lat' dir='ltr'><strong>numerus</strong></span> <span class='ocrx_word' id='word_1_231' title='bbox 1342 2895 1466 2934; x_wconf 93' lang='lat' dir='ltr'><strong>cum</strong></span> <span class='ocrx_word' id='word_1_232' title='bbox 1517 2880 1767 2933; x_wconf 88' lang='lat' dir='ltr'><strong>diversus</strong></span> <span class='ocrx_word' id='word_1_233' title='bbox 1816 2877 2112 2946; x_wconf 85' lang='lat' dir='ltr'><strong>aliquando</strong></span> 
     </span>
    </p>
   </div>
   <div class='ocr_carea' id='block_1_32' title="bbox 525 2970 2110 3041">
    <p class='ocr_par' dir='ltr' id='par_1_32' title="bbox 525 2970 2110 3041">
     <span class='ocr_line' id='line_1_32' title="bbox 525 2970 2110 3041; baseline -0.006 -9"><span class='ocrx_word' id='word_1_234' title='bbox 525 2979 708 3040; x_wconf 90' lang='lat' dir='ltr'><strong>fuerit,</strong></span> <span class='ocrx_word' id='word_1_235' title='bbox 762 2976 976 3030; x_wconf 88' lang='lat' dir='ltr'><strong>tandem</strong></span> <span class='ocrx_word' id='word_1_236' title='bbox 1010 2973 1078 3026; x_wconf 88' lang='lat' dir='ltr'><strong>ad</strong></span> <span class='ocrx_word' id='word_1_237' title='bbox 1128 2990 1274 3027; x_wconf 78' lang='lat' dir='ltr'><strong>Lxxu</strong></span> <span class='ocrx_word' id='word_1_238' title='bbox 1323 2971 1590 3041; x_wconf 79' lang='lat' dir='ltr'><strong>pervenit.</strong></span> <span class='ocrx_word' id='word_1_239' title='bbox 1652 2970 1759 3023; x_wconf 82' lang='lat' dir='ltr'><strong>S.-x</strong></span> <span class='ocrx_word' id='word_1_240' title='bbox 1813 2973 1982 3031; x_wconf 90' lang='lat' dir='ltr'><strong>enim,</strong></span> <span class='ocrx_word' id='word_1_241' title='bbox 2034 2970 2110 3022; x_wconf 89' lang='lat' dir='ltr'><strong>nti</strong></span> 
     </span>
    </p>
   </div>
   <div class='ocr_carea' id='block_1_33' title="bbox 523 3059 2109 3132">
    <p class='ocr_par' dir='ltr' id='par_1_33' title="bbox 523 3059 2109 3132">
     <span class='ocr_line' id='line_1_33' title="bbox 523 3059 2109 3132; baseline -0.008 -8"><span class='ocrx_word' id='word_1_242' title='bbox 523 3073 727 3124; x_wconf 86' lang='lat' dir='ltr'><strong>dictum</strong></span> <span class='ocrx_word' id='word_1_243' title='bbox 758 3074 863 3132; x_wconf 87' lang='lat' dir='ltr'><strong>est,</strong></span> <span class='ocrx_word' id='word_1_244' title='bbox 907 3066 961 3118; x_wconf 94' lang='lat' dir='ltr'><strong>in</strong></span> <span class='ocrx_word' id='word_1_245' title='bbox 1023 3065 1240 3118; x_wconf 90' lang='lat' dir='ltr'><strong>unciam</strong></span> <span class='ocrx_word' id='word_1_246' title='bbox 1277 3062 1547 3132; x_wconf 87' lang='lat' dir='ltr'><strong>percussi.</strong></span> <span class='ocrx_word' id='word_1_247' title='bbox 1601 3059 1726 3114; x_wconf 88' lang='lat' dir='ltr'><strong>Ideo</strong></span> <span class='ocrx_word' id='word_1_248' title='bbox 1772 3061 1981 3114; x_wconf 71' lang='lat' dir='ltr'><strong>sextula</strong></span> <span class='ocrx_word' id='word_1_249' title='bbox 2012 3075 2109 3112; x_wconf 89' lang='lat' dir='ltr'><strong>vo-</strong></span> 
     </span>
    </p>
   </div>
   <div class='ocr_carea' id='block_1_34' title="bbox 522 3150 2108 3228">
    <p class='ocr_par' dir='ltr' id='par_1_34' title="bbox 522 3150 2108 3228">
     <span class='ocr_line' id='line_1_34' title="bbox 522 3150 2108 3228; baseline -0.006 -16"><span class='ocrx_word' id='word_1_250' title='bbox 522 3154 661 3221; x_wconf 85' lang='lat' dir='ltr'><strong>cata,</strong></span> <span class='ocrx_word' id='word_1_251' title='bbox 704 3156 850 3228; x_wconf 91' lang='lat' dir='ltr'><strong>quod</strong></span> <span class='ocrx_word' id='word_1_252' title='bbox 880 3164 1088 3210; x_wconf 78' lang='lat' dir='ltr'><strong>sextam</strong></span> <span class='ocrx_word' id='word_1_253' title='bbox 1113 3154 1285 3208; x_wconf 75' lang='lat' dir='ltr'><strong>uncia:</strong></span> <span class='ocrx_word' id='word_1_254' title='bbox 1316 3163 1522 3223; x_wconf 85' lang='lat' dir='ltr'><strong>partem</strong></span> <span class='ocrx_word' id='word_1_255' title='bbox 1549 3151 1824 3220; x_wconf 89' lang='lat' dir='ltr'><strong>penderet.</strong></span> <span class='ocrx_word' id='word_1_256' title='bbox 1864 3150 2108 3203; x_wconf 79' lang='lat' dir='ltr'><strong>Zonaras</strong></span> 
     </span>
    </p>
   </div>
   <div class='ocr_carea' id='block_1_35' title="bbox 523 3242 2110 3319">
    <p class='ocr_par' dir='ltr' id='par_1_35' title="bbox 523 3242 2110 3319">
     <span class='ocr_line' id='line_1_35' title="bbox 523 3242 2110 3319; baseline -0.006 -15"><span class='ocrx_word' id='word_1_257' title='bbox 523 3254 588 3306; x_wconf 86' lang='lat' dir='ltr'><strong>de</strong></span> <span class='ocrx_word' id='word_1_258' title='bbox 616 3250 923 3319; x_wconf 86' lang='lat' dir='ltr'><strong>Nicephoro</strong></span> <span class='ocrx_word' id='word_1_259' title='bbox 950 3246 1163 3301; x_wconf 88' lang='lat' dir='ltr'><strong>Phoca:</strong></span> <span class='ocrx_word' id='word_1_260' title='bbox 1219 3242 1328 3298; x_wconf 86' lang='grc' dir='ltr'>Ἦν</span> <span class='ocrx_word' id='word_1_261' title='bbox 1359 3245 1415 3297; x_wconf 86' lang='grc' dir='ltr'><strong>δὲ</strong></span> <span class='ocrx_word' id='word_1_262' title='bbox 1456 3243 1592 3314; x_wconf 70' lang='grc' dir='ltr'>πρὸς</span> <span class='ocrx_word' id='word_1_263' title='bbox 1626 3246 1739 3305; x_wconf 80' lang='grc' dir='ltr'>τοῖς</span> <span class='ocrx_word' id='word_1_264' title='bbox 1796 3243 1976 3305; x_wconf 75' lang='grc' dir='ltr'><strong>ἄλλοις</strong></span> <span class='ocrx_word' id='word_1_265' title='bbox 2015 3242 2110 3294; x_wconf 76' lang='grc' dir='ltr'><strong>καὶ</strong></span> 
     </span>
    </p>
   </div>
   <div class='ocr_carea' id='block_1_36' title="bbox 521 3335 2110 3413">
    <p class='ocr_par' dir='ltr' id='par_1_36' title="bbox 521 3335 2110 3413">
     <span class='ocr_line' id='line_1_36' title="bbox 521 3335 2110 3413; baseline -0.004 -18"><span class='ocrx_word' id='word_1_266' title='bbox 521 3343 824 3413; x_wconf 78' lang='grc' dir='ltr'>χρημάτων</span> <span class='ocrx_word' id='word_1_267' title='bbox 849 3341 1050 3409; x_wconf 73' lang='grc' dir='ltr'>ἥττων,</span> <span class='ocrx_word' id='word_1_268' title='bbox 1083 3339 1160 3400; x_wconf 73' lang='grc' dir='ltr'><strong>ὡς</strong></span> <span class='ocrx_word' id='word_1_269' title='bbox 1191 3337 1356 3390; x_wconf 79' lang='grc' dir='ltr'>ἔοικε.</span> <span class='ocrx_word' id='word_1_270' title='bbox 1395 3337 1574 3405; x_wconf 81' lang='grc' dir='ltr'><strong>Μέχρι</strong></span> <span class='ocrx_word' id='word_1_271' title='bbox 1604 3335 1712 3406; x_wconf 75' lang='grc' dir='ltr'>γὰρ</span> <span class='ocrx_word' id='word_1_272' title='bbox 1741 3336 1948 3389; x_wconf 79' lang='grc' dir='ltr'>ἐκείνου</span> <span class='ocrx_word' id='word_1_273' title='bbox 1975 3353 2110 3388; x_wconf 69' lang='grc' dir='ltr'>πειν-</span> 
     </span>
    </p>
   </div>
   <div class='ocr_carea' id='block_1_37' title="bbox 523 3427 2112 3501">
    <p class='ocr_par' dir='ltr' id='par_1_37' title="bbox 523 3427 2112 3501">
     <span class='ocr_line' id='line_1_37' title="bbox 523 3427 2112 3501; baseline -0.006 -15"><span class='ocrx_word' id='word_1_274' title='bbox 523 3436 612 3496; x_wconf 77' lang='grc' dir='ltr'>τὸς</span> <span class='ocrx_word' id='word_1_275' title='bbox 656 3433 986 3501; x_wconf 62' lang='grc' dir='ltr'>νομίσματος</span> <span class='ocrx_word' id='word_1_276' title='bbox 1035 3429 1253 3496; x_wconf 75' lang='grc' dir='ltr'>ἑξαγίου</span> <span class='ocrx_word' id='word_1_277' title='bbox 1304 3427 1544 3496; x_wconf 76' lang='grc' dir='ltr'>σταθμὸν</span> <span class='ocrx_word' id='word_1_278' title='bbox 1592 3428 1860 3490; x_wconf 71' lang='grc' dir='ltr'>ἕλκοντος,</span> <span class='ocrx_word' id='word_1_279' title='bbox 1905 3429 2112 3488; x_wconf 77' lang='grc' dir='ltr'>ἐκεῖνος</span> 
     </span>
    </p>
   </div>
   <div class='ocr_carea' id='block_1_38' title="bbox 523 3518 2112 3594">
    <p class='ocr_par' dir='ltr' id='par_1_38' title="bbox 523 3518 2112 3594">
     <span class='ocr_line' id='line_1_38' title="bbox 523 3518 2112 3594; baseline -0.004 -18"><span class='ocrx_word' id='word_1_280' title='bbox 523 3526 584 3577; x_wconf 87' lang='grc' dir='ltr'><strong>τὸ</strong></span> <span class='ocrx_word' id='word_1_281' title='bbox 611 3521 946 3594; x_wconf 78' lang='grc' dir='ltr'>τεταρτηρὸν</span> <span class='ocrx_word' id='word_1_282' title='bbox 990 3520 1274 3590; x_wconf 78' lang='grc' dir='ltr'>ἐπενόησε,</span> <span class='ocrx_word' id='word_1_283' title='bbox 1325 3518 1633 3581; x_wconf 74' lang='grc' dir='ltr'><strong>κολοϐῶσας</strong></span> <span class='ocrx_word' id='word_1_284' title='bbox 1680 3519 1810 3571; x_wconf 80' lang='grc' dir='ltr'>αὐτὸ</span> <span class='ocrx_word' id='word_1_285' title='bbox 1855 3519 1994 3572; x_wconf 78' lang='grc' dir='ltr'><strong>κα.τὰ</strong></span> <span class='ocrx_word' id='word_1_286' title='bbox 2021 3518 2112 3571; x_wconf 85' lang='grc' dir='ltr'><strong>τὸν</strong></span> 
     </span>
    </p>
   </div>
   <div class='ocr_carea' id='block_1_39' title="bbox 527 3615 787 3683">
    <p class='ocr_par' dir='ltr' id='par_1_39' title="bbox 527 3615 787 3683">
     <span class='ocr_line' id='line_1_39' title="bbox 527 3615 787 3683; baseline 0 -17"><span class='ocrx_word' id='word_1_287' title='bbox 527 3615 787 3683; x_wconf 78' lang='grc' dir='ltr'>σταθμόν.</span> 
     </span>
    </p>
   </div>
   <div class='ocr_carea' id='block_1_40' title="bbox 598 3705 2112 3777">
    <p class='ocr_par' dir='ltr' id='par_1_40' title="bbox 598 3705 2112 3777">
     <span class='ocr_line' id='line_1_40' title="bbox 598 3705 2112 3777; baseline -0.002 -16"><span class='ocrx_word' id='word_1_288' title='bbox 598 3707 655 3762; x_wconf 90' lang='lat' dir='ltr'><strong>Si</strong></span> <span class='ocrx_word' id='word_1_289' title='bbox 709 3708 876 3777; x_wconf 86' lang='lat' dir='ltr'><strong>igitur</strong></span> <span class='ocrx_word' id='word_1_290' title='bbox 927 3706 1270 3759; x_wconf 86' lang='lat' dir='ltr'><strong>miliarenses</strong></span> <span class='ocrx_word' id='word_1_291' title='bbox 1330 3720 1469 3758; x_wconf 77' lang='lat' dir='ltr'><strong>cxxv</strong></span> <span class='ocrx_word' id='word_1_292' title='bbox 1520 3719 1712 3758; x_wconf 84' lang='lat' dir='ltr'><strong>novem</strong></span> <span class='ocrx_word' id='word_1_293' title='bbox 1760 3705 1966 3760; x_wconf 89' lang='lat' dir='ltr'><strong>solidos</strong></span> <span class='ocrx_word' id='word_1_294' title='bbox 2016 3721 2112 3759; x_wconf 66' lang='lat' dir='ltr'><strong>ear--</strong></span> 
     </span>
    </p>
   </div>
   <div class='ocr_carea' id='block_1_41' title="bbox 523 3797 2114 3868">
    <p class='ocr_par' dir='ltr' id='par_1_41' title="bbox 523 3797 2114 3868">
     <span class='ocr_line' id='line_1_41' title="bbox 523 3797 2114 3868; baseline -0.004 -14"><span class='ocrx_word' id='word_1_295' title='bbox 523 3807 769 3868; x_wconf 81' lang='lat' dir='ltr'><strong>:equant,</strong></span> <span class='ocrx_word' id='word_1_296' title='bbox 819 3806 874 3852; x_wconf 88' lang='lat' dir='ltr'><strong>et</strong></span> <span class='ocrx_word' id='word_1_297' title='bbox 923 3813 1019 3851; x_wconf 83' lang='lat' dir='ltr'><strong>CCI.</strong></span> <span class='ocrx_word' id='word_1_298' title='bbox 1073 3797 1279 3852; x_wconf 87' lang='lat' dir='ltr'><strong>solidos</strong></span> <span class='ocrx_word' id='word_1_299' title='bbox 1347 3797 1688 3862; x_wconf 89' lang='lat' dir='ltr'><strong>octodecim;</strong></span> <span class='ocrx_word' id='word_1_300' title='bbox 1738 3813 1870 3866; x_wconf 88' lang='lat' dir='ltr'><strong>ergo</strong></span> <span class='ocrx_word' id='word_1_301' title='bbox 1917 3805 2114 3866; x_wconf 73' lang='lat' dir='ltr'><strong>quater</strong></span> 
     </span>
    </p>
   </div>
   <div class='ocr_carea' id='block_1_42' title="bbox 525 3887 2112 3957">
    <p class='ocr_par' dir='ltr' id='par_1_42' title="bbox 525 3887 2112 3957">
     <span class='ocr_line' id='line_1_42' title="bbox 525 3887 2112 3957; baseline 0 -13"><span class='ocrx_word' id='word_1_302' title='bbox 525 3889 744 3944; x_wconf 89' lang='lat' dir='ltr'><strong>ducenti</strong></span> <span class='ocrx_word' id='word_1_303' title='bbox 799 3889 1193 3957; x_wconf 82' lang='lat' dir='ltr'><strong>quinquaginta</strong></span> <span class='ocrx_word' id='word_1_304' title='bbox 1246 3888 1606 3949; x_wconf 88' lang='lat' dir='ltr'><strong>miliarcnscs,</strong></span> <span class='ocrx_word' id='word_1_305' title='bbox 1677 3887 1786 3941; x_wconf 89' lang='lat' dir='ltr'><strong>hoc</strong></span> <span class='ocrx_word' id='word_1_306' title='bbox 1831 3898 1914 3941; x_wconf 89' lang='lat' dir='ltr'><strong>est</strong></span> <span class='ocrx_word' id='word_1_307' title='bbox 1967 3889 2112 3944; x_wconf 87' lang='lat' dir='ltr'><strong>mille</strong></span> 
     </span>
    </p>
   </div>
   <div class='ocr_carea' id='block_1_43' title="bbox 526 3976 2110 4047">
    <p class='ocr_par' dir='ltr' id='par_1_43' title="bbox 526 3976 2110 4047">
     <span class='ocr_line' id='line_1_43' title="bbox 526 3976 2110 4047; baseline -0.004 -11"><span class='ocrx_word' id='word_1_308' title='bbox 526 3980 732 4036; x_wconf 86' lang='lat' dir='ltr'><strong>solidos</strong></span> <span class='ocrx_word' id='word_1_309' title='bbox 779 3979 1074 4047; x_wconf 71' lang='lat' dir='ltr'><strong>explebunt</strong></span> <span class='ocrx_word' id='word_1_310' title='bbox 1117 3994 1289 4037; x_wconf 59' lang='grc' dir='ltr'>ωιτη,</span> <span class='ocrx_word' id='word_1_311' title='bbox 1341 3993 1462 4046; x_wconf 66' lang='lat' dir='ltr'><strong>qua:</strong></span> <span class='ocrx_word' id='word_1_312' title='bbox 1501 3986 1580 4031; x_wconf 89' lang='lat' dir='ltr'><strong>est</strong></span> <span class='ocrx_word' id='word_1_313' title='bbox 1625 3977 1741 4031; x_wconf 89' lang='lat' dir='ltr'><strong>auri</strong></span> <span class='ocrx_word' id='word_1_314' title='bbox 1778 3977 1934 4031; x_wconf 85' lang='lat' dir='ltr'><strong>libra.</strong></span> <span class='ocrx_word' id='word_1_315' title='bbox 1975 3976 2110 4031; x_wconf 81' lang='lat' dir='ltr'><strong>Vera</strong></span> 
     </span>
    </p>
   </div>
   <div class='ocr_carea' id='block_1_44' title="bbox 528 4068 2107 4142">
    <p class='ocr_par' dir='ltr' id='par_1_44' title="bbox 528 4068 2107 4142">
     <span class='ocr_line' id='line_1_44' title="bbox 528 4068 2107 4142; baseline -0.003 -18"><span class='ocrx_word' id='word_1_316' title='bbox 528 4072 724 4142; x_wconf 86' lang='lat' dir='ltr'><strong>igitur,</strong></span> <span class='ocrx_word' id='word_1_317' title='bbox 777 4076 1043 4138; x_wconf 87' lang='lat' dir='ltr'><strong>quantum</strong></span> <span class='ocrx_word' id='word_1_318' title='bbox 1094 4077 1352 4137; x_wconf 85' lang='lat' dir='ltr'><strong>apparet,</strong></span> <span class='ocrx_word' id='word_1_319' title='bbox 1407 4068 1739 4122; x_wconf 79' lang='lat' dir='ltr'><strong>miliarensis</strong></span> <span class='ocrx_word' id='word_1_320' title='bbox 1787 4069 1996 4122; x_wconf 89' lang='lat' dir='ltr'><strong>notatio</strong></span> <span class='ocrx_word' id='word_1_321' title='bbox 2044 4085 2107 4122; x_wconf 85' lang='lat' dir='ltr'><strong>ex</strong></span> 
     </span>
    </p>
   </div>
   <div class='ocr_carea' id='block_1_45' title="bbox 525 4159 2111 4233">
    <p class='ocr_par' dir='ltr' id='par_1_45' title="bbox 525 4159 2111 4233">
     <span class='ocr_line' id='line_1_45' title="bbox 525 4159 2111 4233; baseline -0.003 -16"><span class='ocrx_word' id='word_1_322' title='bbox 525 4163 749 4233; x_wconf 83' lang='lat' dir='ltr'><strong>optimis</strong></span> <span class='ocrx_word' id='word_1_323' title='bbox 781 4163 888 4215; x_wconf 89' lang='lat' dir='ltr'><strong>illis</strong></span> <span class='ocrx_word' id='word_1_324' title='bbox 921 4161 1133 4215; x_wconf 87' lang='lat' dir='ltr'><strong>Glossis</strong></span> <span class='ocrx_word' id='word_1_325' title='bbox 1161 4168 1316 4213; x_wconf 84' lang='lat' dir='ltr'><strong>eruta</strong></span> <span class='ocrx_word' id='word_1_326' title='bbox 1345 4168 1450 4219; x_wconf 89' lang='lat' dir='ltr'><strong>est,</strong></span> <span class='ocrx_word' id='word_1_327' title='bbox 1484 4174 1604 4227; x_wconf 58' lang='lat' dir='ltr'><strong>qua:</strong></span> <span class='ocrx_word' id='word_1_328' title='bbox 1639 4159 1902 4228; x_wconf 76' lang='lat' dir='ltr'><strong>hactenus</strong></span> <span class='ocrx_word' id='word_1_329' title='bbox 1938 4160 2111 4213; x_wconf 85' lang='lat' dir='ltr'><strong>latue-</strong></span> 
     </span>
    </p>
   </div>
   <div class='ocr_carea' id='block_1_46' title="bbox 447 4251 2112 4322">
    <p class='ocr_par' dir='ltr' id='par_1_46' title="bbox 447 4251 2112 4322">
     <span class='ocr_line' id='line_1_46' title="bbox 447 4251 2112 4322; baseline -0.002 -13"><span class='ocrx_word' id='word_1_330' title='bbox 447 4261 449 4268; x_wconf 87' lang='lat'>‘</span> <span class='ocrx_word' id='word_1_331' title='bbox 524 4264 630 4319; x_wconf 85' lang='lat' dir='ltr'><strong>rat,</strong></span> <span class='ocrx_word' id='word_1_332' title='bbox 677 4265 730 4310; x_wconf 90' lang='lat' dir='ltr'><strong>et</strong></span> <span class='ocrx_word' id='word_1_333' title='bbox 781 4271 810 4306; x_wconf 72' lang='grc' dir='ltr'>ει</span> <span class='ocrx_word' id='word_1_334' title='bbox 863 4253 1149 4317; x_wconf 61' lang='lat' dir='ltr'><strong>Graeculis,</strong></span> <span class='ocrx_word' id='word_1_335' title='bbox 1190 4263 1252 4307; x_wconf 92' lang='lat' dir='ltr'><strong>ut</strong></span> <span class='ocrx_word' id='word_1_336' title='bbox 1286 4253 1512 4315; x_wconf 86' lang='lat' dir='ltr'><strong>assolet,</strong></span> <span class='ocrx_word' id='word_1_337' title='bbox 1549 4251 1844 4322; x_wconf 85' lang='lat' dir='ltr'><strong>depravata</strong></span> <span class='ocrx_word' id='word_1_338' title='bbox 1879 4267 1941 4306; x_wconf 91' lang='lat' dir='ltr'><strong>ac</strong></span> <span class='ocrx_word' id='word_1_339' title='bbox 1999 4253 2112 4306; x_wconf 81' lang='lat' dir='ltr'><strong>dis-</strong></span> 
     </span>
    </p>
   </div>
   <div class='ocr_carea' id='block_1_47' title="bbox 525 4343 2109 4414">
    <p class='ocr_par' dir='ltr' id='par_1_47' title="bbox 525 4343 2109 4414">
     <span class='ocr_line' id='line_1_47' title="bbox 525 4343 2109 4414; baseline -0.002 -12"><span class='ocrx_word' id='word_1_340' title='bbox 525 4348 778 4402; x_wconf 87' lang='lat' dir='ltr'><strong>simulata</strong></span> <span class='ocrx_word' id='word_1_341' title='bbox 814 4345 1009 4400; x_wconf 87' lang='lat' dir='ltr'><strong>fuerat.</strong></span> <span class='ocrx_word' id='word_1_342' title='bbox 1043 4344 1148 4400; x_wconf 85' lang='lat' dir='ltr'><strong>Sed</strong></span> <span class='ocrx_word' id='word_1_343' title='bbox 1180 4343 1246 4399; x_wconf 91' lang='lat' dir='ltr'><strong>de</strong></span> <span class='ocrx_word' id='word_1_344' title='bbox 1277 4346 1685 4400; x_wconf 88' lang='lat' dir='ltr'><strong>miliarensibus</strong></span> <span class='ocrx_word' id='word_1_345' title='bbox 1724 4346 1843 4400; x_wconf 89' lang='lat' dir='ltr'><strong>istis</strong></span> <span class='ocrx_word' id='word_1_346' title='bbox 1876 4345 2109 4414; x_wconf 87' lang='lat' dir='ltr'><strong>amplius</strong></span> 
     </span>
    </p>
   </div>
   <div class='ocr_carea' id='block_1_48' title="bbox 525 4437 2183 4516">
    <p class='ocr_par' dir='ltr' id='par_1_48' title="bbox 525 4437 2183 4516">
     <span class='ocr_line' id='line_1_48' title="bbox 525 4437 2183 4516; baseline 0 -25"><span class='ocrx_word' id='word_1_347' title='bbox 525 4449 738 4507; x_wconf 85' lang='lat' dir='ltr'><strong>agetur,</strong></span> <span class='ocrx_word' id='word_1_348' title='bbox 787 4454 910 4491; x_wconf 90' lang='lat' dir='ltr'><strong>cum</strong></span> <span class='ocrx_word' id='word_1_349' title='bbox 943 4438 1008 4491; x_wconf 89' lang='lat' dir='ltr'><strong>ad</strong></span> <span class='ocrx_word' id='word_1_350' title='bbox 1054 4437 1236 4491; x_wconf 79' lang='lat' dir='ltr'><strong>follem</strong></span> <span class='ocrx_word' id='word_1_351' title='bbox 1274 4449 1589 4507; x_wconf 87' lang='lat' dir='ltr'><strong>argenteum</strong></span> <span class='ocrx_word' id='word_1_352' title='bbox 1620 4446 1840 4492; x_wconf 89' lang='lat' dir='ltr'><strong>ventum</strong></span> <span class='ocrx_word' id='word_1_353' title='bbox 1874 4440 2010 4492; x_wconf 85' lang='lat' dir='ltr'><strong>erit:</strong></span> <span class='ocrx_word' id='word_1_354' title='bbox 2041 4440 2105 4491; x_wconf 85' lang='lat' dir='ltr'><strong>ad</strong></span> <span class='ocrx_word' id='word_1_355' title='bbox 2141 4463 2183 4516; x_wconf 74' lang='grc' dir='ltr'>ο</span> 
     </span>
    </p>
   </div>
   <div class='ocr_carea' id='block_1_49' title="bbox 525 4530 2108 4599">
    <p class='ocr_par' dir='ltr' id='par_1_49' title="bbox 525 4530 2108 4599">
     <span class='ocr_line' id='line_1_49' title="bbox 525 4530 2108 4599; baseline 0.001 -16"><span class='ocrx_word' id='word_1_356' title='bbox 525 4547 686 4599; x_wconf 83' lang='lat' dir='ltr'><strong>quem</strong></span> <span class='ocrx_word' id='word_1_357' title='bbox 721 4531 1038 4599; x_wconf 84' lang='lat' dir='ltr'><strong>priusquam</strong></span> <span class='ocrx_word' id='word_1_358' title='bbox 1063 4530 1366 4583; x_wconf 88' lang='lat' dir='ltr'><strong>orationem</strong></span> <span class='ocrx_word' id='word_1_359' title='bbox 1392 4530 1783 4592; x_wconf 84' lang='lat' dir='ltr'><strong>convertimus,</strong></span> <span class='ocrx_word' id='word_1_360' title='bbox 1812 4530 1880 4584; x_wconf 90' lang='lat' dir='ltr'><strong>de</strong></span> <span class='ocrx_word' id='word_1_361' title='bbox 1907 4533 2108 4593; x_wconf 83' lang='lat' dir='ltr'><strong>aureis,</strong></span> 
     </span>
    </p>
   </div>
   <div class='ocr_carea' id='block_1_50' title="bbox 527 4618 2109 4690">
    <p class='ocr_par' dir='ltr' id='par_1_50' title="bbox 527 4618 2109 4690">
     <span class='ocr_line' id='line_1_50' title="bbox 527 4618 2109 4690; baseline -0.001 -16"><span class='ocrx_word' id='word_1_362' title='bbox 527 4622 572 4675; x_wconf 89' lang='lat' dir='ltr'><strong>si</strong></span> <span class='ocrx_word' id='word_1_363' title='bbox 598 4620 689 4689; x_wconf 91' lang='lat' dir='ltr'><strong>qui</strong></span> <span class='ocrx_word' id='word_1_364' title='bbox 724 4619 948 4684; x_wconf 81' lang='lat' dir='ltr'><strong>fuerint,</strong></span> <span class='ocrx_word' id='word_1_365' title='bbox 998 4618 1410 4688; x_wconf 88' lang='lat' dir='ltr'><strong>disputandum.</strong></span> <span class='ocrx_word' id='word_1_366' title='bbox 1455 4621 1731 4677; x_wconf 85' lang='lat' dir='ltr'><strong>Hactenus</strong></span> <span class='ocrx_word' id='word_1_367' title='bbox 1764 4622 1907 4674; x_wconf 89' lang='lat' dir='ltr'><strong>enim</strong></span> <span class='ocrx_word' id='word_1_368' title='bbox 1937 4623 2109 4690; x_wconf 90' lang='lat' dir='ltr'><strong>prima</strong></span> 
     </span>
    </p>
   </div>
   <div class='ocr_carea' id='block_1_51' title="bbox 528 4711 2106 4784">
    <p class='ocr_par' dir='ltr' id='par_1_51' title="bbox 528 4711 2106 4784">
     <span class='ocr_line' id='line_1_51' title="bbox 528 4711 2106 4784; baseline 0.001 -18"><span class='ocrx_word' id='word_1_369' title='bbox 528 4713 671 4766; x_wconf 86' lang='lat' dir='ltr'><strong>follis</strong></span> <span class='ocrx_word' id='word_1_370' title='bbox 741 4718 824 4765; x_wconf 89' lang='lat' dir='ltr'><strong>est</strong></span> <span class='ocrx_word' id='word_1_371' title='bbox 891 4711 1160 4780; x_wconf 85' lang='lat' dir='ltr'><strong>explicata</strong></span> <span class='ocrx_word' id='word_1_372' title='bbox 1241 4711 1424 4776; x_wconf 92' lang='lat' dir='ltr'><strong>notio,</strong></span> <span class='ocrx_word' id='word_1_373' title='bbox 1494 4719 1767 4780; x_wconf 87' lang='lat' dir='ltr'><strong>quatenus</strong></span> <span class='ocrx_word' id='word_1_374' title='bbox 1830 4713 1993 4784; x_wconf 78' lang='grc' dir='ltr'>ὁλκήν</span> <span class='ocrx_word' id='word_1_375' title='bbox 2057 4722 2106 4768; x_wconf 88' lang='lat' dir='ltr'><strong>et</strong></span> 
     </span>
    </p>
   </div>
   <div class='ocr_carea' id='block_1_52' title="bbox 525 4802 1510 4875">
    <p class='ocr_par' dir='ltr' id='par_1_52' title="bbox 525 4802 1510 4875">
     <span class='ocr_line' id='line_1_52' title="bbox 525 4802 1510 4875; baseline -0.004 -17"><span class='ocrx_word' id='word_1_376' title='bbox 525 4803 799 4875; x_wconf 72' lang='grc' dir='ltr'><strong>ἄθροισμα</strong></span> <span class='ocrx_word' id='word_1_377' title='bbox 837 4817 1187 4856; x_wconf 85' lang='lat' dir='ltr'><strong>nummorum</strong></span> <span class='ocrx_word' id='word_1_378' title='bbox 1221 4802 1510 4871; x_wconf 84' lang='lat' dir='ltr'><strong>signiﬁcat.</strong></span> 
     </span>
    </p>
   </div>
   <div class='ocr_carea' id='block_1_53' title="bbox 524 4906 2109 4986">
    <p class='ocr_par' dir='ltr' id='par_1_53' title="bbox 524 4906 2109 4986">
     <span class='ocr_line' id='line_1_53' title="bbox 524 4906 2109 4986; baseline 0.003 -18"><span class='ocrx_word' id='word_1_379' title='bbox 524 4915 602 4969; x_wconf 86' lang='lat' dir='ltr'><strong>De</strong></span> <span class='ocrx_word' id='word_1_380' title='bbox 641 4916 787 4985; x_wconf 79' lang='lat' dir='ltr'><strong>folle,</strong></span> <span class='ocrx_word' id='word_1_381' title='bbox 848 4923 905 4965; x_wconf 82' lang='lat' dir='ltr'><strong>ut</strong></span> <span class='ocrx_word' id='word_1_382' title='bbox 934 4906 1104 4986; x_wconf 74' lang='lat' dir='ltr'><strong>inter</strong></span> <span class='ocrx_word' id='word_1_383' title='bbox 1135 4931 1384 4986; x_wconf 78' lang='lat' dir='ltr'><strong>nummos</strong></span> <span class='ocrx_word' id='word_1_384' title='bbox 1413 4923 1652 4968; x_wconf 85' lang='lat' dir='ltr'><strong>censetur</strong></span> <span class='ocrx_word' id='word_1_385' title='bbox 1694 4931 1712 4968; x_wconf 92' lang='lat'><strong><em>:</em></strong></span> <span class='ocrx_word' id='word_1_386' title='bbox 1749 4935 1811 4970; x_wconf 86' lang='lat' dir='ltr'><strong>ac</strong></span> <span class='ocrx_word' id='word_1_387' title='bbox 1853 4919 2109 4986; x_wconf 76' lang='lat' dir='ltr'><strong>primum,</strong></span> 
     </span>
    </p>
   </div>
   <div class='ocr_carea' id='block_1_54' title="bbox 825 4985 1822 5053">
    <p class='ocr_par' dir='ltr' id='par_1_54' title="bbox 825 4985 1822 5053">
     <span class='ocr_line' id='line_1_54' title="bbox 825 4985 1822 5053; baseline 0.004 -16"><span class='ocrx_word' id='word_1_388' title='bbox 825 5001 1044 5038; x_wconf 87' lang='lat' dir='ltr'><strong>aureum</strong></span> <span class='ocrx_word' id='word_1_389' title='bbox 1078 4985 1244 5053; x_wconf 79' lang='lat' dir='ltr'><strong>fuisse</strong></span> <span class='ocrx_word' id='word_1_390' title='bbox 1272 4985 1476 5038; x_wconf 87' lang='lat' dir='ltr'><strong>nullum</strong></span> <span class='ocrx_word' id='word_1_391' title='bbox 1507 4986 1822 5041; x_wconf 81' lang='lat' dir='ltr'><strong>ostenditur.</strong></span> 
     </span>
    </p>
   </div>
   <div class='ocr_carea' id='block_1_55' title="bbox 603 5096 2110 5170">
    <p class='ocr_par' dir='ltr' id='par_1_55' title="bbox 603 5096 2110 5170">
     <span class='ocr_line' id='line_1_55' title="bbox 603 5096 2110 5170; baseline 0.005 -21"><span class='ocrx_word' id='word_1_392' title='bbox 603 5096 768 5150; x_wconf 77' lang='lat' dir='ltr'><strong>Follis</strong></span> <span class='ocrx_word' id='word_1_393' title='bbox 799 5097 948 5150; x_wconf 83' lang='lat' dir='ltr'><strong>aurei</strong></span> <span class='ocrx_word' id='word_1_394' title='bbox 978 5098 1181 5150; x_wconf 81' lang='lat' dir='ltr'><strong>nummi</strong></span> <span class='ocrx_word' id='word_1_395' title='bbox 1207 5115 1370 5165; x_wconf 83' lang='lat' dir='ltr'><strong>genus</strong></span> <span class='ocrx_word' id='word_1_396' title='bbox 1401 5107 1500 5164; x_wconf 87' lang='lat' dir='ltr'><strong>est,</strong></span> <span class='ocrx_word' id='word_1_397' title='bbox 1543 5100 1721 5170; x_wconf 90' lang='lat' dir='ltr'><strong>inquit</strong></span> <span class='ocrx_word' id='word_1_398' title='bbox 1752 5099 2010 5170; x_wconf 86' lang='lat' dir='ltr'><strong>Cujacius</strong></span> <span class='ocrx_word' id='word_1_399' title='bbox 2041 5103 2110 5158; x_wconf 88' lang='lat' dir='ltr'><strong>ad</strong></span> 
     </span>
    </p>
   </div>
   <div class='ocr_carea' id='block_1_56' title="bbox 527 5186 2110 5262">
    <p class='ocr_par' dir='ltr' id='par_1_56' title="bbox 527 5186 2110 5262">
     <span class='ocr_line' id='line_1_56' title="bbox 527 5186 2110 5262; baseline 0.004 -20"><span class='ocrx_word' id='word_1_400' title='bbox 527 5189 628 5258; x_wconf 89' lang='lat' dir='ltr'><strong>leg.</strong></span> <span class='ocrx_word' id='word_1_401' title='bbox 663 5189 729 5240; x_wconf 71' lang='lat' dir='ltr'><strong>l9.</strong></span> <span class='ocrx_word' id='word_1_402' title='bbox 755 5188 880 5242; x_wconf 90' lang='lat' dir='ltr'><strong>cod.</strong></span> <span class='ocrx_word' id='word_1_403' title='bbox 909 5186 1232 5251; x_wconf 83' lang='lat' dir='ltr'><strong>Justiniani,</strong></span> <span class='ocrx_word' id='word_1_404' title='bbox 1279 5190 1360 5243; x_wconf 90' lang='lat' dir='ltr'><strong>tit.</strong></span> <span class='ocrx_word' id='word_1_405' title='bbox 1392 5189 1447 5254; x_wconf 70' lang='grc'>2,</span> <span class='ocrx_word' id='word_1_406' title='bbox 1499 5191 1603 5260; x_wconf 87' lang='lat' dir='ltr'><strong>leg.</strong></span> <span class='ocrx_word' id='word_1_407' title='bbox 1640 5191 1692 5243; x_wconf 68' lang='lat'><strong>“2.</strong></span> <span class='ocrx_word' id='word_1_408' title='bbox 1735 5191 1898 5262; x_wconf 89' lang='lat' dir='ltr'><strong>quue</strong></span> <span class='ocrx_word' id='word_1_409' title='bbox 1930 5211 1998 5249; x_wconf 79' lang='lat' dir='ltr'><strong>ex</strong></span> <span class='ocrx_word' id='word_1_410' title='bbox 2033 5195 2110 5248; x_wconf 87' lang='lat' dir='ltr'><strong>le—</strong></span> 
     </span>
    </p>
   </div>
   <div class='ocr_carea' id='block_1_57' title="bbox 524 5277 2108 5348">
    <p class='ocr_par' dir='ltr' id='par_1_57' title="bbox 524 5277 2108 5348">
     <span class='ocr_line' id='line_1_57' title="bbox 524 5277 2108 5348; baseline 0.004 -17"><span class='ocrx_word' id='word_1_411' title='bbox 524 5293 652 5348; x_wconf 88' lang='lat' dir='ltr'><strong>gum</strong></span> <span class='ocrx_word' id='word_1_412' title='bbox 697 5280 904 5346; x_wconf 90' lang='lat' dir='ltr'><strong>aliquot</strong></span> <span class='ocrx_word' id='word_1_413' title='bbox 934 5277 1302 5331; x_wconf 86' lang='lat' dir='ltr'><strong>Thcodosiani</strong></span> <span class='ocrx_word' id='word_1_414' title='bbox 1354 5280 1563 5335; x_wconf 89' lang='lat' dir='ltr'><strong>codicis</strong></span> <span class='ocrx_word' id='word_1_415' title='bbox 1617 5284 1944 5338; x_wconf 83' lang='lat' dir='ltr'><strong>auctoritate</strong></span> <span class='ocrx_word' id='word_1_416' title='bbox 1974 5300 2108 5338; x_wconf 88' lang='lat' dir='ltr'><strong>con—</strong></span> 
     </span>
    </p>
   </div>
   <div class='ocr_carea' id='block_1_58' title="bbox 528 5367 2107 5442">
    <p class='ocr_par' dir='ltr' id='par_1_58' title="bbox 528 5367 2107 5442">
     <span class='ocr_line' id='line_1_58' title="bbox 528 5367 2107 5442; baseline 0.004 -20"><span class='ocrx_word' id='word_1_417' title='bbox 528 5370 741 5424; x_wconf 87' lang='lat' dir='ltr'><strong>firmat:</strong></span> <span class='ocrx_word' id='word_1_418' title='bbox 792 5367 958 5422; x_wconf 86' lang='lat' dir='ltr'><strong>veluti</strong></span> <span class='ocrx_word' id='word_1_419' title='bbox 987 5369 1086 5438; x_wconf 84' lang='lat' dir='ltr'><strong>leg.</strong></span> <span class='ocrx_word' id='word_1_420' title='bbox 1122 5369 1158 5421; x_wconf 70' lang='lat'><strong>2</strong></span> <span class='ocrx_word' id='word_1_421' title='bbox 1187 5378 1240 5423; x_wconf 92' lang='lat' dir='ltr'><strong>et</strong></span> <span class='ocrx_word' id='word_1_422' title='bbox 1270 5371 1324 5432; x_wconf 78' lang='lat'><strong>5,</strong></span> <span class='ocrx_word' id='word_1_423' title='bbox 1358 5371 1526 5436; x_wconf 87' lang='lat' dir='ltr'><strong>Quor.</strong></span> <span class='ocrx_word' id='word_1_424' title='bbox 1561 5372 1659 5442; x_wconf 84' lang='lat' dir='ltr'><strong>Ap.</strong></span> <span class='ocrx_word' id='word_1_425' title='bbox 1694 5390 1801 5426; x_wconf 90' lang='lat' dir='ltr'><strong>non</strong></span> <span class='ocrx_word' id='word_1_426' title='bbox 1835 5391 1944 5428; x_wconf 91' lang='lat' dir='ltr'><strong>rec.</strong></span> <span class='ocrx_word' id='word_1_427' title='bbox 1978 5374 2107 5429; x_wconf 90' lang='lat' dir='ltr'><strong>Item</strong></span> 
     </span>
    </p>
   </div>
   <div class='ocr_carea' id='block_1_59' title="bbox 527 5458 2108 5531">
    <p class='ocr_par' dir='ltr' id='par_1_59' title="bbox 527 5458 2108 5531">
     <span class='ocr_line' id='line_1_59' title="bbox 527 5458 2108 5531; baseline 0.004 -19"><span class='ocrx_word' id='word_1_428' title='bbox 527 5460 642 5528; x_wconf 85' lang='lat' dir='ltr'><strong>lege</strong></span> <span class='ocrx_word' id='word_1_429' title='bbox 671 5461 704 5514; x_wconf 82' lang='grc'><strong>5</strong></span> <span class='ocrx_word' id='word_1_430' title='bbox 731 5458 798 5513; x_wconf 89' lang='lat' dir='ltr'><strong>de</strong></span> <span class='ocrx_word' id='word_1_431' title='bbox 832 5459 1056 5523; x_wconf 89' lang='lat' dir='ltr'><strong>suariis,</strong></span> <span class='ocrx_word' id='word_1_432' title='bbox 1089 5460 1204 5529; x_wconf 84' lang='lat' dir='ltr'><strong>lege</strong></span> <span class='ocrx_word' id='word_1_433' title='bbox 1236 5461 1268 5514; x_wconf 81' lang='lat'><strong>5</strong></span> <span class='ocrx_word' id='word_1_434' title='bbox 1297 5470 1350 5516; x_wconf 91' lang='lat' dir='ltr'><strong>et</strong></span> <span class='ocrx_word' id='word_1_435' title='bbox 1377 5462 1434 5515; x_wconf 72' lang='grc'><strong>21</strong></span> <span class='ocrx_word' id='word_1_436' title='bbox 1471 5463 1538 5517; x_wconf 89' lang='lat' dir='ltr'><strong>de</strong></span> <span class='ocrx_word' id='word_1_437' title='bbox 1573 5467 1915 5531; x_wconf 74' lang='lat' dir='ltr'><strong>przetoribus.</strong></span> <span class='ocrx_word' id='word_1_438' title='bbox 1953 5465 2108 5531; x_wconf 86' lang='lat' dir='ltr'><strong>Quod</strong></span> 
     </span>
    </p>
   </div>
   <div class='ocr_carea' id='block_1_60' title="bbox 527 5549 2110 5619">
    <p class='ocr_par' dir='ltr' id='par_1_60' title="bbox 527 5549 2110 5619">
     <span class='ocr_line' id='line_1_60' title="bbox 527 5549 2110 5619; baseline 0.005 -16"><span class='ocrx_word' id='word_1_439' title='bbox 527 5559 582 5604; x_wconf 84' lang='lat' dir='ltr'><strong>et</strong></span> <span class='ocrx_word' id='word_1_440' title='bbox 598 5551 719 5606; x_wconf 82' lang='lat' dir='ltr'><strong>aliis</strong></span> <span class='ocrx_word' id='word_1_441' title='bbox 738 5550 1031 5619; x_wconf 86' lang='lat' dir='ltr'><strong>persuasit.</strong></span> <span class='ocrx_word' id='word_1_442' title='bbox 1059 5549 1245 5619; x_wconf 89' lang='lat' dir='ltr'><strong>Itaque</strong></span> <span class='ocrx_word' id='word_1_443' title='bbox 1264 5553 1344 5604; x_wconf 90' lang='lat' dir='ltr'><strong>vir</strong></span> <span class='ocrx_word' id='word_1_444' title='bbox 1367 5553 1562 5607; x_wconf 89' lang='lat' dir='ltr'><strong>doctus</strong></span> <span class='ocrx_word' id='word_1_445' title='bbox 1578 5555 1927 5608; x_wconf 74' lang='lat' dir='ltr'><strong>Alexandrini</strong></span> <span class='ocrx_word' id='word_1_446' title='bbox 1956 5557 2110 5610; x_wconf 78' lang='lat' dir='ltr'><strong>chro-</strong></span> 
     </span>
    </p>
   </div>
   <div class='ocr_carea' id='block_1_61' title="bbox 527 5638 2109 5710">
    <p class='ocr_par' dir='ltr' id='par_1_61' title="bbox 527 5638 2109 5710">
     <span class='ocr_line' id='line_1_61' title="bbox 527 5638 2109 5710; baseline 0.005 -21"><span class='ocrx_word' id='word_1_447' title='bbox 527 5638 635 5691; x_wconf 81' lang='lat' dir='ltr'><strong>nici</strong></span> <span class='ocrx_word' id='word_1_448' title='bbox 667 5640 843 5691; x_wconf 91' lang='lat' dir='ltr'><strong>locum</strong></span> <span class='ocrx_word' id='word_1_449' title='bbox 878 5639 1052 5702; x_wconf 92' lang='lat' dir='ltr'><strong>illum,</strong></span> <span class='ocrx_word' id='word_1_450' title='bbox 1083 5654 1205 5710; x_wconf 86' lang='lat' dir='ltr'><strong>pag.</strong></span> <span class='ocrx_word' id='word_1_451' title='bbox 1241 5640 1360 5705; x_wconf 69' lang='lat'><strong>742,</strong></span> <span class='ocrx_word' id='word_1_452' title='bbox 1403 5641 1527 5692; x_wconf 77' lang='grc' dir='ltr'><strong>Ἐπὶ</strong></span> <span class='ocrx_word' id='word_1_453' title='bbox 1556 5641 1760 5695; x_wconf 78' lang='grc' dir='ltr'>τούτων</span> <span class='ocrx_word' id='word_1_454' title='bbox 1784 5643 1893 5697; x_wconf 83' lang='grc' dir='ltr'><strong>τῶν</strong></span> <span class='ocrx_word' id='word_1_455' title='bbox 1927 5645 2109 5697; x_wconf 78' lang='grc' dir='ltr'>αὐτῶν</span> 
     </span>
    </p>
   </div>
   <div class='ocr_carea' id='block_1_62' title="bbox 541 5729 2108 5805">
    <p class='ocr_par' dir='ltr' id='par_1_62' title="bbox 541 5729 2108 5805">
     <span class='ocr_line' id='line_1_62' title="bbox 541 5729 2108 5805; baseline 0.007 -27"><span class='ocrx_word' id='word_1_456' title='bbox 541 5729 748 5783; x_wconf 74' lang='grc' dir='ltr'>ὑπάτων</span> <span class='ocrx_word' id='word_1_457' title='bbox 790 5731 964 5796; x_wconf 77' lang='grc' dir='ltr'><strong>λεῖψις</strong></span> <span class='ocrx_word' id='word_1_458' title='bbox 1006 5731 1228 5799; x_wconf 82' lang='grc' dir='ltr'>γέγονεν</span> <span class='ocrx_word' id='word_1_459' title='bbox 1271 5731 1364 5784; x_wconf 81' lang='grc' dir='ltr'><strong>τοῦ</strong></span> <span class='ocrx_word' id='word_1_460' title='bbox 1405 5732 1590 5803; x_wconf 81' lang='grc' dir='ltr'>ἄρτου,</span> <span class='ocrx_word' id='word_1_461' title='bbox 1627 5733 1768 5787; x_wconf 82' lang='grc' dir='ltr'>ὥστε</span> <span class='ocrx_word' id='word_1_462' title='bbox 1795 5734 2108 5805; x_wconf 73' lang='grc' dir='ltr'>παραϐῆναι</span> 
     </span>
    </p>
   </div>
   <div class='ocr_carea' id='block_1_63' title="bbox 2207 514 3731 584">
    <p class='ocr_par' dir='ltr' id='par_1_63' title="bbox 2207 514 3731 584">
     <span class='ocr_line' id='line_1_63' title="bbox 2207 514 3731 584; baseline -0.002 -12"><span class='ocrx_word' id='word_1_463' title='bbox 2207 533 2404 572; x_wconf 90' lang='lat' dir='ltr'><strong>aureos</strong></span> <span class='ocrx_word' id='word_1_464' title='bbox 2435 519 2641 573; x_wconf 88' lang='lat' dir='ltr'><strong>retulit.</strong></span> <span class='ocrx_word' id='word_1_465' title='bbox 2691 515 2890 571; x_wconf 82' lang='lat' dir='ltr'><strong>Verum</strong></span> <span class='ocrx_word' id='word_1_466' title='bbox 2917 531 2982 571; x_wconf 77' lang='lat' dir='ltr'><strong>ex</strong></span> <span class='ocrx_word' id='word_1_467' title='bbox 3012 514 3192 569; x_wconf 88' lang='lat' dir='ltr'><strong>allatis</strong></span> <span class='ocrx_word' id='word_1_468' title='bbox 3225 529 3253 569; x_wconf 89' lang='lat' dir='ltr'><strong>a</strong></span> <span class='ocrx_word' id='word_1_469' title='bbox 3291 529 3480 584; x_wconf 87' lang='lat' dir='ltr'><strong>magno</strong></span> <span class='ocrx_word' id='word_1_470' title='bbox 3504 515 3731 584; x_wconf 88' lang='lat' dir='ltr'><strong>juriscon-</strong></span> 
     </span>
    </p>
   </div>
   <div class='ocr_carea' id='block_1_64' title="bbox 2208 605 3733 679">
    <p class='ocr_par' dir='ltr' id='par_1_64' title="bbox 2208 605 3733 679">
     <span class='ocr_line' id='line_1_64' title="bbox 2208 605 3733 679; baseline -0.003 -13"><span class='ocrx_word' id='word_1_471' title='bbox 2208 611 2352 666; x_wconf 89' lang='lat' dir='ltr'><strong>sulto</strong></span> <span class='ocrx_word' id='word_1_472' title='bbox 2379 610 2588 679; x_wconf 76' lang='lat' dir='ltr'><strong>legibus</strong></span> <span class='ocrx_word' id='word_1_473' title='bbox 2622 608 2761 663; x_wconf 89' lang='lat' dir='ltr'><strong>adeo</strong></span> <span class='ocrx_word' id='word_1_474' title='bbox 2795 607 2933 661; x_wconf 86' lang='lat' dir='ltr'><strong>nihil</strong></span> <span class='ocrx_word' id='word_1_475' title='bbox 2963 607 3030 661; x_wconf 88' lang='lat' dir='ltr'><strong>de</strong></span> <span class='ocrx_word' id='word_1_476' title='bbox 3051 621 3218 660; x_wconf 90' lang='lat' dir='ltr'><strong>aureo</strong></span> <span class='ocrx_word' id='word_1_477' title='bbox 3250 605 3433 675; x_wconf 89' lang='lat' dir='ltr'><strong>aliquo</strong></span> <span class='ocrx_word' id='word_1_478' title='bbox 3455 607 3733 661; x_wconf 83' lang='lat' dir='ltr'><strong>numismate</strong></span> 
     </span>
    </p>
   </div>
   <div class='ocr_carea' id='block_1_65' title="bbox 2207 697 3733 771">
    <p class='ocr_par' dir='ltr' id='par_1_65' title="bbox 2207 697 3733 771">
     <span class='ocr_line' id='line_1_65' title="bbox 2207 697 3733 771; baseline -0.005 -15"><span class='ocrx_word' id='word_1_479' title='bbox 2207 702 2502 771; x_wconf 90' lang='lat' dir='ltr'><strong>colligitur.</strong></span> <span class='ocrx_word' id='word_1_480' title='bbox 2537 709 2594 754; x_wconf 93' lang='lat' dir='ltr'><strong>ut</strong></span> <span class='ocrx_word' id='word_1_481' title='bbox 2627 698 2961 755; x_wconf 89' lang='lat' dir='ltr'><strong>contrarium</strong></span> <span class='ocrx_word' id='word_1_482' title='bbox 3001 697 3184 767; x_wconf 87' lang='lat' dir='ltr'><strong>potius</strong></span> <span class='ocrx_word' id='word_1_483' title='bbox 3216 711 3283 750; x_wconf 75' lang='lat' dir='ltr'><strong>ex</strong></span> <span class='ocrx_word' id='word_1_484' title='bbox 3308 697 3569 766; x_wconf 86' lang='lat' dir='ltr'><strong>plerisque</strong></span> <span class='ocrx_word' id='word_1_485' title='bbox 3595 697 3733 750; x_wconf 84' lang='lat' dir='ltr'><strong>mani-</strong></span> 
     </span>
    </p>
   </div>
   <div class='ocr_carea' id='block_1_66' title="bbox 2210 787 3733 859">
    <p class='ocr_par' dir='ltr' id='par_1_66' title="bbox 2210 787 3733 859">
     <span class='ocr_line' id='line_1_66' title="bbox 2210 787 3733 859; baseline -0.001 -14"><span class='ocrx_word' id='word_1_486' title='bbox 2210 793 2503 846; x_wconf 82' lang='lat' dir='ltr'><strong>festissime</strong></span> <span class='ocrx_word' id='word_1_487' title='bbox 2534 791 2788 845; x_wconf 90' lang='lat' dir='ltr'><strong>concludi</strong></span> <span class='ocrx_word' id='word_1_488' title='bbox 2819 789 3012 859; x_wconf 83' lang='lat' dir='ltr'><strong>possit.</strong></span> <span class='ocrx_word' id='word_1_489' title='bbox 3069 787 3178 842; x_wconf 82' lang='lat' dir='ltr'><strong>Lex</strong></span> <span class='ocrx_word' id='word_1_490' title='bbox 3210 796 3298 842; x_wconf 90' lang='lat' dir='ltr'><strong>est</strong></span> <span class='ocrx_word' id='word_1_491' title='bbox 3331 789 3520 858; x_wconf 89' lang='lat' dir='ltr'><strong>prima,</strong></span> <span class='ocrx_word' id='word_1_492' title='bbox 3550 797 3733 858; x_wconf 67' lang='lat' dir='ltr'><strong>quaztc-</strong></span> 
     </span>
    </p>
   </div>
   <div class='ocr_carea' id='block_1_67' title="bbox 2208 878 3734 950">
    <p class='ocr_par' dir='ltr' id='par_1_67' title="bbox 2208 878 3734 950">
     <span class='ocr_line' id='line_1_67' title="bbox 2208 878 3734 950; baseline -0.003 -14"><span class='ocrx_word' id='word_1_493' title='bbox 2208 882 2454 936; x_wconf 74' lang='lat' dir='ltr'><strong>merarize</strong></span> <span class='ocrx_word' id='word_1_494' title='bbox 2489 882 2836 950; x_wconf 87' lang='lat' dir='ltr'><strong>appellationi</strong></span> <span class='ocrx_word' id='word_1_495' title='bbox 2881 880 3139 933; x_wconf 86' lang='lat' dir='ltr'><strong>mulctam</strong></span> <span class='ocrx_word' id='word_1_496' title='bbox 3182 879 3377 932; x_wconf 90' lang='lat' dir='ltr'><strong>indicit</strong></span> <span class='ocrx_word' id='word_1_497' title='bbox 3405 878 3594 932; x_wconf 78' lang='lat' dir='ltr'><strong>tollium</strong></span> <span class='ocrx_word' id='word_1_498' title='bbox 3620 895 3734 943; x_wconf 72' lang='lat' dir='ltr'><strong>ur;</strong></span> 
     </span>
    </p>
   </div>
   <div class='ocr_carea' id='block_1_68' title="bbox 2208 971 3734 1044">
    <p class='ocr_par' dir='ltr' id='par_1_68' title="bbox 2208 971 3734 1044">
     <span class='ocr_line' id='line_1_68' title="bbox 2208 971 3734 1044; baseline -0.005 -12"><span class='ocrx_word' id='word_1_499' title='bbox 2208 977 2515 1044; x_wconf 56' lang='lat' dir='ltr'><strong>cujus-modi</strong></span> <span class='ocrx_word' id='word_1_500' title='bbox 2562 975 2645 1029; x_wconf 87' lang='lat' dir='ltr'><strong>vel</strong></span> <span class='ocrx_word' id='word_1_501' title='bbox 2688 975 2929 1043; x_wconf 86' lang='lat' dir='ltr'><strong>argentei</strong></span> <span class='ocrx_word' id='word_1_502' title='bbox 2976 973 3183 1027; x_wconf 89' lang='lat' dir='ltr'><strong>nummi</strong></span> <span class='ocrx_word' id='word_1_503' title='bbox 3229 971 3508 1027; x_wconf 88' lang='lat' dir='ltr'><strong>commode</strong></span> <span class='ocrx_word' id='word_1_504' title='bbox 3551 981 3734 1041; x_wconf 86' lang='lat' dir='ltr'><strong>possunt</strong></span> 
     </span>
    </p>
   </div>
   <div class='ocr_carea' id='block_1_69' title="bbox 2209 1061 3736 1135">
    <p class='ocr_par' dir='ltr' id='par_1_69' title="bbox 2209 1061 3736 1135">
     <span class='ocr_line' id='line_1_69' title="bbox 2209 1061 3736 1135; baseline -0.003 -17"><span class='ocrx_word' id='word_1_505' title='bbox 2209 1066 2458 1135; x_wconf 87' lang='lat' dir='ltr'><strong>intelligi,</strong></span> <span class='ocrx_word' id='word_1_506' title='bbox 2487 1067 2569 1119; x_wconf 85' lang='lat' dir='ltr'><strong>vel</strong></span> <span class='ocrx_word' id='word_1_507' title='bbox 2598 1079 2946 1118; x_wconf 89' lang='lat' dir='ltr'><strong>nummorum</strong></span> <span class='ocrx_word' id='word_1_508' title='bbox 3001 1069 3148 1116; x_wconf 90' lang='lat' dir='ltr'><strong>certa</strong></span> <span class='ocrx_word' id='word_1_509' title='bbox 3181 1061 3428 1115; x_wconf 86' lang='lat' dir='ltr'><strong>collectio</strong></span> <span class='ocrx_word' id='word_1_510' title='bbox 3461 1061 3566 1115; x_wconf 88' lang='lat' dir='ltr'><strong>sive</strong></span> <span class='ocrx_word' id='word_1_511' title='bbox 3592 1075 3736 1116; x_wconf 88' lang='lat' dir='ltr'><strong>saccu-</strong></span> 
     </span>
    </p>
   </div>
   <div class='ocr_carea' id='block_1_70' title="bbox 2209 1152 3732 1224">
    <p class='ocr_par' dir='ltr' id='par_1_70' title="bbox 2209 1152 3732 1224">
     <span class='ocr_line' id='line_1_70' title="bbox 2209 1152 3732 1224; baseline -0.003 -15"><span class='ocrx_word' id='word_1_512' title='bbox 2209 1156 2315 1210; x_wconf 93' lang='lat' dir='ltr'><strong>lus.</strong></span> <span class='ocrx_word' id='word_1_513' title='bbox 2379 1154 2622 1224; x_wconf 75' lang='lat' dir='ltr'><strong>Reliquis</strong></span> <span class='ocrx_word' id='word_1_514' title='bbox 2657 1154 2710 1206; x_wconf 92' lang='lat' dir='ltr'><strong>in</strong></span> <span class='ocrx_word' id='word_1_515' title='bbox 2763 1153 2972 1222; x_wconf 84' lang='lat' dir='ltr'><strong>legibus</strong></span> <span class='ocrx_word' id='word_1_516' title='bbox 3015 1154 3214 1206; x_wconf 91' lang='lat' dir='ltr'><strong>mirum</strong></span> <span class='ocrx_word' id='word_1_517' title='bbox 3258 1159 3579 1221; x_wconf 84' lang='lat' dir='ltr'><strong>quantopere</strong></span> <span class='ocrx_word' id='word_1_518' title='bbox 3616 1152 3732 1204; x_wconf 88' lang='lat' dir='ltr'><strong>illum</strong></span> 
     </span>
    </p>
   </div>
   <div class='ocr_carea' id='block_1_71' title="bbox 2209 1244 3734 1315">
    <p class='ocr_par' dir='ltr' id='par_1_71' title="bbox 2209 1244 3734 1315">
     <span class='ocr_line' id='line_1_71' title="bbox 2209 1244 3734 1315; baseline -0.001 -17"><span class='ocrx_word' id='word_1_519' title='bbox 2209 1245 2348 1299; x_wconf 88' lang='lat' dir='ltr'><strong>ratio</strong></span> <span class='ocrx_word' id='word_1_520' title='bbox 2380 1244 2596 1315; x_wconf 88' lang='lat' dir='ltr'><strong>fugerit.</strong></span> <span class='ocrx_word' id='word_1_521' title='bbox 2637 1244 2778 1315; x_wconf 86' lang='lat' dir='ltr'><strong>Lege</strong></span> <span class='ocrx_word' id='word_1_522' title='bbox 2808 1246 2842 1299; x_wconf 82' lang='lat'><strong>3</strong></span> <span class='ocrx_word' id='word_1_523' title='bbox 2875 1245 2942 1298; x_wconf 91' lang='lat' dir='ltr'><strong>de</strong></span> <span class='ocrx_word' id='word_1_524' title='bbox 2972 1244 3195 1310; x_wconf 89' lang='lat' dir='ltr'><strong>suariis,</strong></span> <span class='ocrx_word' id='word_1_525' title='bbox 3232 1244 3368 1298; x_wconf 86' lang='lat' dir='ltr'><strong>libra</strong></span> <span class='ocrx_word' id='word_1_526' title='bbox 3401 1244 3564 1297; x_wconf 76' lang='lat' dir='ltr'><strong>suilla:</strong></span> <span class='ocrx_word' id='word_1_527' title='bbox 3591 1245 3734 1296; x_wconf 86' lang='lat' dir='ltr'><strong>carnis</strong></span> 
     </span>
    </p>
   </div>
   <div class='ocr_carea' id='block_1_72' title="bbox 2210 1338 3735 1406">
    <p class='ocr_par' dir='ltr' id='par_1_72' title="bbox 2210 1338 3735 1406">
     <span class='ocr_line' id='line_1_72' title="bbox 2210 1338 3735 1406; baseline -0.006 -10"><span class='ocrx_word' id='word_1_528' title='bbox 2210 1343 2355 1398; x_wconf 81' lang='lat' dir='ltr'><strong>senis</strong></span> <span class='ocrx_word' id='word_1_529' title='bbox 2383 1340 2609 1396; x_wconf 81' lang='lat' dir='ltr'><strong>follibus</strong></span> <span class='ocrx_word' id='word_1_530' title='bbox 2633 1348 2874 1395; x_wconf 81' lang='lat' dir='ltr'><strong>taxatur.</strong></span> <span class='ocrx_word' id='word_1_531' title='bbox 2924 1339 3060 1406; x_wconf 86' lang='lat' dir='ltr'><strong>Quis</strong></span> <span class='ocrx_word' id='word_1_532' title='bbox 3095 1339 3278 1393; x_wconf 86' lang='lat' dir='ltr'><strong>aureis</strong></span> <span class='ocrx_word' id='word_1_533' title='bbox 3311 1338 3541 1393; x_wconf 88' lang='lat' dir='ltr'><strong>nummis</strong></span> <span class='ocrx_word' id='word_1_534' title='bbox 3563 1353 3645 1392; x_wconf 78' lang='lat' dir='ltr'><strong>sex</strong></span> <span class='ocrx_word' id='word_1_535' title='bbox 3668 1351 3735 1389; x_wconf 83' lang='lat' dir='ltr'><strong>va-</strong></span> 
     </span>
    </p>
   </div>
   <div class='ocr_carea' id='block_1_73' title="bbox 2209 1429 3734 1502">
    <p class='ocr_par' dir='ltr' id='par_1_73' title="bbox 2209 1429 3734 1502">
     <span class='ocr_line' id='line_1_73' title="bbox 2209 1429 3734 1502; baseline -0.005 -16"><span class='ocrx_word' id='word_1_536' title='bbox 2209 1433 2379 1487; x_wconf 91' lang='lat' dir='ltr'><strong>luisse</strong></span> <span class='ocrx_word' id='word_1_537' title='bbox 2421 1434 2698 1502; x_wconf 83' lang='lat' dir='ltr'><strong>porcinam</strong></span> <span class='ocrx_word' id='word_1_538' title='bbox 2743 1431 3079 1486; x_wconf 87' lang='lat' dir='ltr'><strong>arbitretur?</strong></span> <span class='ocrx_word' id='word_1_539' title='bbox 3103 1429 3246 1501; x_wconf 88' lang='lat' dir='ltr'><strong>Ergo</strong></span> <span class='ocrx_word' id='word_1_540' title='bbox 3277 1446 3346 1486; x_wconf 92' lang='lat' dir='ltr'><strong>ne</strong></span> <span class='ocrx_word' id='word_1_541' title='bbox 3375 1430 3624 1500; x_wconf 79' lang='lat' dir='ltr'><strong>argenteis</strong></span> <span class='ocrx_word' id='word_1_542' title='bbox 3645 1429 3734 1496; x_wconf 81' lang='lat' dir='ltr'><strong>qui-</strong></span> 
     </span>
    </p>
   </div>
   <div class='ocr_carea' id='block_1_74' title="bbox 2209 1520 3734 1592">
    <p class='ocr_par' dir='ltr' id='par_1_74' title="bbox 2209 1520 3734 1592">
     <span class='ocr_line' id='line_1_74' title="bbox 2209 1520 3734 1592; baseline -0.001 -17"><span class='ocrx_word' id='word_1_543' title='bbox 2209 1521 2330 1577; x_wconf 86' lang='lat' dir='ltr'><strong>dem</strong></span> <span class='ocrx_word' id='word_1_544' title='bbox 2363 1523 2586 1576; x_wconf 84' lang='lat' dir='ltr'><strong>totidem</strong></span> <span class='ocrx_word' id='word_1_545' title='bbox 2615 1531 2780 1592; x_wconf 89' lang='lat' dir='ltr'><strong>puto:</strong></span> <span class='ocrx_word' id='word_1_546' title='bbox 2836 1531 2889 1575; x_wconf 86' lang='lat' dir='ltr'><strong>ct</strong></span> <span class='ocrx_word' id='word_1_547' title='bbox 2932 1521 3087 1576; x_wconf 88' lang='lat' dir='ltr'><strong>folles</strong></span> <span class='ocrx_word' id='word_1_548' title='bbox 3122 1521 3210 1575; x_wconf 89' lang='lat' dir='ltr'><strong>hic</strong></span> <span class='ocrx_word' id='word_1_549' title='bbox 3246 1535 3418 1575; x_wconf 65' lang='lat' dir='ltr'><strong>aereos</strong></span> <span class='ocrx_word' id='word_1_550' title='bbox 3463 1534 3524 1574; x_wconf 86' lang='lat' dir='ltr'><strong>ac</strong></span> <span class='ocrx_word' id='word_1_551' title='bbox 3544 1520 3734 1574; x_wconf 83' lang='lat' dir='ltr'><strong>minutos</strong></span> 
     </span>
    </p>
   </div>
   <div class='ocr_carea' id='block_1_75' title="bbox 2210 1613 2561 1682">
    <p class='ocr_par' dir='ltr' id='par_1_75' title="bbox 2210 1613 2561 1682">
     <span class='ocr_line' id='line_1_75' title="bbox 2210 1613 2561 1682; baseline 0.003 -17"><span class='ocrx_word' id='word_1_552' title='bbox 2210 1613 2561 1682; x_wconf 88' lang='lat' dir='ltr'><strong>interpretor.</strong></span> 
     </span>
    </p>
   </div>
   <div class='ocr_carea' id='block_1_76' title="bbox 2283 1697 3726 1771">
    <p class='ocr_par' dir='ltr' id='par_1_76' title="bbox 2283 1697 3726 1771">
     <span class='ocr_line' id='line_1_76' title="bbox 2283 1697 3726 1771; baseline -0.006 -15"><span class='ocrx_word' id='word_1_553' title='bbox 2283 1701 2546 1771; x_wconf 87' lang='lat' dir='ltr'><strong>Sequitur</strong></span> <span class='ocrx_word' id='word_1_554' title='bbox 2590 1701 2671 1754; x_wconf 83' lang='lat' dir='ltr'><strong>lex</strong></span> <span class='ocrx_word' id='word_1_555' title='bbox 2705 1700 2758 1762; x_wconf 77' lang='lat'><strong>5,</strong></span> <span class='ocrx_word' id='word_1_556' title='bbox 2790 1700 2863 1754; x_wconf 89' lang='lat' dir='ltr'><strong>De</strong></span> <span class='ocrx_word' id='word_1_557' title='bbox 2897 1699 3223 1770; x_wconf 65' lang='lat' dir='ltr'><strong>praetoribus</strong></span> <span class='ocrx_word' id='word_1_558' title='bbox 3253 1717 3265 1752; x_wconf 92' lang='lat'><strong>:</strong></span> <span class='ocrx_word' id='word_1_559' title='bbox 3301 1713 3420 1767; x_wconf 76' lang='lat' dir='ltr'><strong>qua:</strong></span> <span class='ocrx_word' id='word_1_560' title='bbox 3447 1697 3726 1767; x_wconf 84' lang='lat' dir='ltr'><strong>erogationis</strong></span> 
     </span>
    </p>
   </div>
   <div class='ocr_carea' id='block_1_77' title="bbox 2214 1879 3820 1951">
    <p class='ocr_par' dir='ltr' id='par_1_77' title="bbox 2214 1879 3820 1951">
     <span class='ocr_line' id='line_1_77' title="bbox 2214 1879 3820 1951; baseline -0.004 -16"><span class='ocrx_word' id='word_1_561' title='bbox 2214 1882 2470 1937; x_wconf 88' lang='lat' dir='ltr'><strong>Flavialis</strong></span> <span class='ocrx_word' id='word_1_562' title='bbox 2499 1883 2719 1945; x_wconf 89' lang='lat' dir='ltr'><strong>dicitur,</strong></span> <span class='ocrx_word' id='word_1_563' title='bbox 2750 1882 3122 1951; x_wconf 85' lang='lat' dir='ltr'><strong>erogationem</strong></span> <span class='ocrx_word' id='word_1_564' title='bbox 3161 1881 3469 1950; x_wconf 67' lang='lat' dir='ltr'><strong>praescribit</strong></span> <span class='ocrx_word' id='word_1_565' title='bbox 3495 1879 3656 1947; x_wconf 80' lang='lat' dir='ltr'><strong>viginti</strong></span> <span class='ocrx_word' id='word_1_566' title='bbox 3696 1887 3735 1930; x_wconf 84' lang='lat' dir='ltr'><strong>et</strong></span> <span class='ocrx_word' id='word_1_567' title='bbox 3817 1937 3820 1940; x_wconf 8' lang='grc' dir='ltr'><em>ἠ</em></span> 
     </span>
    </p>
   </div>
   <div class='ocr_carea' id='block_1_78' title="bbox 2212 1969 3820 2046">
    <p class='ocr_par' dir='ltr' id='par_1_78' title="bbox 2212 1969 3820 2046">
     <span class='ocr_line' id='line_1_78' title="bbox 2212 1969 3820 2046; baseline -0.005 -20"><span class='ocrx_word' id='word_1_568' title='bbox 2212 1973 2452 2042; x_wconf 88' lang='lat' dir='ltr'><strong>quinque</strong></span> <span class='ocrx_word' id='word_1_569' title='bbox 2487 1972 2714 2025; x_wconf 90' lang='lat' dir='ltr'><strong>millium</strong></span> <span class='ocrx_word' id='word_1_570' title='bbox 2764 1971 2972 2024; x_wconf 82' lang='lat' dir='ltr'><strong>tollium</strong></span> <span class='ocrx_word' id='word_1_571' title='bbox 3037 1986 3098 2022; x_wconf 86' lang='lat' dir='ltr'><strong>ac</strong></span> <span class='ocrx_word' id='word_1_572' title='bbox 3133 1969 3356 2038; x_wconf 87' lang='lat' dir='ltr'><strong>triginta</strong></span> <span class='ocrx_word' id='word_1_573' title='bbox 3398 1970 3629 2022; x_wconf 88' lang='lat' dir='ltr'><strong>librarum</strong></span> <span class='ocrx_word' id='word_1_574' title='bbox 3667 1981 3733 2019; x_wconf 83' lang='lat' dir='ltr'><strong>ar—</strong></span> <span class='ocrx_word' id='word_1_575' title='bbox 3816 2031 3820 2046; x_wconf 31' lang='grc' dir='ltr'><strong>Γ</strong></span> 
     </span>
    </p>
   </div>
   <div class='ocr_carea' id='block_1_79' title="bbox 2215 2053 3818 2133">
    <p class='ocr_par' dir='ltr' id='par_1_79' title="bbox 2215 2053 3818 2133">
     <span class='ocr_line' id='line_1_79' title="bbox 2215 2053 3818 2133; baseline -0.006 -15"><span class='ocrx_word' id='word_1_576' title='bbox 2215 2066 2395 2133; x_wconf 87' lang='lat' dir='ltr'><strong>genti;</strong></span> <span class='ocrx_word' id='word_1_577' title='bbox 2436 2066 2708 2130; x_wconf 77' lang='lat' dir='ltr'><strong>secundae,</strong></span> <span class='ocrx_word' id='word_1_578' title='bbox 2741 2064 3216 2118; x_wconf 77' lang='lat' dir='ltr'><strong>Constantiniana:</strong></span> <span class='ocrx_word' id='word_1_579' title='bbox 3243 2065 3418 2123; x_wconf 72' lang='lat' dir='ltr'><strong>dictae,</strong></span> <span class='ocrx_word' id='word_1_580' title='bbox 3447 2061 3614 2131; x_wconf 80' lang='lat' dir='ltr'><strong>viginti</strong></span> <span class='ocrx_word' id='word_1_581' title='bbox 3644 2058 3734 2111; x_wconf 80' lang='lat' dir='ltr'><strong>mil-</strong></span> 
     </span>
    </p>
   </div>
   <div class='ocr_carea' id='block_1_80' title="bbox 2211 2131 3818 2234">
    <p class='ocr_par' dir='ltr' id='par_1_80' title="bbox 2211 2131 3818 2234">
     <span class='ocr_line' id='line_1_80' title="bbox 2211 2131 3818 2234; baseline -0.005 -25"><span class='ocrx_word' id='word_1_582' title='bbox 2211 2131 2284 2210; x_wconf 76' lang='lat' dir='ltr'><strong>lia</strong></span> <span class='ocrx_word' id='word_1_583' title='bbox 2346 2155 2555 2210; x_wconf 85' lang='lat' dir='ltr'><strong>follium</strong></span> <span class='ocrx_word' id='word_1_584' title='bbox 2608 2162 2663 2209; x_wconf 85' lang='lat' dir='ltr'><strong>et</strong></span> <span class='ocrx_word' id='word_1_585' title='bbox 2711 2155 3067 2225; x_wconf 86' lang='lat' dir='ltr'><strong>quadraginta</strong></span> <span class='ocrx_word' id='word_1_586' title='bbox 3115 2155 3287 2208; x_wconf 88' lang='lat' dir='ltr'><strong>libras</strong></span> <span class='ocrx_word' id='word_1_587' title='bbox 3335 2153 3563 2223; x_wconf 87' lang='lat' dir='ltr'><strong>argenti;</strong></span> <span class='ocrx_word' id='word_1_588' title='bbox 3598 2151 3730 2204; x_wconf 68' lang='lat' dir='ltr'><strong>tertia!</strong></span> 
     </span>
    </p>
   </div>
   <div class='ocr_carea' id='block_1_81' title="bbox 2217 2237 3812 2320">
    <p class='ocr_par' dir='ltr' id='par_1_81' title="bbox 2217 2237 3812 2320">
     <span class='ocr_line' id='line_1_81' title="bbox 2217 2237 3812 2320; baseline -0.007 -17"><span class='ocrx_word' id='word_1_589' title='bbox 2217 2249 2586 2320; x_wconf 88' lang='lat' dir='ltr'><strong>Triumphali,</strong></span> <span class='ocrx_word' id='word_1_590' title='bbox 2629 2249 2938 2319; x_wconf 90' lang='lat' dir='ltr'><strong>quindecim</strong></span> <span class='ocrx_word' id='word_1_591' title='bbox 2973 2248 3140 2300; x_wconf 88' lang='lat' dir='ltr'><strong>millia</strong></span> <span class='ocrx_word' id='word_1_592' title='bbox 3195 2247 3420 2312; x_wconf 72' lang='lat' dir='ltr'><strong>tollium,</strong></span> <span class='ocrx_word' id='word_1_593' title='bbox 3469 2262 3527 2300; x_wconf 92' lang='lat' dir='ltr'><strong>ac</strong></span> <span class='ocrx_word' id='word_1_594' title='bbox 3561 2245 3731 2313; x_wconf 81' lang='lat' dir='ltr'><strong>triginta</strong></span> 
     </span>
    </p>
   </div>
   <div class='ocr_carea' id='block_1_82' title="bbox 2219 2339 3732 2410">
    <p class='ocr_par' dir='ltr' id='par_1_82' title="bbox 2219 2339 3732 2410">
     <span class='ocr_line' id='line_1_82' title="bbox 2219 2339 3732 2410; baseline -0.005 -18"><span class='ocrx_word' id='word_1_595' title='bbox 2219 2341 2388 2396; x_wconf 87' lang='lat' dir='ltr'><strong>libras</strong></span> <span class='ocrx_word' id='word_1_596' title='bbox 2429 2341 2662 2410; x_wconf 87' lang='lat' dir='ltr'><strong>argenti.</strong></span> <span class='ocrx_word' id='word_1_597' title='bbox 2704 2339 2815 2395; x_wconf 83' lang='lat' dir='ltr'><strong>Hos</strong></span> <span class='ocrx_word' id='word_1_598' title='bbox 2845 2356 2972 2396; x_wconf 86' lang='lat' dir='ltr'><strong>vere</strong></span> <span class='ocrx_word' id='word_1_599' title='bbox 3005 2339 3161 2395; x_wconf 86' lang='lat' dir='ltr'><strong>folles</strong></span> <span class='ocrx_word' id='word_1_600' title='bbox 3217 2355 3409 2394; x_wconf 89' lang='lat' dir='ltr'><strong>aureos</strong></span> <span class='ocrx_word' id='word_1_601' title='bbox 3457 2354 3569 2392; x_wconf 89' lang='lat' dir='ltr'><strong>csse</strong></span> <span class='ocrx_word' id='word_1_602' title='bbox 3609 2351 3732 2388; x_wconf 82' lang='lat' dir='ltr'><strong>mim-</strong></span> 
     </span>
    </p>
   </div>
   <div class='ocr_carea' id='block_1_83' title="bbox 2215 2425 3734 2502">
    <p class='ocr_par' dir='ltr' id='par_1_83' title="bbox 2215 2425 3734 2502">
     <span class='ocr_line' id='line_1_83' title="bbox 2215 2425 3734 2502; baseline -0.006 -18"><span class='ocrx_word' id='word_1_603' title='bbox 2215 2449 2355 2496; x_wconf 91' lang='lat' dir='ltr'><strong>mos,</strong></span> <span class='ocrx_word' id='word_1_604' title='bbox 2391 2434 2514 2502; x_wconf 89' lang='lat' dir='ltr'><strong>quis</strong></span> <span class='ocrx_word' id='word_1_605' title='bbox 2545 2432 2760 2487; x_wconf 88' lang='lat' dir='ltr'><strong>tandem</strong></span> <span class='ocrx_word' id='word_1_606' title='bbox 2807 2433 3180 2500; x_wconf 78' lang='lat' dir='ltr'><strong>persuadeat?</strong></span> <span class='ocrx_word' id='word_1_607' title='bbox 3215 2431 3397 2501; x_wconf 81' lang='lat' dir='ltr'><strong>Neque</strong></span> <span class='ocrx_word' id='word_1_608' title='bbox 3423 2431 3554 2484; x_wconf 88' lang='lat' dir='ltr'><strong>enim</strong></span> <span class='ocrx_word' id='word_1_609' title='bbox 3590 2425 3734 2480; x_wconf 82' lang='lat' dir='ltr'><strong>verisi-</strong></span> 
     </span>
    </p>
   </div>
   <div class='ocr_carea' id='block_1_84' title="bbox 2214 2517 3812 2594">
    <p class='ocr_par' dir='ltr' id='par_1_84' title="bbox 2214 2517 3812 2594">
     <span class='ocr_line' id='line_1_84' title="bbox 2214 2517 3812 2594; baseline -0.007 -16"><span class='ocrx_word' id='word_1_610' title='bbox 2214 2526 2341 2580; x_wconf 89' lang='lat' dir='ltr'><strong>mile</strong></span> <span class='ocrx_word' id='word_1_611' title='bbox 2366 2534 2450 2580; x_wconf 92' lang='lat' dir='ltr'><strong>est</strong></span> <span class='ocrx_word' id='word_1_612' title='bbox 2484 2533 2636 2579; x_wconf 91' lang='lat' dir='ltr'><strong>tanto</strong></span> <span class='ocrx_word' id='word_1_613' title='bbox 2665 2525 2928 2594; x_wconf 81' lang='lat' dir='ltr'><strong>majorem</strong></span> <span class='ocrx_word' id='word_1_614' title='bbox 2965 2525 3084 2578; x_wconf 89' lang='lat' dir='ltr'><strong>auri</strong></span> <span class='ocrx_word' id='word_1_615' title='bbox 3122 2523 3478 2592; x_wconf 87' lang='lat' dir='ltr'><strong>quantitatem</strong></span> <span class='ocrx_word' id='word_1_616' title='bbox 3507 2522 3552 2574; x_wconf 92' lang='lat' dir='ltr'><strong>in</strong></span> <span class='ocrx_word' id='word_1_617' title='bbox 3579 2517 3730 2573; x_wconf 88' lang='lat' dir='ltr'><strong>editio-</strong></span> 
     </span>
    </p>
   </div>
   <div class='ocr_carea' id='block_1_85' title="bbox 2215 2615 3861 2685">
    <p class='ocr_par' dir='ltr' id='par_1_85' title="bbox 2215 2615 3861 2685">
     <span class='ocr_line' id='line_1_85' title="bbox 2215 2615 3861 2685; baseline -0.005 -18"><span class='ocrx_word' id='word_1_618' title='bbox 2215 2630 2332 2677; x_wconf 90' lang='lat' dir='ltr'><strong>nes,</strong></span> <span class='ocrx_word' id='word_1_619' title='bbox 2367 2629 2532 2684; x_wconf 88' lang='lat' dir='ltr'><strong>quam</strong></span> <span class='ocrx_word' id='word_1_620' title='bbox 2570 2616 2778 2685; x_wconf 84' lang='lat' dir='ltr'><strong>argenti</strong></span> <span class='ocrx_word' id='word_1_621' title='bbox 2827 2616 2912 2670; x_wconf 89' lang='lat' dir='ltr'><strong>vel</strong></span> <span class='ocrx_word' id='word_1_622' title='bbox 2963 2617 3301 2684; x_wconf 89' lang='lat' dir='ltr'><strong>insumptam</strong></span> <span class='ocrx_word' id='word_1_623' title='bbox 3356 2615 3436 2668; x_wconf 88' lang='lat' dir='ltr'><strong>vel</strong></span> <span class='ocrx_word' id='word_1_624' title='bbox 3473 2621 3728 2666; x_wconf 86' lang='lat' dir='ltr'><strong>concessam</strong></span> <span class='ocrx_word' id='word_1_625' title='bbox 3803 2615 3861 2685; x_wconf 66' lang='lat' dir='ltr'><strong>lt</strong></span> 
     </span>
    </p>
   </div>
   <div class='ocr_carea' id='block_1_86' title="bbox 2216 2691 3861 2772">
    <p class='ocr_par' dir='ltr' id='par_1_86' title="bbox 2216 2691 3861 2772">
     <span class='ocr_line' id='line_1_86' title="bbox 2216 2691 3861 2772; baseline -0.006 -14"><span class='ocrx_word' id='word_1_626' title='bbox 2216 2705 2410 2761; x_wconf 91' lang='lat' dir='ltr'><strong>fuisse.</strong></span> <span class='ocrx_word' id='word_1_627' title='bbox 2444 2707 2512 2758; x_wconf 77' lang='lat' dir='ltr'><strong>At</strong></span> <span class='ocrx_word' id='word_1_628' title='bbox 2538 2722 2640 2759; x_wconf 78' lang='lat' dir='ltr'><strong>xxv</strong></span> <span class='ocrx_word' id='word_1_629' title='bbox 2669 2705 2901 2771; x_wconf 90' lang='lat' dir='ltr'><strong>follium,</strong></span> <span class='ocrx_word' id='word_1_630' title='bbox 2929 2706 2972 2760; x_wconf 91' lang='lat' dir='ltr'><strong>si</strong></span> <span class='ocrx_word' id='word_1_631' title='bbox 3006 2707 3156 2760; x_wconf 88' lang='lat' dir='ltr'><strong>aurei</strong></span> <span class='ocrx_word' id='word_1_632' title='bbox 3195 2706 3399 2760; x_wconf 92' lang='lat' dir='ltr'><strong>nummi</strong></span> <span class='ocrx_word' id='word_1_633' title='bbox 3431 2711 3565 2764; x_wconf 90' lang='lat' dir='ltr'><strong>sunt,</strong></span> <span class='ocrx_word' id='word_1_634' title='bbox 3588 2700 3728 2756; x_wconf 84' lang='lat' dir='ltr'><strong>millia,</strong></span> 
     </span>
    </p>
   </div>
   <div class='ocr_carea' id='block_1_87' title="bbox 2217 2773 3861 2866">
    <p class='ocr_par' dir='ltr' id='par_1_87' title="bbox 2217 2773 3861 2866">
     <span class='ocr_line' id='line_1_87' title="bbox 2217 2773 3861 2866; baseline -0.004 -17"><span class='ocrx_word' id='word_1_635' title='bbox 2217 2803 2496 2865; x_wconf 87' lang='lat' dir='ltr'><strong>utcunque</strong></span> <span class='ocrx_word' id='word_1_636' title='bbox 2545 2796 2611 2850; x_wconf 88' lang='lat' dir='ltr'><strong>ad</strong></span> <span class='ocrx_word' id='word_1_637' title='bbox 2651 2798 2820 2853; x_wconf 87' lang='lat' dir='ltr'><strong>libras</strong></span> <span class='ocrx_word' id='word_1_638' title='bbox 2863 2797 3203 2866; x_wconf 86' lang='lat' dir='ltr'><strong>redigantur,</strong></span> <span class='ocrx_word' id='word_1_639' title='bbox 3252 2799 3480 2852; x_wconf 88' lang='lat' dir='ltr'><strong>immane</strong></span> <span class='ocrx_word' id='word_1_640' title='bbox 3519 2797 3724 2862; x_wconf 86' lang='lat' dir='ltr'><strong>quantum</strong></span> 
     </span>
    </p>
   </div>
   <div class='ocr_carea' id='block_1_88' title="bbox 2216 2865 3804 2958">
    <p class='ocr_par' dir='ltr' id='par_1_88' title="bbox 2216 2865 3804 2958">
     <span class='ocr_line' id='line_1_88' title="bbox 2216 2865 3804 2958; baseline -0.006 -18"><span class='ocrx_word' id='word_1_641' title='bbox 2216 2897 2598 2956; x_wconf 88' lang='lat' dir='ltr'><strong>argentearum</strong></span> <span class='ocrx_word' id='word_1_642' title='bbox 2635 2904 2922 2942; x_wconf 90' lang='lat' dir='ltr'><strong>numerum</strong></span> <span class='ocrx_word' id='word_1_643' title='bbox 2956 2891 3249 2944; x_wconf 84' lang='lat' dir='ltr'><strong>excedant.</strong></span> <span class='ocrx_word' id='word_1_644' title='bbox 3304 2889 3439 2958; x_wconf 89' lang='lat' dir='ltr'><strong>Ergo</strong></span> <span class='ocrx_word' id='word_1_645' title='bbox 3477 2887 3612 2940; x_wconf 82' lang='lat' dir='ltr'><strong>folles</strong></span> <span class='ocrx_word' id='word_1_646' title='bbox 3637 2880 3725 2936; x_wconf 82' lang='lat' dir='ltr'><strong>istic</strong></span> <span class='ocrx_word' id='word_1_647' title='bbox 3799 2865 3804 2876; x_wconf 77' lang='grc'><em>’</em></span> 
     </span>
    </p>
   </div>
   <div class='ocr_carea' id='block_1_89' title="bbox 2215 2972 3861 3052">
    <p class='ocr_par' dir='ltr' id='par_1_89' title="bbox 2215 2972 3861 3052">
     <span class='ocr_line' id='line_1_89' title="bbox 2215 2972 3861 3052; baseline -0.005 -21"><span class='ocrx_word' id='word_1_648' title='bbox 2215 2980 2338 3033; x_wconf 82' lang='lat' dir='ltr'><strong>:erei</strong></span> <span class='ocrx_word' id='word_1_649' title='bbox 2375 2980 2582 3032; x_wconf 84' lang='lat' dir='ltr'><strong>nummi</strong></span> <span class='ocrx_word' id='word_1_650' title='bbox 2633 2980 2748 3033; x_wconf 90' lang='lat' dir='ltr'><strong>sive</strong></span> <span class='ocrx_word' id='word_1_651' title='bbox 2805 2980 3097 3036; x_wconf 69' lang='lat' dir='ltr'><strong>follazralc&#39;s</strong></span> <span class='ocrx_word' id='word_1_652' title='bbox 3148 2982 3415 3044; x_wconf 84' lang='lat' dir='ltr'><strong>videntur,</strong></span> <span class='ocrx_word' id='word_1_653' title='bbox 3461 2991 3583 3048; x_wconf 87' lang='lat' dir='ltr'><strong>quos</strong></span> <span class='ocrx_word' id='word_1_654' title='bbox 3610 2972 3726 3026; x_wconf 86' lang='lat' dir='ltr'><strong>Lam-</strong></span> 
     </span>
    </p>
   </div>
   <div class='ocr_carea' id='block_1_90' title="bbox 2216 3057 3861 3143">
    <p class='ocr_par' dir='ltr' id='par_1_90' title="bbox 2216 3057 3861 3143">
     <span class='ocr_line' id='line_1_90' title="bbox 2216 3057 3861 3143; baseline -0.004 -20"><span class='ocrx_word' id='word_1_655' title='bbox 2216 3070 2357 3139; x_wconf 88' lang='lat' dir='ltr'><strong>prid.</strong></span> <span class='ocrx_word' id='word_1_656' title='bbox 2405 3071 2457 3123; x_wconf 91' lang='lat' dir='ltr'><strong>in</strong></span> <span class='ocrx_word' id='word_1_657' title='bbox 2491 3070 2790 3140; x_wconf 84' lang='lat' dir='ltr'><strong>Alagabalo</strong></span> <span class='ocrx_word' id='word_1_658' title='bbox 2830 3071 2986 3127; x_wconf 90' lang='lat' dir='ltr'><strong>folles</strong></span> <span class='ocrx_word' id='word_1_659' title='bbox 3017 3075 3144 3128; x_wconf 69' lang='lat' dir='ltr'><strong>aeris</strong></span> <span class='ocrx_word' id='word_1_660' title='bbox 3185 3071 3432 3143; x_wconf 87' lang='lat' dir='ltr'><strong>appellat.</strong></span> <span class='ocrx_word' id='word_1_661' title='bbox 3468 3059 3724 3137; x_wconf 84' lang='lat' dir='ltr'><strong>Cujusmodi</strong></span> 
     </span>
    </p>
   </div>
   <div class='ocr_carea' id='block_1_91' title="bbox 2214 3137 3844 3231">
    <p class='ocr_par' dir='ltr' id='par_1_91' title="bbox 2214 3137 3844 3231">
     <span class='ocr_line' id='line_1_91' title="bbox 2214 3137 3844 3231; baseline -0.006 -18"><span class='ocrx_word' id='word_1_662' title='bbox 2214 3161 2439 3214; x_wconf 70' lang='lat' dir='ltr'><strong>minutae</strong></span> <span class='ocrx_word' id='word_1_663' title='bbox 2487 3161 2719 3230; x_wconf 88' lang='lat' dir='ltr'><strong>species,</strong></span> <span class='ocrx_word' id='word_1_664' title='bbox 2757 3171 2810 3216; x_wconf 89' lang='lat' dir='ltr'><strong>et</strong></span> <span class='ocrx_word' id='word_1_665' title='bbox 2840 3177 2996 3216; x_wconf 62' lang='grc' dir='ltr'>τοι·οω</span> <span class='ocrx_word' id='word_1_666' title='bbox 3034 3178 3160 3214; x_wconf 88' lang='lat' dir='ltr'><strong>cum</strong></span> <span class='ocrx_word' id='word_1_667' title='bbox 3203 3160 3468 3231; x_wconf 86' lang='lat' dir='ltr'><strong>argenteis</strong></span> <span class='ocrx_word' id='word_1_668' title='bbox 3515 3166 3561 3212; x_wconf 90' lang='lat' dir='ltr'><strong>et</strong></span> <span class='ocrx_word' id='word_1_669' title='bbox 3589 3151 3724 3208; x_wconf 84' lang='lat' dir='ltr'><strong>aureis</strong></span> 
     </span>
    </p>
   </div>
   <div class='ocr_carea' id='block_1_92' title="bbox 2211 3251 3847 3322">
    <p class='ocr_par' dir='ltr' id='par_1_92' title="bbox 2211 3251 3847 3322">
     <span class='ocr_line' id='line_1_92' title="bbox 2211 3251 3847 3322; baseline -0.006 -16"><span class='ocrx_word' id='word_1_670' title='bbox 2211 3252 2546 3321; x_wconf 70' lang='lat' dir='ltr'><strong>coniunctim</strong></span> <span class='ocrx_word' id='word_1_671' title='bbox 2583 3254 2636 3306; x_wconf 89' lang='lat' dir='ltr'><strong>in</strong></span> <span class='ocrx_word' id='word_1_672' title='bbox 2674 3254 2935 3307; x_wconf 90' lang='lat' dir='ltr'><strong>salarium</strong></span> <span class='ocrx_word' id='word_1_673' title='bbox 2973 3253 3211 3307; x_wconf 87' lang='lat' dir='ltr'><strong>ducibus</strong></span> <span class='ocrx_word' id='word_1_674' title='bbox 3253 3251 3552 3307; x_wconf 87' lang='lat' dir='ltr'><strong>nominatim</strong></span> <span class='ocrx_word' id='word_1_675' title='bbox 3581 3251 3724 3299; x_wconf 68' lang='lat' dir='ltr'><strong>taxata!</strong></span> <span class='ocrx_word' id='word_1_676' title='bbox 3807 3251 3847 3322; x_wconf 43' lang='lat' dir='ltr'><strong>ﬁ,</strong></span> 
     </span>
    </p>
   </div>
   <div class='ocr_carea' id='block_1_93' title="bbox 2212 3325 3861 3414">
    <p class='ocr_par' dir='ltr' id='par_1_93' title="bbox 2212 3325 3861 3414">
     <span class='ocr_line' id='line_1_93' title="bbox 2212 3325 3861 3414; baseline -0.008 -18"><span class='ocrx_word' id='word_1_677' title='bbox 2212 3345 2468 3414; x_wconf 90' lang='lat' dir='ltr'><strong>leguntur</strong></span> <span class='ocrx_word' id='word_1_678' title='bbox 2534 3343 2676 3412; x_wconf 88' lang='lat' dir='ltr'><strong>apud</strong></span> <span class='ocrx_word' id='word_1_679' title='bbox 2735 3345 2989 3414; x_wconf 77' lang='lat' dir='ltr'><strong>Augusta:</strong></span> <span class='ocrx_word' id='word_1_680' title='bbox 3046 3344 3292 3399; x_wconf 74' lang='lat' dir='ltr'><strong>historia:</strong></span> <span class='ocrx_word' id='word_1_681' title='bbox 3347 3346 3629 3411; x_wconf 69' lang='lat' dir='ltr'><strong>Scriptores.</strong></span> <span class='ocrx_word' id='word_1_682' title='bbox 3671 3335 3722 3386; x_wconf 81' lang='lat' dir='ltr'><strong>lta</strong></span> <span class='ocrx_word' id='word_1_683' title='bbox 3805 3325 3861 3414; x_wconf 53' lang='lat' dir='ltr'><strong>fi}</strong></span> 
     </span>
    </p>
   </div>
   <div class='ocr_carea' id='block_1_94' title="bbox 2212 3357 3816 3504">
    <p class='ocr_par' dir='ltr' id='par_1_94' title="bbox 2212 3357 3816 3504">
     <span class='ocr_line' id='line_1_94' title="bbox 2212 3357 3722 3414; baseline -0.003 -18"><span class='ocrx_word' id='word_1_684' title='bbox 2212 3357 2468 3414; x_wconf 85' lang='lat' dir='ltr'><strong>teguntur</strong></span> <span class='ocrx_word' id='word_1_685' title='bbox 2534 3357 2676 3412; x_wconf 81' lang='lat' dir='ltr'><strong>apud</strong></span> <span class='ocrx_word' id='word_1_686' title='bbox 2735 3357 2989 3414; x_wconf 71' lang='lat' dir='ltr'><strong>Augttslw</strong></span> <span class='ocrx_word' id='word_1_687' title='bbox 3046 3357 3292 3399; x_wconf 72' lang='lat' dir='ltr'><strong>historia:</strong></span> <span class='ocrx_word' id='word_1_688' title='bbox 3347 3357 3629 3411; x_wconf 79' lang='lat' dir='ltr'><strong>St&#39;l‘lplores.</strong></span> <span class='ocrx_word' id='word_1_689' title='bbox 3671 3357 3722 3386; x_wconf 72' lang='lat' dir='ltr'><strong>Iw</strong></span> 
     </span>
     <span class='ocr_line' id='line_1_95' title="bbox 2212 3357 3816 3504; baseline -0.007 -17"><span class='ocrx_word' id='word_1_690' title='bbox 2212 3445 2430 3489; x_wconf 86' lang='lat' dir='ltr'><strong>centum</strong></span> <span class='ocrx_word' id='word_1_691' title='bbox 2464 3436 2590 3490; x_wconf 70' lang='lat' dir='ltr'><strong>terei</strong></span> <span class='ocrx_word' id='word_1_692' title='bbox 2632 3435 2813 3489; x_wconf 91' lang='lat' dir='ltr'><strong>diurni</strong></span> <span class='ocrx_word' id='word_1_693' title='bbox 2851 3436 2991 3504; x_wconf 88' lang='lat' dir='ltr'><strong>apud</strong></span> <span class='ocrx_word' id='word_1_694' title='bbox 3031 3434 3330 3504; x_wconf 86' lang='lat' dir='ltr'><strong>Vopiscum</strong></span> <span class='ocrx_word' id='word_1_695' title='bbox 3360 3437 3412 3490; x_wconf 91' lang='lat' dir='ltr'><strong>iu</strong></span> <span class='ocrx_word' id='word_1_696' title='bbox 3457 3429 3721 3486; x_wconf 76' lang='lat' dir='ltr'><strong>Aureliano:</strong></span> <span class='ocrx_word' id='word_1_697' title='bbox 3805 3357 3816 3498; x_wconf 50' lang='lat' dir='ltr'><strong>l</strong></span> 
     </span>
    </p>
   </div>
   <div class='ocr_carea' id='block_1_95' title="bbox 2211 3503 3813 3597">
    <p class='ocr_par' dir='ltr' id='par_1_95' title="bbox 2211 3503 3813 3597">
     <span class='ocr_line' id='line_1_96' title="bbox 2211 3503 3813 3597; baseline -0.007 -17"><span class='ocrx_word' id='word_1_698' title='bbox 2211 3541 2479 3580; x_wconf 68' lang='lat' dir='ltr'><strong>:Lreorum</strong></span> <span class='ocrx_word' id='word_1_699' title='bbox 2534 3525 2946 3597; x_wconf 87' lang='lat' dir='ltr'><strong>Philippeorum</strong></span> <span class='ocrx_word' id='word_1_700' title='bbox 2996 3542 3180 3581; x_wconf 88' lang='lat' dir='ltr'><strong>annua</strong></span> <span class='ocrx_word' id='word_1_701' title='bbox 3214 3529 3397 3582; x_wconf 91' lang='lat' dir='ltr'><strong>decem</strong></span> <span class='ocrx_word' id='word_1_702' title='bbox 3437 3523 3585 3578; x_wconf 89' lang='lat' dir='ltr'><strong>millia</strong></span> <span class='ocrx_word' id='word_1_703' title='bbox 3619 3513 3720 3587; x_wconf 84' lang='lat' dir='ltr'><strong>apud</strong></span> <span class='ocrx_word' id='word_1_704' title='bbox 3809 3503 3813 3528; x_wconf 43' lang='grc' dir='ltr'><strong>ἶ</strong></span> 
     </span>
    </p>
   </div>
   <div class='ocr_carea' id='block_1_96' title="bbox 2211 3615 3608 3674">
    <p class='ocr_par' dir='ltr' id='par_1_96' title="bbox 2211 3615 3608 3674">
     <span class='ocr_line' id='line_1_97' title="bbox 2211 3615 3608 3674; baseline -0.006 -3"><span class='ocrx_word' id='word_1_705' title='bbox 2211 3617 2460 3671; x_wconf 86' lang='lat' dir='ltr'><strong>eumdem</strong></span> <span class='ocrx_word' id='word_1_706' title='bbox 2493 3617 2544 3670; x_wconf 93' lang='lat' dir='ltr'><strong>in</strong></span> <span class='ocrx_word' id='word_1_707' title='bbox 2575 3615 2771 3670; x_wconf 84' lang='lat' dir='ltr'><strong>Probo.</strong></span> <span class='ocrx_word' id='word_1_708' title='bbox 2813 3617 2962 3672; x_wconf 60' lang='lat' dir='ltr'><strong>fEris</strong></span> <span class='ocrx_word' id='word_1_709' title='bbox 2991 3617 3080 3672; x_wconf 87' lang='lat' dir='ltr'><strong>HS</strong></span> <span class='ocrx_word' id='word_1_710' title='bbox 3109 3619 3294 3674; x_wconf 90' lang='lat' dir='ltr'><strong>decies</strong></span> <span class='ocrx_word' id='word_1_711' title='bbox 3327 3619 3377 3671; x_wconf 92' lang='lat' dir='ltr'><strong>in</strong></span> <span class='ocrx_word' id='word_1_712' title='bbox 3411 3615 3608 3668; x_wconf 80' lang='lat' dir='ltr'><strong>Bonoso.</strong></span> 
     </span>
    </p>
   </div>
   <div class='ocr_carea' id='block_1_97' title="bbox 2283 3700 3720 3778">
    <p class='ocr_par' dir='ltr' id='par_1_97' title="bbox 2283 3700 3720 3778">
     <span class='ocr_line' id='line_1_98' title="bbox 2283 3700 3720 3778; baseline -0.009 -18"><span class='ocrx_word' id='word_1_713' title='bbox 2283 3705 2566 3761; x_wconf 87' lang='lat' dir='ltr'><strong>Postremo</strong></span> <span class='ocrx_word' id='word_1_714' title='bbox 2599 3708 2714 3778; x_wconf 85' lang='lat' dir='ltr'><strong>lege</strong></span> <span class='ocrx_word' id='word_1_715' title='bbox 2741 3708 2803 3760; x_wconf 80' lang='grc'><strong>21</strong></span> <span class='ocrx_word' id='word_1_716' title='bbox 2842 3707 2914 3761; x_wconf 79' lang='lat' dir='ltr'><strong>De</strong></span> <span class='ocrx_word' id='word_1_717' title='bbox 2945 3710 3347 3778; x_wconf 70' lang='lat' dir='ltr'><strong>prmt.,t‘ollium</strong></span> <span class='ocrx_word' id='word_1_718' title='bbox 3386 3708 3531 3776; x_wconf 82' lang='lat' dir='ltr'><strong>plane</strong></span> <span class='ocrx_word' id='word_1_719' title='bbox 3555 3700 3720 3754; x_wconf 81' lang='lat' dir='ltr'><strong>diversa</strong></span> 
     </span>
    </p>
   </div>
   <div class='ocr_carea' id='block_1_98' title="bbox 2212 3785 3722 3868">
    <p class='ocr_par' dir='ltr' id='par_1_98' title="bbox 2212 3785 3722 3868">
     <span class='ocr_line' id='line_1_99' title="bbox 2212 3785 3722 3868; baseline -0.01 -16"><span class='ocrx_word' id='word_1_720' title='bbox 2212 3806 2266 3852; x_wconf 92' lang='lat' dir='ltr'><strong>ct</strong></span> <span class='ocrx_word' id='word_1_721' title='bbox 2295 3799 2596 3853; x_wconf 87' lang='lat' dir='ltr'><strong>abhorrens</strong></span> <span class='ocrx_word' id='word_1_722' title='bbox 2639 3800 2707 3853; x_wconf 88' lang='lat' dir='ltr'><strong>ab</strong></span> <span class='ocrx_word' id='word_1_723' title='bbox 2741 3800 2888 3852; x_wconf 90' lang='lat' dir='ltr'><strong>omni</strong></span> <span class='ocrx_word' id='word_1_724' title='bbox 2947 3816 3296 3855; x_wconf 88' lang='lat' dir='ltr'><strong>nummorum</strong></span> <span class='ocrx_word' id='word_1_725' title='bbox 3341 3811 3524 3868; x_wconf 87' lang='lat' dir='ltr'><strong>genere</strong></span> <span class='ocrx_word' id='word_1_726' title='bbox 3561 3785 3722 3859; x_wconf 82' lang='lat' dir='ltr'><strong>signiﬁ-</strong></span> 
     </span>
    </p>
   </div>
   <div class='ocr_carea' id='block_1_99' title="bbox 2213 3885 3718 3960">
    <p class='ocr_par' dir='ltr' id='par_1_99' title="bbox 2213 3885 3718 3960">
     <span class='ocr_line' id='line_1_100' title="bbox 2213 3885 3718 3960; baseline -0.002 -18"><span class='ocrx_word' id='word_1_727' title='bbox 2213 3891 2355 3943; x_wconf 84' lang='lat' dir='ltr'><strong>catio</strong></span> <span class='ocrx_word' id='word_1_728' title='bbox 2385 3901 2488 3944; x_wconf 89' lang='lat' dir='ltr'><strong>est.</strong></span> <span class='ocrx_word' id='word_1_729' title='bbox 2524 3887 2601 3943; x_wconf 90' lang='lat' dir='ltr'><strong>Ibi</strong></span> <span class='ocrx_word' id='word_1_730' title='bbox 2631 3893 2776 3944; x_wconf 89' lang='lat' dir='ltr'><strong>enim</strong></span> <span class='ocrx_word' id='word_1_731' title='bbox 2811 3891 3077 3960; x_wconf 86' lang='lat' dir='ltr'><strong>triplicem</strong></span> <span class='ocrx_word' id='word_1_732' title='bbox 3115 3892 3374 3948; x_wconf 88' lang='lat' dir='ltr'><strong>senatorii</strong></span> <span class='ocrx_word' id='word_1_733' title='bbox 3407 3885 3594 3943; x_wconf 86' lang='lat' dir='ltr'><strong>ordinis</strong></span> <span class='ocrx_word' id='word_1_734' title='bbox 3627 3892 3718 3949; x_wconf 59' lang='grc' dir='ltr'><strong>δυ’</strong></span> 
     </span>
    </p>
   </div>
   <div class='ocr_carea' id='block_1_100' title="bbox 2212 3975 3721 4052">
    <p class='ocr_par' dir='ltr' id='par_1_100' title="bbox 2212 3975 3721 4052">
     <span class='ocr_line' id='line_1_101' title="bbox 2212 3975 3721 4052; baseline -0.005 -20"><span class='ocrx_word' id='word_1_735' title='bbox 2212 3981 2342 4033; x_wconf 87' lang='lat' dir='ltr'><strong>dum</strong></span> <span class='ocrx_word' id='word_1_736' title='bbox 2394 3981 2682 4044; x_wconf 73' lang='lat' dir='ltr'><strong>discernit.</strong></span> <span class='ocrx_word' id='word_1_737' title='bbox 2721 3997 2818 4050; x_wconf 88' lang='lat' dir='ltr'><strong>pro</strong></span> <span class='ocrx_word' id='word_1_738' title='bbox 2862 3982 3080 4036; x_wconf 88' lang='lat' dir='ltr'><strong>diversa</strong></span> <span class='ocrx_word' id='word_1_739' title='bbox 3124 3981 3479 4052; x_wconf 85' lang='lat' dir='ltr'><strong>professione,</strong></span> <span class='ocrx_word' id='word_1_740' title='bbox 3531 3975 3721 4037; x_wconf 66' lang='lat' dir='ltr'><strong>inqua!&quot;</strong></span> 
     </span>
    </p>
   </div>
   <div class='ocr_carea' id='block_1_101' title="bbox 2213 4057 3720 4140">
    <p class='ocr_par' dir='ltr' id='par_1_101' title="bbox 2213 4057 3720 4140">
     <span class='ocr_line' id='line_1_102' title="bbox 2213 4057 3720 4140; baseline -0.012 -17"><span class='ocrx_word' id='word_1_741' title='bbox 2213 4071 2302 4124; x_wconf 86' lang='lat' dir='ltr'><strong>alii</strong></span> <span class='ocrx_word' id='word_1_742' title='bbox 2335 4071 2474 4125; x_wconf 92' lang='lat' dir='ltr'><strong>duos</strong></span> <span class='ocrx_word' id='word_1_743' title='bbox 2512 4070 2691 4133; x_wconf 87' lang='lat' dir='ltr'><strong>folles,</strong></span> <span class='ocrx_word' id='word_1_744' title='bbox 2738 4072 2827 4124; x_wconf 86' lang='lat' dir='ltr'><strong>alii</strong></span> <span class='ocrx_word' id='word_1_745' title='bbox 2873 4080 3133 4140; x_wconf 86' lang='lat' dir='ltr'><strong>quatuor,</strong></span> <span class='ocrx_word' id='word_1_746' title='bbox 3195 4071 3286 4124; x_wconf 91' lang='lat' dir='ltr'><strong>alii</strong></span> <span class='ocrx_word' id='word_1_747' title='bbox 3339 4066 3554 4136; x_wconf 87' lang='lat' dir='ltr'><strong>amplius</strong></span> <span class='ocrx_word' id='word_1_748' title='bbox 3593 4057 3720 4112; x_wconf 72' lang='lat' dir='ltr'><strong>habr-</strong></span> 
     </span>
    </p>
   </div>
   <div class='ocr_carea' id='block_1_102' title="bbox 2215 4141 3720 4230">
    <p class='ocr_par' dir='ltr' id='par_1_102' title="bbox 2215 4141 3720 4230">
     <span class='ocr_line' id='line_1_103' title="bbox 2215 4141 3720 4230; baseline -0.014 -15"><span class='ocrx_word' id='word_1_749' title='bbox 2215 4163 2366 4215; x_wconf 83' lang='lat' dir='ltr'><strong>hanl.</strong></span> <span class='ocrx_word' id='word_1_750' title='bbox 2389 4160 2556 4216; x_wconf 88' lang='lat' dir='ltr'><strong>Follis</strong></span> <span class='ocrx_word' id='word_1_751' title='bbox 2575 4175 2702 4215; x_wconf 87' lang='lat' dir='ltr'><strong>vero</strong></span> <span class='ocrx_word' id='word_1_752' title='bbox 2723 4176 2830 4214; x_wconf 91' lang='lat' dir='ltr'><strong>non</strong></span> <span class='ocrx_word' id='word_1_753' title='bbox 2851 4176 2949 4230; x_wconf 89' lang='lat' dir='ltr'><strong>pro</strong></span> <span class='ocrx_word' id='word_1_754' title='bbox 2981 4176 3225 4224; x_wconf 90' lang='lat' dir='ltr'><strong>nummo,</strong></span> <span class='ocrx_word' id='word_1_755' title='bbox 3241 4158 3332 4214; x_wconf 91' lang='lat' dir='ltr'><strong>sed</strong></span> <span class='ocrx_word' id='word_1_756' title='bbox 3352 4172 3444 4228; x_wconf 90' lang='lat' dir='ltr'><strong>pro</strong></span> <span class='ocrx_word' id='word_1_757' title='bbox 3461 4141 3720 4208; x_wconf 82' lang='lat' dir='ltr'><strong>canonetri-</strong></span> 
     </span>
    </p>
   </div>
   <div class='ocr_carea' id='block_1_103' title="bbox 2216 4244 3720 4320">
    <p class='ocr_par' dir='ltr' id='par_1_103' title="bbox 2216 4244 3720 4320">
     <span class='ocr_line' id='line_1_104' title="bbox 2216 4244 3720 4320; baseline -0.009 -15"><span class='ocrx_word' id='word_1_758' title='bbox 2216 4253 2327 4305; x_wconf 88' lang='lat' dir='ltr'><strong>lmti</strong></span> <span class='ocrx_word' id='word_1_759' title='bbox 2377 4266 2441 4305; x_wconf 87' lang='lat' dir='ltr'><strong>ac</strong></span> <span class='ocrx_word' id='word_1_760' title='bbox 2472 4251 2839 4320; x_wconf 70' lang='lat' dir='ltr'><strong>praestationis</strong></span> <span class='ocrx_word' id='word_1_761' title='bbox 2872 4252 3235 4320; x_wconf 90' lang='lat' dir='ltr'><strong>sumitur,qui</strong></span> <span class='ocrx_word' id='word_1_762' title='bbox 3258 4267 3284 4304; x_wconf 92' lang='lat' dir='ltr'><strong>a</strong></span> <span class='ocrx_word' id='word_1_763' title='bbox 3317 4244 3628 4304; x_wconf 85' lang='lat' dir='ltr'><strong>senatoribus</strong></span> <span class='ocrx_word' id='word_1_764' title='bbox 3653 4245 3720 4302; x_wconf 77' lang='lat' dir='ltr'><strong>pro</strong></span> 
     </span>
    </p>
   </div>
   <div class='ocr_carea' id='block_1_104' title="bbox 2213 4321 3719 4412">
    <p class='ocr_par' dir='ltr' id='par_1_104' title="bbox 2213 4321 3719 4412">
     <span class='ocr_line' id='line_1_105' title="bbox 2213 4321 3719 4412; baseline -0.009 -17"><span class='ocrx_word' id='word_1_765' title='bbox 2213 4345 2481 4411; x_wconf 79' lang='lat' dir='ltr'><strong>cujusque</strong></span> <span class='ocrx_word' id='word_1_766' title='bbox 2517 4343 2776 4395; x_wconf 89' lang='lat' dir='ltr'><strong>facultate</strong></span> <span class='ocrx_word' id='word_1_767' title='bbox 2808 4357 2871 4394; x_wconf 88' lang='lat' dir='ltr'><strong>ac</strong></span> <span class='ocrx_word' id='word_1_768' title='bbox 2901 4342 3167 4412; x_wconf 87' lang='lat' dir='ltr'><strong>dignitate</strong></span> <span class='ocrx_word' id='word_1_769' title='bbox 3202 4341 3405 4397; x_wconf 86' lang='lat' dir='ltr'><strong>solebat</strong></span> <span class='ocrx_word' id='word_1_770' title='bbox 3434 4334 3588 4403; x_wconf 73' lang='lat' dir='ltr'><strong>exigi:</strong></span> <span class='ocrx_word' id='word_1_771' title='bbox 3621 4321 3719 4380; x_wconf 66' lang='grc' dir='ltr'><strong>κειτὲι</strong></span> 
     </span>
    </p>
   </div>
   <div class='ocr_carea' id='block_1_105' title="bbox 2213 4425 3715 4508">
    <p class='ocr_par' dir='ltr' id='par_1_105' title="bbox 2213 4425 3715 4508">
     <span class='ocr_line' id='line_1_106' title="bbox 2213 4425 3715 4508; baseline -0.015 -19"><span class='ocrx_word' id='word_1_772' title='bbox 2213 4436 2310 4507; x_wconf 77' lang='grc' dir='ltr'>τὴν</span> <span class='ocrx_word' id='word_1_773' title='bbox 2366 4435 2524 4500; x_wconf 80' lang='grc' dir='ltr'>ἀξίαν</span> <span class='ocrx_word' id='word_1_774' title='bbox 2567 4435 2661 4487; x_wconf 75' lang='grc' dir='ltr'><strong>καὶ</strong></span> <span class='ocrx_word' id='word_1_775' title='bbox 2706 4433 2803 4504; x_wconf 79' lang='grc' dir='ltr'><strong>τὴν</strong></span> <span class='ocrx_word' id='word_1_776' title='bbox 2837 4434 3118 4506; x_wconf 82' lang='grc' dir='ltr'>εὐπορίαν,</span> <span class='ocrx_word' id='word_1_777' title='bbox 3154 4443 3210 4488; x_wconf 91' lang='lat' dir='ltr'><strong>ut</strong></span> <span class='ocrx_word' id='word_1_778' title='bbox 3251 4434 3436 4503; x_wconf 66' lang='lat' dir='ltr'><strong>glossa:</strong></span> <span class='ocrx_word' id='word_1_779' title='bbox 3467 4425 3715 4508; x_wconf 55' lang='lat' dir='ltr'><strong>loquuntur:</strong></span> 
     </span>
    </p>
   </div>
   <div class='ocr_carea' id='block_1_106' title="bbox 2215 4511 3715 4592">
    <p class='ocr_par' dir='ltr' id='par_1_106' title="bbox 2215 4511 3715 4592">
     <span class='ocr_line' id='line_1_107' title="bbox 2215 4511 3715 4592; baseline -0.017 -14"><span class='ocrx_word' id='word_1_780' title='bbox 2215 4527 2483 4592; x_wconf 90' lang='lat' dir='ltr'><strong>Quocirca</strong></span> <span class='ocrx_word' id='word_1_781' title='bbox 2516 4525 2652 4579; x_wconf 89' lang='lat' dir='ltr'><strong>nihil</strong></span> <span class='ocrx_word' id='word_1_782' title='bbox 2687 4524 2955 4578; x_wconf 88' lang='lat' dir='ltr'><strong>hactenus</strong></span> <span class='ocrx_word' id='word_1_783' title='bbox 2993 4525 3218 4578; x_wconf 88' lang='lat' dir='ltr'><strong>allatum</strong></span> <span class='ocrx_word' id='word_1_784' title='bbox 3246 4521 3418 4582; x_wconf 90' lang='lat' dir='ltr'><strong>video,</strong></span> <span class='ocrx_word' id='word_1_785' title='bbox 3449 4511 3575 4585; x_wconf 87' lang='lat' dir='ltr'><strong>quod</strong></span> <span class='ocrx_word' id='word_1_786' title='bbox 3609 4515 3715 4559; x_wconf 75' lang='lat' dir='ltr'><strong>aurei</strong></span> 
     </span>
    </p>
   </div>
   <div class='ocr_carea' id='block_1_107' title="bbox 2214 4595 3714 4689">
    <p class='ocr_par' dir='ltr' id='par_1_107' title="bbox 2214 4595 3714 4689">
     <span class='ocr_line' id='line_1_108' title="bbox 2214 4595 3714 4689; baseline -0.012 -16"><span class='ocrx_word' id='word_1_787' title='bbox 2214 4621 2422 4673; x_wconf 88' lang='lat' dir='ltr'><strong>nummi</strong></span> <span class='ocrx_word' id='word_1_788' title='bbox 2453 4634 2627 4689; x_wconf 86' lang='lat' dir='ltr'><strong>genus</strong></span> <span class='ocrx_word' id='word_1_789' title='bbox 2655 4617 2827 4673; x_wconf 88' lang='lat' dir='ltr'><strong>fuisse</strong></span> <span class='ocrx_word' id='word_1_790' title='bbox 2861 4617 3041 4671; x_wconf 88' lang='lat' dir='ltr'><strong>follem</strong></span> <span class='ocrx_word' id='word_1_791' title='bbox 3084 4620 3400 4686; x_wconf 88' lang='lat' dir='ltr'><strong>argumento</strong></span> <span class='ocrx_word' id='word_1_792' title='bbox 3437 4621 3546 4664; x_wconf 88' lang='lat' dir='ltr'><strong>esse</strong></span> <span class='ocrx_word' id='word_1_793' title='bbox 3573 4595 3714 4671; x_wconf 49' lang='lat' dir='ltr'><strong>p089&quot;.</strong></span> 
     </span>
    </p>
   </div>
   <div class='ocr_carea' id='block_1_108' title="bbox 2215 4696 3714 4780">
    <p class='ocr_par' dir='ltr' id='par_1_108' title="bbox 2215 4696 3714 4780">
     <span class='ocr_line' id='line_1_109' title="bbox 2215 4696 3714 4780; baseline -0.018 -15"><span class='ocrx_word' id='word_1_794' title='bbox 2215 4710 2311 4765; x_wconf 92' lang='lat' dir='ltr'><strong>scd</strong></span> <span class='ocrx_word' id='word_1_795' title='bbox 2353 4710 2437 4764; x_wconf 88' lang='lat' dir='ltr'><strong>vel</strong></span> <span class='ocrx_word' id='word_1_796' title='bbox 2490 4710 2606 4763; x_wconf 89' lang='lat' dir='ltr'><strong>auri</strong></span> <span class='ocrx_word' id='word_1_797' title='bbox 2646 4709 2968 4780; x_wconf 85' lang='lat' dir='ltr'><strong>argentique</strong></span> <span class='ocrx_word' id='word_1_798' title='bbox 3019 4723 3304 4773; x_wconf 88' lang='lat' dir='ltr'><strong>summam,</strong></span> <span class='ocrx_word' id='word_1_799' title='bbox 3343 4703 3422 4758; x_wconf 84' lang='lat' dir='ltr'><strong>vel</strong></span> <span class='ocrx_word' id='word_1_800' title='bbox 3467 4696 3714 4769; x_wconf 82' lang='lat' dir='ltr'><strong>argenteum</strong></span> 
     </span>
    </p>
   </div>
   <div class='ocr_carea' id='block_1_109' title="bbox 2215 4809 3078 4866">
    <p class='ocr_par' dir='ltr' id='par_1_109' title="bbox 2215 4809 3078 4866">
     <span class='ocr_line' id='line_1_110' title="bbox 2215 4809 3078 4866; baseline 0.002 -11"><span class='ocrx_word' id='word_1_801' title='bbox 2215 4810 2362 4858; x_wconf 88' lang='lat' dir='ltr'><strong>certe</strong></span> <span class='ocrx_word' id='word_1_802' title='bbox 2393 4817 2694 4866; x_wconf 90' lang='lat' dir='ltr'><strong>nummum,</strong></span> <span class='ocrx_word' id='word_1_803' title='bbox 2732 4809 2824 4855; x_wconf 87' lang='lat' dir='ltr'><strong>aut</strong></span> <span class='ocrx_word' id='word_1_804' title='bbox 2856 4818 3078 4857; x_wconf 69' lang='lat' dir='ltr'><strong>aereum.</strong></span> 
     </span>
    </p>
   </div>
   <div class='ocr_carea' id='block_1_110' title="bbox 3799 861 3870 3330">
    <p class='ocr_par' dir='ltr' id='par_1_110' title="bbox 3803 861 3861 2738">
     <span class='ocr_line' id='line_1_111' title="bbox 3829 861 3855 1408; baseline 0 0"><span class='ocrx_word' id='word_1_805' title='bbox 3829 861 3855 1408; x_wconf 63' lang='lat' dir='ltr'><strong>il</strong></span> 
     </span>
     <span class='ocr_line' id='line_1_112' title="bbox 3826 1413 3835 1548; baseline 0 -6"><span class='ocrx_word' id='word_1_806' title='bbox 3826 1413 3835 1548; x_wconf 69' lang='grc' dir='ltr'><em>ἐ</em></span> 
     </span>
     <span class='ocr_line' id='line_1_113' title="bbox 3803 2655 3861 2738; baseline 0.069 -4"><span class='ocrx_word' id='word_1_807' title='bbox 3803 2691 3808 2734; x_wconf 71' lang='grc' dir='ltr'><em>ς</em></span> <span class='ocrx_word' id='word_1_808' title='bbox 3859 2655 3861 2738; x_wconf 68' lang='lat'>1</span> 
     </span>
    </p>
   </div>
   <div class='ocr_carea' id='block_1_111' title="bbox 3806 3675 3866 4448">
    <p class='ocr_par' dir='ltr' id='par_1_111' title="bbox 3810 3675 3862 4372">
     <span class='ocr_line' id='line_1_114' title="bbox 3810 3675 3862 4372; baseline 0 -310"><span class='ocrx_word' id='word_1_809' title='bbox 3811 3679 3862 4372; x_wconf 53' lang='grc' dir='ltr'><strong><em>γ</em></strong></span> 
     </span>
    </p>
   </div>
   <div class='ocr_carea' id='block_1_112' title="bbox 2287 4905 3666 4987">
    <p class='ocr_par' dir='ltr' id='par_1_112' title="bbox 2287 4905 3666 4987">
     <span class='ocr_line' id='line_1_115' title="bbox 2287 4905 3666 4987; baseline -0.013 -17"><span class='ocrx_word' id='word_1_810' title='bbox 2287 4916 2364 4970; x_wconf 89' lang='lat' dir='ltr'><strong>De</strong></span> <span class='ocrx_word' id='word_1_811' title='bbox 2392 4916 2686 4971; x_wconf 79' lang='lat' dir='ltr'><strong>ntiliarensi</strong></span> <span class='ocrx_word' id='word_1_812' title='bbox 2718 4927 2983 4986; x_wconf 85' lang='lat' dir='ltr'><strong>argenteo,</strong></span> <span class='ocrx_word' id='word_1_813' title='bbox 3015 4935 3130 4987; x_wconf 76' lang='lat' dir='ltr'><strong>qua:</strong></span> <span class='ocrx_word' id='word_1_814' title='bbox 3158 4933 3280 4986; x_wconf 85' lang='lat' dir='ltr'><strong>pars</strong></span> <span class='ocrx_word' id='word_1_815' title='bbox 3312 4913 3446 4984; x_wconf 79' lang='lat' dir='ltr'><strong>[ollis</strong></span> <span class='ocrx_word' id='word_1_816' title='bbox 3479 4905 3666 4960; x_wconf 74' lang='lat' dir='ltr'><strong>videtur.</strong></span> 
     </span>
    </p>
   </div>
   <div class='ocr_carea' id='block_1_113' title="bbox 2285 4997 3710 5083">
    <p class='ocr_par' dir='ltr' id='par_1_113' title="bbox 2285 4997 3710 5083">
     <span class='ocr_line' id='line_1_116' title="bbox 2285 4997 3710 5083; baseline -0.013 -20"><span class='ocrx_word' id='word_1_817' title='bbox 2285 5009 2589 5077; x_wconf 84' lang='lat' dir='ltr'><strong>Antequam</strong></span> <span class='ocrx_word' id='word_1_818' title='bbox 2635 5009 2702 5064; x_wconf 89' lang='lat' dir='ltr'><strong>de</strong></span> <span class='ocrx_word' id='word_1_819' title='bbox 2737 5009 2864 5064; x_wconf 85' lang='lat' dir='ltr'><strong>folle</strong></span> <span class='ocrx_word' id='word_1_820' title='bbox 2897 5022 3154 5080; x_wconf 88' lang='lat' dir='ltr'><strong>argenteo</strong></span> <span class='ocrx_word' id='word_1_821' title='bbox 3197 5009 3328 5064; x_wconf 89' lang='lat' dir='ltr'><strong>certi</strong></span> <span class='ocrx_word' id='word_1_822' title='bbox 3380 4997 3565 5070; x_wconf 88' lang='lat' dir='ltr'><strong>aliquid</strong></span> <span class='ocrx_word' id='word_1_823' title='bbox 3593 5000 3710 5083; x_wconf 48' lang='lat' dir='ltr'><strong>citur</strong></span> 
     </span>
    </p>
   </div>
   <div class='ocr_carea' id='block_1_114' title="bbox 2215 5077 3712 5168">
    <p class='ocr_par' dir='ltr' id='par_1_114' title="bbox 2215 5077 3712 5168">
     <span class='ocr_line' id='line_1_117' title="bbox 2215 5077 3712 5168; baseline -0.005 -17"><span class='ocrx_word' id='word_1_824' title='bbox 2215 5107 2326 5163; x_wconf 91' lang='lat' dir='ltr'><strong>tur,</strong></span> <span class='ocrx_word' id='word_1_825' title='bbox 2361 5115 2586 5154; x_wconf 88' lang='lat' dir='ltr'><strong>necesse</strong></span> <span class='ocrx_word' id='word_1_826' title='bbox 2616 5109 2701 5154; x_wconf 86' lang='lat' dir='ltr'><strong>est</strong></span> <span class='ocrx_word' id='word_1_827' title='bbox 2736 5100 2804 5154; x_wconf 88' lang='lat' dir='ltr'><strong>de</strong></span> <span class='ocrx_word' id='word_1_828' title='bbox 2849 5077 3174 5160; x_wconf 73' lang='lat' dir='ltr'><strong>miliarensi,</strong></span> <span class='ocrx_word' id='word_1_829' title='bbox 3213 5096 3353 5168; x_wconf 88' lang='lat' dir='ltr'><strong>quod</strong></span> <span class='ocrx_word' id='word_1_830' title='bbox 3382 5095 3592 5163; x_wconf 79' lang='grc' dir='ltr'>ἄργυρον</span> <span class='ocrx_word' id='word_1_831' title='bbox 3623 5077 3712 5144; x_wconf 65' lang='lat' dir='ltr'><strong>EPI&#39;</strong></span> 
     </span>
    </p>
   </div>
   <div class='ocr_carea' id='block_1_115' title="bbox 2215 5178 3710 5262">
    <p class='ocr_par' dir='ltr' id='par_1_115' title="bbox 2215 5178 3710 5262">
     <span class='ocr_line' id='line_1_118' title="bbox 2215 5178 3710 5262; baseline -0.005 -19"><span class='ocrx_word' id='word_1_832' title='bbox 2215 5189 2451 5260; x_wconf 87' lang='lat' dir='ltr'><strong>pbanius</strong></span> <span class='ocrx_word' id='word_1_833' title='bbox 2487 5192 2756 5256; x_wconf 87' lang='lat' dir='ltr'><strong>nominat,</strong></span> <span class='ocrx_word' id='word_1_834' title='bbox 2785 5207 2958 5262; x_wconf 87' lang='lat' dir='ltr'><strong>pauca</strong></span> <span class='ocrx_word' id='word_1_835' title='bbox 2981 5193 3226 5262; x_wconf 66' lang='lat' dir='ltr'><strong>quaedam</strong></span> <span class='ocrx_word' id='word_1_836' title='bbox 3265 5185 3582 5257; x_wconf 66' lang='lat' dir='ltr'><strong>praemittere.</strong></span> <span class='ocrx_word' id='word_1_837' title='bbox 3610 5178 3710 5262; x_wconf 61' lang='grc' dir='ltr'><strong>(ΙΨ</strong></span> 
     </span>
    </p>
   </div>
   <div class='ocr_carea' id='block_1_116' title="bbox 2216 5260 3709 5355">
    <p class='ocr_par' dir='ltr' id='par_1_116' title="bbox 2216 5260 3709 5355">
     <span class='ocr_line' id='line_1_119' title="bbox 2216 5260 3709 5355; baseline -0.02 -18"><span class='ocrx_word' id='word_1_838' title='bbox 2216 5284 2363 5337; x_wconf 89' lang='lat' dir='ltr'><strong>uiam</strong></span> <span class='ocrx_word' id='word_1_839' title='bbox 2418 5299 2484 5337; x_wconf 81' lang='lat' dir='ltr'><strong>ex</strong></span> <span class='ocrx_word' id='word_1_840' title='bbox 2528 5299 2592 5338; x_wconf 91' lang='lat' dir='ltr'><strong>eo</strong></span> <span class='ocrx_word' id='word_1_841' title='bbox 2649 5299 2996 5340; x_wconf 90' lang='lat' dir='ltr'><strong>nummorum</strong></span> <span class='ocrx_word' id='word_1_842' title='bbox 3048 5299 3243 5355; x_wconf 86' lang='lat' dir='ltr'><strong>genere</strong></span> <span class='ocrx_word' id='word_1_843' title='bbox 3293 5271 3522 5344; x_wconf 78' lang='lat' dir='ltr'><strong>componi</strong></span> <span class='ocrx_word' id='word_1_844' title='bbox 3576 5260 3709 5316; x_wconf 86' lang='lat' dir='ltr'><strong>follem</strong></span> 
     </span>
    </p>
   </div>
   <div class='ocr_carea' id='block_1_117' title="bbox 2217 5355 3706 5430">
    <p class='ocr_par' dir='ltr' id='par_1_117' title="bbox 2217 5355 3706 5430">
     <span class='ocr_line' id='line_1_120' title="bbox 2217 5355 3706 5430; baseline -0.02 -2"><span class='ocrx_word' id='word_1_845' title='bbox 2217 5374 2358 5428; x_wconf 87' lang='lat' dir='ltr'><strong>idem</strong></span> <span class='ocrx_word' id='word_1_846' title='bbox 2391 5374 2483 5428; x_wconf 88' lang='lat' dir='ltr'><strong>ille</strong></span> <span class='ocrx_word' id='word_1_847' title='bbox 2511 5374 2784 5430; x_wconf 82' lang='lat' dir='ltr'><strong>affirmare</strong></span> <span class='ocrx_word' id='word_1_848' title='bbox 2817 5375 3049 5430; x_wconf 87' lang='lat' dir='ltr'><strong>videtur.</strong></span> <span class='ocrx_word' id='word_1_849' title='bbox 3083 5375 3432 5429; x_wconf 85' lang='lat' dir='ltr'><strong>Miliarensem</strong></span> <span class='ocrx_word' id='word_1_850' title='bbox 3458 5355 3706 5428; x_wconf 85' lang='lat' dir='ltr'><strong>argenteum</strong></span> 
     </span>
    </p>
   </div>
   <div class='ocr_carea' id='block_1_118' title="bbox 2215 5434 3706 5533">
    <p class='ocr_par' dir='ltr' id='par_1_118' title="bbox 2215 5434 3706 5533">
     <span class='ocr_line' id='line_1_121' title="bbox 2215 5434 3706 5533; baseline -0.015 -18"><span class='ocrx_word' id='word_1_851' title='bbox 2215 5465 2386 5518; x_wconf 86' lang='lat' dir='ltr'><strong>fuisse</strong></span> <span class='ocrx_word' id='word_1_852' title='bbox 2444 5482 2728 5521; x_wconf 88' lang='lat' dir='ltr'><strong>nummum</strong></span> <span class='ocrx_word' id='word_1_853' title='bbox 2780 5483 2889 5522; x_wconf 93' lang='lat' dir='ltr'><strong>non</strong></span> <span class='ocrx_word' id='word_1_854' title='bbox 2945 5482 3199 5530; x_wconf 87' lang='lat' dir='ltr'><strong>aureum,</strong></span> <span class='ocrx_word' id='word_1_855' title='bbox 3257 5461 3483 5518; x_wconf 81' lang='lat' dir='ltr'><strong>declarat</strong></span> <span class='ocrx_word' id='word_1_856' title='bbox 3537 5434 3706 5533; x_wconf 48' lang='lat' dir='ltr'><strong>Novelltl</strong></span> 
     </span>
    </p>
   </div>
   <div class='ocr_carea' id='block_1_119' title="bbox 2212 5531 3703 5627">
    <p class='ocr_par' dir='ltr' id='par_1_119' title="bbox 2212 5531 3703 5627">
     <span class='ocr_line' id='line_1_122' title="bbox 2212 5531 3703 5627; baseline -0.022 -18"><span class='ocrx_word' id='word_1_857' title='bbox 2212 5553 2514 5609; x_wconf 72' lang='grc' dir='ltr'>ιῐιιειίιιὶιιιιὶ</span> <span class='ocrx_word' id='word_1_858' title='bbox 2566 5571 2665 5621; x_wconf 81' lang='lat' dir='ltr'><strong>CV,</strong></span> <span class='ocrx_word' id='word_1_859' title='bbox 2717 5557 2771 5611; x_wconf 79' lang='lat' dir='ltr'><strong>in</strong></span> <span class='ocrx_word' id='word_1_860' title='bbox 2826 5573 2932 5627; x_wconf 76' lang='lat' dir='ltr'><strong>qua</strong></span> <span class='ocrx_word' id='word_1_861' title='bbox 2987 5553 3418 5626; x_wconf 63' lang='lat' dir='ltr'><strong>magistratibus,</strong></span> <span class='ocrx_word' id='word_1_862' title='bbox 3465 5531 3703 5627; x_wconf 38' lang='lat' dir='ltr'><strong>prmserll‘m</strong></span> 
     </span>
    </p>
   </div>
   <div class='ocr_carea' id='block_1_120' title="bbox 2213 5623 3703 5718">
    <p class='ocr_par' dir='ltr' id='par_1_120' title="bbox 2213 5623 3703 5718">
     <span class='ocr_line' id='line_1_123' title="bbox 2213 5623 3703 5718; baseline -0.022 -19"><span class='ocrx_word' id='word_1_863' title='bbox 2213 5660 2358 5701; x_wconf 92' lang='lat' dir='ltr'><strong>coss.</strong></span> <span class='ocrx_word' id='word_1_864' title='bbox 2379 5645 2720 5716; x_wconf 86' lang='lat' dir='ltr'><strong>profusionis</strong></span> <span class='ocrx_word' id='word_1_865' title='bbox 2737 5649 2956 5704; x_wconf 91' lang='lat' dir='ltr'><strong>modum</strong></span> <span class='ocrx_word' id='word_1_866' title='bbox 2977 5647 3298 5718; x_wconf 45' lang='lat' dir='ltr'><strong>pru‘scribit,</strong></span> <span class='ocrx_word' id='word_1_867' title='bbox 3335 5642 3560 5718; x_wconf 77' lang='lat' dir='ltr'><strong>vetatque</strong></span> <span class='ocrx_word' id='word_1_868' title='bbox 3572 5623 3703 5718; x_wconf 48' lang='lat' dir='ltr'><strong>pulit:</strong></span> 
     </span>
    </p>
   </div>
   <div class='ocr_carea' id='block_1_121' title="bbox 2212 5697 3704 5812">
    <p class='ocr_par' dir='ltr' id='par_1_121' title="bbox 2212 5697 3704 5812">
     <span class='ocr_line' id='line_1_124' title="bbox 2224 5697 3494 5718; baseline -0.016 -19"><span class='ocrx_word' id='word_1_869' title='bbox 2224 5697 3226 5718; x_wconf 25' lang='lat' dir='ltr'><strong>__-,_r_________w___&#39;_‘____r_“_&#39;_w</strong></span> <span class='ocrx_word' id='word_1_870' title='bbox 3288 5697 3296 5702; x_wconf 85' lang='lat'>_</span> <span class='ocrx_word' id='word_1_871' title='bbox 3487 5697 3494 5698; x_wconf 14' lang='grc' dir='ltr'>ί</span> 
     </span>
     <span class='ocr_line' id='line_1_125' title="bbox 2212 5697 3704 5812; baseline -0.015 -20"><span class='ocrx_word' id='word_1_872' title='bbox 2212 5753 2335 5794; x_wconf 88' lang='lat' dir='ltr'><strong>mos</strong></span> <span class='ocrx_word' id='word_1_873' title='bbox 2361 5753 2559 5795; x_wconf 89' lang='lat' dir='ltr'><strong>aureos</strong></span> <span class='ocrx_word' id='word_1_874' title='bbox 2582 5755 2865 5812; x_wconf 77' lang='lat' dir='ltr'><strong>Spargere,</strong></span> <span class='ocrx_word' id='word_1_875' title='bbox 2909 5752 3194 5812; x_wconf 85' lang='lat' dir='ltr'><strong>argenteos</strong></span> <span class='ocrx_word' id='word_1_876' title='bbox 3236 5723 3494 5806; x_wconf 73' lang='lat' dir='ltr'><strong>permittit.</strong></span> <span class='ocrx_word' id='word_1_877' title='bbox 3526 5712 3589 5766; x_wconf 79' lang='grc' dir='ltr'><strong>οὗ</strong></span> <span class='ocrx_word' id='word_1_878' title='bbox 3619 5697 3704 5773; x_wconf 62' lang='grc' dir='ltr'><strong>μὴ]</strong></span> 
     </span>
    </p>
   </div>
   <div class='ocr_carea' id='block_1_122' title="bbox 3823 5375 3866 6176">
    <p class='ocr_par' dir='ltr' id='par_1_122' title="bbox 3827 5375 3862 6172">
     <span class='ocr_line' id='line_1_126' title="bbox 3827 5375 3862 6172; baseline 0 -696"><span class='ocrx_word' id='word_1_879' title='bbox 3827 5379 3862 6172; x_wconf 38' lang='grc' dir='ltr'><strong>η</strong></span> 
     </span>
    </p>
   </div>
  </div>
