3920 6426
236 372 345 431 585

1460 366 1559 427 ’DE
1594 365 1820 429 FOL'LE
1858 363 2273 427 MlLlA‘RE‘NSl.
2350 370 2361 378 “

3402 367 3504 424 586

239 484 470 558 χρυσίον
512 482 734 558 ῥίπτειν
773 484 1034 557 ἐφίεμεν,
1080 485 1142 537 οὐ
1195 486 1518 559 μικροτέρου
1569 489 1734 552 τινὸς,
1789 487 1823 557 ἢ

1941 502 2058 541 cum
2093 485 2328 541 duorum
2363 483 2720 539 denariortIm
2765 480 3064 555 legitimum
3099 485 3250 541 aurei
3289 486 3504 556 pondus

248 573 496 645 μείζονος
544 575 706 639 ὅλως,
756 573 789 645 ἢ
841 575 1007 643 μέσου
1052 575 1428 645 χαράγματος,
1476 574 1510 644 ἢ
1562 573 1824 646 σταθμοῦ,

245 664 360 719 ἀλλ’
391 665 637 737 ἀργύρου
673 665 944 737 (καθάπερ
967 665 1210 728 εἰπόντες
1243 664 1378 735 ἔφθη
1389 665 1508 735 μεν)
1544 665 1726 736 μόνον.
1757 665 1830 718 Τὸ

248 755 349 827 μὲν
387 755 501 827 γὰρ
533 757 758 826 χρυσίον
787 752 1123 828 διαρῤίπτεεν
1166 755 1399 809 ἁνείσθω
1442 757 1508 827 τῇ
1555 755 1826 827 βασιλείᾳ,

245 842 394 923 ᾗπερ
423 846 563 920 μόνῃ
588 849 687 901 ’καὶ
717 848 942 918 χρυσίου
980 849 1330 919 περιφρονεῖν
1367 849 1396 900 ὁ
1421 847 1525 917 τῆς
1553 846 1724 918 τύχης
1750 848 1830 901 δί-

242 942 408 992 δωσιν
442 938 627 1007 ὄγκος.
663 941 937 1012 Ἀργυρος
979 940 1037 993 δὲ
1083 942 1111 993 ὁ
1161 939 1299 1011 μετὰ
1326 939 1530 1011 χρυσὸν
1553 939 1714 1001 εὐθὺς
1751 957 1832 993 τι-

246 1027 524 1098 μιώτατος
550 1029 764 1099 γένοιτο
790 1030 856 1084 ἂν
888 1031 984 1084 καὶ
1014 1033 1128 1094 τοῖς
1160 1029 1342 1094 ἄλλοις
1371 1030 1600 1093 ὑπάτοις
1635 1030 1834 1101 φιλοτι-

247 1119 350 1189 μία
380 1118 691 1191 πρέπουσα.
737 1119 936 1173 Τοῦτον
966 1119 1191 1189 ἐφίεμεν
1219 1119 1417 1183 αὐτοὺς
1446 1120 1659 1190 ῥίπτειν
1684 1119 1742 1172 ἔν
1771 1136 1831 1173 τε

242 1214 361 1276 τοῖς
396 1206 755 1283 κάλουμένοις
786 1211 1170 1282 μιλιαρησίοις,
1192 1213 1292 1265 καὶ
1333 1213 1544 1283 μήλοις,
1572 1213 1668 1266 καὶ
1701 1226 1834 1266 καυ-

244 1304 410 1367 κῐοις,
448 1303 545 1357 καὶ
584 1302 993 1374 τετραγωνιοις,
1028 1302 1123 1356 καὶ
1162 1306 1277 1366 τοῖς
1311 1300 1595 1367 τοιούτοις.
1634 1302 1831 1358 Miltia-

242 1407 470 1450 rensem
499 1392 883 1449 duodecimam
914 1393 1076 1447 solidi
1110 1400 1321 1464 partem
1360 1392 1563 1461 fuisse,
1614 1394 1719 1449 hoc
1749 1401 1834 1450 est

244 1485 489 1543 solidum
533 1499 761 1540 aureum
797 1484 1065 1539 duodenis
1096 1484 1519 1541 milliarensibus
1565 1486 1831 1551 valuisse,

244 1577 356 1632 viri
394 1576 540 1633 docti
585 1576 795 1646 pridem
840 1576 1252 1644 observarunt;
1310 1578 1649 1648 proindeque
1694 1578 1833 1635 duas

252 1667 637 1738 siliquasauri
671 1668 850 1721 'unius
880 1667 1231 1723 milliarensis
1272 1668 1636 1723 astimatione
1678 1675 1835 1723 taxa-

246 1770 341 1815 tas
374 1777 390 1813 :
432 1760 633 1830 quippe
661 1759 872 1817 solidus
904 1774 1034 1816 xxiv
1063 1760 1286 1831 siliquis
1314 1760 1623 1816 constabat.
1658 1760 1835 1831 Atque

1931 584 2099 632 esset.
2159 575 2527 642 Quamobrem
2590 575 2709 630 auri
2763 574 2900 628 libra
2950 574 3228 631 drachmis
3287 576 3506 631 valebat

1932 666 2096 729 1152,
2127 665 2465 721 didrachmis
2484 666 2598 721 sive
2618 664 3048 720 milliarensihus
3080 664 3202 720 576.
3230 663 3338 720 Per
3363 681 3505 736 quos

1933 760 1978 814 si
2011 759 2150 814 1728
2188 759 2442 828 siliquas,
2483 765 2619 829 quot
2666 757 2724 812 in
2770 757 2912 812 libra
2949 765 3328 824 numerantur,
3365 758 3508 812 divi-

1932 850 2054 915 das,
2100 857 2411 920 competent
2448 851 2551 905 uni
2583 848 2902 904 didrachmo
2951 848 3163 918 siliqua
3202 855 3345 912 tres,
3396 862 3507 904 non

1934 942 2074 998 dua.
2106 942 2325 1007 Postea,
2372 957 2499 996 cum
2532 957 2741 998 Lxxxlv
2778 941 3053 996 indibram
3087 943 3336 1011 percussi
3384 950 3513 997 sunt

1934 1031 2119 1098 solidi,
2158 1032 2207 1088 si
2263 1032 2511 1102 singulos
2558 1032 2912 1087 nihilominus
2947 1032 3097 1102 paris
3142 1046 3267 1085 cum
3320 1032 3514 1086 veteri-

1938 1122 2064 1185 bus,
2098 1123 2368 1193 longeque
2412 1120 2778 1192 gravioribus,
2811 1124 2973 1193 pretii
3025 1121 3198 1178 fuisse
3255 1122 3384 1193 quis
3427 1124 3515 1177 di-

1934 1212 2434 1278 xerit,-ahsurdum
2470 1213 2727 1283 quiddam
2766 1228 2833 1268 ex
2866 1229 2931 1270 eo
2959 1221 3344 1284 consequetur.
3376 1213 3516 1269 Nam

1936 1311 1993 1356 ut
2018 1315 2224 1357 Lxxxtv
2250 1318 2347 1374 per
2385 1320 2516 1358 xxrv
2546 1306 2902 1375 multiplices,
2930 1306 3175 1362 invenies
3208 1307 3363 1362 libra
3394 1322 3516 1363 aurt

1935 1393 2171 1464 pretium
2222 1394 2611 1449 drachmarum
2683 1410 2809 1450 esse
2854 1394 3022 1461 2016,
3065 1395 3514 1453 didrachmorum

1935 1499 2032 1539 seu
2090 1483 2511 1538 milliarensium
2568 1483 3066 1555 Scaligcrianorum
3138 1486 3299 1541 1008.
3363 1488 3518 1543 Unde
3556 1476 3575 1487 ’

1937 1574 2447 1644 illudconsequens
2471 1584 2576 1641 est,
2601 1577 2862 1651 quoniam
2891 1577 3169 1633 drachma
3197 1580 3250 1632 in
3274 1579 3516 1634 Romana

1938 1664 2078 1720 libra
2134 1672 2263 1721 sunt
2314 1665 2559 1737 xcv1~(in
2601 1667 2819 1720 unciam
2864 1669 3011 1722 enim
3060 1676 3275 1724 octona
3317 1685 3518 1726 convce

1936 1757 2148 1826 niunt),
2178 1755 2334 1811 libra
2359 1764 2542 1811 autem
2568 1772 2666 1811 xx:
2692 1757 2987 1813 drachmas
3019 1758 3270 1822 totidem.
3301 1760 3405 1814 hoc
3434 1769 3521 1816 est

249 1825 467 1905 idcirco
502 1825 892 1905 mi-lliarcnsem
931 1825 1220 1919 δικέρατον
1257 1847 1539 1905 Cedrenus
1565 1825 1833 1904 nominat.
1866 1825 1909 1880 Β
1935 1844 2078 1900 2016
2126 1845 2236 1901 sibi
2285 1845 2588 1909 vindicant,
2628 1845 2884 1901 eamdem
2923 1848 3269 1903 Constantini
3315 1851 3519 1904 sacqu

244 1940 459 1998 Verum
500 1940 645 1996 istud
684 1948 1005 2011 perpetuum
1052 1956 1176 1997 esse
1206 1941 1432 1996 minime
1474 1940 1673 2012 potuit.
1718 1940 1833 1997 Βο-

248 2040 378 2087 cent
396 2032 553 2088 enim
597 2031 807 2087 Glossa
836 2032 1060 2103 νομικαί
1114 2047 1310 2087 novem
1363 2032 1587 2088 circiter
1631 2032 1837 2089 solidos

251 2124 630 2178 milliarenses
664 2122 922 2178 habuisse
950 2137 1113 2186 cxxv,
1156 2124 1357 2193 quibus
1399 2132 1713 2193 competunt
1742 2140 1839 2176 xe-

252 2214 420 2285 ράτια
454 2226 692 2269 tcxvm.
730 2212 965 2270 Proinde
1012 2214 1246 2285 singulis
1284 2213 1711 2271 milliarensibus
1757 2221 1839 2268 at-

249 2306 543 2361 tribuenda
579 2314 709 2361 sunt
735 2306 966 2378 κεράτια
1007 2306 1223 2377 singula
1248 2320 1372 2361 cum
1406 2305 1699 2371 dodrante,
1731 2304 1836 2360 hoc

244 2404 337 2453 est
366 2412 496 2452 cum
531 2398 761 2453 semisse
781 2405 835 2452 et
857 2396 1196 2471 quadrante;
1231 2397 1442 2452 solidus
1467 2408 1603 2452 vero
1626 2396 1825 2451 millia-

244 2488 399 2546 rensi
443 2490 748 2545 astimatur
777 2491 801 2543 1
833 2490 959 2560 8/9,
993 2499 1053 2545 ut
1083 2491 1488 2562 supradictum
1514 2497 1622 2545 est.

324 2577 598 2649 Scaliger,
628 2577 771 2635 libro
800 2577 875 2633 De
904 2594 959 2633 re
995 2560 1335 2644 Nummaria,
1360 2576 1743 2634 milliarensem
1761 2577 1839 2632 ait

249 2682 379 2724 esse
413 2667 717 2724 δωδέκατον
744 2671 839 2724 τοῦ
861 2670 1220 2743 νομίσματος,
1242 2681 1295 2725 et
1329 2668 1554 2725 Suidam
1587 2670 1836 2740 corrigit,

249 2761 348 2830 qui
377 2760 608 2815 δέκατον
643 2777 767 2819 esse
808 2763 1091 2818 docuerat.
1129 2762 1501 2832 Eumdemque
1541 2769 1596 2817 et
1623 2761 1838 2820 duabus

251 2852 376 2908 auri
427 2852 646 2923 siliquis
695 2854 956 2921 valuisse,
1003 2864 1058 2912 et
1102 2855 1277 2913 fuisse
1311 2855 1718 2921 didrachmum,
1767 2856 1839 2911 ob

251 2960 402 3008 eam,
434 2959 600 3014 quam
638 2945 773 3014 dixi,
820 2949 1108 3015 rationem,
1160 2948 1306 3020 quod
1355 2948 1639 3019 δικέρατον
1677 2947 1836 3014 foret,

251 3044 308 3091 et
336 3035 580 3089 duarum
614 3034 942 3105 siliquarum
976 3037 1394 3092 astimationem
1425 3035 1669 3098 haberet,
1703 3049 1837 3104 qua-

1936 1938 2351 2007 proportionem
2396 1937 2518 1991 auri
2551 1935 2753 2003 fuisse,
2789 1953 2910 2007 qua
2946 1946 3034 1994 est
3069 1940 3133 1993 21
3175 1940 3242 1995 ad
3278 1941 3328 1994 1.
3363 1939 3521 2006 Quod

1936 2030 2179 2083 immane
2210 2036 2267 2084 et
2300 2029 2536 2099 prodigii
2588 2029 2769 2085 simile
2811 2036 2936 2098 est;
2970 2044 3096 2085 nam
3130 2032 3198 2087 ad
3244 2046 3520 2087 summum

1937 2119 2359 2190 quatuordecim
2406 2120 2698 2185 duntaxat,
2747 2127 2802 2176 et
2834 2135 2900 2176 eo
2926 2123 3162 2192 amplius
3193 2124 3404 2193 argenti
3436 2138 3523 2180 se-

1937 2209 2101 2273 libra,
2137 2210 2256 2262 auri
2289 2209 2486 2263 libram
2521 2218 2761 2264 taxatam
2801 2226 2946 2277 esse,
2981 2213 3140 2268 ﬁdem
3185 2212 3320 2268 facit
3353 2213 3523 2270 Hotoa

1938 2313 2198 2363 manuus,
2227 2298 2393 2370 idque
2416 2300 2636 2355 Arcadii
2656 2309 2710 2356 et
2741 2298 2966 2356 Honorii
2995 2311 3258 2373 tempore.
3289 2303 3428 2359 Tum
3461 2314 3524 2361 ut

1939 2388 2072 2442 illud
2124 2389 2516 2458 concedamus,
2572 2394 2796 2449 totidem
2848 2391 3205 2458 didrachtnis,
3264 2396 3367 2452 hoc
3419 2406 3506 2453 est

1940 2478 2080 2535 1008
2126 2482 2247 2535 auri
2293 2482 2490 2536 libram
2538 2484 2865 2539 aestimatam
2915 2486 3105 2552 fuisse,
3142 2487 3341 2543 falsum
3366 2490 3520 2545 aliud

1938 2572 2063 2637 erit,
2110 2573 2229 2627 auri
2269 2574 2498 2644 siliquas
2546 2574 2685 2630 duas
2725 2575 3031 2631 didracluni
3076 2579 3254 2649 pretio
3298 2589 3522 2637 taxatas

1906 2726 1907 2729 η
1941 2677 2065 2718 esse
2098 2680 2112 2718 :
2149 2677 2274 2717 nam
2307 2664 2352 2719 si
2396 2665 2625 2735 siliquas
2660 2665 2796 2721 1728
2825 2681 2921 2737 per
2970 2669 3346 2726 milliarenses
3382 2670 3522 2726 1008

1940 2753 2263 2823 distribuas,
2307 2757 2511 2828 singuli
2557 2758 2862 2827 siliquam!
2899 2759 3001 2829 5/7
3042 2758 3309 2816 duntaxat
3355 2762 3511 2819 aufe-

1942 2854 2082 2901 rent.

2013 2936 2279 3008 Superest
2306 2939 2527 2995 tertium
2564 2939 2699 2995 illud
2727 2949 2968 3012 tempus,
2994 2942 3059 2997 ad
3090 2944 3238 3013 quod
3270 2943 3523 3016 Scaliger

1941 3028 2294 3100 potissimum
2329 3032 2642 3101 respexisse
2686 3032 2942 3099 videtur;
2974 3048 3102 3087 nam
3138 3035 3204 3090 de
3235 3037 3414 3091 solido
3438 3037 3522 3091 lo-

254 3141 383 3181 rum
414 3124 646 3195 singula
693 3123 956 3179 drachma
1002 3132 1261 3195 argentea
1295 3124 1559 3179 valerent.
1601 3123 1758 3189 Quod
1789 3123 1836 3179 si
1863 3155 1908 3213 c
1942 3120 2150 3189 quitur,
2196 3121 2506 3190 cuiusmodi
2540 3123 2659 3177 seni
2695 3123 2751 3177 in
2798 3125 3014 3178 unciam
3049 3125 3345 3195 quadram,
3376 3128 3523 3186 unde

254 3216 385 3287 quis
416 3214 707 3285 diligenter
732 3222 990 3270 excutere
1023 3214 1174 3281 velit,
1210 3215 1407 3269 falsum
1442 3221 1497 3269 et
1540 3213 1835 3268 absurdum

258 3318 386 3360 esse
408 3303 662 3375 reperiet.
697 3302 919 3358 Falsum
950 3311 1055 3365 est,
1092 3302 1339 3373 inquam,
1374 3309 1430 3358 et
1457 3301 1692 3372 siliquas
1708 3301 1839 3355 auri

265 3395 491 3466 singulis
541 3394 784 3450 valuisse
833 3394 1113 3449 drachmis
1152 3395 1447 3463 argenteis,
1494 3402 1550 3448 et
1602 3392 1839 3448 solidum

269 3501 403 3540 xxiv
431 3485 705 3542 drachmis
731 3486 1058 3558 aestimatum
1088 3483 1285 3541 fuisse.
1323 3484 1454 3551 Qua
1483 3484 1645 3540 ambo
1676 3482 1839 3540 sitnui

264 3594 387 3635 esse
417 3593 541 3634 vera
573 3593 683 3633 non
708 3585 963 3649 possunt.
1224 3576 1227 3579 ’

328 3669 547 3725 Etenim
578 3670 797 3740 triplex,
825 3668 973 3739 quod
1003 3666 1070 3722 ad
1099 3682 1340 3737 prasens
1369 3667 1678 3724 institutum
1710 3669 1839 3724 atti-

258 3769 374 3824 net,
409 3760 561 3815 aurei
609 3759 863 3823 Romani,
914 3759 1008 3829 qui
1057 3766 1247 3829 postea
1291 3759 1500 3815 solidus
1534 3759 1837 3831 appellatus

257 3859 366 3916 est,
404 3850 604 3906 modus
648 3851 718 3906 ab
759 3850 1094 3907 doctissimis
1125 3851 1539 3919 iurisconsultis
1573 3852 1641 3907 ad
1668 3851 1838 3908 Justi-

255 3943 411 3998 niani
443 3942 638 3997 saltem
670 3950 918 4012 tempora
947 3940 1224 3997 delinitur.
1274 3940 1493 3998 Primus
1536 3943 1836 4013 antiquior,

259 4028 318 4083 in
349 4043 464 4099 quo
495 4028 745 4099 quaterni
783 4030 839 4084 in
867 4029 1085 4083 unciam
1115 4030 1234 4083 auri
1269 4030 1635 4096 cudebantur,
1670 4032 1724 4085 in
1766 4031 1839 4086 li-

257 4118 418 4174 bram
449 4134 657 4187 xum;
702 4120 839 4175 alter
863 4121 1012 4176 circa
1049 4120 1397 4177 Constantini
1439 4129 1677 4186 atatem,
1713 4139 1837 4177 cum

259 4208 476 4278 septeni
519 4198 575 4263 in
606 4208 824 4264 unciam
869 4208 1030 4265 solidi
1067 4209 1315 4278 percussi
1365 4218 1514 4273 sunt,
1548 4208 1604 4262 in
1644 4208 1837 4263 libram

257 4316 485 4366 mxiv,
521 4308 581 4356 ut
624 4317 690 4357 ex
727 4301 824 4357 lib.
870 4317 889 4355 1
921 4300 1044 4357 cod.
1084 4300 1292 4357 Theod.
1333 4300 1408 4354 De
1439 4299 1712 4370 ponderat.
1741 4315 1841 4372 pa-

258 4399 374 4458 tet;
409 4391 603 4447 tertius
635 4407 667 4446 a
695 4390 1080 4447 Valentiniano
1107 4391 1462 4458 constitutus,
1494 4395 1549 4445 in
1581 4406 1690 4463 quo
1719 4392 1840 4448 seni

1940 3217 1993 3264 et
2023 3210 2236 3264 sextula
2268 3212 2605 3265 nominatur.
2635 3211 2813 3282 Atque
2855 3213 2959 3268 hac
2991 3223 3274 3284 postrema
3304 3218 3522 3274 ratione

1942 3301 2157 3357 solidus
2202 3303 2448 3357 sextulas
2492 3303 2672 3359 aufert
2706 3320 2852 3358 xxiv.
2919 3306 3198 3376 Siquidem
3247 3309 3303 3362 in
3348 3309 3518 3380 priori

1941 3391 2157 3462 siliquis
2177 3394 2463 3449 constabat
2481 3410 2662 3458 xxxvr,
2695 3396 2749 3449 in
2784 3396 3022 3451 secunda
3045 3398 3258 3468 siliquis
3278 3400 3349 3453 20
3386 3401 3516 3473 4/7.

1939 3479 2227 3538 Postrema
2260 3483 2431 3553 igitur
2454 3485 2642 3539 solido
2682 3486 2914 3556 siliquas
2954 3489 3204 3543 attribuit
3230 3505 3382 3547 xxiv.
3415 3490 3524 3547 Ve-

1941 3588 2062 3626 rum
2092 3590 2270 3644 neque
2300 3583 2413 3628 tum
2447 3575 2662 3646 siliqua
2685 3577 2806 3631 duae
2845 3578 3150 3633 didrachmi
3186 3582 3363 3650 pretio
3394 3597 3523 3637 cen-

1941 3668 2053 3725 seri
2104 3676 2377 3739 possunt,
2424 3684 2604 3736 neque
2648 3670 3005 3725 milliarensis
3035 3671 3150 3726 sive
3199 3673 3522 3729 duodecima

1942 3775 2070 3830 pars
2123 3758 2288 3815 solidi
2339 3758 2660 3815 didrachmo
2711 3760 2872 3815 valet.
2922 3760 3058 3815 Nam
3107 3763 3154 3817 si
3202 3763 3270 3817 72
3316 3780 3417 3835 per
3450 3766 3524 3822 24

1941 3850 2401 3920 multiplicentur,
2454 3849 2730 3905 drachma
2775 3851 3016 3905 confront
3052 3853 3105 3906 in
3156 3855 3274 3909 auri
3322 3856 3521 3911 libram

1944 3939 2106 4004 1728,
2145 3940 2491 3995 miliarenses
2537 3938 2644 3994 864
2682 3958 2696 3994 :
2731 3946 2866 4010 quot
2897 3950 3025 3994 sunt
3072 3942 3351 4015 δικέρατα.
3382 3944 3522 3999 Nam

1943 4030 2174 4101 siliquas
2206 4031 2261 4085 in
2299 4031 2438 4084 libra
2473 4046 2599 4088 esse
2647 4033 2853 4088 scimus
2886 4033 3056 4101 1728;
3089 4035 3368 4091 dracluua
3389 4051 3523 4093 vero

1941 4122 2167 4177 totidem
2198 4122 2371 4177 libras
2399 4124 2700 4178 coniiciunt
2732 4139 2886 4178 xvut.
2924 4126 2999 4179 lta
3038 4126 3157 4179 auri
3190 4127 3326 4181 libra
3360 4137 3522 4183 octo-

1939 4214 2116 4270 decim
2165 4214 2439 4285 argenteis
2481 4216 2705 4277 valebit.
2749 4215 2897 4286 quod
2937 4227 3021 4272 est
3071 4217 3398 4273 inauditum.
3434 4217 3530 4289 0b.

1940 4320 2034 4361 eas
2071 4319 2272 4364 causas
2299 4321 2439 4361 vana
2471 4314 2557 4363 est
2599 4307 2689 4375 illa
2718 4305 2981 4378 Scaligeri
3023 4308 3292 4375 deﬁnitio,
3317 4310 3519 4363 millia-

1940 4413 2160 4453 rensem
2194 4397 2573 4453 didrachmum
2621 4398 2813 4461 fuisse,
2859 4407 2912 4453 et
2942 4398 3110 4453 simul
3149 4399 3366 4455 duabus
3396 4402 3518 4455 auri

257 4499 331 4541 ex
361 4483 526 4537 uncia
552 4483 695 4547 cusi,
729 4497 761 4539 e
787 4483 926 4538 libra
955 4497 1129 4547 Lxxn,
1157 4482 1251 4551 qui
1278 4488 1333 4537 et
1364 4481 1622 4552 deinceps
1656 4481 1839 4537 obser-
1868 4489 1915 4544 D
1946 4487 2164 4558 siliquis
2185 4488 2449 4543 valuisse.
2483 4487 2708 4544 Accedit
2726 4496 2778 4543 et
2812 4486 3157 4550 Glossarum,
3187 4504 3325 4559 quas
3353 4504 3521 4560 supra

256 4583 425 4630 vatus
471 4575 706 4630 videtur.
746 4573 913 4644 Atqui
959 4574 1012 4627 in
1057 4572 1257 4643 triplici
1298 4572 1390 4627 illa
1424 4573 1583 4628 solidi
1625 4573 1841 4629 ratione

260 4665 374 4721 duo
407 4665 499 4720 illa
533 4664 793 4736 Scaligeri
829 4663 1167 4719 ﬁrmamenta
1204 4663 1507 4719 consistere
1535 4672 1837 4733 nequeunt.

258 4756 421 4825 Quod
447 4765 509 4813 ut
539 4756 891 4813 manifestum
930 4756 1041 4819 iiat,
1064 4755 1200 4810 illud
1226 4755 1282 4809 in
1319 4755 1512 4825 primis
1537 4756 1723 4811 animo
1757 4770 1843 4813 re-

259 4848 582 4921 petendum,
634 4847 952 4902 drachmam
1002 4862 1099 4903 sex
1126 4847 1321 4903 obolos
1365 4848 1667 4914 continere,
1703 4848 1841 4904 obo-

260 4943 376 4997 lum
416 4942 644 5011 siliquas
687 4947 821 4995 tres.
867 4939 945 4995 lta
977 4939 1114 4994 ﬁunt
1164 4939 1221 4995 in
1261 4932 1578 4996 drachmam
1627 4941 1842 5012 siliqua

258 5050 425 5109 xynl,
457 5034 515 5088 in
562 5035 780 5089 unciam
822 5047 1000 5100 cxuv,
1031 5048 1151 5103 qua
1189 5032 1481 5088 drachmas
1529 5040 1652 5088 octo
1684 5048 1839 5089 com-

266 5128 543 5197 plectitur.
580 5125 743 5181 Lihra
779 5125 1011 5195 siliquas
1040 5116 1281 5180 contine't
1313 5125 1471 5180 1728.

337 5217 451 5274 lam
479 5235 593 5291 quo
622 5229 870 5288 tempore
892 5217 1042 5272 aurei
1067 5217 1122 5271 in
1144 5217 1362 5272 unciam
1379 5220 1629 5287 quaterni
1647 5233 1841 5288 percu-

261 5310 604 5378 tiebantur,e
616 5312 752 5367 libra
764 5325 951 5375 vauI,
963 5309 1391 5381 singuliquidem
1409 5312 1557 5367 aurei
1572 5327 1699 5366 xxiv
1715 5312 1841 5365 dra-

257 5404 463 5468 chmis,
494 5403 612 5459 sive
644 5402 888 5457 denariis
917 5401 1171 5456 astimati
1192 5410 1360 5466 sunt;
1388 5417 1701 5473 quanquam
1723 5401 1841 5459 scio

254 5512 371 5550 xxv
396 5503 453 5550 et
481 5509 512 5548 a
544 5493 736 5558 Dione,
774 5500 828 5546 ct
861 5493 931 5547 ab
964 5493 1087 5549 aliis
1110 5493 1387 5564 imputari.
1424 5491 1532 5548 Sed
1566 5501 1625 5547 ut
1656 5509 1839 5564 μικρο·

249 5582 421 5655 λογίᾳ
450 5581 894 5650 circumscripta,
939 5583 1234 5636 rotundum
1277 5582 1514 5637 maxime
1548 5597 1839 5637 numerum

253 5683 669 5739 corisectetnur,
715 5688 842 5725 xxrv
884 5672 1233 5729 denariorum
1265 5689 1465 5730 aureus
1505 5674 1607 5729 fuit
1639 5693 1652 5728 :
1694 5682 1841 5729 erat-

252 5782 367 5841 que
394 5783 514 5823 tum
560 5764 905 5833 duodecupla
939 5765 1055 5818 auri
1096 5764 1162 5817 ad
1194 5776 1481 5835 argentum
1531 5766 1843 5843 proportio,

501 5861 781 5922 Pareat.
829 5858 943 5922 Gn.
993 5860 1196 5921 XLIII.

1942 4579 2521 4644 commemoravimus,
2562 4578 3063 4635 luculentissimum
3104 4581 3235 4634 illud
3270 4582 3524 4637 testimo-

1942 4668 2116 4731 nium,
2141 4684 2250 4739 quo
2268 4668 2697 4725 milliarensibus
2732 4670 2927 4740 siliqua
2958 4671 3227 4725 duntaxat
3260 4687 3364 4726 una
3396 4688 3521 4728 cum

1942 4760 2233 4843 dodrante,
2261 4761 2347 4816 vel
2382 4761 2561 4817 tribus
2581 4762 2987 4831 quadrantibus
3013 4764 3335 4832 imputatur.
3362 4779 3524 4819 num-

1943 4852 2049 4908 mis
2076 4868 2209 4908 vero
2238 4853 2433 4909 solidis
2449 4853 2565 4908 fere
2590 4869 2805 4917 novem,
2832 4854 3199 4909 milliarenses
3231 4854 3334 4908 125
3358 4870 3372 4917 ;
3394 4860 3520 4922 qui-

1943 4943 2048 4998 bus
2094 4942 2327 5014 κεράτια
2360 4948 2673 5012 congruunt
2709 4940 2836 5005 218,
2882 4957 2990 4995 non
3025 4942 3151 5009 250,
3181 4952 3243 4996 ut
3275 4942 3521 5013 Scalige-

1942 5033 2098 5088 riana
2127 5032 2444 5101 conjectura
2479 5032 2806 5102 postulabat.

2013 5122 2187 5195 Roget
2241 5122 2441 5192 aliquis
2480 5140 2493 5176 :
2528 5121 2737 5192 ecquod
2778 5121 2993 5176 demum
3034 5122 3389 5179 milliarensis
3435 5139 3524 5178 ar-

1943 5216 2123 5286 gentei
2169 5215 2404 5287 pondus,
2429 5229 2494 5269 ac
2519 5215 2778 5283 pretium,
2809 5229 2999 5284 quave
3029 5213 3096 5267 ad
3128 5231 3363 5270 aureum
3391 5217 3523 5271 solis

1941 5305 2095 5371 dum,
2126 5322 2191 5362 ac
2238 5307 2399 5362 solidi
2445 5313 2630 5377 partes
2683 5306 2967 5376 praportio
3015 5305 3225 5361 fuerit?
3254 5305 3518 5376 Equidem

1939 5398 2079 5453 nihil
2109 5407 2263 5454 certo
2292 5413 2356 5454 ea
2404 5398 2473 5453 de
2517 5413 2578 5452 re
2611 5412 2787 5466 neque
2826 5395 3096 5451 allirmare
3129 5397 3248 5467 ipse
3273 5414 3518 5466 possum,

1942 5508 2122 5561 neque
2150 5492 2222 5545 ab
2267 5491 2382 5545 ullo
2424 5489 2682 5544 allirmari
2710 5504 2872 5558 posse
2898 5490 3107 5558 judico.
3136 5488 3343 5543 Pendet
3375 5491 3520 5543 enim

1940 5601 2003 5640 ea
2038 5600 2130 5640 res
2159 5599 2225 5638 cx
2258 5583 2418 5638 solidi
2452 5582 2687 5651 primum
2725 5581 3092 5636 astimatione
3114 5598 3129 5646 ;
3154 5589 3270 5636 tum
3305 5595 3371 5634 ex
3402 5581 3525 5637 auri

1943 5677 2012 5731 ad
2059 5685 2345 5747 argentum
2388 5676 2607 5730 ratione
2638 5694 2650 5729 :
2685 5673 2831 5738 quod
2881 5680 3172 5741 utrumque
3218 5671 3523 5738 diversum,

1941 5783 2005 5823 ac
2027 5782 2165 5840 pene
2195 5766 2547 5824 arbitrarium
2567 5766 2691 5821 fuit.
2722 5766 3130 5842 Verumtamen.
3153 5771 3214 5814 ut
3244 5761 3299 5817 in
3329 5763 3529 5818 obscu-

3143 5853 3212 5917 19
