3920 6422
483 343 588 405 587

1607 331 1947 388 APPENDIX
1990 330 2621 395 DISSERTATIONUM.
2803 339 2812 348 “
3597 337 3690 392 ’588

483 461 698 518 rissima
757 472 816 512 re
866 451 1031 526 atque
1080 451 1362 523 ambigua,
1403 451 1738 520 conjectura:
1792 449 2058 520 probabili
2095 455 2141 509 Α
2171 452 2466 512 drachmas
2507 453 2864 516 exhauriant,
2883 449 3165 506 habebunt
3198 447 3391 520 singuli
3416 446 3692 504 drachmam

483 555 634 609 locus
673 566 796 608 esse
827 556 1027 622 potest.
1061 547 1193 614 Quae
1223 544 1533 614 cujusmodi
1581 543 1714 598 mihi
1739 544 1794 597 in
1825 550 2062 598 mentem

483 649 710 711 venerit,
743 647 932 717 paucis
965 643 1207 713 aperiam
1240 658 1252 695 :
1283 640 1395 709 Ego
1423 654 1549 694 vero
1581 637 1944 692 milliarenses
1966 650 2060 690 aro

482 745 660 799 bitror
683 743 751 796 ab
777 738 1050 811 argenteis
1076 735 1413 791 didracluuis
1457 732 1721 802 paulatim
1750 738 1932 784 ortum
1963 745 2059 782 ac-

466 834 734 905 cepisse;
765 831 968 887 etenim
1015 827 1176 882 initio
1200 841 1324 881 eum
1373 824 1527 879 aurei
1571 821 1824 893 quaterni
1857 823 1911 875 in
1954 835 2058 872 un-

484 926 624 981 ciam
655 929 1092 994 percuterentur,
1121 935 1185 974 ac
1212 917 1414 987 singuli
1448 930 1576 968 xxrv
1610 911 1910 974 drachmis,
1943 910 2060 966 sive

483 1031 559 1069 xu
611 1013 950 1069 didrachmis
1005 1011 1266 1070 valerent,
1320 1016 1433 1062 tres
1479 1004 1598 1059 auri
1656 1003 1889 1072 siliquae,
1941 1018 2060 1071 qua:

481 1114 609 1161 sunt
648 1107 876 1177 κεράτια
907 1120 970 1159 ex
1000 1102 1192 1157 lsidori
1227 1099 1554 1154 auctoritate
1588 1097 1720 1160 duo,
1753 1093 2060 1148 didrachmi

485 1198 660 1270 pretio
719 1197 1106 1252 censebantur.
1181 1191 1346 1244 Erant
1402 1192 1592 1252 enim,
1664 1187 1741 1241 uti
1807 1185 2060 1255 superius

480 1288 842 1350 ostendimus,
874 1287 1084 1356 siliqua:
1129 1284 1182 1338 in
1219 1297 1388 1336 aureo
1421 1297 1608 1345 xxxvr,
1645 1279 1849 1334 ceratia
1885 1291 2009 1331 xxrv
2044 1293 2056 1329 :

484 1394 657 1449 quare
693 1388 806 1432 tum
853 1376 1140 1448 δικὲρατος
1187 1383 1304 1428 erat
1342 1381 1636 1441 argenteus
1681 1368 2056 1424 didrachmus.

472 1471 686 1525 ‘Postea
735 1468 802 1524 de
840 1469 1002 1524 solidi
1057 1469 1172 1521 sive
1205 1465 1357 1520 aurei
1402 1463 1664 1534 pondere,
1709 1476 1774 1515 ac
1824 1458 2054 1530 proinde

480 1561 731 1616 nonnihil
779 1562 944 1616 etiam
990 1561 1057 1614 de
1086 1560 1272 1614 valore
1320 1557 1436 1614 sive
1472 1554 1836 1611 asstimatione
1877 1551 2062 1606 detra—

476 1663 648 1708 ctum.
683 1652 948 1716 Quamvis
987 1652 1134 1706 enim
1169 1645 1714 1718 aureorummoudus
1749 1643 1804 1698 in
1836 1657 1960 1699 eum
1997 1639 2061 1694 liv

477 1759 602 1798 neut
646 1743 968 1811 plerumque
993 1741 1298 1802 minuatur,
1331 1754 1392 1791 ac
1413 1739 1606 1807 plures
1638 1737 1692 1790 in
1726 1735 1920 1788 libram
1959 1748 2059 1788 cu—

2173 559 2360 606 unam,
2391 553 2446 600 et
2473 559 2637 598 unam
2673 541 2784 596 fere
2809 541 3050 605 tertiam,
3081 539 3184 594 hoc
3214 548 3298 594 est
3323 539 3502 594 obolos
3531 554 3696 609 propc-

2171 633 2394 688 modum
2445 643 2594 697 octo,
2644 634 2759 689 sive
2802 632 3032 702 siliquas
3077 639 3357 700 argenteas
3394 645 3530 684 χχιιι.
3568 629 3696 696 Quod

2171 727 2494 796 siliquarum
2529 726 2650 780 auri
2689 726 2920 780 duarum
2967 723 3198 792 pretium
3233 737 3354 777 esse
3383 721 3592 788 debuit;
3618 723 3698 777 sed

2171 819 2217 870 si
2260 820 2378 872 auri
2410 818 2476 872 ad
2518 827 2804 888 argentum
2837 816 2980 870 ratio
3014 815 3117 870 ista
3147 813 3358 879 fuisset,
3384 813 3514 867 nihil
3545 829 3604 868 ex
3627 830 3700 869 so-

2173 909 2406 964 lidorum
2439 919 2608 964 aucto
2648 910 2705 965 in
2749 911 2942 964 libram
2970 922 3202 962 numero
3232 905 3694 963 ﬁscuslucraretur.

2170 1002 2253 1057 0b
2276 1003 2328 1055 id
2358 1002 2537 1072 majus
2570 1010 2952 1074 argenteorum
2976 1000 3312 1071 singulorum
3338 998 3499 1054 fuisse
3518 1000 3699 1069 pondus

2171 1094 2429 1150 arbitror.

2228 1183 2622 1238 vilotomannus
2641 1184 2737 1238 lib.
2761 1182 2840 1237 De
2860 1200 2915 1239 re
2939 1182 3258 1237 Nummart‘a
3286 1195 3405 1252 pag.
3427 1181 3544 1247 547,
3560 1181 3698 1250 impp.

2167 1275 2389 1329 Arcadii
2428 1283 2483 1330 et
2517 1272 3118 1342 Honorii-temporibus
3144 1270 3514 1324 animadvertit
3534 1270 3698 1322 libram

2167 1366 2287 1419 auri
2325 1363 2742 1434 quatuordecim
2778 1361 3007 1432 argenti
3062 1361 3218 1416 libris
3273 1374 3335 1414 ac
3383 1358 3489 1413 fere
3532 1359 3700 1413 selibra

2166 1455 2492 1508 aestimatam
2525 1454 2713 1519 fuisse,
2757 1469 2830 1509 ex
2858 1453 2964 1522 leg.
3011 1465 3050 1514 ι,
3085 1465 3137 1504 c.
3175 1449 3259 1504 "De
3289 1455 3557 1518 arg..pret.
3587 1445 3700 1500 Nam

2168 1546 2306 1600 libra
2339 1545 2552 1618 argenti
2605 1544 2794 1613 quinis
2857 1543 3042 1597 aureis
3075 1543 3266 1596 solidis
3313 1549 3552 1604 tantur,
3579 1539 3700 1593 libra

2167 1643 2348 1690 autem
2395 1635 2513 1688 auri
2555 1634 2773 1689 duobus
2813 1643 2868 1688 ct
2917 1632 3263 1703 septuaginta
3302 1631 3484 1686 solidis
3524 1629 3699 1683 aureis.

2166 1725 2375 1781 Glossaa
2403 1741 2532 1781 vero
2567 1740 2732 1795 supra
2768 1725 2947 1779 citata:
2994 1724 3396 1794 proportionem
3442 1722 3574 1776 illam
3622 1734 3700 1774 ex-

476 1835 700 1896 dantur,
741 1841 802 1886 ut
834 1832 888 1886 in
922 1833 1116 1888 liscutn
1153 1846 1219 1885 ex
1262 1845 1325 1884 ea
1357 1846 1416 1883 re
1445 1827 1580 1884 lucri
1619 1827 1823 1897 aliquid
1855 1826 2057 1880 redun—
2091 1807 2134 1862 Β
2163 1817 2339 1872 Mlius
2373 1818 2607 1872 “linere
2634 1815 2906 1881 videnlur.
2934 1831 3055 1885 quae
3082 1822 3166 1871 est
3195 1815 3356 1870 unius
3386 1813 3448 1868 ad
3475 1820 3700 1882 quatuor-

477 1923 604 1986 dot;
647 1936 756 1981 non
787 1929 971 1975 tamen
999 1919 1189 1974 eadem
1219 1917 1381 1972 solidi
1415 1917 1659 1980 levioris,
1690 1930 1811 1984 quae
1841 1915 2059 1984 gravio-

476 2017 557 2071 ris
595 2014 804 2068 taxatio
833 2028 958 2068 esse
989 2019 1188 2082 potest.
1221 2009 1438 2082 Alioqui
1485 2008 1716 2062 nimium
1751 2007 1937 2076 iniqua
1973 2005 2054 2060 lex

473 2114 644 2168 esset,
681 2114 737 2160 et
774 2105 1030 2160 immanis
1062 2103 1180 2158 auri
1217 2102 1283 2156 ad
1333 2109 1618 2170 argentum
1663 2097 1968 2170 preportio,
2000 2107 2059 2151 ut

461 2198 639 2264 ,pauto
666 2201 794 2248 ante
823 2190 1344 2248 demonstravimus.
1379 2188 1566 2258 Neque
1602 2195 1784 2242 tamen
1821 2185 1938 2256 pari
1963 2184 2060 2239 de-

474 2293 756 2340 eremento
790 2284 948 2340 solidi
976 2282 1191 2352 pondus
1220 2296 1283 2337 ac
1309 2284 1543 2351 pretium
1572 2287 1656 2334 est
1687 2279 2055 2343 imminutum,

477 2385 536 2430 ut
562 2391 710 2440 cum,
739 2375 968 2445 exempli
993 2388 1183 2438 causa,
1214 2372 1422 2428 solidus
1451 2372 1588 2427 duas
1617 2379 1904 2441 argenteas
1931 2369 2059 2424 dra.

471 2467 664 2522 chmas
685 2465 970 2538 penderet,
1023 2480 1087 2521 ac
1135 2481 1264 2518 xxiv
1313 2463 1592 2518 drachmis
1636 2463 1864 2522 valeret,
1909 2467 2059 2530 post-

471 2575 640 2630 quam
687 2558 754 2612 ad
807 2558 1196 2627 scrupulorum
1242 2564 1482 2626 quatuor
1535 2555 1750 2625 pondus
1806 2563 1891 2609 est
1935 2551 2057 2608 rud-

479 2659 660 2712 aetus,
705 2664 770 2704 ac
808 2647 969 2702 tertia
1019 2655 1172 2716 parte
1216 2646 1556 2708 deeurtatus,
1605 2661 1717 2700 non
1751 2645 1964 2709 eadem,
2001 2650 2058 2696 ut

475 2737 1087 2812 opinor,,proportione
1130 2737 1290 2792 solidi
1339 2737 1574 2807 pretium
1617 2753 1650 2791 a
1701 2735 2053 2789 xxtvad-xvt

470 2829 769 2887 drachtnas
793 2827 1103 2884 descendit.
1142 2829 1356 2896 Alioqui
1399 2828 1607 2881 nullum
1640 2829 1868 2880 omnino
1898 2842 2057 2880 conto

472 2921 732 2993 pendium
764 2937 829 2976 ex
871 2935 936 2975 eo
971 2919 1224 2990 princeps
1267 2919 1489 2974 faceret.
1529 2917 1725 2972 Verum
1769 2919 1920 2986 justa
1953 2917 2054 2970 ali-

471 3030 580 3084 qua
620 3021 674 3069 et
717 3011 1000 3068 moderata
1043 3012 1412 3069 aestimatione
1447 3018 1664 3065 taxatus
1697 3017 1780 3066 est
1825 3024 2051 3072 aureus,

2160 1907 2371 1976 decim;
2414 1924 2538 1962 nam
2588 1909 2706 1962 auri
2749 1907 2926 1964 solido
2964 1907 3326 1962 milliarenses
3364 1911 3702 1976 permutantur

2161 2001 2277 2056 fere
2321 2000 2760 2072 quatuurdeeim,
2795 2016 2920 2055 cum
2962 2015 3103 2054 cxxv
3151 1999 3503 2053 milliarenses
3541 1996 3702 2052 solidis

2146 2106 2358 2147 novem
2385 2093 2620 2147 valeant.
2661 2089 2794 2146 Esto
2827 2091 2994 2161 igitur
3021 2090 3140 2143 auri
3177 2089 3246 2143 ad
3286 2096 3555 2159 argentum
3585 2087 3701 2142 ratio

2163 2195 2222 2241 ut
2250 2186 2417 2240 unius
2453 2186 2521 2240 ad
2555 2184 2996 2256 quattuordecim.
3027 2184 3169 2239 Tum
3197 2184 3308 2240 864
3341 2186 3559 2254 siliquae,
3589 2191 3701 2254 quot

2145 2280 2218 2334 -in
2249 2279 2387 2334 libra
2412 2279 2529 2332 auri
2557 2285 2695 2334 sunt
2721 2278 3002 2350 δικὲρατα,
3033 2294 3130 2348 per
3158 2279 3228 2334 14
3256 2277 3571 2342 dividantur,
3590 2290 3702 2330 con-

2162 2377 2390 2440 surgent
2416 2370 2472 2426 iu
2509 2383 2954 2439 unamquamque
2985 2370 3192 2424 -libram
3242 2369 3477 2440 argentei
3505 2368 3563 2424 Gl
3595 2368 3699 2437 5/7.

2149 2463 2459 2535 Fingamus
2475 2461 2704 2520 esse-62.
2721 2462 2758 2516 li
2787 2463 2836 2518 si
2867 2460 2936 2516 ad
2961 2461 3352 2516 draclunarnm
3369 2462 3637 2531 legitimum
3655 2459 3700 2515 in

2163 2559 2303 2616 libra
2331 2573 2620 2614 numerum
2649 2557 2966 2627 exigantur,
2994 2556 3193 2626 singuli
3229 2557 3438 2626 pondus
3461 2553 3700 2610 habebunt

2158 2650 2437 2706 urat-lima:
2461 2649 2646 2715 unius,
2663 2649 2949 2703 obolorum
2975 2646 3166 2712 trium,
3188 2659 3242 2704 et
3260 2648 3379 2720 9/31
3407 2650 3552 2702 unius
3575 2645 3698 2699 oboli

2155 2744 2278 2798 sive
2321 2742 2603 2797 draclunze
2658 2742 2864 2807 unius,
2913 2742 3246 2811 siliquarum
3297 2743 3392 2807 t0;
3431 2757 3542 2811 quae
3591 2747 3699 2794 sunt

2151 2832 2376 2902 siiiquae
2421 2833 2512 2888 28.
2560 2831 2660 2889 Hic
2704 2831 2931 2896 modus,
2996 2843 3159 2901 atque
3207 2831 3471 2902 ejusmodi
3518 2826 3696 2900 pondus

2161 2938 2284 2978 esse
2338 2922 2513 2992 potuit
2581 2931 2971 2991 argenteorum
3028 2924 3178 2978 circa
3262 2921 3598 2979 Valentiniani
3653 2931 3693 2970 et

2160 3013 2380 3068 Arcadii
2411 3021 2678 3084 tempora,
2701 3013 2904 3082 quibus
2935 3014 3002 3068 ad
3028 3013 3094 3068 72
3120 3013 3426 3069 solidorum
3452 3022 3690 3068 numerum

473 3115 534 3161 ut
566 3113 713 3163 esset
740 3105 1102 3161 nihilominus
1135 3106 1313 3174 ωτι]οτ
1335 3119 1499 3174 (Nam
1525 3110 1686 3157 “mea
1719 3102 1838 3156 auri
1863 3103 1928 3157 ad
1960 3115 2053 3155 ³1·-
2084 3134 2128 3191 C
2163 3104 2450 3160 deductam
2483 3105 2603 3160 auri
2627 3105 2821 3160 libram
2855 3113 3015 3161 antea
3042 3105 3340 3162 diximus:
3369 3115 3479 3160 tum
3507 3103 3696 3163 scilicei.

471 3207 693 3269 gentum
735 3197 1040 3268 proportio.

537 3289 793 3344 Diximus
816 3288 1163 3345 Constantini
1183 3287 1302 3342 .l'ere
1327 3285 1527 3342 saeculo
1545 3300 1835 3341 aureorum
1860 3300 2055 3340 nume-

471 3394 594 3433 rum
644 3379 701 3432 in
750 3379 945 3432 libram
993 3378 1344 3433 vehementer
1397 3385 1619 3432 auctum
1671 3375 1861 3441 fuisse,
1895 3382 1955 3430 ut
1989 3375 2056 3430 ad

468 3484 674 3523 untv
698 3469 1029 3539 perveniret,
1057 3477 1221 3536 atque
1262 3467 1333 3520 ita
1360 3474 1554 3536 quarta
1581 3466 1693 3520 fere
1724 3475 1878 3535 parte
1917 3482 2056 3536 pon-

471 3560 578 3614 dus
613 3573 909 3612 aureorum
953 3557 1391 3612 imminueretur.
1431 3555 1628 3610 Postea
1671 3556 1775 3610 sub
1810 3554 2056 3610 Valenti.

483 3651 650 3706 niano
677 3665 772 3704 sex
806 3649 860 3702 in
890 3648 1112 3702 unciam
1145 3648 1320 3701 tasati
1357 3654 1510 3709 sunt,
1554 3648 1605 3699 in
1646 3647 1838 3702 libram
1869 3662 2052 3703 .Lxxu.

471 3739 590 3794 Hoc
641 3739 809 3810 igitur
859 3746 1126 3807 tempore,
1178 3750 1303 3790 cum
1366 3752 1494 3790 μιν
1559 3737 1788 3806 siliquas
1843 3737 2054 3792 solidus

472 3831 756 3904 penderet,
789 3837 924 3900 quot
962 3829 1194 3899 κεράτια
1228 3845 1294 3884 ex
1325 3827 1518 3886 lsidori
1553 3828 1872 3884 deﬁnitione
1897 3836 2054 3884 vetus

471 3925 776 3988 auferebat,
826 3923 1080 3993 suspicor
1124 3922 1338 3977 duabus
1389 3922 1512 3976 auri
1552 3922 1770 3991 siliquis
1807 3921 2050 3992 argentei

468 4018 637 4072 unius
672 4015 909 4085 pretium
949 4014 1262 4068 indictum:
1305 4015 1395 4082 qui
1445 4013 1665 4083 quidem
1708 4015 1934 4070 minime
1970 4015 2053 4069 di-

466 4108 765 4162 drachmas
789 4114 955 4168 esset,
995 4104 1087 4160 sed
1118 4104 1172 4157 in
1195 4103 1499 4158 didrachmi
1530 4105 1708 4159 locum
1738 4105 2044 4161 successis-

466 4208 571 4265 set,
618 4214 681 4254 ac
726 4196 955 4268 proinde
1001 4195 1296 4266 bisiliqnus
1338 4197 1498 4262 foret,
1544 4197 1624 4252 uti
1659 4197 1801 4266 apud
1836 4207 2048 4253 veteres

463 4307 667 4347 aureus
701 4289 1058 4345 didrachmus
1099 4289 1386 4367 Gtxépacq;
1423 4288 1546 4354 fuit,
1579 4299 1854 4359 quatenus
1879 4292 2049 4362 κερά-

461 4400 578 4437 τιον
609 4399 638 4436 a
665 4383 863 4451 siliqua
895 4381 1249 4436 discernitur.
1291 4382 1427 4436 Cum
1471 4390 1652 4435 autem
1691 4383 1924 4438 subinde
1954 4401 2048 4437 κε-

2147 3213 2290 3254 ιοιιιιι
2320 3198 2538 3254 duabus
2570 3202 2688 3252 auri
2717 3199 2939 3269 siliquis
2975 3200 3226 3268 argentei
3251 3199 3449 3269 singuli
3473 3196 3697 3253 valerent.

2152 3305 2224 3344 ac
2281 3289 2493 3346 solidus
2545 3289 2776 3359 siliquas
2829 3291 3088 3360 penderet
3139 3299 3384 3360 quatuor
3427 3297 3478 3345 et
3518 3283 3695 3356 viginti.

2158 3373 2348 3444 Neque
2377 3383 2562 3432 tamen
2597 3375 2654 3429 in
2691 3391 2758 3430 eo
2791 3377 3004 3446 pondus
3045 3387 3428 3446 argenteorum
3467 3372 3694 3430 constitit.

2161 3464 2268 3522 Sed
2303 3481 2525 3521 rursum
2560 3475 2716 3521 sexta
2751 3465 2864 3522 fere
2897 3476 3058 3537 parte
3089 3467 3351 3523 diminuti
3393 3474 3536 3533 sunt,
3572 3463 3696 3519 utin

2147 3556 2279 3611 .auri
2339 3557 2533 3611 libram
2595 3571 2706 3612 non
2759 3557 2872 3628 jam
2921 3557 3024 3612 864
3075 3558 3370 3629 argentei,
3434 3557 3523 3613 sed
3573 3553 3692 3608 milia

2157 3649 2419 3718 deinceps
2443 3649 2862 3718 imputarentur.
2882 3647 3038 3715 Quod
3062 3657 3361 3720 utrumque
3384 3654 3523 3704 certa
3541 3644 3689 3712 aliqua

2156 3740 2484 3796 auctoritate
2521 3739 2870 3795 ﬁrmandum.
2909 3739 3175 3794 Scribunt
3218 3740 3427 3797 Glossa:
3473 3737 3692 3792 Basilica-

2153 3850 2278 3889 rum
2305 3833 2445 3904 apud
2469 3832 2767 3889 Meursium
2806 3833 3174 3889 milliarcnses
3197 3834 3480 3890 duodecim
3503 3839 3693 3885 aureum

2155 3926 2416 3991 solidum,
2439 3926 2543 3979 hoc
2572 3935 2654 3980 est
2677 3925 2883 3978 oeratia
2910 3939 3038 3977 ntv
3066 3924 3268 3988 valere,
3289 3926 3393 3980 ecl.
3426 3937 3568 3976 mn.
3593 3916 3693 3987 Χρὴ

2152 4019 2464 4088 γινώσκειν,
2499 4017 2580 4070 ὅτι
2607 4015 2666 4068 τὸ
2710 4015 2768 4067 ἓν
2802 4016 3055 4085 κεράτιον
3104 4015 3323 4084 φάλλεις
3365 4015 3467 4067 εἰσὶ
3499 4009 3690 4069 δώδεκα..

2151 4107 2272 4177 ἢτοι
2307 4105 2636 4179 μιλιαρισξου
2671 4103 2734 4157 τὸ
2765 4104 2972 4174 ἥμισυν
3002 4103 3074 4156 τὰ
3113 4102 3210 4157 οὖν
3247 4104 3311 4174 ιβ’
3354 4100 3570 4172 κεράτιά
3605 4098 3694 4150 εἰσι

2151 4200 2484 4271 νομίσματος
2530 4199 2736 4267 ἥμισυ·
2782 4196 2842 4248 τὸ
2885 4195 2994 4266 γὰρ
3034 4195 3299 4267 ἀκέραιον
3339 4196 3565 4266 νόμισμα
3601 4188 3693 4258 ἔχει

2155 4289 2458 4360 μιλιαρίσια
2495 4287 2582 4358 ιβ’,
2609 4288 2728 4357 ἤτοι
2766 4289 2995 4358 κεράτια
3032 4285 3116 4356 ιβ’.
3146 4289 3278 4344 Item
3318 4288 3453 4341 κατὰ
3488 4285 3693 4354 νόμισμα

2148 4383 2406 4452 λαγχάνει
2454 4381 2760 4452 μιλιαρίσια
2805 4379 2892 4449 ιβ’.
2956 4379 3094 4436 Tum
3162 4382 3308 4437 idem
3350 4389 3405 4437 et.
3447 4377 3689 4434 Cedretws

463 4475 626 4543 ρὰτια
655 4488 754 4542 pro
793 4472 1011 4540 siliquis
1040 4474 1353 4540 promiscue
1388 4473 1642 4541 usurpari
1682 4483 1864 4543 empta
1892 4483 2043 4539 sunt,
2079 4482 2125 4536 Β
2153 4473 2462 4537 conﬁrmat,
2504 4473 2598 4542 qui
2646 4471 2925 4543 δικέρατον
2982 4487 3081 4541 pro
3133 4471 3454 4528 milliarensi
3500 4465 3683 4536 accipit-

459 4567 626 4619 etiant
675 4571 967 4632 argenteus
1006 4564 1095 4618 ille
1126 4563 1411 4632 δικὲρατος
1457 4573 1545 4618 est.
1595 4565 1840 4631 habitus,
1895 4567 2042 4635 quod

460 4653 690 4724 siliquas
737 4653 894 4716 duas,
940 4653 1055 4707 sive
1094 4654 1323 4724 κεράτια
1357 4653 1579 4710 valeret.
1614 4655 1938 4725 Hujusmodi
1988 4660 2042 4713 in

457 4748 653 4803 libram
684 4755 842 4802 erant
867 4746 973 4801 864
1007 4764 1018 4800 :
1056 4757 1184 4801 sunt
1217 4747 1362 4801 enim
1393 4747 1606 4818 siliquae
1632 4750 1686 4803 in
1718 4750 1854 4805 libra
1880 4751 2039 4818 1728.

454 4837 747 4906 Quodnam
810 4849 991 4894 autem
1045 4839 1246 4907 singuli
1301 4839 1517 4908 pondus
1562 4840 1875 4906 habuerint,
1933 4817 2040 4898 non

455 4927 677 4982 aliunde
723 4943 887 4998 quatn
933 4943 1001 4983 ex
1056 4928 1176 4981 auri
1221 4926 1290 4983 ad
1342 4939 1638 4997 argentum
1683 4929 2040 4998 proportione

456 5020 672 5075 deliniri
705 5027 902 5089 potest.
943 5017 1242 5090 Fingamus
1284 5019 1475 5074 eodem
1509 5020 1604 5076 illo
1635 5030 1880 5090 tempore
1906 5025 2042 5079 duo-

455 5114 742 5184 decnplam
775 5114 1078 5168 exstitisse.
1111 5112 1246 5167 Cum
1287 5127 1420 5182 ergo
1464 5114 1584 5167 auri
1616 5114 1756 5170 libra
1800 5117 1904 5172 86L
1949 5135 2038 5173 ar-

452 5207 666 5275 genteis
709 5205 1035 5269 aestimetur,
1072 5220 1194 5273 quas
1224 5213 1355 5261 sunt
1397 5210 1612 5276 argenti
1654 5208 1806 5263 librae
1842 5225 1914 5264 χιι
1942 5228 1957 5279 ;
1990 5212 2038 5268 si

452 5312 551 5367 per
583 5296 651 5350 12
674 5311 964 5352 numerum
991 5297 1143 5352 illum
1175 5297 1413 5369 dividas,
1441 5298 1680 5353 conﬁent
1706 5300 1760 5353 in
1790 5301 2036 5370 singulas

452 5389 665 5458 argenti
707 5389 878 5444 libras
905 5390 1148 5459 argentei
1174 5403 1346 5454 Lxxn,
1375 5398 1509 5460 quot
1550 5391 1700 5445 aurei
1742 5391 1796 5444 in
1841 5393 2032 5447 libram

452 5483 743 5536 incurrunt
772 5499 785 5534 :
812 5495 876 5535 ac
925 5490 1038 5535 tum
1068 5496 1146 5534 xu
1179 5482 1446 5551 argentei,
1478 5483 1640 5537 solidi
1670 5485 1901 5552 pretium
1938 5501 2034 5540 cx-

451 5579 689 5638 aequant.
715 5572 1066 5641 Singulorum
1089 5587 1219 5625 vero
1246 5572 1459 5641 pondus
1490 5590 1555 5628 ex
1584 5575 1736 5629 librae
1763 5584 2033 5645 argenteae

455 5666 864 5730 comparatione
882 5663 1178 5732 colligitur.
1207 5661 1378 5719 Habet
1399 5665 1542 5718 enim
1564 5665 1698 5720 libra
1721 5668 2030 5736 ponderalis

455 5746 746 5808 dracbmas
779 5767 923 5812 xcvi.
950 5753 1134 5832 Quare
1170 5769 1293 5810 cum
1335 5757 1579 5829 argentei
1619 5772 1770 5814 um
1802 5759 2025 5819 totidem

2150 4567 2492 4636 Quapropter
2516 4580 2644 4620 cum
2679 4565 2892 4636 siliqua:
2914 4567 3026 4621 sint
3055 4565 3108 4620 in
3144 4567 3284 4621 libra
3318 4564 3476 4628 £728,
3498 4572 3688 4617 necesse

2148 4669 2233 4716 est
2263 4660 2582 4732 δικεράτους
2612 4668 2902 4729 argenteos
2943 4659 2996 4713 in
3031 4660 3150 4714 auri
3202 4660 3400 4716 libram
3445 4661 3689 4713 incum-ne

2147 4753 2274 4816 864,
2301 4769 2535 4822 quorum
2569 4753 2772 4822 singuli
2805 4753 3018 4822 pondus
3060 4752 3262 4807 habent
3308 4762 3563 4824 argentea:
3586 4747 3689 4800 dra-

2146 4845 2322 4900 chma:
2375 4845 2562 4909 unius,
2591 4853 2646 4899 et
2690 4845 2976 4900 obolorum
3016 4846 3181 4899 trium
3215 4854 3270 4901 et
3304 4847 3463 4900 unius
3491 4843 3688 4910 siliqmr.

2147 4941 2264 4996 sive
2287 4939 2358 4994 28
2380 4940 2726 5009 siliqu-arum.
2748 4936 2907 4992 Unde
2927 4936 3186 5007 quoniam
3215 4938 3335 4992 auri
3367 4938 3567 5006 siliqua:
3589 4931 3690 4984 dux

2146 5033 2356 5102 argenti
2398 5033 2615 5101 siliquis
2653 5031 2836 5086 valent
2867 5030 2958 5093 28,
2994 5033 3111 5085 auri
3171 5031 3385 5102 siliqua:
3415 5030 3482 5084 24
3509 5022 3687 5097 περιιιί

2143 5123 2404 5176 valebunt
2431 5120 2554 5176 536.
2590 5118 2721 5186 Quae
2736 5102 2853 5190 ‘per
2884 5121 2952 5175 28
2981 5121 3169 5176 divisre
3211 5123 3345 5175 dant
3378 5121 3462 5175 12.
3502 5114 3688 5170 Doede-

2144 5215 2249 5269 cim
2281 5214 2447 5284 igitur
2486 5213 2730 5284 argentei
2773 5227 2860 5274 eo,
2888 5228 3000 5282 quo
3031 5214 3167 5276 dixi,
3210 5215 3450 5284 pondere
3479 5209 3604 5272 cusi,
3630 5206 3688 5260 24

2142 5306 2262 5360 auri
2288 5305 2522 5375 siliquas
2541 5305 2814 5367 valebant,
2831 5305 2946 5360 sive
2970 5306 3206 5360 solidum
3231 5321 3473 5369 aureum,
3495 5312 3544 5358 et
3565 5297 3687 5354 δικέσ

2142 5413 2295 5468 ρατοι
2329 5397 2548 5466 proprie
2573 5395 2932 5461 vocabantur,
2957 5395 3297 5452 didraclunis
3325 5399 3553 5451 minores
3580 5399 3684 5446 ovto

2141 5490 2378 5558 sitiquis.
2421 5487 2540 5541 tam
2583 5501 2718 5542 vero
2755 5502 2821 5543 ex
2870 5485 3147 5543 Glossario
3198 5489 3264 5543 Β.
3308 5489 3367 5542 Ρ.
3415 5483 3679 5541 Sismomli.

2137 5579 2284 5652 quod
2318 5581 2574 5650 superius
2603 5579 2948 5642 adduximus,
2987 5589 3154 5648 patet,
3185 5595 3330 5635 cxxv
3359 5578 3678 5634 tnilliarensrs

2139 5679 2428 5743 argenteos
2458 5685 2653 5725 novem
2689 5669 3082 5740 propemodum
3114 5671 3308 5726 solidis
3363 5672 3552 5724 va!ere.
3580 5662 3673 5726 Οιιει

2136 5763 2354 5820 ratione
2398 5777 2543 5819 uxu
2587 5761 2746 5818 solidi
2783 5762 3035 5819 millcnos
3073 5762 3299 5833 exigunt
3328 5761 3674 5818 milliareust-s.
