3920 6408
447 335 536 387 591

1568 311 1904 370 APPENDK
1951 303 2578 364 lll'SSliliTATlONUM.
3583 295 3672 346 illi!

451 449 635 500 losittla
673 458 800 513 pars
856 441 955 496 fuit
1011 454 1189 494 aurem
1227 439 1402 502 librae,
1452 433 1596 488 unde
1639 428 1966 502 μιλιαρὶσιον
2007 445 2036 482 a

2164 434 2310 490 'ctur,
2343 441 2406 480 es
2432 430 2606 486 certo,
2633 428 2690 473 ιιι
2721 423 2968 489 apparet,
3005 427 3348 470 nummorum
3377 425 3561 481 genere
3581 411 3679 464 col-

451 541 670 605 tirzecis,
695 557 724 593 a
743 536 950 593 Latinis
979 529 1329 588 milliarensis
1366 526 1625 596 appellari
1652 525 1833 594 cmpit.
1857 521 2030 588 Quam

450 636 612 689 etiam
641 633 712 687 ob
737 643 959 684 causam
1010 623 1210 677 λεπτὸν
1242 619 1508 693 ἀργύριον
1555 625 1806 672 vocatum
1837 623 1938 678 est,
1977 617 2035 664 ut

453 739 481 776 a
509 721 848 783 didraebmo,
891 716 972 769 vel
1016 710 1284 782 gravioris
1318 707 1576 778 ponderis
1621 714 1878 774 argenteo
1923 700 2035 753 dis-

452 823 716 881 creparet.
757 810 1023 863 Caeterum
1061 800 1329 873 ejusmodi
1367 796 1787 852 milliarensium
1823 791 2037 860 species

456 902 709 956 militaris
739 900 909 953 fuisse
943 896 1176 954 videtur,
1216 889 1358 960 quod
1396 887 1713 942 donativum
1745 899 1809 936 ac
1841 882 2042 949 stipen-

459 996 608 1049 dium
635 995 689 1047 in
707 1007 771 1047 eo
794 1004 989 1062 genere
1015 987 1440 1056 persolveretur,
1468 994 1680 1033 necnon
1729 974 2040 1044 sparsioncs

463 1094 517 1139 et
546 1083 885 1153 erogationes
929 1079 983 1132 in
1009 1077 1266 1146 populum
1302 1072 1491 1127 eodem
1513 1069 1607 1123 illo
1641 1066 1856 1129 fierent,
1889 1069 1948 1116 ut
1975 1076 2041 1116 ex

461 1175 683 1229 Novella
714 1168 1029 1232 Justiniani,
1058 1181 1220 1236 quam
1263 1179 1428 1233 supra
1458 1161 1842 1232 produximus,
1877 1168 2043 1225 appa-

464 1263 736 1319 rct.-Hinc
767 1257 1154 1332 στρατιωτικὸν
1189 1254 1349 1324 δόμα,
1391 1252 1475 1305 vel
1505 1249 1676 1320 δῶρον
1711 1243 2044 1316 Epiphanius

461 1331 872 1421 interpretatur,
913 1356 966 1401 et
999 1346 1211 1399 Glossae
1241 1357 1364 1396 cum
1397 1355 1464 1394 eo
1489 1338 1609 1393 fere
1628 1350 1843 1390 omnes.
1881 1331 2046 1386 Glos-

459 1445 663 1512 sarium
696 1441 753 1493 P.
773 1437 1076 1493 Sirmondi:
1105 1432 1412 1487 Στιπένδιον
1444 1431 1481 1500 ἢ
1512 1427 1810 1499 τριϐοὖτον,
1841 1424 1902 1476 τὸ
1937 1422 2046 1475 ἀπὸ

455 1533 667 1588 λεπτῶν
714 1529 992 1602 ἀργυρίων
1061 1524 1445 1594 συναγόμενον.
1512 1519 1640 1574 Item
1699 1535 1713 1571 :
1764 1513 2047 1568 Στιπένδια

458 1627 674 1694 λέγεται
708 1622 778 1674 τὰ
809 1619 1046 1694 δημόσια
1070 1655 1083 1678 ,
1124 1615 1213 1667 διὰ
1235 1613 1312 1665 ’τὸ
1345 1611 1454 1665 ἀπὸ
1487 1607 1698 1662 λεπτῶν
1721 1602 2048 1671 συνάγεσθαι

461 1690 762 1788 ἁρῇυρίων.
792 1711 872 1763 Τὰ
905 1690 1046 1763 αὐτᾶ
1065 1705 1236 1759 eam
1257 1701 1515 1774 τριῦοὖτα
1547 1695 1929 1762 λέγεται,·ἀπὺ
1955 1691 2048 1746 τοῦ

466 1769 789 1857 ὲττίκλᾶσθαι
849 1802 958 1863 τοῖς
1018 1769 1486 1855 καταϐάλλουσιν,
1545 1791 1578 1861 ἢ
1631 1786 2046 1861 ὲπιμερὶζεσοαι
2081 1769 2119 1824 Β

465 1897 582 1958 τοῖς
610 1892 987 1965 στρατιώταις.
1027 1888 1166 1958 Ergo
1186 1884 1520 1956 stipendium
1562 1896 1592 1934 a
1635 1883 1797 1950 stipe,
1837 1880 1939 1933 hoc
1961 1884 2048 1933 est

468 1984 756 2040 minutulis
817 1981 1078 2042 nummis,
1111 1993 1235 2048 qua:
1274 1975 1447 2030 λεπτὰ
1490 1972 1730 2043 ἀργύρια
1757 1978 2046 2025 vocantur.

469 2074 712 2129 Tametsi
749 2070 1169 2127 milliarensium
1200 2068 1397 2122 modus
1413 2065 1548 2120 satis
1567 2077 1796 2133 magnus
1815 2060 2046 2115 videtur.

472 2167 579 2222 Sed
613 2163 971 2220 nihilominus
1004 2169 1058 2216 et
1111 2161 1254 2213 inter
1283 2157 1458 2211 λεπτά
1492 2163 1810 2210 numeratus
1841 2160 1944 2208 est.
1979 2150 2051 2206 De

470 2258 688 2319 λεπτοῖς
740 2253 986 2325 sequenti
1035 2253 1236 2322 capite,
1288 2249 1379 2304 ubi
1425 2248 1492 2303 de
1539 2247 1666 2302 folle
1706 2243 2049 2304 disserimus,

474 2350 709 2418 amplius
743 2354 950 2418 agetur.
988 2344 1112 2398 llaec
1152 2357 1256 2398 nos
1296 2341 1496 2411 partim
1550 2338 1867 2408 conjectura
1907 2333 2049 2398 freti,

475 2442 674 2512 partim
706 2438 1012 2494 certissima
1069 2435 1392 2491 Glossarum
1440 2439 1682 2487 veterum
1723 2429 2054 2485 auctoritate

474 2533 612 2596 nixi,
647 2531 714 2585 de
747 2528 1067 2584 milliarensi
1103 2526 1452 2596 protulimus.
1487 2523 1660 2577 Erunt
1694 2521 1787 2592 qui
1817 2520 2053 2575 certiora

479 2625 714 2678 fortasse
757 2621 1060 2675 conferent.
1099 2619 1307 2683 Quibus
1343 2632 1450 2670 non
1483 2616 1648 2669 modo
1687 2629 1795 2667 non
1840 2612 2052 2666 invide—

479 2716 681 2777 bimus,
711 2713 807 2767 sed
844 2711 976 2765 illud
1013 2709 1150 2763 citra
1178 2707 1485 2762 convicium
1515 2713 1568 2760 et
1601 2703 2054 2759 obtrectationem

481 2805 529 2860 si
567 2802 814 2864 fecerint,
835 2800 980 2871 quod
1003 2815 1142 2870 aegre
1173 2814 1202 2852 a
1226 2799 1502 2867 plerisque
1535 2796 1826 2865 impetrare
1851 2793 2056 2863 possis,

484 2893 848 2949 libentissime
881 2892 935 2945 id
972 2906 1072 2946 nos
1108 2900 1466 2958 accepturos;
1516 2887 1600 2940 sin
1635 2892 1916 2953 utcunque
1943 2897 2056 2938 me-

489 2979 625 3039 liora
658 2983 965 3043 docuerint,
1000 2995 1327 3037 assensuros
1349 2994 1472 3032 esse
1505 2978 1856 3048 pollicemur.

491 3075 773 3144 Epiplmnii
811 3073 873 3128 de
929 3071 1055 3135 [υιιε
1094 3072 1239 3126 locus
1288 3066 1603 3139 expenditur
1640 3083 1702 3121 ac
1733 3067 2057 3121 declaratur.

559 3165 746 3229 Follis,
799 3166 975 3235 inquit
1027 3164 1398 3234 Epiphanius,
1456 3160 1739 3214 ταλάντων
1777 3159 2059 3225 καλεῖται;

487 3267 678 3325 estque
721 3255 942 3324 duplex,
974 3254 1231 3308 nimirum
1267 3250 1482 3306 duobus
1514 3265 1582 3305 ex
1632 3249 1905 3320 argenteis
1935 3265 2066 3304 con-

489 3349 671 3408 flatus,
692 3347 784 3415 qui
813 3353 942 3401 sunt
959 3359 1122 3398 curui
1152 3343 1383 3398 denarii.
1420 3342 1593 3396 Paulo
1613 3351 1739 3396 ante
1756 3340 2067 3404 dixerat,-ro

489 3439 914 3508 ἁργύσιον,θιιῐιι
945 3451 1069 3491 esse
1103 3447 1410 3496 nummum,
1442 3433 1535 3502 qui
1571 3447 1601 3486 a
1631 3433 1927 3495 Romanis,
1965 3433 2068 3487 hoc

491 3539 574 3580 est
629 3525 1279 3593 Constantinopolitanis,
1345 3522 1702 3576 rnilliarensis
1738 3522 2065 3590 appellatur.

491 3617 649 3671 Nunc
678 3633 742 3671 ex
773 3615 984 3671 duobus
1023 3613 1296 3683 argenteis
1332 3612 1453 3666 istis
1487 3610 1956 3666 constare'follem
1981 3623 2070 3663 as-

495 3717 729 3765 severat.
772 3707 886 3761 lloc
920 3707 1098 3774 ipsum
1132 3703 1421 3774 Epiphanii
1447 3704 1612 3758 verba
1644 3716 1756 3772 pra:
1783 3716 1842 3757 se
1865 3701 2069 3768 ferunt,

496 3801 604 3856 nisi
635 3800 792 3853 aliter
821 3796 1138 3867 castiganda
1169 3795 1476 3850 videantur.
1513 3793 1672 3858 Quod
1711 3793 1861 3848 varie
1906 3806 1934 3844 a
1957 3793 2073 3860 ple-

2137 517 2295 580 lecta,
2327 523 2379 568 et
2403 504 2466 566 in
2496 527 2662 566 unum
2693 509 2906 562 inclusa
2942 505 3146 570 follem,
3172 519 3272 558 usu
3293 511 3473 572 postea
3503 499 3684 552 factum

2136 616 2241 672 est,
2270 615 2328 660 ut
2359 607 2514 660 folles
2548 606 2712 659 etiam
2745 601 2972 670 singulm
2997 596 3092 650 τοῦ
3127 595 3483 666 ἀθροίσματος
3501 597 3685 661 partes,

2139 715 2201 753 ac
2226 697 2433 752 nummi
2466 697 2568 766 ipsi
2595 689 3198 757 voearentursllenique
3218 686 3356 756 quod
3388 686 3450 738 ad
3472 683 3684 754 Epipha-

2141 791 2215 844 nii
2242 803 2510 845 summam
2542 787 2815 856 octoginta
2837 782 3094 836 denarios
3110 779 3564 842 addidit,causam
3585 774 3690 829 nul-

2141 883 2248 936 lam
2279 888 2371 934 aut
2407 879 2617 941 habuit,
2651 886 2742 930 aut
2775 888 2938 944 quam
2975 871 3217 932 haberet,
3265 867 3518 922 ostendit.
3552 864 3694 919 Hoto-

2143 987 2378 1028 mannus
2405 971 2500 1024 lib.
2542 969 2616 1022 De
2646 984 2700 1022 re
2737 965 2954 1018 Numm.
2975 962 3121 1016 hunc
3143 961 3317 1031 ipsum
3337 957 3695 1028 Epiphaniilo-

2143 1077 2267 1116 cum
2301 1077 2412 1114 non
2449 1073 2642 1128 capere
2676 1071 2796 1112 sese
2846 1056 2964 1108 sine
3016 1052 3242 1121 ambage
3282 1049 3575 1120 profitetur.
3603 1049 3693 1102 Alii

2144 1153 2274 1224 quid
2310 1152 2378 1206 de
2409 1153 2500 1204 illo
2537 1149 2780 1204 sentiant
2801 1145 3048 1199 dicturos
3075 1159 3134 1198 sc
3161 1140 3452 1211 aliquando
3487 1139 3695 1210 promit-

2147 1251 2285 1299 tunt.
2329 1243 2438 1312 Ego
2469 1242 2601 1295 nihil
2651 1241 2704 1293 in
2767 1237 3052 1309 Epiphanii
3098 1235 3277 1290 verbis
3323 1234 3694 1294 animadverto.

2147 1333 2290 1404 quod
2332 1339 2440 1385 tam
2477 1329 2795 1399 impetitum
2842 1335 2895 1381 et
2930 1323 3306 1378 inextricabile
3330 1321 3497 1375 videri
3525 1321 3695 1391 possit,

2148 1435 2200 1479 ut
2239 1422 2609 1478 vadimonium
2645 1426 2931 1490 prepterea
2952 1416 3254 1470 deseratur.
3276 1412 3389 1468 Hoc
3423 1413 3557 1467 enim
3591 1412 3697 1465 sim-

2149 1517 2384 1586 pliciter,
2418 1527 2481 1566 ac
2512 1512 2651 1566 citra
2711 1511 2878 1564 ullam
2923 1505 3358 1562 emendationem
3397 1511 3449 1559 et
3487 1503 3701 1572 interpo-

2153 1609 2402 1661 lationem
2426 1603 2618 1674 colligi
2653 1618 2716 1658 ex
2763 1601 2870 1656 illis
2916 1607 3094 1668 potest
3130 1597 3374 1652 :Follem
3414 1601 3699 1665 argenteum

2151 1711 2600 1758 esse'nummum,
2638 1692 2781 1763 quod
2806 1691 3061 1745 talentum
3075 1703 3298 1760 parvum
3316 1687 3514 1742 dietum
3527 1683 3699 1743 ’fucri‘t,

2149 1807 2213 1848 ex
2253 1787 2531 1859 argenteis
2569 1784 2784 1840 duobus
2814 1781 3129 1844 conflatum,
3158 1781 3214 1834 in
3251 1792 3360 1847 quo
3390 1773 3587 1830 denarii
3615 1772 3703 1826 mi-

2148 1880 2323 1935 nutuli
2380 1882 2740 1932 numerantur
2777 1886 2964 1935 ccvln,
3011 1870 3116 1924 hoc
3159 1875 3243 1924 est
3282 1868 3336 1922 in
3387 1865 3604 1935 singulis
3625 1877 3701 1916 ιιι-ι

2151 1970 2358 2042 genteis
2396 1985 2504 2024 CIV.
2531 1967 2642 2021 Cur
2674 1965 2934 2019 talentum
2963 1961 3231 2032 ejusmodi
3258 1973 3513 2014 nummus
3537 1954 3694 2026 appel-

2151 2063 2294 2116 latus
2315 2059 2497 2125 fuerit,
2539 2057 2624 2112 vel
2663 2055 2876 2110 nescire
2928 2069 3013 2108 me
3062 2052 3206 2116 dico,
3241 2051 3456 2121 quando
3504 2048 3554 2102 id
3596 2047 3703 2117 Epi-

2153 2153 2384 2225 phanius
2422 2151 2615 2216 tacuit,
2650 2147 2736 2202 vel
2784 2160 3007 2200 causam
3043 2145 3290 2214 aliquam
3321 2143 3706 2213 reperio,quam

2154 2259 2263 2300 non
2290 2244 2522 2313 probare
2559 2238 2735 2306 magis
2775 2236 3047 2306 quispiam
3095 2235 3293 2304 possit,
3342 2248 3500 2301 quam
3527 2231 3709 2283 ratione

2157 2341 2310 2388 certa
2361 2331 2628 2386 refellere.
2661 2327 2806 2382 Idem
2863 2332 2918 2380 et
2962 2325 3030 2380 de
3067 2324 3311 2380 denariis
3343 2323 3708 2380 illis‘asseram.

2155 2437 2392 2493 quarunt
2423 2421 2608 2474 varius
2668 2416 2812 2488 apud
2843 2416 3088 2471 diversas
3137 2414 3392 2469 nationes
3423 2428 3547 2467 usus
3589 2412 3712 2466 acsti-

2159 2515 2434 2582 matioque
2501 2511 2622 2564 fuit.
2677 2510 2816 2563 Cum
2856 2518 2964 2562 tam
2999 2505 3155 2561 facile
3185 2505 3409 2576 defungi
3451 2503 3550 2558 loci
3589 2501 3712 2555 illius

2158 2600 2609 2672 interpretatione.
2639 2599 2819 2659 liceat,
2856 2605 3036 2651 tamen
3088 2611 3157 2648 ne
3189 2593 3408 2648 frustra
3440 2601 3514 2646 tot
3543 2589 3712 2644 eruditi

2161 2694 2410 2747 homines
2437 2694 2492 2744 in
2520 2706 2584 2744 eo
2611 2690 2894 2743 laborasse
2941 2695 3103 2756 atque
3125 2686 3412 2740 haesitasse
3435 2684 3710 2739 videantur.

2163 2799 2264 2839 nos
2297 2784 2399 2853 ipsi
2423 2797 2641 2852 quoque
2671 2778 2908 2848 simplici
2957 2777 3049 2831 illa
3075 2777 3465 2838 declarationc,
3491 2782 3541 2830 et
3576 2771 3710 2827 obvia

2164 2875 2386 2928 minime
2411 2872 2673 2935 contenti,
2715 2871 2852 2924 alias
2892 2868 3350 2939 excogitavimus,
3389 2881 3518 2938 quas
3553 2862 3708 2932 singilo

2164 2966 2314 3018 latim
2345 2977 2668 3034 percensere
2686 2975 2898 3020 omnes.
2928 2968 3090 3031 atque
3115 2974 3414 3030 exponere,
3438 2958 3552 3028 plus
3573 2953 3707 3012 tzedii.

2165 3072 2328 3128 quam
2359 3055 2617 3110 utilitatis
2660 3053 2956 3106 lectoribus
2989 3053 3192 3106 afferet.
3235 3051 3408 3106 Unam
3442 3051 3592 3121 igitur
3615 3060 3709 3116 pro-

2165 3164 2362 3220 ponam
2397 3157 2488 3200 aut
2516 3147 2766 3206 alteram,
2793 3144 2837 3198 si
2880 3143 3012 3196 illud
3045 3143 3101 3195 in
3137 3143 3331 3212 primis
3367 3143 3708 3196 admonuero:

2165 3245 2220 3296 in
2250 3239 2625 3308 manuscripto
2641 3237 2764 3292 cod.
2784 3235 3033 3290 biblioth.
3063 3250 3174 3304 reg.
3197 3235 3364 3304 paulo
3393 3235 3538 3288 aliter
3565 3233 3711 3283 locum

2167 3333 2316 3387 illum
2368 3330 2602 3398 concipi.
2634 3327 2717 3380 [Ita
2743 3328 2885 3382 enim
2917 3327 3179 3396 scriptum
3210 3321 3620 3396 τεροτίεψὸλλης
3635 3321 3714 3373 ὅσα

2169 3422 2401 3475 πάντων
2431 3419 2703 3472 καλεῖται.
2735 3417 2966 3470 Διπλοῦν
3003 3417 3060 3468 δέ
3081 3418 3218 3478 ἐστι,
3256 3416 3361 3469 ὑπὸ
3390 3414 3478 3468 δύο
3498 3410 3714 3483 aiwa

2171 3509 2546 3578 συγκείμενον,
2576 3507 2625 3558 οἳ
2648 3505 2888 3574 γίνονται
2922 3520 3003 3555 σοι.
3033 3509 3080 3555 κ’
3101 3503 3352 3574 δηνάρια.
3375 3500 3486 3557 Non
3517 3497 3608 3568 ση’,
3633 3498 3713 3548 hoc

2169 3609 2252 3655 est
2283 3613 2469 3660 CCVIII,
2497 3598 2735 3661 denarii,
2760 3598 2853 3651 sed
2886 3611 2953 3649 xx
2993 3595 3105 3648 folli
3140 3595 3274 3647 huic
3304 3599 3624 3665 arrogantur.

2242 3692 2372 3758 Quae
2405 3692 2566 3746 lectio
2602 3691 2733 3744 mihi
2771 3703 2881 3742 non
2915 3691 3317 3741 contemnenda
3352 3687 3569 3740 videtur.
3595 3680 3711 3745 Quo-

2171 3783 2317 3838 circa
2349 3783 2492 3838 follis
2531 3781 2674 3852 apud
2705 3780 3064 3850 Epiphanium
3112 3794 3376 3833 nummus
3419 3783 3498 3831 cst
3530 3790 3586 3828 ex
3608 3774 3715 3824 duo-

495 3893 685 3960 risque
715 3897 1008 3944 tentatum.
1048 3885 1294 3955 Scaliger
1327 3884 1380 3938 in
1410 3891 1665 3953 postumo
1688 3883 1872 3937 libello
1905 3857 1982 3935 De
2019 3897 2073 3934 re
2118 3901 2144 3922 ι
2173 3875 2276 3931 bus
2305 3875 2577 3946 argenteis
2609 3874 2946 3943 compositus
2979 3892 2990 3928 :
3023 3885 3160 3941 quos
3207 3871 3559 3924 milliarenses
3591 3857 3717 3915 intel-

500 3979 822 4034 Nmnmar-ia
871 3993 923 4047 p.
964 3975 1054 4041 56,
1089 3974 1450 4044 Epiphanium
1480 3974 1560 4028 sic
1579 3972 1851 4034 emendat,
1888 3982 1946 4025 ut
1974 3986 2073 4042 pro

495 4072 799 4134 ταλάντων,
828 4068 1110 4139 βαλάντιον
1128 4073 1353 4136 reponat
1379 4082 1394 4128 ;
1422 4073 1534 4118 tum
1569 4079 1666 4132 pro
1709 4069 1792 4134 ση¹
1820 4063 2071 4134 δηνάρια,

499 4165 602 4216 hoc
638 4166 722 4214 cst
752 4174 938 4222 cci-in,
972 4163 1118 4226 σπη’,
1153 4169 1488 4209 οοωιχινιιι.
1529 4151 1736 4209 Follem
1767 4153 1948 4222 itaque
1973 4151 2076 4206 du-

498 4254 647 4319 plum
675 4264 798 4304 esse
828 4247 926 4301 .τοῦ
962 4245 1329 4318 μιλιαρησίου,
1372 4259 1434 4298 ac
1464 4243 1926 4298 tetradrachmum
1960 4241 2076 4296 exi-

498 4341 704 4404 stimat,
719 4338 1369 4409 quoniammilliarenses,
1385 4344 1442 4387 ut
1456 4333 1710 4392 vidimus.
1729 4331 2079 4386 didracbmos

2175 3967 2415 4036 ligimus,
2446 3981 2676 4036 quorum
2711 3965 2908 4036 singuli
2940 3964 3192 4018 denarios
3226 3963 3413 4017 decem
3457 3956 3714 4014 continent.

2182 4055 2447 4111 Denarios
2477 4070 2606 4110 vero
2639 4069 2747 4108 non
2789 4061 3000 4109 veteres
3041 4054 3164 4108 illos
3208 4062 3266 4107 et
3317 4052 3603 4108 Romanos,
3640 4039 3715 4096 sed

2187 4149 2429 4204 minores
2459 4149 2670 4219 aliquos
2703 4161 2991 4213 nummos;
3033 4145 3125 4216 qui
3149 4154 3205 4200 et
3234 4145 3359 4199 ideo
3390 4139 3583 4196 denarii
3607 4149 3718 4190 nun-

2178 4241 2361 4311 cupati
2397 4241 2668 4302 videntur,
2698 4241 2842 4310 quod
2873 4239 3097 4292 totidem
3150 4237 3206 4291 in
3253 4241 3559 4306 argenteum
3591 4240 3722 4282 num—

2177 4345 2327 4385 mum
2366 4339 2755 4400 competerent.
2798 4331 2907 4386 Cur
2932 4339 3116 4383 autem
3155 4329 3346 4382 talenti
3382 4326 3526 4396 parvi
3555 4331 3720 4375 nomen

468 4452 470 4455 ·
500 4430 786 4488 constituit
816 4448 828 4495 ;
854 4429 1054 4483 habere
1077 4442 1206 4482 vero
1222 4425 1504 4489 denarios,
1529 4424 1633 4478 hoc
1664 4434 1745 4478 est
1772 4422 2074 4477 minutulos
2107 4431 2152 4486 ι)
2181 4423 2228 4478 ei
2283 4438 2506 4476 nummo
2549 4424 2621 4478 sit
2671 4423 3005 4492 impositum,
3040 4436 3221 4476 causa»
3269 4420 3569 4489 complures
3603 4409 3717 4465 divi-

502 4536 757 4576 nummos
790 4533 1116 4572 cccxxxvrn.
1151 4516 1256 4570 Sed
1279 4517 1333 4569 in
1367 4531 1428 4570 ea
1467 4513 1726 4583 Scaligeri
1757 4513 2078 4582 conjectura

504 4613 738 4679 primum
798 4608 928 4662 illud
964 4615 1049 4662 est
1083 4622 1112 4659 a
1144 4607 1304 4661 nobis
1348 4606 1617 4674 superiori
1649 4605 1827 4673 capite
1855 4603 2082 4660 validis-

503 4706 640 4756 sime
659 4699 976 4763 refutatum,
992 4697 1135 4768 quod
1163 4697 1522 4751 milliarenses
1539 4695 1888 4750 didrachmas
1913 4695 2080 4750 fuisse

505 4794 781 4859 defendit;
823 4793 1089 4854 alterum,
1131 4789 1272 4859 quod
1316 4803 1415 4858 pro
1456 4786 1756 4851 ταλάντων,
1799 4786 2080 4857 βαλάντιον

505 4888 654 4957 legit,
687 4898 879 4938 vereor
931 4888 988 4935 ut
1045 4880 1292 4935 obtinere
1333 4878 1504 4947 possit
1537 4895 1548 4930 :
1581 4877 1780 4930 ctenim
1829 4876 2080 4944 quamvis

509 4981 654 5034 follis
683 4978 824 5031 idem
857 4976 949 5037 sit,
981 4972 1126 5043 quod
1159 4971 1347 5026 Graece
1382 4969 1686 5039 βαλάντιον,
1722 4967 2080 5022 nihilominus

509 5087 536 5124 a
566 5069 770 5125 Graecis
798 5065 1082 5137 βαλαντίου
1110 5078 1212 5118 vox
1248 5078 1356 5117 non
1385 5059 1518 5124 folli,
1560 5068 1616 5113 ut
1658 5058 1951 5127 singularis
1997 5063 2082 5111 est

509 5173 789 5220 nummus,
822 5156 1150 5224 imponitur,
1211 5152 1306 5206 sed
1343 5158 1403 5204 ut
1445 5161 1530 5205 est
1562 5149 1805 5218 pecunia:
1843 5161 2079 5212 summa,

509 5257 564 5302 et
626 5259 971 5300 nummorum
1011 5241 1302 5311 ἄθροισμα,
1346 5239 1430 5292 vel
1484 5236 1743 5306 σταθμός,
1785 5242 1844 5289 ιιι
1875 5233 2083 5288 Glossa:

509 5337 839 5409 significant.
885 5334 960 5388 De
1003 5333 1128 5387 folle
1171 5339 1427 5400 argenteo
1457 5343 1680 5382 nummo
1712 5341 1888 5396 neque
1929 5341 2082 5379 men-

510 5432 714 5486 tionem
769 5427 873 5481 illa:
904 5425 1150 5486 faciunt,
1209 5438 1386 5491 neque
1427 5419 1710 5490 βαλάντιον
1753 5416 2080 5486 appellatum

508 5539 629 5580 esse
655 5527 806 5592 puto,
855 5516 1071 5572 tametsi
1105 5522 1165 5568 ut
1209 5513 1260 5566 id
1295 5512 1543 5583 analogia
1572 5511 1804 5580 quadam
1855 5525 2084 5578 usurpa-

515 5624 625 5667 tum
665 5611 846 5677 fuerit,
870 5624 978 5663 non
1006 5605 1162 5662 valde
1189 5619 1506 5672 repugnent.
1536 5602 1673 5657 Cum
1697 5601 1840 5654 enim
1869 5601 2083 5670 prepric

409 5713 424 5722 ‘
517 5703 658 5760 tollis
688 5710 838 5757 certa
877 5701 968 5754 illa
1020 5711 1366 5753 nummorum
1399 5695 1455 5750 ὁλ
1504 5695 1556 5765 ἦ,
1589 5707 1654 5748 ac
1686 5707 1900 5748 summa
1935 5693 2084 5748 dice-

2183 4515 2302 4568 uari
2337 4524 2582 4584 possunt.
2615 4512 2789 4568 Veluti
2819 4514 2962 4583 quod
2995 4513 3203 4568 denarii
3234 4513 3325 4566 isti
3356 4512 3409 4564 in
3439 4523 3527 4564 sex
3555 4506 3719 4558 iterum

2183 4605 2405 4660 chalcos
2443 4605 2601 4661 divisi
2650 4605 2891 4660 fuerint:
2928 4606 3002 4658 ita
3045 4613 3104 4659 ut
3149 4603 3204 4658 in
3238 4603 3609 4657 milliarensem
3636 4604 3720 4645 cxx

2183 4697 2570 4762 convenirent;
2624 4703 2758 4765 quot
2815 4696 2870 4749 in
2912 4697 3186 4750 talentum
3231 4691 3550 4763 Epiphanii.
3603 4680 3720 4752 quod

2182 4802 2322 4842 cxxv
2361 4789 2621 4842 librarum
2668 4797 2772 4852 est,
2825 4788 3017 4841 Attica;
3067 4788 3225 4840 minae
3279 4788 3594 4855 congruunt.
3635 4775 3723 4828 Aut

2184 4877 2298 4932 haec
2327 4879 2510 4948 igitur,
2539 4888 2631 4932 aut
2663 4879 2767 4932 alia
2799 4879 3066 4948 quippiam
3099 4875 3370 4945 ejusmodi
3405 4875 3537 4928 ratio
3569 4865 3721 4924 inerit:

2183 4984 2283 5022 cur
2322 4969 2506 5022 talenti
2546 4985 2741 5024 nomen
2772 4970 2824 5023 in
2856 4977 3112 5039 argenteo
3157 4967 3283 5021 folle
3307 4964 3574 5021 resederit.
3607 4957 3724 5010 Sane

2184 5075 2307 5114 cum
2339 5059 2675 5129 Epiphanius
2709 5061 2886 5114 follem
2925 5059 3120 5114 asserit
3148 5059 3285 5112 duos
3316 5063 3586 5124 argenteos
3610 5059 3726 5103 com-

2185 5150 2370 5220 plecti,
2401 5151 2526 5203 licet
2562 5157 2848 5219 argenteos
2889 5166 2998 5204 non
3033 5150 3392 5204 milliarenses
3442 5143 3723 5208 intelligere,

2187 5242 2292 5294 hoc
2323 5247 2409 5294 est
2438 5241 2698 5304 minores,
2728 5254 2791 5294 ac
2820 5255 2931 5294 non
2965 5241 3228 5309 legitimos
3268 5239 3411 5300 illos,
3451 5234 3538 5289 sed
3569 5229 3726 5283 didra-

2183 5333 2398 5397 chmos,
2426 5333 2519 5400 qui
2561 5332 2614 5385 in
2647 5349 2749 5387 usu
2783 5332 3146 5386 nihilominus
3178 5337 3381 5386 essent.
3414 5327 3566 5381 Plura
3604 5318 3724 5374 enim

2182 5424 2289 5476 τῶν
2319 5423 2575 5494 ἀργύριον
2615 5439 2813 5494 genera
2872 5422 3111 5486 fuerunt,
3155 5437 3383 5493 quorum
3442 5417 3527 5472 uni
3557 5409 3724 5467 millia-

2185 5515 2362 5569 rensis
2413 5515 2738 5569 vocabulum
2791 5515 3064 5578 inditum;
3129 5531 3231 5570 non
3284 5523 3466 5566 tamen
3517 5495 3724 5574 argentei

2186 5620 2376 5658 omnes
2431 5606 2796 5660 milliarenses
2847 5607 3116 5674 appellati.
3164 5604 3287 5659 Ideo
3321 5602 3457 5656 follis
3495 5593 3724 5650 tetradra-

2189 5695 2383 5749 chorus
2413 5709 2534 5751 esse
2561 5695 2754 5764 potuit,
2782 5709 2847 5750 ex
2883 5694 3098 5750 duobus
3127 5691 3450 5750 didrachmis
3487 5675 3720 5749 composi-
