3920 6412
456 422 562 478 595

1576 409 1919 479 ᾉΡΡΕΝωΧ
1958 421 2045 478 nu

2148 419 2593 479 IRTATIONUM‘.
3599 419 3685 479 596

450 536 801 606 interpretor,
843 536 934 591 vel
960 551 1061 607 pro
1106 544 1362 607 argenteo
1402 550 1625 591 nummo
1667 536 1921 603 sumitur,
1952 536 2038 593 vel
2067 544 2114 602 Α
2144 551 2308 607 porro
2337 534 2547 593 decima
2580 531 2881 605 quondam,
2916 536 3105 601 postea
3145 527 3356 589 decima
3403 537 3548 587 sexta
3577 546 3688 603 pars

449 637 552 697 pro
583 640 745 680 aereo.
777 624 872 681 Est
906 627 1048 681 enim
1086 626 1339 698 δηνάριον
1380 626 1781 683 recentioribus
1828 627 2035 683 Grrecis

450 716 674 772 levioris
707 718 915 771 nummi
954 718 1187 789 species,
1216 717 1283 772 de
1311 733 1417 788 qua
1459 726 1583 788 post
1628 720 1789 788 paulo
1832 718 2030 774 dicam.

449 804 578 861 ldco
601 806 930 879 δηναρισμός
964 808 1132 863 sectio
1155 817 1237 863 est
1273 808 1480 862 nummi
1510 808 1744 877 alicujus
1780 808 1833 862 in
1865 824 2036 863 aereas

451 898 686 967 species,
728 899 1070 971 ἁργυρισμός
1111 900 1165 954 in
1208 910 1513 970 argenteas.
1557 898 1663 954 Sed
1706 899 2037 970 δηναρισμός

452 990 723 1061 duplicem
750 994 893 1063 capit
917 1007 1158 1048 sensum.
1182 990 1316 1047 Nam
1358 999 1452 1045 aut
1486 1006 1662 1046 aereus
1694 1005 1951 1045 nummus
1982 991 2036 1046 in

454 1083 777 1153 suigeneris
810 1100 1084 1148 nummos,
1128 1085 1233 1141 hoc
1264 1090 1346 1139 est
1397 1098 1571 1138 aereos
1618 1082 1902 1146 dividitur,
1943 1090 2037 1136 aut

453 1184 743 1241 argenteus
770 1182 930 1244 atque
964 1192 1162 1232 aureus
1193 1177 1249 1231 in
1276 1190 1469 1231 mreos.
1500 1174 1743 1229 Possunt
1773 1174 1921 1229 enim
1955 1173 2038 1227 bi-

454 1264 647 1319 fariam
688 1267 763 1320 illi
799 1267 1074 1323 distribui.
1110 1267 1226 1323 limo
1262 1283 1463 1324 aureus
1518 1266 1828 1322 trifariam:
1857 1266 2039 1320 nimi-

452 1374 573 1412 rum
605 1358 660 1412 in
692 1375 887 1415 aureas
910 1360 1151 1416 minores
1184 1362 1416 1432 species,
1445 1368 1731 1433 argenteas
1760 1368 1813 1417 et
1841 1374 2033 1417 areas.

458 1445 525 1502 Ut
551 1449 597 1502 si
625 1448 750 1518 quis
783 1450 1017 1505 solidum
1070 1451 1125 1505 in
1166 1452 1471 1516 tremisses,
1506 1451 1590 1507 vel
1634 1451 1891 1506 denarios
1942 1466 2038 1505 au-

450 1554 597 1604 reos,
630 1548 722 1595 aut
755 1541 894 1597 alios
917 1542 1185 1612 ejusmodi
1217 1543 1447 1598 leviores
1481 1543 1672 1613 partiri
1713 1543 1862 1597 velit.
1893 1541 2035 1597 Tum

451 1632 507 1685 in
532 1632 890 1688 milliarenses
916 1642 1009 1688 aut
1026 1633 1317 1689 drachmas
1336 1642 1622 1704 argenteas
1643 1648 1738 1699 ;ac
1761 1642 2042 1704 postremo

451 1723 509 1777 in
539 1739 669 1788 tera,
706 1724 789 1778 vel
817 1724 1060 1780 ehalcos.
1093 1724 1161 1778 At
1202 1726 1306 1779 hoc
1336 1725 1459 1779 loco
1486 1740 1611 1779 cum
1644 1725 1713 1780 ab
1732 1724 2039 1797 Epiphanio

450 1814 599 1871 follis
646 1815 787 1869 κατὰ
832 1816 1165 1888 δηναρισμόν
1210 1817 1293 1872 vel
1335 1816 1676 1889 ἀργυρισμόν
1720 1818 1981 1873 tribuitur
2020 1836 2032 1872 :

453 1923 565 1963 non
595 1909 734 1963 idem
764 1916 847 1963 est
878 1909 1024 1965 follis
1062 1925 1254 1979 genus,
1280 1909 1374 1965 sed
1408 1912 1576 1980 prior,
1602 1911 1692 1980 qui
1720 1913 1842 1966 κατ’
1871 1913 2042 1982 ἀργυ-

457 1998 655 2069 ρισμόν
684 2008 920 2066 secatur,
949 2011 1242 2073 argenteus
1277 2010 1359 2057 est
1394 2000 1536 2056 follis
1579 2001 1716 2056 duos
1755 2010 2042 2073 argenteos

455 2091 775 2158 continens;
830 2095 1101 2163 posterior
1151 2110 1325 2149 aereus
1370 2101 1456 2150 est
1512 2110 1791 2159 nummus,
1847 2095 1938 2167 qui
1988 2098 2043 2148 in

455 2181 594 2238 duos
644 2183 876 2248 λεπτούς
926 2185 1221 2251 dividitur;
1277 2201 1403 2242 nam
1455 2186 1501 2241 si
1556 2187 1702 2242 follis
1753 2193 2043 2257 argenteus

453 2276 601 2330 κατὰ
619 2276 950 2349 δηναρισμόν
983 2278 1337 2340 divideretur,
1377 2279 1562 2348 plures
1591 2294 1753 2349 quam
1786 2279 1924 2334 duos
1950 2278 2042 2331 λε-

454 2367 626 2431 πτούς
656 2371 981 2425 contineret.
1020 2369 1093 2424 De
1126 2370 1230 2426 hoc
1258 2372 1425 2441 igitur
1454 2372 1743 2442 posteriori
1774 2370 1922 2436 folle,
1949 2372 2043 2442 qui

455 2469 509 2516 et
537 2476 713 2516 aereus
749 2471 852 2526 est,
889 2462 993 2516 hoc
1035 2462 1089 2516 in
1136 2463 1315 2534 capite
1343 2463 1755 2531 disputandum.
1788 2463 1891 2529 Qui
1923 2464 2045 2533 qui-

456 2552 580 2607 dem
604 2553 755 2607 varie
783 2553 851 2607 ab
880 2554 1197 2609 auctoribus
1227 2554 1605 2609 circumscribi
1648 2554 1805 2609 solet.
1845 2553 2043 2610 Suidas

456 2652 512 2699 et
535 2642 924 2714 Moschopulus
951 2644 1163 2714 φύλλεις
1186 2645 1403 2709 ὀϐολούς
1425 2646 1870 2714 interpretantur.
1898 2643 2043 2699 ldem

462 2734 701 2789 Suidas:
744 2734 1040 2807 Ἀσσάρια,
1076 2735 1270 2790 ὀϐολοί.
1327 2735 1483 2802 Quod
1527 2752 1593 2790 ex
1643 2735 1937 2792 Plutarcho
1988 2736 2045 2789 in

460 2825 744 2879 Publicola
792 2834 1071 2896 sumptum
1124 2827 1357 2882 videtur.
1417 2826 1592 2881 Erunt
1651 2843 1781 2899 ergo
1834 2827 2046 2897 φόλλεις

461 2917 719 2989 ἀσσάρια.
748 2917 1064 2973 Eustathius
1100 2918 1153 2972 in
1187 2919 1280 2973 lib.
1317 2934 1333 2973 ι
1374 2918 1566 2984 ΙΙὶαά.,
1606 2934 1730 2990 pag.
1764 2920 1888 2986 156,
1920 2935 2045 2974 cum

460 3009 653 3064 obolos
685 3008 913 3065 dixisset
954 3010 1009 3063 in
1058 3009 1375 3064 drachmam
1426 3011 1684 3079 imputari
1722 3026 1838 3075 sex,
1877 3011 2047 3080 subji-

461 3102 536 3156 cit
562 3119 575 3155 :
607 3103 669 3155 Οἱ
698 3100 753 3153 δὲ
774 3100 1028 3166 τοιοῦτοι,
1054 3101 1129 3165 ὡς
1154 3100 1323 3166 εἰκὸς,
1347 3101 1523 3155 ὀϐολοὶ
1551 3102 1728 3176 χρόνῳ
1758 3101 1852 3156 τοῦ
1878 3101 2046 3172 ὕψους

463 3192 880 3264 ὑποσπώμενοι,
922 3195 1014 3247 καὶ
1062 3194 1201 3248 κατὰ
1249 3194 1442 3266 μικρὸν
1499 3195 2043 3260 ὑποκαταϐαίνοντες,

462 3288 589 3349 τοὺς
621 3285 844 3359 ὕστερον
872 3287 1180 3351 ταπεινοὺς,
1208 3286 1302 3339 καὶ
1349 3285 1701 3357 πετηλὼδεις,
1738 3288 1830 3341 καὶ
1868 3288 1944 3350 ὡς
1982 3286 2048 3339 ἄν

461 3398 546 3446 τις
580 3381 717 3453 ἐρεῖ,
749 3380 1037 3443 ἐπιπέδους
1077 3380 1339 3453 ἐποίησαν
1377 3380 1598 3447 ὀϐολοὺς
1642 3382 1771 3443 τοὺς
1825 3379 2052 3453 λεγομέ-

463 3491 586 3537 νους
623 3473 855 3542 φόλλεις.

535 3564 615 3618 Ita
641 3564 850 3620 Glossaa
900 3581 1062 3636 supra
1094 3566 1273 3620 citata:
1295 3565 1683 3621 milliarensem
1715 3580 1884 3621 unum
1908 3603 1923 3629 ,
1952 3565 2047 3635 qui

466 3656 696 3729 κεράτια
733 3658 841 3712 (1υο
888 3659 1049 3723 valet,
1099 3655 1321 3713 follibus
1369 3665 1625 3712 constare
1657 3673 1786 3712 xxiv
1825 3656 2046 3720 docent,

468 3759 636 3804 unum
686 3765 817 3805 vero
848 3751 1123 3820 κεράτιον,
1158 3749 1379 3806 follibus
1412 3749 1592 3804 valere
1641 3765 1739 3804 xit.
1781 3746 1884 3805 Sed
1938 3764 2047 3803 non

468 3842 701 3912 quilibet
754 3843 899 3897 oboli
947 3842 1101 3897 folles
1145 3840 1377 3896 habendi
1429 3848 1593 3908 sunt;
1641 3840 1736 3897 sed
1793 3840 2050 3896 minutis-

468 3934 626 4001 simi;
677 3949 803 3988 nam
848 3934 1043 3989 obolus
1088 3933 1307 4003 proprie
1356 3933 1403 3989 si
1455 3940 1727 4000 sumatur,
1774 3933 2050 3989 drachmab

468 4040 596 4098 pars
633 4033 717 4081 est
758 4036 931 4091 sexta,
974 4026 1206 4095 siliquas
1237 4025 1444 4080 habens
1477 4033 1607 4080 tres.
1647 4025 1886 4081 Proinde
1920 4040 2046 4080 cum

469 4132 635 4172 aurea
682 4117 898 4187 siliqua,
949 4117 1247 4172 secundum
1287 4117 1686 4188 duodecuplam
1736 4118 2051 4189 proportio-

467 4222 613 4273 nem,
645 4207 932 4263 duodecim
963 4207 1179 4278 siliquis
1218 4208 1489 4281 argenteis
1514 4208 1712 4274 valeat,
1746 4208 2050 4265 continebit

468 4307 756 4369 argenteos
799 4297 989 4353 obolos
1012 4306 1266 4367 quatuor.
1302 4297 1458 4355 Valet
1501 4308 1706 4363 autem,
1750 4308 1808 4354 ut
1839 4298 2050 4355 Glossae

470 4387 742 4452 scribunt,
776 4387 933 4442 folles
961 4403 1061 4442 xu.
1092 4388 1236 4458 Ergo
1261 4388 1453 4443 obolus
1488 4396 1778 4459 argenteus
1813 4398 1926 4449 tres
1952 4387 2052 4443 fol-

470 4477 552 4532 les
584 4478 887 4532 continebit
913 4498 929 4534 :
961 4478 1207 4549 adeoque
1231 4478 1377 4534 follis
1411 4487 1669 4549 argentea
1693 4479 1798 4535 erit
1826 4480 2046 4550 siliqua.

2148 628 2381 691 denarii,
2424 625 2541 682 sive
2594 624 2873 680 drachmte
2904 622 3111 678 fuerit:
3145 621 3219 677 ita
3268 620 3442 677 chalei
3486 629 3601 679 octo
3640 623 3687 679 in

2140 720 2303 774 obolo
2340 725 2491 782 sunt,
2540 717 2594 771 in
2630 716 2822 773 chalco
2854 712 3048 778 λεπτά,
3081 713 3197 770 sive
3239 714 3445 769 minuta
3481 719 3686 783 septem.

2139 811 2205 865 Et
2237 820 2419 866 tamen
2451 809 2591 881 apud
2632 807 2902 865 lsidorum
2934 807 3078 863 ultra
3112 806 3333 861 ehalcos
3375 820 3480 860 non
3518 820 3690 875 proce-

2138 903 2308 958 ditur.
2368 901 2659 968 Quadrans
2713 899 2925 954 denarii
2985 905 3181 968 quarta
3232 911 3378 966 pars,
3434 896 3689 951 uuciarum

2140 994 2308 1048 trium
2333 994 2465 1047 olim
2498 990 2729 1047 exstitit.
2758 988 3033 1060 llesycbio
3054 994 3250 1058 quarta
3276 1001 3403 1054 pars
3432 993 3513 1043 est
3540 983 3690 1051 follis,

2140 1097 2233 1144 aut
2266 1087 2431 1141 etiam
2500 1084 2716 1139 λεπτόν.
2749 1081 3091 1153 Epiphanius
3131 1080 3330 1137 siclum
3358 1077 3691 1149 quadrantem

2140 1181 2429 1246 nominat;
2469 1177 2712 1234 Isidorus
2755 1175 2933 1231 uncize
2968 1181 3220 1243 quartam
3255 1178 3464 1242 partem
3507 1183 3692 1241 appen-

2137 1273 2275 1331 dere
2311 1270 2527 1332 scribit,
2558 1269 2663 1323 hoc
2689 1274 2771 1321 est
2795 1265 3086 1320 drachmas
3114 1262 3272 1319 duas.
3312 1258 3623 1331 Ilesychius,
3645 1264 3693 1312 et

2137 1379 2204 1419 ex
2271 1377 2337 1416 eo
2395 1360 2628 1423 Suidas,
2684 1356 2985 1427 κοδράντην
3048 1353 3125 1406 ait
3194 1366 3319 1409 esse
3376 1349 3437 1403 τὸ
3491 1350 3611 1413 πᾶν,
3661 1346 3692 1419 ἢ

2138 1454 2310 1509 λεπτὰ
2369 1453 2482 1507 δύο.
2535 1451 2680 1506 Idem
2741 1447 3047 1523 Hesychius
3110 1444 3370 1514 ἀσσάριον
3428 1452 3480 1497 et
3520 1439 3693 1496 λεπτόν

2138 1562 2308 1604 unum
2343 1545 2598 1613 idemque
2646 1557 2771 1601 esse
2813 1540 2997 1603 docet,
3030 1547 3086 1593 et
3123 1535 3312 1593 talenti
3361 1549 3452 1591 sex
3489 1531 3691 1587 millesi-

2140 1654 2283 1695 mam
2316 1644 2547 1708 partem.
2575 1633 2739 1689 Vides
2772 1646 2937 1701 quam
2970 1631 3168 1687 horum
3198 1628 3440 1683 omnium
3464 1641 3693 1683 nummu-

2140 1731 2318 1786 lorum
2352 1726 2496 1783 ratio
2535 1725 2606 1785 sit
2641 1725 2871 1786 incerta,
2910 1731 3076 1791 utque
3114 1718 3249 1773 nihil
3277 1733 3341 1773 ex
3381 1716 3509 1775 iisce
3536 1713 3691 1777 tricis,

2144 1837 2207 1879 ac
2249 1819 2519 1883 minutiis,
2575 1815 2681 1873 nisi
2744 1824 2947 1871 temere
3012 1810 3356 1883 pronuntiari
3410 1809 3591 1879 possit.
3634 1803 3694 1860 Ut

2144 1928 2255 1969 non
2287 1910 2505 1966 interim
2550 1906 2683 1963 illud
2732 1906 3005 1967 omittam,
3039 1902 3185 1973 quod
3231 1901 3300 1959 ad
3346 1916 3457 1958 rem
3497 1913 3696 1968 magno-

2143 2020 2273 2078 pere
2294 2004 2444 2068 facit,
2476 2000 2699 2058 easdem
2739 1998 2985 2055 diversos
3018 1994 3159 2066 apud
3201 1993 3430 2066 populos
3470 2005 3696 2047 nummo-

2144 2111 2289 2162 rum,
2328 2106 2731 2153 mensurarum,
2760 2104 2823 2147 ac
2849 2086 3153 2159 ponderum
3188 2082 3573 2157 appellationes
3600 2093 3695 2135 non

2143 2185 2364 2243 easdem
2395 2183 2673 2245 notiones,
2706 2193 2771 2233 ac
2813 2182 3114 2248 potestates
3146 2174 3423 2238 habuisse,
3461 2169 3550 2227 sed
3583 2166 3697 2221 alibi

2143 2275 2338 2346 majori
2385 2271 2769 2334 aestimatione,
2840 2267 2969 2322 alibi
3002 2268 3213 2320 minore
3248 2264 3417 2318 fuisse
3448 2259 3693 2331 praeditas.

2142 2368 2316 2439 Cujus
2356 2366 2437 2422 rei
2471 2364 2684 2421 inlinita
2731 2369 2860 2419 sunt
2896 2361 3167 2429 exempla,
3197 2357 3253 2410 in
3286 2356 3481 2427 quibus
3522 2353 3697 2407 immo-

2145 2462 2254 2518 rari
2301 2462 2540 2517 otiosum
2589 2462 2693 2522 est,
2750 2470 2814 2509 ac
2846 2454 3126 2523 putidum;
3164 2464 3292 2503 nam
3343 2446 3484 2518 quod
3526 2443 3588 2498 ad
3619 2442 3695 2493 λε-

2145 2552 2339 2619 πτούς,
2369 2564 2603 2623 quorum
2630 2548 2721 2601 hic
2755 2544 2960 2605 mentio
2994 2552 3099 2608 est,
3136 2539 3426 2611 speciatim
3461 2535 3691 2608 pertinet,

2145 2644 2270 2715 quis
2308 2644 2376 2701 de
2405 2658 2471 2699 eo
2511 2655 2709 2712 genere
2736 2638 2870 2695 certi
2903 2632 3111 2705 aliquid
3141 2629 3454 2689 asseverct?
3486 2623 3693 2696 Epipha-

2145 2739 2272 2792 nius
2308 2735 2464 2789 folles
2495 2731 2638 2789 κατὰ
2661 2728 3017 2801 δηναρισμόν,
3044 2726 3187 2780 duos
3216 2738 3338 2778 esse
3366 2717 3581 2783 λεπτούς
3609 2716 3691 2770 ait.

2147 2830 2206 2886 Si
2246 2828 2408 2885 iidem
2451 2824 2640 2885 λεπτοί
2692 2822 2805 2878 sint
2850 2835 2915 2874 ac
2964 2817 3157 2882 λεπτά,
3210 2821 3414 2884 septem
3456 2818 3603 2865 erunt
3646 2807 3692 2860 in

2146 2921 2358 2984 chalco,
2406 2919 2466 2974 in
2508 2917 2691 2981 obolo,
2724 2912 2819 2985 qui
2868 2911 3090 2967 chalcos
3136 2907 3305 2963 habet
3350 2914 3492 2967 octo,
3531 2895 3693 2953 λεπτοί

2146 3028 2257 3079 LVI,
2291 3012 2347 3067 in
2376 3007 2637 3069 drachma
2671 3018 2958 3061 cccxxxvt.
2990 2998 3157 3053 Fiunt
3190 2998 3247 3053 in
3290 2995 3535 3050 drachma
3562 2988 3693 3079 folles

2150 3076 2435 3175 Epiphanii
2470 3112 2693 3161 CLXVIII,
2729 3095 2785 3149 in
2823 3092 2985 3149 obolo
3026 3105 3222 3145 xxvm.
3249 3087 3352 3143 Sed
3379 3084 3541 3139 λεπτά
3570 3076 3688 3149 apud

2150 3196 2400 3254 eumdem
2444 3192 2660 3253 diversa
2706 3193 2869 3252 sunt;
2904 3199 3030 3241 nam
3054 3181 3233 3237 λεπτά
3271 3179 3523 3234 ταλάντου
3548 3182 3683 3241 supra

2152 3280 2492 3344 memoravit,
2523 3277 2629 3333 alia
2657 3277 2764 3330 τῶν
2787 3271 3083 3343 ἀσσαρίων.
3123 3267 3347 3323 Scholia
3372 3267 3421 3319 in
3445 3259 3609 3318 Matth.
3632 3270 3688 3310 ex

2149 3374 2387 3432 Budensi
2421 3370 2613 3426 codice
2639 3366 2874 3430 λεπτούς
2905 3365 2960 3418 in
3001 3362 3256 3427 denario,
3292 3374 3411 3430 qua:
3439 3365 3515 3412 est
3550 3356 3693 3407 state~

2148 3469 2227 3524 ris
2278 3461 2669 3521 tetradraehmi
2724 3456 3025 3517 centesima
3074 3469 3229 3526 pars,
3283 3450 3547 3509 drachma:
3584 3455 3688 3501 xxv.

2149 3559 2226 3613 ait
2264 3570 2386 3615 esse
2417 3555 2626 3611 decem.
2678 3551 2759 3605 Ad
2792 3551 2911 3604 haec
2959 3545 3125 3601 Marci
3163 3562 3266 3610 xtl,
3307 3543 3395 3608 42,
3431 3531 3693 3631 vidua-illa

2150 3648 2365 3719 πτωχή,
2416 3644 2469 3699 id
2523 3651 2607 3700 est
2650 3641 2912 3704 mendica,
2949 3639 3005 3693 in
3048 3632 3497 3722 gazophylacium
3538 3622 3693 3722 injecit

2149 3718 2323 3793 λεπτά
2350 3736 2463 3800 δύο,
2498 3736 2526 3790 ὅ
2558 3735 2676 3787 ἐστι
2722 3730 3042 3803 κοδράντης.
3079 3726 3226 3801 Ergo
3260 3724 3404 3779 follis
3442 3720 3570 3774 idem
3606 3718 3693 3768 erit

2151 3846 2275 3887 cum
2307 3828 2635 3899 quadrante.
2674 3822 2916 3878 Hilarius
2948 3822 3001 3874 in
3040 3819 3239 3889 psatm.
3264 3828 3486 3878 cxxvut,
3516 3807 3692 3899 minuta

2151 3925 2256 3982 ista
2314 3895 2494 3975 viduae
2550 3915 2808 3975 denarios
2861 3911 3001 3967 duos
3057 3911 3481 3980 interpretatur,
3535 3895 3688 3954 eadem

2149 4027 2305 4077 voce,
2341 4025 2447 4081 qua
2475 4018 2528 4065 et
2562 4006 2772 4062 nummi
2808 4004 2885 4059 illi
2916 4010 3235 4065 censentur,
3261 4012 3399 4069 quos
3434 3986 3685 4081 Samarita'

2152 4121 2258 4160 nus
2300 4080 2443 4175 apud
2490 4100 2693 4157 Lucam
2738 4112 2861 4167 cap.
2910 4111 2943 4149 x
2994 4093 3304 4150 stabulario
3347 4091 3400 4145 in
3441 4080 3607 4156 aegroti
3638 4087 3690 4129 ac

2154 4196 2329 4253 saucii
2381 4201 2633 4263 sumptus
2663 4189 2929 4262 erogavit,
2973 4202 3099 4261 quae
3140 4187 3376 4261 δηνάρια
3422 4180 3509 4236 δύο
3548 4175 3697 4230 Lucas

2154 4285 2410 4357 appellat.
2465 4280 2573 4337 Sed
2613 4295 2721 4335 non
2773 4279 2915 4334 idem
2962 4278 3176 4333 nummi
3228 4288 3400 4347 genus
3446 4264 3697 4357 utrobique

2154 4355 2364 4433 denarii
2412 4388 2547 4428 voce
2593 4369 2955 4442 signiﬁcatur.
2994 4366 3166 4421 Multo
3214 4365 3360 4421 enim
3411 4360 3578 4417 minus
3608 4355 3697 4406 est.

2153 4469 2300 4541 quod
2333 4465 2584 4521 mendica
2615 4462 2819 4519 femina
2871 4460 2939 4517 de
2973 4473 3072 4514 sua
3105 4462 3429 4529 paupertate
3459 4450 3518 4503 in.
3539 4453 3697 4541 arcani

474 4566 581 4623 Sed
628 4568 895 4624 leviorum
945 4530 1295 4624 nummorum
1341 4530 1736 4639 appeilationes
1784 4530 2047 4627 confundi
2084 4573 2127 4627 D
2156 4560 2420 4633 ίῐῐιωίεῖιρ
2475 4572 2640 4629 quam
2697 4553 2846 4626 QUOd
2908 4552 3034 4624 Plus
3092 4551 3185 4605 ille
3248 4543 3697 4639 Samaritannustn

471 4665 705 4719 invucem
757 4672 813 4716 et
843 4663 1098 4733 usurpari
1134 4663 1447 4734 promiscue
1492 4662 1704 4730 solent,
1740 4663 1908 4718 veluti
1956 4666 2052 4721 de-

472 4754 635 4820 narii,
667 4754 835 4819 oboli,
878 4754 1075 4819 chalci,
1117 4754 1325 4819 λεπτοί,
1371 4754 1486 4811 sive
1517 4755 1709 4821 λεπτά,
1758 4756 1953 4811 minuti
1998 4767 2053 4812 et

472 4845 710 4910 minuta,
746 4843 1104 4915 quadrantes,
1150 4860 1281 4914 tera,
1316 4844 1493 4910 folles,
1541 4846 1691 4913 aerei,
1743 4846 2051 4913 follaarales,

470 4942 526 4989 et
566 4935 620 4989 id
653 4951 827 5006 genus
879 4935 991 5001 alii,
1024 4935 1228 5005 quibus
1276 4951 1389 4990 non
1435 4951 1636 5007 magno
1674 4952 1809 4992 sane
1857 4938 2055 4993 discri-

471 5026 640 5089 mine,
671 5043 848 5099 neque
871 5036 1023 5084 certa
1053 5044 1117 5084 ac
1157 5030 1436 5085 constanti
1469 5030 1705 5096 ratione,
1750 5031 2053 5101 scriptores

471 5115 794 5173 abutuntur.
831 5115 1198 5182 Quamobrem
1251 5117 1389 5172 nihil
1438 5117 1753 5180 absurdius,
1802 5116 2055 5171 fallacius

472 5207 609 5263 nihil
664 5217 769 5273 est,
822 5223 984 5277 quam
1032 5224 1099 5264 ex
1130 5215 1332 5276 vetere,
1392 5223 1457 5262 ac
1509 5208 1791 5277 prioribus
1852 5208 2054 5262 usitata

474 5299 691 5354 Steculis
754 5299 1164 5353 nummulorum
1215 5299 1280 5354 ad
1344 5299 1701 5362 drachmam,
1765 5299 2056 5353 unciamve

474 5390 845 5462 proportione,
904 5391 1258 5457 earumdem,
1311 5391 1623 5461 cujnsmodi
1688 5390 2055 5461 posteriorum

475 5497 578 5539 usu
648 5482 979 5551 scriptorum
1046 5479 1238 5548 fuerit,
1307 5481 1521 5551 pondus
1600 5488 1655 5536 et
1729 5480 2054 5537 aestimatioo

475 5590 598 5630 nem
662 5574 985 5644 concipere,
1047 5579 1107 5626 ut
1156 5572 1203 5625 si
1252 5576 1376 5641 quis
1408 5574 1649 5636 obolum,
1702 5573 1829 5643 quia
1902 5580 2057 5628 sexta

476 5677 602 5732 pars
627 5662 903 5718 drachma
932 5661 1054 5729 fuit,
1087 5659 1276 5716 eadem
1304 5661 1372 5716 ad
1397 5670 1707 5734 argenteam
1738 5662 2057 5716 drachmam

478 5752 691 5806 ratione
719 5760 985 5823 perpetuo
1033 5750 1404 5807 deﬁniendum
1436 5754 1731 5818 existimet,
1768 5768 1892 5808 cum
1924 5751 2056 5807 Plu-

480 5840 702 5896 tarchus
729 5851 783 5896 et
811 5840 1012 5900 Suidas
1046 5855 1230 5900 assem
1259 5842 1481 5901 obolum
1508 5860 1633 5903 esse
1660 5844 1883 5913 dicunt;
1916 5842 2057 5901 assis

554 5930 570 5963 ¹
600 5929 766 5988 Marc.
792 5948 891 5990 xu.
915 5933 1002 5989 £2.

2155 4649 2349 4724 aegroti
2399 4624 2735 4701 alimoniam
2750 4659 2814 4698 ac
2842 4642 3189 4701 curationem
3220 4634 3472 4695 contulit.
3622 4634 3699 4720 ne:

2156 4716 2262 4815 que
2304 4741 2462 4797 Bedae
2503 4752 2729 4811 possum
2781 4734 3055 4799 assentiri,
3108 4732 3204 4802 qui
3247 4730 3315 4783 ad
3366 4727 3512 4781 illum
3557 4716 3700 4815 ila-rei.

2156 4805 2337 4897 locum
2391 4805 2567 4891 viduae
2618 4831 2829 4887 minuta
2883 4827 2991 4885 duo
3035 4820 3396 4898 quadrantem
3442 4828 3557 4873 esse
3598 4805 3698 4898 sicli

2155 4934 2334 4999 putat,
2374 4923 2478 4979 hoc
2523 4929 2609 4979 est
2647 4920 2840 4978 obolos
2888 4897 3174 4988 quinque;
3211 4914 3323 4969 imo
3365 4923 3487 4965 vero
3536 4897 3702 4999 obolos

2156 4986 2290 5085 sex;
2338 5032 2466 5072 nam
2520 5015 2692 5070 siclus
2725 5011 2919 5067 obolos
2967 5007 3174 5078 colligit
3209 5019 3359 5067 xxiv,
3394 5000 3504 5056 sive
3528 4986 3700 5047 drach-

2158 5126 2279 5167 mas
2302 5124 2376 5175 vt,
2419 5122 2655 5179 quarum
2680 5104 2908 5176 singula:
2935 5108 3063 5157 sunt
3091 5097 3365 5165 ὲξώϐολοι.

2231 5199 2340 5255 Sed
2364 5168 2462 5259 rest
2496 5168 2797 5253 absurdius
2839 5194 3035 5257 multo,
3067 5188 3213 5261 quod
3247 5202 3355 5243 non
3383 5174 3575 5238 nemini
3605 5168 3700 5243 pla‘

2161 5293 2346 5347 cuisse
2393 5305 2571 5360 nuper
2613 5288 2811 5348 didici;
2858 5285 3036 5340 λεπτά
3074 5284 3167 5336 illa
3215 5280 3324 5335 duo
3360 5273 3544 5332 videre,
3582 5272 3699 5333 quos

2158 5383 2404 5439 Hilarius
2429 5380 2688 5437 denarios
2712 5384 2894 5443 vocat,
2921 5391 3044 5431 esse
3076 5372 3332 5428 denarios
3356 5368 3469 5423 illos
3494 5365 3695 5415 veteres,

2159 5473 2336 5529 unciae
2367 5480 2577 5543 partem
2628 5476 2914 5535 octavam;
2944 5480 3176 5539 quorum
3220 5462 3328 5518 duo
3375 5452 3694 5543 quadrantem

2160 5536 2459 5623 semuncia:
2509 5560 2767 5618 reddunt.
2818 5557 2911 5633 Sic
2954 5536 3097 5615 cnim
3152 5550 3498 5609 ratiocinatur
3534 5559 3573 5633 :_
3572 5536 3693 5599 011³-

2160 5659 2353 5725 drans,
2391 5657 2481 5728 qui
2514 5655 2655 5710 duos
2690 5630 2935 5708 minutas
2969 5649 3171 5704 habere
3216 5644 3410 5699 dicitur
3454 5637 3503 5690 in
3538 5628 3691 5729 Erat:

2160 5717 2370 5824 gelio‘i,
2408 5717 2687 5803 definitur
2728 5744 2906 5800 unciae
2950 5757 3079 5813 pars
3109 5743 3338 5810 quarta,
3381 5730 3483 5786 duo
3520 5717 3689 5824 mmf’j'

2162 5818 2292 5903 sunt
2322 5844 2377 5898 in
2410 5841 2735 5915 quadrante,
2766 5838 2849 5895 sic
2881 5837 3125 5893 minutus
3161 5840 3348 5889 octava
3378 5833 3495 5898 pars
3518 5818 3685 5873 uncta.
