3920 6404
247 451 355 511 εςοτ

1480 433 1570 491 DE
1604 432 1829 492 FOLLE
1861 430 2282 493 IllLlARliNSl.

3400 439 3508 498 598

250 570 315 616 ut
341 559 453 616 duo
495 555 718 621 minuti,
751 562 968 626 quarta.
1012 550 1150 611 Octo
1182 552 1350 625 igitur
1399 552 1597 607 minuti
1629 552 1684 606 in
1731 566 1828 605 nn-
1854 550 2051 612 Adem
2116 549 2467 608 denariorum
2518 565 2584 608 ac
2635 551 3023 608 drachmarum
3075 552 3265 610 millia.
3321 550 3522 621 Quare-

249 664 392 705 cram
419 648 738 712 incurrunt,
767 652 831 700 ut
858 652 984 701 octo
1014 644 1324 709 drachmae;
1362 651 1416 699 et
1447 643 1529 699 sic
1557 644 1826 709 minutus,

249 746 307 795 et
338 739 627 802 drachma,
660 738 749 792 vel
789 735 1049 791 denarius
1086 739 1215 790 sunt
1259 731 1579 804 ἰσοδυναμα.
1611 731 1737 787 Haec
1779 734 1829 789 si

253 845 382 887 vera
409 835 635 894 essent,
674 827 722 884 si
759 826 980 892 λεπτόν,
1014 824 1325 895 cujusmodi
1364 824 1475 878 duo
1505 824 1665 880 vidua
1697 836 1829 894 pro-

248 921 405 993 iecit,
438 919 587 977 idem
618 928 764 976 esset
792 934 916 974 cum
951 925 1210 990 argenteo
1235 916 1485 980 denario,
1520 917 1604 972 vel
1637 916 1831 971 drach-

253 1030 366 1080 ma,
412 1028 524 1069 non
576 1012 891 1083 pmnitenda
940 1024 1075 1067 sane
1116 1010 1335 1080 largitio
1383 1008 1474 1064 illa
1509 1008 1682 1075 foret;
1730 1022 1831 1065 nec

250 1121 373 1164 eam
418 1102 758 1161 muliercula:
806 1103 983 1159 solum
1036 1101 1380 1162 mendicitas.
1431 1100 1525 1156 sed
1571 1106 1626 1155 et
1666 1112 1827 1156 suum

248 1212 474 1269 quoque
516 1195 752 1266 pretium
795 1193 1202 1250 commendaret
1231 1212 1244 1248 :
1275 1194 1533 1248 nimirum
1580 1193 1652 1257 si,
1683 1192 1828 1263 quod

250 1289 504 1363 proxime
537 1297 665 1345 ante
696 1288 900 1343 dictum
937 1298 1043 1352 est,
1086 1294 1298 1342 tantum
1348 1284 1600 1341 mendica
1635 1286 1830 1340 mulier

250 1386 556 1454 crogasset,
589 1388 854 1451 quantum
886 1380 942 1434 in
975 1378 1163 1451 πει-οιί
1209 1378 1523 1433 alimoniam
1564 1393 1630 1435 ac
1664 1394 1827 1434 cura-

247 1474 457 1530 tionem
483 1491 515 1529 a
556 1472 795 1543 benigno
838 1472 932 1527 illo
978 1470 1333 1526 Samaritana
1370 1478 1455 1527 est
1495 1472 1825 1542 impensum.

248 1565 518 1633 Quocirca
545 1580 655 1620 non
689 1558 855 1621 dubia
887 1569 973 1620 est
1003 1561 1308 1634 ἀλογιστία,
1339 1577 1462 1634 quae
1489 1579 1555 1619 ex
1585 1576 1652 1619 eo
1675 1571 1825 1629 nata,

248 1657 398 1726 quod
435 1654 688 1722 λεπτοὺς,
737 1655 823 1711 vel
850 1654 1029 1709 λεπτά
1066 1655 1271 1726 ubique
1304 1669 1404 1725 pro
1446 1654 1681 1711 denariis
1713 1656 1829 1713 sive

247 1744 523 1800 drachmis
564 1746 820 1817 usurpari
848 1743 985 1801 falso
1032 1745 1226 1808 credit,
1266 1745 1494 1816 ejusque
1539 1746 1642 1802 sibi
1677 1760 1830 1802 eom-

248 1835 444 1907 menti,
498 1835 645 1906 quod
702 1836 1050 1892 doctissimos
1108 1836 1271 1891 etiam
1341 1836 1624 1909 ignorasse
1671 1836 1823 1903 dicit,

249 1928 634 1983 auctoritatem
663 1927 924 1984 vindicat.
957 1927 1071 1985 Hoc
1101 1940 1231 1986 vero
1259 1936 1313 1985 et
1352 1929 1661 2001 ignoratum
1701 1944 1827 1986 esse

246 2017 518 2075 hactenus
551 2018 746 2086 fateor,
788 2030 847 2077 et
869 2021 1109 2094 ignorari
1156 2023 1331 2078 multo
1372 2022 1549 2096 magis
1583 2034 1827 2077 commu-

245 2111 402 2167 nium
430 2111 735 2168 litterarum
763 2113 1008 2180 interest,
1028 2125 1190 2186 quam
1213 2114 1269 2169 in
1297 2115 1470 2171 lucem
1499 2112 1699 2169 eﬁ‘erri.
1732 2111 1830 2166 Est

245 2206 396 2261 enim
443 2203 823 2262 falsissimum.
880 2204 1014 2273 Quis
1068 2206 1179 2262 duo
1237 2206 1329 2261 illa
1386 2207 1563 2261 vidua;
1616 2205 1831 2259 minuta

247 2299 414 2353 aliter
447 2297 702 2367 accipiat,
735 2312 898 2368 quam
936 2314 1036 2368 pro
1064 2297 1279 2354 duobus
1307 2300 1545 2366 aereolis,
1587 2300 1829 2356 minimi-

248 2405 362 2461 que
395 2390 559 2461 pretii
594 2390 916 2456 nummulis,
950 2390 1055 2446 hoc
1085 2397 1174 2447 est
1207 2392 1436 2459 chaicis,
1466 2393 1657 2464 quales
1704 2401 1830 2448 octo

248 2481 305 2536 in
347 2481 509 2536 obolo
554 2481 957 2538 numerantur?
983 2481 1144 2539 Certe
1183 2484 1570 2539 tenuissimum
1614 2484 1826 2539 nummi

246 2588 426 2644 genus
450 2572 621 2629 fuisse
656 2574 801 2629 ratio
832 2573 950 2645 ipsa
987 2576 1299 2646 persuadet.
1332 2576 1571 2648 Cyrillus
1619 2578 1829 2634 minuta

245 2663 345 2717 illa
384 2663 577 2721 obolos
610 2665 869 2735 appellat.
915 2664 1131 2737 Ergone
1164 2667 1374 2724 denarii
1405 2670 1649 2739 argentei
1701 2676 1832 2725 sunt

244 2754 422 2819 oboli,
466 2757 611 2825 quod
658 2755 904 2813 eamdem
947 2759 1058 2814 τῶν
1095 2758 1308 2814 λεπτῶν
1355 2776 1543 2817 vocem
1588 2760 1831 2818 Hilarius

243 2845 509 2905 denarios
540 2849 973 2921 interpretatur?
996 2850 1168 2925 Nugae
1186 2868 1352 2909 mera:
1377 2861 1528 2910 sunt.
1566 2853 1840 2912 Denarios

241 2941 395 2998 enim
428 2939 668 3001 Hilarius
702 2959 802 3014 pro
831 2944 1047 3001 aareolis
1073 2945 1382 3016 usurpavit,
1419 2953 1481 3002 ut
1507 2954 1561 3003 et
1591 2945 1830 3019 Epipha-

243 3036 399 3099 nius,
454 3034 581 3089 dum
626 3036 769 3090 κατὰ
816 3036 1151 3108 δηναρισμόν
1189 3038 1419 3110 Opponit
1449 3040 1522 3105 ei,
1563 3039 1711 3112 quod
1747 3048 1831 3095 est

244 3124 393 3181 κατὰ
434 3125 529 3178 τὸν
563 3125 905 3197 ἀργυρισμόν
935 3144 950 3181 :
980 3126 1144 3199 idque
1179 3129 1341 3184 etiam
1386 3128 1489 3185 sibi
1521 3128 1831 3186 idiotismus

1930 641 2075 698 idem
2097 643 2473 699 estminutum
2506 655 2632 699 cum
2668 643 2949 698 drachma.
2977 643 3091 699 Hoc
3112 653 3192 701 est
3225 646 3505 716 probatio—

1929 733 2022 789 nis
2072 741 2271 805 caput;
2309 741 2475 805 atque
2509 734 2687 805 ipsum
2722 743 2903 790 tamen
2958 735 3314 792 levissimum.
3366 734 3503 792 Nam

1932 825 2197 880 talentum
2227 826 2371 897 apud
2395 826 2721 894 Hesychium
2758 842 2864 882 non
2907 827 3181 897 ingentem
3229 829 3376 883 illam
3410 843 3506 899 pe-

1928 918 2106 973 cuniae
2136 934 2407 974 summam
2433 957 2448 984 ,
2482 935 2604 990 qua:
2643 932 2735 975 sex
2771 919 3120 975 denariorum
3152 920 3321 974 millia
3362 935 3510 975 com.

1928 1008 2224 1078 plectitur,
2283 1010 2379 1065 sed
2439 1010 2673 1065 solidum
2727 1024 2955 1065 aureum
3006 1009 3305 1081 signiﬁcat;
3338 1018 3400 1065 ut
3451 1012 3519 1066 in'

1928 1098 2071 1156 libro
2100 1100 2177 1155 De
2214 1118 2272 1156 re
2318 1100 2640 1156 Nummaria
2677 1099 2922 1172 Scaliger
2950 1101 3354 1157 animadvertit.
3401 1099 3511 1168 Sed

1929 1188 2183 1264 Hesychii
2238 1193 2403 1249 verba
2453 1193 2768 1249 necessario
2822 1193 2930 1247 huc
2981 1192 3302 1247 ascribcnda
3346 1200 3506 1248 sunt:

1928 1282 2245 1355 Κοδρὸωτης
2266 1323 2280 1346 ,
2310 1283 2490 1354 inquit
2515 1324 2529 1349 ,
2559 1283 2621 1337 τὸ
2648 1284 2756 1338 πᾶν
2781 1324 2797 1349 ,
2832 1284 2865 1356 ἦ
2900 1283 2960 1336 τὸ
2987 1270 3246 1355 Ιτέταρτον
3282 1282 3385 1352 τῆς
3410 1282 3536 1352 φύλ-

1928 1372 2098 1440 λεως,
2128 1375 2181 1448 ἢκ
2210 1376 2426 1429 λεπτόν.
2463 1374 2538 1430 Τὸ
2577 1375 2634 1429 δὲ
2677 1376 2874 1430 λεπτὸν
2917 1374 3377 1446 ἑξακισχιλιοστδν
3413 1392 3510 1428 τα-

1928 1464 2119 1519 λάντου
2143 1483 2158 1497 ⁵
2189 1467 2218 1520 ὅ
2251 1470 2367 1521 ἐστι
2413 1467 2653 1540 νόμισμα
2695 1467 2792 1535 ἓν,
2840 1468 2875 1539 ἢ
2914 1466 3100 1521 κόκκοι
3137 1469 3308 1539 τρεῖς.
3346 1466 3420 1519 Τὸ
3450 1466 3509 1520 δὲ

1926 1556 2184 1612 τάλαντον
2212 1558 2392 1630 λίτραι
2427 1560 2621 1614 ἑκατὸν
2658 1559 2830 1613 εἴκοσι
2878 1560 3062 1615 πέντε.
3102 1560 3163 1613 '0
3199 1560 3255 1612 δὲ
3284 1558 3513 1631 κοδράν-

1926 1665 2029 1718 της
2078 1649 2388 1720 νομίσματα
2447 1651 2595 1722 τρία.
2636 1651 2694 1703 ’0
2741 1651 2798 1704 δὲ
2836 1651 3063 1722 ἔσχατος
3108 1650 3408 1722 κοδράντης
3452 1650 3513 1704 τὸ

1927 1738 2187 1810 τέταρτον
2214 1740 2312 1810 τῆς
2340 1740 2598 1810 φόλλεως.
2626 1738 2781 1794 Mox:
2824 1739 3166 1811 Κοδράντης,
3199 1741 3260 1794 τὸ
3295 1743 3402 1795 πᾶν
3425 1783 3440 1807 ,
3474 1742 3510 1812 ἢ

1927 1827 2102 1883 λεπτὰ
2130 1828 2224 1883 δύο
2242 1871 2257 1898 ,
2284 1829 2347 1883 τὸ
2376 1829 2434 1883 δὲ
2467 1829 2662 1884 λεπτὸν
2698 1828 3176 1901 ὲξακισχιλιοστῶν
3212 1833 3509 1887 ταλάντων.

1930 1917 2106 1985 Quam
2167 1919 2282 1974 hac
2334 1920 2627 1991 perplexa,
2674 1934 2950 1992 quamque
2999 1922 3065 1975 ad
3127 1922 3512 1978 auctoritatem

1930 2008 2058 2064 novi
2120 2010 2415 2065 commenti
2478 2011 2590 2065 sint
2658 2011 2880 2075 inania,
2946 2028 3107 2068 nemo
3173 2029 3281 2069 non
3342 2013 3510 2071 videt.

1930 2098 2300 2166 Quadrantem
2331 2100 2479 2156 follis
2504 2116 2629 2157 esse
2653 2108 2905 2171 quautam
2938 2110 3145 2173 partem
3167 2104 3385 2171 asserit,
3416 2112 3513 2159 aut

1930 2191 2222 2246 minutum.
2258 2190 2455 2248 Postea
2480 2191 2836 2263 quadrantem
2869 2193 2980 2248 duo
3007 2194 3179 2249 λεπτά
3206 2197 3509 2253 continere.

1932 2280 2244 2339 Secundum
2280 2286 2518 2356 priorem
2551 2286 2817 2341 rationem
2869 2285 3150 2356 quadrans
3179 2288 3357 2342 sexies
3388 2286 3512 2341 mil-

1930 2372 2120 2428 lesima
2153 2388 2283 2443 pars
2310 2374 2414 2429 erit
2458 2375 2690 2441 talenti;
2718 2375 3049 2446 posteriori,
3080 2384 3165 2432 ter
3198 2375 3510 2442 millesima,

1930 2464 2057 2534 quia
2075 2464 2272 2518 λεπτὸν
2296 2465 2757 2537 ὲξακισχιλιοστὺν
2778 2467 3043 2521 ταλάντου
3069 2467 3290 2522 dicitur.
3309 2465 3514 2523 Deinde

1930 2556 2078 2628 quod
2105 2558 2211 2613 erit
2233 2557 2477 2630 νόμισμα
2502 2559 2634 2615 illud
2660 2559 2756 2613 tv?
2777 2558 2997 2616 ldemne
3016 2575 3139 2615 cum
3166 2562 3472 2630 quadrante
3489 2561 3515 2615 ἲ

1930 2650 2015 2704 An
2044 2651 2229 2720 potius
2277 2665 2403 2705 cum
2433 2650 2648 2723 λεπτῷῗ
2681 2653 2752 2706 At
2785 2650 3021 2707 subinde
3059 2651 3372 2723 νομίσματα
3408 2652 3523 2705 tria

1931 2741 2292 2812 quadrantem
2324 2757 2450 2797 esse
2469 2740 2680 2797 deﬁnit.
2712 2741 2856 2813 Ergo
2896 2743 3175 2813 quadrans
3199 2754 3328 2798 sunt
3353 2743 3514 2813 νομι-

1933 2850 2115 2904 σματα
2160 2833 2303 2901 tria,
2348 2842 2404 2889 et
2455 2834 2726 2891 nomisma
2768 2848 2961 2890 unum.
3008 2834 3153 2891 Idem
3209 2836 3523 2908 quadrans,

1933 2938 2105 2981 unum
2149 2925 2255 2981 erit
2291 2926 2561 2981 minutum
2588 2966 2603 2991 ,
2641 2933 2696 2982 et
2747 2926 2857 2982 duo
2887 2927 3118 2982 minuta.
3160 2927 3291 2993 Quae
3329 2929 3514 2982 omnia

1933 3017 2196 3072 mendosa
2223 3057 2238 3083 ,
2275 3016 2713 3081 inextricabilia,
2746 3032 2811 3073 ac
2844 3019 3202 3074 tumultuarie
3248 3031 3514 3091 congesta

1933 3116 2099 3173 sunt;
2136 3123 2314 3177 neque
2363 3105 2433 3163 ad
2468 3110 2592 3164 novi
2629 3110 2871 3180 figmenti
2920 3111 3296 3166 testimonium
3330 3113 3517 3166 valere

245 3225 449 3271 noster
479 3216 696 3273 ascivit.
730 3215 887 3284 Quod
924 3197 1063 3273 vero?
1090 3217 1448 3288 quadrantem
1484 3218 1594 3274 duo
1624 3218 1715 3274 illa
1738 3220 1829 3273 λε·-

1935 3205 2186 3269 possunt.
2219 3197 2432 3254 Etenim
2463 3200 2507 3255 si
2541 3216 2638 3270 pro
2678 3217 2779 3265 eo,
2817 3202 2963 3272 quod
2998 3200 3303 3274 Hesychius
3332 3204 3512 3270 docet,

250 3308 364 3362 πιτά
387 3306 608 3364 Marcus
633 3310 900 3375 nominat,
933 3325 1034 3365 cur
1060 3310 1239 3365 unciae
1266 3310 1449 3381 potius
1466 3326 1629 3381 quam
1659 3308 1828 3379 oboli,

260 3394 373 3451 imo
402 3399 564 3453 etiam
602 3399 779 3456 ehalci
809 3400 1170 3472 quadrantem
1207 3401 1577 3457 arbitremur?
1605 3399 1745 3456 Octo
1774 3401 1832 3456 in

262 3486 518 3545 drachma
545 3492 721 3548 chalci
754 3504 914 3561 sunt;
939 3494 1163 3550 totidem
1187 3508 1218 3549 a
1250 3494 1527 3551 nonnullis
1555 3494 1609 3548 in
1639 3493 1834 3548 chalco

258 3582 470 3640 minuta
492 3591 830 3645 statuuntur.
856 3584 990 3646 Tam
1024 3586 1192 3660 igitur
1217 3580 1396 3642 chalci
1425 3580 1556 3650 duo,
1587 3583 1755 3649 oboli,
1782 3591 1836 3640 et

247 3674 429 3731 λεπτά
466 3676 596 3741 duo,
646 3676 825 3733 chalci
864 3679 1224 3750 quadrantem
1255 3675 1480 3741 faciunt,
1518 3691 1683 3748 quam
1732 3691 1835 3731 un-

246 3770 374 3837 ciae,
407 3768 769 3841 quadrantem
796 3770 1005 3828 denarii
1038 3770 1170 3834 duo,
1201 3770 1286 3826 vel
1309 3768 1605 3825 draehtnas.
1646 3758 1836 3840 Itaque

246 3861 479 3919 chalcos
513 3863 600 3919 aio
631 3863 770 3919 duos
802 3878 947 3929 esse,
993 3863 1099 3919 hoc
1133 3874 1219 3919 est
1262 3862 1408 3918 oboli
1449 3861 1830 3932 quadrantem,

245 3944 490 4012 λεπτοὺς
543 3947 666 4003 illos
710 3946 905 4004 viduae.
980 3944 1138 4015 Quod
1184 3956 1238 4001 et
1282 3945 1508 4002 Latinus
1565 3945 1837 4014 interpres

250 4035 502 4109 agnovit,
542 4039 633 4110 qui
670 4034 830 4095 Lucae
868 4055 984 4105 xxt,
1018 4039 1111 4096 ubi
1134 4038 1323 4095 eadem
1357 4034 1588 4092 historia
1632 4051 1827 4091 narra-

249 4137 366 4194 tur,
390 4129 568 4183 λεπτά
596 4131 779 4197 vertit,
808 4147 919 4186 azra
968 4130 1172 4185 minuta
1208 4128 1337 4194 duo,
1375 4144 1574 4199 nempe
1614 4125 1834 4198 χαλκία.

252 4214 418 4273 Unde
449 4224 504 4272 et
543 4219 884 4289 χαλκολόγοι,
914 4229 1302 4275 wruscatores:
1337 4232 1461 4272 nam
1498 4215 1698 4289 χαλκός
1738 4229 1838 4287 pro

252 4303 409 4359 omni
440 4298 853 4361 nummulorum
879 4321 1076 4378 genere
1103 4305 1310 4376 passim
1341 4304 1631 4375 accipitur.

332 4439 444 4498 Sed
467 4442 636 4510 clare,
664 4443 842 4514 inquit
864 4482 880 4507 ,
909 4442 1015 4498 hoc
1054 4441 1396 4514 Epiphanius
1428 4440 1559 4497 dum
1591 4439 1666 4496 ita
1692 4438 1837 4496 scri-

254 4531 375 4588 bit:
407 4532 640 4597 Siclum,
664 4534 758 4604 qui
778 4541 834 4590 et
865 4533 1142 4604 quadrans
1171 4545 1435 4599 vocatur,
1469 4533 1646 4588 unciae
1669 4545 1837 4602 quar-

255 4634 374 4682 tam
401 4640 527 4683 esse
556 4633 767 4695 partem
792 4666 808 4692 ,
843 4626 1068 4682 steteris
1100 4626 1422 4690 semissem,
1453 4640 1519 4681 ac
1545 4625 1839 4681 drachmas

252 4717 549 4775 continere
566 4719 725 4774 duas.
744 4717 912 4783 Duas,
941 4717 1139 4788 inquit,
1164 4718 1456 4773 drachmas
1484 4718 1625 4772 dixit
1648 4723 1844 4773 auctor

254 4812 356 4868 ille
376 4851 397 4876 ,
427 4826 552 4881 qua:
589 4811 681 4867 alii
711 4813 940 4867 minuta.
976 4811 1094 4867 Hoc
1121 4826 1255 4867 vero
1289 4826 1569 4881 nunquam
1603 4810 1844 4882 Epipha-

256 4904 390 4960 nius
418 4901 603 4967 dixit,
644 4902 940 4958 drachmas
973 4901 1112 4958 duas
1164 4901 1412 4972 ejusdem
1461 4914 1586 4958 esse
1623 4900 1841 4973 generis

256 5011 391 5051 cum
425 4993 645 5057 λεπτοῖς
681 4993 793 5049 illis
822 4993 1087 5049 mendicas
1137 4993 1510 5049 mulierculas:
1559 4994 1707 5063 quod
1759 5000 1845 5049 est

262 5088 496 5153 ἄτοπον,
528 5094 583 5141 et
616 5084 941 5141 inauditum.
978 5083 1201 5139 Scimus
1227 5094 1475 5154 quartam
1511 5087 1685 5140 uncia
1712 5099 1844 5154 par-

269 5188 376 5235 tem
399 5179 694 5237 drachmas
719 5192 842 5234 esse
867 5176 1041 5234 duas:
1071 5192 1210 5247 quas
1237 5192 1337 5232 cur
1353 5176 1692 5248 Epiphanius
1717 5191 1843 5232 cum

264 5271 403 5328 eicio
445 5269 769 5334 confundat,
795 5282 1018 5325 causam
1057 5283 1165 5325 suo
1189 5269 1314 5323 loco
1341 5267 1704 5323 reddidimus.
1737 5266 1844 5323 Sed

262 5367 367 5423 llas
414 5365 556 5421 duas
594 5363 886 5420 drachmas
918 5362 1131 5417 minuta
1184 5377 1311 5418 esse
1344 5360 1456 5416 duo
1484 5400 1502 5426 ,
1533 5360 1848 5431 cujusmodi

261 5456 429 5513 vidua
480 5455 537 5511 in
583 5451 1031 5526 gazophylacium
1080 5450 1304 5514 intulit,
1338 5464 1519 5520 neque
1554 5448 1844 5519 probatum
1917 5454 1927 5465 '

259 5547 381 5606 illic
410 5557 517 5613 est,
541 5559 722 5617 neque
748 5542 1222 5615 argumentatione
1251 5542 1364 5597 ulla
1400 5546 1579 5612 potest
1614 5538 1774 5595 eﬁici.

336 5685 409 5739 At
440 5698 569 5740 ecce
611 5687 807 5737 auctor
846 5686 932 5736 est
963 5677 1268 5751 Hesychius
1288 5718 1303 5743 ,
1330 5671 1528 5731 λεπτόν
1565 5690 1689 5732 esse
1722 5672 1847 5741 ἑξα-

261 5772 634 5848 κισχιλιοστδν
673 5771 959 5826 ταλάντου.
993 5767 1135 5841 Ergo
1164 5784 1258 5825 sex
1289 5766 1458 5823 millia
1487 5762 1597 5820 τῶν
1632 5762 1848 5820 λεπτῶν

266 5870 329 5929 in
357 5865 568 5924 talento
602 5862 972 5920 continentur.
1005 5857 1147 5919 Sunt
1181 5865 1364 5916 autem
1394 5856 1448 5914 in
1477 5857 1684 5914 talento
1718 5855 1849 5912 toti~

1932 3289 2129 3345 λεπτόν
2184 3306 2308 3346 esse
2361 3299 2570 3361 partem
2634 3294 2823 3349 talenti
2898 3294 3076 3350 sexies
3142 3294 3512 3361 millesimam,

1936 3378 2060 3438 ideo
2087 3396 2279 3442 verum
2320 3392 2441 3450 est,
2482 3383 2681 3439 λεπτόν
2724 3386 2865 3441 idem
2901 3400 3024 3441 esse
3059 3401 3184 3442 cum
3218 3386 3515 3452 drachma,

1937 3473 2064 3542 quia
2116 3472 2382 3531 talentum
2441 3476 2681 3532 Atticum
2737 3494 2833 3534 sex
2893 3478 3281 3533 drachmarum
3344 3479 3517 3535 millia

1934 3566 2232 3623 continet:
2297 3582 2422 3624 cum
2492 3569 2634 3625 idem
2706 3569 3010 3643 Hesychius
3077 3572 3337 3626 talentum
3387 3571 3520 3628 deﬁ-

1936 3657 2052 3711 niat
2107 3658 2263 3714 libris
2321 3673 2502 3726 cxxv,
2561 3661 2666 3716 hoc
2735 3670 2819 3717 est
2889 3662 3051 3716 minis
3106 3660 3303 3716 Atticis
3370 3677 3514 3729 cxx;

1938 3748 2120 3818 sitque
2179 3748 2406 3821 duplum
2458 3751 2525 3808 ad
2588 3753 2854 3816 Atticum,
2920 3752 3152 3823 ideoque
3228 3753 3517 3808 duodecim

1938 3838 2108 3893 millia
2136 3840 2526 3898 drachmarum
2549 3843 2856 3898 Atticarum
2885 3845 3140 3915 colligat;
3163 3845 3326 3915 quale.
3349 3844 3529 3900 fuisse

1939 3942 2108 3999 supra
2158 3929 2401 3986 diximus
2443 3931 2871 3988 Alexandrinum
2910 3935 3214 4001 talentum;
3262 3940 3362 3990 cur
3408 3949 3518 3989 non

1938 4018 2128 4074 eodem
2159 4018 2285 4090 jure
2306 4021 2691 4080 concludimus
2729 4022 2926 4078 λεπτόν
2952 4038 3076 4080 esse
3113 4024 3517 4087 didrachmum.

1938 4112 2198 4182 quoniam
2238 4125 2335 4167 sex
2371 4112 2820 4168 didrachmorum
2861 4114 3033 4169 millia
3083 4115 3348 4169 talentum
3386 4113 3522 4169 illud

1939 4202 2230 4267 Continet,
2291 4200 2359 4256 de
2418 4214 2524 4271 quo
2578 4200 2886 4274 Hesychius
2946 4201 3226 4273 loquitur?
3269 4202 3522 4268 Quanam

1938 4302 2074 4346 vero
2105 4291 2301 4347 ﬁducia
2338 4290 2391 4346 id
2425 4304 2491 4347 ex
2526 4290 2620 4346 illa
2654 4292 2987 4348 auctoritate
3019 4293 3200 4364 seligit
3224 4335 3238 4360 ,
3281 4292 3429 4361 quod
3462 4292 3519 4348 in

1939 4394 2056 4437 rem
2088 4396 2245 4437 suam
2274 4381 2454 4438 facere
2487 4391 2675 4454 putat:
2716 4383 2771 4439 id
2801 4385 3033 4456 respuit,
3064 4382 3211 4455 quod
3254 4385 3301 4440 ei
3342 4385 3521 4454 potis-

1943 4471 2143 4527 simum
2170 4472 2529 4529 adversetur?
2559 4472 2671 4530 Cur
2697 4476 2844 4530 enim
2876 4475 2945 4532 de
2976 4476 3181 4531 talento
3208 4476 3388 4531 Attico
3414 4475 3523 4531 He-

1869 4581 1914 4637 ι)
1943 4563 2192 4635 sychium
2224 4565 2372 4637 loqui
2405 4566 2590 4637 potius
2628 4566 2879 4635 animiet,
2900 4583 3027 4623 cum
3054 4566 3250 4623 λεπτόν
3283 4569 3359 4623 ait
3395 4565 3524 4635 ἑξα-

1944 4657 2307 4727 κισχιλιοστόν
2357 4672 2481 4714 esse
2516 4658 2821 4728 ταλάντου,
2872 4674 3038 4731 quam
3096 4653 3271 4716 eidem
3320 4658 3526 4716 diserte

1945 4744 2190 4818 loquenti
2215 4749 2546 4820 testantique
2578 4749 2740 4807 ﬁdem
2767 4746 2983 4813 habeat,
3012 4766 3070 4805 se
3097 4750 3360 4806 talentum
3392 4749 3525 4805 illud

1944 4836 2270 4910 intelligere,
2305 4842 2449 4912 quod
2497 4841 2725 4913 duplum
2779 4842 2853 4899 sit
2897 4841 3101 4906 Attici,
3133 4846 3187 4895 et
3233 4838 3523 4896 duodecim

1944 4928 2335 4986 drachmarum
2368 4931 2613 4988 millibus
2658 4933 2914 4988 constet?
2950 4930 3135 4987 Redeo
3162 4932 3329 5003 igitur
3352 4928 3418 4985 ad
3443 4930 3522 4996 id,

1945 5022 2093 5095 quod
2136 5022 2298 5093 paulo
2348 5029 2477 5078 ante
2525 5036 2959 5094 proposueram,
3004 5028 3060 5080 et
3094 5020 3356 5078 talentum
3396 5023 3525 5078 istic

1945 5127 2069 5171 esse
2106 5112 2230 5168 dico
2276 5113 2512 5169 solidum
2547 5126 2810 5180 aureum,
2847 5117 2964 5171 sive
3012 5108 3274 5188 νόμισμα.
3311 5112 3528 5187 Quippe

1946 5206 2292 5263 nomismatis
2327 5223 2427 5261 vox
2461 5207 2766 5263 recentiore
2794 5208 2994 5263 saeculo
3033 5208 3101 5263 ad
3135 5224 3362 5263 aureum
3393 5207 3528 5263 soli-

1947 5298 2077 5355 dum
2102 5300 2423 5370 plerumque
2464 5297 2834 5370 restringitur.
2873 5297 3050 5370 Hujus
3073 5340 3088 5364 ,
3121 5302 3167 5355 si
3195 5299 3336 5353 κατὰ
3363 5298 3525 5372 δηνα-

1948 5390 2146 5464 ρισμϐν
2178 5399 2412 5458 secetur,
2435 5391 2615 5447 sexies
2640 5390 2928 5446 millesima
2950 5406 3078 5462 pars
3102 5394 3187 5448 est
3219 5384 3523 5462 quadrans,

1948 5484 2042 5555 qui
2077 5488 2130 5539 et
2174 5483 2433 5539 denarius
2456 5523 2471 5548 ,
2507 5488 2562 5539 et
2597 5483 2900 5550 minutum,
2947 5489 3002 5538 et
3052 5482 3174 5538 aliis
3212 5479 3527 5553 promiscue

1948 5578 2179 5635 vocibus
2212 5575 2555 5647 exprimitur.
2590 5574 2779 5631 Solent
2810 5575 2957 5630 enim
2982 5615 2997 5640 ,
3032 5582 3091 5629 ut
3125 5581 3285 5628 antea
3321 5570 3529 5645 signiﬁ-

1948 5669 2195 5726 cavimus
2219 5709 2235 5732 ,
2270 5664 2588 5738 permisceri
2622 5665 2874 5729 invicem,
2906 5671 2960 5719 et
2992 5661 3255 5717 confundi
3289 5660 3528 5733 appella-

1950 5762 2130 5818 tiones
2181 5759 2287 5815 illan
2316 5772 2665 5814 nummorum
2695 5755 2923 5825 vilium,
2959 5771 3136 5827 neque
3186 5752 3527 5829 singularum

1952 5851 2263 5926 preprictas
2294 5850 2499 5923 ubique
2536 5846 2821 5905 retinetur.
