  <div class='ocr_page' id='page_1' title='image "/cluster/home/n/w/nwhite01/storage/ocr_20150623/43:no.3/coo.31924054869429/307.png"; bbox 0 0 3920 6416; ppageno 0'>
   <div class='ocr_carea' id='block_1_1' title="bbox 511 411 611 466">
    <p class='ocr_par' dir='ltr' id='par_1_1' title="bbox 511 411 611 466">
     <span class='ocr_line' id='line_1_1' title="bbox 511 411 611 466; baseline 0 -3"><span class='ocrx_word' id='word_1_1' title='bbox 511 411 611 466; x_wconf 64' lang='lat' dir='ltr'><strong>5L3!)</strong></span> 
     </span>
    </p>
   </div>
   <div class='ocr_carea' id='block_1_2' title="bbox 1609 418 3683 485">
    <p class='ocr_par' dir='ltr' id='par_1_2' title="bbox 1609 418 3683 485">
     <span class='ocr_line' id='line_1_2' title="bbox 1609 418 3683 485; baseline 0.005 -12"><span class='ocrx_word' id='word_1_2' title='bbox 1609 418 1954 473; x_wconf 76' lang='lat' dir='ltr'><strong>APPENDIX</strong></span> <span class='ocrx_word' id='word_1_3' title='bbox 1989 418 2540 477; x_wconf 67' lang='lat' dir='ltr'><strong>DlSSEllTATIONU</strong></span> <span class='ocrx_word' id='word_1_4' title='bbox 2550 421 2595 475; x_wconf 79' lang='grc' dir='ltr'><strong>Μ</strong></span> <span class='ocrx_word' id='word_1_5' title='bbox 2604 464 2616 476; x_wconf 94' lang='grc'><strong>.</strong></span> <span class='ocrx_word' id='word_1_6' title='bbox 3596 426 3683 485; x_wconf 74' lang='lat'><strong>600</strong></span> 
     </span>
    </p>
   </div>
   <div class='ocr_carea' id='block_1_3' title="bbox 574 528 2070 602">
    <p class='ocr_par' dir='ltr' id='par_1_3' title="bbox 574 528 2070 601">
     <span class='ocr_line' id='line_1_3' title="bbox 574 528 2070 601; baseline -0.002 -15"><span class='ocrx_word' id='word_1_7' title='bbox 574 532 759 601; x_wconf 72' lang='lat' dir='ltr'><strong>itaque</strong></span> <span class='ocrx_word' id='word_1_8' title='bbox 803 531 1081 600; x_wconf 81' lang='lat' dir='ltr'><strong>quadrans</strong></span> <span class='ocrx_word' id='word_1_9' title='bbox 1122 530 1257 586; x_wconf 90' lang='lat' dir='ltr'><strong>alias</strong></span> <span class='ocrx_word' id='word_1_10' title='bbox 1303 528 1477 583; x_wconf 81' lang='grc' dir='ltr'><strong>λεπτὰ</strong></span> <span class='ocrx_word' id='word_1_11' title='bbox 1532 529 1625 581; x_wconf 83' lang='grc' dir='ltr'><strong>δύο</strong></span> <span class='ocrx_word' id='word_1_12' title='bbox 1673 530 2070 599; x_wconf 74' lang='lat' dir='ltr'><strong>complectitur,</strong></span> 
     </span>
    </p>
   </div>
   <div class='ocr_carea' id='block_1_4' title="bbox 2175 528 3683 602">
    <p class='ocr_par' dir='ltr' id='par_1_4' title="bbox 2180 530 3683 602">
     <span class='ocr_line' id='line_1_4' title="bbox 2180 530 3683 602; baseline 0.003 -18"><span class='ocrx_word' id='word_1_13' title='bbox 2180 530 2294 585; x_wconf 84' lang='lat' dir='ltr'><strong>sive</strong></span> <span class='ocrx_word' id='word_1_14' title='bbox 2347 532 2634 587; x_wconf 88' lang='lat' dir='ltr'><strong>milliarisii</strong></span> <span class='ocrx_word' id='word_1_15' title='bbox 2672 532 3075 602; x_wconf 82' lang='grc' dir='ltr'>ὑποσπώμενοι,</span> <span class='ocrx_word' id='word_1_16' title='bbox 3110 539 3173 587; x_wconf 75' lang='lat' dir='ltr'><strong>et.</strong></span> <span class='ocrx_word' id='word_1_17' title='bbox 3196 531 3683 599; x_wconf 75' lang='grc' dir='ltr'>ὑποκαταϐαίνοντες,</span> 
     </span>
    </p>
   </div>
   <div class='ocr_carea' id='block_1_5' title="bbox 500 622 2074 694">
    <p class='ocr_par' dir='ltr' id='par_1_5' title="bbox 500 622 2074 694">
     <span class='ocr_line' id='line_1_5' title="bbox 500 622 2074 694; baseline -0.001 -15"><span class='ocrx_word' id='word_1_18' title='bbox 500 627 635 680; x_wconf 87' lang='lat' dir='ltr'><strong>alias</strong></span> <span class='ocrx_word' id='word_1_19' title='bbox 667 639 765 694; x_wconf 87' lang='lat' dir='ltr'><strong>pro</strong></span> <span class='ocrx_word' id='word_1_20' title='bbox 813 623 993 693; x_wconf 82' lang='grc' dir='ltr'>λεπτῷ</span> <span class='ocrx_word' id='word_1_21' title='bbox 1044 622 1300 677; x_wconf 91' lang='lat' dir='ltr'><strong>sumitur.</strong></span> <span class='ocrx_word' id='word_1_22' title='bbox 1354 622 1675 691; x_wconf 83' lang='lat' dir='ltr'><strong>Quanquam</strong></span> <span class='ocrx_word' id='word_1_23' title='bbox 1724 622 2074 677; x_wconf 79' lang='lat' dir='ltr'><strong>verisimilius</strong></span> 
     </span>
    </p>
   </div>
   <div class='ocr_carea' id='block_1_6' title="bbox 498 713 2070 785">
    <p class='ocr_par' dir='ltr' id='par_1_6' title="bbox 498 713 2070 785">
     <span class='ocr_line' id='line_1_6' title="bbox 498 713 2070 785; baseline -0.002 -14"><span class='ocrx_word' id='word_1_24' title='bbox 498 724 585 773; x_wconf 81' lang='lat' dir='ltr'><strong>est</strong></span> <span class='ocrx_word' id='word_1_25' title='bbox 608 717 661 768; x_wconf 89' lang='lat' dir='ltr'><strong>in</strong></span> <span class='ocrx_word' id='word_1_26' title='bbox 689 713 871 785; x_wconf 82' lang='lat' dir='ltr'><strong>priore</strong></span> <span class='ocrx_word' id='word_1_27' title='bbox 900 714 1018 766; x_wconf 92' lang='lat' dir='ltr'><strong>loco</strong></span> <span class='ocrx_word' id='word_1_28' title='bbox 1042 713 1391 767; x_wconf 88' lang='lat' dir='ltr'><strong>scribendum</strong></span> <span class='ocrx_word' id='word_1_29' title='bbox 1418 729 1560 777; x_wconf 89' lang='lat' dir='ltr'><strong>esse,</strong></span> <span class='ocrx_word' id='word_1_30' title='bbox 1584 722 1643 765; x_wconf 92' lang='lat' dir='ltr'><strong>ut</strong></span> <span class='ocrx_word' id='word_1_31' title='bbox 1666 713 1717 766; x_wconf 92' lang='lat' dir='ltr'><strong>in</strong></span> <span class='ocrx_word' id='word_1_32' title='bbox 1746 713 2070 781; x_wconf 69' lang='lat' dir='ltr'><strong>posteriore,</strong></span> 
     </span>
    </p>
   </div>
   <div class='ocr_carea' id='block_1_7' title="bbox 496 802 2072 876">
    <p class='ocr_par' dir='ltr' id='par_1_7' title="bbox 496 802 2072 876">
     <span class='ocr_line' id='line_1_7' title="bbox 496 802 2072 876; baseline -0.002 -17"><span class='ocrx_word' id='word_1_33' title='bbox 496 807 529 876; x_wconf 85' lang='grc' dir='ltr'>ἢ</span> <span class='ocrx_word' id='word_1_34' title='bbox 577 806 670 859; x_wconf 74' lang='grc' dir='ltr'><strong>δύο</strong></span> <span class='ocrx_word' id='word_1_35' title='bbox 722 803 923 868; x_wconf 83' lang='grc' dir='ltr'><strong>λεπτά,</strong></span> <span class='ocrx_word' id='word_1_36' title='bbox 979 818 1076 872; x_wconf 92' lang='lat' dir='ltr'><strong>pro</strong></span> <span class='ocrx_word' id='word_1_37' title='bbox 1124 803 1157 873; x_wconf 80' lang='grc' dir='ltr'>ἢ</span> <span class='ocrx_word' id='word_1_38' title='bbox 1192 803 1405 856; x_wconf 82' lang='grc' dir='ltr'><strong>λεπτόν.</strong></span> <span class='ocrx_word' id='word_1_39' title='bbox 1434 802 1566 856; x_wconf 86' lang='lat' dir='ltr'><strong>Nam</strong></span> <span class='ocrx_word' id='word_1_40' title='bbox 1609 804 1673 856; x_wconf 93' lang='lat' dir='ltr'><strong>ad</strong></span> <span class='ocrx_word' id='word_1_41' title='bbox 1708 803 1871 857; x_wconf 81' lang='lat' dir='ltr'><strong>Marci</strong></span> <span class='ocrx_word' id='word_1_42' title='bbox 1909 804 2072 857; x_wconf 84' lang='lat' dir='ltr'><strong>verba</strong></span> 
     </span>
    </p>
   </div>
   <div class='ocr_carea' id='block_1_8' title="bbox 497 891 2075 962">
    <p class='ocr_par' dir='ltr' id='par_1_8' title="bbox 497 891 2075 962">
     <span class='ocr_line' id='line_1_8' title="bbox 497 891 2075 962; baseline 0 -17"><span class='ocrx_word' id='word_1_43' title='bbox 497 893 806 961; x_wconf 78' lang='lat' dir='ltr'><strong>respexisse</strong></span> <span class='ocrx_word' id='word_1_44' title='bbox 858 891 1093 945; x_wconf 80' lang='lat' dir='ltr'><strong>videtur.</strong></span> <span class='ocrx_word' id='word_1_45' title='bbox 1140 892 1360 944; x_wconf 79' lang='lat' dir='ltr'><strong>Actum</strong></span> <span class='ocrx_word' id='word_1_46' title='bbox 1404 892 1548 946; x_wconf 86' lang='lat' dir='ltr'><strong>follis</strong></span> <span class='ocrx_word' id='word_1_47' title='bbox 1599 891 1891 962; x_wconf 86' lang='lat' dir='ltr'><strong>Epiphanii</strong></span> <span class='ocrx_word' id='word_1_48' title='bbox 1937 906 2075 961; x_wconf 64' lang='lat' dir='ltr'><strong>qua.-</strong></span> 
     </span>
    </p>
   </div>
   <div class='ocr_carea' id='block_1_9' title="bbox 498 981 2069 1052">
    <p class='ocr_par' dir='ltr' id='par_1_9' title="bbox 498 981 2069 1052">
     <span class='ocr_line' id='line_1_9' title="bbox 498 981 2069 1052; baseline 0.001 -17"><span class='ocrx_word' id='word_1_49' title='bbox 498 982 666 1035; x_wconf 86' lang='lat' dir='ltr'><strong>drans</strong></span> <span class='ocrx_word' id='word_1_50' title='bbox 692 982 798 1036; x_wconf 87' lang='lat' dir='ltr'><strong>erit</strong></span> <span class='ocrx_word' id='word_1_51' title='bbox 830 981 1124 1052; x_wconf 86' lang='lat' dir='ltr'><strong>Hcsychii:</strong></span> <span class='ocrx_word' id='word_1_52' title='bbox 1158 983 1286 1036; x_wconf 89' lang='lat' dir='ltr'><strong>licet</strong></span> <span class='ocrx_word' id='word_1_53' title='bbox 1314 983 1480 1049; x_wconf 89' lang='lat' dir='ltr'><strong>hujus</strong></span> <span class='ocrx_word' id='word_1_54' title='bbox 1505 983 1672 1045; x_wconf 87' lang='lat' dir='ltr'><strong>follis,</strong></span> <span class='ocrx_word' id='word_1_55' title='bbox 1704 999 1868 1052; x_wconf 88' lang='lat' dir='ltr'><strong>quam</strong></span> <span class='ocrx_word' id='word_1_56' title='bbox 1902 984 2069 1048; x_wconf 87' lang='lat' dir='ltr'><strong>illius,</strong></span> 
     </span>
    </p>
   </div>
   <div class='ocr_carea' id='block_1_10' title="bbox 496 1076 2072 1147">
    <p class='ocr_par' dir='ltr' id='par_1_10' title="bbox 496 1076 2072 1147">
     <span class='ocr_line' id='line_1_10' title="bbox 496 1076 2072 1147; baseline -0.001 -15"><span class='ocrx_word' id='word_1_57' title='bbox 496 1079 569 1132; x_wconf 75' lang='lat' dir='ltr'><strong>sit</strong></span> <span class='ocrx_word' id='word_1_58' title='bbox 606 1078 809 1144; x_wconf 81' lang='lat' dir='ltr'><strong>major:</strong></span> <span class='ocrx_word' id='word_1_59' title='bbox 843 1078 969 1146; x_wconf 89' lang='lat' dir='ltr'><strong>quia</strong></span> <span class='ocrx_word' id='word_1_60' title='bbox 998 1076 1144 1131; x_wconf 87' lang='lat' dir='ltr'><strong>follis</strong></span> <span class='ocrx_word' id='word_1_61' title='bbox 1188 1078 1331 1146; x_wconf 89' lang='lat' dir='ltr'><strong>apud</strong></span> <span class='ocrx_word' id='word_1_62' title='bbox 1372 1076 1702 1147; x_wconf 82' lang='lat' dir='ltr'><strong>Hesychium</strong></span> <span class='ocrx_word' id='word_1_63' title='bbox 1735 1076 2072 1130; x_wconf 62' lang='lat' dir='ltr'><strong>lem-deon-</strong></span> 
     </span>
    </p>
   </div>
   <div class='ocr_carea' id='block_1_11' title="bbox 495 1167 2071 1231">
    <p class='ocr_par' dir='ltr' id='par_1_11' title="bbox 495 1167 2071 1231">
     <span class='ocr_line' id='line_1_11' title="bbox 495 1167 2071 1231; baseline 0.001 -11"><span class='ocrx_word' id='word_1_64' title='bbox 495 1167 693 1222; x_wconf 82' lang='lat' dir='ltr'><strong>tinchit</strong></span> <span class='ocrx_word' id='word_1_65' title='bbox 722 1177 845 1222; x_wconf 90' lang='lat' dir='ltr'><strong>octo</strong></span> <span class='ocrx_word' id='word_1_66' title='bbox 868 1208 880 1231; x_wconf 93' lang='lat'><strong>,</strong></span> <span class='ocrx_word' id='word_1_67' title='bbox 929 1177 982 1222; x_wconf 90' lang='lat' dir='ltr'><strong>et</strong></span> <span class='ocrx_word' id='word_1_68' title='bbox 1013 1169 1154 1221; x_wconf 85' lang='lat' dir='ltr'><strong>idem</strong></span> <span class='ocrx_word' id='word_1_69' title='bbox 1189 1171 1295 1223; x_wconf 89' lang='lat' dir='ltr'><strong>erit</strong></span> <span class='ocrx_word' id='word_1_70' title='bbox 1325 1168 1560 1223; x_wconf 78' lang='lat' dir='ltr'><strong>fortasse</strong></span> <span class='ocrx_word' id='word_1_71' title='bbox 1586 1183 1709 1223; x_wconf 91' lang='lat' dir='ltr'><strong>cum</strong></span> <span class='ocrx_word' id='word_1_72' title='bbox 1752 1169 1933 1223; x_wconf 89' lang='lat' dir='ltr'><strong>obolo.</strong></span> <span class='ocrx_word' id='word_1_73' title='bbox 1965 1167 2071 1221; x_wconf 84' lang='lat' dir='ltr'><strong>Ve-</strong></span> 
     </span>
    </p>
   </div>
   <div class='ocr_carea' id='block_1_12' title="bbox 494 1259 2068 1329">
    <p class='ocr_par' dir='ltr' id='par_1_12' title="bbox 494 1259 2068 1329">
     <span class='ocr_line' id='line_1_12' title="bbox 494 1259 2068 1329; baseline 0.001 -17"><span class='ocrx_word' id='word_1_74' title='bbox 494 1276 614 1312; x_wconf 74' lang='lat' dir='ltr'><strong>ruan</strong></span> <span class='ocrx_word' id='word_1_75' title='bbox 666 1260 971 1329; x_wconf 84' lang='lat' dir='ltr'><strong>cujusmodi</strong></span> <span class='ocrx_word' id='word_1_76' title='bbox 1024 1260 1135 1314; x_wconf 83' lang='lat' dir='ltr'><strong>sint</strong></span> <span class='ocrx_word' id='word_1_77' title='bbox 1184 1260 1474 1329; x_wconf 80' lang='lat' dir='ltr'><strong>utrobique</strong></span> <span class='ocrx_word' id='word_1_78' title='bbox 1525 1259 1701 1323; x_wconf 84' lang='lat' dir='ltr'><strong>folles,</strong></span> <span class='ocrx_word' id='word_1_79' title='bbox 1738 1268 1830 1312; x_wconf 86' lang='lat' dir='ltr'><strong>aut</strong></span> <span class='ocrx_word' id='word_1_80' title='bbox 1878 1260 2068 1326; x_wconf 77' lang='grc' dir='ltr'><strong>λεπτά,</strong></span> 
     </span>
    </p>
   </div>
   <div class='ocr_carea' id='block_1_13' title="bbox 494 1348 2072 1419">
    <p class='ocr_par' dir='ltr' id='par_1_13' title="bbox 494 1348 2072 1419">
     <span class='ocr_line' id='line_1_13' title="bbox 494 1348 2072 1419; baseline 0 -18"><span class='ocrx_word' id='word_1_81' title='bbox 494 1357 605 1401; x_wconf 87' lang='lat' dir='ltr'><strong>tam</strong></span> <span class='ocrx_word' id='word_1_82' title='bbox 638 1348 856 1403; x_wconf 78' lang='lat' dir='ltr'><strong>dillicilc</strong></span> <span class='ocrx_word' id='word_1_83' title='bbox 892 1356 977 1403; x_wconf 88' lang='lat' dir='ltr'><strong>est</strong></span> <span class='ocrx_word' id='word_1_84' title='bbox 1009 1350 1261 1419; x_wconf 90' lang='lat' dir='ltr'><strong>assequi,</strong></span> <span class='ocrx_word' id='word_1_85' title='bbox 1295 1365 1457 1419; x_wconf 88' lang='lat' dir='ltr'><strong>quam</strong></span> <span class='ocrx_word' id='word_1_86' title='bbox 1489 1348 1681 1403; x_wconf 90' lang='lat' dir='ltr'><strong>inutile</strong></span> <span class='ocrx_word' id='word_1_87' title='bbox 1721 1349 1863 1403; x_wconf 91' lang='lat' dir='ltr'><strong>scire</strong></span> <span class='ocrx_word' id='word_1_88' title='bbox 1892 1390 1904 1414; x_wconf 90' lang='lat'><strong>,</strong></span> <span class='ocrx_word' id='word_1_89' title='bbox 1945 1364 2072 1419; x_wconf 91' lang='lat' dir='ltr'><strong>pro-</strong></span> 
     </span>
    </p>
   </div>
   <div class='ocr_carea' id='block_1_14' title="bbox 496 1438 2070 1496">
    <p class='ocr_par' dir='ltr' id='par_1_14' title="bbox 496 1438 2070 1496">
     <span class='ocr_line' id='line_1_14' title="bbox 496 1438 2070 1496; baseline 0.001 -4"><span class='ocrx_word' id='word_1_90' title='bbox 496 1440 750 1493; x_wconf 82' lang='lat' dir='ltr'><strong>nuntiare</strong></span> <span class='ocrx_word' id='word_1_91' title='bbox 777 1454 906 1493; x_wconf 88' lang='lat' dir='ltr'><strong>vero</strong></span> <span class='ocrx_word' id='word_1_92' title='bbox 932 1440 1284 1494; x_wconf 89' lang='lat' dir='ltr'><strong>temerarium</strong></span> <span class='ocrx_word' id='word_1_93' title='bbox 1330 1455 1393 1494; x_wconf 89' lang='lat' dir='ltr'><strong>ac</strong></span> <span class='ocrx_word' id='word_1_94' title='bbox 1417 1439 1731 1496; x_wconf 88' lang='lat' dir='ltr'><strong>ridiculum.</strong></span> <span class='ocrx_word' id='word_1_95' title='bbox 1758 1438 1864 1493; x_wconf 96' lang='lat' dir='ltr'><strong>Sed</strong></span> <span class='ocrx_word' id='word_1_96' title='bbox 1897 1440 2070 1493; x_wconf 88' lang='lat' dir='ltr'><strong>talen-</strong></span> 
     </span>
    </p>
   </div>
   <div class='ocr_carea' id='block_1_15' title="bbox 493 1529 2070 1602">
    <p class='ocr_par' dir='ltr' id='par_1_15' title="bbox 493 1529 2070 1602">
     <span class='ocr_line' id='line_1_15' title="bbox 493 1529 2070 1602; baseline 0.001 -20"><span class='ocrx_word' id='word_1_97' title='bbox 493 1537 609 1583; x_wconf 88' lang='lat' dir='ltr'><strong>tum</strong></span> <span class='ocrx_word' id='word_1_98' title='bbox 645 1530 786 1599; x_wconf 91' lang='lat' dir='ltr'><strong>apud</strong></span> <span class='ocrx_word' id='word_1_99' title='bbox 814 1529 1144 1602; x_wconf 80' lang='lat' dir='ltr'><strong>llesychium</strong></span> <span class='ocrx_word' id='word_1_100' title='bbox 1171 1547 1294 1586; x_wconf 91' lang='lat' dir='ltr'><strong>esse</strong></span> <span class='ocrx_word' id='word_1_101' title='bbox 1333 1531 1568 1586; x_wconf 90' lang='lat' dir='ltr'><strong>solidum</strong></span> <span class='ocrx_word' id='word_1_102' title='bbox 1601 1546 1710 1584; x_wconf 89' lang='lat' dir='ltr'><strong>non</strong></span> <span class='ocrx_word' id='word_1_103' title='bbox 1741 1531 1916 1585; x_wconf 90' lang='lat' dir='ltr'><strong>solum</strong></span> <span class='ocrx_word' id='word_1_104' title='bbox 1948 1530 2070 1583; x_wconf 89' lang='lat' dir='ltr'><strong>ideo</strong></span> 
     </span>
    </p>
   </div>
   <div class='ocr_carea' id='block_1_16' title="bbox 494 1621 2066 1693">
    <p class='ocr_par' dir='ltr' id='par_1_16' title="bbox 494 1621 2066 1693">
     <span class='ocr_line' id='line_1_16' title="bbox 494 1621 2066 1693; baseline -0.001 -18"><span class='ocrx_word' id='word_1_105' title='bbox 494 1623 777 1691; x_wconf 77' lang='lat' dir='ltr'><strong>probabile</strong></span> <span class='ocrx_word' id='word_1_106' title='bbox 824 1632 907 1679; x_wconf 91' lang='lat' dir='ltr'><strong>est</strong></span> <span class='ocrx_word' id='word_1_107' title='bbox 931 1665 945 1689; x_wconf 91' lang='lat'><strong>,</strong></span> <span class='ocrx_word' id='word_1_108' title='bbox 979 1624 1107 1691; x_wconf 90' lang='lat' dir='ltr'><strong>quia</strong></span> <span class='ocrx_word' id='word_1_109' title='bbox 1159 1622 1393 1691; x_wconf 89' lang='lat' dir='ltr'><strong>idipsum</strong></span> <span class='ocrx_word' id='word_1_110' title='bbox 1428 1623 1503 1675; x_wconf 86' lang='lat' dir='ltr'><strong>ait</strong></span> <span class='ocrx_word' id='word_1_111' title='bbox 1542 1637 1665 1676; x_wconf 91' lang='lat' dir='ltr'><strong>esse</strong></span> <span class='ocrx_word' id='word_1_112' title='bbox 1704 1622 1942 1693; x_wconf 76' lang='grc' dir='ltr'><strong>νόμισμα</strong></span> <span class='ocrx_word' id='word_1_113' title='bbox 1972 1621 2066 1684; x_wconf 75' lang='grc' dir='ltr'><strong>ἓν,</strong></span> 
     </span>
    </p>
   </div>
   <div class='ocr_carea' id='block_1_17' title="bbox 496 1712 2068 1784">
    <p class='ocr_par' dir='ltr' id='par_1_17' title="bbox 496 1712 2068 1784">
     <span class='ocr_line' id='line_1_17' title="bbox 496 1712 2068 1784; baseline 0 -18"><span class='ocrx_word' id='word_1_114' title='bbox 496 1728 681 1767; x_wconf 87' lang='lat' dir='ltr'><strong>verum</strong></span> <span class='ocrx_word' id='word_1_115' title='bbox 715 1714 902 1781; x_wconf 88' lang='lat' dir='ltr'><strong>etiam,</strong></span> <span class='ocrx_word' id='word_1_116' title='bbox 933 1715 1079 1784; x_wconf 90' lang='lat' dir='ltr'><strong>quod</strong></span> <span class='ocrx_word' id='word_1_117' title='bbox 1109 1730 1171 1769; x_wconf 82' lang='lat' dir='ltr'><strong>ex</strong></span> <span class='ocrx_word' id='word_1_118' title='bbox 1205 1712 1536 1769; x_wconf 86' lang='lat' dir='ltr'><strong>Cassiodoro</strong></span> <span class='ocrx_word' id='word_1_119' title='bbox 1566 1714 1707 1769; x_wconf 90' lang='lat' dir='ltr'><strong>idem</strong></span> <span class='ocrx_word' id='word_1_120' title='bbox 1740 1723 1920 1784; x_wconf 83' lang='lat' dir='ltr'><strong>potest</strong></span> <span class='ocrx_word' id='word_1_121' title='bbox 1951 1713 2068 1768; x_wconf 91' lang='lat' dir='ltr'><strong>col-</strong></span> 
     </span>
    </p>
   </div>
   <div class='ocr_carea' id='block_1_18' title="bbox 496 1802 2069 1875">
    <p class='ocr_par' dir='ltr' id='par_1_18' title="bbox 496 1802 2069 1875">
     <span class='ocr_line' id='line_1_18' title="bbox 496 1802 2069 1875; baseline 0.001 -19"><span class='ocrx_word' id='word_1_122' title='bbox 496 1804 607 1874; x_wconf 80' lang='lat' dir='ltr'><strong>ligi.</strong></span> <span class='ocrx_word' id='word_1_123' title='bbox 632 1802 804 1873; x_wconf 82' lang='lat' dir='ltr'><strong>Cujus</strong></span> <span class='ocrx_word' id='word_1_124' title='bbox 828 1803 881 1857; x_wconf 91' lang='lat' dir='ltr'><strong>in</strong></span> <span class='ocrx_word' id='word_1_125' title='bbox 908 1804 1001 1859; x_wconf 88' lang='lat' dir='ltr'><strong>lib.</strong></span> <span class='ocrx_word' id='word_1_126' title='bbox 1047 1820 1085 1871; x_wconf 79' lang='grc' dir='ltr'><strong>ι,</strong></span> <span class='ocrx_word' id='word_1_127' title='bbox 1121 1805 1281 1875; x_wconf 86' lang='lat' dir='ltr'><strong>epist.</strong></span> <span class='ocrx_word' id='word_1_128' title='bbox 1321 1804 1407 1868; x_wconf 81' lang='grc'><strong>10,</strong></span> <span class='ocrx_word' id='word_1_129' title='bbox 1442 1805 1554 1858; x_wconf 61' lang='lat' dir='ltr'><strong>haec</strong></span> <span class='ocrx_word' id='word_1_130' title='bbox 1582 1804 1748 1858; x_wconf 87' lang='lat' dir='ltr'><strong>verba</strong></span> <span class='ocrx_word' id='word_1_131' title='bbox 1775 1812 1935 1859; x_wconf 88' lang='lat' dir='ltr'><strong>sunt:</strong></span> <span class='ocrx_word' id='word_1_132' title='bbox 1963 1802 2069 1858; x_wconf 79' lang='lat' dir='ltr'><strong>Sea:</strong></span> 
     </span>
    </p>
   </div>
   <div class='ocr_carea' id='block_1_19' title="bbox 495 1893 2072 1951">
    <p class='ocr_par' dir='ltr' id='par_1_19' title="bbox 495 1893 2072 1951">
     <span class='ocr_line' id='line_1_19' title="bbox 495 1893 2072 1951; baseline 0.001 -4"><span class='ocrx_word' id='word_1_133' title='bbox 495 1895 669 1948; x_wconf 79' lang='lat' dir='ltr'><strong>millia</strong></span> <span class='ocrx_word' id='word_1_134' title='bbox 708 1898 1050 1949; x_wconf 80' lang='lat' dir='ltr'><strong>denariorum</strong></span> <span class='ocrx_word' id='word_1_135' title='bbox 1082 1896 1313 1950; x_wconf 80' lang='lat' dir='ltr'><strong>solidum</strong></span> <span class='ocrx_word' id='word_1_136' title='bbox 1342 1912 1452 1950; x_wconf 79' lang='lat' dir='ltr'><strong>esse</strong></span> <span class='ocrx_word' id='word_1_137' title='bbox 1487 1895 1782 1950; x_wconf 80' lang='lat' dir='ltr'><strong>voluerunt.</strong></span> <span class='ocrx_word' id='word_1_138' title='bbox 1818 1894 1921 1951; x_wconf 89' lang='lat' dir='ltr'><strong>Ubi</strong></span> <span class='ocrx_word' id='word_1_139' title='bbox 1963 1893 2072 1949; x_wconf 83' lang='lat' dir='ltr'><strong>llo-</strong></span> 
     </span>
    </p>
   </div>
   <div class='ocr_carea' id='block_1_20' title="bbox 497 1986 2072 2057">
    <p class='ocr_par' dir='ltr' id='par_1_20' title="bbox 497 1986 2072 2057">
     <span class='ocr_line' id='line_1_20' title="bbox 497 1986 2072 2057; baseline 0.001 -18"><span class='ocrx_word' id='word_1_140' title='bbox 497 1995 787 2053; x_wconf 83' lang='lat' dir='ltr'><strong>tomannus</strong></span> <span class='ocrx_word' id='word_1_141' title='bbox 818 1986 1041 2051; x_wconf 75' lang='lat' dir='ltr'><strong>frustra,</strong></span> <span class='ocrx_word' id='word_1_142' title='bbox 1073 2002 1163 2041; x_wconf 75' lang='lat' dir='ltr'><strong>sea:</strong></span> <span class='ocrx_word' id='word_1_143' title='bbox 1192 1987 1638 2052; x_wconf 78' lang='lat' dir='ltr'><strong>milliarisiorum,</strong></span> <span class='ocrx_word' id='word_1_144' title='bbox 1669 2001 1768 2057; x_wconf 92' lang='lat' dir='ltr'><strong>pro</strong></span> <span class='ocrx_word' id='word_1_145' title='bbox 1794 1986 1960 2041; x_wconf 78' lang='lat' dir='ltr'><strong>millia</strong></span> <span class='ocrx_word' id='word_1_146' title='bbox 1982 1986 2072 2040; x_wconf 84' lang='lat' dir='ltr'><strong>de-</strong></span> 
     </span>
    </p>
   </div>
   <div class='ocr_carea' id='block_1_21' title="bbox 494 2077 2072 2146">
    <p class='ocr_par' dir='ltr' id='par_1_21' title="bbox 494 2077 2072 2146">
     <span class='ocr_line' id='line_1_21' title="bbox 494 2077 2072 2146; baseline 0.001 -17"><span class='ocrx_word' id='word_1_147' title='bbox 494 2078 793 2140; x_wconf 82' lang='lat' dir='ltr'><strong>nariorum,</strong></span> <span class='ocrx_word' id='word_1_148' title='bbox 829 2077 1112 2146; x_wconf 86' lang='lat' dir='ltr'><strong>legendum</strong></span> <span class='ocrx_word' id='word_1_149' title='bbox 1137 2077 1390 2146; x_wconf 91' lang='lat' dir='ltr'><strong>conjicit;</strong></span> <span class='ocrx_word' id='word_1_150' title='bbox 1425 2092 1548 2130; x_wconf 93' lang='lat' dir='ltr'><strong>nam</strong></span> <span class='ocrx_word' id='word_1_151' title='bbox 1580 2077 1852 2132; x_wconf 79' lang='lat' dir='ltr'><strong>duodenis</strong></span> <span class='ocrx_word' id='word_1_152' title='bbox 1880 2077 2072 2131; x_wconf 83' lang='lat' dir='ltr'><strong>millia-</strong></span> 
     </span>
    </p>
   </div>
   <div class='ocr_carea' id='block_1_22' title="bbox 497 2164 2069 2236">
    <p class='ocr_par' dir='ltr' id='par_1_22' title="bbox 497 2164 2069 2236">
     <span class='ocr_line' id='line_1_22' title="bbox 497 2164 2069 2236; baseline 0.003 -21"><span class='ocrx_word' id='word_1_153' title='bbox 497 2164 665 2229; x_wconf 80' lang='lat' dir='ltr'><strong>risiis,</strong></span> <span class='ocrx_word' id='word_1_154' title='bbox 690 2181 798 2220; x_wconf 91' lang='lat' dir='ltr'><strong>non</strong></span> <span class='ocrx_word' id='word_1_155' title='bbox 831 2182 946 2232; x_wconf 76' lang='lat' dir='ltr'><strong>sex,</strong></span> <span class='ocrx_word' id='word_1_156' title='bbox 976 2167 1138 2236; x_wconf 89' lang='lat' dir='ltr'><strong>vulgo</strong></span> <span class='ocrx_word' id='word_1_157' title='bbox 1161 2166 1374 2221; x_wconf 92' lang='lat' dir='ltr'><strong>solidus</strong></span> <span class='ocrx_word' id='word_1_158' title='bbox 1401 2166 1727 2221; x_wconf 71' lang='lat' dir='ltr'><strong>aestimatur.</strong></span> <span class='ocrx_word' id='word_1_159' title='bbox 1763 2167 2069 2221; x_wconf 84' lang='lat' dir='ltr'><strong>Retinenda</strong></span> 
     </span>
    </p>
   </div>
   <div class='ocr_carea' id='block_1_23' title="bbox 495 2257 2072 2328">
    <p class='ocr_par' dir='ltr' id='par_1_23' title="bbox 495 2257 2072 2328">
     <span class='ocr_line' id='line_1_23' title="bbox 495 2257 2072 2328; baseline 0.001 -18"><span class='ocrx_word' id='word_1_160' title='bbox 495 2257 727 2327; x_wconf 90' lang='lat' dir='ltr'><strong>proinde</strong></span> <span class='ocrx_word' id='word_1_161' title='bbox 770 2259 984 2328; x_wconf 78' lang='lat' dir='ltr'><strong>vulgata</strong></span> <span class='ocrx_word' id='word_1_162' title='bbox 1013 2258 1195 2313; x_wconf 88' lang='lat' dir='ltr'><strong>lectio.</strong></span> <span class='ocrx_word' id='word_1_163' title='bbox 1228 2257 1306 2311; x_wconf 78' lang='lat' dir='ltr'><strong>Ex</strong></span> <span class='ocrx_word' id='word_1_164' title='bbox 1344 2273 1449 2328; x_wconf 86' lang='lat' dir='ltr'><strong>qua</strong></span> <span class='ocrx_word' id='word_1_165' title='bbox 1486 2274 1583 2312; x_wconf 80' lang='lat' dir='ltr'><strong>sex</strong></span> <span class='ocrx_word' id='word_1_166' title='bbox 1617 2258 1785 2311; x_wconf 82' lang='lat' dir='ltr'><strong>millia</strong></span> <span class='ocrx_word' id='word_1_167' title='bbox 1817 2257 2072 2312; x_wconf 90' lang='lat' dir='ltr'><strong>denario-</strong></span> 
     </span>
    </p>
   </div>
   <div class='ocr_carea' id='block_1_24' title="bbox 495 2346 2071 2420">
    <p class='ocr_par' dir='ltr' id='par_1_24' title="bbox 495 2346 2071 2420">
     <span class='ocr_line' id='line_1_24' title="bbox 495 2346 2071 2420; baseline 0 -18"><span class='ocrx_word' id='word_1_168' title='bbox 495 2348 671 2402; x_wconf 90' lang='lat' dir='ltr'><strong>lorum</strong></span> <span class='ocrx_word' id='word_1_169' title='bbox 711 2350 766 2403; x_wconf 93' lang='lat' dir='ltr'><strong>in</strong></span> <span class='ocrx_word' id='word_1_170' title='bbox 795 2351 1030 2404; x_wconf 88' lang='lat' dir='ltr'><strong>solidum</strong></span> <span class='ocrx_word' id='word_1_171' title='bbox 1068 2351 1336 2420; x_wconf 88' lang='lat' dir='ltr'><strong>imputata</strong></span> <span class='ocrx_word' id='word_1_172' title='bbox 1366 2349 1661 2411; x_wconf 90' lang='lat' dir='ltr'><strong>discimus,</strong></span> <span class='ocrx_word' id='word_1_173' title='bbox 1700 2363 1821 2417; x_wconf 72' lang='lat' dir='ltr'><strong>quae</strong></span> <span class='ocrx_word' id='word_1_174' title='bbox 1866 2350 1934 2401; x_wconf 92' lang='lat' dir='ltr'><strong>ab</strong></span> <span class='ocrx_word' id='word_1_175' title='bbox 1965 2346 2071 2402; x_wconf 89' lang='lat' dir='ltr'><strong>lle-</strong></span> 
     </span>
    </p>
   </div>
   <div class='ocr_carea' id='block_1_25' title="bbox 493 2440 2073 2511">
    <p class='ocr_par' dir='ltr' id='par_1_25' title="bbox 493 2440 2073 2511">
     <span class='ocr_line' id='line_1_25' title="bbox 493 2440 2073 2511; baseline -0.001 -16"><span class='ocrx_word' id='word_1_176' title='bbox 493 2441 684 2511; x_wconf 82' lang='lat' dir='ltr'><strong>sychio</strong></span> <span class='ocrx_word' id='word_1_177' title='bbox 712 2441 891 2494; x_wconf 81' lang='grc' dir='ltr'><strong>λεπτά.</strong></span> <span class='ocrx_word' id='word_1_178' title='bbox 919 2450 1202 2497; x_wconf 88' lang='lat' dir='ltr'><strong>vocantur.</strong></span> <span class='ocrx_word' id='word_1_179' title='bbox 1240 2440 1355 2495; x_wconf 86' lang='lat' dir='ltr'><strong>Hoc</strong></span> <span class='ocrx_word' id='word_1_180' title='bbox 1390 2441 1548 2495; x_wconf 90' lang='lat' dir='ltr'><strong>modo</strong></span> <span class='ocrx_word' id='word_1_181' title='bbox 1584 2440 1629 2495; x_wconf 87' lang='lat' dir='ltr'><strong>si</strong></span> <span class='ocrx_word' id='word_1_182' title='bbox 1669 2440 1954 2494; x_wconf 85' lang='lat' dir='ltr'><strong>duodecim</strong></span> <span class='ocrx_word' id='word_1_183' title='bbox 1984 2455 2073 2494; x_wconf 88' lang='lat' dir='ltr'><strong>so-</strong></span> 
     </span>
    </p>
   </div>
   <div class='ocr_carea' id='block_1_26' title="bbox 494 2531 2071 2601">
    <p class='ocr_par' dir='ltr' id='par_1_26' title="bbox 494 2531 2071 2601">
     <span class='ocr_line' id='line_1_26' title="bbox 494 2531 2071 2601; baseline 0 -17"><span class='ocrx_word' id='word_1_184' title='bbox 494 2531 605 2586; x_wconf 91' lang='lat' dir='ltr'><strong>lido</strong></span> <span class='ocrx_word' id='word_1_185' title='bbox 648 2533 1013 2588; x_wconf 89' lang='lat' dir='ltr'><strong>milliarenses</strong></span> <span class='ocrx_word' id='word_1_186' title='bbox 1064 2533 1467 2596; x_wconf 85' lang='lat' dir='ltr'><strong>attribuantur,</strong></span> <span class='ocrx_word' id='word_1_187' title='bbox 1527 2532 1728 2601; x_wconf 84' lang='lat' dir='ltr'><strong>singuli</strong></span> <span class='ocrx_word' id='word_1_188' title='bbox 1775 2532 2071 2601; x_wconf 84' lang='lat' dir='ltr'><strong>quingenta</strong></span> 
     </span>
    </p>
   </div>
   <div class='ocr_carea' id='block_1_27' title="bbox 497 2624 2070 2694">
    <p class='ocr_par' dir='ltr' id='par_1_27' title="bbox 497 2624 2070 2694">
     <span class='ocr_line' id='line_1_27' title="bbox 497 2624 2070 2694; baseline 0.001 -19"><span class='ocrx_word' id='word_1_189' title='bbox 497 2624 744 2688; x_wconf 88' lang='lat' dir='ltr'><strong>minuta,</strong></span> <span class='ocrx_word' id='word_1_190' title='bbox 792 2626 877 2679; x_wconf 83' lang='lat' dir='ltr'><strong>vel</strong></span> <span class='ocrx_word' id='word_1_191' title='bbox 931 2624 1165 2694; x_wconf 84' lang='grc' dir='ltr'><strong>δηνάρια.</strong></span> <span class='ocrx_word' id='word_1_192' title='bbox 1208 2625 1486 2694; x_wconf 86' lang='lat' dir='ltr'><strong>colligent.</strong></span> <span class='ocrx_word' id='word_1_193' title='bbox 1535 2624 1691 2689; x_wconf 85' lang='lat' dir='ltr'><strong>Quod</strong></span> <span class='ocrx_word' id='word_1_194' title='bbox 1733 2638 1831 2677; x_wconf 90' lang='lat' dir='ltr'><strong>cur</strong></span> <span class='ocrx_word' id='word_1_195' title='bbox 1871 2624 2070 2677; x_wconf 88' lang='lat' dir='ltr'><strong>mirum</strong></span> 
     </span>
    </p>
   </div>
   <div class='ocr_carea' id='block_1_28' title="bbox 496 2712 2070 2778">
    <p class='ocr_par' dir='ltr' id='par_1_28' title="bbox 496 2712 2070 2778">
     <span class='ocr_line' id='line_1_28' title="bbox 496 2712 2070 2778; baseline 0 -11"><span class='ocrx_word' id='word_1_196' title='bbox 496 2712 840 2769; x_wconf 78' lang='lat' dir='ltr'><strong>Hotomanno</strong></span> <span class='ocrx_word' id='word_1_197' title='bbox 867 2715 1163 2778; x_wconf 82' lang='lat' dir='ltr'><strong>videretur,</strong></span> <span class='ocrx_word' id='word_1_198' title='bbox 1213 2730 1395 2769; x_wconf 82' lang='lat' dir='ltr'><strong>causae</strong></span> <span class='ocrx_word' id='word_1_199' title='bbox 1451 2715 1585 2768; x_wconf 87' lang='lat' dir='ltr'><strong>nihil</strong></span> <span class='ocrx_word' id='word_1_200' title='bbox 1617 2723 1734 2768; x_wconf 85' lang='lat' dir='ltr'><strong>erat</strong></span> <span class='ocrx_word' id='word_1_201' title='bbox 1780 2732 1793 2767; x_wconf 88' lang='lat'><strong>:</strong></span> <span class='ocrx_word' id='word_1_202' title='bbox 1851 2730 1973 2769; x_wconf 90' lang='lat' dir='ltr'><strong>cum</strong></span> <span class='ocrx_word' id='word_1_203' title='bbox 2017 2715 2070 2767; x_wconf 91' lang='lat' dir='ltr'><strong>in</strong></span> 
     </span>
    </p>
   </div>
   <div class='ocr_carea' id='block_1_29' title="bbox 495 2805 2074 2877">
    <p class='ocr_par' dir='ltr' id='par_1_29' title="bbox 495 2805 2074 2877">
     <span class='ocr_line' id='line_1_29' title="bbox 495 2805 2074 2877; baseline 0 -17"><span class='ocrx_word' id='word_1_204' title='bbox 495 2813 796 2861; x_wconf 88' lang='lat' dir='ltr'><strong>nostratem</strong></span> <span class='ocrx_word' id='word_1_205' title='bbox 840 2822 1065 2861; x_wconf 90' lang='lat' dir='ltr'><strong>aureum</strong></span> <span class='ocrx_word' id='word_1_206' title='bbox 1085 2848 1098 2870; x_wconf 88' lang='lat'><strong>,</strong></span> <span class='ocrx_word' id='word_1_207' title='bbox 1129 2808 1222 2876; x_wconf 82' lang='lat' dir='ltr'><strong>qui</strong></span> <span class='ocrx_word' id='word_1_208' title='bbox 1252 2805 1499 2860; x_wconf 82' lang='lat' dir='ltr'><strong>Romano</strong></span> <span class='ocrx_word' id='word_1_209' title='bbox 1528 2807 1696 2877; x_wconf 85' lang='lat' dir='ltr'><strong>doplo</strong></span> <span class='ocrx_word' id='word_1_210' title='bbox 1730 2806 1843 2861; x_wconf 83' lang='lat' dir='ltr'><strong>fere</strong></span> <span class='ocrx_word' id='word_1_211' title='bbox 1893 2809 2074 2860; x_wconf 86' lang='lat' dir='ltr'><strong>minor</strong></span> 
     </span>
    </p>
   </div>
   <div class='ocr_carea' id='block_1_30' title="bbox 498 2894 2073 2964">
    <p class='ocr_par' dir='ltr' id='par_1_30' title="bbox 498 2894 2073 2964">
     <span class='ocr_line' id='line_1_30' title="bbox 498 2894 2073 2964; baseline 0.002 -16"><span class='ocrx_word' id='word_1_212' title='bbox 498 2894 623 2959; x_wconf 89' lang='lat' dir='ltr'><strong>fuit,</strong></span> <span class='ocrx_word' id='word_1_213' title='bbox 662 2895 846 2964; x_wconf 87' lang='lat' dir='ltr'><strong>plures</strong></span> <span class='ocrx_word' id='word_1_214' title='bbox 886 2896 1050 2950; x_wconf 90' lang='lat' dir='ltr'><strong>etiam</strong></span> <span class='ocrx_word' id='word_1_215' title='bbox 1085 2896 1326 2950; x_wconf 70' lang='lat' dir='ltr'><strong>minutize</strong></span> <span class='ocrx_word' id='word_1_216' title='bbox 1350 2896 1560 2964; x_wconf 88' lang='lat' dir='ltr'><strong>possint</strong></span> <span class='ocrx_word' id='word_1_217' title='bbox 1590 2898 1893 2960; x_wconf 85' lang='lat' dir='ltr'><strong>incurrere,</strong></span> <span class='ocrx_word' id='word_1_218' title='bbox 1927 2897 1972 2952; x_wconf 90' lang='lat' dir='ltr'><strong>si</strong></span> <span class='ocrx_word' id='word_1_219' title='bbox 2007 2898 2073 2951; x_wconf 89' lang='lat' dir='ltr'><strong>ad</strong></span> 
     </span>
    </p>
   </div>
   <div class='ocr_carea' id='block_1_31' title="bbox 496 2987 2076 3060">
    <p class='ocr_par' dir='ltr' id='par_1_31' title="bbox 496 2987 2076 3060">
     <span class='ocr_line' id='line_1_31' title="bbox 496 2987 2076 3060; baseline -0.001 -18"><span class='ocrx_word' id='word_1_220' title='bbox 496 2987 714 3044; x_wconf 84' lang='lat' dir='ltr'><strong>intimas</strong></span> <span class='ocrx_word' id='word_1_221' title='bbox 754 3003 1103 3043; x_wconf 91' lang='lat' dir='ltr'><strong>nummorum</strong></span> <span class='ocrx_word' id='word_1_222' title='bbox 1150 2990 1341 3045; x_wconf 90' lang='lat' dir='ltr'><strong>sordes</strong></span> <span class='ocrx_word' id='word_1_223' title='bbox 1385 2990 1528 3041; x_wconf 84' lang='grc' dir='ltr'><strong>κατὰ</strong></span> <span class='ocrx_word' id='word_1_224' title='bbox 1558 2989 1889 3060; x_wconf 79' lang='grc' dir='ltr'>δηναρισμόν</span> <span class='ocrx_word' id='word_1_225' title='bbox 1932 2987 2076 3043; x_wconf 89' lang='lat' dir='ltr'><strong>redi-</strong></span> 
     </span>
    </p>
   </div>
   <div class='ocr_carea' id='block_1_32' title="bbox 494 3077 2073 3147">
    <p class='ocr_par' dir='ltr' id='par_1_32' title="bbox 494 3077 2073 3147">
     <span class='ocr_line' id='line_1_32' title="bbox 494 3077 2073 3147; baseline 0.004 -19"><span class='ocrx_word' id='word_1_226' title='bbox 494 3084 711 3146; x_wconf 85' lang='lat' dir='ltr'><strong>gantur,</strong></span> <span class='ocrx_word' id='word_1_227' title='bbox 740 3092 879 3146; x_wconf 88' lang='lat' dir='ltr'><strong>quas</strong></span> <span class='ocrx_word' id='word_1_228' title='bbox 908 3077 1065 3145; x_wconf 78' lang='lat' dir='ltr'><strong>vulgo</strong></span> <span class='ocrx_word' id='word_1_229' title='bbox 1084 3079 1351 3141; x_wconf 88' lang='lat' dir='ltr'><strong>maculas,</strong></span> <span class='ocrx_word' id='word_1_230' title='bbox 1386 3080 1599 3145; x_wconf 89' lang='lat' dir='ltr'><strong>obolos,</strong></span> <span class='ocrx_word' id='word_1_231' title='bbox 1633 3079 1797 3147; x_wconf 89' lang='lat' dir='ltr'><strong>pitas,</strong></span> <span class='ocrx_word' id='word_1_232' title='bbox 1824 3087 1917 3133; x_wconf 89' lang='lat' dir='ltr'><strong>aut</strong></span> <span class='ocrx_word' id='word_1_233' title='bbox 1950 3079 2073 3134; x_wconf 90' lang='lat' dir='ltr'><strong>aliis</strong></span> 
     </span>
    </p>
   </div>
   <div class='ocr_carea' id='block_1_33' title="bbox 496 3168 2142 3264">
    <p class='ocr_par' dir='ltr' id='par_1_33' title="bbox 496 3168 2142 3264">
     <span class='ocr_line' id='line_1_33' title="bbox 496 3168 2142 3264; baseline 0.001 -43"><span class='ocrx_word' id='word_1_234' title='bbox 496 3168 548 3222; x_wconf 89' lang='lat' dir='ltr'><strong>id</strong></span> <span class='ocrx_word' id='word_1_235' title='bbox 583 3184 754 3237; x_wconf 80' lang='lat' dir='ltr'><strong>genus</strong></span> <span class='ocrx_word' id='word_1_236' title='bbox 776 3168 1078 3234; x_wconf 88' lang='lat' dir='ltr'><strong>vocabulis,</strong></span> <span class='ocrx_word' id='word_1_237' title='bbox 1105 3169 1396 3240; x_wconf 89' lang='lat' dir='ltr'><strong>appellant.</strong></span> <span class='ocrx_word' id='word_1_238' title='bbox 1436 3168 1511 3222; x_wconf 77' lang='lat' dir='ltr'><strong>Ex</strong></span> <span class='ocrx_word' id='word_1_239' title='bbox 1541 3186 1605 3223; x_wconf 92' lang='lat' dir='ltr'><strong>eo</strong></span> <span class='ocrx_word' id='word_1_240' title='bbox 1644 3186 1774 3223; x_wconf 86' lang='lat' dir='ltr'><strong>vero</strong></span> <span class='ocrx_word' id='word_1_241' title='bbox 1822 3170 1962 3223; x_wconf 90' lang='lat' dir='ltr'><strong>ratio</strong></span> <span class='ocrx_word' id='word_1_242' title='bbox 1992 3170 2072 3223; x_wconf 91' lang='lat' dir='ltr'><strong>in-</strong></span> <span class='ocrx_word' id='word_1_243' title='bbox 2101 3206 2142 3264; x_wconf 62' lang='grc' dir='ltr'>Ο</span> 
     </span>
    </p>
   </div>
   <div class='ocr_carea' id='block_1_34' title="bbox 495 3257 2068 3329">
    <p class='ocr_par' dir='ltr' id='par_1_34' title="bbox 495 3257 2068 3329">
     <span class='ocr_line' id='line_1_34' title="bbox 495 3257 2068 3329; baseline 0.002 -17"><span class='ocrx_word' id='word_1_244' title='bbox 495 3272 658 3326; x_wconf 80' lang='lat' dir='ltr'><strong>super</strong></span> <span class='ocrx_word' id='word_1_245' title='bbox 682 3257 906 3314; x_wconf 87' lang='lat' dir='ltr'><strong>evidens</strong></span> <span class='ocrx_word' id='word_1_246' title='bbox 934 3266 1053 3323; x_wconf 91' lang='lat' dir='ltr'><strong>cst,</strong></span> <span class='ocrx_word' id='word_1_247' title='bbox 1090 3259 1160 3313; x_wconf 92' lang='lat' dir='ltr'><strong>ob</strong></span> <span class='ocrx_word' id='word_1_248' title='bbox 1200 3274 1363 3329; x_wconf 88' lang='lat' dir='ltr'><strong>quam</strong></span> <span class='ocrx_word' id='word_1_249' title='bbox 1410 3260 1599 3314; x_wconf 87' lang='lat' dir='ltr'><strong>talenti</strong></span> <span class='ocrx_word' id='word_1_250' title='bbox 1653 3275 1850 3315; x_wconf 89' lang='lat' dir='ltr'><strong>nomen</strong></span> <span class='ocrx_word' id='word_1_251' title='bbox 1892 3261 2068 3315; x_wconf 89' lang='lat' dir='ltr'><strong>solido</strong></span> 
     </span>
    </p>
   </div>
   <div class='ocr_carea' id='block_1_35' title="bbox 493 3347 2070 3419">
    <p class='ocr_par' dir='ltr' id='par_1_35' title="bbox 493 3347 2070 3419">
     <span class='ocr_line' id='line_1_35' title="bbox 493 3347 2070 3419; baseline 0.002 -19"><span class='ocrx_word' id='word_1_252' title='bbox 493 3348 567 3408; x_wconf 88' lang='lat' dir='ltr'><strong>sit</strong></span> <span class='ocrx_word' id='word_1_253' title='bbox 597 3348 933 3418; x_wconf 85' lang='lat' dir='ltr'><strong>impositum.</strong></span> <span class='ocrx_word' id='word_1_254' title='bbox 964 3347 1206 3417; x_wconf 83' lang='lat' dir='ltr'><strong>Nempe,</strong></span> <span class='ocrx_word' id='word_1_255' title='bbox 1264 3350 1411 3419; x_wconf 90' lang='lat' dir='ltr'><strong>quod</strong></span> <span class='ocrx_word' id='word_1_256' title='bbox 1450 3348 1674 3410; x_wconf 86' lang='lat' dir='ltr'><strong>totidem</strong></span> <span class='ocrx_word' id='word_1_257' title='bbox 1713 3351 2070 3404; x_wconf 88' lang='lat' dir='ltr'><strong>minutiarum</strong></span> 
     </span>
    </p>
   </div>
   <div class='ocr_carea' id='block_1_36' title="bbox 494 3436 2073 3508">
    <p class='ocr_par' dir='ltr' id='par_1_36' title="bbox 494 3436 2073 3508">
     <span class='ocr_line' id='line_1_36' title="bbox 494 3436 2073 3508; baseline -0.001 -15"><span class='ocrx_word' id='word_1_258' title='bbox 494 3451 560 3493; x_wconf 87' lang='lat' dir='ltr'><strong>ac</strong></span> <span class='ocrx_word' id='word_1_259' title='bbox 585 3436 994 3492; x_wconf 88' lang='lat' dir='ltr'><strong>denariolorum</strong></span> <span class='ocrx_word' id='word_1_260' title='bbox 1037 3439 1209 3491; x_wconf 86' lang='lat' dir='ltr'><strong>millia</strong></span> <span class='ocrx_word' id='word_1_261' title='bbox 1248 3438 1759 3508; x_wconf 86' lang='lat' dir='ltr'><strong>comprehenderet,</strong></span> <span class='ocrx_word' id='word_1_262' title='bbox 1794 3446 1927 3508; x_wconf 89' lang='lat' dir='ltr'><strong>quot</strong></span> <span class='ocrx_word' id='word_1_263' title='bbox 1948 3438 2073 3493; x_wconf 88' lang='lat' dir='ltr'><strong>dra-</strong></span> 
     </span>
    </p>
   </div>
   <div class='ocr_carea' id='block_1_37' title="bbox 495 3524 2070 3599">
    <p class='ocr_par' dir='ltr' id='par_1_37' title="bbox 495 3524 2070 3599">
     <span class='ocr_line' id='line_1_37' title="bbox 495 3524 2070 3599; baseline 0.002 -20"><span class='ocrx_word' id='word_1_264' title='bbox 495 3524 780 3580; x_wconf 87' lang='lat' dir='ltr'><strong>chmarum</strong></span> <span class='ocrx_word' id='word_1_265' title='bbox 820 3527 1060 3579; x_wconf 86' lang='lat' dir='ltr'><strong>Atticum</strong></span> <span class='ocrx_word' id='word_1_266' title='bbox 1082 3567 1096 3590; x_wconf 92' lang='lat'><strong>,</strong></span> <span class='ocrx_word' id='word_1_267' title='bbox 1140 3542 1204 3580; x_wconf 91' lang='lat' dir='ltr'><strong>ac</strong></span> <span class='ocrx_word' id='word_1_268' title='bbox 1241 3529 1465 3598; x_wconf 80' lang='lat' dir='ltr'><strong>vulgare</strong></span> <span class='ocrx_word' id='word_1_269' title='bbox 1496 3528 1784 3582; x_wconf 90' lang='lat' dir='ltr'><strong>talentum.</strong></span> <span class='ocrx_word' id='word_1_270' title='bbox 1817 3528 2070 3599; x_wconf 85' lang='lat' dir='ltr'><strong>Reliqua,</strong></span> 
     </span>
    </p>
   </div>
   <div class='ocr_carea' id='block_1_38' title="bbox 493 3614 2069 3689">
    <p class='ocr_par' dir='ltr' id='par_1_38' title="bbox 493 3614 2069 3689">
     <span class='ocr_line' id='line_1_38' title="bbox 493 3614 2069 3689; baseline 0.004 -22"><span class='ocrx_word' id='word_1_271' title='bbox 493 3630 616 3685; x_wconf 70' lang='lat' dir='ltr'><strong>qua:</strong></span> <span class='ocrx_word' id='word_1_272' title='bbox 657 3616 799 3684; x_wconf 89' lang='lat' dir='ltr'><strong>apud</strong></span> <span class='ocrx_word' id='word_1_273' title='bbox 836 3614 1166 3686; x_wconf 82' lang='lat' dir='ltr'><strong>liesychium</strong></span> <span class='ocrx_word' id='word_1_274' title='bbox 1206 3628 1547 3685; x_wconf 90' lang='lat' dir='ltr'><strong>sequuntur,</strong></span> <span class='ocrx_word' id='word_1_275' title='bbox 1586 3619 1872 3689; x_wconf 83' lang='lat' dir='ltr'><strong>peregrina</strong></span> <span class='ocrx_word' id='word_1_276' title='bbox 1920 3628 2069 3685; x_wconf 92' lang='lat' dir='ltr'><strong>sunt,</strong></span> 
     </span>
    </p>
   </div>
   <div class='ocr_carea' id='block_1_39' title="bbox 496 3707 2073 3778">
    <p class='ocr_par' dir='ltr' id='par_1_39' title="bbox 496 3707 2073 3778">
     <span class='ocr_line' id='line_1_39' title="bbox 496 3707 2073 3778; baseline 0.004 -17"><span class='ocrx_word' id='word_1_277' title='bbox 496 3715 549 3761; x_wconf 89' lang='lat' dir='ltr'><strong>et</strong></span> <span class='ocrx_word' id='word_1_278' title='bbox 580 3707 925 3761; x_wconf 85' lang='lat' dir='ltr'><strong>accumulata</strong></span> <span class='ocrx_word' id='word_1_279' title='bbox 956 3714 1191 3772; x_wconf 88' lang='lat' dir='ltr'><strong>temere,</strong></span> <span class='ocrx_word' id='word_1_280' title='bbox 1226 3717 1283 3762; x_wconf 93' lang='lat' dir='ltr'><strong>ut</strong></span> <span class='ocrx_word' id='word_1_281' title='bbox 1315 3711 1368 3762; x_wconf 93' lang='lat' dir='ltr'><strong>in</strong></span> <span class='ocrx_word' id='word_1_282' title='bbox 1399 3708 1695 3766; x_wconf 83' lang='lat' dir='ltr'><strong>Glossariis</strong></span> <span class='ocrx_word' id='word_1_283' title='bbox 1740 3712 1975 3778; x_wconf 91' lang='lat' dir='ltr'><strong>assolet,</strong></span> <span class='ocrx_word' id='word_1_284' title='bbox 2015 3713 2073 3767; x_wconf 88' lang='lat' dir='ltr'><strong>in</strong></span> 
     </span>
    </p>
   </div>
   <div class='ocr_carea' id='block_1_40' title="bbox 493 3800 2075 3871">
    <p class='ocr_par' dir='ltr' id='par_1_40' title="bbox 493 3800 2075 3871">
     <span class='ocr_line' id='line_1_40' title="bbox 493 3800 2075 3871; baseline 0.004 -18"><span class='ocrx_word' id='word_1_285' title='bbox 493 3814 618 3870; x_wconf 72' lang='lat' dir='ltr'><strong>quae</strong></span> <span class='ocrx_word' id='word_1_286' title='bbox 646 3800 830 3865; x_wconf 71' lang='lat' dir='ltr'><strong>variae,</strong></span> <span class='ocrx_word' id='word_1_287' title='bbox 859 3814 923 3852; x_wconf 91' lang='lat' dir='ltr'><strong>ac</strong></span> <span class='ocrx_word' id='word_1_288' title='bbox 952 3801 1245 3855; x_wconf 83' lang='lat' dir='ltr'><strong>contrariae</strong></span> <span class='ocrx_word' id='word_1_289' title='bbox 1272 3802 1595 3871; x_wconf 88' lang='lat' dir='ltr'><strong>plerumque</strong></span> <span class='ocrx_word' id='word_1_290' title='bbox 1630 3819 1823 3858; x_wconf 84' lang='lat' dir='ltr'><strong>vocum</strong></span> <span class='ocrx_word' id='word_1_291' title='bbox 1857 3820 2075 3861; x_wconf 86' lang='lat' dir='ltr'><strong>earum-</strong></span> 
     </span>
    </p>
   </div>
   <div class='ocr_carea' id='block_1_41' title="bbox 494 3889 2074 3951">
    <p class='ocr_par' dir='ltr' id='par_1_41' title="bbox 494 3889 2074 3951">
     <span class='ocr_line' id='line_1_41' title="bbox 494 3889 2074 3951; baseline 0.005 -8"><span class='ocrx_word' id='word_1_292' title='bbox 494 3889 617 3944; x_wconf 89' lang='lat' dir='ltr'><strong>dem</strong></span> <span class='ocrx_word' id='word_1_293' title='bbox 658 3890 911 3945; x_wconf 90' lang='lat' dir='ltr'><strong>notiones</strong></span> <span class='ocrx_word' id='word_1_294' title='bbox 944 3906 1017 3945; x_wconf 85' lang='lat' dir='ltr'><strong>ex.</strong></span> <span class='ocrx_word' id='word_1_295' title='bbox 1042 3890 1276 3948; x_wconf 90' lang='lat' dir='ltr'><strong>diversis</strong></span> <span class='ocrx_word' id='word_1_296' title='bbox 1315 3893 1633 3949; x_wconf 89' lang='lat' dir='ltr'><strong>auctoribus</strong></span> <span class='ocrx_word' id='word_1_297' title='bbox 1679 3894 1923 3949; x_wconf 70' lang='lat' dir='ltr'><strong>collecta:</strong></span> <span class='ocrx_word' id='word_1_298' title='bbox 1970 3895 2074 3951; x_wconf 91' lang='lat' dir='ltr'><strong>sub</strong></span> 
     </span>
    </p>
   </div>
   <div class='ocr_carea' id='block_1_42' title="bbox 497 3981 1521 4054">
    <p class='ocr_par' dir='ltr' id='par_1_42' title="bbox 497 3981 1521 4054">
     <span class='ocr_line' id='line_1_42' title="bbox 497 3981 1521 4054; baseline 0.002 -19"><span class='ocrx_word' id='word_1_299' title='bbox 497 3995 609 4038; x_wconf 86' lang='lat' dir='ltr'><strong>uno</strong></span> <span class='ocrx_word' id='word_1_300' title='bbox 635 3981 889 4038; x_wconf 86' lang='lat' dir='ltr'><strong>lemmate</strong></span> <span class='ocrx_word' id='word_1_301' title='bbox 918 3984 1123 4054; x_wconf 89' lang='lat' dir='ltr'><strong>passim</strong></span> <span class='ocrx_word' id='word_1_302' title='bbox 1156 3984 1521 4040; x_wconf 89' lang='lat' dir='ltr'><strong>inculcantur.</strong></span> 
     </span>
    </p>
   </div>
   <div class='ocr_carea' id='block_1_43' title="bbox 565 4071 2074 4143">
    <p class='ocr_par' dir='ltr' id='par_1_43' title="bbox 565 4071 2074 4143">
     <span class='ocr_line' id='line_1_43' title="bbox 565 4071 2074 4143; baseline 0.004 -16"><span class='ocrx_word' id='word_1_303' title='bbox 565 4071 747 4127; x_wconf 90' lang='lat' dir='ltr'><strong>Nihilo</strong></span> <span class='ocrx_word' id='word_1_304' title='bbox 776 4076 960 4143; x_wconf 84' lang='lat' dir='ltr'><strong>itaque</strong></span> <span class='ocrx_word' id='word_1_305' title='bbox 989 4075 1337 4131; x_wconf 87' lang='lat' dir='ltr'><strong>ratiocinatio</strong></span> <span class='ocrx_word' id='word_1_306' title='bbox 1367 4077 1471 4131; x_wconf 87' lang='lat' dir='ltr'><strong>ista</strong></span> <span class='ocrx_word' id='word_1_307' title='bbox 1506 4075 1783 4133; x_wconf 90' lang='lat' dir='ltr'><strong>doctiores</strong></span> <span class='ocrx_word' id='word_1_308' title='bbox 1805 4079 1951 4134; x_wconf 89' lang='lat' dir='ltr'><strong>viros</strong></span> <span class='ocrx_word' id='word_1_309' title='bbox 1973 4078 2074 4133; x_wconf 92' lang='lat' dir='ltr'><strong>do-</strong></span> 
     </span>
    </p>
   </div>
   <div class='ocr_carea' id='block_1_44' title="bbox 493 4162 2069 4241">
    <p class='ocr_par' dir='ltr' id='par_1_44' title="bbox 493 4162 2069 4241">
     <span class='ocr_line' id='line_1_44' title="bbox 493 4162 2069 4241; baseline 0.005 -24"><span class='ocrx_word' id='word_1_310' title='bbox 493 4162 784 4219; x_wconf 88' lang='lat' dir='ltr'><strong>ctissimos.</strong></span> <span class='ocrx_word' id='word_1_311' title='bbox 805 4163 967 4219; x_wconf 87' lang='lat' dir='ltr'><strong>elIicit</strong></span> <span class='ocrx_word' id='word_1_312' title='bbox 987 4203 1002 4229; x_wconf 91' lang='lat'><strong>,</strong></span> <span class='ocrx_word' id='word_1_313' title='bbox 1040 4172 1099 4219; x_wconf 91' lang='lat' dir='ltr'><strong>ut</strong></span> <span class='ocrx_word' id='word_1_314' title='bbox 1130 4166 1303 4220; x_wconf 82' lang='grc' dir='ltr'>λεπτά</span> <span class='ocrx_word' id='word_1_315' title='bbox 1322 4176 1610 4237; x_wconf 83' lang='lat' dir='ltr'><strong>argenteos</strong></span> <span class='ocrx_word' id='word_1_316' title='bbox 1643 4169 1900 4225; x_wconf 91' lang='lat' dir='ltr'><strong>denarios</strong></span> <span class='ocrx_word' id='word_1_317' title='bbox 1925 4184 2069 4241; x_wconf 84' lang='lat' dir='ltr'><strong>esse,</strong></span> 
     </span>
    </p>
   </div>
   <div class='ocr_carea' id='block_1_45' title="bbox 493 4254 2072 4329">
    <p class='ocr_par' dir='ltr' id='par_1_45' title="bbox 493 4254 2072 4329">
     <span class='ocr_line' id='line_1_45' title="bbox 493 4254 2072 4329; baseline 0.004 -20"><span class='ocrx_word' id='word_1_318' title='bbox 493 4254 609 4309; x_wconf 88' lang='lat' dir='ltr'><strong>sive</strong></span> <span class='ocrx_word' id='word_1_319' title='bbox 648 4255 961 4321; x_wconf 90' lang='lat' dir='ltr'><strong>drachmas,</strong></span> <span class='ocrx_word' id='word_1_320' title='bbox 1012 4256 1155 4325; x_wconf 87' lang='lat' dir='ltr'><strong>quod</strong></span> <span class='ocrx_word' id='word_1_321' title='bbox 1209 4259 1476 4313; x_wconf 88' lang='lat' dir='ltr'><strong>hactenus</strong></span> <span class='ocrx_word' id='word_1_322' title='bbox 1512 4259 1857 4329; x_wconf 75' lang='lat' dir='ltr'><strong>ignorabant,</strong></span> <span class='ocrx_word' id='word_1_323' title='bbox 1918 4261 2072 4315; x_wconf 90' lang='lat' dir='ltr'><strong>dein-</strong></span> 
     </span>
    </p>
   </div>
   <div class='ocr_carea' id='block_1_46' title="bbox 490 4346 2073 4425">
    <p class='ocr_par' dir='ltr' id='par_1_46' title="bbox 490 4346 2073 4425">
     <span class='ocr_line' id='line_1_46' title="bbox 490 4346 2073 4425; baseline 0.006 -26"><span class='ocrx_word' id='word_1_324' title='bbox 490 4362 617 4416; x_wconf 90' lang='lat' dir='ltr'><strong>ceps</strong></span> <span class='ocrx_word' id='word_1_325' title='bbox 639 4346 963 4417; x_wconf 81' lang='lat' dir='ltr'><strong>intelligant.</strong></span> <span class='ocrx_word' id='word_1_326' title='bbox 988 4346 1106 4404; x_wconf 92' lang='lat' dir='ltr'><strong>Non</strong></span> <span class='ocrx_word' id='word_1_327' title='bbox 1134 4350 1266 4405; x_wconf 90' lang='lat' dir='ltr'><strong>illud</strong></span> <span class='ocrx_word' id='word_1_328' title='bbox 1301 4350 1521 4420; x_wconf 89' lang='lat' dir='ltr'><strong>quidem</strong></span> <span class='ocrx_word' id='word_1_329' title='bbox 1551 4351 1876 4417; x_wconf 90' lang='lat' dir='ltr'><strong>inliciamur,</strong></span> <span class='ocrx_word' id='word_1_330' title='bbox 1903 4354 2073 4425; x_wconf 83' lang='grc' dir='ltr'>ἀργύ-</span> 
     </span>
    </p>
   </div>
   <div class='ocr_carea' id='block_1_47' title="bbox 492 4436 2069 4514">
    <p class='ocr_par' dir='ltr' id='par_1_47' title="bbox 492 4436 2069 4514">
     <span class='ocr_line' id='line_1_47' title="bbox 492 4436 2069 4514; baseline 0.008 -26"><span class='ocrx_word' id='word_1_331' title='bbox 492 4454 584 4505; x_wconf 83' lang='grc' dir='ltr'><strong>ρια</strong></span> <span class='ocrx_word' id='word_1_332' title='bbox 616 4436 790 4490; x_wconf 80' lang='grc' dir='ltr'>λεπτά</span> <span class='ocrx_word' id='word_1_333' title='bbox 822 4452 921 4506; x_wconf 92' lang='lat' dir='ltr'><strong>pro</strong></span> <span class='ocrx_word' id='word_1_334' title='bbox 950 4440 1223 4508; x_wconf 80' lang='lat' dir='ltr'><strong>argenteis</strong></span> <span class='ocrx_word' id='word_1_335' title='bbox 1246 4443 1488 4497; x_wconf 91' lang='lat' dir='ltr'><strong>nummis</strong></span> <span class='ocrx_word' id='word_1_336' title='bbox 1517 4444 1713 4514; x_wconf 89' lang='lat' dir='ltr'><strong>accipi,</strong></span> <span class='ocrx_word' id='word_1_337' title='bbox 1748 4453 1811 4498; x_wconf 91' lang='lat' dir='ltr'><strong>ut</strong></span> <span class='ocrx_word' id='word_1_338' title='bbox 1834 4446 1887 4499; x_wconf 90' lang='lat' dir='ltr'><strong>in</strong></span> <span class='ocrx_word' id='word_1_339' title='bbox 1910 4446 2069 4502; x_wconf 86' lang='lat' dir='ltr'><strong>Glos-</strong></span> 
     </span>
    </p>
   </div>
   <div class='ocr_carea' id='block_1_48' title="bbox 2178 622 3687 693">
    <p class='ocr_par' dir='ltr' id='par_1_48' title="bbox 2178 622 3687 693">
     <span class='ocr_line' id='line_1_48' title="bbox 2178 622 3687 693; baseline 0.003 -18"><span class='ocrx_word' id='word_1_340' title='bbox 2178 630 2238 675; x_wconf 92' lang='lat' dir='ltr'><strong>ut</strong></span> <span class='ocrx_word' id='word_1_341' title='bbox 2268 636 2391 675; x_wconf 89' lang='lat' dir='ltr'><strong>cum</strong></span> <span class='ocrx_word' id='word_1_342' title='bbox 2417 624 2699 678; x_wconf 82' lang='lat' dir='ltr'><strong>Eustathio</strong></span> <span class='ocrx_word' id='word_1_343' title='bbox 2725 623 2941 693; x_wconf 89' lang='lat' dir='ltr'><strong>loquar,</strong></span> <span class='ocrx_word' id='word_1_344' title='bbox 2982 624 3266 693; x_wconf 85' lang='lat' dir='ltr'><strong>propagati</strong></span> <span class='ocrx_word' id='word_1_345' title='bbox 3301 622 3521 679; x_wconf 87' lang='lat' dir='ltr'><strong>fuerunt.</strong></span> <span class='ocrx_word' id='word_1_346' title='bbox 3558 626 3687 679; x_wconf 71' lang='lat' dir='ltr'><strong>Aud-</strong></span> 
     </span>
    </p>
   </div>
   <div class='ocr_carea' id='block_1_49' title="bbox 2177 712 3690 785">
    <p class='ocr_par' dir='ltr' id='par_1_49' title="bbox 2177 712 3690 785">
     <span class='ocr_line' id='line_1_49' title="bbox 2177 712 3690 785; baseline 0.003 -20"><span class='ocrx_word' id='word_1_347' title='bbox 2177 731 2329 783; x_wconf 86' lang='grc' dir='ltr'>ρατοι</span> <span class='ocrx_word' id='word_1_348' title='bbox 2373 715 2580 766; x_wconf 88' lang='lat' dir='ltr'><strong>nummi</strong></span> <span class='ocrx_word' id='word_1_349' title='bbox 2624 715 2866 784; x_wconf 87' lang='lat' dir='ltr'><strong>argentei</strong></span> <span class='ocrx_word' id='word_1_350' title='bbox 2916 715 3127 785; x_wconf 86' lang='lat' dir='ltr'><strong>priores</strong></span> <span class='ocrx_word' id='word_1_351' title='bbox 3169 712 3443 767; x_wconf 84' lang='lat' dir='ltr'><strong>duodecim</strong></span> <span class='ocrx_word' id='word_1_352' title='bbox 3493 716 3690 769; x_wconf 87' lang='lat' dir='ltr'><strong>solidum</strong></span> 
     </span>
    </p>
   </div>
   <div class='ocr_carea' id='block_1_50' title="bbox 2174 802 3692 875">
    <p class='ocr_par' dir='ltr' id='par_1_50' title="bbox 2174 802 3692 875">
     <span class='ocr_line' id='line_1_50' title="bbox 2174 802 3692 875; baseline 0.003 -19"><span class='ocrx_word' id='word_1_353' title='bbox 2174 803 2465 859; x_wconf 82' lang='lat' dir='ltr'><strong>faciebant.</strong></span> <span class='ocrx_word' id='word_1_354' title='bbox 2497 802 2665 873; x_wconf 85' lang='lat' dir='ltr'><strong>Igitur</strong></span> <span class='ocrx_word' id='word_1_355' title='bbox 2686 819 2880 858; x_wconf 88' lang='lat' dir='ltr'><strong>novem</strong></span> <span class='ocrx_word' id='word_1_356' title='bbox 2912 804 3101 859; x_wconf 88' lang='lat' dir='ltr'><strong>solidis</strong></span> <span class='ocrx_word' id='word_1_357' title='bbox 3130 804 3512 872; x_wconf 89' lang='lat' dir='ltr'><strong>respondebant</strong></span> <span class='ocrx_word' id='word_1_358' title='bbox 3535 820 3692 875; x_wconf 84' lang='lat' dir='ltr'><strong>argen-</strong></span> 
     </span>
    </p>
   </div>
   <div class='ocr_carea' id='block_1_51' title="bbox 2175 893 3693 966">
    <p class='ocr_par' dir='ltr' id='par_1_51' title="bbox 2175 893 3693 966">
     <span class='ocr_line' id='line_1_51' title="bbox 2175 893 3693 966; baseline -0.001 -17"><span class='ocrx_word' id='word_1_359' title='bbox 2175 896 2245 949; x_wconf 88' lang='lat' dir='ltr'><strong>tei</strong></span> <span class='ocrx_word' id='word_1_360' title='bbox 2278 909 2430 948; x_wconf 85' lang='lat' dir='ltr'><strong>cvm.</strong></span> <span class='ocrx_word' id='word_1_361' title='bbox 2475 893 2722 950; x_wconf 88' lang='lat' dir='ltr'><strong>Totidem</strong></span> <span class='ocrx_word' id='word_1_362' title='bbox 2763 894 2922 950; x_wconf 84' lang='lat' dir='ltr'><strong>solidi</strong></span> <span class='ocrx_word' id='word_1_363' title='bbox 2962 894 3201 966; x_wconf 80' lang='grc' dir='ltr'><strong>ἀργύρια</strong></span> <span class='ocrx_word' id='word_1_364' title='bbox 3248 894 3432 957; x_wconf 79' lang='grc' dir='ltr'><strong>λεπτά,</strong></span> <span class='ocrx_word' id='word_1_365' title='bbox 3463 896 3565 949; x_wconf 88' lang='lat' dir='ltr'><strong>sive</strong></span> <span class='ocrx_word' id='word_1_366' title='bbox 3592 895 3693 948; x_wconf 79' lang='lat' dir='ltr'><strong>mil-</strong></span> 
     </span>
    </p>
   </div>
   <div class='ocr_carea' id='block_1_52' title="bbox 2174 985 3695 1055">
    <p class='ocr_par' dir='ltr' id='par_1_52' title="bbox 2174 985 3695 1055">
     <span class='ocr_line' id='line_1_52' title="bbox 2174 985 3695 1055; baseline 0 -18"><span class='ocrx_word' id='word_1_367' title='bbox 2174 985 2437 1039; x_wconf 87' lang='lat' dir='ltr'><strong>liarenses</strong></span> <span class='ocrx_word' id='word_1_368' title='bbox 2483 986 2766 1039; x_wconf 89' lang='lat' dir='ltr'><strong>continent</strong></span> <span class='ocrx_word' id='word_1_369' title='bbox 2822 1001 2979 1040; x_wconf 78' lang='lat' dir='ltr'><strong>cxxv.</strong></span> <span class='ocrx_word' id='word_1_370' title='bbox 3029 986 3211 1051; x_wconf 86' lang='lat' dir='ltr'><strong>Quare</strong></span> <span class='ocrx_word' id='word_1_371' title='bbox 3256 995 3526 1055; x_wconf 87' lang='lat' dir='ltr'><strong>argenteus</strong></span> <span class='ocrx_word' id='word_1_372' title='bbox 3573 986 3695 1054; x_wconf 89' lang='lat' dir='ltr'><strong>prior</strong></span> 
     </span>
    </p>
   </div>
   <div class='ocr_carea' id='block_1_53' title="bbox 2173 1075 3698 1148">
    <p class='ocr_par' dir='ltr' id='par_1_53' title="bbox 2173 1075 3698 1148">
     <span class='ocr_line' id='line_1_53' title="bbox 2173 1075 3698 1148; baseline -0.001 -18"><span class='ocrx_word' id='word_1_373' title='bbox 2173 1077 2284 1143; x_wconf 91' lang='lat' dir='ltr'><strong>ille,</strong></span> <span class='ocrx_word' id='word_1_374' title='bbox 2322 1078 2413 1146; x_wconf 91' lang='lat' dir='ltr'><strong>qui</strong></span> <span class='ocrx_word' id='word_1_375' title='bbox 2448 1076 2771 1148; x_wconf 77' lang='grc' dir='ltr'>φερώνυμος</span> <span class='ocrx_word' id='word_1_376' title='bbox 2802 1087 2886 1131; x_wconf 92' lang='lat' dir='ltr'><strong>est</strong></span> <span class='ocrx_word' id='word_1_377' title='bbox 2932 1078 3234 1146; x_wconf 83' lang='lat' dir='ltr'><strong>appellatus</strong></span> <span class='ocrx_word' id='word_1_378' title='bbox 3282 1075 3562 1145; x_wconf 82' lang='grc' dir='ltr'>δικέρατος,</span> <span class='ocrx_word' id='word_1_379' title='bbox 3599 1075 3698 1128; x_wconf 81' lang='lat' dir='ltr'><strong>inil-</strong></span> 
     </span>
    </p>
   </div>
   <div class='ocr_carea' id='block_1_54' title="bbox 2173 1166 3695 1239">
    <p class='ocr_par' dir='ltr' id='par_1_54' title="bbox 2173 1166 3695 1239">
     <span class='ocr_line' id='line_1_54' title="bbox 2173 1166 3695 1239; baseline -0.002 -16"><span class='ocrx_word' id='word_1_380' title='bbox 2173 1169 2495 1229; x_wconf 87' lang='lat' dir='ltr'><strong>liarensem,</strong></span> <span class='ocrx_word' id='word_1_381' title='bbox 2549 1168 2665 1223; x_wconf 87' lang='lat' dir='ltr'><strong>sive</strong></span> <span class='ocrx_word' id='word_1_382' title='bbox 2706 1168 2969 1239; x_wconf 84' lang='grc' dir='ltr'>ἀργύριον</span> <span class='ocrx_word' id='word_1_383' title='bbox 3009 1166 3203 1222; x_wconf 81' lang='grc' dir='ltr'>λεπτόν</span> <span class='ocrx_word' id='word_1_384' title='bbox 3256 1169 3486 1223; x_wconf 90' lang='lat' dir='ltr'><strong>continet</strong></span> <span class='ocrx_word' id='word_1_385' title='bbox 3527 1183 3695 1231; x_wconf 87' lang='lat' dir='ltr'><strong>unum,</strong></span> 
     </span>
    </p>
   </div>
   <div class='ocr_carea' id='block_1_55' title="bbox 2172 1258 3700 1330">
    <p class='ocr_par' dir='ltr' id='par_1_55' title="bbox 2172 1258 3700 1330">
     <span class='ocr_line' id='line_1_55' title="bbox 2172 1258 3700 1330; baseline -0.001 -15"><span class='ocrx_word' id='word_1_386' title='bbox 2172 1268 2226 1315; x_wconf 90' lang='lat' dir='ltr'><strong>et</strong></span> <span class='ocrx_word' id='word_1_387' title='bbox 2256 1261 2479 1329; x_wconf 90' lang='lat' dir='ltr'><strong>insuper</strong></span> <span class='ocrx_word' id='word_1_388' title='bbox 2526 1262 2770 1330; x_wconf 89' lang='lat' dir='ltr'><strong>ejusdem</strong></span> <span class='ocrx_word' id='word_1_389' title='bbox 2826 1259 3040 1329; x_wconf 71' lang='lat' dir='ltr'><strong>l7;l08.</strong></span> <span class='ocrx_word' id='word_1_390' title='bbox 3070 1259 3195 1314; x_wconf 85' lang='lat' dir='ltr'><strong>Ideo</strong></span> <span class='ocrx_word' id='word_1_391' title='bbox 3240 1258 3427 1312; x_wconf 78' lang='grc' dir='ltr'>λεπτόν</span> <span class='ocrx_word' id='word_1_392' title='bbox 3480 1260 3573 1313; x_wconf 87' lang='lat' dir='ltr'><strong>hoc</strong></span> <span class='ocrx_word' id='word_1_393' title='bbox 3623 1274 3700 1328; x_wconf 90' lang='lat' dir='ltr'><strong>po-</strong></span> 
     </span>
    </p>
   </div>
   <div class='ocr_carea' id='block_1_56' title="bbox 2174 1348 3698 1420">
    <p class='ocr_par' dir='ltr' id='par_1_56' title="bbox 2174 1348 3698 1420">
     <span class='ocr_line' id='line_1_56' title="bbox 2174 1348 3698 1420; baseline -0.001 -16"><span class='ocrx_word' id='word_1_394' title='bbox 2174 1352 2378 1405; x_wconf 91' lang='lat' dir='ltr'><strong>sterius</strong></span> <span class='ocrx_word' id='word_1_395' title='bbox 2434 1359 2680 1405; x_wconf 89' lang='lat' dir='ltr'><strong>vocatur.</strong></span> <span class='ocrx_word' id='word_1_396' title='bbox 2758 1348 2849 1403; x_wconf 91' lang='lat' dir='ltr'><strong>Sic</strong></span> <span class='ocrx_word' id='word_1_397' title='bbox 2905 1350 3146 1419; x_wconf 82' lang='lat' dir='ltr'><strong>argentei</strong></span> <span class='ocrx_word' id='word_1_398' title='bbox 3197 1348 3454 1420; x_wconf 88' lang='lat' dir='ltr'><strong>Philippei</strong></span> <span class='ocrx_word' id='word_1_399' title='bbox 3486 1348 3698 1403; x_wconf 89' lang='lat' dir='ltr'><strong>minutuli</strong></span> 
     </span>
    </p>
   </div>
   <div class='ocr_carea' id='block_1_57' title="bbox 2172 1439 3700 1509">
    <p class='ocr_par' dir='ltr' id='par_1_57' title="bbox 2172 1439 3700 1509">
     <span class='ocr_line' id='line_1_57' title="bbox 2172 1439 3700 1509; baseline -0.001 -16"><span class='ocrx_word' id='word_1_400' title='bbox 2172 1440 2315 1509; x_wconf 91' lang='lat' dir='ltr'><strong>apud</strong></span> <span class='ocrx_word' id='word_1_401' title='bbox 2350 1439 2659 1509; x_wconf 85' lang='lat' dir='ltr'><strong>Vopiscum.</strong></span> <span class='ocrx_word' id='word_1_402' title='bbox 2702 1439 2859 1506; x_wconf 86' lang='lat' dir='ltr'><strong>Quod</strong></span> <span class='ocrx_word' id='word_1_403' title='bbox 2904 1447 3085 1494; x_wconf 90' lang='lat' dir='ltr'><strong>autem</strong></span> <span class='ocrx_word' id='word_1_404' title='bbox 3125 1439 3187 1492; x_wconf 76' lang='grc' dir='ltr'><strong>τὸ</strong></span> <span class='ocrx_word' id='word_1_405' title='bbox 3237 1440 3447 1504; x_wconf 79' lang='grc' dir='ltr'><strong>λεπτόν,</strong></span> <span class='ocrx_word' id='word_1_406' title='bbox 3479 1440 3555 1494; x_wconf 90' lang='lat' dir='ltr'><strong>vel</strong></span> <span class='ocrx_word' id='word_1_407' title='bbox 3581 1439 3700 1491; x_wconf 85' lang='grc' dir='ltr'>ὀλε-</span> 
     </span>
    </p>
   </div>
   <div class='ocr_carea' id='block_1_58' title="bbox 2174 1528 3702 1601">
    <p class='ocr_par' dir='ltr' id='par_1_58' title="bbox 2174 1528 3702 1601">
     <span class='ocr_line' id='line_1_58' title="bbox 2174 1528 3702 1601; baseline -0.001 -17"><span class='ocrx_word' id='word_1_408' title='bbox 2174 1530 2309 1594; x_wconf 79' lang='grc' dir='ltr'><strong>πτός</strong></span> <span class='ocrx_word' id='word_1_409' title='bbox 2363 1532 2610 1587; x_wconf 91' lang='lat' dir='ltr'><strong>solitarie</strong></span> <span class='ocrx_word' id='word_1_410' title='bbox 2649 1538 2866 1601; x_wconf 89' lang='lat' dir='ltr'><strong>sumpta</strong></span> <span class='ocrx_word' id='word_1_411' title='bbox 2917 1538 3234 1601; x_wconf 85' lang='lat' dir='ltr'><strong>argenteum</strong></span> <span class='ocrx_word' id='word_1_412' title='bbox 3288 1545 3552 1586; x_wconf 89' lang='lat' dir='ltr'><strong>nummum</strong></span> <span class='ocrx_word' id='word_1_413' title='bbox 3586 1528 3702 1599; x_wconf 86' lang='lat' dir='ltr'><strong>apud</strong></span> 
     </span>
    </p>
   </div>
   <div class='ocr_carea' id='block_1_59' title="bbox 2173 1619 3701 1691">
    <p class='ocr_par' dir='ltr' id='par_1_59' title="bbox 2173 1619 3701 1691">
     <span class='ocr_line' id='line_1_59' title="bbox 2173 1619 3701 1691; baseline 0 -20"><span class='ocrx_word' id='word_1_414' title='bbox 2173 1629 2450 1674; x_wconf 84' lang='lat' dir='ltr'><strong>auctorem</strong></span> <span class='ocrx_word' id='word_1_415' title='bbox 2510 1620 2662 1674; x_wconf 90' lang='lat' dir='ltr'><strong>illum</strong></span> <span class='ocrx_word' id='word_1_416' title='bbox 2732 1620 3060 1691; x_wconf 80' lang='lat' dir='ltr'><strong>signiﬁcent,</strong></span> <span class='ocrx_word' id='word_1_417' title='bbox 3117 1634 3181 1675; x_wconf 86' lang='lat' dir='ltr'><strong>ac</strong></span> <span class='ocrx_word' id='word_1_418' title='bbox 3235 1621 3368 1673; x_wconf 87' lang='lat' dir='ltr'><strong>citra</strong></span> <span class='ocrx_word' id='word_1_419' title='bbox 3420 1619 3701 1673; x_wconf 78' lang='lat' dir='ltr'><strong>substantivi</strong></span> 
     </span>
    </p>
   </div>
   <div class='ocr_carea' id='block_1_60' title="bbox 2172 1710 3705 1782">
    <p class='ocr_par' dir='ltr' id='par_1_60' title="bbox 2172 1710 3705 1782">
     <span class='ocr_line' id='line_1_60' title="bbox 2172 1710 3705 1782; baseline -0.002 -16"><span class='ocrx_word' id='word_1_420' title='bbox 2172 1712 2410 1766; x_wconf 87' lang='lat' dir='ltr'><strong>nominis</strong></span> <span class='ocrx_word' id='word_1_421' title='bbox 2440 1711 2822 1782; x_wconf 87' lang='lat' dir='ltr'><strong>adjectionem,</strong></span> <span class='ocrx_word' id='word_1_422' title='bbox 2863 1727 2970 1766; x_wconf 90' lang='lat' dir='ltr'><strong>non</strong></span> <span class='ocrx_word' id='word_1_423' title='bbox 3001 1721 3204 1766; x_wconf 88' lang='lat' dir='ltr'><strong>temere</strong></span> <span class='ocrx_word' id='word_1_424' title='bbox 3232 1710 3459 1765; x_wconf 84' lang='lat' dir='ltr'><strong>inliciari</strong></span> <span class='ocrx_word' id='word_1_425' title='bbox 3488 1710 3705 1763; x_wconf 83' lang='lat' dir='ltr'><strong>audeam.</strong></span> 
     </span>
    </p>
   </div>
   <div class='ocr_carea' id='block_1_61' title="bbox 2173 1800 3703 1873">
    <p class='ocr_par' dir='ltr' id='par_1_61' title="bbox 2173 1800 3703 1873">
     <span class='ocr_line' id='line_1_61' title="bbox 2173 1800 3703 1873; baseline -0.003 -17"><span class='ocrx_word' id='word_1_426' title='bbox 2173 1802 2309 1857; x_wconf 80' lang='lat' dir='ltr'><strong>Illud</strong></span> <span class='ocrx_word' id='word_1_427' title='bbox 2350 1803 2485 1866; x_wconf 93' lang='lat' dir='ltr'><strong>scio,</strong></span> <span class='ocrx_word' id='word_1_428' title='bbox 2517 1820 2584 1859; x_wconf 85' lang='lat' dir='ltr'><strong>ex</strong></span> <span class='ocrx_word' id='word_1_429' title='bbox 2614 1802 2681 1858; x_wconf 90' lang='lat' dir='ltr'><strong>iis</strong></span> <span class='ocrx_word' id='word_1_430' title='bbox 2724 1803 2982 1858; x_wconf 87' lang='lat' dir='ltr'><strong>omnibus</strong></span> <span class='ocrx_word' id='word_1_431' title='bbox 3012 1817 3135 1873; x_wconf 77' lang='lat' dir='ltr'><strong>quae</strong></span> <span class='ocrx_word' id='word_1_432' title='bbox 3165 1802 3232 1856; x_wconf 91' lang='lat' dir='ltr'><strong>ad</strong></span> <span class='ocrx_word' id='word_1_433' title='bbox 3268 1801 3319 1857; x_wconf 91' lang='lat' dir='ltr'><strong>id</strong></span> <span class='ocrx_word' id='word_1_434' title='bbox 3352 1800 3703 1856; x_wconf 84' lang='lat' dir='ltr'><strong>ostendendum</strong></span> 
     </span>
    </p>
   </div>
   <div class='ocr_carea' id='block_1_62' title="bbox 2178 1889 3705 1963">
    <p class='ocr_par' dir='ltr' id='par_1_62' title="bbox 2178 1889 3705 1963">
     <span class='ocr_line' id='line_1_62' title="bbox 2178 1889 3705 1963; baseline -0.003 -17"><span class='ocrx_word' id='word_1_435' title='bbox 2178 1893 2341 1947; x_wconf 89' lang='lat' dir='ltr'><strong>allata</strong></span> <span class='ocrx_word' id='word_1_436' title='bbox 2370 1902 2519 1958; x_wconf 91' lang='lat' dir='ltr'><strong>sunt,</strong></span> <span class='ocrx_word' id='word_1_437' title='bbox 2557 1893 2692 1949; x_wconf 92' lang='lat' dir='ltr'><strong>nihil</strong></span> <span class='ocrx_word' id='word_1_438' title='bbox 2728 1892 2997 1962; x_wconf 87' lang='lat' dir='ltr'><strong>ejusmodi</strong></span> <span class='ocrx_word' id='word_1_439' title='bbox 3049 1892 3363 1963; x_wconf 85' lang='lat' dir='ltr'><strong>persuaderi</strong></span> <span class='ocrx_word' id='word_1_440' title='bbox 3396 1906 3545 1961; x_wconf 91' lang='lat' dir='ltr'><strong>posse</strong></span> <span class='ocrx_word' id='word_1_441' title='bbox 3577 1906 3588 1940; x_wconf 92' lang='lat'>:</span> <span class='ocrx_word' id='word_1_442' title='bbox 3618 1889 3705 1942; x_wconf 89' lang='lat' dir='ltr'><strong>imo</strong></span> 
     </span>
    </p>
   </div>
   <div class='ocr_carea' id='block_1_63' title="bbox 2178 1980 3703 2053">
    <p class='ocr_par' dir='ltr' id='par_1_63' title="bbox 2178 1980 3703 2053">
     <span class='ocr_line' id='line_1_63' title="bbox 2178 1980 3703 2053; baseline -0.005 -14"><span class='ocrx_word' id='word_1_443' title='bbox 2178 1999 2308 2039; x_wconf 90' lang='lat' dir='ltr'><strong>vero</strong></span> <span class='ocrx_word' id='word_1_444' title='bbox 2344 1984 2623 2040; x_wconf 90' lang='lat' dir='ltr'><strong>contraria</strong></span> <span class='ocrx_word' id='word_1_445' title='bbox 2645 1985 2826 2040; x_wconf 88' lang='lat' dir='ltr'><strong>omnia</strong></span> <span class='ocrx_word' id='word_1_446' title='bbox 2854 1984 3056 2053; x_wconf 79' lang='lat' dir='ltr'><strong>colligi.</strong></span> <span class='ocrx_word' id='word_1_447' title='bbox 3088 1982 3202 2038; x_wconf 85' lang='lat' dir='ltr'><strong>Nisi</strong></span> <span class='ocrx_word' id='word_1_448' title='bbox 3228 1982 3365 2037; x_wconf 87' lang='lat' dir='ltr'><strong>forte</strong></span> <span class='ocrx_word' id='word_1_449' title='bbox 3395 1983 3447 2035; x_wconf 92' lang='lat' dir='ltr'><strong>in</strong></span> <span class='ocrx_word' id='word_1_450' title='bbox 3481 1982 3567 2035; x_wconf 87' lang='lat' dir='ltr'><strong>illo</strong></span> <span class='ocrx_word' id='word_1_451' title='bbox 3590 1980 3703 2048; x_wconf 81' lang='lat' dir='ltr'><strong>ipso,</strong></span> 
     </span>
    </p>
   </div>
   <div class='ocr_carea' id='block_1_64' title="bbox 2177 2073 3708 2146">
    <p class='ocr_par' dir='ltr' id='par_1_64' title="bbox 2177 2073 3708 2146">
     <span class='ocr_line' id='line_1_64' title="bbox 2177 2073 3708 2146; baseline -0.005 -17"><span class='ocrx_word' id='word_1_452' title='bbox 2177 2091 2286 2145; x_wconf 88' lang='lat' dir='ltr'><strong>quo</strong></span> <span class='ocrx_word' id='word_1_453' title='bbox 2333 2079 2400 2131; x_wconf 90' lang='lat' dir='ltr'><strong>de</strong></span> <span class='ocrx_word' id='word_1_454' title='bbox 2453 2076 2652 2146; x_wconf 80' lang='lat' dir='ltr'><strong>agitur,</strong></span> <span class='ocrx_word' id='word_1_455' title='bbox 2702 2074 2988 2145; x_wconf 88' lang='lat' dir='ltr'><strong>Epiphanii</strong></span> <span class='ocrx_word' id='word_1_456' title='bbox 3031 2075 3150 2128; x_wconf 89' lang='lat' dir='ltr'><strong>loco</strong></span> <span class='ocrx_word' id='word_1_457' title='bbox 3187 2073 3415 2135; x_wconf 73' lang='grc' dir='ltr'>λεπτοὺς</span> <span class='ocrx_word' id='word_1_458' title='bbox 3463 2080 3708 2142; x_wconf 83' lang='lat' dir='ltr'><strong>argenteos</strong></span> 
     </span>
    </p>
   </div>
   <div class='ocr_carea' id='block_1_65' title="bbox 2178 2159 3708 2230">
    <p class='ocr_par' dir='ltr' id='par_1_65' title="bbox 2178 2159 3708 2230">
     <span class='ocr_line' id='line_1_65' title="bbox 2178 2159 3708 2230; baseline -0.007 -10"><span class='ocrx_word' id='word_1_459' title='bbox 2178 2182 2301 2222; x_wconf 87' lang='lat' dir='ltr'><strong>esse</strong></span> <span class='ocrx_word' id='word_1_460' title='bbox 2351 2168 2607 2222; x_wconf 90' lang='lat' dir='ltr'><strong>denarios</strong></span> <span class='ocrx_word' id='word_1_461' title='bbox 2652 2167 2928 2223; x_wconf 86' lang='lat' dir='ltr'><strong>somniare</strong></span> <span class='ocrx_word' id='word_1_462' title='bbox 2980 2165 3123 2219; x_wconf 89' lang='lat' dir='ltr'><strong>licet.</strong></span> <span class='ocrx_word' id='word_1_463' title='bbox 3174 2162 3333 2230; x_wconf 89' lang='lat' dir='ltr'><strong>Quod</strong></span> <span class='ocrx_word' id='word_1_464' title='bbox 3364 2174 3427 2216; x_wconf 79' lang='lat' dir='ltr'><strong>ex</strong></span> <span class='ocrx_word' id='word_1_465' title='bbox 3476 2176 3598 2215; x_wconf 84' lang='lat' dir='ltr'><strong>nova</strong></span> <span class='ocrx_word' id='word_1_466' title='bbox 3637 2159 3708 2211; x_wconf 80' lang='lat' dir='ltr'><strong>illa</strong></span> 
     </span>
    </p>
   </div>
   <div class='ocr_carea' id='block_1_66' title="bbox 2178 2257 3710 2329">
    <p class='ocr_par' dir='ltr' id='par_1_66' title="bbox 2178 2257 3710 2329">
     <span class='ocr_line' id='line_1_66' title="bbox 2178 2257 3710 2329; baseline -0.007 -17"><span class='ocrx_word' id='word_1_467' title='bbox 2178 2259 2468 2322; x_wconf 86' lang='lat' dir='ltr'><strong>doctrina,</strong></span> <span class='ocrx_word' id='word_1_468' title='bbox 2525 2259 2830 2329; x_wconf 89' lang='lat' dir='ltr'><strong>iisdemque</strong></span> <span class='ocrx_word' id='word_1_469' title='bbox 2877 2257 3160 2327; x_wconf 88' lang='lat' dir='ltr'><strong>principiis</strong></span> <span class='ocrx_word' id='word_1_470' title='bbox 3210 2258 3471 2310; x_wconf 79' lang='lat' dir='ltr'><strong>aliirniare</strong></span> <span class='ocrx_word' id='word_1_471' title='bbox 3521 2266 3710 2307; x_wconf 85' lang='lat' dir='ltr'><strong>necesse</strong></span> 
     </span>
    </p>
   </div>
   <div class='ocr_carea' id='block_1_67' title="bbox 2178 2336 3709 2411">
    <p class='ocr_par' dir='ltr' id='par_1_67' title="bbox 2178 2336 3709 2411">
     <span class='ocr_line' id='line_1_67' title="bbox 2178 2336 3709 2411; baseline -0.01 -8"><span class='ocrx_word' id='word_1_472' title='bbox 2178 2357 2280 2404; x_wconf 91' lang='lat' dir='ltr'><strong>est.</strong></span> <span class='ocrx_word' id='word_1_473' title='bbox 2304 2346 2423 2403; x_wconf 84' lang='lat' dir='ltr'><strong>Non</strong></span> <span class='ocrx_word' id='word_1_474' title='bbox 2446 2349 2587 2401; x_wconf 91' lang='lat' dir='ltr'><strong>enim</strong></span> <span class='ocrx_word' id='word_1_475' title='bbox 2618 2346 2683 2399; x_wconf 81' lang='grc' dir='ltr'><strong>τὰ</strong></span> <span class='ocrx_word' id='word_1_476' title='bbox 2708 2345 2900 2411; x_wconf 80' lang='grc' dir='ltr'><strong>λεπτά,</strong></span> <span class='ocrx_word' id='word_1_477' title='bbox 2930 2345 3013 2400; x_wconf 84' lang='lat' dir='ltr'><strong>vel</strong></span> <span class='ocrx_word' id='word_1_478' title='bbox 3047 2346 3171 2407; x_wconf 79' lang='grc' dir='ltr'>τοὺς</span> <span class='ocrx_word' id='word_1_479' title='bbox 3203 2342 3431 2404; x_wconf 80' lang='grc' dir='ltr'><strong>λεπτούς</strong></span> <span class='ocrx_word' id='word_1_480' title='bbox 3459 2336 3709 2409; x_wconf 77' lang='lat' dir='ltr'><strong>aliquando</strong></span> 
     </span>
    </p>
   </div>
   <div class='ocr_carea' id='block_1_68' title="bbox 2178 2430 3709 2512">
    <p class='ocr_par' dir='ltr' id='par_1_68' title="bbox 2178 2430 3709 2512">
     <span class='ocr_line' id='line_1_68' title="bbox 2178 2430 3709 2512; baseline -0.003 -19"><span class='ocrx_word' id='word_1_481' title='bbox 2178 2455 2279 2509; x_wconf 91' lang='lat' dir='ltr'><strong>pro</strong></span> <span class='ocrx_word' id='word_1_482' title='bbox 2313 2441 2585 2512; x_wconf 81' lang='lat' dir='ltr'><strong>argenteis</strong></span> <span class='ocrx_word' id='word_1_483' title='bbox 2615 2439 2866 2509; x_wconf 89' lang='lat' dir='ltr'><strong>usurpari</strong></span> <span class='ocrx_word' id='word_1_484' title='bbox 2898 2438 3284 2492; x_wconf 85' lang='lat' dir='ltr'><strong>tantummodo</strong></span> <span class='ocrx_word' id='word_1_485' title='bbox 3332 2434 3546 2498; x_wconf 87' lang='lat' dir='ltr'><strong>suadet;</strong></span> <span class='ocrx_word' id='word_1_486' title='bbox 3591 2430 3709 2501; x_wconf 80' lang='lat' dir='ltr'><strong>quod</strong></span> 
     </span>
    </p>
   </div>
   <div class='ocr_carea' id='block_1_69' title="bbox 2181 2528 3706 2601">
    <p class='ocr_par' dir='ltr' id='par_1_69' title="bbox 2181 2528 3706 2601">
     <span class='ocr_line' id='line_1_69' title="bbox 2181 2528 3706 2601; baseline -0.008 -15"><span class='ocrx_word' id='word_1_487' title='bbox 2181 2534 2358 2601; x_wconf 88' lang='lat' dir='ltr'><strong>ipsum</strong></span> <span class='ocrx_word' id='word_1_488' title='bbox 2413 2540 2593 2587; x_wconf 87' lang='lat' dir='ltr'><strong>tamen</strong></span> <span class='ocrx_word' id='word_1_489' title='bbox 2645 2531 2970 2585; x_wconf 87' lang='lat' dir='ltr'><strong>auctoritate</strong></span> <span class='ocrx_word' id='word_1_490' title='bbox 3003 2530 3186 2600; x_wconf 89' lang='lat' dir='ltr'><strong>aliqua</strong></span> <span class='ocrx_word' id='word_1_491' title='bbox 3238 2528 3555 2584; x_wconf 89' lang='lat' dir='ltr'><strong>fulciendum</strong></span> <span class='ocrx_word' id='word_1_492' title='bbox 3598 2530 3706 2579; x_wconf 83' lang='lat' dir='ltr'><strong>erat.</strong></span> 
     </span>
    </p>
   </div>
   <div class='ocr_carea' id='block_1_70' title="bbox 2184 2618 3708 2692">
    <p class='ocr_par' dir='ltr' id='par_1_70' title="bbox 2184 2618 3708 2692">
     <span class='ocr_line' id='line_1_70' title="bbox 2184 2618 3708 2692; baseline -0.006 -13"><span class='ocrx_word' id='word_1_493' title='bbox 2184 2626 2287 2679; x_wconf 85' lang='lat' dir='ltr'><strong>Sed</strong></span> <span class='ocrx_word' id='word_1_494' title='bbox 2317 2639 2488 2679; x_wconf 81' lang='lat' dir='ltr'><strong>:ercos</strong></span> <span class='ocrx_word' id='word_1_495' title='bbox 2520 2623 2692 2679; x_wconf 90' lang='lat' dir='ltr'><strong>fuisse</strong></span> <span class='ocrx_word' id='word_1_496' title='bbox 2723 2639 2978 2678; x_wconf 89' lang='lat' dir='ltr'><strong>nummos</strong></span> <span class='ocrx_word' id='word_1_497' title='bbox 3006 2624 3234 2677; x_wconf 92' lang='lat' dir='ltr'><strong>omnino</strong></span> <span class='ocrx_word' id='word_1_498' title='bbox 3268 2631 3444 2692; x_wconf 83' lang='lat' dir='ltr'><strong>negat,</strong></span> <span class='ocrx_word' id='word_1_499' title='bbox 3491 2618 3617 2689; x_wconf 91' lang='lat' dir='ltr'><strong>quod</strong></span> <span class='ocrx_word' id='word_1_500' title='bbox 3644 2625 3708 2670; x_wconf 83' lang='lat' dir='ltr'><strong>est</strong></span> 
     </span>
    </p>
   </div>
   <div class='ocr_carea' id='block_1_71' title="bbox 2183 2707 3712 2783">
    <p class='ocr_par' dir='ltr' id='par_1_71' title="bbox 2183 2707 3712 2783">
     <span class='ocr_line' id='line_1_71' title="bbox 2183 2707 3712 2783; baseline -0.007 -15"><span class='ocrx_word' id='word_1_501' title='bbox 2183 2715 2557 2771; x_wconf 84' lang='lat' dir='ltr'><strong>falsissimum.</strong></span> <span class='ocrx_word' id='word_1_502' title='bbox 2583 2713 2717 2767; x_wconf 89' lang='lat' dir='ltr'><strong>Nam</strong></span> <span class='ocrx_word' id='word_1_503' title='bbox 2750 2715 2834 2769; x_wconf 87' lang='lat' dir='ltr'><strong>vel</strong></span> <span class='ocrx_word' id='word_1_504' title='bbox 2869 2713 2959 2768; x_wconf 89' lang='lat' dir='ltr'><strong>hic</strong></span> <span class='ocrx_word' id='word_1_505' title='bbox 2989 2715 3104 2782; x_wconf 90' lang='lat' dir='ltr'><strong>ipse</strong></span> <span class='ocrx_word' id='word_1_506' title='bbox 3131 2713 3287 2767; x_wconf 87' lang='lat' dir='ltr'><strong>locus</strong></span> <span class='ocrx_word' id='word_1_507' title='bbox 3324 2707 3712 2783; x_wconf 64' lang='lat' dir='ltr'><strong>Epiphaniizob;</strong></span> 
     </span>
    </p>
   </div>
   <div class='ocr_carea' id='block_1_72' title="bbox 2181 2798 3710 2879">
    <p class='ocr_par' dir='ltr' id='par_1_72' title="bbox 2181 2798 3710 2879">
     <span class='ocr_line' id='line_1_72' title="bbox 2181 2798 3710 2879; baseline -0.003 -23"><span class='ocrx_word' id='word_1_508' title='bbox 2181 2804 2614 2879; x_wconf 67' lang='grc' dir='ltr'><strong>λεπτούςωτθοε</strong></span> <span class='ocrx_word' id='word_1_509' title='bbox 2668 2821 2790 2862; x_wconf 88' lang='lat' dir='ltr'><strong>esse</strong></span> <span class='ocrx_word' id='word_1_510' title='bbox 2832 2820 3090 2859; x_wconf 89' lang='lat' dir='ltr'><strong>nummos</strong></span> <span class='ocrx_word' id='word_1_511' title='bbox 3124 2805 3403 2859; x_wconf 87' lang='lat' dir='ltr'><strong>evidenter</strong></span> <span class='ocrx_word' id='word_1_512' title='bbox 3430 2803 3609 2872; x_wconf 84' lang='lat' dir='ltr'><strong>arguit.</strong></span> <span class='ocrx_word' id='word_1_513' title='bbox 3640 2798 3710 2851; x_wconf 87' lang='lat' dir='ltr'><strong>Si-</strong></span> 
     </span>
    </p>
   </div>
   <div class='ocr_carea' id='block_1_73' title="bbox 2182 2890 3711 2968">
    <p class='ocr_par' dir='ltr' id='par_1_73' title="bbox 2182 2890 3711 2968">
     <span class='ocr_line' id='line_1_73' title="bbox 2182 2890 3711 2968; baseline -0.003 -20"><span class='ocrx_word' id='word_1_514' title='bbox 2182 2896 2400 2964; x_wconf 89' lang='lat' dir='ltr'><strong>quidem</strong></span> <span class='ocrx_word' id='word_1_515' title='bbox 2453 2895 2601 2950; x_wconf 87' lang='lat' dir='ltr'><strong>aliud</strong></span> <span class='ocrx_word' id='word_1_516' title='bbox 2657 2904 2742 2951; x_wconf 89' lang='lat' dir='ltr'><strong>est</strong></span> <span class='ocrx_word' id='word_1_517' title='bbox 2792 2895 2934 2949; x_wconf 81' lang='grc' dir='ltr'><strong>κατὰ</strong></span> <span class='ocrx_word' id='word_1_518' title='bbox 2971 2897 3314 2968; x_wconf 79' lang='grc' dir='ltr'>ἀργυρισμόν</span> <span class='ocrx_word' id='word_1_519' title='bbox 3362 2894 3551 2959; x_wconf 88' lang='lat' dir='ltr'><strong>dividi,</strong></span> <span class='ocrx_word' id='word_1_520' title='bbox 3591 2890 3711 2946; x_wconf 88' lang='lat' dir='ltr'><strong>aliud</strong></span> 
     </span>
    </p>
   </div>
   <div class='ocr_carea' id='block_1_74' title="bbox 2183 2986 3712 3057">
    <p class='ocr_par' dir='ltr' id='par_1_74' title="bbox 2183 2986 3712 3057">
     <span class='ocr_line' id='line_1_74' title="bbox 2183 2986 3712 3057; baseline 0 -19"><span class='ocrx_word' id='word_1_521' title='bbox 2183 2986 2321 3039; x_wconf 76' lang='grc' dir='ltr'>κατὰ</span> <span class='ocrx_word' id='word_1_522' title='bbox 2352 2986 2682 3057; x_wconf 80' lang='grc' dir='ltr'>δηναρισμόν</span> <span class='ocrx_word' id='word_1_523' title='bbox 2714 3005 2725 3039; x_wconf 91' lang='lat'>:</span> <span class='ocrx_word' id='word_1_524' title='bbox 2770 2995 2823 3042; x_wconf 92' lang='lat' dir='ltr'><strong>et</strong></span> <span class='ocrx_word' id='word_1_525' title='bbox 2853 2988 2954 3042; x_wconf 86' lang='lat' dir='ltr'><strong>hoc</strong></span> <span class='ocrx_word' id='word_1_526' title='bbox 2981 2990 3258 3057; x_wconf 89' lang='lat' dir='ltr'><strong>posterius</strong></span> <span class='ocrx_word' id='word_1_527' title='bbox 3287 2989 3425 3044; x_wconf 88' lang='lat' dir='ltr'><strong>idem</strong></span> <span class='ocrx_word' id='word_1_528' title='bbox 3468 2995 3545 3043; x_wconf 89' lang='lat' dir='ltr'><strong>est</strong></span> <span class='ocrx_word' id='word_1_529' title='bbox 3579 2994 3712 3054; x_wconf 86' lang='lat' dir='ltr'><strong>atque</strong></span> 
     </span>
    </p>
   </div>
   <div class='ocr_carea' id='block_1_75' title="bbox 2183 3073 3711 3147">
    <p class='ocr_par' dir='ltr' id='par_1_75' title="bbox 2183 3073 3711 3147">
     <span class='ocr_line' id='line_1_75' title="bbox 2183 3073 3711 3147; baseline -0.003 -18"><span class='ocrx_word' id='word_1_530' title='bbox 2183 3076 2432 3139; x_wconf 65' lang='lat' dir='ltr'><strong>adaerari,</strong></span> <span class='ocrx_word' id='word_1_531' title='bbox 2467 3078 2581 3131; x_wconf 91' lang='lat' dir='ltr'><strong>sive</strong></span> <span class='ocrx_word' id='word_1_532' title='bbox 2613 3076 2667 3131; x_wconf 94' lang='lat' dir='ltr'><strong>in</strong></span> <span class='ocrx_word' id='word_1_533' title='bbox 2704 3093 2875 3132; x_wconf 66' lang='lat' dir='ltr'><strong>aereas</strong></span> <span class='ocrx_word' id='word_1_534' title='bbox 2903 3077 3115 3147; x_wconf 83' lang='lat' dir='ltr'><strong>species</strong></span> <span class='ocrx_word' id='word_1_535' title='bbox 3157 3078 3431 3133; x_wconf 90' lang='lat' dir='ltr'><strong>distribui.</strong></span> <span class='ocrx_word' id='word_1_536' title='bbox 3472 3076 3589 3132; x_wconf 86' lang='lat' dir='ltr'><strong>Cum</strong></span> <span class='ocrx_word' id='word_1_537' title='bbox 3631 3073 3711 3142; x_wconf 85' lang='lat' dir='ltr'><strong>igi-</strong></span> 
     </span>
    </p>
   </div>
   <div class='ocr_carea' id='block_1_76' title="bbox 2181 3163 3705 3241">
    <p class='ocr_par' dir='ltr' id='par_1_76' title="bbox 2181 3163 3705 3241">
     <span class='ocr_line' id='line_1_76' title="bbox 2181 3163 3705 3241; baseline -0.001 -21"><span class='ocrx_word' id='word_1_538' title='bbox 2181 3175 2271 3222; x_wconf 87' lang='lat' dir='ltr'><strong>tur</strong></span> <span class='ocrx_word' id='word_1_539' title='bbox 2302 3167 2482 3222; x_wconf 86' lang='lat' dir='ltr'><strong>follem</strong></span> <span class='ocrx_word' id='word_1_540' title='bbox 2516 3168 2651 3222; x_wconf 90' lang='lat' dir='ltr'><strong>dicit</strong></span> <span class='ocrx_word' id='word_1_541' title='bbox 2675 3172 2797 3221; x_wconf 78' lang='grc' dir='ltr'>κατ’</span> <span class='ocrx_word' id='word_1_542' title='bbox 2828 3170 3172 3241; x_wconf 81' lang='grc' dir='ltr'><strong>ἀργυρισμόν</strong></span> <span class='ocrx_word' id='word_1_543' title='bbox 3203 3170 3256 3223; x_wconf 91' lang='lat' dir='ltr'><strong>in</strong></span> <span class='ocrx_word' id='word_1_544' title='bbox 3289 3177 3576 3239; x_wconf 82' lang='lat' dir='ltr'><strong>argenteos,</strong></span> <span class='ocrx_word' id='word_1_545' title='bbox 3595 3163 3705 3219; x_wconf 70' lang='grc' dir='ltr'><strong>κατὰ</strong></span> 
     </span>
    </p>
   </div>
   <div class='ocr_carea' id='block_1_77' title="bbox 2175 3253 3705 3327">
    <p class='ocr_par' dir='ltr' id='par_1_77' title="bbox 2175 3253 3705 3327">
     <span class='ocr_line' id='line_1_77' title="bbox 2175 3253 3705 3327; baseline -0.003 -19"><span class='ocrx_word' id='word_1_546' title='bbox 2175 3256 2508 3325; x_wconf 81' lang='grc' dir='ltr'>δηναρισμόν</span> <span class='ocrx_word' id='word_1_547' title='bbox 2548 3255 2600 3309; x_wconf 91' lang='lat' dir='ltr'><strong>in</strong></span> <span class='ocrx_word' id='word_1_548' title='bbox 2640 3256 2870 3319; x_wconf 77' lang='grc' dir='ltr'>λεπτούς</span> <span class='ocrx_word' id='word_1_549' title='bbox 2903 3256 3093 3318; x_wconf 72' lang='lat' dir='ltr'><strong>dividi,</strong></span> <span class='ocrx_word' id='word_1_550' title='bbox 3129 3256 3398 3327; x_wconf 84' lang='lat' dir='ltr'><strong>profecto,</strong></span> <span class='ocrx_word' id='word_1_551' title='bbox 3431 3260 3472 3311; x_wconf 91' lang='lat' dir='ltr'><strong>si</strong></span> <span class='ocrx_word' id='word_1_552' title='bbox 3495 3253 3604 3326; x_wconf 90' lang='lat' dir='ltr'><strong>quid</strong></span> <span class='ocrx_word' id='word_1_553' title='bbox 3635 3266 3705 3307; x_wconf 83' lang='lat' dir='ltr'><strong>sa-</strong></span> 
     </span>
    </p>
   </div>
   <div class='ocr_carea' id='block_1_78' title="bbox 2176 3340 3708 3418">
    <p class='ocr_par' dir='ltr' id='par_1_78' title="bbox 2176 3340 3708 3418">
     <span class='ocr_line' id='line_1_78' title="bbox 2176 3340 3708 3418; baseline -0.002 -19"><span class='ocrx_word' id='word_1_554' title='bbox 2176 3340 2388 3416; x_wconf 71' lang='lat' dir='ltr'><strong>pimus,</strong></span> <span class='ocrx_word' id='word_1_555' title='bbox 2441 3347 2673 3411; x_wconf 77' lang='grc' dir='ltr'>λεπτούς</span> <span class='ocrx_word' id='word_1_556' title='bbox 2733 3354 2894 3418; x_wconf 80' lang='lat' dir='ltr'><strong>negat</strong></span> <span class='ocrx_word' id='word_1_557' title='bbox 2950 3355 3242 3418; x_wconf 81' lang='lat' dir='ltr'><strong>argenteos</strong></span> <span class='ocrx_word' id='word_1_558' title='bbox 3298 3364 3419 3405; x_wconf 87' lang='lat' dir='ltr'><strong>esse</strong></span> <span class='ocrx_word' id='word_1_559' title='bbox 3472 3358 3708 3408; x_wconf 81' lang='lat' dir='ltr'><strong>nummos,</strong></span> 
     </span>
    </p>
   </div>
   <div class='ocr_carea' id='block_1_79' title="bbox 2177 3436 2590 3492">
    <p class='ocr_par' dir='ltr' id='par_1_79' title="bbox 2177 3436 2590 3492">
     <span class='ocr_line' id='line_1_79' title="bbox 2177 3436 2590 3492; baseline 0.002 -1"><span class='ocrx_word' id='word_1_560' title='bbox 2177 3452 2346 3492; x_wconf 67' lang='lat' dir='ltr'><strong>aereos</strong></span> <span class='ocrx_word' id='word_1_561' title='bbox 2370 3436 2590 3492; x_wconf 90' lang='lat' dir='ltr'><strong>fatetur.</strong></span> 
     </span>
    </p>
   </div>
   <div class='ocr_carea' id='block_1_80' title="bbox 2250 3524 3711 3603">
    <p class='ocr_par' dir='ltr' id='par_1_80' title="bbox 2250 3524 3711 3603">
     <span class='ocr_line' id='line_1_80' title="bbox 2250 3524 3711 3603; baseline -0.006 -19"><span class='ocrx_word' id='word_1_562' title='bbox 2250 3528 2355 3585; x_wconf 86' lang='lat' dir='ltr'><strong>Sed</strong></span> <span class='ocrx_word' id='word_1_563' title='bbox 2389 3539 2447 3585; x_wconf 90' lang='lat' dir='ltr'><strong>ut</strong></span> <span class='ocrx_word' id='word_1_564' title='bbox 2472 3530 2537 3585; x_wconf 91' lang='lat' dir='ltr'><strong>ad</strong></span> <span class='ocrx_word' id='word_1_565' title='bbox 2589 3529 2772 3585; x_wconf 87' lang='lat' dir='ltr'><strong>follem</strong></span> <span class='ocrx_word' id='word_1_566' title='bbox 2824 3538 3089 3595; x_wconf 89' lang='lat' dir='ltr'><strong>revertar,</strong></span> <span class='ocrx_word' id='word_1_567' title='bbox 3130 3533 3294 3603; x_wconf 90' lang='lat' dir='ltr'><strong>cujus</strong></span> <span class='ocrx_word' id='word_1_568' title='bbox 3332 3541 3504 3603; x_wconf 89' lang='lat' dir='ltr'><strong>partes</strong></span> <span class='ocrx_word' id='word_1_569' title='bbox 3535 3534 3644 3585; x_wconf 92' lang='lat' dir='ltr'><strong>sunt</strong></span> <span class='ocrx_word' id='word_1_570' title='bbox 3673 3524 3711 3576; x_wconf 87' lang='lat' dir='ltr'><strong>ot</strong></span> 
     </span>
    </p>
   </div>
   <div class='ocr_carea' id='block_1_81' title="bbox 2177 3622 3713 3694">
    <p class='ocr_par' dir='ltr' id='par_1_81' title="bbox 2177 3622 3713 3694">
     <span class='ocr_line' id='line_1_81' title="bbox 2177 3622 3713 3694; baseline -0.001 -20"><span class='ocrx_word' id='word_1_571' title='bbox 2177 3622 2384 3686; x_wconf 83' lang='grc' dir='ltr'>λεπτοί,</span> <span class='ocrx_word' id='word_1_572' title='bbox 2412 3638 2481 3677; x_wconf 91' lang='lat' dir='ltr'><strong>ne</strong></span> <span class='ocrx_word' id='word_1_573' title='bbox 2510 3622 2642 3677; x_wconf 88' lang='lat' dir='ltr'><strong>illud</strong></span> <span class='ocrx_word' id='word_1_574' title='bbox 2674 3623 2891 3692; x_wconf 90' lang='lat' dir='ltr'><strong>quidem</strong></span> <span class='ocrx_word' id='word_1_575' title='bbox 2924 3625 3180 3694; x_wconf 90' lang='lat' dir='ltr'><strong>superior</strong></span> <span class='ocrx_word' id='word_1_576' title='bbox 3224 3626 3317 3679; x_wconf 91' lang='lat' dir='ltr'><strong>illa</strong></span> <span class='ocrx_word' id='word_1_577' title='bbox 3348 3623 3579 3679; x_wconf 89' lang='lat' dir='ltr'><strong>doctrina</strong></span> <span class='ocrx_word' id='word_1_578' title='bbox 3613 3631 3713 3688; x_wconf 84' lang='lat' dir='ltr'><strong>pro-</strong></span> 
     </span>
    </p>
   </div>
   <div class='ocr_carea' id='block_1_82' title="bbox 2178 3709 3709 3783">
    <p class='ocr_par' dir='ltr' id='par_1_82' title="bbox 2178 3709 3709 3783">
     <span class='ocr_line' id='line_1_82' title="bbox 2178 3709 3709 3783; baseline -0.005 -17"><span class='ocrx_word' id='word_1_579' title='bbox 2178 3711 2291 3775; x_wconf 87' lang='lat' dir='ltr'><strong>bat,</strong></span> <span class='ocrx_word' id='word_1_580' title='bbox 2318 3709 2468 3779; x_wconf 89' lang='lat' dir='ltr'><strong>quod</strong></span> <span class='ocrx_word' id='word_1_581' title='bbox 2495 3726 2824 3781; x_wconf 82' lang='lat' dir='ltr'><strong>magnopere</strong></span> <span class='ocrx_word' id='word_1_582' title='bbox 2852 3712 3022 3767; x_wconf 91' lang='lat' dir='ltr'><strong>videri</strong></span> <span class='ocrx_word' id='word_1_583' title='bbox 3049 3715 3223 3783; x_wconf 90' lang='lat' dir='ltr'><strong>cupit,</strong></span> <span class='ocrx_word' id='word_1_584' title='bbox 3244 3714 3386 3768; x_wconf 91' lang='lat' dir='ltr'><strong>idem</strong></span> <span class='ocrx_word' id='word_1_585' title='bbox 3410 3728 3523 3768; x_wconf 88' lang='lat' dir='ltr'><strong>esse</strong></span> <span class='ocrx_word' id='word_1_586' title='bbox 3546 3709 3709 3767; x_wconf 84' lang='lat' dir='ltr'><strong>follem,</strong></span> 
     </span>
    </p>
   </div>
   <div class='ocr_carea' id='block_1_83' title="bbox 2177 3796 3711 3873">
    <p class='ocr_par' dir='ltr' id='par_1_83' title="bbox 2177 3796 3711 3873">
     <span class='ocr_line' id='line_1_83' title="bbox 2177 3796 3711 3873; baseline -0.005 -19"><span class='ocrx_word' id='word_1_587' title='bbox 2177 3815 2241 3855; x_wconf 89' lang='lat' dir='ltr'><strong>ac</strong></span> <span class='ocrx_word' id='word_1_588' title='bbox 2264 3801 2577 3856; x_wconf 89' lang='lat' dir='ltr'><strong>sestertium</strong></span> <span class='ocrx_word' id='word_1_589' title='bbox 2607 3817 2840 3867; x_wconf 72' lang='lat' dir='ltr'><strong>azreum,</strong></span> <span class='ocrx_word' id='word_1_590' title='bbox 2873 3810 3147 3873; x_wconf 90' lang='lat' dir='ltr'><strong>quatenus</strong></span> <span class='ocrx_word' id='word_1_591' title='bbox 3198 3805 3481 3861; x_wconf 90' lang='lat' dir='ltr'><strong>sestertius</strong></span> <span class='ocrx_word' id='word_1_592' title='bbox 3518 3796 3711 3856; x_wconf 85' lang='lat' dir='ltr'><strong>uncialis</strong></span> 
     </span>
    </p>
   </div>
   <div class='ocr_carea' id='block_1_84' title="bbox 2178 3890 3707 3967">
    <p class='ocr_par' dir='ltr' id='par_1_84' title="bbox 2178 3890 3707 3967">
     <span class='ocr_line' id='line_1_84' title="bbox 2178 3890 3707 3967; baseline -0.001 -20"><span class='ocrx_word' id='word_1_593' title='bbox 2178 3892 2300 3960; x_wconf 90' lang='lat' dir='ltr'><strong>fuit,</strong></span> <span class='ocrx_word' id='word_1_594' title='bbox 2354 3893 2520 3964; x_wconf 89' lang='lat' dir='ltr'><strong>idque</strong></span> <span class='ocrx_word' id='word_1_595' title='bbox 2559 3894 2906 3951; x_wconf 88' lang='lat' dir='ltr'><strong>Constantini</strong></span> <span class='ocrx_word' id='word_1_596' title='bbox 2938 3904 2995 3950; x_wconf 86' lang='lat' dir='ltr'><strong>et</strong></span> <span class='ocrx_word' id='word_1_597' title='bbox 3030 3892 3324 3967; x_wconf 83' lang='lat' dir='ltr'><strong>Epiphanii</strong></span> <span class='ocrx_word' id='word_1_598' title='bbox 3359 3897 3565 3953; x_wconf 75' lang='lat' dir='ltr'><strong>saeculo.</strong></span> <span class='ocrx_word' id='word_1_599' title='bbox 3602 3890 3707 3945; x_wconf 84' lang='lat' dir='ltr'><strong>Nam</strong></span> 
     </span>
    </p>
   </div>
   <div class='ocr_carea' id='block_1_85' title="bbox 2178 3980 3699 4058">
    <p class='ocr_par' dir='ltr' id='par_1_85' title="bbox 2178 3980 3699 4058">
     <span class='ocr_line' id='line_1_85' title="bbox 2178 3980 3699 4058; baseline -0.003 -20"><span class='ocrx_word' id='word_1_600' title='bbox 2178 3986 2341 4049; x_wconf 85' lang='lat' dir='ltr'><strong>ratio,</strong></span> <span class='ocrx_word' id='word_1_601' title='bbox 2377 4000 2485 4056; x_wconf 91' lang='lat' dir='ltr'><strong>qua</strong></span> <span class='ocrx_word' id='word_1_602' title='bbox 2524 3986 2670 4041; x_wconf 91' lang='lat' dir='ltr'><strong>istud</strong></span> <span class='ocrx_word' id='word_1_603' title='bbox 2700 3986 2878 4042; x_wconf 90' lang='lat' dir='ltr'><strong>evinci</strong></span> <span class='ocrx_word' id='word_1_604' title='bbox 2908 3995 3085 4058; x_wconf 88' lang='lat' dir='ltr'><strong>putat,</strong></span> <span class='ocrx_word' id='word_1_605' title='bbox 3126 3989 3320 4044; x_wconf 82' lang='lat' dir='ltr'><strong>inanis</strong></span> <span class='ocrx_word' id='word_1_606' title='bbox 3342 4000 3424 4044; x_wconf 89' lang='lat' dir='ltr'><strong>est</strong></span> <span class='ocrx_word' id='word_1_607' title='bbox 3446 4004 3505 4042; x_wconf 93' lang='lat' dir='ltr'><strong>ac</strong></span> <span class='ocrx_word' id='word_1_608' title='bbox 3534 3980 3699 4039; x_wconf 81' lang='lat' dir='ltr'><strong>frivola.</strong></span> 
     </span>
    </p>
   </div>
   <div class='ocr_carea' id='block_1_86' title="bbox 2176 4074 3705 4148">
    <p class='ocr_par' dir='ltr' id='par_1_86' title="bbox 2176 4074 3705 4148">
     <span class='ocr_line' id='line_1_86' title="bbox 2176 4074 3705 4148; baseline 0 -20"><span class='ocrx_word' id='word_1_609' title='bbox 2176 4074 2502 4147; x_wconf 84' lang='lat' dir='ltr'><strong>Hesychius,</strong></span> <span class='ocrx_word' id='word_1_610' title='bbox 2529 4078 2625 4145; x_wconf 89' lang='lat' dir='ltr'><strong>ait,</strong></span> <span class='ocrx_word' id='word_1_611' title='bbox 2655 4077 3012 4148; x_wconf 89' lang='lat' dir='ltr'><strong>quadrantem</strong></span> <span class='ocrx_word' id='word_1_612' title='bbox 3040 4094 3164 4135; x_wconf 90' lang='lat' dir='ltr'><strong>esse</strong></span> <span class='ocrx_word' id='word_1_613' title='bbox 3186 4081 3379 4136; x_wconf 90' lang='lat' dir='ltr'><strong>scribit</strong></span> <span class='ocrx_word' id='word_1_614' title='bbox 3410 4080 3468 4133; x_wconf 76' lang='grc' dir='ltr'>τὸ</span> <span class='ocrx_word' id='word_1_615' title='bbox 3498 4079 3705 4144; x_wconf 71' lang='grc' dir='ltr'><strong>τέταρτον</strong></span> 
     </span>
    </p>
   </div>
   <div class='ocr_carea' id='block_1_87' title="bbox 2174 4165 3716 4239">
    <p class='ocr_par' dir='ltr' id='par_1_87' title="bbox 2174 4165 3716 4239">
     <span class='ocr_line' id='line_1_87' title="bbox 2174 4165 3716 4239; baseline 0.001 -21"><span class='ocrx_word' id='word_1_616' title='bbox 2174 4165 2267 4219; x_wconf 82' lang='grc' dir='ltr'><strong>τοῦ</strong></span> <span class='ocrx_word' id='word_1_617' title='bbox 2299 4167 2536 4236; x_wconf 51' lang='lat' dir='ltr'><strong>autem;</strong></span> <span class='ocrx_word' id='word_1_618' title='bbox 2571 4187 2584 4223; x_wconf 90' lang='lat'><strong>:</strong></span> <span class='ocrx_word' id='word_1_619' title='bbox 2618 4169 2899 4239; x_wconf 84' lang='lat' dir='ltr'><strong>quadrans</strong></span> <span class='ocrx_word' id='word_1_620' title='bbox 2925 4171 3001 4224; x_wconf 92' lang='lat' dir='ltr'><strong>illi</strong></span> <span class='ocrx_word' id='word_1_621' title='bbox 3029 4171 3239 4227; x_wconf 79' lang='lat' dir='ltr'><strong>dicitur.</strong></span> <span class='ocrx_word' id='word_1_622' title='bbox 3279 4174 3346 4228; x_wconf 90' lang='lat' dir='ltr'><strong>de</strong></span> <span class='ocrx_word' id='word_1_623' title='bbox 3377 4172 3575 4226; x_wconf 89' lang='lat' dir='ltr'><strong>duabus</strong></span> <span class='ocrx_word' id='word_1_624' title='bbox 3611 4167 3716 4219; x_wconf 84' lang='lat' dir='ltr'><strong>dra-</strong></span> 
     </span>
    </p>
   </div>
   <div class='ocr_carea' id='block_1_88' title="bbox 2176 4257 3716 4319">
    <p class='ocr_par' dir='ltr' id='par_1_88' title="bbox 2176 4257 3716 4319">
     <span class='ocr_line' id='line_1_88' title="bbox 2176 4257 3716 4319; baseline -0.001 -8"><span class='ocrx_word' id='word_1_625' title='bbox 2176 4257 2356 4313; x_wconf 90' lang='lat' dir='ltr'><strong>chmis</strong></span> <span class='ocrx_word' id='word_1_626' title='bbox 2394 4274 2407 4310; x_wconf 88' lang='lat'><strong>:</strong></span> <span class='ocrx_word' id='word_1_627' title='bbox 2446 4266 2571 4314; x_wconf 89' lang='lat' dir='ltr'><strong>octo</strong></span> <span class='ocrx_word' id='word_1_628' title='bbox 2597 4259 2874 4316; x_wconf 61' lang='lat' dir='ltr'><strong>drachma;</strong></span> <span class='ocrx_word' id='word_1_629' title='bbox 2907 4264 2959 4317; x_wconf 93' lang='lat' dir='ltr'><strong>in</strong></span> <span class='ocrx_word' id='word_1_630' title='bbox 2989 4264 3174 4318; x_wconf 86' lang='lat' dir='ltr'><strong>uncia.</strong></span> <span class='ocrx_word' id='word_1_631' title='bbox 3217 4263 3311 4319; x_wconf 89' lang='lat' dir='ltr'><strong>Sic</strong></span> <span class='ocrx_word' id='word_1_632' title='bbox 3334 4265 3453 4319; x_wconf 79' lang='lat' dir='ltr'><strong>dua:</strong></span> <span class='ocrx_word' id='word_1_633' title='bbox 3480 4259 3716 4317; x_wconf 69' lang='lat' dir='ltr'><strong>drachma:</strong></span> 
     </span>
    </p>
   </div>
   <div class='ocr_carea' id='block_1_89' title="bbox 2176 4351 3713 4421">
    <p class='ocr_par' dir='ltr' id='par_1_89' title="bbox 2176 4351 3713 4421">
     <span class='ocr_line' id='line_1_89' title="bbox 2176 4351 3713 4421; baseline -0.003 -20"><span class='ocrx_word' id='word_1_634' title='bbox 2176 4357 2373 4418; x_wconf 90' lang='lat' dir='ltr'><strong>quarta</strong></span> <span class='ocrx_word' id='word_1_635' title='bbox 2419 4364 2547 4419; x_wconf 88' lang='lat' dir='ltr'><strong>pars</strong></span> <span class='ocrx_word' id='word_1_636' title='bbox 2582 4351 2779 4420; x_wconf 58' lang='lat' dir='ltr'><strong>uncia},</strong></span> <span class='ocrx_word' id='word_1_637' title='bbox 2815 4352 2898 4407; x_wconf 91' lang='lat' dir='ltr'><strong>vel</strong></span> <span class='ocrx_word' id='word_1_638' title='bbox 2930 4352 3099 4421; x_wconf 90' lang='lat' dir='ltr'><strong>follis,</strong></span> <span class='ocrx_word' id='word_1_639' title='bbox 3135 4356 3222 4409; x_wconf 90' lang='lat' dir='ltr'><strong>vel</strong></span> <span class='ocrx_word' id='word_1_640' title='bbox 3253 4354 3511 4411; x_wconf 88' lang='lat' dir='ltr'><strong>sestertii.</strong></span> <span class='ocrx_word' id='word_1_641' title='bbox 3546 4351 3713 4405; x_wconf 80' lang='lat' dir='ltr'><strong>Verum</strong></span> 
     </span>
    </p>
   </div>
   <div class='ocr_carea' id='block_1_90' title="bbox 2176 4440 3717 4516">
    <p class='ocr_par' dir='ltr' id='par_1_90' title="bbox 2176 4440 3717 4516">
     <span class='ocr_line' id='line_1_90' title="bbox 2176 4440 3717 4516; baseline 0 -22"><span class='ocrx_word' id='word_1_642' title='bbox 2176 4440 2300 4510; x_wconf 90' lang='lat' dir='ltr'><strong>quis</strong></span> <span class='ocrx_word' id='word_1_643' title='bbox 2324 4441 2428 4495; x_wconf 90' lang='lat' dir='ltr'><strong>hoc</strong></span> <span class='ocrx_word' id='word_1_644' title='bbox 2456 4443 2531 4495; x_wconf 92' lang='lat' dir='ltr'><strong>illi</strong></span> <span class='ocrx_word' id='word_1_645' title='bbox 2556 4444 2828 4509; x_wconf 89' lang='lat' dir='ltr'><strong>concedit,</strong></span> <span class='ocrx_word' id='word_1_646' title='bbox 2858 4442 3189 4515; x_wconf 82' lang='lat' dir='ltr'><strong>Hesychium</strong></span> <span class='ocrx_word' id='word_1_647' title='bbox 3220 4447 3301 4502; x_wconf 47' lang='lat' dir='ltr'><strong>dev</strong></span> <span class='ocrx_word' id='word_1_648' title='bbox 3320 4446 3608 4516; x_wconf 84' lang='lat' dir='ltr'><strong>quadrante</strong></span> <span class='ocrx_word' id='word_1_649' title='bbox 3634 4452 3717 4494; x_wconf 86' lang='lat' dir='ltr'><strong>un-</strong></span> 
     </span>
    </p>
   </div>
   <div class='ocr_carea' id='block_1_91' title="bbox 490 4522 3717 4607">
    <p class='ocr_par' dir='ltr' id='par_1_91' title="bbox 490 4522 3717 4607">
     <span class='ocr_line' id='line_1_91' title="bbox 490 4522 3717 4607; baseline 0.007 -32"><span class='ocrx_word' id='word_1_650' title='bbox 490 4523 568 4577; x_wconf 77' lang='lat' dir='ltr'><strong>sis</strong></span> <span class='ocrx_word' id='word_1_651' title='bbox 609 4524 717 4577; x_wconf 90' lang='lat' dir='ltr'><strong>illis</strong></span> <span class='ocrx_word' id='word_1_652' title='bbox 766 4522 1160 4591; x_wconf 80' lang='lat' dir='ltr'><strong>Basilicarum,</strong></span> <span class='ocrx_word' id='word_1_653' title='bbox 1209 4544 1331 4597; x_wconf 67' lang='lat' dir='ltr'><strong>qua:</strong></span> <span class='ocrx_word' id='word_1_654' title='bbox 1371 4530 1560 4585; x_wconf 88' lang='lat' dir='ltr'><strong>solidis</strong></span> <span class='ocrx_word' id='word_1_655' title='bbox 1600 4548 1792 4587; x_wconf 88' lang='lat' dir='ltr'><strong>novem</strong></span> <span class='ocrx_word' id='word_1_656' title='bbox 1833 4535 2072 4607; x_wconf 79' lang='grc' dir='ltr'>ἀργύρια</span> <span class='ocrx_word' id='word_1_657' title='bbox 2105 4537 2150 4595; x_wconf 88' lang='lat' dir='ltr'>D</span> <span class='ocrx_word' id='word_1_658' title='bbox 2177 4532 2274 4583; x_wconf 66' lang='lat' dir='ltr'><strong>cia:</strong></span> <span class='ocrx_word' id='word_1_659' title='bbox 2311 4530 2457 4600; x_wconf 90' lang='lat' dir='ltr'><strong>loqui</strong></span> <span class='ocrx_word' id='word_1_660' title='bbox 2510 4532 2693 4601; x_wconf 90' lang='lat' dir='ltr'><strong>potius</strong></span> <span class='ocrx_word' id='word_1_661' title='bbox 2718 4548 2879 4602; x_wconf 90' lang='lat' dir='ltr'><strong>quam</strong></span> <span class='ocrx_word' id='word_1_662' title='bbox 2925 4534 3090 4599; x_wconf 89' lang='lat' dir='ltr'><strong>oboli,</strong></span> <span class='ocrx_word' id='word_1_663' title='bbox 3134 4536 3222 4590; x_wconf 82' lang='lat' dir='ltr'><strong>vel</strong></span> <span class='ocrx_word' id='word_1_664' title='bbox 3266 4534 3521 4591; x_wconf 79' lang='lat' dir='ltr'><strong>alterius?</strong></span> <span class='ocrx_word' id='word_1_665' title='bbox 3575 4530 3717 4597; x_wconf 69' lang='lat' dir='ltr'><strong>Qum&#39;</strong></span> 
     </span>
    </p>
   </div>
   <div class='ocr_carea' id='block_1_92' title="bbox 489 4611 2068 4680">
    <p class='ocr_par' dir='ltr' id='par_1_92' title="bbox 489 4611 2068 4680">
     <span class='ocr_line' id='line_1_92' title="bbox 489 4611 2068 4680; baseline 0.011 -17"><span class='ocrx_word' id='word_1_666' title='bbox 489 4611 662 4664; x_wconf 81' lang='grc' dir='ltr'>λεπτά</span> <span class='ocrx_word' id='word_1_667' title='bbox 693 4612 943 4667; x_wconf 88' lang='lat' dir='ltr'><strong>tribuunt</strong></span> <span class='ocrx_word' id='word_1_668' title='bbox 970 4630 1128 4669; x_wconf 82' lang='lat' dir='ltr'><strong>cxxv.</strong></span> <span class='ocrx_word' id='word_1_669' title='bbox 1158 4614 1265 4670; x_wconf 87' lang='lat' dir='ltr'><strong>Sed</strong></span> <span class='ocrx_word' id='word_1_670' title='bbox 1286 4619 1474 4673; x_wconf 86' lang='lat' dir='ltr'><strong>eodem</strong></span> <span class='ocrx_word' id='word_1_671' title='bbox 1495 4621 1655 4676; x_wconf 92' lang='lat' dir='ltr'><strong>modo</strong></span> <span class='ocrx_word' id='word_1_672' title='bbox 1672 4621 1843 4678; x_wconf 83' lang='grc' dir='ltr'>λεπτά</span> <span class='ocrx_word' id='word_1_673' title='bbox 1873 4626 2068 4680; x_wconf 91' lang='lat' dir='ltr'><strong>dicun-</strong></span> 
     </span>
    </p>
   </div>
   <div class='ocr_carea' id='block_1_93' title="bbox 491 4702 2071 4787">
    <p class='ocr_par' dir='ltr' id='par_1_93' title="bbox 491 4702 2071 4787">
     <span class='ocr_line' id='line_1_93' title="bbox 491 4702 2071 4787; baseline 0.011 -32"><span class='ocrx_word' id='word_1_674' title='bbox 491 4713 599 4767; x_wconf 88' lang='lat' dir='ltr'><strong>tur,</strong></span> <span class='ocrx_word' id='word_1_675' title='bbox 630 4719 738 4774; x_wconf 91' lang='lat' dir='ltr'><strong>quo</strong></span> <span class='ocrx_word' id='word_1_676' title='bbox 774 4702 1067 4760; x_wconf 87' lang='lat' dir='ltr'><strong>drachmas</strong></span> <span class='ocrx_word' id='word_1_677' title='bbox 1096 4707 1231 4762; x_wconf 87' lang='lat' dir='ltr'><strong>alias</strong></span> <span class='ocrx_word' id='word_1_678' title='bbox 1269 4724 1391 4764; x_wconf 86' lang='lat' dir='ltr'><strong>esse</strong></span> <span class='ocrx_word' id='word_1_679' title='bbox 1424 4710 1645 4775; x_wconf 84' lang='grc' dir='ltr'><strong>λεπτάς,</strong></span> <span class='ocrx_word' id='word_1_680' title='bbox 1680 4714 1815 4771; x_wconf 89' lang='lat' dir='ltr'><strong>alias</strong></span> <span class='ocrx_word' id='word_1_681' title='bbox 1844 4718 2071 4787; x_wconf 74' lang='grc' dir='ltr'><strong>παχείας</strong></span> 
     </span>
    </p>
   </div>
   <div class='ocr_carea' id='block_1_94' title="bbox 487 4794 2072 4872">
    <p class='ocr_par' dir='ltr' id='par_1_94' title="bbox 487 4794 2072 4872">
     <span class='ocr_line' id='line_1_94' title="bbox 487 4794 2072 4872; baseline 0.011 -26"><span class='ocrx_word' id='word_1_682' title='bbox 487 4803 681 4850; x_wconf 87' lang='lat' dir='ltr'><strong>auctor</strong></span> <span class='ocrx_word' id='word_1_683' title='bbox 730 4804 814 4851; x_wconf 87' lang='lat' dir='ltr'><strong>est</strong></span> <span class='ocrx_word' id='word_1_684' title='bbox 864 4794 1201 4866; x_wconf 79' lang='lat' dir='ltr'><strong>Hesychius,</strong></span> <span class='ocrx_word' id='word_1_685' title='bbox 1256 4799 1312 4854; x_wconf 91' lang='lat' dir='ltr'><strong>in</strong></span> <span class='ocrx_word' id='word_1_686' title='bbox 1367 4817 1500 4855; x_wconf 85' lang='lat' dir='ltr'><strong>voce</strong></span> <span class='ocrx_word' id='word_1_687' title='bbox 1550 4805 1858 4859; x_wconf 84' lang='grc' dir='ltr'>Λεπταλέον</span> <span class='ocrx_word' id='word_1_688' title='bbox 1890 4825 1903 4838; x_wconf 89' lang='grc'>·</span> <span class='ocrx_word' id='word_1_689' title='bbox 1961 4810 2072 4872; x_wconf 82' lang='grc' dir='ltr'><strong>Τὰς</strong></span> 
     </span>
    </p>
   </div>
   <div class='ocr_carea' id='block_1_95' title="bbox 484 4886 2072 4968">
    <p class='ocr_par' dir='ltr' id='par_1_95' title="bbox 484 4886 2072 4968">
     <span class='ocr_line' id='line_1_95' title="bbox 484 4886 2072 4968; baseline 0.009 -28"><span class='ocrx_word' id='word_1_690' title='bbox 484 4886 755 4961; x_wconf 73' lang='grc' dir='ltr'><strong>δραχμὰς,</strong></span> <span class='ocrx_word' id='word_1_691' title='bbox 788 4888 989 4954; x_wconf 82' lang='grc' dir='ltr'><strong>λεπτὰς</strong></span> <span class='ocrx_word' id='word_1_692' title='bbox 1021 4892 1118 4962; x_wconf 79' lang='grc' dir='ltr'>μὲν</span> <span class='ocrx_word' id='word_1_693' title='bbox 1148 4891 1247 4955; x_wconf 86' lang='grc' dir='ltr'><strong>τὰς</strong></span> <span class='ocrx_word' id='word_1_694' title='bbox 1280 4893 1596 4961; x_wconf 80' lang='grc' dir='ltr'><strong>ὲξωδόλους,</strong></span> <span class='ocrx_word' id='word_1_695' title='bbox 1631 4898 1860 4968; x_wconf 80' lang='grc' dir='ltr'>παχείας</span> <span class='ocrx_word' id='word_1_696' title='bbox 1887 4899 1943 4953; x_wconf 81' lang='grc' dir='ltr'><strong>δὲ</strong></span> <span class='ocrx_word' id='word_1_697' title='bbox 1973 4900 2072 4965; x_wconf 76' lang='grc' dir='ltr'><strong>τὰς</strong></span> 
     </span>
    </p>
   </div>
   <div class='ocr_carea' id='block_1_96' title="bbox 488 4978 2067 5058">
    <p class='ocr_par' dir='ltr' id='par_1_96' title="bbox 488 4978 2067 5058">
     <span class='ocr_line' id='line_1_96' title="bbox 488 4978 2067 5058; baseline 0.008 -27"><span class='ocrx_word' id='word_1_698' title='bbox 488 4978 650 5032; x_wconf 81' lang='grc' dir='ltr'>πλέον</span> <span class='ocrx_word' id='word_1_699' title='bbox 706 4979 958 5051; x_wconf 78' lang='grc' dir='ltr'>ἐχούσας.</span> <span class='ocrx_word' id='word_1_700' title='bbox 1007 4981 1111 5037; x_wconf 90' lang='lat' dir='ltr'><strong>Sed</strong></span> <span class='ocrx_word' id='word_1_701' title='bbox 1162 4999 1270 5037; x_wconf 84' lang='lat' dir='ltr'><strong>non</strong></span> <span class='ocrx_word' id='word_1_702' title='bbox 1326 4985 1509 5039; x_wconf 87' lang='lat' dir='ltr'><strong>statim</strong></span> <span class='ocrx_word' id='word_1_703' title='bbox 1562 5001 1907 5058; x_wconf 85' lang='lat' dir='ltr'><strong>consequens</strong></span> <span class='ocrx_word' id='word_1_704' title='bbox 1964 4999 2067 5057; x_wconf 88' lang='lat' dir='ltr'><strong>est,</strong></span> 
     </span>
    </p>
   </div>
   <div class='ocr_carea' id='block_1_97' title="bbox 485 5070 2067 5151">
    <p class='ocr_par' dir='ltr' id='par_1_97' title="bbox 485 5070 2067 5151">
     <span class='ocr_line' id='line_1_97' title="bbox 485 5070 2067 5151; baseline 0.01 -29"><span class='ocrx_word' id='word_1_705' title='bbox 485 5070 658 5126; x_wconf 82' lang='grc' dir='ltr'><strong>λεπτά</strong></span> <span class='ocrx_word' id='word_1_706' title='bbox 718 5088 817 5141; x_wconf 90' lang='lat' dir='ltr'><strong>pro</strong></span> <span class='ocrx_word' id='word_1_707' title='bbox 874 5073 1151 5129; x_wconf 88' lang='lat' dir='ltr'><strong>drachmis</strong></span> <span class='ocrx_word' id='word_1_708' title='bbox 1206 5076 1561 5145; x_wconf 89' lang='lat' dir='ltr'><strong>simpliciter,</strong></span> <span class='ocrx_word' id='word_1_709' title='bbox 1621 5095 1686 5134; x_wconf 84' lang='lat' dir='ltr'><strong>ac</strong></span> <span class='ocrx_word' id='word_1_710' title='bbox 1737 5081 1857 5136; x_wconf 88' lang='lat' dir='ltr'><strong>sine</strong></span> <span class='ocrx_word' id='word_1_711' title='bbox 1920 5083 2067 5151; x_wconf 88' lang='lat' dir='ltr'><strong>adje-</strong></span> 
     </span>
    </p>
   </div>
   <div class='ocr_carea' id='block_1_98' title="bbox 485 5162 2067 5239">
    <p class='ocr_par' dir='ltr' id='par_1_98' title="bbox 485 5162 2067 5239">
     <span class='ocr_line' id='line_1_98' title="bbox 485 5162 2067 5239; baseline 0.008 -24"><span class='ocrx_word' id='word_1_712' title='bbox 485 5162 666 5217; x_wconf 89' lang='lat' dir='ltr'><strong>ctione</strong></span> <span class='ocrx_word' id='word_1_713' title='bbox 718 5162 883 5217; x_wconf 87' lang='lat' dir='ltr'><strong>sumi.</strong></span> <span class='ocrx_word' id='word_1_714' title='bbox 928 5164 1396 5229; x_wconf 86' lang='lat' dir='ltr'><strong>Quemadmodum</strong></span> <span class='ocrx_word' id='word_1_715' title='bbox 1452 5177 1741 5237; x_wconf 87' lang='lat' dir='ltr'><strong>propterea</strong></span> <span class='ocrx_word' id='word_1_716' title='bbox 1789 5172 1934 5239; x_wconf 85' lang='lat' dir='ltr'><strong>quod</strong></span> <span class='ocrx_word' id='word_1_717' title='bbox 1987 5181 2067 5226; x_wconf 91' lang='lat' dir='ltr'><strong>ta-</strong></span> 
     </span>
    </p>
   </div>
   <div class='ocr_carea' id='block_1_99' title="bbox 486 5252 2060 5332">
    <p class='ocr_par' dir='ltr' id='par_1_99' title="bbox 486 5252 2060 5332">
     <span class='ocr_line' id='line_1_99' title="bbox 486 5252 2060 5332; baseline 0.008 -27"><span class='ocrx_word' id='word_1_718' title='bbox 486 5253 693 5306; x_wconf 89' lang='lat' dir='ltr'><strong>lentum</strong></span> <span class='ocrx_word' id='word_1_719' title='bbox 740 5252 889 5306; x_wconf 89' lang='lat' dir='ltr'><strong>aliud</strong></span> <span class='ocrx_word' id='word_1_720' title='bbox 941 5262 1062 5307; x_wconf 90' lang='lat' dir='ltr'><strong>erat</strong></span> <span class='ocrx_word' id='word_1_721' title='bbox 1105 5256 1475 5325; x_wconf 90' lang='lat' dir='ltr'><strong>commodum,</strong></span> <span class='ocrx_word' id='word_1_722' title='bbox 1509 5260 1598 5313; x_wconf 90' lang='lat' dir='ltr'><strong>cui</strong></span> <span class='ocrx_word' id='word_1_723' title='bbox 1650 5261 1784 5314; x_wconf 90' lang='lat' dir='ltr'><strong>nihil</strong></span> <span class='ocrx_word' id='word_1_724' title='bbox 1844 5263 2060 5332; x_wconf 90' lang='lat' dir='ltr'><strong>deerat;</strong></span> 
     </span>
    </p>
   </div>
   <div class='ocr_carea' id='block_1_100' title="bbox 484 5340 2063 5412">
    <p class='ocr_par' dir='ltr' id='par_1_100' title="bbox 484 5340 2063 5412">
     <span class='ocr_line' id='line_1_100' title="bbox 484 5340 2063 5412; baseline 0.008 -19"><span class='ocrx_word' id='word_1_725' title='bbox 484 5340 633 5395; x_wconf 91' lang='lat' dir='ltr'><strong>aliud</strong></span> <span class='ocrx_word' id='word_1_726' title='bbox 665 5355 948 5411; x_wconf 72' lang='lat' dir='ltr'><strong>magnum,</strong></span> <span class='ocrx_word' id='word_1_727' title='bbox 983 5343 1068 5395; x_wconf 90' lang='lat' dir='ltr'><strong>cui</strong></span> <span class='ocrx_word' id='word_1_728' title='bbox 1100 5355 1385 5412; x_wconf 86' lang='lat' dir='ltr'><strong>supererat</strong></span> <span class='ocrx_word' id='word_1_729' title='bbox 1414 5364 1424 5398; x_wconf 95' lang='lat'>:</span> <span class='ocrx_word' id='word_1_730' title='bbox 1457 5362 1565 5400; x_wconf 90' lang='lat' dir='ltr'><strong>non</strong></span> <span class='ocrx_word' id='word_1_731' title='bbox 1603 5347 1725 5403; x_wconf 89' lang='lat' dir='ltr'><strong>ideo</strong></span> <span class='ocrx_word' id='word_1_732' title='bbox 1754 5364 1915 5404; x_wconf 87' lang='lat' dir='ltr'><strong>voces</strong></span> <span class='ocrx_word' id='word_1_733' title='bbox 1959 5353 2063 5407; x_wconf 71' lang='lat' dir='ltr'><strong>illa:</strong></span> 
     </span>
    </p>
   </div>
   <div class='ocr_carea' id='block_1_101' title="bbox 482 5432 2064 5509">
    <p class='ocr_par' dir='ltr' id='par_1_101' title="bbox 482 5432 2064 5509">
     <span class='ocr_line' id='line_1_101' title="bbox 482 5432 2064 5509; baseline 0.007 -24"><span class='ocrx_word' id='word_1_734' title='bbox 482 5448 755 5503; x_wconf 84' lang='lat' dir='ltr'><strong>magnum,</strong></span> <span class='ocrx_word' id='word_1_735' title='bbox 800 5432 884 5487; x_wconf 89' lang='lat' dir='ltr'><strong>vel</strong></span> <span class='ocrx_word' id='word_1_736' title='bbox 925 5432 1279 5497; x_wconf 85' lang='lat' dir='ltr'><strong>commodum,</strong></span> <span class='ocrx_word' id='word_1_737' title='bbox 1318 5435 1641 5505; x_wconf 90' lang='lat' dir='ltr'><strong>simpliciter</strong></span> <span class='ocrx_word' id='word_1_738' title='bbox 1669 5451 1944 5509; x_wconf 74' lang='lat' dir='ltr'><strong>usurpata:</strong></span> <span class='ocrx_word' id='word_1_739' title='bbox 1978 5451 2064 5496; x_wconf 91' lang='lat' dir='ltr'><strong>ta-</strong></span> 
     </span>
    </p>
   </div>
   <div class='ocr_carea' id='block_1_102' title="bbox 483 5524 2065 5605">
    <p class='ocr_par' dir='ltr' id='par_1_102' title="bbox 483 5524 2065 5605">
     <span class='ocr_line' id='line_1_102' title="bbox 483 5524 2065 5605; baseline 0.006 -27"><span class='ocrx_word' id='word_1_740' title='bbox 483 5524 691 5579; x_wconf 89' lang='lat' dir='ltr'><strong>lentum</strong></span> <span class='ocrx_word' id='word_1_741' title='bbox 748 5524 1075 5595; x_wconf 83' lang='lat' dir='ltr'><strong>signilicant.</strong></span> <span class='ocrx_word' id='word_1_742' title='bbox 1134 5526 1215 5579; x_wconf 79' lang='lat' dir='ltr'><strong>Ad</strong></span> <span class='ocrx_word' id='word_1_743' title='bbox 1262 5529 1512 5582; x_wconf 88' lang='lat' dir='ltr'><strong>eumdem</strong></span> <span class='ocrx_word' id='word_1_744' title='bbox 1559 5530 1779 5584; x_wconf 92' lang='lat' dir='ltr'><strong>modum</strong></span> <span class='ocrx_word' id='word_1_745' title='bbox 1827 5533 2065 5605; x_wconf 76' lang='grc' dir='ltr'>ἀργύρια</span> 
     </span>
    </p>
   </div>
   <div class='ocr_carea' id='block_1_103' title="bbox 485 5614 2063 5692">
    <p class='ocr_par' dir='ltr' id='par_1_103' title="bbox 485 5614 2063 5692">
     <span class='ocr_line' id='line_1_103' title="bbox 485 5614 2063 5692; baseline 0.01 -27"><span class='ocrx_word' id='word_1_746' title='bbox 485 5614 659 5671; x_wconf 77' lang='grc' dir='ltr'>λεπτά</span> <span class='ocrx_word' id='word_1_747' title='bbox 707 5616 914 5672; x_wconf 73' lang='grc' dir='ltr'><strong>Οιοεετε</strong></span> <span class='ocrx_word' id='word_1_748' title='bbox 970 5617 1255 5672; x_wconf 87' lang='lat' dir='ltr'><strong>nominant</strong></span> <span class='ocrx_word' id='word_1_749' title='bbox 1307 5619 1547 5675; x_wconf 88' lang='lat' dir='ltr'><strong>minores</strong></span> <span class='ocrx_word' id='word_1_750' title='bbox 1591 5632 1897 5692; x_wconf 80' lang='lat' dir='ltr'><strong>argenteos,</strong></span> <span class='ocrx_word' id='word_1_751' title='bbox 1945 5636 2063 5681; x_wconf 91' lang='lat' dir='ltr'><strong>uta</strong></span> 
     </span>
    </p>
   </div>
   <div class='ocr_carea' id='block_1_104' title="bbox 491 5706 2060 5785">
    <p class='ocr_par' dir='ltr' id='par_1_104' title="bbox 491 5706 2060 5785">
     <span class='ocr_line' id='line_1_104' title="bbox 491 5706 2060 5785; baseline 0.009 -28"><span class='ocrx_word' id='word_1_752' title='bbox 491 5706 788 5775; x_wconf 85' lang='lat' dir='ltr'><strong>majoribus</strong></span> <span class='ocrx_word' id='word_1_753' title='bbox 841 5709 1246 5776; x_wconf 88' lang='lat' dir='ltr'><strong>discernantur,</strong></span> <span class='ocrx_word' id='word_1_754' title='bbox 1301 5712 1492 5779; x_wconf 88' lang='lat' dir='ltr'><strong>quales</strong></span> <span class='ocrx_word' id='word_1_755' title='bbox 1536 5722 1691 5767; x_wconf 89' lang='lat' dir='ltr'><strong>erant</strong></span> <span class='ocrx_word' id='word_1_756' title='bbox 1731 5715 2060 5785; x_wconf 87' lang='lat' dir='ltr'><strong>didrachmi,</strong></span> 
     </span>
    </p>
   </div>
   <div class='ocr_carea' id='block_1_105' title="bbox 412 5793 2052 5875">
    <p class='ocr_par' dir='ltr' id='par_1_105' title="bbox 412 5793 2052 5875">
     <span class='ocr_line' id='line_1_105' title="bbox 412 5793 2052 5875; baseline 0.012 -30"><span class='ocrx_word' id='word_1_757' title='bbox 412 5818 413 5821; x_wconf 57' lang='grc' dir='ltr'><strong>η</strong></span> <span class='ocrx_word' id='word_1_758' title='bbox 484 5793 566 5850; x_wconf 78' lang='lat' dir='ltr'><strong>vel</strong></span> <span class='ocrx_word' id='word_1_759' title='bbox 594 5799 832 5864; x_wconf 77' lang='lat' dir='ltr'><strong>argentei</strong></span> <span class='ocrx_word' id='word_1_760' title='bbox 869 5798 1133 5869; x_wconf 87' lang='lat' dir='ltr'><strong>majores;</strong></span> <span class='ocrx_word' id='word_1_761' title='bbox 1162 5816 1190 5855; x_wconf 88' lang='lat' dir='ltr'><strong>a</strong></span> <span class='ocrx_word' id='word_1_762' title='bbox 1232 5801 1433 5873; x_wconf 88' lang='lat' dir='ltr'><strong>quibus</strong></span> <span class='ocrx_word' id='word_1_763' title='bbox 1487 5804 1781 5860; x_wconf 81' lang='lat' dir='ltr'><strong>millenarii</strong></span> <span class='ocrx_word' id='word_1_764' title='bbox 1822 5811 2052 5875; x_wconf 87' lang='lat' dir='ltr'><strong>nummi,</strong></span> 
     </span>
    </p>
   </div>
   <div class='ocr_carea' id='block_1_106' title="bbox 2174 4620 3715 4697">
    <p class='ocr_par' dir='ltr' id='par_1_106' title="bbox 2174 4620 3715 4697">
     <span class='ocr_line' id='line_1_106' title="bbox 2174 4620 3715 4697; baseline 0.005 -24"><span class='ocrx_word' id='word_1_765' title='bbox 2174 4620 2338 4673; x_wconf 89' lang='lat' dir='ltr'><strong>etiam</strong></span> <span class='ocrx_word' id='word_1_766' title='bbox 2366 4636 2488 4675; x_wconf 88' lang='lat' dir='ltr'><strong>cum</strong></span> <span class='ocrx_word' id='word_1_767' title='bbox 2515 4621 2709 4675; x_wconf 84' lang='grc' dir='ltr'>λεπτόν</span> <span class='ocrx_word' id='word_1_768' title='bbox 2736 4639 2857 4678; x_wconf 91' lang='lat' dir='ltr'><strong>esse</strong></span> <span class='ocrx_word' id='word_1_769' title='bbox 2882 4620 3098 4678; x_wconf 83' lang='lat' dir='ltr'><strong>dicatur</strong></span> <span class='ocrx_word' id='word_1_770' title='bbox 3126 4625 3271 4680; x_wconf 89' lang='lat' dir='ltr'><strong>idem</strong></span> <span class='ocrx_word' id='word_1_771' title='bbox 3292 4633 3454 4697; x_wconf 88' lang='lat' dir='ltr'><strong>atque</strong></span> <span class='ocrx_word' id='word_1_772' title='bbox 3470 4623 3715 4680; x_wconf 69' lang='lat' dir='ltr'><strong>drachma.</strong></span> 
     </span>
    </p>
   </div>
   <div class='ocr_carea' id='block_1_107' title="bbox 2173 4712 3716 4787">
    <p class='ocr_par' dir='ltr' id='par_1_107' title="bbox 2173 4712 3716 4787">
     <span class='ocr_line' id='line_1_107' title="bbox 2173 4712 3716 4787; baseline 0.003 -24"><span class='ocrx_word' id='word_1_773' title='bbox 2173 4712 2451 4780; x_wconf 88' lang='lat' dir='ltr'><strong>quadrans</strong></span> <span class='ocrx_word' id='word_1_774' title='bbox 2480 4729 2611 4769; x_wconf 89' lang='lat' dir='ltr'><strong>vero</strong></span> <span class='ocrx_word' id='word_1_775' title='bbox 2649 4714 2825 4769; x_wconf 82' lang='grc' dir='ltr'>λεπτά</span> <span class='ocrx_word' id='word_1_776' title='bbox 2875 4716 2983 4771; x_wconf 83' lang='grc' dir='ltr'><strong>(1υο</strong></span> <span class='ocrx_word' id='word_1_777' title='bbox 3040 4719 3359 4787; x_wconf 89' lang='lat' dir='ltr'><strong>contineat;</strong></span> <span class='ocrx_word' id='word_1_778' title='bbox 3416 4718 3553 4773; x_wconf 88' lang='lat' dir='ltr'><strong>follis</strong></span> <span class='ocrx_word' id='word_1_779' title='bbox 3603 4726 3716 4783; x_wconf 86' lang='lat' dir='ltr'><strong>qua-</strong></span> 
     </span>
    </p>
   </div>
   <div class='ocr_carea' id='block_1_108' title="bbox 2172 4806 3717 4881">
    <p class='ocr_par' dir='ltr' id='par_1_108' title="bbox 2172 4806 3717 4881">
     <span class='ocr_line' id='line_1_108' title="bbox 2172 4806 3717 4881; baseline 0.002 -24"><span class='ocrx_word' id='word_1_780' title='bbox 2172 4806 2397 4861; x_wconf 90' lang='lat' dir='ltr'><strong>drantes</strong></span> <span class='ocrx_word' id='word_1_781' title='bbox 2432 4807 2592 4871; x_wconf 89' lang='lat' dir='ltr'><strong>duos,</strong></span> <span class='ocrx_word' id='word_1_782' title='bbox 2631 4822 2815 4862; x_wconf 90' lang='lat' dir='ltr'><strong>nonne</strong></span> <span class='ocrx_word' id='word_1_783' title='bbox 2842 4808 3035 4865; x_wconf 90' lang='lat' dir='ltr'><strong>iisdem</strong></span> <span class='ocrx_word' id='word_1_784' title='bbox 3059 4825 3124 4865; x_wconf 82' lang='lat' dir='ltr'><strong>ex</strong></span> <span class='ocrx_word' id='word_1_785' title='bbox 3158 4812 3468 4881; x_wconf 90' lang='lat' dir='ltr'><strong>principiis,</strong></span> <span class='ocrx_word' id='word_1_786' title='bbox 3491 4816 3640 4877; x_wconf 86' lang='lat' dir='ltr'><strong>atque</strong></span> <span class='ocrx_word' id='word_1_787' title='bbox 3663 4817 3717 4857; x_wconf 77' lang='lat' dir='ltr'><strong>cx</strong></span> 
     </span>
    </p>
   </div>
   <div class='ocr_carea' id='block_1_109' title="bbox 2170 4894 3714 4968">
    <p class='ocr_par' dir='ltr' id='par_1_109' title="bbox 2170 4894 3714 4968">
     <span class='ocr_line' id='line_1_109' title="bbox 2170 4894 3714 4968; baseline 0.001 -18"><span class='ocrx_word' id='word_1_788' title='bbox 2170 4894 2359 4951; x_wconf 90' lang='lat' dir='ltr'><strong>eadem</strong></span> <span class='ocrx_word' id='word_1_789' title='bbox 2411 4895 2670 4968; x_wconf 82' lang='lat' dir='ltr'><strong>Hesycliii</strong></span> <span class='ocrx_word' id='word_1_790' title='bbox 2716 4901 3079 4967; x_wconf 89' lang='lat' dir='ltr'><strong>auctoritate,</strong></span> <span class='ocrx_word' id='word_1_791' title='bbox 3130 4905 3507 4965; x_wconf 78' lang='lat' dir='ltr'><strong>convincitur,</strong></span> <span class='ocrx_word' id='word_1_792' title='bbox 3564 4897 3714 4953; x_wconf 86' lang='lat' dir='ltr'><strong>follem</strong></span> 
     </span>
    </p>
   </div>
   <div class='ocr_carea' id='block_1_110' title="bbox 2171 4987 3718 5059">
    <p class='ocr_par' dir='ltr' id='par_1_110' title="bbox 2171 4987 3718 5059">
     <span class='ocr_line' id='line_1_110' title="bbox 2171 4987 3718 5059; baseline 0.005 -18"><span class='ocrx_word' id='word_1_793' title='bbox 2171 4996 2298 5042; x_wconf 92' lang='lat' dir='ltr'><strong>octo</strong></span> <span class='ocrx_word' id='word_1_794' title='bbox 2323 4987 2604 5045; x_wconf 88' lang='lat' dir='ltr'><strong>drachmis</strong></span> <span class='ocrx_word' id='word_1_795' title='bbox 2633 5000 2909 5056; x_wconf 87' lang='lat' dir='ltr'><strong>constare,</strong></span> <span class='ocrx_word' id='word_1_796' title='bbox 2950 4993 3065 5048; x_wconf 90' lang='lat' dir='ltr'><strong>sive</strong></span> <span class='ocrx_word' id='word_1_797' title='bbox 3101 4994 3395 5050; x_wconf 72' lang='lat' dir='ltr'><strong>denariis?</strong></span> <span class='ocrx_word' id='word_1_798' title='bbox 3426 4992 3539 5048; x_wconf 79' lang='lat' dir='ltr'><strong>Non</strong></span> <span class='ocrx_word' id='word_1_799' title='bbox 3579 4987 3718 5059; x_wconf 65' lang='lat' dir='ltr'><strong>igitur</strong></span> 
     </span>
    </p>
   </div>
   <div class='ocr_carea' id='block_1_111' title="bbox 2165 5078 3716 5155">
    <p class='ocr_par' dir='ltr' id='par_1_111' title="bbox 2165 5078 3716 5155">
     <span class='ocr_line' id='line_1_111' title="bbox 2165 5078 3716 5155; baseline 0.001 -24"><span class='ocrx_word' id='word_1_800' title='bbox 2165 5078 2277 5147; x_wconf 86' lang='lat' dir='ltr'><strong>jam</strong></span> <span class='ocrx_word' id='word_1_801' title='bbox 2314 5095 2488 5135; x_wconf 63' lang='lat' dir='ltr'><strong>aereus</strong></span> <span class='ocrx_word' id='word_1_802' title='bbox 2539 5098 2802 5138; x_wconf 88' lang='lat' dir='ltr'><strong>nummus</strong></span> <span class='ocrx_word' id='word_1_803' title='bbox 2831 5084 2958 5147; x_wconf 89' lang='lat' dir='ltr'><strong>erit,</strong></span> <span class='ocrx_word' id='word_1_804' title='bbox 3002 5083 3099 5139; x_wconf 90' lang='lat' dir='ltr'><strong>sed</strong></span> <span class='ocrx_word' id='word_1_805' title='bbox 3146 5094 3459 5155; x_wconf 84' lang='lat' dir='ltr'><strong>argenteus,</strong></span> <span class='ocrx_word' id='word_1_806' title='bbox 3494 5096 3615 5137; x_wconf 87' lang='lat' dir='ltr'><strong>sane</strong></span> <span class='ocrx_word' id='word_1_807' title='bbox 3640 5092 3716 5132; x_wconf 89' lang='lat' dir='ltr'><strong>ve-</strong></span> 
     </span>
    </p>
   </div>
   <div class='ocr_carea' id='block_1_112' title="bbox 2169 5166 3714 5239">
    <p class='ocr_par' dir='ltr' id='par_1_112' title="bbox 2169 5166 3714 5239">
     <span class='ocr_line' id='line_1_112' title="bbox 2169 5166 3714 5239; baseline -0.003 -17"><span class='ocrx_word' id='word_1_808' title='bbox 2169 5169 2414 5239; x_wconf 82' lang='lat' dir='ltr'><strong>grandis,</strong></span> <span class='ocrx_word' id='word_1_809' title='bbox 2448 5172 2503 5224; x_wconf 92' lang='lat' dir='ltr'><strong>in</strong></span> <span class='ocrx_word' id='word_1_810' title='bbox 2528 5186 2638 5239; x_wconf 86' lang='lat' dir='ltr'><strong>quo</strong></span> <span class='ocrx_word' id='word_1_811' title='bbox 2669 5173 2909 5227; x_wconf 88' lang='lat' dir='ltr'><strong>sestertii</strong></span> <span class='ocrx_word' id='word_1_812' title='bbox 2937 5180 3099 5227; x_wconf 89' lang='lat' dir='ltr'><strong>erunt</strong></span> <span class='ocrx_word' id='word_1_813' title='bbox 3142 5190 3329 5239; x_wconf 80' lang='lat' dir='ltr'><strong>xxxu;</strong></span> <span class='ocrx_word' id='word_1_814' title='bbox 3375 5173 3563 5229; x_wconf 87' lang='lat' dir='ltr'><strong>nedum</strong></span> <span class='ocrx_word' id='word_1_815' title='bbox 3595 5166 3714 5223; x_wconf 88' lang='lat' dir='ltr'><strong>follis</strong></span> 
     </span>
    </p>
   </div>
   <div class='ocr_carea' id='block_1_113' title="bbox 2169 5262 3714 5333">
    <p class='ocr_par' dir='ltr' id='par_1_113' title="bbox 2169 5262 3714 5333">
     <span class='ocr_line' id='line_1_113' title="bbox 2169 5262 3714 5333; baseline -0.002 -18"><span class='ocrx_word' id='word_1_816' title='bbox 2169 5262 2313 5316; x_wconf 88' lang='lat' dir='ltr'><strong>idem</strong></span> <span class='ocrx_word' id='word_1_817' title='bbox 2343 5264 2446 5318; x_wconf 90' lang='lat' dir='ltr'><strong>erit</strong></span> <span class='ocrx_word' id='word_1_818' title='bbox 2470 5278 2533 5317; x_wconf 89' lang='lat' dir='ltr'><strong>ac</strong></span> <span class='ocrx_word' id='word_1_819' title='bbox 2557 5266 2845 5319; x_wconf 90' lang='lat' dir='ltr'><strong>sestertius</strong></span> <span class='ocrx_word' id='word_1_820' title='bbox 2876 5280 3072 5320; x_wconf 71' lang='lat' dir='ltr'><strong>azreus.</strong></span> <span class='ocrx_word' id='word_1_821' title='bbox 3099 5264 3260 5329; x_wconf 88' lang='lat' dir='ltr'><strong>Quod</strong></span> <span class='ocrx_word' id='word_1_822' title='bbox 3291 5276 3469 5320; x_wconf 89' lang='lat' dir='ltr'><strong>utrum</strong></span> <span class='ocrx_word' id='word_1_823' title='bbox 3502 5276 3592 5333; x_wconf 91' lang='lat' dir='ltr'><strong>per</strong></span> <span class='ocrx_word' id='word_1_824' title='bbox 3613 5269 3714 5313; x_wconf 84' lang='lat' dir='ltr'><strong>sese</strong></span> 
     </span>
    </p>
   </div>
   <div class='ocr_carea' id='block_1_114' title="bbox 2169 5356 3714 5427">
    <p class='ocr_par' dir='ltr' id='par_1_114' title="bbox 2169 5356 3714 5427">
     <span class='ocr_line' id='line_1_114' title="bbox 2169 5356 3714 5427; baseline -0.001 -19"><span class='ocrx_word' id='word_1_825' title='bbox 2169 5369 2356 5409; x_wconf 90' lang='lat' dir='ltr'><strong>verum</strong></span> <span class='ocrx_word' id='word_1_826' title='bbox 2392 5370 2566 5410; x_wconf 91' lang='lat' dir='ltr'><strong>necne</strong></span> <span class='ocrx_word' id='word_1_827' title='bbox 2596 5357 2687 5421; x_wconf 89' lang='lat' dir='ltr'><strong>sit,</strong></span> <span class='ocrx_word' id='word_1_828' title='bbox 2715 5357 2854 5411; x_wconf 86' lang='lat' dir='ltr'><strong>nihil</strong></span> <span class='ocrx_word' id='word_1_829' title='bbox 2886 5358 2975 5412; x_wconf 90' lang='lat' dir='ltr'><strong>hic</strong></span> <span class='ocrx_word' id='word_1_830' title='bbox 2995 5356 3224 5411; x_wconf 82' lang='lat' dir='ltr'><strong>allirmo.</strong></span> <span class='ocrx_word' id='word_1_831' title='bbox 3258 5357 3374 5412; x_wconf 82' lang='lat' dir='ltr'><strong>Hoc</strong></span> <span class='ocrx_word' id='word_1_832' title='bbox 3399 5371 3589 5427; x_wconf 85' lang='lat' dir='ltr'><strong>pugno,</strong></span> <span class='ocrx_word' id='word_1_833' title='bbox 3613 5361 3714 5421; x_wconf 58' lang='lat' dir='ltr'><strong>qua}</strong></span> 
     </span>
    </p>
   </div>
   <div class='ocr_carea' id='block_1_115' title="bbox 2168 5440 3711 5512">
    <p class='ocr_par' dir='ltr' id='par_1_115' title="bbox 2168 5440 3711 5512">
     <span class='ocr_line' id='line_1_115' title="bbox 2168 5440 3711 5512; baseline -0.005 -13"><span class='ocrx_word' id='word_1_834' title='bbox 2168 5446 2233 5500; x_wconf 91' lang='lat' dir='ltr'><strong>ad</strong></span> <span class='ocrx_word' id='word_1_835' title='bbox 2267 5447 2321 5500; x_wconf 82' lang='lat' dir='ltr'><strong>id</strong></span> <span class='ocrx_word' id='word_1_836' title='bbox 2360 5448 2761 5502; x_wconf 89' lang='lat' dir='ltr'><strong>ostendendum</strong></span> <span class='ocrx_word' id='word_1_837' title='bbox 2797 5448 2958 5502; x_wconf 89' lang='lat' dir='ltr'><strong>allata</strong></span> <span class='ocrx_word' id='word_1_838' title='bbox 2994 5457 3142 5512; x_wconf 85' lang='lat' dir='ltr'><strong>sunt,</strong></span> <span class='ocrx_word' id='word_1_839' title='bbox 3176 5464 3240 5502; x_wconf 92' lang='lat' dir='ltr'><strong>ea</strong></span> <span class='ocrx_word' id='word_1_840' title='bbox 3274 5464 3429 5504; x_wconf 89' lang='lat' dir='ltr'><strong>cassa</strong></span> <span class='ocrx_word' id='word_1_841' title='bbox 3461 5453 3512 5501; x_wconf 83' lang='lat' dir='ltr'><strong>et</strong></span> <span class='ocrx_word' id='word_1_842' title='bbox 3554 5440 3711 5498; x_wconf 79' lang='lat' dir='ltr'><strong>inania</strong></span> 
     </span>
    </p>
   </div>
   <div class='ocr_carea' id='block_1_116' title="bbox 2167 5538 3711 5609">
    <p class='ocr_par' dir='ltr' id='par_1_116' title="bbox 2167 5538 3711 5609">
     <span class='ocr_line' id='line_1_116' title="bbox 2167 5538 3711 5609; baseline -0.005 -17"><span class='ocrx_word' id='word_1_843' title='bbox 2167 5553 2290 5592; x_wconf 88' lang='lat' dir='ltr'><strong>esse</strong></span> <span class='ocrx_word' id='word_1_844' title='bbox 2322 5538 2584 5602; x_wconf 85' lang='lat' dir='ltr'><strong>maxime,</strong></span> <span class='ocrx_word' id='word_1_845' title='bbox 2615 5545 2669 5594; x_wconf 91' lang='lat' dir='ltr'><strong>et</strong></span> <span class='ocrx_word' id='word_1_846' title='bbox 2708 5540 2815 5593; x_wconf 90' lang='lat' dir='ltr'><strong>alia</strong></span> <span class='ocrx_word' id='word_1_847' title='bbox 2848 5540 3051 5605; x_wconf 88' lang='lat' dir='ltr'><strong>omnia,</strong></span> <span class='ocrx_word' id='word_1_848' title='bbox 3090 5554 3255 5609; x_wconf 90' lang='lat' dir='ltr'><strong>quam</strong></span> <span class='ocrx_word' id='word_1_849' title='bbox 3309 5552 3534 5608; x_wconf 86' lang='lat' dir='ltr'><strong>quorum</strong></span> <span class='ocrx_word' id='word_1_850' title='bbox 3570 5543 3711 5589; x_wconf 80' lang='lat' dir='ltr'><strong>causa</strong></span> 
     </span>
    </p>
   </div>
   <div class='ocr_carea' id='block_1_117' title="bbox 2166 5628 2860 5697">
    <p class='ocr_par' dir='ltr' id='par_1_117' title="bbox 2166 5628 2860 5697">
     <span class='ocr_line' id='line_1_117' title="bbox 2166 5628 2860 5697; baseline 0.001 -16"><span class='ocrx_word' id='word_1_851' title='bbox 2166 5628 2428 5697; x_wconf 89' lang='lat' dir='ltr'><strong>producta</strong></span> <span class='ocrx_word' id='word_1_852' title='bbox 2461 5636 2608 5693; x_wconf 92' lang='lat' dir='ltr'><strong>sunt,</strong></span> <span class='ocrx_word' id='word_1_853' title='bbox 2632 5630 2860 5685; x_wconf 82' lang='lat' dir='ltr'><strong>ellicere.</strong></span> 
     </span>
    </p>
   </div>
   <div class='ocr_carea' id='block_1_118' title="bbox 2238 5709 3705 5792">
    <p class='ocr_par' dir='ltr' id='par_1_118' title="bbox 2238 5709 3705 5792">
     <span class='ocr_line' id='line_1_118' title="bbox 2238 5709 3705 5792; baseline -0.005 -17"><span class='ocrx_word' id='word_1_854' title='bbox 2238 5720 2645 5776; x_wconf 90' lang='lat' dir='ltr'><strong>Concludamus</strong></span> <span class='ocrx_word' id='word_1_855' title='bbox 2688 5722 2873 5792; x_wconf 85' lang='lat' dir='ltr'><strong>igitur,</strong></span> <span class='ocrx_word' id='word_1_856' title='bbox 2904 5722 3086 5778; x_wconf 86' lang='lat' dir='ltr'><strong>follem</strong></span> <span class='ocrx_word' id='word_1_857' title='bbox 3126 5737 3329 5778; x_wconf 84' lang='lat' dir='ltr'><strong>aereum</strong></span> <span class='ocrx_word' id='word_1_858' title='bbox 3356 5738 3417 5777; x_wconf 81' lang='lat' dir='ltr'><strong>ex</strong></span> <span class='ocrx_word' id='word_1_859' title='bbox 3451 5709 3705 5790; x_wconf 84' lang='lat' dir='ltr'><strong>Epiphauii</strong></span> 
     </span>
    </p>
   </div>
   <div class='ocr_carea' id='block_1_119' title="bbox 2166 5806 3705 5880">
    <p class='ocr_par' dir='ltr' id='par_1_119' title="bbox 2166 5806 3705 5880">
     <span class='ocr_line' id='line_1_119' title="bbox 2166 5806 3705 5880; baseline 0.001 -13"><span class='ocrx_word' id='word_1_860' title='bbox 2166 5824 2347 5869; x_wconf 85' lang='lat' dir='ltr'><strong>mente</strong></span> <span class='ocrx_word' id='word_1_861' title='bbox 2395 5813 2777 5870; x_wconf 88' lang='lat' dir='ltr'><strong>tenuissimum</strong></span> <span class='ocrx_word' id='word_1_862' title='bbox 2807 5814 3085 5874; x_wconf 82' lang='lat' dir='ltr'><strong>exstitisse</strong></span> <span class='ocrx_word' id='word_1_863' title='bbox 3130 5829 3434 5879; x_wconf 86' lang='lat' dir='ltr'><strong>nummum,</strong></span> <span class='ocrx_word' id='word_1_864' title='bbox 3476 5807 3561 5880; x_wconf 84' lang='lat' dir='ltr'><strong>qui</strong></span> <span class='ocrx_word' id='word_1_865' title='bbox 3588 5806 3705 5859; x_wconf 67' lang='lat' dir='ltr'><strong>duos</strong></span> 
     </span>
    </p>
   </div>
  </div>
