3920 6408
303 419 400 476 ςοι

1269 422 1454 480 DION.
1493 423 1837 482 PETAVIUS
1871 427 2032 484 ADV.
2075 428 2237 484 MAT.
2293 427 2648 484 SIMONIUM.

300 535 560 602 λεπτούς,
613 537 729 594 sive
774 539 984 594 minuta
1027 539 1138 594 duo
1176 543 1502 607 contineret,
1549 552 1607 596 ut
1649 542 1790 597 idem
1834 551 1889 598 ct
1919 554 1970 602 Α
1992 544 2300 614 exemplum
2329 543 2463 597 illud
2494 543 2637 598 inter
2663 556 2728 598 ea
2755 545 3069 613 promiscue
3090 546 3345 612 collocat,
3374 546 3428 600 in
3457 548 3582 616 quin

300 629 582 699 quadrans
608 630 781 684 Marci
811 633 1160 700 evangelista!
1202 633 1378 702 possit
1415 633 1608 688 videri.
1643 633 1887 698 Λεπτούς

299 739 467 794 porro
495 728 725 781 mreolos
749 741 891 790 esse,
920 726 1035 782 sive
1065 727 1311 792 chaleos,
1331 727 1641 796 cujusmodi
1671 727 1724 780 in
1757 728 1889 782 obo-

303 818 417 871 lum
451 827 577 872 octo
621 828 983 872 numerantur
1030 837 1042 872 :
1095 827 1152 871 ut
1204 827 1487 888 propterea
1523 818 1632 872 duo
1679 818 1884 881 λεπτοί,

299 909 600 981 κοδράντης
628 917 681 964 et
708 925 737 963 a
769 908 970 974 Marco,
996 918 1050 965 et
1070 909 1138 964 ab
1167 909 1440 981 Hesychio
1475 917 1884 980 nuncupentur.

549 1045 621 1099 De
651 1020 797 1115 [allis
827 1045 1137 1115 ὁμωνυμίᾳ
1172 1054 1222 1100 et
1257 1046 1621 1116 ambiguitate.

375 1182 513 1240 Cum
559 1190 671 1237 tam
714 1183 930 1240 diversa
977 1183 1049 1240 sit
1103 1183 1249 1239 follis
1297 1183 1660 1254 significatio,
1722 1191 1783 1236 ut
1833 1189 1888 1237 et

301 1272 586 1344 ἄθροισμα
613 1288 986 1334 nummorum.
1023 1280 1076 1328 et
1113 1281 1425 1342 argenteos,
1457 1282 1510 1327 et
1533 1286 1704 1327 aereos
1727 1287 1885 1325 num-

299 1381 425 1420 mos
445 1364 737 1434 exprimat,
793 1365 852 1418 fit
882 1380 1299 1435 nonnunquam,
1334 1372 1394 1419 ut
1426 1379 1488 1420 ea
1515 1379 1646 1419 voce
1675 1367 1756 1419 sic
1786 1379 1884 1417 au-

303 1465 487 1511 ctores
521 1457 839 1522 abutantur,
876 1465 935 1510 ut
970 1473 1080 1527 quo
1105 1457 1172 1512 de
1197 1472 1393 1527 genere
1426 1457 1770 1528 potissimum
1803 1457 1886 1510 in-

301 1548 582 1618 telligendi
610 1547 745 1610 sint.
791 1548 1108 1617 conjectura
1143 1548 1364 1619 assequi
1408 1546 1625 1602 dillicilc
1661 1548 1752 1603 sit.
1801 1546 1890 1601 ln-

299 1640 520 1695 terdum
545 1655 676 1696 vero
703 1657 769 1695 ex
803 1642 880 1696 rei
915 1642 1111 1712 ipsius,
1153 1642 1220 1696 de
1266 1655 1373 1711 qua
1426 1640 1626 1711 agitur,
1665 1649 1884 1707 natura,

299 1733 349 1787 si
410 1733 534 1803 quis
581 1733 863 1802 paululum
904 1734 1163 1788 adhibeat
1207 1733 1424 1803 judicii,
1478 1733 1630 1788 nullo
1665 1734 1886 1804 negotio

296 1825 652 1880 discernitur.
695 1823 874 1893 Hujus
917 1825 994 1880 rei
1042 1825 1290 1894 exempla
1335 1841 1442 1880 non
1477 1841 1648 1895 pauca
1683 1841 1884 1896 suppe-

295 1918 444 1966 tunt.
481 1909 586 1966 Sed
623 1913 859 1983 insignia
909 1913 1143 1968 maxime
1188 1924 1337 1977 sunt,
1382 1931 1505 1986 qua:
1538 1931 1605 1971 ex
1635 1915 1884 1971 Theodo-

299 2003 461 2058 siano
490 2003 678 2059 codice
720 2004 988 2060 adversus
1011 2005 1538 2075 jurisconsultorum
1584 2009 1884 2079 principem

301 2093 362 2148 in
397 2096 772 2166 superioribus
804 2097 1154 2152 adduximus.
1194 2099 1254 2153 In
1289 2102 1492 2170 quibus
1521 2117 1644 2156 cum
1689 2110 1886 2156 czetera

301 2187 442 2241 satis
462 2187 784 2258 explicatam
805 2189 1075 2243 rationem
1101 2191 1352 2260 habeant,
1380 2195 1589 2262 primus
1623 2195 1712 2249 ille
1736 2196 1888 2251 locus

300 2278 374 2332 de
409 2279 882 2348 Appellationibus
922 2283 1257 2347 temerariis,
1291 2286 1495 2354 quibus
1525 2301 1632 2340 xxx
1679 2287 1888 2354 {allium

295 2369 472 2423 multa
497 2369 723 2437 dicitur,
751 2371 1042 2441 ambiguus
1073 2389 1198 2428 esse
1242 2383 1440 2444 potest.
1474 2377 1574 2442 Qui
1609 2384 1788 2432 tamen
1822 2394 1888 2432 ex

295 2461 818 2533 imis-consultorum
852 2479 978 2527 usu,
1011 2473 1065 2520 et
1089 2481 1272 2520 causa:
1312 2467 1488 2535 ipsius
1515 2469 1711 2522 merito
1739 2467 1888 2538 diju-

294 2548 570 2604 dicandus
598 2558 704 2605 est.
745 2550 814 2606 Ut
858 2554 944 2606 vel
980 2569 1088 2606 xxx
1117 2555 1226 2608 sint
1266 2557 1511 2625 argentei
1542 2559 1775 2620 numini,
1803 2559 1887 2613 ve!

296 2639 561 2704 totidem,
634 2643 713 2695 uti
772 2644 1054 2709 diximus,
1109 2660 1458 2700 nummorum
1518 2648 1882 2720 ἀθροίσματα.

297 2729 459 2798 Apud
487 2729 913 2787 Alexandrinum
941 2751 1070 2788 vero
1100 2735 1419 2802 Chronicon,
1451 2738 1540 2792 ubi
1585 2741 1640 2793 in
1672 2755 1886 2795 summa

294 2836 533 2876 annona:
559 2823 843 2885 charitate.
870 2829 1027 2895 panis
1061 2827 1284 2885 follibus
1305 2830 1526 2886 venisse
1549 2832 1728 2888 tribus
1758 2833 1890 2887 dici-

293 2920 410 2975 tur,
447 2913 603 2970 folles
655 2931 762 2970 non
793 2932 1013 2984 aureos,
1043 2921 1136 2988 qui
1179 2923 1311 2976 nulli
1361 2922 1417 2976 in
1457 2939 1641 2978 rerum
1690 2935 1887 2979 natura

293 3005 548 3071 fuerunt,
593 3008 687 3062 sed
721 3017 1010 3080 argenteos
1050 3012 1404 3081 interpretor,
1437 3013 1542 3069 boc
1590 3023 1674 3070 est
1723 3031 1888 3072 senos

295 3097 689 3154 milliarenses.

369 3187 644 3245 Eusebius
674 3191 766 3246 lib.
795 3207 826 3244 Χ
853 3191 998 3246 Hist.
1037 3174 1158 3263 capi.
1186 3193 1238 3255 6,
1269 3194 1690 3249 Constantinum
1722 3196 1887 3252 refert

297 3278 597 3334 Caeciliano
618 3281 1041 3353 Carthaginensi
1070 3286 1330 3354 episcopo
1364 3287 1467 3340 tria
1502 3287 1711 3340 follium
1757 3289 1885 3341 mil-

303 3370 378 3422 lia
414 3372 470 3425 in
529 3372 919 3429 Africanarum
975 3377 1382 3446 provinciarum
1437 3377 1710 3434 Ecclesias
1761 3395 1886 3434 ero-

307 3461 478 3527 ganda
509 3463 745 3518 misisse.
781 3465 856 3518 lbi
889 3465 1176 3536 τρισχίλιοι
1223 3465 1436 3534 φὸλλεις
1492 3467 1712 3522 totidem
1765 3484 1888 3523 sae-

300 3553 409 3606 culi
461 3563 624 3617 sunt,
676 3572 1156 3626 nummorumque.
1199 3555 1388 3628 Neque
1426 3559 1573 3613 enim
1627 3559 1889 3614 eruditis-

295 3641 446 3696 simo
476 3642 591 3698 viro
621 3644 948 3715 astipulator
977 3647 1234 3702 accedam
1272 3665 1286 3704 :
1319 3650 1411 3719 qui
1442 3648 1510 3704 de
1549 3647 1678 3704 folle
1697 3664 1886 3720 agens,

1996 635 2099 690 bus
2139 635 2287 688 follis
2335 633 2552 697 obolus,
2603 633 2688 686 vel
2739 649 2917 688 aereus
2965 649 3086 690 esse
3137 634 3361 701 dicitur,
3408 645 3466 689 ut
3495 642 3580 689 est

1993 724 2137 794 apud
2190 723 2606 794 Moschopulum
2659 740 2722 777 ae
2779 723 3027 780 Suidatn.
3093 727 3291 792 Tales,
3340 728 3445 781 hoc
3492 735 3578 780 est

1991 816 2138 879 terei,
2197 815 2414 869 fuerunt
2484 817 2599 880 illi,
2651 831 2886 886 quorum
2947 819 3192 872 meminit
3238 821 3577 888 Augustinus

1990 907 2086 962 lib.
2119 924 2266 962 xxxii
2298 907 2374 961 De
2404 910 2543 962 civit.
2578 925 2698 979 cap.
2746 911 2799 964 8.
2845 910 2965 975 Quo
3002 911 3055 964 in
3091 911 3211 964 loco
3256 911 3577 965 miraculum

1995 1000 2264 1069 quoddam
2304 1009 2576 1064 recenset,
2613 1011 2779 1071 atque
2825 1002 3112 1056 historiam
3149 1001 3413 1056 Florentii
3457 1017 3580 1054 sar.-

1997 1091 2153 1156 toris,
2203 1092 2442 1148 hominis
2493 1095 2856 1163 egentissimi,
2905 1097 2996 1163 qui
3055 1095 3121 1150 ad
3163 1112 3232 1149 xx
3278 1103 3577 1166 martyrum

1990 1184 2311 1238 memoriam
2349 1200 2541 1249 orans,
2576 1186 2864 1255 pecuniam
2901 1188 2968 1240 ad
3007 1198 3188 1241 chIes
3215 1187 3477 1241 emendas
3511 1187 3580 1241 ab

1989 1272 2098 1326 illis
2123 1275 2418 1342 postulavit
2451 1291 2463 1327 :
2500 1291 2717 1345 eumque
2751 1275 3129 1336 discedentem,
3166 1275 3363 1344 inquit,
3398 1274 3581 1327 adole-

1991 1372 2212 1425 scentes,
2267 1364 2356 1432 qui
2418 1363 2663 1427 aderant,
2711 1366 3042 1434 exagitantes
3106 1364 3576 1434 prosequebantur,

1988 1456 2142 1521 quasi
2181 1472 2212 1508 a
2249 1456 2572 1525 martyribus
2618 1458 3007 1527 quinquagenos
3041 1457 3215 1526 folles,
3247 1458 3382 1510 unde
3429 1459 3576 1511 vesti.

1988 1557 2216 1600 mentum
2235 1555 2445 1611 emeret,
2467 1549 2751 1616 petivisset.
2782 1549 2904 1601 Mox
2924 1548 3012 1602 ille
3029 1547 3317 1603 discedens
3342 1547 3576 1616 ejectum

1988 1635 2043 1689 in
2095 1636 2278 1690 littore
2329 1636 2538 1706 piscem
2571 1638 2841 1707 ingentem
2889 1639 3109 1708 reperit,
3142 1653 3304 1706 quem
3355 1638 3575 1692 cuidam

1987 1743 2164 1796 coquo
2191 1730 2454 1785 trecentis
2491 1729 2712 1784 follibus
2746 1731 3010 1784 vendidit.
3050 1729 3176 1783 l‘lzce
3209 1729 3576 1799 Augustinus.

1994 1817 2138 1873 Sane
2169 1819 2326 1875 folles
2395 1820 2484 1874 isti
2520 1836 2627 1873 non
2665 1821 2906 1890 argentei
2947 1828 3096 1883 sunt,
3134 1827 3191 1872 ut
3225 1820 3420 1888 Opinor
3464 1819 3580 1887 (ue-

1917 1897 1958 1952 Β
1989 1926 2096 1981 que
2123 1910 2270 1966 enim
2303 1911 2442 1964 tanti
2498 1911 2675 1980 piscis
2727 1927 2870 1966 unus
2900 1926 2928 1964 a
2976 1925 3152 1980 coquo
3197 1911 3578 1968 redimeretur.

1993 2017 2188 2073 nempe
2203 2003 2478 2058 sexcentis
2501 2005 2950 2066 milliarensibus,
2978 2013 3071 2056 aut
3096 2003 3392 2073 majoribus
3415 2003 3579 2056 etiam

1990 2092 2284 2162 argenteis,
2317 2093 2409 2161 qui
2435 2093 2478 2147 si
2515 2092 2821 2146 didraehtni
2851 2092 3075 2156 fuerint,
3111 2093 3258 2146 mille
3288 2107 3351 2146 ac
3374 2091 3576 2146 ducen-

1991 2192 2077 2240 tos
2099 2185 2356 2239 denarios
2379 2192 2670 2254 argenteos
2703 2184 2982 2253 reddunt),
3003 2201 3190 2238 verum
3215 2185 3337 2238 :erci
3368 2184 3576 2238 nun'uni

1992 2276 2162 2331 fuisse
2189 2275 2466 2339 videntur,
2509 2275 2736 2330 a'terius
2773 2276 2930 2344 plane
2973 2277 3198 2345 speciei,
3236 2292 3395 2346 quam
3431 2276 3579 2330 Con-

1991 2368 2316 2423 stantiniani
2354 2368 2454 2431 illi,
2502 2382 2734 2437 quorum
2787 2369 2891 2422 tria
2937 2369 3107 2422 millia
3161 2385 3259 2438 per
3296 2368 3578 2422 universas

1990 2459 2204 2522 Africae,
2238 2457 2504 2514 Numidia:
2553 2475 2617 2513 ac
2657 2459 2996 2513 Mauritania!
3038 2459 3313 2514 Ecclesias
3338 2461 3574 2529 impera-

1989 2557 2076 2603 tor
2102 2551 2192 2604 ille
2222 2550 2525 2605 distribuit.
2555 2549 2734 2616 Quare
2762 2551 2921 2604 ambo
2950 2552 3040 2604 illa
3069 2552 3317 2620 exempla
3351 2551 3576 2605 minimc

1989 2641 2374 2697 confundenda
2412 2643 2654 2697 fuerunt.
2681 2641 2837 2708 Quod
2863 2642 3004 2697 idem
3035 2654 3087 2698 et
3117 2644 3184 2698 de
3219 2642 3439 2696 follibus
3470 2641 3580 2696 illis

1989 2733 2410 2804 quadringentis
2444 2733 2720 2790 aestimare
2763 2733 2909 2798 licet,
2941 2750 3080 2803 quos
3125 2734 3333 2788 Lucilla
3384 2733 3576 2788 claris-

1989 2827 2130 2882 sima
2161 2825 2360 2881 femina
2393 2841 2490 2895 pro
2533 2825 2786 2895 Majorini
2830 2826 3180 2882 ordinatione
3221 2827 3403 2889 dedit;
3437 2841 3578 2895 quo-

1989 2934 2112 2974 rum
2153 2919 2207 2973 in
2235 2934 2402 2974 causa
2430 2919 2839 2974 Donatistarum
2881 2922 3139 2990 frequens
3162 2919 3403 2974 oreurrit
3427 2935 3578 2974 men--

1990 3012 2087 3074 tio,
2133 3019 2192 3065 ut
2238 3011 2382 3080 apud
2437 3012 2577 3081 Aug.
2630 3011 2722 3066 lib.
2769 3026 2829 3064 ιιι
2883 3023 3068 3065 contra
3108 3011 3371 3065 Crescent.
3425 3010 3579 3064 Ridi-

1992 3103 2120 3157 cule
2146 3102 2292 3156 enim
2321 3101 2479 3156 folles
2502 3103 2638 3155 istos
2661 3101 2905 3169 ejusdem
2930 3101 3145 3170 generis
3171 3116 3293 3154 cum
3320 3101 3576 3154 trecentis

1991 3191 2099 3246 illis
2137 3206 2261 3246 esse
2296 3189 2526 3256 dixeris,
2568 3191 2769 3260 quibus
2801 3191 3007 3260 piscem
3039 3201 3218 3244 sartor
3245 3191 3334 3244 ille
3360 3205 3580 3258 permu-

1991 3280 2152 3333 tavit.
2189 3279 2372 3345 Quare
2422 3279 2489 3332 ad
2541 3289 2832 3350 argenteos
2895 3280 3054 3334 folles
3100 3280 3373 3348 pertinere
3418 3286 3574 3348 puto.

1993 3371 2192 3426 Eadem
2227 3373 2280 3426 in
2305 3373 2520 3427 cteteris
2550 3374 2835 3442 exemplis,
2866 3389 2987 3443 qua:
3017 3373 3219 3443 passim
3253 3383 3573 3434 occurrunt,

1993 3465 2304 3519 adhibenda
2335 3466 2520 3519 cautio
2558 3473 2662 3530 est,
2696 3473 2754 3518 ut
2791 3481 2891 3534 pro
2928 3463 3231 3535 argumenti
3264 3464 3492 3520 ratione.
3521 3470 3579 3516 ct

1993 3573 2058 3614 ex
2095 3559 2364 3614 orationis
2402 3557 2700 3629 ἀκολουθίᾳ
2730 3559 3088 3613 divinandum
3123 3558 3216 3620 sit,
3250 3556 3317 3612 de.
3345 3573 3454 3627 quo
3483 3556 3579 3611 fol-

1995 3652 2068 3706 lis
2094 3667 2294 3722 genere
2319 3667 2500 3708 sermo
2523 3652 2594 3707 ab
2628 3652 2950 3708 auctoribus
2980 3651 3320 3706 instituatur.

314 3829 2524 3869 α-Δ--Μ

3469 426 3585 479 iiiis!

1272 4005 1933 4123 DIONYSII
2011 4013 2606 4131 PETAVII

1599 4231 1643 4287 Ε
1681 4229 2070 4287 SOCIETATE
2101 4231 2268 4289 JESU

299 4386 705 4451 ELENCHUS
742 4385 1610 4451 DISl’UNCTIUNCULARUM
1641 4387 1886 4529 Illing

1991 4389 2349 4531 ξδῗΑΙΜΟΝΙΙ
2374 4391 2473 4453 DE
2506 4392 3012 4456 PfENITENTIzE
3066 4395 3251 4457 PdTU
3298 4397 3582 4459 VETElll

1015 4632 1124 4702 (Cf.
1164 4633 1368 4690 Petavii
1405 4634 1704 4690 Diatribam
1727 4637 1792 4692 de
1813 4637 2135 4707 paenitentia:
2169 4637 2278 4692 ritu
2313 4640 2475 4693 veteri
2498 4639 2552 4694 in
2585 4639 2871 4712 Ecclesia.)

306 4868 761 4925 Revercndissimo
795 4868 847 4922 in
881 4867 1096 4924 Christo
1122 4867 1277 4922 Patri
1305 4867 1540 4925 Gabrieli
1576 4870 1885 4996 Albaspi‘mte

1811 4960 1886 4997 αε

1991 4874 2355 4998 ςυνὲιὶαηεηεί
2401 4875 2690 4946 Episcopo,
2728 4876 3024 4946 Dionysius
3063 4876 3315 4930 Petavius
3343 4893 3370 4930 e
3401 4875 3578 4930 Socie-

1991 4961 2052 4997 su
2132 4985 2144 4997 .

1811 4959 1897 4997 ate
1920 4959 2052 4997 θεειι
2086 4959 2144 4997 δ.

377 5057 534 5123 Quod
565 5058 620 5111 in
649 5056 967 5110 clericorum
1005 5055 1229 5126 querelis
1251 5065 1301 5110 et
1318 5059 1690 5112 controversiis
1729 5068 1906 5113 vetera
1939 5059 2196 5114 Ecclesia’
2215 5059 2347 5129 jura
2365 5060 2748 5128 prwscribunt,
2769 5059 2980 5113 Prcesul
3007 5060 3349 5128 amplissime,
3386 5070 3443 5112 ut
3475 5061 3579 5126 cpi-

315 5149 453 5216 scopi
476 5165 530 5202 se
563 5147 790 5202 arbitrio
810 5147 1113 5219 iudicioque
1141 5148 1437 5202 sistant:id
1465 5148 1516 5201 in
1540 5148 1637 5202 hac
1678 5150 1910 5220 quatiant
1943 5152 2036 5205 lite
2057 5161 2244 5205 nostra
2285 5138 2508 5206 libenter
2552 5153 2620 5205 ad
2674 5162 2720 5205 te
2750 5154 2896 5206 venio
2941 5154 3270 5223 studioseque
3315 5154 3578 5222 facturus.

311 5245 604 5298 Accusatus
637 5244 776 5297 enim
809 5260 842 5296 a
867 5243 1058 5297 clerico
1091 5253 1180 5297 tuo
1206 5245 1430 5298 clericus
1449 5254 1496 5298 et
1529 5244 1638 5312 ipse
1666 5247 1933 5316 quondam
1969 5257 2090 5300 tuus
2122 5263 2139 5300 :
2174 5257 2285 5299 tum
2327 5246 2652 5316 iujuriarum
2685 5247 2738 5300 in
2767 5256 2814 5301 te
2845 5247 2984 5310 falso
3023 5257 3072 5302 et
3099 5247 3362 5301 immerito
3396 5258 3580 5313 postu-

306 5339 472 5404 latus,
499 5357 604 5394 non
633 5339 823 5404 alium,
854 5356 1014 5410 quam
1049 5342 1275 5408 teipsum
1311 5340 1438 5393 milii
1460 5340 1722 5410 judicem,
1752 5343 1857 5395 imo
1891 5359 2014 5397 vero
2047 5342 2377 5412 defensorem
2416 5359 2477 5395 ac
2521 5352 2806 5410 patronum
2841 5344 3078 5414 quccsivi.
3117 5341 3307 5406 Editus
3336 5351 3410 5395 est
3437 5343 3577 5394 enim

305 5445 505 5497 paucos
537 5440 660 5484 ante
694 5447 895 5486 menses
933 5431 1190 5486 obscurus
1217 5431 1435 5501 quidam
1478 5431 1687 5487 libellus
1721 5451 1753 5486 a
1785 5431 2064 5488 Maturino
2105 5434 2369 5494 Simonio,
2408 5434 2816 5488 Aurelianensis
2862 5433 3117 5488 Ecclesiae
3148 5433 3346 5487 decano
3375 5449 3393 5485 :
3423 5434 3574 5501 cujus

309 5521 505 5584 species
536 5531 586 5574 et
624 5522 900 5589 inscriptio
949 5524 1157 5593 quidem
1190 5524 1303 5590 ipsa
1350 5521 1844 5591 dispunctiunculas
1881 5527 2058 5580 nescio
2093 5542 2226 5596 quas
2256 5524 2320 5578 de
2364 5525 2684 5592 pwnitentiw
2717 5528 2828 5578 ritu
2868 5534 3036 5579 vetere
3065 5525 3120 5577 in
3147 5522 3391 5577 Ecclesia
3419 5523 3576 5591 polli-

305 5627 478 5670 cetur.
507 5615 615 5672 Sed
649 5618 703 5670 in
728 5619 972 5685 epistola,
999 5635 1158 5688 quam
1189 5621 1244 5672 in
1274 5618 1448 5688 fronte
1472 5618 1569 5672 tibi
1597 5621 1767 5689 operis
1798 5623 2094 5692 inscripsit,
2124 5630 2405 5692 postquam
2437 5620 2726 5674 verissimis
2760 5631 2806 5675 te
2839 5619 3111 5682 laudibus,
3144 5628 3198 5671 at
3223 5617 3374 5688 longe
3389 5619 3576 5673 merito

308 5721 405 5763 tuo
441 5710 756 5776 minoribus,
788 5714 1016 5779 ornavit,
1047 5713 1112 5768 de
1137 5729 1216 5767 me
1245 5716 1323 5767 ita
1351 5714 1588 5783 queritur
1621 5729 1638 5766 :
1672 5714 1808 5768 Cum
1838 5715 2058 5786 ingenui
2092 5717 2165 5771 sit
2189 5714 2357 5769 animi
2391 5715 2662 5786 profiteri,
2692 5729 2788 5784 per
2814 5729 2954 5784 quos
2983 5714 3302 5784 profeceris,
3335 5714 3574 5783 idipsum

309 5803 477 5859 factis
508 5805 626 5860 suis
655 5819 764 5859 non
801 5807 1057 5876 prohas-e
1087 5806 1400 5875 Petavium;
1437 5808 1530 5878 qui
1563 5823 1685 5870 ante
1717 5808 1770 5862 in
1795 5807 2014 5865 schedis
2044 5809 2155 5865 tuis
2179 5824 2209 5862 a
2248 5825 2310 5864 sc
2344 5811 2482 5864 lecta
2499 5825 2623 5866 esse
2647 5808 2803 5874 dicit,
2829 5824 2921 5876 ea,
2954 5819 3006 5863 te
3028 5824 3299 5878 nusquam
3326 5808 3574 5874 laudato,

314 5897 599 5967 publicare
633 5900 996 5957 anteverterit.
1031 5899 1203 5971 Caput
1241 5912 1318 5958 est
1351 5902 1445 5958 hoc
1477 5905 1837 5962 accusationis
1874 5903 2047 5972 illius,
2077 5905 2416 5976 crimimsque
2457 5907 2667 5961 nostri:
2707 5915 2824 5960 tum
2857 5903 3022 5961 libelli
3053 5901 3416 5960 conscribendi
3447 5901 3572 5972 ﬁnis

3631 1678 3672 1772 ἒ

3649 1777 3662 1794 ι
