3920 6418
417 445 522 501 603
1746 442 1926 499 DION.

2090 444 2319 501 .‘AVIUS
3551 452 3638 508 6M

412 577 481 612 un
509 574 620 613 cus.
650 556 873 629 Reliqua
907 558 1204 628 disputatio
1232 562 1423 626 omnis,
1458 577 1616 632 quam
1642 571 1833 629 septem
1868 565 2128 631 capitibus
2161 565 2553 634 complectitur,
2585 562 2907 619 accessionis
2935 567 3109 620 locum
3138 567 3309 623 habet.
3337 565 3516 640 Itaque
3537 573 3644 624 tan-

410 652 573 718 quida
602 660 701 715 est,
732 668 793 704 ac
817 652 1005 705 debilis
1044 651 1189 706 illius
1227 653 1290 705 de
1329 656 1436 706 ritu
1459 654 1778 720 pwnitentia:
1818 670 2135 726 consequens
2176 657 2373 720 oratio,
2407 665 2456 710 et
2488 663 2545 708 ut
2578 668 2769 709 ca'tera
2806 673 2910 708 non
2940 654 3134 718 desint,
3166 655 3308 710 nuda
3346 670 3393 711 et
3440 661 3644 728 simplici

413 747 730 799 auctoritate
760 745 1141 808 dicentis,,non
1170 747 1572 815 probationibus
1597 749 2019 818 argumentisque
2050 747 2262 815 nititur,
2295 758 2351 802 ut
2375 748 2569 802 indicio
2601 749 2692 815 sit,
2726 765 2828 803 non
2860 750 3119 817 pra’cipue
3149 748 3205 801 id
3231 748 3379 802 illum
3409 760 3643 820 agentem,

410 841 479 893 ad
519 841 743 894 alterius
772 843 1008 895 instituti
1039 838 1369 895 occasionem
1398 844 1502 896 ista
1551 844 1850 911 scripsisse.
1884 842 1995 914 Ego
2028 861 2147 899 vero
2189 855 2469 915 postquam
2507 853 2706 897 attente
2753 843 3130 913 diligenterque
3167 843 3524 909 circumspexi,
3550 861 3646 897 nte-

409 950 507 1002 que
532 935 585 986 in
612 952 788 989 omnes
815 948 993 1004 partes
1038 938 1357 1007 cogitatione
1388 940 1637 1004 converti,
1667 938 1963 1010 intelligere
2004 957 2107 994 non
2135 956 2371 1008 possum,
2404 956 2508 1009 qua
2542 956 2597 992 re
2632 938 2891 992 adductus
2918 937 3027 999 ille,
3062 954 3213 1008 quem
3248 954 3407 1007 neque
3434 936 3494 991 de
3528 937 3646 993 facie

409 1030 662 1084 hactenus
692 1032 830 1095 novi,
861 1047 1023 1101 neque
1052 1048 1170 1085 cum
1196 1048 1255 1085 eo
1286 1050 1438 1086 usum
1469 1033 1722 1104 aliquem,
1753 1051 1815 1087 ac
1848 1053 1911 1089 ne
1954 1034 2208 1089 levissimi
2239 1036 2449 1105 quidem
2485 1035 2744 1088 sermonis
2785 1034 3158 1087 conmercium
3188 1032 3366 1096 habui,
3400 1034 3543 1101 cujus
3565 1034 3647 1087 de-

409 1123 562 1191 nique
590 1140 776 1175 nomen
806 1123 1043 1187 aliunde,
1076 1142 1235 1194 quant
1275 1140 1341 1178 ex
1366 1124 1955 1195 dispunctiuncularum
1990 1127 2355 1195 inscriptione,
2387 1143 2492 1180 non
2531 1126 2715 1192 didici,
2754 1127 2830 1178 ita
2868 1127 2921 1179 in
2965 1142 3046 1179 me
3076 1125 3387 1179 commoveri
3418 1126 3645 1192 potuerit,

410 1224 518 1266 tam
550 1222 606 1265 ut
644 1213 981 1268 incredibilia
1024 1214 1088 1269 de
1120 1232 1200 1269 me
1232 1233 1329 1269 sua
1360 1217 1453 1270 illa
1486 1217 1715 1286 epistola
1756 1218 2010 1289 uulgaret.
2054 1216 2313 1290 Equidem
2344 1217 2603 1273 decanum
2634 1218 3036 1272 Aurelianensis
3085 1214 3336 1271 Ecclesia:
3374 1234 3473 1270 non
3509 1216 3650 1272 modo

409 1309 775 1365 Christianum
801 1322 849 1366 et
881 1312 1235 1377 Catholicam,
1256 1314 1346 1367 sed
1372 1315 1535 1369 etiam
1567 1317 1741 1370 uirum
1774 1314 1964 1369 bonum
1984 1332 2046 1368 ac
2074 1316 2295 1383 probum
2326 1333 2439 1372 esse
2465 1326 2665 1377 statuo,
2694 1332 2854 1386 neque
2879 1313 3203 1370 Christiana:
3229 1314 3376 1383 legis,
3402 1324 3449 1367 et
3477 1312 3648 1366 divinae

408 1402 757 1473 fraternaque
789 1403 1068 1459 charitatis
1098 1405 1344 1460 oblitum.
1379 1408 1551 1477 Atque
1597 1424 1656 1461 eo
1694 1408 1862 1478 magis
1892 1407 2149 1473 admiror,
2187 1405 2241 1458 id
2289 1410 2485 1469 a'tatis,
2519 1405 2834 1475 prudentia’,
2866 1404 3068 1459 ordinis
3110 1420 3172 1457 ac
3200 1402 3469 1473 dignitatis
3496 1402 3648 1454 homi-

410 1513 547 1559 nem,
582 1513 685 1550 non
709 1497 884 1550 dicam
917 1498 1027 1552 ha’c
1059 1499 1279 1568 ﬁnxisse
1307 1500 1371 1554 de
1409 1518 1508 1566 me,
1538 1501 1628 1554 sed
1683 1501 2023 1569 undecunque
2054 1500 2265 1554 tandem
2308 1510 2541 1569 accepta,
2584 1510 2694 1553 tam
2728 1499 3013 1553 credidisse
3047 1497 3227 1567 facile,
3264 1505 3322 1549 ut
3353 1495 3471 1548 aliis
3507 1495 3649 1548 etiam

405 1591 720 1657 persuadere
765 1591 1010 1648 uoluerit.
1053 1593 1198 1647 Nam
1223 1594 1349 1665 quid
1393 1612 1453 1649 eo
1500 1596 1743 1662 crimine,
1775 1594 1913 1665 quod
1944 1595 2089 1649 nobis
2126 1596 2330 1665 objicit,
2378 1597 2565 1650 vanius
2596 1605 2700 1659 est,
2733 1603 2827 1647 aut
2855 1594 3046 1648 minori
3092 1593 3326 1646 ueritatis
3355 1591 3515 1659 specie
3540 1605 3651 1644 cono

405 1688 686 1757 iunctum?
717 1688 950 1743 Schedas
993 1708 1073 1744 me
1105 1701 1248 1756 tuas,
1282 1690 1491 1746 Prwsul
1540 1692 1886 1761 amplissime,
1918 1702 2198 1762 antequam
2238 1690 2767 1746 Animadversiones
2800 1700 3010 1744 nostras
3049 1691 3275 1755 ederem,
3318 1688 3493 1757 legisse
3516 1684 3650 1739 dicit.

410 1783 564 1848 Quod
597 1784 747 1853 longe
771 1784 930 1837 aliter
959 1786 1171 1850 habere,
1206 1804 1309 1841 non
1334 1797 1390 1841 tu
1417 1789 1529 1857 ipse
1554 1787 1708 1842 modo
1731 1788 1869 1849 scis;
1896 1786 1987 1841 sed
2021 1788 2204 1841 amicis
2234 1787 2394 1841 etiam
2422 1787 2619 1840 nostris
2649 1802 2712 1839 ea
2745 1785 2809 1839 de
2837 1801 2890 1838 re
2922 1784 3261 1854 querentibus
3291 1780 3469 1849 palam
3500 1786 3646 1832 testa-

410 1886 493 1931 tus
517 1896 571 1932 es
598 1894 617 1932 :
651 1882 863 1934 tametsi
895 1881 1117 1935 schedas
1160 1899 1239 1937 me
1272 1882 1461 1949 legisse
1484 1892 1606 1937 tuas
1639 1899 1744 1936 non
1776 1882 1866 1937 ille
1888 1880 2097 1951 quidem
2122 1880 2256 1935 dicit
2282 1890 2486 1951 aperte,
2511 1880 2602 1934 sed
2629 1878 2835 1949 oblique
2866 1888 2918 1933 et
2950 1879 3179 1945 captiose
3217 1875 3471 1943 loquitur,
3494 1881 3548 1924 ut
3574 1868 3655 1938 qui

409 1974 582 2027 minus
612 1982 811 2028 attente
838 1975 1004 2043 ipsius
1042 1975 1199 2030 verba
1240 1987 1579 2046 percurrunt,
1610 1977 1748 2032 illud
1777 1978 1952 2047 ipsum
1998 1978 2271 2047 ofﬁrmari
2302 1984 2510 2045 putent,
2552 1985 2709 2045 atque
2744 1973 3010 2044 ejusmodi
3038 1974 3102 2028 de
3134 1972 3285 2027 nobis
3328 1969 3656 2040 suspicionem

409 2061 677 2129 auferant.

477 2150 682 2205 Rursus
711 2152 760 2206 si
788 2152 853 2205 de
884 2160 991 2206 tam
1016 2155 1293 2222 perspicua
1322 2154 1568 2224 falsitate
1600 2155 1918 2226 redarguere
1942 2157 2209 2226 quispiam
2240 2157 2397 2210 illum
2432 2155 2677 2217 voluerit,
2706 2172 2767 2209 eo
2797 2155 3079 2225 confugere
3106 2154 3295 2221 possit,
3327 2168 3430 2206 non
3450 2166 3501 2205 se
3527 2147 3653 2203 sche-

406 2241 505 2295 das
540 2243 671 2296 istas
706 2260 738 2297 a
768 2243 916 2297 nobis
949 2243 1150 2298 dixisse
1186 2261 1298 2299 esse
1329 2245 1514 2312 lectas,
1543 2247 1658 2312 sed,
1701 2250 1841 2317 quod
1882 2248 1936 2301 in
1966 2245 2172 2301 schedis
2210 2248 2314 2302 tuis
2366 2248 2476 2315 ipse
2521 2248 2748 2317 legisset,
2783 2245 2846 2299 de
2872 2262 2972 2315 quo
3002 2261 3300 2300 sermonem
3342 2260 3475 2311 sirpe
3507 2252 3657 2294 tecum

408 2335 729 2402 habuissem,
761 2338 816 2391 id
850 2354 930 2392 me
961 2338 1112 2393 edere
1140 2340 1197 2393 in
1224 2341 1408 2410 vulgus
1438 2344 1801 2397 antevertisse.
1842 2343 1912 2395 At
1944 2360 2037 2412 ego
2065 2360 2146 2397 me
2170 2353 2341 2397 tecum
2385 2343 2582 2411 fateor,
2618 2359 2739 2396 cum
2786 2342 2911 2395 aliis
2940 2341 3004 2395 de
3041 2341 3196 2396 rebus
3232 2357 3350 2410 quae
3377 2340 3443 2393 ad
3474 2337 3653 2393 doctri-

408 2444 530 2482 nam
551 2429 831 2497 pertinent,
867 2439 973 2482 tum
997 2430 1061 2484 de
1093 2432 1465 2486 ecclesiasticis
1490 2432 1726 2487 moribus
1749 2444 1799 2487 et
1852 2434 2178 2504 antiquitate
2207 2450 2310 2487 non
2341 2450 2465 2487 raro
2490 2432 2828 2500 disputasse;
2855 2450 2917 2485 ac
2951 2432 3014 2485 de
3038 2432 3334 2492 nonnullis,
3360 2446 3473 2500 qua:
3502 2428 3659 2481 minus

407 2518 661 2576 ttab'ebam
692 2514 985 2590 explicata,
1021 2524 1309 2591 qumsisse;
1356 2541 1448 2579 nec
1492 2525 1805 2581 mediocrem
1842 2542 1971 2579 sane
2016 2526 2254 2594 fructum
2301 2540 2367 2579 ex
2416 2526 2511 2580 hoc
2543 2543 2644 2581 usu
2693 2535 2781 2579 tuo
2814 2541 2879 2579 ae
2912 2524 3174 2593 colloquio
3218 2523 3433 2592 cepisse,
3464 2536 3571 2574 cum
3597 2518 3657 2570 iis

406 2616 590 2680 etiam,
620 2633 738 2686 qua:
763 2626 869 2671 ate
914 2619 1385 2687 respondebantur.
1411 2621 1608 2689 partim
1652 2623 1938 2675 assentirer
1965 2622 2197 2688 penitus,
2228 2621 2424 2685 partim
2458 2622 2624 2691 fretus
2665 2622 2913 2692 (equitate
2956 2620 3387 2688 humanitateque
3436 2626 3522 2670 tua
3545 2629 3655 2667 con-

411 2708 768 2764 tradicerem:
801 2727 927 2764 nam
965 2727 1082 2764 cum
1123 2711 1279 2765 hodie
1321 2722 1369 2765 te
1409 2728 1559 2767 nemo
1590 2729 1764 2767 rerum
1793 2712 2011 2766 illarum
2058 2714 2279 2766 scientia
2311 2723 2361 2767 et
2392 2715 2772 2768 exercitatione
2808 2722 3041 2782 superet,
3084 2720 3194 2764 tum
3246 2709 3468 2764 candore
3504 2705 3587 2760 illo
3609 2710 3654 2758 et

413 2803 675 2873 facilitate
706 2805 928 2874 miriﬁce
958 2815 1217 2874 pra’stas,
1247 2814 1305 2858 ut
1328 2822 1533 2869 eorum,
1561 2823 1678 2876 qua:
1699 2808 1965 2876 sapienter
2003 2807 2224 2871 asseris,
2254 2823 2383 2874 non,
2409 2817 2465 2860 ut
2511 2808 2624 2871 ille,
2655 2808 2747 2876 qui
2773 2816 2960 2861 contra
2983 2822 3063 2860 me
3089 2806 3326 2873 scripsit,
3370 2803 3655 2858 auctoritate

410 2898 531 2953 sola
559 2897 719 2968 ﬁdem
748 2908 1089 2968 extorqueas,
1127 2900 1218 2953 sed
1251 2898 1475 2952 liberum
1496 2899 1683 2967 cuique
1696 2898 1996 2967 judicium,
2020 2909 2069 2952 et
2104 2899 2363 2969 integras,
2388 2915 2506 2969 qua:
2550 2899 2695 2965 velit,
2729 2899 2913 2952 tuendi
2943 2914 3008 2952 ac
3048 2896 3365 2964 disputandi
3396 2905 3557 2965 partes
3584 2908 3655 2946 re—

412 2992 642 3063 ιὲηειααε-
680 2993 833 3057 Quod
866 2994 937 3046 ad
958 3009 1021 3047 ea
1047 3010 1163 3047 vero
1186 2994 1434 3063 pertinet,
1459 3010 1577 3063 qua:
1618 2992 1684 3047 de
1709 2994 2040 3063 pwnitentia,
2071 2993 2234 3064 deque
2253 2995 2458 3048 ueteris
2488 2993 2740 3048 Ecclesia:
2771 2992 2983 3058 ritibus,
3020 2993 3075 3046 in
3118 2991 3499 3061 Epiphanianis
3534 2988 3649 3041 Ani-

411 3088 887 3145 ntadvcrsionibus
916 3099 1298 3145 commentatus
1326 3105 1466 3149 sum.
1494 3106 1559 3144 ea
1584 3105 1666 3143 me
1698 3090 1833 3156 scio,
1859 3087 1987 3142 DEI
2034 3106 2128 3159 ope
2160 3106 2222 3143 ac
2244 3088 2518 3158 beneﬁcio.
2548 3106 2649 3141 non
2687 3087 2901 3141 aliunde
2946 3087 3094 3150 mihi,
3124 3103 3287 3156 quam
3322 3087 3492 3139 labore
3513 3093 3556 3137 et
3582 3083 3653 3135 in-

409 3181 619 3236 dustria
650 3199 790 3252 mea,
816 3183 1043 3239 assidua
1084 3184 1323 3238 Veterum
1352 3185 1595 3247 lectione,
1626 3183 1830 3253 aliquot
1863 3198 2127 3237 annorum
2160 3198 2261 3237 usu
2300 3199 2363 3235 ac
2394 3181 2737 3235 meditatione
2775 3180 3054 3249 peperisse.
3094 3174 3326 3231 Possum
3358 3171 3647 3243 dispunctori

410 3275 815 3345 accusatorique
847 3292 958 3329 meo
985 3275 1050 3329 de
1083 3276 1332 3345 singulis,
1361 3292 1477 3346 quae
1507 3275 1621 3329 illic
1686 3276 1931 3339 tractaui,
1979 3275 2265 3344 capitibus,
2300 3275 2512 3329 easdem
2556 3273 2704 3335 illas,
2736 3271 2925 3342 quibus
2959 3288 3088 3324 usus
3140 3288 3286 3334 sum,
3318 3269 3651 3325 auctoritates,

410 3366 578 3437 iisque
615 3368 783 3422 multo
831 3369 1007 3437 plures
1052 3370 1106 3423 in
1138 3371 1461 3425 adversariis
1493 3373 1619 3424 meis
1651 3381 1867 3425 notatas
1907 3388 1969 3424 ac
2010 3372 2330 3439 perscriptas
2374 3367 2681 3431 ostendere,
2721 3384 2853 3437 quas
2888 3382 2954 3421 ex
2993 3366 3328 3420 Tertulliano
3353 3410 3365 3431 ,
3399 3362 3653 3433 Cypriane,

412 3460 719 3529 cwterisque
744 3459 999 3516 Patribus
1026 3470 1077 3514 et
1107 3464 1345 3532 antiquis
1378 3462 1617 3515 conciliis
1642 3480 1705 3516 ac
1730 3462 2048 3525 canonibus.
2090 3473 2149 3516 nt
2182 3464 2503 3523 Scriptorem
2544 3478 2797 3532 quemque
2835 3461 3087 3531 legebam,
3116 3461 3356 3513 studiose
3391 3457 3556 3512 multis
3578 3450 3656 3505 ab-

415 3548 537 3604 hinc
575 3554 734 3605 annis
767 3551 1189 3607 observaveram.
1232 3554 1336 3609 Sed
1366 3571 1529 3625 neque
1562 3554 2004 3625 χρηστομαθείις
2046 3556 2203 3617 istas,
2232 3568 2391 3624 neque
2421 3557 2466 3609 si
2489 3553 2619 3624 quid
2653 3568 2717 3608 ex
2749 3553 2856 3607 illis
2898 3554 3084 3607 soler:i
3124 3555 3356 3616 ratione,
3391 3560 3477 3603 aut
3508 3545 3655 3613 conje-

414 3651 572 3695 ctura
596 3641 819 3708 deduxi,
844 3647 978 3698 tanti
1005 3646 1235 3712 a'stimo,
1260 3655 1319 3698 ut
1343 3662 1437 3715 pro
1461 3645 1798 3699 tantillarum
1832 3662 2008 3701 rerum
2034 3646 2350 3701 vindicanda
2377 3648 2711 3715 possessione
2731 3643 3094 3715 suscipiendas
3122 3644 3425 3698 simultates
3445 3650 3489 3695 et
3520 3636 3655 3692 alter-

417 3734 649 3787 cationes
684 3736 1005 3799 existimem,
1040 3736 1233 3791 nedum
1261 3746 1319 3790 ut
1349 3752 1414 3791 ex
1442 3738 1644 3792 incerta
1665 3737 1909 3811 falsaque
1940 3740 2236 3807 suspicione
2264 3748 2465 3794 certam
2513 3739 2714 3793 nomini
2743 3738 2972 3806 alicujus
3017 3736 3304 3804 infamiam
3343 3732 3657 3811 invidiamque

416 3823 762 3880 consciscam.
794 3827 872 3879 Ac
898 3828 1135 3883 ueltuam
1153 3829 1246 3883 ille
1273 3831 1483 3897 saltem,
1504 3832 1831 3901 amplissime
1860 3829 2268 3904 doctissimeque
2302 3832 2533 3899 Prtesul,
2555 3831 2968 3886 moderationem
3001 3830 3205 3883 imitari
3233 3829 3382 3883 vellet
3416 3844 3432 3881 :
3460 3823 3540 3895 qui
3559 3835 3658 3874 cum

419 3916 897 3975 luculentis-simum
937 3940 999 3976 ac
1031 3923 1463 3979 laudatissimum
1492 3924 1627 3978 illud
1657 3941 1784 3994 opus
1812 3926 2291 3981 ecclesiasticarum
2323 3928 2741 3982 obseruationum
2772 3937 2889 3996 post
2930 3924 3453 3980 Animadversiones
3480 3925 3649 3975 nostra!

417 4015 617 4080 ederes,
652 4016 715 4072 de
752 4020 927 4090 plagio
954 4018 1048 4073 illo
1082 4036 1144 4074 ne
1180 4020 1360 4075 littera
1386 4020 1597 4091 quidem
1626 4030 1941 4091 conquestus
1968 4036 2059 4087 es;
2087 4023 2228 4093 quod
2248 4024 2443 4078 recenti
2466 4040 2543 4089 re,
2573 4033 2622 4078 et
2653 4022 2719 4077 ab
2746 4039 2828 4086 eo,
2854 4021 2977 4091 cuja
3018 4021 3129 4075 haec
3151 4029 3295 4084 erat,
3323 4019 3437 4090 ﬁeri
3464 4011 3651 4070 ηιαπὶηιθ

417 4114 775 4168 conveniebat.

492 4208 570 4263 Tu
604 4226 745 4274 vero,
774 4226 893 4264 cum
927 4212 1086 4266 certis
1122 4210 1187 4265 de
1222 4210 1482 4280 capitibus
1513 4220 1699 4265 contra
1740 4220 1896 4281 atque
1923 4225 2015 4282 ego
2041 4212 2291 4277 sentires,
2314 4213 2449 4267 nihil
2484 4214 2538 4266 in
2571 4229 2665 4267 nos
2700 4227 2881 4281 aspere
2912 4220 3106 4274 tamen,
3144 4210 3565 4273 inclementerque
3586 4196 3659 4251 di-

419 4305 591 4360 xisti:
620 4316 776 4377 atque
805 4308 884 4361 ita
914 4317 1061 4361 tuam
1091 4308 1248 4362 homo
1279 4325 1383 4362 non
1429 4309 1603 4361 minus
1634 4308 1888 4371 prudens,
1918 4325 2081 4369 quam
2122 4311 2387 4375 eruditus,
2426 4309 2722 4378 opinionem
2757 4305 3059 4376 explicasti,
3093 4314 3150 4357 ut
3184 4294 3555 4380 existimationi
3582 4306 3662 4343 n0-

420 4408 549 4456 stra:
587 4400 942 4469 amicitiazque
978 4416 1244 4469 parceres.
1293 4400 1366 4454 De
1390 4399 1490 4454 hac
1520 4401 1574 4454 in
1603 4416 1684 4454 me
1728 4400 1947 4454 lenitate
1974 4403 2053 4454 uti
2092 4401 2217 4472 jure
2257 4399 2353 4454 tibi
2397 4400 2690 4452 maximam
2734 4399 2965 4469 gratiam
2994 4394 3197 4460 habeo;
3242 4396 3320 4448 ita
3363 4383 3660 4460 dispuncmri

422 4513 535 4552 meo
561 4512 864 4550 succensere
891 4513 1127 4565 possum,
1180 4498 1269 4561 qui
1300 4496 1539 4551 eamdem
1579 4496 1764 4550 aliena
1799 4498 1857 4550 in
1899 4513 2063 4552 causa
2094 4514 2196 4551 non
2228 4495 2462 4561 adhibet,
2490 4512 2647 4566 quam
2676 4497 2730 4549 in
2777 4504 2867 4547 tua
2908 4492 3001 4546 tibi
3043 4492 3291 4545 decoram
3329 4498 3378 4544 et
3420 4491 3662 4540 nonestam

424 4595 647 4663 putasti.
682 4594 1038 4660 Quamobrem
1069 4593 1207 4663 quod
1237 4605 1423 4648 contra
1459 4610 1538 4646 me
1586 4603 1846 4664 utcunque
1878 4594 1967 4648 ille
1998 4594 2245 4658 scribere,
2288 4605 2336 4647 et
2370 4602 2552 4647 errata
2582 4608 2700 4646 mea
2744 4592 3009 4659 castigare
3044 4588 3225 4651 voluit,
3270 4604 3370 4640 non
3400 4583 3541 4637 modo
3572 4591 3658 4629 non

426 4691 771 4759 reprehendo,
799 4688 889 4743 sed
918 4706 1125 4761 quoquo
1150 4691 1329 4744 animo
1368 4689 1554 4758 fuerit,
1586 4688 1777 4743 bonam
1804 4691 1856 4743 in
1882 4700 2092 4758 partem
2125 4690 2352 4757 accipio.
2392 4686 2553 4742 Video
2576 4688 2712 4741 enim
2748 4686 2801 4739 id
2844 4695 2891 4740 et
2932 4685 3289 4738 communium
3324 4684 3558 4734 interesse
3585 4672 3662 4724 lil-

426 4792 683 4844 terarum,
714 4791 763 4834 et
815 4779 1029 4835 honeste
1070 4798 1132 4834 ac
1175 4779 1523 4833 laudabiliter
1556 4795 1706 4849 posse
1745 4780 1884 4848 ﬁeri,
1918 4798 2038 4834 cum
2078 4797 2227 4834 nemo
2264 4781 2358 4843 sit,
2390 4780 2481 4850 qui
2505 4788 2598 4832 aut
2630 4778 2813 4847 aliqua
2840 4794 2895 4831 re
2918 4793 3022 4831 non
3055 4785 3248 4845 peccet,
3288 4782 3377 4826 aut
3412 4772 3472 4824 ab
3508 4776 3665 4821 errore

428 4892 547 4941 suo,
574 4876 653 4931 sic
678 4886 935 4947 tanquam
968 4875 1131 4933 malo.
1157 4892 1219 4929 ac
1242 4873 1424 4929 morbo
1445 4892 1499 4930 se
1529 4876 1762 4947 quodam
1792 4876 1953 4930 eximi
1992 4886 2177 4945 optare
2200 4893 2304 4931 non
2328 4876 2533 4930 debeat.
2560 4873 2716 4927 Hunc
2750 4874 2913 4944 igitur
2942 4870 3292 4941 redarguendi
3321 4867 3419 4922 mei
3445 4867 3662 4918 conatum

429 4970 541 5041 fero
582 4989 684 5025 non
735 4973 931 5027 invitus
967 4988 986 5025 :
1023 4971 1119 5025 hoc
1150 4987 1465 5040 conqueror,
1494 4972 1606 5025 sine
1634 4971 1837 5042 injuria
1869 4972 2315 5043 contumeliaque,
2355 4988 2475 5026 cum
2520 4980 2717 5039 posset,
2752 4970 2919 5039 magis
2968 4966 3112 5022 istud
3154 4967 3324 5033 ipsum
3358 4960 3571 5015 noluisse
3594 4953 3667 5022 fa-

429 5081 563 5120 cere.
596 5065 837 5118 Alterum
860 5064 1001 5119 enim
1029 5063 1305 5119 tolerabile
1329 5073 1431 5129 est,
1469 5074 1526 5117 ut
1558 5063 1697 5130 dixi,
1731 5063 1958 5117 alterum
1984 5063 2287 5133 cujusmodi
2329 5065 2419 5128 sit,
2447 5079 2510 5117 ne
2538 5064 2586 5116 is
2617 5078 2649 5115 a
2681 5077 2761 5115 me
2799 5059 3052 5115 violatum
3088 5075 3142 5113 se
3177 5068 3340 5127 putet,
3373 5054 3487 5108 nolo
3519 5046 3663 5102 rcrbis

432 5161 560 5215 meis
584 5161 896 5228 exprimere.
926 5159 1182 5230 Equidem
1210 5158 1351 5231 quod
1385 5159 1639 5213 adversus
1667 5158 1980 5223 catholicos,
2007 5166 2055 5211 et
2101 5158 2250 5212 illius
2295 5158 2593 5226 prwsertim
2627 5155 2832 5210 ordinis
2878 5156 3016 5209 viros
3059 5171 3194 5225 a'gre
3220 5153 3449 5206 adducor
3479 5156 3529 5199 ut
3552 5141 3666 5199 scri-

434 5257 579 5320 bant,
615 5258 777 5311 etiam
820 5257 1137 5320 lacessitus;
1162 5255 1452 5328 quamlibet
1482 5256 1722 5324 iniquam
1751 5254 1867 5324 ejus
1907 5254 2357 5323 reprehensionem
2391 5270 2496 5307 non
2545 5251 2719 5306 solum
2751 5251 3013 5319 patienter
3045 5249 3301 5311 tulissem,
3332 5257 3498 5299 verum
3526 5238 3665 5328 etiam

437 5353 614 5416 tacite,
646 5352 694 5406 si
725 5351 979 5403 hactenus
1011 5321 1235 5404 conatus
1266 5348 1361 5402 ille
1391 5321 1716 5418 procederet,
1749 5321 1807 5399 ut
1848 5346 1904 5399 in
1945 5321 2210 5413 probabili
2238 5346 2553 5415 quwstione,
2596 5353 2785 5398 contra
2826 5342 3128 5411 opinionem
3176 5346 3429 5399 nostram,
3461 5346 3553 5386 non
3578 5321 3663 5378 ad-

440 5465 618 5503 versus
663 5457 831 5513 tuam,
872 5445 1086 5501 Prwsul
1135 5445 1484 5515 amplissime,
1518 5445 1624 5497 imo
1670 5458 1790 5497 vero
1843 5457 2173 5495 communem
2224 5441 2480 5494 Ecclesia:
2518 5439 2821 5493 doctrinam
2857 5436 3073 5491 ueniret.
3122 5433 3235 5488 Hoc
3282 5432 3415 5486 enim
3458 5419 3662 5479 restabat

440 5556 624 5605 unum,
657 5549 715 5593 ut
745 5541 799 5593 in
846 5539 1129 5609 plerisque.
1168 5555 1286 5608 quis
1323 5538 1671 5606 pronuntiare
1718 5537 1852 5591 satis
1892 5535 2101 5597 habuit,
2144 5552 2246 5588 non
2292 5535 2464 5588 solum
2500 5550 2533 5586 a
2570 5533 2675 5586 tuis
2719 5532 2870 5600 ipsis,
2902 5544 3124 5600 quorum
3157 5542 3210 5582 se
3251 5524 3495 5578 uindicem
3530 5522 3664 5609 atque

442 5635 778 5704 interpretem
807 5606 961 5703 facit,
996 5606 1208 5701 scriptis
1235 5641 1283 5685 et
1314 5632 1632 5685 auctoritate
1655 5628 1943 5690 recederet.
1971 5629 2062 5683 sed
2087 5646 2119 5682 a
2145 5627 2412 5682 communi
2438 5624 2824 5679 catholicorum
2833 5621 3040 5692 judicio
3065 5632 3367 5690 magnopere
3395 5606 3662 5704 dissideret-

444 5696 618 5798 (ἔτιρά
654 5740 731 5784 est
763 5696 1051 5785 secundum
1081 5696 1695 5798 dispunctiuncularum,
1731 5742 1834 5797 quo
1869 5724 1995 5796 quid
2025 5725 2094 5779 sit
2130 5726 2263 5780 dare
2304 5722 2710 5794 pmnitcntiam,
2743 5721 2899 5790 plane
2928 5716 3218 5777 contraria,
3249 5729 3312 5766 ac
3346 5720 3485 5764 tuum
3509 5696 3661 5806 et

442 5822 620 5879 etesiae
653 5823 845 5896 dogma
878 5825 999 5893 fert,
1034 5825 1243 5878 ratione
1270 5822 1499 5893 prudens
1552 5839 1619 5876 an
1644 5822 1945 5888 imprudens
1999 5821 2262 5890 exposuit.
2303 5818 2505 5874 Omitto
2553 5834 2693 5871 nunc
2736 5825 2947 5878 cratera,
2978 5828 3095 5883 qua;
3135 5820 3181 5866 te
3211 5810 3265 5861 in
3314 5822 3393 5900 ea,
3421 5809 3658 5900 tlufi'"

446 5916 701 5986 scriptam
725 5893 934 5969 nomini
966 5924 1055 5971 tuo
1087 5930 1337 5987 apparere
1373 5913 1533 5982 volui,
1568 5914 1926 5984 disputatione
1970 5912 2138 5984 legere
2168 5910 2330 5979 malo,
2359 5926 2515 5981 quam
2545 5924 2609 5963 ex
2641 5906 2781 5963 brevi
2813 5906 2910 5961 hac
2942 5903 3166 5976 cpistola
3192 5898 3385 5955 cursim
3413 5893 3661 5948 leritcraut
