3920 6406
251 401 360 460 605

1382 404 1750 463 ADVERSUS
1785 405 1951 464 MAT.
1995 406 2272 465 SIMONIU
2285 409 2355 465 M.

3425 427 3532 486 606

253 535 587 590 cognoscere.
617 520 791 589 Quam
821 522 1028 594 quidem
1058 521 1347 577 diatribam
1388 535 1626 580 nostram
1657 529 1897 598 quisquis
1924 539 2125 585 attente
2162 547 2226 583 ac
2259 530 2520 599 patienter
2546 531 2837 600 exceperit;
2865 549 2966 588 non
2995 534 3167 588 minus
3194 533 3262 589 ad
3286 537 3526 606 iniquam

253 615 628 684 depellendam
671 616 1118 682 criminationem,
1150 617 1423 673 honestam
1463 621 1637 680 nobis.
1674 640 1833 692 quam
1873 625 1942 677 ad
1988 635 2157 692 tuam,
2186 635 2237 679 et
2290 624 2543 679 Ecclesia:
2576 627 3012 698 propngnandam
3047 630 3528 702 illustraudamque

253 708 584 774 doctrinam,
614 709 756 776 piam
788 725 851 762 ac
892 710 1246 763 necessariam
1284 709 1448 778 fuisse
1472 711 1763 781 judicabit.
1800 714 1842 768 Α
1882 725 1929 770 te
1972 733 2112 781 vero,
2149 717 2360 770 Prmsul
2405 719 2750 785 amplissime,
2795 729 3055 788 postremo
3101 722 3233 775 illud
3275 727 3510 791 postulo,

251 801 394 869 quod
419 800 827 868 impetraturum
861 816 942 854 me
974 816 1086 854 esse
1112 801 1358 872 conﬁdo;
1388 811 1446 855 ut
1478 814 1665 858 contra
1703 807 2076 863 criminatores
2123 825 2261 862 meos
2293 810 2553 881 integrata
2581 811 2709 864 mihi
2741 821 2890 865 tuum
2925 814 3160 878 animum
3208 814 3514 871 benevolen-

252 894 490 961 tiamque
529 910 801 948 consertes
833 911 850 949 :
888 906 997 948 tum
1044 906 1100 948 ut
1131 898 1194 949 dc
1231 914 1310 952 me
1348 899 1580 954 vicissim
1627 901 1722 955 tibi
1761 903 2067 972 polliceare,
2120 905 2384 974 fautorem
2436 923 2517 960 me
2561 906 2838 976 dignitatis
2872 917 2997 972 tute,
3029 926 3154 973 non,
3190 919 3246 962 ut
3277 911 3516 980 quidam,

250 985 444 1038 alienis
473 985 849 1058 dispungendis
881 989 1177 1059 laboribus,
1221 991 1314 1046 sed
1359 1010 1502 1048 more
1549 997 1682 1051 bona
1713 998 2002 1070 proboque,
2067 999 2300 1068 tuendis,
2354 1000 2528 1076 quoad
2569 1003 2712 1068 licet,
2752 1004 3080 1060 monimentis
3117 1006 3222 1060 tuis
3267 1015 3515 1075 perpetua

254 1078 514 1148 pilarum.
546 1078 691 1136 Vale.

260 1233 348 1250 ~

897 1238 908 1242 _
1627 1238 1632 1241 .

562 1364 1228 1460 ELENCHUS'
1268 1372 2282 1466 DISPUNCTIONUM
2359 1377 2646 1466 MAT.
2721 1377 3206 1520 SIMONII

1063 1516 1155 1573 DE
1193 1517 1673 1579 musarum
1711 1523 1880 1580 RlTU
1921 1525 2180 1581 VETERI
2219 1525 2288 1581 IN
2347 1526 2707 1586 ECCLESIA.

879 1724 1110 1782 CAPUT
1150 1727 1192 1781 Ι.

165 1898 201 1928 ,
245 1855 664 1928 υἱεριιηειίοηεξ
687 1871 841 1928 super
886 1855 1084 1915 Novati
1119 1871 1168 1914 et
1206 1859 1497 1915 Novatiani
1533 1862 1838 1919 nominibus

317 1925 961 2000 dis_cussw.__0stendit_ur,
1004 1946 1124 2000 non,
1149 1947 1210 1984 ea
1246 1933 1543 1998 promiscue
1587 1935 1836 2000 usurpari

317 1997 523 2070 debere.
594 1996 881 2070 Nepotiani
931 2015 1026 2052 cur
1093 1996 1336 2055 damnati
1393 2018 1488 2070 pro
1536 1996 1834 2066 hwreti'cis;

317 2069 484 2139 deque
530 2083 604 2139 eo
634 2068 990 2139 dispunctoris
1043 2071 1320 2139 conﬂictus
1371 2068 1569 2135 secum,
1623 2083 1672 2127 et
1714 2091 1835 2126 cum

315 2137 382 2190 Il.
417 2137 481 2190 D.
515 2137 843 2205 Albaspinan'
887 2137 1188 2206 sententia;
1236 2158 1352 2208 qua:
1387 2151 1436 2196 et
1479 2145 1598 2213 ipsa
1640 2160 1839 2214 propu-

314 2216 532 2277 gnatur.

313 2338 520 2392 Mirum
562 2337 617 2392 in
645 2337 766 2408 ipso
797 2338 994 2409 capitis
1034 2337 1207 2406 aditu,
1251 2356 1353 2396 nec
1391 2344 1613 2414 vulgare
1657 2362 1836 2416 παρα·

243 2429 575 2502 κινδύνευμα
609 2450 622 2484 :
658 2446 780 2484 cum
810 2429 920 2484 duo
964 2446 1028 2486 ac
1057 2431 1260 2488 diversi
1292 2432 1493 2489 fuerint
1515 2435 1758 2494 Novatus
1781 2446 1836 2492 et

245 2523 618 2590 Novatianus;
648 2523 922 2593 iidemque
952 2524 1148 2592 patria,
1174 2527 1440 2591 moribus,
1462 2528 1834 2598 institutisque

244 2617 545 2673 dissimiles
577 2635 590 2670 :
620 2623 801 2669 tamen
836 2617 929 2685 qui
961 2631 1127 2669 unum
1161 2631 1226 2671 ex
1269 2617 1537 2673 ambobus
1561 2617 1832 2673 conﬂave-

242 2707 336 2770 rit,
375 2720 485 2760 non
536 2713 630 2760 aut
671 2719 859 2760 errare
910 2706 1110 2776 ipsum,
1164 2715 1258 2761 aut
1313 2707 1547 2763 miscere
1590 2709 1729 2764 alios
1769 2723 1833 2763 ac

239 2796 604 2854 confundere.
636 2796 770 2862 Quis
816 2795 919 2851 hoc
965 2796 1193 2867 aenigma
1243 2797 1544 2853 dissolvat?
1593 2797 1830 2865 Constet,

242 2887 452 2958 inquit,
497 2887 630 2942 duos
675 2889 858 2959 fuisse,
910 2905 1135 2959 quorum
1183 2889 1322 2944 alter
1355 2887 1650 2955 Romanus,
1696 2893 1834 2946 alter

239 2979 536 3048 Africanus
564 2979 688 3049 fuit.
721 2978 782 3034 Et
823 2988 1042 3036 tamen:
1071 2979 1247 3045 Nulli,
1281 2980 1480 3049 inquit,
1512 2981 1566 3034 in
1596 2997 1655 3036 eo
1678 2997 1831 3036 erra-

237 3078 386 3134 runt,
422 3068 562 3139 quod
585 3069 720 3123 duos
745 3070 869 3124 illos
898 3070 954 3124 in
977 3086 1142 3123 unum
1175 3071 1502 3125 miscuerint.
1543 3069 1664 3126 Non
1690 3087 1827 3126 auro
1859 3063 1900 3118 Β

238 3167 436 3214 contra
465 3158 690 3214 charum
721 3160 970 3216 duxerim
996 3160 1100 3216 hoc
1117 3161 1437 3232 mysterium
1471 3176 1824 3234 cognoscere.

239 3252 455 3307 Amabo
487 3262 558 3313 te,
602 3250 698 3306 Vir
734 3250 966 3319 erudite,
1003 3252 1135 3322 quid
1163 3267 1286 3308 esse
1320 3259 1480 3322 putas
1521 3254 1661 3309 duos
1691 3254 1830 3307 invi-

245 3357 360 3397 cem
420 3341 802 3398 confundere?
849 3341 1041 3398 Nonne
1101 3358 1222 3413 quae
1269 3344 1438 3398 unius
1484 3344 1558 3397 ita
1605 3343 1828 3414 propria

256 3441 397 3499 sunt,
447 3441 508 3492 ut
552 3433 620 3488 ad
663 3435 894 3489 alterum
938 3434 1164 3489 minime
1202 3434 1554 3500 conveniant,
1599 3434 1655 3490 in
1703 3449 1828 3490 eum

251 3527 427 3596 ipsum
455 3525 782 3593 transferre;
819 3541 1039 3594 nomen,
1084 3542 1278 3598 genus,
1317 3527 1485 3594 dicta,
1521 3526 1683 3594 facta,
1719 3543 1829 3583 ca:-

245 3628 363 3673 tera
412 3616 650 3686 denique
707 3617 1018 3686 promiscue
1065 3617 1304 3673 habere?
1346 3618 1552 3673 Confer
1609 3619 1828 3674 Grzccos

241 3711 370 3766 illos
422 3707 756 3779 Latinosque
795 3709 1115 3778 scriptores,
1167 3725 1306 3779 quos
1355 3710 1408 3764 in
1458 3707 1700 3764 Diatriba
1741 3711 1830 3766 vel

241 3799 438 3858 citavi,
466 3797 550 3851 vel
581 3797 743 3852 omisi
779 3815 791 3850 :
829 3812 942 3852 rem
973 3797 1305 3867 ipsissimam
1341 3798 1576 3855 videbis.
1615 3800 1683 3852 At
1705 3797 1830 3854 vide

242 3889 628 3947 subtilitatem.
659 3885 783 3942 Non
811 3889 1154 3950 miscuerunt,
1184 3889 1381 3958 inquit,
1407 3891 1534 3959 quia
1564 3893 1831 3942 duntaxat

243 3997 415 4037 unum
456 3987 726 4034 noverant.
771 3979 1150 4051 Argutissime.
1183 3979 1386 4050 Nempe
1419 3979 1567 4051 μίξις
1595 3981 1830 4035 duorum

242 4079 353 4130 est.
405 4067 608 4124 Verum
648 4069 778 4140 quid
832 4083 1059 4126 necesse
1111 4076 1215 4136 est,
1264 4071 1456 4125 ambos
1512 4070 1828 4141 singillatim

245 4161 504 4234 cognitos
548 4160 792 4216 habere?
823 4159 958 4214 Nam
1000 4161 1047 4215 si
1090 4171 1488 4232 cognoscerent
1528 4177 1592 4217 ac
1626 4162 1831 4217 discer-

245 4271 382 4311 nere
415 4264 658 4325 possent,
695 4252 940 4324 prolecto
983 4269 1096 4312 non
1140 4255 1561 4312 confunderent.
1595 4255 1738 4326 Ergo
1771 4261 1831 4308 ut

247 4346 424 4417 aliqui
458 4346 568 4400 duo
605 4344 864 4400 confundi
905 4345 1235 4417 miscerique
1269 4347 1545 4416 dicantur,
1589 4357 1644 4404 tu
1682 4349 1832 4419 ejus—

248 4438 400 4494 modi
430 4437 796 4491 conditionem
833 4436 996 4501 feres,
1030 4454 1153 4509 qua:
1182 4453 1253 4493 ne
1278 4439 1686 4494 confundantur
1717 4441 1832 4510 ipsa

248 4527 532 4600 perﬁciat?
571 4527 714 4593 Quid
754 4527 1028 4584 alienius?
1058 4529 1204 4586 Duos
1239 4529 1380 4585 inter
1426 4546 1486 4586 se
1525 4530 1830 4602 Cyprianos

245 4616 551 4688 Gregorius
602 4615 982 4672 Nazianzenus
1034 4618 1236 4689 aliique
1292 4618 1696 4684 confuderunt,
1761 4635 1830 4674 an

237 4709 503 4779 singulos
561 4723 725 4765 nosse
764 4711 922 4780 prius
976 4709 1240 4781 oportuit,
1285 4727 1448 4783 quam
1500 4710 1834 4769 confundere

246 4801 610 4875 putarentur?

321 4892 463 4948 Illud
513 4907 642 4946 vero
694 4892 820 4962 quis
871 4893 968 4949 tibi
1012 4893 1277 4950 concedat
1320 4911 1335 4949 :
1377 4892 1595 4950 Nemini
1653 4895 1838 4964 fraudi

243 4983 494 5054 futurum
522 4995 540 5034 :
570 4982 888 5052 Africanum
923 4981 1213 5047 Novatum,
1244 4993 1294 5037 et
1322 4981 1690 5038 Novatianum
1723 4984 1836 5039 Ro-

249 5089 490 5138 manum,
529 5071 893 5128 Novatianum
931 5083 982 5128 et
1026 5073 1294 5128 Novatum
1335 5076 1680 5144 appellavisse
1709 5094 1836 5148 pro-

256 5166 448 5219 rniscue
473 5172 525 5218 et
556 5163 962 5233 indifferenter?
990 5163 1135 5220 Sane
1161 5164 1338 5221 fraudi
1388 5168 1461 5221 ita
1497 5183 1606 5222 non
1644 5167 1831 5237 fuerit,

256 5264 315 5311 ut
338 5257 405 5311 ad
435 5270 660 5311 causam
692 5256 888 5326 capitis
914 5257 1187 5327 pertineat
1224 5275 1238 5312 :
1277 5258 1346 5312 ab
1383 5273 1572 5315 errore
1601 5276 1732 5315 vero
1771 5277 1834 5317 ac

245 5347 680 5416 reprehensione
727 5347 877 5402 nulla
940 5355 1036 5402 tua
1105 5348 1459 5418 grammatica
1515 5351 1833 5410 vindicabit.

260 5441 454 5504 Verba,
487 5438 695 5508 inquis,
719 5438 938 5507 paulum
985 5439 1276 5503 declinata,
1323 5443 1467 5496 varie
1501 5453 1548 5496 et
1575 5443 1836 5514 multipli-

242 5533 387 5586 citer
409 5531 756 5595 reducuntur,
789 5540 881 5585 aut
917 5533 1192 5602 porrectis,
1222 5541 1313 5585 aut
1354 5532 1593 5602 adjectis,
1625 5545 1718 5588 aut
1745 5537 1836 5590 de-

242 5621 461 5686 tractis,
484 5630 576 5674 aut
604 5621 922 5691 permutatis
953 5622 1144 5676 litteris
1171 5622 1478 5694 syllabisve.
1509 5625 1653 5698 Ergo
1689 5627 1832 5683 idem

238 5711 358 5771 erit
375 5727 498 5777 rex,
535 5713 682 5784 quod
707 5712 952 5784 regulus,
984 5714 1230 5782 regillus,
1273 5715 1622 5788 regillianus;
1649 5725 1710 5774 ut
1738 5719 1832 5792 qui

320 5823 410 5898 (a)
434 5822 914 5884 Animadversion.
949 5842 1003 5899 p.
1029 5826 1156 5884 “2‘26.

1861 1721 1907 1779 Α
1937 1727 2302 1788 cognomento
2330 1733 2424 1773 rex
2465 1716 2648 1773 dictus
2696 1717 2792 1782 sit,
2823 1718 2973 1774 velut
3013 1717 3068 1773 in
3108 1725 3268 1788 gente
3298 1717 3523 1784 Marcia,

1938 1810 2152 1864 (ueteris
2177 1823 2396 1880 quoque
2432 1809 2877 1878 cognominibus,
2911 1825 3032 1879 qua:
3064 1808 3304 1864 indidem
3341 1809 3514 1863 decli-

1937 1910 2066 1954 nata
2115 1907 2265 1966 sunt,
2310 1901 2568 1970 appellari
2604 1901 2860 1970 potuerit.
2903 1899 3116 1954 Nemini
3164 1900 3290 1954 item
3347 1900 3522 1954 framli

1937 1991 2126 2057 fuerit,
2163 1989 2436 2046 Victorem
2469 1990 2794 2045 h’istoricum
2823 1993 3098 2062 appellare
3143 1990 3483 2046 Victoriumn
3505 2033 3519 2056 ,

1935 2080 2235 2144 Catonem,
2297 2080 2526 2144 Catum,
2587 2080 2836 2148 Catium,
2890 2081 3221 2148 Catienum,
3282 2081 3520 2150 ἀδιαφό-

1938 2188 2047 2240 ρως
2083 2185 2376 2240 usurpare.
2407 2170 2640 2243 Reliqua
2670 2171 2914 2244 ejusdem
2933 2174 3146 2246 generis
3179 2183 3231 2228 et
3262 2174 3518 2229 absurdi-

1934 2262 2066 2318 tatis
2096 2263 2310 2318 omitto.

2005 2353 2339 2409 Novatianos
2386 2353 2442 2407 in
2477 2351 2719 2408 Diatriba
2753 2353 2832 2422 (a)
2863 2353 3057 2424 scripsi
3105 2353 3200 2423 jus
3230 2353 3511 2409 relaxandi

1935 2454 2158 2516 peccata
2188 2447 2257 2501 ab
2293 2446 2535 2502 Ecclesia
2570 2445 2844 2518 quondam
2886 2445 3236 2514 abjudicasse
3266 2465 3280 2500 :
3318 2445 3524 2515 Quippe

1933 2537 2144 2590 unicam
2177 2537 2331 2591 illam
2365 2549 2702 2608 peccatorum
2736 2536 3120 2608 indulgentiam
3169 2537 3224 2592 in
3269 2537 3524 2593 Ecclesia:

1934 2629 2160 2683 arbitrio
2197 2631 2417 2694 versari,
2457 2647 2574 2700 qua:
2604 2645 2696 2698 per
2727 2629 3044 2697 baptismum
3075 2630 3361 2684 obtinetur.
3398 2629 3524 2684 Huic

1934 2725 1987 2772 te
2022 2717 2214 2773 fateris
2255 2718 2331 2791 (ὸ)
2367 2734 2480 2774 non
2519 2720 2841 2790 intelligere.
2895 2718 3036 2784 Quid
3093 2719 3334 2774 faciam?
3386 2719 3521 2774 Illud

1934 2826 2068 2866 sane
2104 2819 2258 2866 tuum
2298 2827 2408 2867 non
2443 2827 2709 2884 assequar
2741 2829 2756 2865 :
2793 2810 3091 2876 Novatum,
3123 2813 3230 2866 sive
3266 2810 3523 2866 Novatia-

1933 2920 2079 2972 num,
2112 2904 2385 2960 hwreticos
2416 2905 2648 2971 habitos,
2683 2917 2838 2977 atque
2878 2906 2942 2962 ab
2978 2905 3225 2961 Ecclesia
3259 2906 3524 2962 catholica

1933 2999 2262 3068 proscriptos
2311 2999 2498 3068 fuisse,
2531 2999 2672 3069 quod
2717 2999 2926 3054 nullum
2972 2999 3042 3053 ad
3077 3000 3255 3065 lapsos
3291 3002 3526 3054 reconci-

1931 3086 2138 3142 liandos
2168 3088 2622 3159 condonandaque
2665 3100 2880 3157 peccata
2907 3090 3000 3158 jus
3039 3091 3096 3142 in
3133 3089 3378 3144 Ecclesia
3409 3107 3525 3147 esse

1931 3187 2315 3245 assererarent,
2350 3180 2583 3234 sinuosa:
2616 3180 2925 3248 quwstionis
2954 3179 3264 3248 disceptatio
3297 3190 3396 3234 est.
3430 3180 3524 3234 Vi-

1929 3267 2077 3322 deris
2125 3269 2229 3322 hoc
2283 3284 2515 3339 arguere
2561 3271 2720 3335 velle,
2771 3271 2916 3341 quod
2959 3269 3072 3324 dixi
3112 3269 3426 3327 :Novatum
3469 3279 3526 3326 et

1929 3356 2295 3415 Novatianum
2347 3360 2638 3418 haereticos
2679 3362 2917 3428 habitos,
2956 3371 3119 3433 atque
3153 3363 3220 3417 ab
3275 3362 3522 3418 Ecclesia

1931 3451 2273 3523 proscriptos
2304 3469 2448 3517 esse,
2496 3454 2640 3525 quod
2675 3455 2883 3509 nullum
2928 3453 2996 3508 ad
3027 3454 3389 3510 condonanda
3426 3455 3521 3509 de-

1931 3543 2062 3597 licta
2106 3544 2198 3611 jus
2248 3543 2303 3598 in
2360 3543 2608 3601 Ecclesia
2654 3561 2777 3601 esse
2808 3545 3078 3600 dicereut.
3132 3544 3198 3600 Et
3229 3553 3412 3600 tamen
3467 3544 3521 3598 id

1933 3631 2156 3686 concilii
2187 3630 2494 3690 Tridentini
2528 3633 2858 3689 auctoritate
2907 3648 2972 3686 ac
3004 3649 3137 3688 voce
3168 3632 3518 3702 comprobas.

1932 3721 2158 3777 Gratum
2203 3731 2289 3778 est
2321 3725 2423 3779 hoc
2452 3722 2712 3780 ollicium.
2746 3725 2814 3779 At
2845 3725 3020 3794 hujus,
3055 3725 3164 3791 ais,
3189 3725 3343 3779 verba
3390 3724 3526 3782 nihil

1934 3815 2083 3870 aliud
2120 3828 2335 3884 sonant,
2366 3836 2526 3890 quam
2556 3820 2695 3873 inter
2736 3829 2955 3874 cceteros
2993 3817 3420 3872 Novatianorum
3447 3835 3525 3872 er-

1934 3923 2101 3972 rores,
2126 3917 2174 3962 ct
2207 3908 2344 3962 hunc
2375 3908 2562 3978 fuisse.
2594 3911 2676 3964 An
2721 3908 2868 3964 aliud
2905 3910 3182 3964 dicimus?
3233 3909 3364 3980 Pag.
3395 3909 3524 3976 2'27,

1933 4001 2098 4055 verba
2145 4008 2336 4054 nostra
2371 4010 2546 4056 sunt:
2581 4001 2735 4067 Quod
2768 4001 3015 4063 clavium,
3063 4010 3122 4054 ut
3166 4010 3382 4066 vocant,
3429 4017 3527 4070 po-

1935 4101 2175 4146 testatem
2203 4090 2456 4146 Ecclesia:
2494 4109 2557 4144 ac
2586 4090 2947 4146 sacerdotibus
2970 4092 3324 4156 detraherent,
3358 4101 3414 4144 ut
3445 4107 3525 4146 re-

1931 4181 2101 4252 liquos
2147 4181 2447 4235 earumdem
2495 4199 2702 4236 errores
2749 4184 3017 4249 amittant,
3062 4181 3357 4236 Noeatiani
3403 4191 3526 4236 tan-

1932 4291 2094 4344 quam
2140 4274 2375 4327 ha’relici
2423 4273 2670 4328 damnati
2702 4282 2845 4327 sunt.
2880 4272 2994 4328 Hoc
3029 4274 3278 4328 refellere
3323 4287 3386 4326 ac
3431 4288 3524 4328 nc-

1860 4401 1902 4457 ρ
1935 4379 2064 4435 gare
2104 4365 2372 4418 intererat
2420 4364 2573 4434 ejus,
2611 4365 2702 4435 qui
2747 4363 3192 4436 Dispunctionem
3235 4364 3524 4421 scriberet.

2012 4457 2079 4511 At
2106 4458 2271 4512 etiam
2309 4457 2488 4528 μάτην
2516 4457 2857 4530 πτερυγίζει,
2888 4470 2942 4513 et
2979 4460 3030 4512 in
3062 4459 3298 4530 seipsam
3334 4458 3517 4514 incur-

1941 4547 2017 4600 rit
2047 4555 2138 4602 tua
2168 4547 2490 4618 disputatio,
2533 4557 2587 4604 et
2618 4550 2674 4604 in
2705 4549 2756 4604 id
2789 4550 2935 4622 quod
2967 4558 3268 4623 oppugnat,
3323 4551 3408 4607 vel
3438 4553 3523 4606 iu-

1937 4640 2046 4694 vita
2083 4639 2369 4695 relabitur.
2412 4640 2552 4708 Quid
2579 4649 2682 4706 est,
2717 4642 2863 4712 quod
2908 4657 2939 4697 a
2979 4651 3176 4714 quarta
3216 4643 3436 4716 pagina,
3471 4649 3530 4698 et

1935 4728 2217 4800 deinceps,
2249 4728 2316 4784 ad
2355 4731 2516 4787 linem
2547 4748 2723 4804 usque
2770 4735 2968 4805 capitis
3013 4736 3247 4804 probare
3295 4733 3534 4791 niteris?

1936 4819 2146 4891 Opinor
2193 4822 2368 4879 illud:
2409 4840 2517 4879 non
2557 4825 2626 4880 ob
2677 4842 2847 4880 unum
2893 4826 3039 4880 hunc
3078 4841 3346 4890 errorem,
3378 4824 3526 4894 quod

1937 4913 2360 4969 relaxandorum
2424 4916 2716 4970 criminum
2767 4918 2880 4986 jus,
2917 4925 3355 4988 potestatemque
3405 4917 3524 4971 cla-

1933 5005 2103 5070 vium,
2146 5020 2312 5074 penes
2350 5004 2650 5061 Ecclesiam
2685 5022 2808 5064 esse
2846 5018 3089 5078 negaret,
3135 5023 3234 5079 pro
3267 5008 3530 5063 baeretico

1937 5095 2184 5152 habitum
2231 5113 2357 5153 esse
2401 5098 2790 5156 Novatianum.
2841 5101 2960 5155 Hoc
3010 5115 3188 5171 neque
3236 5115 3337 5171 ego
3384 5099 3530 5164 dixi,

1935 5199 2114 5256 neque
2167 5187 2510 5241 contrarium
2557 5187 2937 5244 demonstrare
2968 5203 3107 5259 opus
3141 5190 3366 5244 ornnino
3403 5187 3528 5242 fuit.

1937 5275 2139 5335 Verum
2177 5281 2458 5350 quomodo
2509 5281 2643 5337 illud
2693 5284 3030 5353 persuadeas
3079 5284 3325 5351 demum,
3358 5298 3533 5352 porro

1935 5366 2242 5424 videamus.
2283 5367 2542 5440 Cypriani
2593 5373 2773 5426 locum
2820 5374 3006 5438 ali’ers,
3041 5374 3135 5444 qui
3169 5374 3240 5428 ab
3283 5371 3532 5427 Antonio

1938 5454 2332 5529 interrogatus,
2361 5477 2519 5531 quam
2557 5460 2784 5516 hazrcsin
2823 5463 3155 5518 Novatianus
3187 5463 3521 5519 introduxis-

1936 5558 2036 5613 set,
2087 5549 2160 5603 ita
2190 5553 2484 5620 respondet
2512 5572 2524 5608 :
2559 5553 2710 5610 Scias
2740 5573 2834 5611 nos
2869 5559 3040 5626 primo
3074 5558 3125 5610 in
3165 5557 3280 5612 loco
3312 5573 3404 5611 nec
3431 5573 3529 5610 cus

1935 5639 2108 5696 riasos
2137 5657 2250 5698 esse
2279 5642 2483 5713 debere,
2510 5648 2639 5717 quid
2663 5648 2753 5705 ille
2775 5649 2982 5717 doceat,
3009 5666 3127 5704 cum
3150 5649 3285 5720 [oris
3315 5649 3524 5708 doceat.

1939 5729 2192 5803 Quisquis
2239 5735 2331 5792 ille
2361 5747 2467 5808 est,
2506 5749 2556 5798 et
2606 5741 2988 5814 qualiscunque
3032 5751 3130 5809 est,
3181 5742 3538 5800 Christianus

2009 5845 2091 5921 tt)
2118 5847 2247 5923 νος.
2282 5850 2336 5907 5.
