  <div class='ocr_page' id='page_1' title='image "/cluster/home/n/w/nwhite01/storage/ocr_20150623/43:no.3/coo.31924054869429/311.png"; bbox 0 0 3920 6462; ppageno 0'>
   <div class='ocr_carea' id='block_1_1' title="bbox 383 450 3612 515">
    <p class='ocr_par' dir='ltr' id='par_1_1' title="bbox 383 450 3612 515">
     <span class='ocr_line' id='line_1_1' title="bbox 383 450 3612 515; baseline -0.001 -5"><span class='ocrx_word' id='word_1_1' title='bbox 383 456 487 511; x_wconf 77' lang='lat'><strong>607</strong></span> <span class='ocrx_word' id='word_1_2' title='bbox 1708 454 1886 509; x_wconf 71' lang='lat' dir='ltr'><strong>DION.</strong></span> <span class='ocrx_word' id='word_1_3' title='bbox 1931 450 2274 508; x_wconf 76' lang='lat' dir='ltr'><strong>PETAVIUS</strong></span> <span class='ocrx_word' id='word_1_4' title='bbox 3523 460 3612 515; x_wconf 74' lang='lat'><strong>603</strong></span> 
     </span>
    </p>
   </div>
   <div class='ocr_carea' id='block_1_2' title="bbox 385 568 1991 643">
    <p class='ocr_par' dir='ltr' id='par_1_2' title="bbox 385 569 1991 639">
     <span class='ocr_line' id='line_1_2' title="bbox 385 569 1991 639; baseline 0.002 -16"><span class='ocrx_word' id='word_1_5' title='bbox 385 586 485 623; x_wconf 82' lang='lat' dir='ltr'><strong>non</strong></span> <span class='ocrx_word' id='word_1_6' title='bbox 513 575 619 632; x_wconf 87' lang='lat' dir='ltr'><strong>est,</strong></span> <span class='ocrx_word' id='word_1_7' title='bbox 646 570 739 639; x_wconf 68' lang='lat' dir='ltr'><strong>qui</strong></span> <span class='ocrx_word' id='word_1_8' title='bbox 765 570 813 623; x_wconf 83' lang='lat' dir='ltr'><strong>in</strong></span> <span class='ocrx_word' id='word_1_9' title='bbox 846 569 1050 625; x_wconf 84' lang='lat' dir='ltr'><strong>Christi</strong></span> <span class='ocrx_word' id='word_1_10' title='bbox 1078 570 1317 626; x_wconf 75' lang='lat' dir='ltr'><strong>Ecclesia</strong></span> <span class='ocrx_word' id='word_1_11' title='bbox 1348 588 1448 625; x_wconf 89' lang='lat' dir='ltr'><strong>non</strong></span> <span class='ocrx_word' id='word_1_12' title='bbox 1478 580 1576 626; x_wconf 86' lang='lat' dir='ltr'><strong>est.</strong></span> <span class='ocrx_word' id='word_1_13' title='bbox 1612 573 1714 625; x_wconf 85' lang='lat' dir='ltr'><strong>Ilic</strong></span> <span class='ocrx_word' id='word_1_14' title='bbox 1748 573 1957 627; x_wconf 69' lang='lat' dir='ltr'><strong>scilicet</strong></span> <span class='ocrx_word' id='word_1_15' title='bbox 1989 625 1991 633; x_wconf 23' lang='grc' dir='ltr'>γ</span> 
     </span>
    </p>
   </div>
   <div class='ocr_carea' id='block_1_3' title="bbox 2094 568 3612 643">
    <p class='ocr_par' dir='ltr' id='par_1_3' title="bbox 2100 568 3612 643">
     <span class='ocr_line' id='line_1_3' title="bbox 2100 568 3612 643; baseline 0.002 -19"><span class='ocrx_word' id='word_1_16' title='bbox 2100 572 2163 641; x_wconf 79' lang='grc' dir='ltr'><strong>ἧς</strong></span> <span class='ocrx_word' id='word_1_17' title='bbox 2192 569 2484 639; x_wconf 72' lang='grc' dir='ltr'><strong>καθολικῆς</strong></span> <span class='ocrx_word' id='word_1_18' title='bbox 2510 570 2602 623; x_wconf 79' lang='grc' dir='ltr'>καὶ</span> <span class='ocrx_word' id='word_1_19' title='bbox 2631 568 2990 639; x_wconf 76' lang='grc' dir='ltr'><strong>ἀποστολικῆς</strong></span> <span class='ocrx_word' id='word_1_20' title='bbox 3022 568 3344 641; x_wconf 77' lang='grc' dir='ltr'><strong>Ἐκκλησίας</strong></span> <span class='ocrx_word' id='word_1_21' title='bbox 3374 572 3612 643; x_wconf 73' lang='grc' dir='ltr'><strong>δόγμασι·</strong></span> 
     </span>
    </p>
   </div>
   <div class='ocr_carea' id='block_1_4' title="bbox 383 659 1961 729">
    <p class='ocr_par' dir='ltr' id='par_1_4' title="bbox 383 659 1961 729">
     <span class='ocr_line' id='line_1_4' title="bbox 383 659 1961 729; baseline 0.002 -19"><span class='ocrx_word' id='word_1_22' title='bbox 383 659 640 729; x_wconf 66' lang='lat' dir='ltr'><strong>(iypriani</strong></span> <span class='ocrx_word' id='word_1_23' title='bbox 696 661 849 715; x_wconf 86' lang='lat' dir='ltr'><strong>locus</strong></span> <span class='ocrx_word' id='word_1_24' title='bbox 884 661 939 714; x_wconf 92' lang='lat' dir='ltr'><strong>in</strong></span> <span class='ocrx_word' id='word_1_25' title='bbox 989 676 1111 714; x_wconf 90' lang='lat' dir='ltr'><strong>eum</strong></span> <span class='ocrx_word' id='word_1_26' title='bbox 1160 676 1189 713; x_wconf 93' lang='lat' dir='ltr'><strong>a</strong></span> <span class='ocrx_word' id='word_1_27' title='bbox 1239 671 1290 715; x_wconf 90' lang='lat' dir='ltr'><strong>te</strong></span> <span class='ocrx_word' id='word_1_28' title='bbox 1329 661 1488 715; x_wconf 84' lang='lat' dir='ltr'><strong>ﬁnem</strong></span> <span class='ocrx_word' id='word_1_29' title='bbox 1545 661 1857 724; x_wconf 75' lang='lat' dir='ltr'><strong>adducitur,</strong></span> <span class='ocrx_word' id='word_1_30' title='bbox 1903 670 1961 714; x_wconf 91' lang='lat' dir='ltr'><strong>ut</strong></span> 
     </span>
    </p>
   </div>
   <div class='ocr_carea' id='block_1_5' title="bbox 384 750 1963 822">
    <p class='ocr_par' dir='ltr' id='par_1_5' title="bbox 384 750 1963 822">
     <span class='ocr_line' id='line_1_5' title="bbox 384 750 1963 822; baseline 0.001 -19"><span class='ocrx_word' id='word_1_31' title='bbox 384 750 667 817; x_wconf 79' lang='lat' dir='ltr'><strong>ostendas,</strong></span> <span class='ocrx_word' id='word_1_32' title='bbox 705 752 872 805; x_wconf 90' lang='lat' dir='ltr'><strong>alium</strong></span> <span class='ocrx_word' id='word_1_33' title='bbox 906 754 1215 821; x_wconf 84' lang='lat' dir='ltr'><strong>quempiam</strong></span> <span class='ocrx_word' id='word_1_34' title='bbox 1239 753 1309 806; x_wconf 90' lang='lat' dir='ltr'><strong>ob</strong></span> <span class='ocrx_word' id='word_1_35' title='bbox 1341 768 1606 816; x_wconf 82' lang='lat' dir='ltr'><strong>errorem,</strong></span> <span class='ocrx_word' id='word_1_36' title='bbox 1633 767 1794 822; x_wconf 89' lang='lat' dir='ltr'><strong>quam</strong></span> <span class='ocrx_word' id='word_1_37' title='bbox 1817 752 1963 821; x_wconf 93' lang='lat' dir='ltr'><strong>quod</strong></span> 
     </span>
    </p>
   </div>
   <div class='ocr_carea' id='block_1_6' title="bbox 386 843 1963 912">
    <p class='ocr_par' dir='ltr' id='par_1_6' title="bbox 386 843 1963 912">
     <span class='ocr_line' id='line_1_6' title="bbox 386 843 1963 912; baseline 0.004 -20"><span class='ocrx_word' id='word_1_38' title='bbox 386 843 621 897; x_wconf 66' lang='lat' dir='ltr'><strong>t-lavium</strong></span> <span class='ocrx_word' id='word_1_39' title='bbox 677 843 770 912; x_wconf 87' lang='lat' dir='ltr'><strong>jus</strong></span> <span class='ocrx_word' id='word_1_40' title='bbox 821 844 1078 899; x_wconf 63' lang='lat' dir='ltr'><strong>Ecclesia:</strong></span> <span class='ocrx_word' id='word_1_41' title='bbox 1121 846 1450 909; x_wconf 72' lang='lat' dir='ltr'><strong>detraheret,</strong></span> <span class='ocrx_word' id='word_1_42' title='bbox 1497 845 1810 899; x_wconf 58' lang='lat' dir='ltr'><strong>hatreticum</strong></span> <span class='ocrx_word' id='word_1_43' title='bbox 1844 859 1963 898; x_wconf 84' lang='lat' dir='ltr'><strong>esse</strong></span> 
     </span>
    </p>
   </div>
   <div class='ocr_carea' id='block_1_7' title="bbox 384 932 1962 1005">
    <p class='ocr_par' dir='ltr' id='par_1_7' title="bbox 384 932 1962 1005">
     <span class='ocr_line' id='line_1_7' title="bbox 384 932 1962 1005; baseline -0.001 -17"><span class='ocrx_word' id='word_1_44' title='bbox 384 932 705 1002; x_wconf 74' lang='lat' dir='ltr'><strong>iudicatum.</strong></span> <span class='ocrx_word' id='word_1_45' title='bbox 737 935 849 989; x_wconf 84' lang='lat' dir='ltr'><strong>Hoc</strong></span> <span class='ocrx_word' id='word_1_46' title='bbox 898 937 1041 990; x_wconf 90' lang='lat' dir='ltr'><strong>enim</strong></span> <span class='ocrx_word' id='word_1_47' title='bbox 1077 946 1334 1005; x_wconf 82' lang='lat' dir='ltr'><strong>tanquam</strong></span> <span class='ocrx_word' id='word_1_48' title='bbox 1376 950 1405 987; x_wconf 90' lang='lat' dir='ltr'><strong>a</strong></span> <span class='ocrx_word' id='word_1_49' title='bbox 1455 950 1542 989; x_wconf 92' lang='lat' dir='ltr'><strong>me</strong></span> <span class='ocrx_word' id='word_1_50' title='bbox 1587 935 1824 1003; x_wconf 86' lang='lat' dir='ltr'><strong>positum</strong></span> <span class='ocrx_word' id='word_1_51' title='bbox 1860 950 1962 1003; x_wconf 87' lang='lat' dir='ltr'><strong>op-</strong></span> 
     </span>
    </p>
   </div>
   <div class='ocr_carea' id='block_1_8' title="bbox 389 1027 1966 1096">
    <p class='ocr_par' dir='ltr' id='par_1_8' title="bbox 389 1027 1966 1096">
     <span class='ocr_line' id='line_1_8' title="bbox 389 1027 1966 1096; baseline 0.001 -17"><span class='ocrx_word' id='word_1_52' title='bbox 389 1041 633 1096; x_wconf 89' lang='lat' dir='ltr'><strong>pugnare</strong></span> <span class='ocrx_word' id='word_1_53' title='bbox 677 1028 921 1080; x_wconf 88' lang='lat' dir='ltr'><strong>volebas.</strong></span> <span class='ocrx_word' id='word_1_54' title='bbox 979 1027 1098 1080; x_wconf 81' lang='lat' dir='ltr'><strong>Jam</strong></span> <span class='ocrx_word' id='word_1_55' title='bbox 1152 1042 1282 1081; x_wconf 88' lang='lat' dir='ltr'><strong>vero</strong></span> <span class='ocrx_word' id='word_1_56' title='bbox 1323 1027 1452 1096; x_wconf 91' lang='lat' dir='ltr'><strong>quid</strong></span> <span class='ocrx_word' id='word_1_57' title='bbox 1505 1027 1738 1081; x_wconf 86' lang='lat' dir='ltr'><strong>alienius</strong></span> <span class='ocrx_word' id='word_1_58' title='bbox 1790 1028 1857 1080; x_wconf 88' lang='lat' dir='ltr'><strong>ab</strong></span> <span class='ocrx_word' id='word_1_59' title='bbox 1904 1041 1966 1081; x_wconf 87' lang='lat' dir='ltr'><strong>ea</strong></span> 
     </span>
    </p>
   </div>
   <div class='ocr_carea' id='block_1_9' title="bbox 390 1116 1970 1187">
    <p class='ocr_par' dir='ltr' id='par_1_9' title="bbox 390 1116 1970 1187">
     <span class='ocr_line' id='line_1_9' title="bbox 390 1116 1970 1187; baseline 0.001 -19"><span class='ocrx_word' id='word_1_60' title='bbox 390 1116 681 1187; x_wconf 86' lang='lat' dir='ltr'><strong>hypothcsi</strong></span> <span class='ocrx_word' id='word_1_61' title='bbox 723 1116 1086 1186; x_wconf 89' lang='lat' dir='ltr'><strong>institutoque</strong></span> <span class='ocrx_word' id='word_1_62' title='bbox 1117 1116 1507 1186; x_wconf 85' lang='lat' dir='ltr'><strong>disputationis</strong></span> <span class='ocrx_word' id='word_1_63' title='bbox 1548 1124 1675 1181; x_wconf 68' lang='lat' dir='ltr'><strong>tuae,</strong></span> <span class='ocrx_word' id='word_1_64' title='bbox 1708 1132 1872 1186; x_wconf 90' lang='lat' dir='ltr'><strong>quam</strong></span> <span class='ocrx_word' id='word_1_65' title='bbox 1906 1118 1970 1170; x_wconf 92' lang='lat' dir='ltr'><strong>il-</strong></span> 
     </span>
    </p>
   </div>
   <div class='ocr_carea' id='block_1_10' title="bbox 391 1207 1970 1276">
    <p class='ocr_par' dir='ltr' id='par_1_10' title="bbox 391 1207 1970 1276">
     <span class='ocr_line' id='line_1_10' title="bbox 391 1207 1970 1276; baseline 0.003 -17"><span class='ocrx_word' id='word_1_66' title='bbox 391 1207 482 1259; x_wconf 92' lang='lat' dir='ltr'><strong>lud</strong></span> <span class='ocrx_word' id='word_1_67' title='bbox 534 1207 788 1276; x_wconf 84' lang='lat' dir='ltr'><strong>Cypriani</strong></span> <span class='ocrx_word' id='word_1_68' title='bbox 828 1208 1242 1262; x_wconf 85' lang='lat' dir='ltr'><strong>testimonium?</strong></span> <span class='ocrx_word' id='word_1_69' title='bbox 1288 1207 1432 1263; x_wconf 84' lang='lat' dir='ltr'><strong>Doce</strong></span> <span class='ocrx_word' id='word_1_70' title='bbox 1469 1209 1615 1263; x_wconf 92' lang='lat' dir='ltr'><strong>enim</strong></span> <span class='ocrx_word' id='word_1_71' title='bbox 1659 1211 1745 1264; x_wconf 91' lang='lat' dir='ltr'><strong>vel</strong></span> <span class='ocrx_word' id='word_1_72' title='bbox 1794 1211 1970 1264; x_wconf 76' lang='lat' dir='ltr'><strong>littera</strong></span> 
     </span>
    </p>
   </div>
   <div class='ocr_carea' id='block_1_11' title="bbox 390 1300 1968 1371">
    <p class='ocr_par' dir='ltr' id='par_1_11' title="bbox 390 1300 1968 1371">
     <span class='ocr_line' id='line_1_11' title="bbox 390 1300 1968 1371; baseline 0.002 -19"><span class='ocrx_word' id='word_1_73' title='bbox 390 1308 636 1353; x_wconf 86' lang='lat' dir='ltr'><strong>notatum</strong></span> <span class='ocrx_word' id='word_1_74' title='bbox 678 1300 731 1352; x_wconf 92' lang='lat' dir='ltr'><strong>in</strong></span> <span class='ocrx_word' id='word_1_75' title='bbox 781 1301 849 1354; x_wconf 90' lang='lat' dir='ltr'><strong>iis</strong></span> <span class='ocrx_word' id='word_1_76' title='bbox 901 1300 1083 1354; x_wconf 81' lang='lat' dir='ltr'><strong>verbis</strong></span> <span class='ocrx_word' id='word_1_77' title='bbox 1131 1302 1296 1353; x_wconf 88' lang='lat' dir='ltr'><strong>alium</strong></span> <span class='ocrx_word' id='word_1_78' title='bbox 1346 1302 1657 1371; x_wconf 86' lang='lat' dir='ltr'><strong>quempiam</strong></span> <span class='ocrx_word' id='word_1_79' title='bbox 1704 1316 1968 1367; x_wconf 88' lang='lat' dir='ltr'><strong>errorem,</strong></span> 
     </span>
    </p>
   </div>
   <div class='ocr_carea' id='block_1_12' title="bbox 390 1391 1974 1466">
    <p class='ocr_par' dir='ltr' id='par_1_12' title="bbox 390 1391 1974 1466">
     <span class='ocr_line' id='line_1_12' title="bbox 390 1391 1974 1466; baseline 0.005 -24"><span class='ocrx_word' id='word_1_80' title='bbox 390 1398 615 1460; x_wconf 84' lang='lat' dir='ltr'><strong>propter</strong></span> <span class='ocrx_word' id='word_1_81' title='bbox 656 1405 819 1460; x_wconf 89' lang='lat' dir='ltr'><strong>quem</strong></span> <span class='ocrx_word' id='word_1_82' title='bbox 878 1391 1166 1447; x_wconf 74' lang='lat' dir='ltr'><strong>hrcreticus</strong></span> <span class='ocrx_word' id='word_1_83' title='bbox 1222 1393 1411 1447; x_wconf 84' lang='lat' dir='ltr'><strong>haberi</strong></span> <span class='ocrx_word' id='word_1_84' title='bbox 1463 1394 1744 1449; x_wconf 90' lang='lat' dir='ltr'><strong>meruerit.</strong></span> <span class='ocrx_word' id='word_1_85' title='bbox 1807 1393 1974 1466; x_wconf 80' lang='lat' dir='ltr'><strong>Negat</strong></span> 
     </span>
    </p>
   </div>
   <div class='ocr_carea' id='block_1_13' title="bbox 390 1481 1974 1557">
    <p class='ocr_par' dir='ltr' id='par_1_13' title="bbox 390 1481 1974 1557">
     <span class='ocr_line' id='line_1_13' title="bbox 390 1481 1974 1557; baseline 0.006 -22"><span class='ocrx_word' id='word_1_86' title='bbox 390 1481 701 1550; x_wconf 76' lang='lat' dir='ltr'><strong>Cyprianus</strong></span> <span class='ocrx_word' id='word_1_87' title='bbox 732 1483 1006 1537; x_wconf 86' lang='lat' dir='ltr'><strong>curiosius</strong></span> <span class='ocrx_word' id='word_1_88' title='bbox 1056 1484 1467 1553; x_wconf 88' lang='lat' dir='ltr'><strong>inquirendum,</strong></span> <span class='ocrx_word' id='word_1_89' title='bbox 1497 1487 1658 1557; x_wconf 87' lang='lat' dir='ltr'><strong>cujus</strong></span> <span class='ocrx_word' id='word_1_90' title='bbox 1698 1489 1772 1542; x_wconf 91' lang='lat' dir='ltr'><strong>sit</strong></span> <span class='ocrx_word' id='word_1_91' title='bbox 1801 1490 1974 1544; x_wconf 68' lang='lat' dir='ltr'><strong>haere-</strong></span> 
     </span>
    </p>
   </div>
   <div class='ocr_carea' id='block_1_14' title="bbox 393 1573 1975 1646">
    <p class='ocr_par' dir='ltr' id='par_1_14' title="bbox 393 1573 1975 1646">
     <span class='ocr_line' id='line_1_14' title="bbox 393 1573 1975 1646; baseline 0.006 -20"><span class='ocrx_word' id='word_1_92' title='bbox 393 1573 472 1627; x_wconf 91' lang='lat' dir='ltr'><strong>sis</strong></span> <span class='ocrx_word' id='word_1_93' title='bbox 507 1581 698 1628; x_wconf 87' lang='lat' dir='ltr'><strong>auctor</strong></span> <span class='ocrx_word' id='word_1_94' title='bbox 727 1575 839 1641; x_wconf 90' lang='lat' dir='ltr'><strong>ille,</strong></span> <span class='ocrx_word' id='word_1_95' title='bbox 873 1575 965 1643; x_wconf 93' lang='lat' dir='ltr'><strong>qui</strong></span> <span class='ocrx_word' id='word_1_96' title='bbox 996 1574 1049 1628; x_wconf 91' lang='lat' dir='ltr'><strong>in</strong></span> <span class='ocrx_word' id='word_1_97' title='bbox 1081 1574 1325 1631; x_wconf 86' lang='lat' dir='ltr'><strong>Ecclesia</strong></span> <span class='ocrx_word' id='word_1_98' title='bbox 1354 1594 1462 1632; x_wconf 93' lang='lat' dir='ltr'><strong>non</strong></span> <span class='ocrx_word' id='word_1_99' title='bbox 1487 1577 1704 1644; x_wconf 86' lang='lat' dir='ltr'><strong>doceat,</strong></span> <span class='ocrx_word' id='word_1_100' title='bbox 1736 1580 1841 1635; x_wconf 88' lang='lat' dir='ltr'><strong>hoc</strong></span> <span class='ocrx_word' id='word_1_101' title='bbox 1868 1589 1975 1646; x_wconf 89' lang='lat' dir='ltr'><strong>est,</strong></span> 
     </span>
    </p>
   </div>
   <div class='ocr_carea' id='block_1_15' title="bbox 394 1663 1980 1731">
    <p class='ocr_par' dir='ltr' id='par_1_15' title="bbox 394 1663 1980 1731">
     <span class='ocr_line' id='line_1_15' title="bbox 394 1663 1980 1731; baseline 0.005 -16"><span class='ocrx_word' id='word_1_102' title='bbox 394 1663 485 1731; x_wconf 90' lang='lat' dir='ltr'><strong>qui</strong></span> <span class='ocrx_word' id='word_1_103' title='bbox 523 1678 582 1717; x_wconf 88' lang='lat' dir='ltr'><strong>se</strong></span> <span class='ocrx_word' id='word_1_104' title='bbox 621 1664 689 1717; x_wconf 92' lang='lat' dir='ltr'><strong>ab</strong></span> <span class='ocrx_word' id='word_1_105' title='bbox 741 1678 804 1717; x_wconf 88' lang='lat' dir='ltr'><strong>ea</strong></span> <span class='ocrx_word' id='word_1_106' title='bbox 856 1665 1157 1720; x_wconf 80' lang='lat' dir='ltr'><strong>schismate</strong></span> <span class='ocrx_word' id='word_1_107' title='bbox 1201 1666 1471 1721; x_wconf 84' lang='lat' dir='ltr'><strong>diviserit.</strong></span> <span class='ocrx_word' id='word_1_108' title='bbox 1528 1666 1605 1723; x_wconf 89' lang='lat' dir='ltr'><strong>De</strong></span> <span class='ocrx_word' id='word_1_109' title='bbox 1649 1684 1837 1724; x_wconf 91' lang='lat' dir='ltr'><strong>errore</strong></span> <span class='ocrx_word' id='word_1_110' title='bbox 1887 1679 1980 1723; x_wconf 89' lang='lat' dir='ltr'><strong>aut</strong></span> 
     </span>
    </p>
   </div>
   <div class='ocr_carea' id='block_1_16' title="bbox 394 1754 1982 1827">
    <p class='ocr_par' dir='ltr' id='par_1_16' title="bbox 394 1754 1982 1827">
     <span class='ocr_line' id='line_1_16' title="bbox 394 1754 1982 1827; baseline 0.006 -20"><span class='ocrx_word' id='word_1_111' title='bbox 394 1754 588 1809; x_wconf 70' lang='lat' dir='ltr'><strong>hmrcsi</strong></span> <span class='ocrx_word' id='word_1_112' title='bbox 635 1754 777 1822; x_wconf 89' lang='lat' dir='ltr'><strong>ipsa,</strong></span> <span class='ocrx_word' id='word_1_113' title='bbox 809 1754 1122 1825; x_wconf 86' lang='lat' dir='ltr'><strong>cujusmodi</strong></span> <span class='ocrx_word' id='word_1_114' title='bbox 1171 1758 1261 1820; x_wconf 88' lang='lat' dir='ltr'><strong>sit,</strong></span> <span class='ocrx_word' id='word_1_115' title='bbox 1294 1758 1493 1827; x_wconf 83' lang='lat' dir='ltr'><strong>quidve</strong></span> <span class='ocrx_word' id='word_1_116' title='bbox 1525 1760 1823 1824; x_wconf 87' lang='lat' dir='ltr'><strong>contineat,</strong></span> <span class='ocrx_word' id='word_1_117' title='bbox 1860 1778 1982 1816; x_wconf 90' lang='lat' dir='ltr'><strong>ver-</strong></span> 
     </span>
    </p>
   </div>
   <div class='ocr_carea' id='block_1_17' title="bbox 398 1845 1979 1921">
    <p class='ocr_par' dir='ltr' id='par_1_17' title="bbox 398 1845 1979 1921">
     <span class='ocr_line' id='line_1_17' title="bbox 398 1845 1979 1921; baseline 0.006 -24"><span class='ocrx_word' id='word_1_118' title='bbox 398 1846 527 1898; x_wconf 89' lang='lat' dir='ltr'><strong>bum</strong></span> <span class='ocrx_word' id='word_1_119' title='bbox 585 1845 818 1899; x_wconf 86' lang='lat' dir='ltr'><strong>nullum.</strong></span> <span class='ocrx_word' id='word_1_120' title='bbox 875 1846 1009 1899; x_wconf 85' lang='lat' dir='ltr'><strong>Nam</strong></span> <span class='ocrx_word' id='word_1_121' title='bbox 1062 1858 1117 1901; x_wconf 86' lang='lat' dir='ltr'><strong>et</strong></span> <span class='ocrx_word' id='word_1_122' title='bbox 1163 1848 1396 1901; x_wconf 88' lang='lat' dir='ltr'><strong>alterum</strong></span> <span class='ocrx_word' id='word_1_123' title='bbox 1450 1848 1665 1920; x_wconf 82' lang='lat' dir='ltr'><strong>dogma,</strong></span> <span class='ocrx_word' id='word_1_124' title='bbox 1719 1852 1865 1921; x_wconf 90' lang='lat' dir='ltr'><strong>quod</strong></span> <span class='ocrx_word' id='word_1_125' title='bbox 1916 1869 1979 1906; x_wconf 85' lang='lat' dir='ltr'><strong>ex</strong></span> 
     </span>
    </p>
   </div>
   <div class='ocr_carea' id='block_1_18' title="bbox 2064 661 3620 737">
    <p class='ocr_par' dir='ltr' id='par_1_18' title="bbox 2064 661 3620 737">
     <span class='ocr_line' id='line_1_18' title="bbox 2064 661 3620 737; baseline 0.003 -24"><span class='ocrx_word' id='word_1_126' title='bbox 2064 662 2331 726; x_wconf 83' lang='grc' dir='ltr'><strong>τουτέστι,</strong></span> <span class='ocrx_word' id='word_1_127' title='bbox 2369 661 2462 713; x_wconf 75' lang='grc' dir='ltr'>καὶ</span> <span class='ocrx_word' id='word_1_128' title='bbox 2494 661 2755 732; x_wconf 81' lang='grc' dir='ltr'><strong>διγάμους</strong></span> <span class='ocrx_word' id='word_1_129' title='bbox 2806 664 3105 725; x_wconf 81' lang='grc' dir='ltr'><strong>κοινωνεῖν,</strong></span> <span class='ocrx_word' id='word_1_130' title='bbox 3158 665 3250 717; x_wconf 72' lang='grc' dir='ltr'><strong>καὶ</strong></span> <span class='ocrx_word' id='word_1_131' title='bbox 3299 668 3408 728; x_wconf 83' lang='grc' dir='ltr'>τοῖς</span> <span class='ocrx_word' id='word_1_132' title='bbox 3451 668 3505 720; x_wconf 84' lang='grc' dir='ltr'>ὲν</span> <span class='ocrx_word' id='word_1_133' title='bbox 3551 667 3620 737; x_wconf 78' lang='grc' dir='ltr'><strong>τῷ</strong></span> 
     </span>
    </p>
   </div>
   <div class='ocr_carea' id='block_1_19' title="bbox 2067 750 3617 822">
    <p class='ocr_par' dir='ltr' id='par_1_19' title="bbox 2067 750 3617 822">
     <span class='ocr_line' id='line_1_19' title="bbox 2067 750 3617 822; baseline 0.008 -19"><span class='ocrx_word' id='word_1_134' title='bbox 2067 750 2293 821; x_wconf 83' lang='grc' dir='ltr'><strong>διωγμῷ</strong></span> <span class='ocrx_word' id='word_1_135' title='bbox 2326 752 2849 822; x_wconf 82' lang='grc' dir='ltr'><strong>παραπεπτωκόσιν.</strong></span> <span class='ocrx_word' id='word_1_136' title='bbox 2907 753 3029 807; x_wconf 77' lang='lat' dir='ltr'><strong>Pra:</strong></span> <span class='ocrx_word' id='word_1_137' title='bbox 3062 755 3303 810; x_wconf 87' lang='lat' dir='ltr'><strong>onmibus</strong></span> <span class='ocrx_word' id='word_1_138' title='bbox 3333 768 3501 811; x_wconf 90' lang='lat' dir='ltr'><strong>autem</strong></span> <span class='ocrx_word' id='word_1_139' title='bbox 3543 776 3617 815; x_wconf 83' lang='lat' dir='ltr'><strong>eos</strong></span> 
     </span>
    </p>
   </div>
   <div class='ocr_carea' id='block_1_20' title="bbox 2066 843 3616 917">
    <p class='ocr_par' dir='ltr' id='par_1_20' title="bbox 2066 843 3616 917">
     <span class='ocr_line' id='line_1_20' title="bbox 2066 843 3616 917; baseline 0.005 -21"><span class='ocrx_word' id='word_1_140' title='bbox 2066 844 2263 911; x_wconf 84' lang='lat' dir='ltr'><strong>scripto</strong></span> <span class='ocrx_word' id='word_1_141' title='bbox 2293 843 2533 912; x_wconf 79' lang='lat' dir='ltr'><strong>proﬁteri</strong></span> <span class='ocrx_word' id='word_1_142' title='bbox 2557 851 2777 910; x_wconf 85' lang='lat' dir='ltr'><strong>oportet,</strong></span> <span class='ocrx_word' id='word_1_143' title='bbox 2810 843 2950 912; x_wconf 87' lang='lat' dir='ltr'><strong>quod</strong></span> <span class='ocrx_word' id='word_1_144' title='bbox 2974 846 3327 909; x_wconf 78' lang='lat' dir='ltr'><strong>consentiant,</strong></span> <span class='ocrx_word' id='word_1_145' title='bbox 3354 858 3402 900; x_wconf 81' lang='lat' dir='ltr'><strong>et</strong></span> <span class='ocrx_word' id='word_1_146' title='bbox 3422 865 3616 917; x_wconf 79' lang='lat' dir='ltr'><strong>sequan-</strong></span> 
     </span>
    </p>
   </div>
   <div class='ocr_carea' id='block_1_21' title="bbox 2070 929 3624 1002">
    <p class='ocr_par' dir='ltr' id='par_1_21' title="bbox 2070 929 3624 1002">
     <span class='ocr_line' id='line_1_21' title="bbox 2070 929 3624 1002; baseline 0.003 -19"><span class='ocrx_word' id='word_1_147' title='bbox 2070 940 2156 983; x_wconf 85' lang='lat' dir='ltr'><strong>tur</strong></span> <span class='ocrx_word' id='word_1_148' title='bbox 2192 930 2444 1000; x_wconf 87' lang='lat' dir='ltr'><strong>dogmata</strong></span> <span class='ocrx_word' id='word_1_149' title='bbox 2496 929 2750 985; x_wconf 72' lang='lat' dir='ltr'><strong>Ecclesia:</strong></span> <span class='ocrx_word' id='word_1_150' title='bbox 2794 932 3072 987; x_wconf 76' lang='lat' dir='ltr'><strong>catholica:</strong></span> <span class='ocrx_word' id='word_1_151' title='bbox 3117 944 3167 988; x_wconf 88' lang='lat' dir='ltr'><strong>et</strong></span> <span class='ocrx_word' id='word_1_152' title='bbox 3208 937 3545 1002; x_wconf 77' lang='lat' dir='ltr'><strong>apostolictc:</strong></span> <span class='ocrx_word' id='word_1_153' title='bbox 3575 938 3624 989; x_wconf 86' lang='lat' dir='ltr'><strong>id</strong></span> 
     </span>
    </p>
   </div>
   <div class='ocr_carea' id='block_1_22' title="bbox 2070 1024 3613 1098">
    <p class='ocr_par' dir='ltr' id='par_1_22' title="bbox 2070 1024 3613 1098">
     <span class='ocr_line' id='line_1_22' title="bbox 2070 1024 3613 1098; baseline 0.002 -20"><span class='ocrx_word' id='word_1_154' title='bbox 2070 1033 2168 1087; x_wconf 88' lang='lat' dir='ltr'><strong>est,</strong></span> <span class='ocrx_word' id='word_1_155' title='bbox 2198 1034 2248 1077; x_wconf 83' lang='lat' dir='ltr'><strong>et</strong></span> <span class='ocrx_word' id='word_1_156' title='bbox 2278 1040 2395 1077; x_wconf 90' lang='lat' dir='ltr'><strong>cum</strong></span> <span class='ocrx_word' id='word_1_157' title='bbox 2431 1024 2658 1093; x_wconf 83' lang='lat' dir='ltr'><strong>digamis</strong></span> <span class='ocrx_word' id='word_1_158' title='bbox 2688 1026 3098 1089; x_wconf 79' lang='lat' dir='ltr'><strong>communicare,</strong></span> <span class='ocrx_word' id='word_1_159' title='bbox 3135 1036 3183 1079; x_wconf 90' lang='lat' dir='ltr'><strong>et</strong></span> <span class='ocrx_word' id='word_1_160' title='bbox 3216 1028 3299 1081; x_wconf 79' lang='lat' dir='ltr'><strong>Itis</strong></span> <span class='ocrx_word' id='word_1_161' title='bbox 3332 1030 3418 1097; x_wconf 90' lang='lat' dir='ltr'><strong>qui</strong></span> <span class='ocrx_word' id='word_1_162' title='bbox 3442 1031 3493 1082; x_wconf 89' lang='lat' dir='ltr'><strong>in</strong></span> <span class='ocrx_word' id='word_1_163' title='bbox 3520 1047 3613 1098; x_wconf 58' lang='lat' dir='ltr'><strong>per</strong></span> 
     </span>
    </p>
   </div>
   <div class='ocr_carea' id='block_1_23' title="bbox 2073 1115 3623 1187">
    <p class='ocr_par' dir='ltr' id='par_1_23' title="bbox 2073 1115 3623 1187">
     <span class='ocr_line' id='line_1_23' title="bbox 2073 1115 3623 1187; baseline 0.004 -18"><span class='ocrx_word' id='word_1_164' title='bbox 2073 1117 2336 1169; x_wconf 86' lang='lat' dir='ltr'><strong>secutione</strong></span> <span class='ocrx_word' id='word_1_165' title='bbox 2364 1116 2499 1183; x_wconf 89' lang='lat' dir='ltr'><strong>lapsi</strong></span> <span class='ocrx_word' id='word_1_166' title='bbox 2530 1125 2672 1169; x_wconf 88' lang='lat' dir='ltr'><strong>sunt.</strong></span> <span class='ocrx_word' id='word_1_167' title='bbox 2704 1115 2835 1181; x_wconf 71' lang='lat' dir='ltr'><strong>Qua:</strong></span> <span class='ocrx_word' id='word_1_168' title='bbox 2862 1115 2974 1171; x_wconf 88' lang='lat' dir='ltr'><strong>sint</strong></span> <span class='ocrx_word' id='word_1_169' title='bbox 3006 1117 3222 1172; x_wconf 85' lang='lat' dir='ltr'><strong>decreta</strong></span> <span class='ocrx_word' id='word_1_170' title='bbox 3255 1118 3346 1172; x_wconf 88' lang='lat' dir='ltr'><strong>illa</strong></span> <span class='ocrx_word' id='word_1_171' title='bbox 3373 1118 3623 1187; x_wconf 66' lang='lat' dir='ltr'><strong>Ecclesiae,</strong></span> 
     </span>
    </p>
   </div>
   <div class='ocr_carea' id='block_1_24' title="bbox 2072 1206 3626 1280">
    <p class='ocr_par' dir='ltr' id='par_1_24' title="bbox 2072 1206 3626 1280">
     <span class='ocr_line' id='line_1_24' title="bbox 2072 1206 3626 1280; baseline 0.005 -20"><span class='ocrx_word' id='word_1_172' title='bbox 2072 1223 2175 1260; x_wconf 77' lang='lat' dir='ltr'><strong>vox</strong></span> <span class='ocrx_word' id='word_1_173' title='bbox 2222 1207 2469 1260; x_wconf 80' lang='grc' dir='ltr'><strong>τουτέστι</strong></span> <span class='ocrx_word' id='word_1_174' title='bbox 2523 1206 2773 1276; x_wconf 87' lang='lat' dir='ltr'><strong>subjecta</strong></span> <span class='ocrx_word' id='word_1_175' title='bbox 2823 1207 3134 1277; x_wconf 83' lang='lat' dir='ltr'><strong>signiﬁcat;</strong></span> <span class='ocrx_word' id='word_1_176' title='bbox 3188 1224 3384 1280; x_wconf 89' lang='lat' dir='ltr'><strong>nempe</strong></span> <span class='ocrx_word' id='word_1_177' title='bbox 3428 1211 3532 1277; x_wconf 86' lang='lat' dir='ltr'><strong>illa,</strong></span> <span class='ocrx_word' id='word_1_178' title='bbox 3568 1229 3626 1268; x_wconf 72' lang='lat' dir='ltr'><strong>ex</strong></span> 
     </span>
    </p>
   </div>
   <div class='ocr_carea' id='block_1_25' title="bbox 2073 1298 3627 1368">
    <p class='ocr_par' dir='ltr' id='par_1_25' title="bbox 2073 1298 3627 1368">
     <span class='ocr_line' id='line_1_25' title="bbox 2073 1298 3627 1368; baseline 0.005 -19"><span class='ocrx_word' id='word_1_179' title='bbox 2073 1298 2272 1368; x_wconf 86' lang='lat' dir='ltr'><strong>quibus</strong></span> <span class='ocrx_word' id='word_1_180' title='bbox 2305 1298 2527 1353; x_wconf 90' lang='lat' dir='ltr'><strong>tertium</strong></span> <span class='ocrx_word' id='word_1_181' title='bbox 2571 1313 2744 1368; x_wconf 81' lang='lat' dir='ltr'><strong>genus</strong></span> <span class='ocrx_word' id='word_1_182' title='bbox 2785 1299 3015 1363; x_wconf 92' lang='lat' dir='ltr'><strong>erroris,</strong></span> <span class='ocrx_word' id='word_1_183' title='bbox 3050 1298 3178 1354; x_wconf 89' lang='lat' dir='ltr'><strong>novi</strong></span> <span class='ocrx_word' id='word_1_184' title='bbox 3208 1300 3445 1365; x_wconf 88' lang='lat' dir='ltr'><strong>scilicet,</strong></span> <span class='ocrx_word' id='word_1_185' title='bbox 3479 1317 3572 1357; x_wconf 89' lang='lat' dir='ltr'><strong>nec</strong></span> <span class='ocrx_word' id='word_1_186' title='bbox 3601 1318 3627 1356; x_wconf 93' lang='lat' dir='ltr'><strong>a</strong></span> 
     </span>
    </p>
   </div>
   <div class='ocr_carea' id='block_1_26' title="bbox 2076 1388 3624 1455">
    <p class='ocr_par' dir='ltr' id='par_1_26' title="bbox 2076 1388 3624 1455">
     <span class='ocr_line' id='line_1_26' title="bbox 2076 1388 3624 1455; baseline 0.003 -12"><span class='ocrx_word' id='word_1_187' title='bbox 2076 1389 2235 1444; x_wconf 90' lang='lat' dir='ltr'><strong>nobis</strong></span> <span class='ocrx_word' id='word_1_188' title='bbox 2283 1389 2684 1455; x_wconf 86' lang='lat' dir='ltr'><strong>animadversi,</strong></span> <span class='ocrx_word' id='word_1_189' title='bbox 2738 1388 2977 1445; x_wconf 84' lang='lat' dir='ltr'><strong>conﬂare</strong></span> <span class='ocrx_word' id='word_1_190' title='bbox 3014 1390 3259 1445; x_wconf 79' lang='lat' dir='ltr'><strong>voluisti.</strong></span> <span class='ocrx_word' id='word_1_191' title='bbox 3326 1389 3466 1447; x_wconf 88' lang='lat' dir='ltr'><strong>Sane</strong></span> <span class='ocrx_word' id='word_1_192' title='bbox 3518 1408 3624 1447; x_wconf 89' lang='lat' dir='ltr'><strong>cum</strong></span> 
     </span>
    </p>
   </div>
   <div class='ocr_carea' id='block_1_27' title="bbox 2077 1478 3629 1552">
    <p class='ocr_par' dir='ltr' id='par_1_27' title="bbox 2077 1478 3629 1552">
     <span class='ocr_line' id='line_1_27' title="bbox 2077 1478 3629 1552; baseline 0.003 -19"><span class='ocrx_word' id='word_1_193' title='bbox 2077 1478 2373 1549; x_wconf 86' lang='lat' dir='ltr'><strong>peculiaris</strong></span> <span class='ocrx_word' id='word_1_194' title='bbox 2415 1478 2618 1549; x_wconf 86' lang='lat' dir='ltr'><strong>aliquis</strong></span> <span class='ocrx_word' id='word_1_195' title='bbox 2649 1494 2805 1535; x_wconf 90' lang='lat' dir='ltr'><strong>error</strong></span> <span class='ocrx_word' id='word_1_196' title='bbox 2856 1478 3149 1535; x_wconf 89' lang='lat' dir='ltr'><strong>Novatiani</strong></span> <span class='ocrx_word' id='word_1_197' title='bbox 3183 1492 3535 1552; x_wconf 66' lang='lat' dir='ltr'><strong>qumreretur,</strong></span> <span class='ocrx_word' id='word_1_198' title='bbox 3579 1495 3629 1538; x_wconf 88' lang='lat' dir='ltr'><strong>ut</strong></span> 
     </span>
    </p>
   </div>
   <div class='ocr_carea' id='block_1_28' title="bbox 2079 1574 3630 1644">
    <p class='ocr_par' dir='ltr' id='par_1_28' title="bbox 2079 1574 3630 1644">
     <span class='ocr_line' id='line_1_28' title="bbox 2079 1574 3630 1644; baseline 0.004 -17"><span class='ocrx_word' id='word_1_199' title='bbox 2079 1589 2189 1628; x_wconf 90' lang='lat' dir='ltr'><strong>non</strong></span> <span class='ocrx_word' id='word_1_200' title='bbox 2220 1574 2343 1629; x_wconf 91' lang='lat' dir='ltr'><strong>ideo</strong></span> <span class='ocrx_word' id='word_1_201' title='bbox 2374 1574 2799 1630; x_wconf 87' lang='lat' dir='ltr'><strong>condemnatum</strong></span> <span class='ocrx_word' id='word_1_202' title='bbox 2852 1590 2951 1644; x_wconf 90' lang='lat' dir='ltr'><strong>pro</strong></span> <span class='ocrx_word' id='word_1_203' title='bbox 3002 1576 3263 1632; x_wconf 62' lang='lat' dir='ltr'><strong>haeretico</strong></span> <span class='ocrx_word' id='word_1_204' title='bbox 3297 1576 3466 1633; x_wconf 82' lang='lat' dir='ltr'><strong>fuisse</strong></span> <span class='ocrx_word' id='word_1_205' title='bbox 3496 1595 3630 1633; x_wconf 89' lang='lat' dir='ltr'><strong>mon-</strong></span> 
     </span>
    </p>
   </div>
   <div class='ocr_carea' id='block_1_29' title="bbox 2081 1665 3629 1737">
    <p class='ocr_par' dir='ltr' id='par_1_29' title="bbox 2081 1665 3629 1737">
     <span class='ocr_line' id='line_1_29' title="bbox 2081 1665 3629 1737; baseline 0.002 -17"><span class='ocrx_word' id='word_1_206' title='bbox 2081 1673 2307 1729; x_wconf 86' lang='lat' dir='ltr'><strong>strares,</strong></span> <span class='ocrx_word' id='word_1_207' title='bbox 2338 1665 2481 1736; x_wconf 91' lang='lat' dir='ltr'><strong>quod</strong></span> <span class='ocrx_word' id='word_1_208' title='bbox 2515 1667 2607 1735; x_wconf 89' lang='lat' dir='ltr'><strong>jus</strong></span> <span class='ocrx_word' id='word_1_209' title='bbox 2638 1667 2874 1720; x_wconf 90' lang='lat' dir='ltr'><strong>clavium</strong></span> <span class='ocrx_word' id='word_1_210' title='bbox 2911 1667 3248 1737; x_wconf 89' lang='lat' dir='ltr'><strong>abjudicaret</strong></span> <span class='ocrx_word' id='word_1_211' title='bbox 3281 1669 3352 1725; x_wconf 89' lang='lat' dir='ltr'><strong>ab</strong></span> <span class='ocrx_word' id='word_1_212' title='bbox 3379 1668 3629 1734; x_wconf 83' lang='lat' dir='ltr'><strong>Ecclesia,</strong></span> 
     </span>
    </p>
   </div>
   <div class='ocr_carea' id='block_1_30' title="bbox 2084 1758 3629 1830">
    <p class='ocr_par' dir='ltr' id='par_1_30' title="bbox 2084 1758 3629 1830">
     <span class='ocr_line' id='line_1_30' title="bbox 2084 1758 3629 1830; baseline 0.005 -21"><span class='ocrx_word' id='word_1_213' title='bbox 2084 1771 2192 1809; x_wconf 91' lang='lat' dir='ltr'><strong>non</strong></span> <span class='ocrx_word' id='word_1_214' title='bbox 2224 1772 2451 1826; x_wconf 86' lang='lat' dir='ltr'><strong>possum</strong></span> <span class='ocrx_word' id='word_1_215' title='bbox 2483 1772 2591 1811; x_wconf 93' lang='lat' dir='ltr'><strong>non</strong></span> <span class='ocrx_word' id='word_1_216' title='bbox 2643 1758 2832 1813; x_wconf 89' lang='lat' dir='ltr'><strong>mirari</strong></span> <span class='ocrx_word' id='word_1_217' title='bbox 2886 1761 3066 1815; x_wconf 90' lang='lat' dir='ltr'><strong>denuo</strong></span> <span class='ocrx_word' id='word_1_218' title='bbox 3114 1760 3386 1830; x_wconf 85' lang='lat' dir='ltr'><strong>ejusmodi</strong></span> <span class='ocrx_word' id='word_1_219' title='bbox 3416 1778 3443 1815; x_wconf 92' lang='lat' dir='ltr'><strong>a</strong></span> <span class='ocrx_word' id='word_1_220' title='bbox 3487 1770 3536 1816; x_wconf 87' lang='lat' dir='ltr'><strong>te</strong></span> <span class='ocrx_word' id='word_1_221' title='bbox 3576 1779 3629 1816; x_wconf 78' lang='lat' dir='ltr'><strong>ex</strong></span> 
     </span>
    </p>
   </div>
   <div class='ocr_carea' id='block_1_31' title="bbox 2084 1847 3632 1921">
    <p class='ocr_par' dir='ltr' id='par_1_31' title="bbox 2084 1847 3632 1921">
     <span class='ocr_line' id='line_1_31' title="bbox 2084 1847 3632 1921; baseline 0.003 -21"><span class='ocrx_word' id='word_1_222' title='bbox 2084 1847 2193 1902; x_wconf 89' lang='lat' dir='ltr'><strong>illis</strong></span> <span class='ocrx_word' id='word_1_223' title='bbox 2220 1850 2448 1903; x_wconf 88' lang='lat' dir='ltr'><strong>canonis</strong></span> <span class='ocrx_word' id='word_1_224' title='bbox 2497 1850 2682 1903; x_wconf 89' lang='lat' dir='ltr'><strong>verbis</strong></span> <span class='ocrx_word' id='word_1_225' title='bbox 2717 1851 3088 1921; x_wconf 75' lang='lat' dir='ltr'><strong>exsculptum,</strong></span> <span class='ocrx_word' id='word_1_226' title='bbox 3121 1852 3266 1920; x_wconf 86' lang='lat' dir='ltr'><strong>quod</strong></span> <span class='ocrx_word' id='word_1_227' title='bbox 3298 1852 3363 1906; x_wconf 80' lang='lat' dir='ltr'><strong>ab</strong></span> <span class='ocrx_word' id='word_1_228' title='bbox 3408 1851 3632 1907; x_wconf 78' lang='lat' dir='ltr'><strong>Ecclesia</strong></span> 
     </span>
    </p>
   </div>
   <div class='ocr_carea' id='block_1_32' title="bbox 398 1922 3635 2014">
    <p class='ocr_par' dir='ltr' id='par_1_32' title="bbox 398 1922 3635 2014">
     <span class='ocr_line' id='line_1_32' title="bbox 398 1922 3635 2014; baseline 0.003 -26"><span class='ocrx_word' id='word_1_229' title='bbox 398 1936 798 1991; x_wconf 84' lang='lat' dir='ltr'><strong>commentario</strong></span> <span class='ocrx_word' id='word_1_230' title='bbox 824 1936 1103 1992; x_wconf 67' lang='lat' dir='ltr'><strong>Ambrosii</strong></span> <span class='ocrx_word' id='word_1_231' title='bbox 1136 1940 1191 1991; x_wconf 84' lang='lat' dir='ltr'><strong>in</strong></span> <span class='ocrx_word' id='word_1_232' title='bbox 1224 1937 1399 2009; x_wconf 81' lang='lat' dir='ltr'><strong>Epist.</strong></span> <span class='ocrx_word' id='word_1_233' title='bbox 1430 1938 1463 2005; x_wconf 66' lang='grc' dir='ltr'><strong>,ι</strong></span> <span class='ocrx_word' id='word_1_234' title='bbox 1498 1941 1566 1992; x_wconf 89' lang='lat' dir='ltr'><strong>ad</strong></span> <span class='ocrx_word' id='word_1_235' title='bbox 1592 1940 1832 1996; x_wconf 78' lang='lat' dir='ltr'><strong>Corinth.</strong></span> <span class='ocrx_word' id='word_1_236' title='bbox 1859 1959 1978 2014; x_wconf 88' lang='lat' dir='ltr'><strong>cap.</strong></span> <span class='ocrx_word' id='word_1_237' title='bbox 2013 1922 2056 1976; x_wconf 77' lang='grc' dir='ltr'><strong>Β</strong></span> <span class='ocrx_word' id='word_1_238' title='bbox 2084 1936 2306 1992; x_wconf 66' lang='lat' dir='ltr'><strong>decretis</strong></span> <span class='ocrx_word' id='word_1_239' title='bbox 2337 1938 2601 2007; x_wconf 75' lang='lat' dir='ltr'><strong>deﬁceret.</strong></span> <span class='ocrx_word' id='word_1_240' title='bbox 2634 1939 2687 1994; x_wconf 83' lang='lat' dir='ltr'><strong>Id</strong></span> <span class='ocrx_word' id='word_1_241' title='bbox 2718 1942 2863 1995; x_wconf 87' lang='lat' dir='ltr'><strong>enim</strong></span> <span class='ocrx_word' id='word_1_242' title='bbox 2895 1958 3002 1995; x_wconf 91' lang='lat' dir='ltr'><strong>non</strong></span> <span class='ocrx_word' id='word_1_243' title='bbox 3036 1958 3208 1996; x_wconf 89' lang='lat' dir='ltr'><strong>unum</strong></span> <span class='ocrx_word' id='word_1_244' title='bbox 3240 1944 3473 2013; x_wconf 87' lang='lat' dir='ltr'><strong>aliquem</strong></span> <span class='ocrx_word' id='word_1_245' title='bbox 3504 1959 3635 1999; x_wconf 88' lang='lat' dir='ltr'><strong>erro-</strong></span> 
     </span>
    </p>
   </div>
   <div class='ocr_carea' id='block_1_33' title="bbox 400 2026 1985 2102">
    <p class='ocr_par' dir='ltr' id='par_1_33' title="bbox 400 2026 1985 2102">
     <span class='ocr_line' id='line_1_33' title="bbox 400 2026 1985 2102; baseline 0.006 -24"><span class='ocrx_word' id='word_1_246' title='bbox 400 2042 473 2090; x_wconf 81' lang='lat' dir='ltr'><strong>VI,</strong></span> <span class='ocrx_word' id='word_1_247' title='bbox 527 2026 846 2095; x_wconf 83' lang='lat' dir='ltr'><strong>colligitur:</strong></span> <span class='ocrx_word' id='word_1_248' title='bbox 883 2028 988 2093; x_wconf 78' lang='lat' dir='ltr'><strong>Qui</strong></span> <span class='ocrx_word' id='word_1_249' title='bbox 1041 2029 1359 2098; x_wconf 78' lang='lat' dir='ltr'><strong>fornicatur,</strong></span> <span class='ocrx_word' id='word_1_250' title='bbox 1407 2033 1568 2085; x_wconf 90' lang='lat' dir='ltr'><strong>etiam</strong></span> <span class='ocrx_word' id='word_1_251' title='bbox 1620 2033 1672 2085; x_wconf 88' lang='lat' dir='ltr'><strong>in</strong></span> <span class='ocrx_word' id='word_1_252' title='bbox 1722 2033 1985 2102; x_wconf 83' lang='lat' dir='ltr'><strong>Spiritum</strong></span> 
     </span>
    </p>
   </div>
   <div class='ocr_carea' id='block_1_34' title="bbox 398 2126 1985 2190">
    <p class='ocr_par' dir='ltr' id='par_1_34' title="bbox 398 2126 1985 2190">
     <span class='ocr_line' id='line_1_34' title="bbox 398 2126 1985 2190; baseline 0.008 -21"><span class='ocrx_word' id='word_1_253' title='bbox 398 2126 643 2169; x_wconf 82' lang='lat' dir='ltr'><strong>sanctum</strong></span> <span class='ocrx_word' id='word_1_254' title='bbox 690 2133 925 2185; x_wconf 86' lang='lat' dir='ltr'><strong>peccare,</strong></span> <span class='ocrx_word' id='word_1_255' title='bbox 960 2131 1171 2188; x_wconf 85' lang='lat' dir='ltr'><strong>propter</strong></span> <span class='ocrx_word' id='word_1_256' title='bbox 1209 2138 1369 2190; x_wconf 89' lang='lat' dir='ltr'><strong>quam</strong></span> <span class='ocrx_word' id='word_1_257' title='bbox 1412 2140 1633 2177; x_wconf 89' lang='lat' dir='ltr'><strong>causam</strong></span> <span class='ocrx_word' id='word_1_258' title='bbox 1664 2127 1861 2180; x_wconf 84' lang='lat' dir='ltr'><strong>scissus</strong></span> <span class='ocrx_word' id='word_1_259' title='bbox 1906 2137 1985 2181; x_wconf 88' lang='lat' dir='ltr'><strong>est</strong></span> 
     </span>
    </p>
   </div>
   <div class='ocr_carea' id='block_1_35' title="bbox 399 2206 1989 2288">
    <p class='ocr_par' dir='ltr' id='par_1_35' title="bbox 399 2206 1989 2288">
     <span class='ocr_line' id='line_1_35' title="bbox 399 2206 1989 2288; baseline 0.01 -30"><span class='ocrx_word' id='word_1_260' title='bbox 399 2206 464 2258; x_wconf 84' lang='lat' dir='ltr'><strong>ab</strong></span> <span class='ocrx_word' id='word_1_261' title='bbox 495 2206 760 2273; x_wconf 80' lang='lat' dir='ltr'><strong>Ecclesia,</strong></span> <span class='ocrx_word' id='word_1_262' title='bbox 802 2225 910 2264; x_wconf 94' lang='lat' dir='ltr'><strong>non</strong></span> <span class='ocrx_word' id='word_1_263' title='bbox 946 2214 1025 2265; x_wconf 87' lang='lat' dir='ltr'><strong>sic</strong></span> <span class='ocrx_word' id='word_1_264' title='bbox 1050 2213 1428 2283; x_wconf 81' lang='lat' dir='ltr'><strong>accipiendum</strong></span> <span class='ocrx_word' id='word_1_265' title='bbox 1465 2224 1569 2279; x_wconf 88' lang='lat' dir='ltr'><strong>est,</strong></span> <span class='ocrx_word' id='word_1_266' title='bbox 1592 2224 1650 2269; x_wconf 90' lang='lat' dir='ltr'><strong>ut</strong></span> <span class='ocrx_word' id='word_1_267' title='bbox 1675 2217 1744 2271; x_wconf 92' lang='lat' dir='ltr'><strong>ob</strong></span> <span class='ocrx_word' id='word_1_268' title='bbox 1777 2217 1827 2270; x_wconf 89' lang='lat' dir='ltr'><strong>id</strong></span> <span class='ocrx_word' id='word_1_269' title='bbox 1850 2234 1989 2288; x_wconf 71' lang='lat' dir='ltr'><strong>pra:-</strong></span> 
     </span>
    </p>
   </div>
   <div class='ocr_carea' id='block_1_36' title="bbox 398 2299 1979 2377">
    <p class='ocr_par' dir='ltr' id='par_1_36' title="bbox 398 2299 1979 2377">
     <span class='ocr_line' id='line_1_36' title="bbox 398 2299 1979 2377; baseline 0.008 -25"><span class='ocrx_word' id='word_1_270' title='bbox 398 2300 513 2353; x_wconf 88' lang='lat' dir='ltr'><strong>cise</strong></span> <span class='ocrx_word' id='word_1_271' title='bbox 555 2299 837 2369; x_wconf 88' lang='lat' dir='ltr'><strong>judicatus</strong></span> <span class='ocrx_word' id='word_1_272' title='bbox 879 2304 951 2357; x_wconf 91' lang='lat' dir='ltr'><strong>sit</strong></span> <span class='ocrx_word' id='word_1_273' title='bbox 986 2304 1296 2370; x_wconf 71' lang='lat' dir='ltr'><strong>haereticus,</strong></span> <span class='ocrx_word' id='word_1_274' title='bbox 1333 2307 1478 2377; x_wconf 82' lang='lat' dir='ltr'><strong>quod</strong></span> <span class='ocrx_word' id='word_1_275' title='bbox 1515 2308 1647 2362; x_wconf 92' lang='lat' dir='ltr'><strong>illud</strong></span> <span class='ocrx_word' id='word_1_276' title='bbox 1688 2319 1979 2365; x_wconf 87' lang='lat' dir='ltr'><strong>assereret.</strong></span> 
     </span>
    </p>
   </div>
   <div class='ocr_carea' id='block_1_37' title="bbox 402 2388 1985 2470">
    <p class='ocr_par' dir='ltr' id='par_1_37' title="bbox 402 2388 1985 2470">
     <span class='ocr_line' id='line_1_37' title="bbox 402 2388 1985 2470; baseline 0.01 -29"><span class='ocrx_word' id='word_1_277' title='bbox 402 2388 601 2445; x_wconf 86' lang='lat' dir='ltr'><strong>Verum</strong></span> <span class='ocrx_word' id='word_1_278' title='bbox 630 2392 776 2462; x_wconf 90' lang='lat' dir='ltr'><strong>quod</strong></span> <span class='ocrx_word' id='word_1_279' title='bbox 802 2404 1027 2464; x_wconf 85' lang='lat' dir='ltr'><strong>peccata</strong></span> <span class='ocrx_word' id='word_1_280' title='bbox 1052 2396 1108 2450; x_wconf 92' lang='lat' dir='ltr'><strong>in</strong></span> <span class='ocrx_word' id='word_1_281' title='bbox 1133 2395 1401 2468; x_wconf 89' lang='lat' dir='ltr'><strong>Spiritum</strong></span> <span class='ocrx_word' id='word_1_282' title='bbox 1433 2409 1683 2454; x_wconf 88' lang='lat' dir='ltr'><strong>sanctum</strong></span> <span class='ocrx_word' id='word_1_283' title='bbox 1714 2401 1985 2470; x_wconf 84' lang='lat' dir='ltr'><strong>ejusmodi</strong></span> 
     </span>
    </p>
   </div>
   <div class='ocr_carea' id='block_1_38' title="bbox 400 2489 1992 2561">
    <p class='ocr_par' dir='ltr' id='par_1_38' title="bbox 400 2489 1992 2561">
     <span class='ocr_line' id='line_1_38' title="bbox 400 2489 1992 2561; baseline 0.008 -27"><span class='ocrx_word' id='word_1_284' title='bbox 400 2491 621 2551; x_wconf 81' lang='lat' dir='ltr'><strong>putaret</strong></span> <span class='ocrx_word' id='word_1_285' title='bbox 654 2501 798 2551; x_wconf 86' lang='lat' dir='ltr'><strong>esse,</strong></span> <span class='ocrx_word' id='word_1_286' title='bbox 853 2494 912 2540; x_wconf 90' lang='lat' dir='ltr'><strong>ut</strong></span> <span class='ocrx_word' id='word_1_287' title='bbox 946 2489 1180 2542; x_wconf 82' lang='lat' dir='ltr'><strong>relaxari</strong></span> <span class='ocrx_word' id='word_1_288' title='bbox 1220 2490 1369 2543; x_wconf 87' lang='lat' dir='ltr'><strong>nullo</strong></span> <span class='ocrx_word' id='word_1_289' title='bbox 1408 2491 1570 2545; x_wconf 91' lang='lat' dir='ltr'><strong>modo</strong></span> <span class='ocrx_word' id='word_1_290' title='bbox 1612 2502 1873 2561; x_wconf 91' lang='lat' dir='ltr'><strong>possent;</strong></span> <span class='ocrx_word' id='word_1_291' title='bbox 1908 2494 1992 2547; x_wconf 87' lang='lat' dir='ltr'><strong>id-</strong></span> 
     </span>
    </p>
   </div>
   <div class='ocr_carea' id='block_1_39' title="bbox 404 2575 1990 2651">
    <p class='ocr_par' dir='ltr' id='par_1_39' title="bbox 404 2575 1990 2651">
     <span class='ocr_line' id='line_1_39' title="bbox 404 2575 1990 2651; baseline 0.008 -26"><span class='ocrx_word' id='word_1_292' title='bbox 404 2588 513 2642; x_wconf 75' lang='lat' dir='ltr'><strong>que</strong></span> <span class='ocrx_word' id='word_1_293' title='bbox 545 2590 611 2627; x_wconf 82' lang='lat' dir='ltr'><strong>ex</strong></span> <span class='ocrx_word' id='word_1_294' title='bbox 667 2575 947 2647; x_wconf 76' lang='lat' dir='ltr'><strong>Evangelii</strong></span> <span class='ocrx_word' id='word_1_295' title='bbox 994 2581 1325 2635; x_wconf 84' lang='lat' dir='ltr'><strong>auctoritate</strong></span> <span class='ocrx_word' id='word_1_296' title='bbox 1380 2598 1666 2651; x_wconf 89' lang='lat' dir='ltr'><strong>perperam</strong></span> <span class='ocrx_word' id='word_1_297' title='bbox 1714 2585 1990 2639; x_wconf 86' lang='lat' dir='ltr'><strong>intellecta</strong></span> 
     </span>
    </p>
   </div>
   <div class='ocr_carea' id='block_1_40' title="bbox 401 2659 1991 2739">
    <p class='ocr_par' dir='ltr' id='par_1_40' title="bbox 401 2659 1991 2739">
     <span class='ocr_line' id='line_1_40' title="bbox 401 2659 1991 2739; baseline 0.006 -25"><span class='ocrx_word' id='word_1_298' title='bbox 401 2659 716 2716; x_wconf 74' lang='lat' dir='ltr'><strong>confectum</strong></span> <span class='ocrx_word' id='word_1_299' title='bbox 744 2666 1016 2728; x_wconf 78' lang='lat' dir='ltr'><strong>cmderct,</strong></span> <span class='ocrx_word' id='word_1_300' title='bbox 1054 2666 1435 2723; x_wconf 84' lang='lat' dir='ltr'><strong>fornicationis</strong></span> <span class='ocrx_word' id='word_1_301' title='bbox 1464 2669 1605 2722; x_wconf 89' lang='lat' dir='ltr'><strong>inter</strong></span> <span class='ocrx_word' id='word_1_302' title='bbox 1637 2677 1834 2723; x_wconf 69' lang='lat' dir='ltr'><strong>Caetera</strong></span> <span class='ocrx_word' id='word_1_303' title='bbox 1863 2685 1991 2739; x_wconf 84' lang='lat' dir='ltr'><strong>pec-</strong></span> 
     </span>
    </p>
   </div>
   <div class='ocr_carea' id='block_1_41' title="bbox 403 2759 1989 2829">
    <p class='ocr_par' dir='ltr' id='par_1_41' title="bbox 403 2759 1989 2829">
     <span class='ocr_line' id='line_1_41' title="bbox 403 2759 1989 2829; baseline 0.006 -24"><span class='ocrx_word' id='word_1_304' title='bbox 403 2759 587 2806; x_wconf 89' lang='lat' dir='ltr'><strong>catum</strong></span> <span class='ocrx_word' id='word_1_305' title='bbox 615 2769 680 2807; x_wconf 85' lang='lat' dir='ltr'><strong>eo</strong></span> <span class='ocrx_word' id='word_1_306' title='bbox 704 2770 869 2809; x_wconf 89' lang='lat' dir='ltr'><strong>sensu</strong></span> <span class='ocrx_word' id='word_1_307' title='bbox 901 2770 964 2810; x_wconf 88' lang='lat' dir='ltr'><strong>ac</strong></span> <span class='ocrx_word' id='word_1_308' title='bbox 995 2769 1177 2813; x_wconf 86' lang='lat' dir='ltr'><strong>mente</strong></span> <span class='ocrx_word' id='word_1_309' title='bbox 1212 2769 1405 2813; x_wconf 85' lang='lat' dir='ltr'><strong>contra</strong></span> <span class='ocrx_word' id='word_1_310' title='bbox 1444 2760 1707 2829; x_wconf 84' lang='lat' dir='ltr'><strong>Spiritum</strong></span> <span class='ocrx_word' id='word_1_311' title='bbox 1740 2776 1862 2816; x_wconf 88' lang='lat' dir='ltr'><strong>esse</strong></span> <span class='ocrx_word' id='word_1_312' title='bbox 1890 2761 1989 2815; x_wconf 85' lang='lat' dir='ltr'><strong>do-</strong></span> 
     </span>
    </p>
   </div>
   <div class='ocr_carea' id='block_1_42' title="bbox 405 2844 1990 2920">
    <p class='ocr_par' dir='ltr' id='par_1_42' title="bbox 405 2844 1990 2920">
     <span class='ocr_line' id='line_1_42' title="bbox 405 2844 1990 2920; baseline 0.006 -22"><span class='ocrx_word' id='word_1_313' title='bbox 405 2844 553 2912; x_wconf 91' lang='lat' dir='ltr'><strong>cuit,</strong></span> <span class='ocrx_word' id='word_1_314' title='bbox 593 2853 651 2899; x_wconf 94' lang='lat' dir='ltr'><strong>ut</strong></span> <span class='ocrx_word' id='word_1_315' title='bbox 683 2847 1060 2903; x_wconf 67' lang='lat' dir='ltr'><strong>CCCICSiaaliCO</strong></span> <span class='ocrx_word' id='word_1_316' title='bbox 1090 2850 1215 2920; x_wconf 88' lang='lat' dir='ltr'><strong>jure</strong></span> <span class='ocrx_word' id='word_1_317' title='bbox 1254 2865 1317 2905; x_wconf 89' lang='lat' dir='ltr'><strong>ac</strong></span> <span class='ocrx_word' id='word_1_318' title='bbox 1360 2860 1627 2919; x_wconf 85' lang='lat' dir='ltr'><strong>potestate</strong></span> <span class='ocrx_word' id='word_1_319' title='bbox 1658 2854 1858 2906; x_wconf 88' lang='lat' dir='ltr'><strong>remitti</strong></span> <span class='ocrx_word' id='word_1_320' title='bbox 1893 2867 1990 2907; x_wconf 87' lang='lat' dir='ltr'><strong>ne-</strong></span> 
     </span>
    </p>
   </div>
   <div class='ocr_carea' id='block_1_43' title="bbox 404 2936 1989 3013">
    <p class='ocr_par' dir='ltr' id='par_1_43' title="bbox 404 2936 1989 3013">
     <span class='ocr_line' id='line_1_43' title="bbox 404 2936 1989 3013; baseline 0.006 -23"><span class='ocrx_word' id='word_1_321' title='bbox 404 2936 794 3008; x_wconf 86' lang='lat' dir='ltr'><strong>quiret.Quam</strong></span> <span class='ocrx_word' id='word_1_322' title='bbox 816 2940 886 2993; x_wconf 90' lang='lat' dir='ltr'><strong>ob</strong></span> <span class='ocrx_word' id='word_1_323' title='bbox 915 2955 1133 2995; x_wconf 83' lang='lat' dir='ltr'><strong>causam</strong></span> <span class='ocrx_word' id='word_1_324' title='bbox 1159 2941 1453 2996; x_wconf 88' lang='lat' dir='ltr'><strong>divortium</strong></span> <span class='ocrx_word' id='word_1_325' title='bbox 1478 2944 1652 3013; x_wconf 87' lang='lat' dir='ltr'><strong>primo</strong></span> <span class='ocrx_word' id='word_1_326' title='bbox 1677 2943 1801 2999; x_wconf 82' lang='lat' dir='ltr'><strong>fecit</strong></span> <span class='ocrx_word' id='word_1_327' title='bbox 1827 2963 1840 2999; x_wconf 90' lang='lat'>:</span> <span class='ocrx_word' id='word_1_328' title='bbox 1871 2953 1989 2999; x_wconf 92' lang='lat' dir='ltr'><strong>tum</strong></span> 
     </span>
    </p>
   </div>
   <div class='ocr_carea' id='block_1_44' title="bbox 405 3032 1980 3109">
    <p class='ocr_par' dir='ltr' id='par_1_44' title="bbox 405 3032 1980 3109">
     <span class='ocr_line' id='line_1_44' title="bbox 405 3032 1980 3109; baseline 0.006 -25"><span class='ocrx_word' id='word_1_329' title='bbox 405 3045 593 3085; x_wconf 85' lang='lat' dir='ltr'><strong>errore</strong></span> <span class='ocrx_word' id='word_1_330' title='bbox 616 3032 829 3100; x_wconf 90' lang='lat' dir='ltr'><strong>plenius</strong></span> <span class='ocrx_word' id='word_1_331' title='bbox 852 3036 1092 3103; x_wconf 86' lang='lat' dir='ltr'><strong>cognito,</strong></span> <span class='ocrx_word' id='word_1_332' title='bbox 1117 3048 1182 3089; x_wconf 91' lang='lat' dir='ltr'><strong>eo</strong></span> <span class='ocrx_word' id='word_1_333' title='bbox 1221 3034 1566 3103; x_wconf 89' lang='lat' dir='ltr'><strong>potissimum</strong></span> <span class='ocrx_word' id='word_1_334' title='bbox 1599 3036 1835 3104; x_wconf 87' lang='lat' dir='ltr'><strong>nomine,</strong></span> <span class='ocrx_word' id='word_1_335' title='bbox 1879 3054 1980 3109; x_wconf 91' lang='lat' dir='ltr'><strong>pro</strong></span> 
     </span>
    </p>
   </div>
   <div class='ocr_carea' id='block_1_45' title="bbox 408 3123 1979 3199">
    <p class='ocr_par' dir='ltr' id='par_1_45' title="bbox 408 3123 1979 3199">
     <span class='ocr_line' id='line_1_45' title="bbox 408 3123 1979 3199; baseline 0.004 -22"><span class='ocrx_word' id='word_1_336' title='bbox 408 3123 667 3179; x_wconf 69' lang='lat' dir='ltr'><strong>lmretico</strong></span> <span class='ocrx_word' id='word_1_337' title='bbox 728 3125 1023 3183; x_wconf 81' lang='lat' dir='ltr'><strong>damnatus</strong></span> <span class='ocrx_word' id='word_1_338' title='bbox 1074 3135 1177 3182; x_wconf 85' lang='lat' dir='ltr'><strong>est.</strong></span> <span class='ocrx_word' id='word_1_339' title='bbox 1239 3127 1441 3181; x_wconf 89' lang='lat' dir='ltr'><strong>llorum</strong></span> <span class='ocrx_word' id='word_1_340' title='bbox 1507 3129 1692 3199; x_wconf 80' lang='lat' dir='ltr'><strong>prius,</strong></span> <span class='ocrx_word' id='word_1_341' title='bbox 1754 3128 1808 3184; x_wconf 90' lang='lat' dir='ltr'><strong>id</strong></span> <span class='ocrx_word' id='word_1_342' title='bbox 1872 3138 1979 3199; x_wconf 87' lang='lat' dir='ltr'><strong>est,</strong></span> 
     </span>
    </p>
   </div>
   <div class='ocr_carea' id='block_1_46' title="bbox 2085 2028 3635 2102">
    <p class='ocr_par' dir='ltr' id='par_1_46' title="bbox 2085 2028 3635 2102">
     <span class='ocr_line' id='line_1_46' title="bbox 2085 2028 3635 2102; baseline 0.005 -21"><span class='ocrx_word' id='word_1_343' title='bbox 2085 2043 2221 2094; x_wconf 87' lang='lat' dir='ltr'><strong>rem,</strong></span> <span class='ocrx_word' id='word_1_344' title='bbox 2256 2028 2351 2083; x_wconf 91' lang='lat' dir='ltr'><strong>sed</strong></span> <span class='ocrx_word' id='word_1_345' title='bbox 2388 2029 2600 2084; x_wconf 81' lang='lat' dir='ltr'><strong>inﬁnita</strong></span> <span class='ocrx_word' id='word_1_346' title='bbox 2640 2046 2887 2085; x_wconf 86' lang='lat' dir='ltr'><strong>errorum</strong></span> <span class='ocrx_word' id='word_1_347' title='bbox 2919 2033 3097 2102; x_wconf 81' lang='lat' dir='ltr'><strong>capita</strong></span> <span class='ocrx_word' id='word_1_348' title='bbox 3130 2048 3236 2088; x_wconf 89' lang='lat' dir='ltr'><strong>suo</strong></span> <span class='ocrx_word' id='word_1_349' title='bbox 3270 2035 3471 2089; x_wconf 84' lang='lat' dir='ltr'><strong>ambitu</strong></span> <span class='ocrx_word' id='word_1_350' title='bbox 3509 2051 3635 2091; x_wconf 89' lang='lat' dir='ltr'><strong>com-</strong></span> 
     </span>
    </p>
   </div>
   <div class='ocr_carea' id='block_1_47' title="bbox 2086 2120 3631 2191">
    <p class='ocr_par' dir='ltr' id='par_1_47' title="bbox 2086 2120 3631 2191">
     <span class='ocr_line' id='line_1_47' title="bbox 2086 2120 3631 2191; baseline 0.005 -18"><span class='ocrx_word' id='word_1_351' title='bbox 2086 2120 2362 2191; x_wconf 90' lang='lat' dir='ltr'><strong>plectitur.</strong></span> <span class='ocrx_word' id='word_1_352' title='bbox 2404 2120 2673 2185; x_wconf 84' lang='lat' dir='ltr'><strong>Quocirca</strong></span> <span class='ocrx_word' id='word_1_353' title='bbox 2716 2123 3001 2177; x_wconf 90' lang='lat' dir='ltr'><strong>verissima</strong></span> <span class='ocrx_word' id='word_1_354' title='bbox 3040 2132 3126 2178; x_wconf 86' lang='lat' dir='ltr'><strong>est</strong></span> <span class='ocrx_word' id='word_1_355' title='bbox 3171 2126 3403 2181; x_wconf 89' lang='lat' dir='ltr'><strong>assertio</strong></span> <span class='ocrx_word' id='word_1_356' title='bbox 3430 2127 3513 2179; x_wconf 86' lang='lat' dir='ltr'><strong>illa</strong></span> <span class='ocrx_word' id='word_1_357' title='bbox 3552 2141 3631 2180; x_wconf 87' lang='lat' dir='ltr'><strong>no-</strong></span> 
     </span>
    </p>
   </div>
   <div class='ocr_carea' id='block_1_48' title="bbox 2088 2211 3635 2285">
    <p class='ocr_par' dir='ltr' id='par_1_48' title="bbox 2088 2211 3635 2285">
     <span class='ocr_line' id='line_1_48' title="bbox 2088 2211 3635 2285; baseline 0.001 -19"><span class='ocrx_word' id='word_1_358' title='bbox 2088 2220 2222 2277; x_wconf 87' lang='lat' dir='ltr'><strong>stra,</strong></span> <span class='ocrx_word' id='word_1_359' title='bbox 2261 2211 2351 2266; x_wconf 89' lang='lat' dir='ltr'><strong>cui</strong></span> <span class='ocrx_word' id='word_1_360' title='bbox 2390 2212 2474 2267; x_wconf 86' lang='lat' dir='ltr'><strong>vel</strong></span> <span class='ocrx_word' id='word_1_361' title='bbox 2504 2214 2709 2268; x_wconf 83' lang='lat' dir='ltr'><strong>invitus</strong></span> <span class='ocrx_word' id='word_1_362' title='bbox 2750 2213 2864 2282; x_wconf 86' lang='lat' dir='ltr'><strong>ipse</strong></span> <span class='ocrx_word' id='word_1_363' title='bbox 2893 2213 3215 2285; x_wconf 67' lang='lat' dir='ltr'><strong>suifragaris</strong></span> <span class='ocrx_word' id='word_1_364' title='bbox 3252 2236 3265 2271; x_wconf 88' lang='lat'>:</span> <span class='ocrx_word' id='word_1_365' title='bbox 3299 2215 3553 2270; x_wconf 79' lang='lat' dir='ltr'><strong>Novatum</strong></span> <span class='ocrx_word' id='word_1_366' title='bbox 3583 2231 3635 2269; x_wconf 89' lang='lat' dir='ltr'><strong>ac</strong></span> 
     </span>
    </p>
   </div>
   <div class='ocr_carea' id='block_1_49' title="bbox 2088 2300 3635 2371">
    <p class='ocr_par' dir='ltr' id='par_1_49' title="bbox 2088 2300 3635 2371">
     <span class='ocr_line' id='line_1_49' title="bbox 2088 2300 3635 2371; baseline 0.003 -18"><span class='ocrx_word' id='word_1_367' title='bbox 2088 2300 2550 2356; x_wconf 28' lang='lat' dir='ltr'><strong>Novatianumvob</strong></span> <span class='ocrx_word' id='word_1_368' title='bbox 2579 2302 2631 2355; x_wconf 92' lang='lat' dir='ltr'><strong>id</strong></span> <span class='ocrx_word' id='word_1_369' title='bbox 2665 2303 2938 2371; x_wconf 64' lang='lat' dir='ltr'><strong>praecipue</strong></span> <span class='ocrx_word' id='word_1_370' title='bbox 2973 2304 3266 2361; x_wconf 69' lang='lat' dir='ltr'><strong>haereticos</strong></span> <span class='ocrx_word' id='word_1_371' title='bbox 3294 2320 3417 2362; x_wconf 83' lang='lat' dir='ltr'><strong>esse</strong></span> <span class='ocrx_word' id='word_1_372' title='bbox 3444 2305 3635 2370; x_wconf 87' lang='lat' dir='ltr'><strong>iudica-</strong></span> 
     </span>
    </p>
   </div>
   <div class='ocr_carea' id='block_1_50' title="bbox 2088 2389 3650 2464">
    <p class='ocr_par' dir='ltr' id='par_1_50' title="bbox 2088 2389 3650 2464">
     <span class='ocr_line' id='line_1_50' title="bbox 2088 2389 3650 2464; baseline 0.005 -23"><span class='ocrx_word' id='word_1_373' title='bbox 2088 2397 2208 2456; x_wconf 88' lang='lat' dir='ltr'><strong>tos;</strong></span> <span class='ocrx_word' id='word_1_374' title='bbox 2239 2389 2385 2459; x_wconf 87' lang='lat' dir='ltr'><strong>quod</strong></span> <span class='ocrx_word' id='word_1_375' title='bbox 2421 2390 2721 2443; x_wconf 84' lang='lat' dir='ltr'><strong>remittendi</strong></span> <span class='ocrx_word' id='word_1_376' title='bbox 2752 2400 3086 2457; x_wconf 85' lang='lat' dir='ltr'><strong>potestatem,</strong></span> <span class='ocrx_word' id='word_1_377' title='bbox 3119 2402 3179 2447; x_wconf 88' lang='lat' dir='ltr'><strong>ut</strong></span> <span class='ocrx_word' id='word_1_378' title='bbox 3213 2394 3533 2450; x_wconf 77' lang='lat' dir='ltr'><strong>Tridentinae</strong></span> <span class='ocrx_word' id='word_1_379' title='bbox 3558 2410 3650 2464; x_wconf 58' lang='grc' dir='ltr'><strong>εγω</strong></span> 
     </span>
    </p>
   </div>
   <div class='ocr_carea' id='block_1_51' title="bbox 2089 2480 3649 2555">
    <p class='ocr_par' dir='ltr' id='par_1_51' title="bbox 2089 2480 3649 2555">
     <span class='ocr_line' id='line_1_51' title="bbox 2089 2480 3649 2555; baseline 0.002 -20"><span class='ocrx_word' id='word_1_380' title='bbox 2089 2480 2219 2536; x_wconf 90' lang='lat' dir='ltr'><strong>nodi</strong></span> <span class='ocrx_word' id='word_1_381' title='bbox 2248 2481 2427 2536; x_wconf 80' lang='lat' dir='ltr'><strong>verbis</strong></span> <span class='ocrx_word' id='word_1_382' title='bbox 2454 2490 2597 2546; x_wconf 78' lang='lat' dir='ltr'><strong>utar,</strong></span> <span class='ocrx_word' id='word_1_383' title='bbox 2634 2484 2976 2549; x_wconf 84' lang='lat' dir='ltr'><strong>pertinaciter</strong></span> <span class='ocrx_word' id='word_1_384' title='bbox 3010 2500 3286 2554; x_wconf 85' lang='lat' dir='ltr'><strong>negarent.</strong></span> <span class='ocrx_word' id='word_1_385' title='bbox 3337 2485 3509 2540; x_wconf 82' lang='lat' dir='ltr'><strong>Prima</strong></span> <span class='ocrx_word' id='word_1_386' title='bbox 3537 2486 3649 2555; x_wconf 35' lang='lat' dir='ltr'><strong>quis</strong></span> 
     </span>
    </p>
   </div>
   <div class='ocr_carea' id='block_1_52' title="bbox 2092 2574 3636 2646">
    <p class='ocr_par' dir='ltr' id='par_1_52' title="bbox 2092 2574 3636 2646">
     <span class='ocr_line' id='line_1_52' title="bbox 2092 2574 3636 2646; baseline 0.002 -19"><span class='ocrx_word' id='word_1_387' title='bbox 2092 2575 2213 2628; x_wconf 90' lang='lat' dir='ltr'><strong>dem</strong></span> <span class='ocrx_word' id='word_1_388' title='bbox 2263 2574 2482 2628; x_wconf 91' lang='lat' dir='ltr'><strong>illorum</strong></span> <span class='ocrx_word' id='word_1_389' title='bbox 2531 2575 2599 2628; x_wconf 89' lang='lat' dir='ltr'><strong>ab</strong></span> <span class='ocrx_word' id='word_1_390' title='bbox 2648 2574 2893 2630; x_wconf 86' lang='lat' dir='ltr'><strong>Ecclesia</strong></span> <span class='ocrx_word' id='word_1_391' title='bbox 2942 2575 3248 2646; x_wconf 78' lang='lat' dir='ltr'><strong>disjunctio</strong></span> <span class='ocrx_word' id='word_1_392' title='bbox 3291 2594 3319 2631; x_wconf 92' lang='lat' dir='ltr'><strong>a</strong></span> <span class='ocrx_word' id='word_1_393' title='bbox 3378 2579 3636 2633; x_wconf 82' lang='lat' dir='ltr'><strong>schismate</strong></span> 
     </span>
    </p>
   </div>
   <div class='ocr_carea' id='block_1_53' title="bbox 2092 2665 3632 2738">
    <p class='ocr_par' dir='ltr' id='par_1_53' title="bbox 2092 2665 3632 2738">
     <span class='ocr_line' id='line_1_53' title="bbox 2092 2665 3632 2738; baseline 0.003 -21"><span class='ocrx_word' id='word_1_394' title='bbox 2092 2672 2272 2717; x_wconf 89' lang='lat' dir='ltr'><strong>ortum</strong></span> <span class='ocrx_word' id='word_1_395' title='bbox 2319 2665 2538 2729; x_wconf 88' lang='lat' dir='ltr'><strong>habuit,</strong></span> <span class='ocrx_word' id='word_1_396' title='bbox 2588 2668 2833 2721; x_wconf 89' lang='lat' dir='ltr'><strong>nondum</strong></span> <span class='ocrx_word' id='word_1_397' title='bbox 2887 2667 3109 2737; x_wconf 76' lang='lat' dir='ltr'><strong>vulgata</strong></span> <span class='ocrx_word' id='word_1_398' title='bbox 3164 2674 3383 2738; x_wconf 90' lang='lat' dir='ltr'><strong>penitus</strong></span> <span class='ocrx_word' id='word_1_399' title='bbox 3434 2669 3632 2731; x_wconf 66' lang='lat' dir='ltr'><strong>haeresi,</strong></span> 
     </span>
    </p>
   </div>
   <div class='ocr_carea' id='block_1_54' title="bbox 2092 2754 3637 2827">
    <p class='ocr_par' dir='ltr' id='par_1_54' title="bbox 2092 2754 3637 2827">
     <span class='ocr_line' id='line_1_54' title="bbox 2092 2754 3637 2827; baseline 0.003 -20"><span class='ocrx_word' id='word_1_400' title='bbox 2092 2756 2237 2824; x_wconf 88' lang='lat' dir='ltr'><strong>quod</strong></span> <span class='ocrx_word' id='word_1_401' title='bbox 2269 2754 2528 2827; x_wconf 77' lang='lat' dir='ltr'><strong>Cypriani</strong></span> <span class='ocrx_word' id='word_1_402' title='bbox 2561 2757 2759 2811; x_wconf 89' lang='lat' dir='ltr'><strong>allatus</strong></span> <span class='ocrx_word' id='word_1_403' title='bbox 2798 2772 2829 2810; x_wconf 88' lang='lat' dir='ltr'><strong>a</strong></span> <span class='ocrx_word' id='word_1_404' title='bbox 2871 2767 2919 2813; x_wconf 85' lang='lat' dir='ltr'><strong>te</strong></span> <span class='ocrx_word' id='word_1_405' title='bbox 2950 2759 3106 2815; x_wconf 89' lang='lat' dir='ltr'><strong>locus</strong></span> <span class='ocrx_word' id='word_1_406' title='bbox 3143 2759 3375 2818; x_wconf 85' lang='lat' dir='ltr'><strong>indicat.</strong></span> <span class='ocrx_word' id='word_1_407' title='bbox 3410 2760 3562 2826; x_wconf 85' lang='lat' dir='ltr'><strong>Quem</strong></span> <span class='ocrx_word' id='word_1_408' title='bbox 3592 2770 3637 2811; x_wconf 92' lang='lat' dir='ltr'><strong>ut</strong></span> 
     </span>
    </p>
   </div>
   <div class='ocr_carea' id='block_1_55' title="bbox 2094 2844 3637 2921">
    <p class='ocr_par' dir='ltr' id='par_1_55' title="bbox 2094 2844 3637 2921">
     <span class='ocr_line' id='line_1_55' title="bbox 2094 2844 3637 2921; baseline 0.002 -22"><span class='ocrx_word' id='word_1_409' title='bbox 2094 2847 2150 2899; x_wconf 91' lang='lat' dir='ltr'><strong>iu</strong></span> <span class='ocrx_word' id='word_1_410' title='bbox 2184 2860 2244 2901; x_wconf 89' lang='lat' dir='ltr'><strong>re</strong></span> <span class='ocrx_word' id='word_1_411' title='bbox 2277 2844 2561 2913; x_wconf 83' lang='lat' dir='ltr'><strong>facillima,</strong></span> <span class='ocrx_word' id='word_1_412' title='bbox 2594 2847 2929 2919; x_wconf 88' lang='lat' dir='ltr'><strong>minimeque</strong></span> <span class='ocrx_word' id='word_1_413' title='bbox 2974 2854 3331 2913; x_wconf 70' lang='lat' dir='ltr'><strong>necessaria,</strong></span> <span class='ocrx_word' id='word_1_414' title='bbox 3362 2849 3637 2921; x_wconf 83' lang='lat' dir='ltr'><strong>compendi-</strong></span> 
     </span>
    </p>
   </div>
   <div class='ocr_carea' id='block_1_56' title="bbox 2096 2934 3643 3013">
    <p class='ocr_par' dir='ltr' id='par_1_56' title="bbox 2096 2934 3643 3013">
     <span class='ocr_line' id='line_1_56' title="bbox 2096 2934 3643 3013; baseline 0.002 -24"><span class='ocrx_word' id='word_1_415' title='bbox 2096 2934 2276 2991; x_wconf 84' lang='lat' dir='ltr'><strong>facere</strong></span> <span class='ocrx_word' id='word_1_416' title='bbox 2309 2937 2557 3006; x_wconf 77' lang='lat' dir='ltr'><strong>potuisti.</strong></span> <span class='ocrx_word' id='word_1_417' title='bbox 2591 2938 2661 2989; x_wconf 84' lang='lat' dir='ltr'><strong>At</strong></span> <span class='ocrx_word' id='word_1_418' title='bbox 2688 2939 2931 2994; x_wconf 59' lang='lat' dir='ltr'><strong>heretici</strong></span> <span class='ocrx_word' id='word_1_419' title='bbox 2962 2941 3032 2996; x_wconf 93' lang='lat' dir='ltr'><strong>ob</strong></span> <span class='ocrx_word' id='word_1_420' title='bbox 3056 2941 3109 2995; x_wconf 90' lang='lat' dir='ltr'><strong>id</strong></span> <span class='ocrx_word' id='word_1_421' title='bbox 3144 2943 3420 3013; x_wconf 66' lang='lat' dir='ltr'><strong>praecipue</strong></span> <span class='ocrx_word' id='word_1_422' title='bbox 3442 2939 3643 3012; x_wconf 84' lang='lat' dir='ltr'><strong>judicati</strong></span> 
     </span>
    </p>
   </div>
   <div class='ocr_carea' id='block_1_57' title="bbox 2094 3029 3635 3101">
    <p class='ocr_par' dir='ltr' id='par_1_57' title="bbox 2094 3029 3635 3101">
     <span class='ocr_line' id='line_1_57' title="bbox 2094 3029 3635 3101; baseline 0.001 -17"><span class='ocrx_word' id='word_1_423' title='bbox 2094 3036 2245 3091; x_wconf 86' lang='lat' dir='ltr'><strong>sunt,</strong></span> <span class='ocrx_word' id='word_1_424' title='bbox 2274 3029 2421 3099; x_wconf 87' lang='lat' dir='ltr'><strong>quod</strong></span> <span class='ocrx_word' id='word_1_425' title='bbox 2448 3044 2556 3083; x_wconf 88' lang='lat' dir='ltr'><strong>non</strong></span> <span class='ocrx_word' id='word_1_426' title='bbox 2588 3029 2763 3084; x_wconf 91' lang='lat' dir='ltr'><strong>solum</strong></span> <span class='ocrx_word' id='word_1_427' title='bbox 2794 3041 3114 3101; x_wconf 89' lang='lat' dir='ltr'><strong>peccatores</strong></span> <span class='ocrx_word' id='word_1_428' title='bbox 3141 3034 3213 3089; x_wconf 87' lang='lat' dir='ltr'><strong>ad</strong></span> <span class='ocrx_word' id='word_1_429' title='bbox 3240 3035 3635 3090; x_wconf 80' lang='lat' dir='ltr'><strong>communionem</strong></span> 
     </span>
    </p>
   </div>
   <div class='ocr_carea' id='block_1_58' title="bbox 2096 3120 3631 3195">
    <p class='ocr_par' dir='ltr' id='par_1_58' title="bbox 2096 3120 3631 3195">
     <span class='ocr_line' id='line_1_58' title="bbox 2096 3120 3631 3195; baseline 0.001 -22"><span class='ocrx_word' id='word_1_430' title='bbox 2096 3120 2464 3175; x_wconf 88' lang='lat' dir='ltr'><strong>admittendos</strong></span> <span class='ocrx_word' id='word_1_431' title='bbox 2511 3135 2619 3175; x_wconf 90' lang='lat' dir='ltr'><strong>non</strong></span> <span class='ocrx_word' id='word_1_432' title='bbox 2653 3129 2946 3191; x_wconf 88' lang='lat' dir='ltr'><strong>putarent,</strong></span> <span class='ocrx_word' id='word_1_433' title='bbox 3007 3125 3107 3179; x_wconf 89' lang='lat' dir='ltr'><strong>sed</strong></span> <span class='ocrx_word' id='word_1_434' title='bbox 3156 3127 3308 3195; x_wconf 90' lang='lat' dir='ltr'><strong>quod</strong></span> <span class='ocrx_word' id='word_1_435' title='bbox 3360 3142 3427 3181; x_wconf 87' lang='lat' dir='ltr'><strong>ne</strong></span> <span class='ocrx_word' id='word_1_436' title='bbox 3457 3122 3631 3178; x_wconf 85' lang='lat' dir='ltr'><strong>admitti</strong></span> 
     </span>
    </p>
   </div>
   <div class='ocr_carea' id='block_1_59' title="bbox 408 3214 3632 3315">
    <p class='ocr_par' dir='ltr' id='par_1_59' title="bbox 408 3214 3632 3315">
     <span class='ocr_line' id='line_1_59' title="bbox 408 3214 3632 3315; baseline 0.003 -44"><span class='ocrx_word' id='word_1_437' title='bbox 408 3217 671 3286; x_wconf 88' lang='lat' dir='ltr'><strong>schisma,</strong></span> <span class='ocrx_word' id='word_1_438' title='bbox 701 3233 810 3273; x_wconf 93' lang='lat' dir='ltr'><strong>non</strong></span> <span class='ocrx_word' id='word_1_439' title='bbox 846 3220 1100 3284; x_wconf 63' lang='lat' dir='ltr'><strong>hatresin,</strong></span> <span class='ocrx_word' id='word_1_440' title='bbox 1149 3218 1335 3277; x_wconf 73' lang='lat' dir='ltr'><strong>verbis</strong></span> <span class='ocrx_word' id='word_1_441' title='bbox 1383 3221 1518 3275; x_wconf 90' lang='lat' dir='ltr'><strong>iisce</strong></span> <span class='ocrx_word' id='word_1_442' title='bbox 1568 3219 1997 3276; x_wconf 70' lang='lat' dir='ltr'><strong>Commentario-</strong></span> <span class='ocrx_word' id='word_1_443' title='bbox 2022 3258 2064 3315; x_wconf 62' lang='grc' dir='ltr'>ε</span> <span class='ocrx_word' id='word_1_444' title='bbox 2097 3214 2318 3283; x_wconf 82' lang='lat' dir='ltr'><strong>quidem</strong></span> <span class='ocrx_word' id='word_1_445' title='bbox 2348 3214 2669 3285; x_wconf 81' lang='lat' dir='ltr'><strong>absolviquc</strong></span> <span class='ocrx_word' id='word_1_446' title='bbox 2702 3231 2867 3287; x_wconf 77' lang='lat' dir='ltr'><strong>posse</strong></span> <span class='ocrx_word' id='word_1_447' title='bbox 2906 3216 3219 3275; x_wconf 81' lang='lat' dir='ltr'><strong>crederent.</strong></span> <span class='ocrx_word' id='word_1_448' title='bbox 3248 3219 3632 3274; x_wconf 74' lang='lat' dir='ltr'><strong>Posuemocum</strong></span> 
     </span>
    </p>
   </div>
   <div class='ocr_carea' id='block_1_60' title="bbox 408 3311 2003 3384">
    <p class='ocr_par' dir='ltr' id='par_1_60' title="bbox 408 3311 2003 3384">
     <span class='ocr_line' id='line_1_60' title="bbox 408 3311 2003 3384; baseline 0.006 -23"><span class='ocrx_word' id='word_1_449' title='bbox 408 3325 530 3362; x_wconf 84' lang='lat' dir='ltr'><strong>rum</strong></span> <span class='ocrx_word' id='word_1_450' title='bbox 575 3321 767 3365; x_wconf 90' lang='lat' dir='ltr'><strong>auctor</strong></span> <span class='ocrx_word' id='word_1_451' title='bbox 802 3311 1045 3368; x_wconf 89' lang='lat' dir='ltr'><strong>indicat:</strong></span> <span class='ocrx_word' id='word_1_452' title='bbox 1078 3325 1289 3383; x_wconf 86' lang='lat' dir='ltr'><strong>propter</strong></span> <span class='ocrx_word' id='word_1_453' title='bbox 1330 3331 1489 3384; x_wconf 88' lang='lat' dir='ltr'><strong>quam</strong></span> <span class='ocrx_word' id='word_1_454' title='bbox 1542 3332 1761 3369; x_wconf 85' lang='lat' dir='ltr'><strong>causam</strong></span> <span class='ocrx_word' id='word_1_455' title='bbox 1794 3318 2003 3373; x_wconf 69' lang='lat' dir='ltr'><strong>scissus</strong></span> 
     </span>
    </p>
   </div>
   <div class='ocr_carea' id='block_1_61' title="bbox 408 3401 1995 3472">
    <p class='ocr_par' dir='ltr' id='par_1_61' title="bbox 408 3401 1995 3472">
     <span class='ocr_line' id='line_1_61' title="bbox 408 3401 1995 3472; baseline 0.006 -19"><span class='ocrx_word' id='word_1_456' title='bbox 408 3410 488 3454; x_wconf 83' lang='lat' dir='ltr'><strong>est</strong></span> <span class='ocrx_word' id='word_1_457' title='bbox 516 3403 582 3455; x_wconf 85' lang='lat' dir='ltr'><strong>ab</strong></span> <span class='ocrx_word' id='word_1_458' title='bbox 615 3401 877 3458; x_wconf 80' lang='lat' dir='ltr'><strong>Ecclesia.</strong></span> <span class='ocrx_word' id='word_1_459' title='bbox 910 3404 978 3458; x_wconf 86' lang='lat' dir='ltr'><strong>At</strong></span> <span class='ocrx_word' id='word_1_460' title='bbox 1010 3405 1153 3459; x_wconf 89' lang='lat' dir='ltr'><strong>inter</strong></span> <span class='ocrx_word' id='word_1_461' title='bbox 1185 3421 1287 3459; x_wconf 90' lang='lat' dir='ltr'><strong>nos</strong></span> <span class='ocrx_word' id='word_1_462' title='bbox 1318 3422 1427 3459; x_wconf 92' lang='lat' dir='ltr'><strong>non</strong></span> <span class='ocrx_word' id='word_1_463' title='bbox 1458 3405 1526 3461; x_wconf 90' lang='lat' dir='ltr'><strong>de</strong></span> <span class='ocrx_word' id='word_1_464' title='bbox 1556 3407 1871 3472; x_wconf 84' lang='lat' dir='ltr'><strong>schismate,</strong></span> <span class='ocrx_word' id='word_1_465' title='bbox 1899 3408 1995 3463; x_wconf 90' lang='lat' dir='ltr'><strong>sed</strong></span> 
     </span>
    </p>
   </div>
   <div class='ocr_carea' id='block_1_62' title="bbox 411 3491 1998 3562">
    <p class='ocr_par' dir='ltr' id='par_1_62' title="bbox 411 3491 1998 3562">
     <span class='ocr_line' id='line_1_62' title="bbox 411 3491 1998 3562; baseline 0.005 -17"><span class='ocrx_word' id='word_1_466' title='bbox 411 3491 667 3562; x_wconf 82' lang='lat' dir='ltr'><strong>dogmate</strong></span> <span class='ocrx_word' id='word_1_467' title='bbox 696 3501 750 3546; x_wconf 92' lang='lat' dir='ltr'><strong>et</strong></span> <span class='ocrx_word' id='word_1_468' title='bbox 784 3494 977 3548; x_wconf 74' lang='lat' dir='ltr'><strong>haeresi</strong></span> <span class='ocrx_word' id='word_1_469' title='bbox 1024 3496 1403 3549; x_wconf 89' lang='lat' dir='ltr'><strong>controversia</strong></span> <span class='ocrx_word' id='word_1_470' title='bbox 1458 3503 1565 3551; x_wconf 87' lang='lat' dir='ltr'><strong>est.</strong></span> <span class='ocrx_word' id='word_1_471' title='bbox 1607 3495 1725 3560; x_wconf 89' lang='lat' dir='ltr'><strong>Qua</strong></span> <span class='ocrx_word' id='word_1_472' title='bbox 1764 3513 1823 3552; x_wconf 90' lang='lat' dir='ltr'><strong>re</strong></span> <span class='ocrx_word' id='word_1_473' title='bbox 1861 3499 1998 3553; x_wconf 81' lang='lat' dir='ltr'><strong>nihil</strong></span> 
     </span>
    </p>
   </div>
   <div class='ocr_carea' id='block_1_63' title="bbox 413 3584 1422 3641">
    <p class='ocr_par' dir='ltr' id='par_1_63' title="bbox 413 3584 1422 3641">
     <span class='ocr_line' id='line_1_63' title="bbox 413 3584 1422 3641; baseline 0.006 -6"><span class='ocrx_word' id='word_1_474' title='bbox 413 3596 637 3636; x_wconf 88' lang='lat' dir='ltr'><strong>causam</strong></span> <span class='ocrx_word' id='word_1_475' title='bbox 664 3590 813 3636; x_wconf 89' lang='lat' dir='ltr'><strong>tuam</strong></span> <span class='ocrx_word' id='word_1_476' title='bbox 843 3584 998 3638; x_wconf 91' lang='lat' dir='ltr'><strong>locus</strong></span> <span class='ocrx_word' id='word_1_477' title='bbox 1030 3585 1119 3638; x_wconf 89' lang='lat' dir='ltr'><strong>ille</strong></span> <span class='ocrx_word' id='word_1_478' title='bbox 1150 3586 1422 3641; x_wconf 85' lang='lat' dir='ltr'><strong>sublevat.</strong></span> 
     </span>
    </p>
   </div>
   <div class='ocr_carea' id='block_1_64' title="bbox 486 3670 2003 3743">
    <p class='ocr_par' dir='ltr' id='par_1_64' title="bbox 486 3670 2003 3743">
     <span class='ocr_line' id='line_1_64' title="bbox 486 3670 2003 3743; baseline 0.005 -19"><span class='ocrx_word' id='word_1_479' title='bbox 486 3670 556 3723; x_wconf 84' lang='lat' dir='ltr'><strong>At</strong></span> <span class='ocrx_word' id='word_1_480' title='bbox 584 3686 713 3725; x_wconf 85' lang='lat' dir='ltr'><strong>ecce</strong></span> <span class='ocrx_word' id='word_1_481' title='bbox 740 3688 753 3724; x_wconf 91' lang='lat'><strong>:</strong></span> <span class='ocrx_word' id='word_1_482' title='bbox 786 3672 935 3739; x_wconf 88' lang='lat' dir='ltr'><strong>Tres,</strong></span> <span class='ocrx_word' id='word_1_483' title='bbox 972 3674 1174 3741; x_wconf 89' lang='lat' dir='ltr'><strong>inquis,</strong></span> <span class='ocrx_word' id='word_1_484' title='bbox 1206 3674 1545 3743; x_wconf 86' lang='lat' dir='ltr'><strong>potissimum</strong></span> <span class='ocrx_word' id='word_1_485' title='bbox 1573 3673 2003 3731; x_wconf 83' lang='lat' dir='ltr'><strong>Novatianorum</strong></span> 
     </span>
    </p>
   </div>
   <div class='ocr_carea' id='block_1_65' title="bbox 416 3763 2000 3836">
    <p class='ocr_par' dir='ltr' id='par_1_65' title="bbox 416 3763 2000 3836">
     <span class='ocr_line' id='line_1_65' title="bbox 416 3763 2000 3836; baseline 0.006 -22"><span class='ocrx_word' id='word_1_486' title='bbox 416 3778 622 3816; x_wconf 83' lang='lat' dir='ltr'><strong>errores</strong></span> <span class='ocrx_word' id='word_1_487' title='bbox 668 3779 840 3817; x_wconf 91' lang='lat' dir='ltr'><strong>canon</strong></span> <span class='ocrx_word' id='word_1_488' title='bbox 886 3764 919 3818; x_wconf 90' lang='lat'>8</span> <span class='ocrx_word' id='word_1_489' title='bbox 971 3763 1209 3818; x_wconf 71' lang='lat' dir='ltr'><strong>Nica&#39;na:</strong></span> <span class='ocrx_word' id='word_1_490' title='bbox 1244 3765 1435 3834; x_wconf 87' lang='lat' dir='ltr'><strong>synodi</strong></span> <span class='ocrx_word' id='word_1_491' title='bbox 1476 3768 1802 3836; x_wconf 86' lang='lat' dir='ltr'><strong>perstringit.</strong></span> <span class='ocrx_word' id='word_1_492' title='bbox 1852 3768 2000 3823; x_wconf 88' lang='lat' dir='ltr'><strong>Cedo</strong></span> 
     </span>
    </p>
   </div>
   <div class='ocr_carea' id='block_1_66' title="bbox 416 3853 1997 3929">
    <p class='ocr_par' dir='ltr' id='par_1_66' title="bbox 416 3853 1997 3929">
     <span class='ocr_line' id='line_1_66' title="bbox 416 3853 1997 3929; baseline 0.006 -25"><span class='ocrx_word' id='word_1_493' title='bbox 416 3853 598 3922; x_wconf 80' lang='lat' dir='ltr'><strong>quos?</strong></span> <span class='ocrx_word' id='word_1_494' title='bbox 631 3854 843 3909; x_wconf 85' lang='lat' dir='ltr'><strong>Primus</strong></span> <span class='ocrx_word' id='word_1_495' title='bbox 880 3862 986 3920; x_wconf 91' lang='lat' dir='ltr'><strong>est,</strong></span> <span class='ocrx_word' id='word_1_496' title='bbox 1032 3855 1174 3925; x_wconf 88' lang='lat' dir='ltr'><strong>quod</strong></span> <span class='ocrx_word' id='word_1_497' title='bbox 1217 3872 1271 3910; x_wconf 89' lang='lat' dir='ltr'><strong>se</strong></span> <span class='ocrx_word' id='word_1_498' title='bbox 1317 3854 1580 3912; x_wconf 69' lang='lat' dir='ltr'><strong>Cat/raros</strong></span> <span class='ocrx_word' id='word_1_499' title='bbox 1615 3870 1997 3929; x_wconf 82' lang='lat' dir='ltr'><strong>nuncuparent.</strong></span> 
     </span>
    </p>
   </div>
   <div class='ocr_carea' id='block_1_67' title="bbox 422 3944 2001 4028">
    <p class='ocr_par' dir='ltr' id='par_1_67' title="bbox 422 3944 2001 4028">
     <span class='ocr_line' id='line_1_67' title="bbox 422 3944 2001 4028; baseline 0.006 -30"><span class='ocrx_word' id='word_1_500' title='bbox 422 3944 647 3999; x_wconf 81' lang='lat' dir='ltr'><strong>Iliccine</strong></span> <span class='ocrx_word' id='word_1_501' title='bbox 691 3953 786 3999; x_wconf 90' lang='lat' dir='ltr'><strong>tuo</strong></span> <span class='ocrx_word' id='word_1_502' title='bbox 821 3946 1032 4015; x_wconf 88' lang='lat' dir='ltr'><strong>judicio</strong></span> <span class='ocrx_word' id='word_1_503' title='bbox 1086 3963 1240 4002; x_wconf 88' lang='lat' dir='ltr'><strong>error</strong></span> <span class='ocrx_word' id='word_1_504' title='bbox 1287 3957 1391 4014; x_wconf 90' lang='lat' dir='ltr'><strong>est,</strong></span> <span class='ocrx_word' id='word_1_505' title='bbox 1426 3957 1519 4003; x_wconf 90' lang='lat' dir='ltr'><strong>aut</strong></span> <span class='ocrx_word' id='word_1_506' title='bbox 1551 3950 1797 4028; x_wconf 63' lang='lat' dir='ltr'><strong>haeresis,</strong></span> <span class='ocrx_word' id='word_1_507' title='bbox 1843 3953 2001 4021; x_wconf 91' lang='lat' dir='ltr'><strong>cujus</strong></span> 
     </span>
    </p>
   </div>
   <div class='ocr_carea' id='block_1_68' title="bbox 421 4036 2003 4107">
    <p class='ocr_par' dir='ltr' id='par_1_68' title="bbox 421 4036 2003 4107">
     <span class='ocr_line' id='line_1_68' title="bbox 421 4036 2003 4107; baseline 0.005 -19"><span class='ocrx_word' id='word_1_508' title='bbox 421 4036 596 4105; x_wconf 83' lang='lat' dir='ltr'><strong>gratia</strong></span> <span class='ocrx_word' id='word_1_509' title='bbox 634 4036 925 4092; x_wconf 83' lang='lat' dir='ltr'><strong>haereticus</strong></span> <span class='ocrx_word' id='word_1_510' title='bbox 961 4038 1031 4092; x_wconf 92' lang='lat' dir='ltr'><strong>sit</strong></span> <span class='ocrx_word' id='word_1_511' title='bbox 1064 4037 1401 4095; x_wconf 82' lang='lat' dir='ltr'><strong>Novatianus</strong></span> <span class='ocrx_word' id='word_1_512' title='bbox 1436 4040 1698 4096; x_wconf 89' lang='lat' dir='ltr'><strong>habitus?</strong></span> <span class='ocrx_word' id='word_1_513' title='bbox 1731 4040 1865 4107; x_wconf 83' lang='lat' dir='ltr'><strong>Quis</strong></span> <span class='ocrx_word' id='word_1_514' title='bbox 1899 4058 2003 4096; x_wconf 84' lang='lat' dir='ltr'><strong>nu-</strong></span> 
     </span>
    </p>
   </div>
   <div class='ocr_carea' id='block_1_69' title="bbox 420 4126 1991 4203">
    <p class='ocr_par' dir='ltr' id='par_1_69' title="bbox 420 4126 1991 4203">
     <span class='ocr_line' id='line_1_69' title="bbox 420 4126 1991 4203; baseline 0.006 -26"><span class='ocrx_word' id='word_1_515' title='bbox 420 4126 569 4190; x_wconf 77' lang='lat' dir='ltr'><strong>tiam,</strong></span> <span class='ocrx_word' id='word_1_516' title='bbox 605 4126 905 4195; x_wconf 87' lang='lat' dir='ltr'><strong>quamlibet</strong></span> <span class='ocrx_word' id='word_1_517' title='bbox 952 4126 1207 4182; x_wconf 82' lang='lat' dir='ltr'><strong>stolidam</strong></span> <span class='ocrx_word' id='word_1_518' title='bbox 1258 4139 1311 4183; x_wconf 89' lang='lat' dir='ltr'><strong>et</strong></span> <span class='ocrx_word' id='word_1_519' title='bbox 1358 4132 1622 4186; x_wconf 91' lang='lat' dir='ltr'><strong>insulsam</strong></span> <span class='ocrx_word' id='word_1_520' title='bbox 1668 4133 1991 4203; x_wconf 89' lang='lat' dir='ltr'><strong>appellatio-</strong></span> 
     </span>
    </p>
   </div>
   <div class='ocr_carea' id='block_1_70' title="bbox 421 4217 2004 4293">
    <p class='ocr_par' dir='ltr' id='par_1_70' title="bbox 421 4217 2004 4293">
     <span class='ocr_line' id='line_1_70' title="bbox 421 4217 2004 4293; baseline 0.004 -23"><span class='ocrx_word' id='word_1_521' title='bbox 421 4232 565 4282; x_wconf 90' lang='lat' dir='ltr'><strong>nem,</strong></span> <span class='ocrx_word' id='word_1_522' title='bbox 600 4217 707 4272; x_wconf 88' lang='lat' dir='ltr'><strong>nisi</strong></span> <span class='ocrx_word' id='word_1_523' title='bbox 738 4218 868 4286; x_wconf 90' lang='lat' dir='ltr'><strong>quid</strong></span> <span class='ocrx_word' id='word_1_524' title='bbox 911 4219 1088 4275; x_wconf 88' lang='lat' dir='ltr'><strong>subsit</strong></span> <span class='ocrx_word' id='word_1_525' title='bbox 1117 4219 1288 4284; x_wconf 91' lang='lat' dir='ltr'><strong>aliud,</strong></span> <span class='ocrx_word' id='word_1_526' title='bbox 1321 4235 1421 4291; x_wconf 89' lang='lat' dir='ltr'><strong>pro</strong></span> <span class='ocrx_word' id='word_1_527' title='bbox 1457 4221 1716 4277; x_wconf 65' lang='lat' dir='ltr'><strong>haeretico</strong></span> <span class='ocrx_word' id='word_1_528' title='bbox 1749 4224 2004 4293; x_wconf 82' lang='lat' dir='ltr'><strong>dogmate</strong></span> 
     </span>
    </p>
   </div>
   <div class='ocr_carea' id='block_1_71' title="bbox 420 4309 2007 4382">
    <p class='ocr_par' dir='ltr' id='par_1_71' title="bbox 420 4309 2007 4382">
     <span class='ocr_line' id='line_1_71' title="bbox 420 4309 2007 4382; baseline 0.006 -21"><span class='ocrx_word' id='word_1_529' title='bbox 420 4310 791 4364; x_wconf 71' lang='lat' dir='ltr'><strong>condemnet?</strong></span> <span class='ocrx_word' id='word_1_530' title='bbox 832 4309 968 4364; x_wconf 91' lang='lat' dir='ltr'><strong>Tum</strong></span> <span class='ocrx_word' id='word_1_531' title='bbox 1004 4311 1137 4365; x_wconf 92' lang='lat' dir='ltr'><strong>illud</strong></span> <span class='ocrx_word' id='word_1_532' title='bbox 1183 4312 1435 4369; x_wconf 87' lang='lat' dir='ltr'><strong>attendas</strong></span> <span class='ocrx_word' id='word_1_533' title='bbox 1469 4316 1667 4382; x_wconf 85' lang='lat' dir='ltr'><strong>velim;</strong></span> <span class='ocrx_word' id='word_1_534' title='bbox 1716 4324 1775 4368; x_wconf 92' lang='lat' dir='ltr'><strong>ut</strong></span> <span class='ocrx_word' id='word_1_535' title='bbox 1805 4330 1871 4370; x_wconf 87' lang='lat' dir='ltr'><strong>eo</strong></span> <span class='ocrx_word' id='word_1_536' title='bbox 1907 4331 2007 4371; x_wconf 79' lang='lat' dir='ltr'><strong>no-</strong></span> 
     </span>
    </p>
   </div>
   <div class='ocr_carea' id='block_1_72' title="bbox 425 4398 2006 4476">
    <p class='ocr_par' dir='ltr' id='par_1_72' title="bbox 425 4398 2006 4476">
     <span class='ocr_line' id='line_1_72' title="bbox 425 4398 2006 4476; baseline 0.008 -27"><span class='ocrx_word' id='word_1_537' title='bbox 425 4398 570 4451; x_wconf 87' lang='lat' dir='ltr'><strong>mine</strong></span> <span class='ocrx_word' id='word_1_538' title='bbox 612 4414 712 4468; x_wconf 93' lang='lat' dir='ltr'><strong>pro</strong></span> <span class='ocrx_word' id='word_1_539' title='bbox 738 4400 1016 4457; x_wconf 80' lang='lat' dir='ltr'><strong>ha:reticis</strong></span> <span class='ocrx_word' id='word_1_540' title='bbox 1050 4403 1221 4457; x_wconf 91' lang='lat' dir='ltr'><strong>habiti</strong></span> <span class='ocrx_word' id='word_1_541' title='bbox 1272 4404 1383 4458; x_wconf 91' lang='lat' dir='ltr'><strong>sint</strong></span> <span class='ocrx_word' id='word_1_542' title='bbox 1420 4403 1733 4469; x_wconf 86' lang='lat' dir='ltr'><strong>Novatiani,</strong></span> <span class='ocrx_word' id='word_1_543' title='bbox 1766 4407 1912 4476; x_wconf 89' lang='lat' dir='ltr'><strong>quod</strong></span> <span class='ocrx_word' id='word_1_544' title='bbox 1946 4422 2006 4462; x_wconf 88' lang='lat' dir='ltr'><strong>se</strong></span> 
     </span>
    </p>
   </div>
   <div class='ocr_carea' id='block_1_73' title="bbox 422 4490 2007 4559">
    <p class='ocr_par' dir='ltr' id='par_1_73' title="bbox 422 4490 2007 4559">
     <span class='ocr_line' id='line_1_73' title="bbox 422 4490 2007 4559; baseline 0.007 -15"><span class='ocrx_word' id='word_1_545' title='bbox 422 4490 693 4548; x_wconf 87' lang='lat' dir='ltr'><strong>Catharos</strong></span> <span class='ocrx_word' id='word_1_546' title='bbox 734 4495 1028 4559; x_wconf 89' lang='lat' dir='ltr'><strong>vocabant,</strong></span> <span class='ocrx_word' id='word_1_547' title='bbox 1061 4497 1201 4550; x_wconf 89' lang='lat' dir='ltr'><strong>nihil</strong></span> <span class='ocrx_word' id='word_1_548' title='bbox 1231 4497 1334 4551; x_wconf 91' lang='lat' dir='ltr'><strong>hoc</strong></span> <span class='ocrx_word' id='word_1_549' title='bbox 1364 4498 1433 4553; x_wconf 89' lang='lat' dir='ltr'><strong>ad</strong></span> <span class='ocrx_word' id='word_1_550' title='bbox 1476 4498 1745 4554; x_wconf 81' lang='lat' dir='ltr'><strong>Novatum</strong></span> <span class='ocrx_word' id='word_1_551' title='bbox 1788 4503 1869 4554; x_wconf 85' lang='lat' dir='ltr'><strong>vel</strong></span> <span class='ocrx_word' id='word_1_552' title='bbox 1898 4499 2007 4555; x_wconf 83' lang='lat' dir='ltr'><strong>No-</strong></span> 
     </span>
    </p>
   </div>
   <div class='ocr_carea' id='block_1_74' title="bbox 2098 3306 3653 3380">
    <p class='ocr_par' dir='ltr' id='par_1_74' title="bbox 2098 3306 3653 3380">
     <span class='ocr_line' id='line_1_74' title="bbox 2098 3306 3653 3380; baseline 0.004 -21"><span class='ocrx_word' id='word_1_553' title='bbox 2098 3306 2610 3375; x_wconf 86' lang='lat' dir='ltr'><strong>dispunctiunculas</strong></span> <span class='ocrx_word' id='word_1_554' title='bbox 2661 3315 2782 3363; x_wconf 87' lang='lat' dir='ltr'><strong>tuas</strong></span> <span class='ocrx_word' id='word_1_555' title='bbox 2827 3309 2882 3362; x_wconf 91' lang='lat' dir='ltr'><strong>in</strong></span> <span class='ocrx_word' id='word_1_556' title='bbox 2914 3324 3038 3364; x_wconf 90' lang='lat' dir='ltr'><strong>eum</strong></span> <span class='ocrx_word' id='word_1_557' title='bbox 3074 3311 3243 3365; x_wconf 84' lang='lat' dir='ltr'><strong>tinem</strong></span> <span class='ocrx_word' id='word_1_558' title='bbox 3288 3311 3556 3380; x_wconf 76' lang='lat' dir='ltr'><strong>scripsisse</strong></span> <span class='ocrx_word' id='word_1_559' title='bbox 3594 3315 3653 3359; x_wconf 30' lang='lat' dir='ltr'><strong>te;</strong></span> 
     </span>
    </p>
   </div>
   <div class='ocr_carea' id='block_1_75' title="bbox 2099 3396 3650 3471">
    <p class='ocr_par' dir='ltr' id='par_1_75' title="bbox 2099 3396 3650 3471">
     <span class='ocr_line' id='line_1_75' title="bbox 2099 3396 3650 3471; baseline -0.002 -20"><span class='ocrx_word' id='word_1_560' title='bbox 2099 3397 2273 3462; x_wconf 84' lang='lat' dir='ltr'><strong>dicas,</strong></span> <span class='ocrx_word' id='word_1_561' title='bbox 2303 3404 2363 3451; x_wconf 92' lang='lat' dir='ltr'><strong>ut</strong></span> <span class='ocrx_word' id='word_1_562' title='bbox 2392 3396 2459 3452; x_wconf 72' lang='grc' dir='ltr'><strong>Β.</strong></span> <span class='ocrx_word' id='word_1_563' title='bbox 2489 3396 2550 3451; x_wconf 91' lang='lat' dir='ltr'><strong>D.</strong></span> <span class='ocrx_word' id='word_1_564' title='bbox 2578 3398 2931 3469; x_wconf 64' lang='lat' dir='ltr'><strong>Albaspiuazi,</strong></span> <span class='ocrx_word' id='word_1_565' title='bbox 2967 3400 3384 3458; x_wconf 84' lang='lat' dir='ltr'><strong>Aurelianensis</strong></span> <span class='ocrx_word' id='word_1_566' title='bbox 3411 3398 3650 3471; x_wconf 79' lang='lat' dir='ltr'><strong>episcopi,.</strong></span> 
     </span>
    </p>
   </div>
   <div class='ocr_carea' id='block_1_76' title="bbox 2099 3487 3638 3559">
    <p class='ocr_par' dir='ltr' id='par_1_76' title="bbox 2099 3487 3638 3559">
     <span class='ocr_line' id='line_1_76' title="bbox 2099 3487 3638 3559; baseline 0.001 -20"><span class='ocrx_word' id='word_1_567' title='bbox 2099 3502 2260 3557; x_wconf 88' lang='lat' dir='ltr'><strong>quem</strong></span> <span class='ocrx_word' id='word_1_568' title='bbox 2312 3487 2541 3542; x_wconf 90' lang='lat' dir='ltr'><strong>honoris</strong></span> <span class='ocrx_word' id='word_1_569' title='bbox 2588 3504 2757 3543; x_wconf 85' lang='lat' dir='ltr'><strong>causa</strong></span> <span class='ocrx_word' id='word_1_570' title='bbox 2802 3489 3049 3553; x_wconf 86' lang='lat' dir='ltr'><strong>nomino,</strong></span> <span class='ocrx_word' id='word_1_571' title='bbox 3090 3492 3351 3545; x_wconf 75' lang='lat' dir='ltr'><strong>eximiam</strong></span> <span class='ocrx_word' id='word_1_572' title='bbox 3385 3491 3447 3545; x_wconf 92' lang='lat' dir='ltr'><strong>de</strong></span> <span class='ocrx_word' id='word_1_573' title='bbox 3475 3500 3638 3559; x_wconf 80' lang='lat' dir='ltr'><strong>perve-</strong></span> 
     </span>
    </p>
   </div>
   <div class='ocr_carea' id='block_1_77' title="bbox 2103 3577 3637 3637">
    <p class='ocr_par' dir='ltr' id='par_1_77' title="bbox 2103 3577 3637 3637">
     <span class='ocr_line' id='line_1_77' title="bbox 2103 3577 3637 3637; baseline -0.003 -5"><span class='ocrx_word' id='word_1_574' title='bbox 2103 3579 2266 3633; x_wconf 90' lang='lat' dir='ltr'><strong>tustis</strong></span> <span class='ocrx_word' id='word_1_575' title='bbox 2294 3577 2555 3635; x_wconf 61' lang='lat' dir='ltr'><strong>Ecclesiae</strong></span> <span class='ocrx_word' id='word_1_576' title='bbox 2580 3580 2888 3636; x_wconf 76' lang='lat' dir='ltr'><strong>rationibus</strong></span> <span class='ocrx_word' id='word_1_577' title='bbox 2916 3582 3229 3636; x_wconf 88' lang='lat' dir='ltr'><strong>doctrinam</strong></span> <span class='ocrx_word' id='word_1_578' title='bbox 3262 3597 3325 3637; x_wconf 88' lang='lat' dir='ltr'><strong>ac</strong></span> <span class='ocrx_word' id='word_1_579' title='bbox 3356 3578 3637 3637; x_wconf 87' lang='lat' dir='ltr'><strong>sententiam</strong></span> 
     </span>
    </p>
   </div>
   <div class='ocr_carea' id='block_1_78' title="bbox 2102 3671 3637 3742">
    <p class='ocr_par' dir='ltr' id='par_1_78' title="bbox 2102 3671 3637 3742">
     <span class='ocr_line' id='line_1_78' title="bbox 2102 3671 3637 3742; baseline -0.002 -18"><span class='ocrx_word' id='word_1_580' title='bbox 2102 3685 2134 3724; x_wconf 88' lang='lat' dir='ltr'><strong>a</strong></span> <span class='ocrx_word' id='word_1_581' title='bbox 2167 3679 2498 3741; x_wconf 72' lang='lat' dir='ltr'><strong>praepostera</strong></span> <span class='ocrx_word' id='word_1_582' title='bbox 2547 3687 2666 3727; x_wconf 87' lang='lat' dir='ltr'><strong>mea</strong></span> <span class='ocrx_word' id='word_1_583' title='bbox 2712 3673 2971 3742; x_wconf 86' lang='lat' dir='ltr'><strong>opinione</strong></span> <span class='ocrx_word' id='word_1_584' title='bbox 3022 3673 3374 3739; x_wconf 78' lang='lat' dir='ltr'><strong>vindicat-es;</strong></span> <span class='ocrx_word' id='word_1_585' title='bbox 3419 3671 3529 3727; x_wconf 83' lang='lat' dir='ltr'><strong>vide</strong></span> <span class='ocrx_word' id='word_1_586' title='bbox 3562 3683 3637 3721; x_wconf 87' lang='lat' dir='ltr'><strong>an-</strong></span> 
     </span>
    </p>
   </div>
   <div class='ocr_carea' id='block_1_79' title="bbox 2104 3759 3637 3833">
    <p class='ocr_par' dir='ltr' id='par_1_79' title="bbox 2104 3759 3637 3833">
     <span class='ocr_line' id='line_1_79' title="bbox 2104 3759 3637 3833; baseline -0.004 -18"><span class='ocrx_word' id='word_1_587' title='bbox 2104 3776 2210 3815; x_wconf 89' lang='lat' dir='ltr'><strong>non</strong></span> <span class='ocrx_word' id='word_1_588' title='bbox 2246 3761 2300 3815; x_wconf 93' lang='lat' dir='ltr'><strong>in</strong></span> <span class='ocrx_word' id='word_1_589' title='bbox 2330 3776 2498 3817; x_wconf 89' lang='lat' dir='ltr'><strong>causa</strong></span> <span class='ocrx_word' id='word_1_590' title='bbox 2531 3762 2821 3818; x_wconf 78' lang='lat' dir='ltr'><strong>manifeste</strong></span> <span class='ocrx_word' id='word_1_591' title='bbox 2856 3764 3252 3833; x_wconf 70' lang='lat' dir='ltr'><strong>przevaricatus</strong></span> <span class='ocrx_word' id='word_1_592' title='bbox 3284 3764 3464 3818; x_wconf 82' lang='lat' dir='ltr'><strong>fueris.</strong></span> <span class='ocrx_word' id='word_1_593' title='bbox 3492 3759 3637 3826; x_wconf 83' lang='lat' dir='ltr'><strong>Neque</strong></span> 
     </span>
    </p>
   </div>
   <div class='ocr_carea' id='block_1_80' title="bbox 2104 3851 3635 3923">
    <p class='ocr_par' dir='ltr' id='par_1_80' title="bbox 2104 3851 3635 3923">
     <span class='ocr_line' id='line_1_80' title="bbox 2104 3851 3635 3923; baseline -0.006 -16"><span class='ocrx_word' id='word_1_594' title='bbox 2104 3852 2248 3907; x_wconf 89' lang='lat' dir='ltr'><strong>enim</strong></span> <span class='ocrx_word' id='word_1_595' title='bbox 2320 3851 2467 3906; x_wconf 84' lang='lat' dir='ltr'><strong>aliud</strong></span> <span class='ocrx_word' id='word_1_596' title='bbox 2498 3853 2902 3909; x_wconf 82' lang='lat' dir='ltr'><strong>eruditissimus</strong></span> <span class='ocrx_word' id='word_1_597' title='bbox 2932 3854 3021 3908; x_wconf 90' lang='lat' dir='ltr'><strong>ille</strong></span> <span class='ocrx_word' id='word_1_598' title='bbox 3054 3856 3257 3923; x_wconf 70' lang='lat' dir='ltr'><strong>praesul</strong></span> <span class='ocrx_word' id='word_1_599' title='bbox 3288 3854 3481 3916; x_wconf 88' lang='lat' dir='ltr'><strong>docuit,</strong></span> <span class='ocrx_word' id='word_1_600' title='bbox 3509 3860 3635 3920; x_wconf 84' lang='lat' dir='ltr'><strong>quam</strong></span> 
     </span>
    </p>
   </div>
   <div class='ocr_carea' id='block_1_81' title="bbox 2104 3940 3632 4016">
    <p class='ocr_par' dir='ltr' id='par_1_81' title="bbox 2104 3940 3632 4016">
     <span class='ocr_line' id='line_1_81' title="bbox 2104 3940 3632 4016; baseline -0.005 -17"><span class='ocrx_word' id='word_1_601' title='bbox 2104 3944 2251 4015; x_wconf 89' lang='lat' dir='ltr'><strong>quod</strong></span> <span class='ocrx_word' id='word_1_602' title='bbox 2299 3954 2625 4015; x_wconf 91' lang='lat' dir='ltr'><strong>usurpatum</strong></span> <span class='ocrx_word' id='word_1_603' title='bbox 2676 3961 2706 3999; x_wconf 89' lang='lat' dir='ltr'><strong>a</strong></span> <span class='ocrx_word' id='word_1_604' title='bbox 2737 3961 2824 4001; x_wconf 90' lang='lat' dir='ltr'><strong>me</strong></span> <span class='ocrx_word' id='word_1_605' title='bbox 2868 3946 3249 4016; x_wconf 87' lang='lat' dir='ltr'><strong>reprehendis.</strong></span> <span class='ocrx_word' id='word_1_606' title='bbox 3297 3946 3497 4001; x_wconf 79' lang='lat' dir='ltr'><strong>Etenim</strong></span> <span class='ocrx_word' id='word_1_607' title='bbox 3529 3940 3632 3995; x_wconf 77' lang='lat' dir='ltr'><strong>libro</strong></span> 
     </span>
    </p>
   </div>
   <div class='ocr_carea' id='block_1_82' title="bbox 2106 4026 3628 4103">
    <p class='ocr_par' dir='ltr' id='par_1_82' title="bbox 2106 4026 3628 4103">
     <span class='ocr_line' id='line_1_82' title="bbox 2106 4026 3628 4103; baseline -0.001 -14"><span class='ocrx_word' id='word_1_608' title='bbox 2106 4036 2347 4090; x_wconf 89' lang='lat' dir='ltr'><strong>secundo</strong></span> <span class='ocrx_word' id='word_1_609' title='bbox 2394 4034 2827 4090; x_wconf 86' lang='lat' dir='ltr'><strong>Observationum</strong></span> <span class='ocrx_word' id='word_1_610' title='bbox 2878 4035 3407 4101; x_wconf 69' lang='lat' dir='ltr'><strong>Ecclesiasticarum,</strong></span> <span class='ocrx_word' id='word_1_611' title='bbox 3439 4048 3543 4103; x_wconf 88' lang='lat' dir='ltr'><strong>cap.</strong></span> <span class='ocrx_word' id='word_1_612' title='bbox 3562 4026 3628 4087; x_wconf 65' lang='lat'><strong>9-1.</strong></span> 
     </span>
    </p>
   </div>
   <div class='ocr_carea' id='block_1_83' title="bbox 2107 4125 3636 4213">
    <p class='ocr_par' dir='ltr' id='par_1_83' title="bbox 2107 4125 3636 4213">
     <span class='ocr_line' id='line_1_83' title="bbox 2107 4125 3636 4213; baseline -0.004 -36"><span class='ocrx_word' id='word_1_613' title='bbox 2107 4142 2230 4196; x_wconf 88' lang='lat' dir='ltr'><strong>pag.</strong></span> <span class='ocrx_word' id='word_1_614' title='bbox 2263 4125 2388 4191; x_wconf 73' lang='lat' dir='ltr'><strong>&#39;5l2,</strong></span> <span class='ocrx_word' id='word_1_615' title='bbox 2430 4128 2504 4179; x_wconf 86' lang='lat' dir='ltr'><strong>ita</strong></span> <span class='ocrx_word' id='word_1_616' title='bbox 2556 4140 2663 4180; x_wconf 88' lang='lat' dir='ltr'><strong>non</strong></span> <span class='ocrx_word' id='word_1_617' title='bbox 2694 4127 2879 4181; x_wconf 88' lang='lat' dir='ltr'><strong>minus</strong></span> <span class='ocrx_word' id='word_1_618' title='bbox 2911 4142 3039 4182; x_wconf 88' lang='lat' dir='ltr'><strong>vere</strong></span> <span class='ocrx_word' id='word_1_619' title='bbox 3075 4141 3245 4196; x_wconf 88' lang='lat' dir='ltr'><strong>quam</strong></span> <span class='ocrx_word' id='word_1_620' title='bbox 3274 4127 3427 4180; x_wconf 88' lang='lat' dir='ltr'><strong>docte</strong></span> <span class='ocrx_word' id='word_1_621' title='bbox 3462 4127 3636 4213; x_wconf 73' lang='lat' dir='ltr'><strong>sentcn-</strong></span> 
     </span>
    </p>
   </div>
   <div class='ocr_carea' id='block_1_84' title="bbox 2108 4210 3638 4280">
    <p class='ocr_par' dir='ltr' id='par_1_84' title="bbox 2108 4210 3638 4280">
     <span class='ocr_line' id='line_1_84' title="bbox 2108 4210 3638 4280; baseline 0.001 -16"><span class='ocrx_word' id='word_1_622' title='bbox 2108 4210 2235 4264; x_wconf 90' lang='lat' dir='ltr'><strong>tiam</strong></span> <span class='ocrx_word' id='word_1_623' title='bbox 2285 4225 2438 4265; x_wconf 90' lang='lat' dir='ltr'><strong>suam</strong></span> <span class='ocrx_word' id='word_1_624' title='bbox 2480 4212 2716 4280; x_wconf 79' lang='lat' dir='ltr'><strong>explicat</strong></span> <span class='ocrx_word' id='word_1_625' title='bbox 2757 4231 2769 4267; x_wconf 91' lang='lat'><strong>:</strong></span> <span class='ocrx_word' id='word_1_626' title='bbox 2820 4212 2935 4277; x_wconf 86' lang='lat' dir='ltr'><strong>Quo</strong></span> <span class='ocrx_word' id='word_1_627' title='bbox 2994 4222 3167 4269; x_wconf 82' lang='lat' dir='ltr'><strong>autem</strong></span> <span class='ocrx_word' id='word_1_628' title='bbox 3228 4215 3421 4267; x_wconf 85' lang='lat' dir='ltr'><strong>minore</strong></span> <span class='ocrx_word' id='word_1_629' title='bbox 3473 4210 3638 4277; x_wconf 66' lang='lat' dir='ltr'><strong>negotio</strong></span> 
     </span>
    </p>
   </div>
   <div class='ocr_carea' id='block_1_85' title="bbox 2106 4300 3639 4375">
    <p class='ocr_par' dir='ltr' id='par_1_85' title="bbox 2106 4300 3639 4375">
     <span class='ocr_line' id='line_1_85' title="bbox 2106 4300 3639 4375; baseline 0.001 -21"><span class='ocrx_word' id='word_1_630' title='bbox 2106 4316 2170 4354; x_wconf 77' lang='lat' dir='ltr'><strong>ea:</strong></span> <span class='ocrx_word' id='word_1_631' title='bbox 2212 4300 2320 4355; x_wconf 87' lang='lat' dir='ltr'><strong>illis</strong></span> <span class='ocrx_word' id='word_1_632' title='bbox 2361 4301 2759 4371; x_wconf 65' lang='lat' dir='ltr'><strong>difficultatibus</strong></span> <span class='ocrx_word' id='word_1_633' title='bbox 2814 4320 3076 4375; x_wconf 86' lang='lat' dir='ltr'><strong>emergere</strong></span> <span class='ocrx_word' id='word_1_634' title='bbox 3119 4306 3353 4375; x_wconf 79' lang='lat' dir='ltr'><strong>possint,</strong></span> <span class='ocrx_word' id='word_1_635' title='bbox 3407 4302 3639 4356; x_wconf 65' lang='lat' dir='ltr'><strong>advertant</strong></span> 
     </span>
    </p>
   </div>
   <div class='ocr_carea' id='block_1_86' title="bbox 2109 4389 3639 4463">
    <p class='ocr_par' dir='ltr' id='par_1_86' title="bbox 2109 4389 3639 4463">
     <span class='ocr_line' id='line_1_86' title="bbox 2109 4389 3639 4463; baseline -0.005 -14"><span class='ocrx_word' id='word_1_636' title='bbox 2109 4404 2327 4463; x_wconf 84' lang='lat' dir='ltr'><strong>oportet,</strong></span> <span class='ocrx_word' id='word_1_637' title='bbox 2387 4394 2807 4450; x_wconf 86' lang='lat' dir='ltr'><strong>Novatianorum</strong></span> <span class='ocrx_word' id='word_1_638' title='bbox 2860 4414 3092 4451; x_wconf 86' lang='lat' dir='ltr'><strong>errorem</strong></span> <span class='ocrx_word' id='word_1_639' title='bbox 3156 4417 3261 4453; x_wconf 84' lang='lat' dir='ltr'><strong>non</strong></span> <span class='ocrx_word' id='word_1_640' title='bbox 3315 4400 3365 4451; x_wconf 86' lang='lat' dir='ltr'><strong>in</strong></span> <span class='ocrx_word' id='word_1_641' title='bbox 3424 4411 3478 4450; x_wconf 86' lang='lat' dir='ltr'><strong>eo</strong></span> <span class='ocrx_word' id='word_1_642' title='bbox 3522 4389 3639 4459; x_wconf 83' lang='lat' dir='ltr'><strong>posi-</strong></span> 
     </span>
    </p>
   </div>
   <div class='ocr_carea' id='block_1_87' title="bbox 2111 4487 3641 4559">
    <p class='ocr_par' dir='ltr' id='par_1_87' title="bbox 2111 4487 3641 4559">
     <span class='ocr_line' id='line_1_87' title="bbox 2111 4487 3641 4559; baseline -0.005 -20"><span class='ocrx_word' id='word_1_643' title='bbox 2111 4496 2259 4551; x_wconf 88' lang='lat' dir='ltr'><strong>tum,</strong></span> <span class='ocrx_word' id='word_1_644' title='bbox 2307 4487 2446 4556; x_wconf 82' lang='lat' dir='ltr'><strong>quod</strong></span> <span class='ocrx_word' id='word_1_645' title='bbox 2491 4488 2741 4552; x_wconf 64' lang='lat' dir='ltr'><strong>dicerent,</strong></span> <span class='ocrx_word' id='word_1_646' title='bbox 2800 4505 2964 4557; x_wconf 85' lang='lat' dir='ltr'><strong>neque</strong></span> <span class='ocrx_word' id='word_1_647' title='bbox 3020 4489 3229 4558; x_wconf 88' lang='lat' dir='ltr'><strong>lapsum</strong></span> <span class='ocrx_word' id='word_1_648' title='bbox 3284 4504 3435 4559; x_wconf 84' lang='lat' dir='ltr'><strong>neque</strong></span> <span class='ocrx_word' id='word_1_649' title='bbox 3469 4493 3641 4537; x_wconf 78' lang='lat' dir='ltr'><strong>excom-</strong></span> 
     </span>
    </p>
   </div>
   <div class='ocr_carea' id='block_1_88' title="bbox 425 4563 3640 4660">
    <p class='ocr_par' dir='ltr' id='par_1_88' title="bbox 425 4563 3640 4660">
     <span class='ocr_line' id='line_1_88' title="bbox 425 4563 3640 4660; baseline 0.001 -37"><span class='ocrx_word' id='word_1_650' title='bbox 425 4583 706 4637; x_wconf 67' lang='lat' dir='ltr'><strong>vauanum</strong></span> <span class='ocrx_word' id='word_1_651' title='bbox 754 4588 1068 4655; x_wconf 53' lang='lat' dir='ltr'><strong>pertinere;</strong></span> <span class='ocrx_word' id='word_1_652' title='bbox 1103 4590 1196 4657; x_wconf 68' lang='lat' dir='ltr'><strong>qui</strong></span> <span class='ocrx_word' id='word_1_653' title='bbox 1241 4598 1425 4643; x_wconf 72' lang='grc' dir='ltr'><strong>υιι-υηι</strong></span> <span class='ocrx_word' id='word_1_654' title='bbox 1474 4605 1533 4644; x_wconf 74' lang='lat' dir='ltr'><strong>se</strong></span> <span class='ocrx_word' id='word_1_655' title='bbox 1564 4589 1861 4644; x_wconf 58' lang='lat' dir='ltr'><strong>Cumarum</strong></span> <span class='ocrx_word' id='word_1_656' title='bbox 1909 4606 2005 4660; x_wconf 64' lang='lat' dir='ltr'><strong>ap-</strong></span> <span class='ocrx_word' id='word_1_657' title='bbox 2039 4596 2081 4649; x_wconf 73' lang='grc' dir='ltr'><strong>ι)</strong></span> <span class='ocrx_word' id='word_1_658' title='bbox 2111 4578 2436 4630; x_wconf 87' lang='lat' dir='ltr'><strong>municatnm</strong></span> <span class='ocrx_word' id='word_1_659' title='bbox 2478 4578 2533 4631; x_wconf 85' lang='lat' dir='ltr'><strong>in</strong></span> <span class='ocrx_word' id='word_1_660' title='bbox 2594 4590 2758 4632; x_wconf 86' lang='lat' dir='ltr'><strong>morte</strong></span> <span class='ocrx_word' id='word_1_661' title='bbox 2813 4596 2846 4632; x_wconf 93' lang='lat' dir='ltr'><strong>a</strong></span> <span class='ocrx_word' id='word_1_662' title='bbox 2902 4581 3130 4648; x_wconf 84' lang='lat' dir='ltr'><strong>peccatis</strong></span> <span class='ocrx_word' id='word_1_663' title='bbox 3191 4576 3523 4637; x_wconf 87' lang='lat' dir='ltr'><strong>liberandum,</strong></span> <span class='ocrx_word' id='word_1_664' title='bbox 3568 4563 3640 4621; x_wconf 69' lang='lat' dir='ltr'><strong>sed</strong></span> 
     </span>
    </p>
   </div>
   <div class='ocr_carea' id='block_1_89' title="bbox 426 4674 2004 4750">
    <p class='ocr_par' dir='ltr' id='par_1_89' title="bbox 426 4674 2004 4750">
     <span class='ocr_line' id='line_1_89' title="bbox 426 4674 2004 4750; baseline 0.006 -24"><span class='ocrx_word' id='word_1_665' title='bbox 426 4674 643 4743; x_wconf 87' lang='lat' dir='ltr'><strong>pellarit</strong></span> <span class='ocrx_word' id='word_1_666' title='bbox 684 4691 953 4747; x_wconf 84' lang='lat' dir='ltr'><strong>unquam,</strong></span> <span class='ocrx_word' id='word_1_667' title='bbox 1005 4688 1265 4734; x_wconf 86' lang='lat' dir='ltr'><strong>constare</strong></span> <span class='ocrx_word' id='word_1_668' title='bbox 1293 4695 1404 4733; x_wconf 92' lang='lat' dir='ltr'><strong>non</strong></span> <span class='ocrx_word' id='word_1_669' title='bbox 1436 4681 1697 4734; x_wconf 88' lang='lat' dir='ltr'><strong>arbitror.</strong></span> <span class='ocrx_word' id='word_1_670' title='bbox 1732 4682 1895 4750; x_wconf 86' lang='lat' dir='ltr'><strong>Atqui</strong></span> <span class='ocrx_word' id='word_1_671' title='bbox 1937 4683 2004 4736; x_wconf 88' lang='lat' dir='ltr'><strong>de</strong></span> 
     </span>
    </p>
   </div>
   <div class='ocr_carea' id='block_1_90' title="bbox 424 4768 2009 4839">
    <p class='ocr_par' dir='ltr' id='par_1_90' title="bbox 424 4768 2009 4839">
     <span class='ocr_line' id='line_1_90' title="bbox 424 4768 2009 4839; baseline 0.006 -19"><span class='ocrx_word' id='word_1_672' title='bbox 424 4777 651 4823; x_wconf 88' lang='lat' dir='ltr'><strong>auctore</strong></span> <span class='ocrx_word' id='word_1_673' title='bbox 704 4768 824 4839; x_wconf 90' lang='lat' dir='ltr'><strong>ipso</strong></span> <span class='ocrx_word' id='word_1_674' title='bbox 873 4778 1036 4825; x_wconf 77' lang='lat' dir='ltr'><strong>secta:</strong></span> <span class='ocrx_word' id='word_1_675' title='bbox 1072 4769 1285 4826; x_wconf 86' lang='lat' dir='ltr'><strong>Novato</strong></span> <span class='ocrx_word' id='word_1_676' title='bbox 1330 4772 1417 4826; x_wconf 86' lang='lat' dir='ltr'><strong>vel</strong></span> <span class='ocrx_word' id='word_1_677' title='bbox 1445 4770 1772 4836; x_wconf 86' lang='lat' dir='ltr'><strong>Novatiano,</strong></span> <span class='ocrx_word' id='word_1_678' title='bbox 1807 4775 2009 4829; x_wconf 86' lang='lat' dir='ltr'><strong>nonde</strong></span> 
     </span>
    </p>
   </div>
   <div class='ocr_carea' id='block_1_91' title="bbox 423 4860 2009 4936">
    <p class='ocr_par' dir='ltr' id='par_1_91' title="bbox 423 4860 2009 4936">
     <span class='ocr_line' id='line_1_91' title="bbox 423 4860 2009 4936; baseline 0.003 -21"><span class='ocrx_word' id='word_1_679' title='bbox 423 4860 546 4930; x_wconf 88' lang='lat' dir='ltr'><strong>ejus</strong></span> <span class='ocrx_word' id='word_1_680' title='bbox 578 4860 889 4932; x_wconf 89' lang='lat' dir='ltr'><strong>discipulis,</strong></span> <span class='ocrx_word' id='word_1_681' title='bbox 944 4878 1008 4916; x_wconf 88' lang='lat' dir='ltr'><strong>ac</strong></span> <span class='ocrx_word' id='word_1_682' title='bbox 1035 4864 1317 4934; x_wconf 87' lang='lat' dir='ltr'><strong>partiariis</strong></span> <span class='ocrx_word' id='word_1_683' title='bbox 1368 4865 1608 4935; x_wconf 86' lang='lat' dir='ltr'><strong>loqueris</strong></span> <span class='ocrx_word' id='word_1_684' title='bbox 1640 4865 1755 4936; x_wconf 89' lang='lat' dir='ltr'><strong>(a);</strong></span> <span class='ocrx_word' id='word_1_685' title='bbox 1792 4874 1845 4919; x_wconf 90' lang='lat' dir='ltr'><strong>et</strong></span> <span class='ocrx_word' id='word_1_686' title='bbox 1883 4880 2009 4919; x_wconf 76' lang='lat' dir='ltr'><strong>vero</strong></span> 
     </span>
    </p>
   </div>
   <div class='ocr_carea' id='block_1_92' title="bbox 426 4954 2005 5027">
    <p class='ocr_par' dir='ltr' id='par_1_92' title="bbox 426 4954 2005 5027">
     <span class='ocr_line' id='line_1_92' title="bbox 426 4954 2005 5027; baseline 0.003 -20"><span class='ocrx_word' id='word_1_687' title='bbox 426 4954 575 5023; x_wconf 91' lang='lat' dir='ltr'><strong>loqui</strong></span> <span class='ocrx_word' id='word_1_688' title='bbox 599 4954 791 5019; x_wconf 89' lang='lat' dir='ltr'><strong>debes,</strong></span> <span class='ocrx_word' id='word_1_689' title='bbox 832 4958 1137 5025; x_wconf 56' lang='lat' dir='ltr'><strong>praesertim</strong></span> <span class='ocrx_word' id='word_1_690' title='bbox 1170 4971 1295 5011; x_wconf 90' lang='lat' dir='ltr'><strong>cum</strong></span> <span class='ocrx_word' id='word_1_691' title='bbox 1332 4957 1405 5011; x_wconf 92' lang='lat' dir='ltr'><strong>ita</strong></span> <span class='ocrx_word' id='word_1_692' title='bbox 1439 4964 1717 5027; x_wconf 90' lang='lat' dir='ltr'><strong>postremo</strong></span> <span class='ocrx_word' id='word_1_693' title='bbox 1756 4957 2005 5026; x_wconf 81' lang='lat' dir='ltr'><strong>colligis:</strong></span> 
     </span>
    </p>
   </div>
   <div class='ocr_carea' id='block_1_93' title="bbox 428 5046 2011 5120">
    <p class='ocr_par' dir='ltr' id='par_1_93' title="bbox 428 5046 2011 5120">
     <span class='ocr_line' id='line_1_93' title="bbox 428 5046 2011 5120; baseline 0.001 -20"><span class='ocrx_word' id='word_1_694' title='bbox 428 5046 695 5103; x_wconf 83' lang='lat' dir='ltr'><strong>Gradibus</strong></span> <span class='ocrx_word' id='word_1_695' title='bbox 747 5051 925 5119; x_wconf 86' lang='lat' dir='ltr'><strong>itaque</strong></span> <span class='ocrx_word' id='word_1_696' title='bbox 954 5052 1128 5117; x_wconf 87' lang='lat' dir='ltr'><strong>potius</strong></span> <span class='ocrx_word' id='word_1_697' title='bbox 1159 5066 1317 5120; x_wconf 85' lang='lat' dir='ltr'><strong>quam</strong></span> <span class='ocrx_word' id='word_1_698' title='bbox 1338 5050 1598 5118; x_wconf 80' lang='lat' dir='ltr'><strong>prwcipiti</strong></span> <span class='ocrx_word' id='word_1_699' title='bbox 1620 5066 1799 5111; x_wconf 85' lang='lat' dir='ltr'><strong>cursu,</strong></span> <span class='ocrx_word' id='word_1_700' title='bbox 1826 5049 2011 5102; x_wconf 80' lang='lat' dir='ltr'><strong>cecidit</strong></span> 
     </span>
    </p>
   </div>
   <div class='ocr_carea' id='block_1_94' title="bbox 429 5133 2011 5207">
    <p class='ocr_par' dir='ltr' id='par_1_94' title="bbox 429 5133 2011 5207">
     <span class='ocr_line' id='line_1_94' title="bbox 429 5133 2011 5207; baseline 0.003 -20"><span class='ocrx_word' id='word_1_701' title='bbox 429 5133 712 5198; x_wconf 85' lang='lat' dir='ltr'><strong>Novatus;</strong></span> <span class='ocrx_word' id='word_1_702' title='bbox 745 5138 1021 5192; x_wconf 78' lang='lat' dir='ltr'><strong>secundus</strong></span> <span class='ocrx_word' id='word_1_703' title='bbox 1051 5152 1229 5204; x_wconf 89' lang='lat' dir='ltr'><strong>error,</strong></span> <span class='ocrx_word' id='word_1_704' title='bbox 1258 5137 1396 5207; x_wconf 85' lang='lat' dir='ltr'><strong>quod</strong></span> <span class='ocrx_word' id='word_1_705' title='bbox 1433 5155 1465 5191; x_wconf 94' lang='lat' dir='ltr'><strong>a</strong></span> <span class='ocrx_word' id='word_1_706' title='bbox 1495 5138 1769 5193; x_wconf 78' lang='lat' dir='ltr'><strong>catholica:</strong></span> <span class='ocrx_word' id='word_1_707' title='bbox 1799 5148 1847 5192; x_wconf 92' lang='lat' dir='ltr'><strong>et</strong></span> <span class='ocrx_word' id='word_1_708' title='bbox 1884 5154 2011 5207; x_wconf 55' lang='lat' dir='ltr'><strong>apo.</strong></span> 
     </span>
    </p>
   </div>
   <div class='ocr_carea' id='block_1_95' title="bbox 427 5228 2010 5303">
    <p class='ocr_par' dir='ltr' id='par_1_95' title="bbox 427 5228 2010 5303">
     <span class='ocr_line' id='line_1_95' title="bbox 427 5228 2010 5303; baseline 0.001 -20"><span class='ocrx_word' id='word_1_709' title='bbox 427 5230 632 5285; x_wconf 79' lang='lat' dir='ltr'><strong>stolica:</strong></span> <span class='ocrx_word' id='word_1_710' title='bbox 682 5228 935 5284; x_wconf 74' lang='lat' dir='ltr'><strong>Ecclesia:</strong></span> <span class='ocrx_word' id='word_1_711' title='bbox 979 5232 1203 5285; x_wconf 88' lang='lat' dir='ltr'><strong>decretis</strong></span> <span class='ocrx_word' id='word_1_712' title='bbox 1250 5232 1569 5301; x_wconf 78' lang='lat' dir='ltr'><strong>deﬁcerent;</strong></span> <span class='ocrx_word' id='word_1_713' title='bbox 1618 5235 1840 5297; x_wconf 88' lang='lat' dir='ltr'><strong>tertius,</strong></span> <span class='ocrx_word' id='word_1_714' title='bbox 1873 5232 2010 5303; x_wconf 85' lang='lat' dir='ltr'><strong>quod</strong></span> 
     </span>
    </p>
   </div>
   <div class='ocr_carea' id='block_1_96' title="bbox 428 5323 2010 5392">
    <p class='ocr_par' dir='ltr' id='par_1_96' title="bbox 428 5323 2010 5392">
     <span class='ocr_line' id='line_1_96' title="bbox 428 5323 2010 5392; baseline 0.003 -20"><span class='ocrx_word' id='word_1_715' title='bbox 428 5323 763 5390; x_wconf 86' lang='lat' dir='ltr'><strong>digamorum</strong></span> <span class='ocrx_word' id='word_1_716' title='bbox 794 5332 843 5377; x_wconf 92' lang='lat' dir='ltr'><strong>et</strong></span> <span class='ocrx_word' id='word_1_717' title='bbox 881 5323 1152 5389; x_wconf 86' lang='lat' dir='ltr'><strong>lapsorum</strong></span> <span class='ocrx_word' id='word_1_718' title='bbox 1179 5327 1599 5378; x_wconf 84' lang='lat' dir='ltr'><strong>communionem</strong></span> <span class='ocrx_word' id='word_1_719' title='bbox 1638 5324 1844 5392; x_wconf 85' lang='lat' dir='ltr'><strong>penitus</strong></span> <span class='ocrx_word' id='word_1_720' title='bbox 1881 5324 2010 5392; x_wconf 85' lang='lat' dir='ltr'><strong>reji-</strong></span> 
     </span>
    </p>
   </div>
   <div class='ocr_carea' id='block_1_97' title="bbox 430 5415 2011 5487">
    <p class='ocr_par' dir='ltr' id='par_1_97' title="bbox 430 5415 2011 5487">
     <span class='ocr_line' id='line_1_97' title="bbox 430 5415 2011 5487; baseline 0.004 -24"><span class='ocrx_word' id='word_1_721' title='bbox 430 5425 626 5470; x_wconf 76' lang='lat' dir='ltr'><strong>cerent.</strong></span> <span class='ocrx_word' id='word_1_722' title='bbox 670 5415 839 5469; x_wconf 84' lang='lat' dir='ltr'><strong>Miror</strong></span> <span class='ocrx_word' id='word_1_723' title='bbox 864 5431 963 5486; x_wconf 88' lang='lat' dir='ltr'><strong>pro</strong></span> <span class='ocrx_word' id='word_1_724' title='bbox 1005 5415 1222 5472; x_wconf 90' lang='lat' dir='ltr'><strong>duobus</strong></span> <span class='ocrx_word' id='word_1_725' title='bbox 1267 5432 1331 5472; x_wconf 87' lang='lat' dir='ltr'><strong>ac</strong></span> <span class='ocrx_word' id='word_1_726' title='bbox 1380 5417 1615 5471; x_wconf 88' lang='lat' dir='ltr'><strong>diversis</strong></span> <span class='ocrx_word' id='word_1_727' title='bbox 1646 5416 2011 5487; x_wconf 81' lang='lat' dir='ltr'><strong>dogmatibus,</strong></span> 
     </span>
    </p>
   </div>
   <div class='ocr_carea' id='block_1_98' title="bbox 431 5505 2015 5578">
    <p class='ocr_par' dir='ltr' id='par_1_98' title="bbox 431 5505 2015 5578">
     <span class='ocr_line' id='line_1_98' title="bbox 431 5505 2015 5578; baseline 0 -17"><span class='ocrx_word' id='word_1_728' title='bbox 431 5515 486 5561; x_wconf 85' lang='lat' dir='ltr'><strong>et</strong></span> <span class='ocrx_word' id='word_1_729' title='bbox 516 5507 802 5563; x_wconf 88' lang='lat' dir='ltr'><strong>erroribus</strong></span> <span class='ocrx_word' id='word_1_730' title='bbox 846 5508 1089 5574; x_wconf 91' lang='lat' dir='ltr'><strong>obtrudi,</strong></span> <span class='ocrx_word' id='word_1_731' title='bbox 1142 5510 1233 5578; x_wconf 89' lang='lat' dir='ltr'><strong>qui</strong></span> <span class='ocrx_word' id='word_1_732' title='bbox 1288 5510 1341 5563; x_wconf 92' lang='lat' dir='ltr'><strong>in</strong></span> <span class='ocrx_word' id='word_1_733' title='bbox 1389 5525 1601 5564; x_wconf 91' lang='lat' dir='ltr'><strong>canone</strong></span> <span class='ocrx_word' id='word_1_734' title='bbox 1652 5508 1744 5562; x_wconf 88' lang='lat' dir='ltr'><strong>illo</strong></span> <span class='ocrx_word' id='word_1_735' title='bbox 1794 5505 2015 5561; x_wconf 72' lang='lat' dir='ltr'><strong>Nicaeno</strong></span> 
     </span>
    </p>
   </div>
   <div class='ocr_carea' id='block_1_99' title="bbox 432 5598 2018 5669">
    <p class='ocr_par' dir='ltr' id='par_1_99' title="bbox 432 5598 2018 5669">
     <span class='ocr_line' id='line_1_99' title="bbox 432 5598 2018 5669; baseline -0.001 -19"><span class='ocrx_word' id='word_1_736' title='bbox 432 5613 533 5668; x_wconf 84' lang='lat' dir='ltr'><strong>pro</strong></span> <span class='ocrx_word' id='word_1_737' title='bbox 564 5616 675 5655; x_wconf 90' lang='lat' dir='ltr'><strong>uno</strong></span> <span class='ocrx_word' id='word_1_738' title='bbox 703 5608 757 5655; x_wconf 90' lang='lat' dir='ltr'><strong>et</strong></span> <span class='ocrx_word' id='word_1_739' title='bbox 804 5600 995 5655; x_wconf 85' lang='lat' dir='ltr'><strong>eodem</strong></span> <span class='ocrx_word' id='word_1_740' title='bbox 1042 5601 1334 5655; x_wconf 82' lang='lat' dir='ltr'><strong>habentur.</strong></span> <span class='ocrx_word' id='word_1_741' title='bbox 1372 5600 1546 5657; x_wconf 82' lang='lat' dir='ltr'><strong>Verba</strong></span> <span class='ocrx_word' id='word_1_742' title='bbox 1582 5599 1798 5654; x_wconf 90' lang='lat' dir='ltr'><strong>concilii</strong></span> <span class='ocrx_word' id='word_1_743' title='bbox 1834 5617 1847 5651; x_wconf 88' lang='lat'>:</span> <span class='ocrx_word' id='word_1_744' title='bbox 1903 5598 2018 5669; x_wconf 72' lang='grc' dir='ltr'><strong>Πρὸ</strong></span> 
     </span>
    </p>
   </div>
   <div class='ocr_carea' id='block_1_100' title="bbox 437 5687 2018 5762">
    <p class='ocr_par' dir='ltr' id='par_1_100' title="bbox 437 5687 2018 5762">
     <span class='ocr_line' id='line_1_100' title="bbox 437 5687 2018 5762; baseline 0.007 -22"><span class='ocrx_word' id='word_1_745' title='bbox 437 5687 653 5744; x_wconf 76' lang='grc' dir='ltr'><strong>πάντων</strong></span> <span class='ocrx_word' id='word_1_746' title='bbox 704 5689 768 5761; x_wconf 84' lang='grc' dir='ltr'>δὴ</span> <span class='ocrx_word' id='word_1_747' title='bbox 820 5690 1026 5744; x_wconf 81' lang='grc' dir='ltr'>τούτων</span> <span class='ocrx_word' id='word_1_748' title='bbox 1070 5689 1402 5762; x_wconf 79' lang='grc' dir='ltr'><strong>ὁμολογῆσαι</strong></span> <span class='ocrx_word' id='word_1_749' title='bbox 1459 5692 1657 5754; x_wconf 78' lang='grc' dir='ltr'>αὐτοὺς</span> <span class='ocrx_word' id='word_1_750' title='bbox 1726 5687 2018 5759; x_wconf 74' lang='grc' dir='ltr'><strong>ἐγγράφως</strong></span> 
     </span>
    </p>
   </div>
   <div class='ocr_carea' id='block_1_101' title="bbox 434 5766 2018 5855">
    <p class='ocr_par' dir='ltr' id='par_1_101' title="bbox 434 5766 2018 5855">
     <span class='ocr_line' id='line_1_101' title="bbox 434 5766 2018 5855; baseline -0.001 -22"><span class='ocrx_word' id='word_1_751' title='bbox 434 5783 725 5852; x_wconf 71' lang='grc' dir='ltr'><strong>τνροσήκει,</strong></span> <span class='ocrx_word' id='word_1_752' title='bbox 765 5782 847 5835; x_wconf 85' lang='grc' dir='ltr'><strong>ὅτι</strong></span> <span class='ocrx_word' id='word_1_753' title='bbox 901 5782 1278 5855; x_wconf 79' lang='grc' dir='ltr'><strong>συνθήσονται,</strong></span> <span class='ocrx_word' id='word_1_754' title='bbox 1325 5766 1417 5836; x_wconf 60' lang='lat' dir='ltr'><strong>nail.</strong></span> <span class='ocrx_word' id='word_1_755' title='bbox 1450 5781 1876 5853; x_wconf 79' lang='grc' dir='ltr'><strong>ἀκολουθήσουσι</strong></span> <span class='ocrx_word' id='word_1_756' title='bbox 1907 5780 2018 5841; x_wconf 76' lang='grc' dir='ltr'><strong>τοῖς</strong></span> 
     </span>
    </p>
   </div>
   <div class='ocr_carea' id='block_1_102' title="bbox 505 5895 838 5967">
    <p class='ocr_par' dir='ltr' id='par_1_102' title="bbox 505 5895 838 5967">
     <span class='ocr_line' id='line_1_102' title="bbox 505 5895 838 5967; baseline -0.012 -15"><span class='ocrx_word' id='word_1_757' title='bbox 505 5895 584 5967; x_wconf 85' lang='grc' dir='ltr'><strong>(α)</strong></span> <span class='ocrx_word' id='word_1_758' title='bbox 624 5896 754 5966; x_wconf 82' lang='lat' dir='ltr'><strong>Pag.</strong></span> <span class='ocrx_word' id='word_1_759' title='bbox 785 5897 838 5950; x_wconf 86' lang='grc'><strong>6.</strong></span> 
     </span>
    </p>
   </div>
   <div class='ocr_carea' id='block_1_103' title="bbox 2109 4662 3640 4739">
    <p class='ocr_par' dir='ltr' id='par_1_103' title="bbox 2109 4662 3640 4739">
     <span class='ocr_line' id='line_1_103' title="bbox 2109 4662 3640 4739; baseline -0.001 -20"><span class='ocrx_word' id='word_1_760' title='bbox 2109 4669 2380 4723; x_wconf 75' lang='lat' dir='ltr'><strong>Iucreticos</strong></span> <span class='ocrx_word' id='word_1_761' title='bbox 2436 4668 2552 4722; x_wconf 88' lang='lat' dir='ltr'><strong>ideo</strong></span> <span class='ocrx_word' id='word_1_762' title='bbox 2610 4670 2840 4735; x_wconf 85' lang='lat' dir='ltr'><strong>habitos,</strong></span> <span class='ocrx_word' id='word_1_763' title='bbox 2906 4670 3043 4739; x_wconf 88' lang='lat' dir='ltr'><strong>quod</strong></span> <span class='ocrx_word' id='word_1_764' title='bbox 3096 4672 3461 4738; x_wconf 85' lang='lat' dir='ltr'><strong>opinarentur,</strong></span> <span class='ocrx_word' id='word_1_765' title='bbox 3507 4662 3640 4717; x_wconf 70' lang='lat' dir='ltr'><strong>Deum</strong></span> 
     </span>
    </p>
   </div>
   <div class='ocr_carea' id='block_1_104' title="bbox 2109 4753 3642 4829">
    <p class='ocr_par' dir='ltr' id='par_1_104' title="bbox 2109 4753 3642 4829">
     <span class='ocr_line' id='line_1_104' title="bbox 2109 4753 3642 4829; baseline -0.006 -18"><span class='ocrx_word' id='word_1_766' title='bbox 2109 4762 2279 4826; x_wconf 87' lang='lat' dir='ltr'><strong>ipsum</strong></span> <span class='ocrx_word' id='word_1_767' title='bbox 2313 4758 2565 4813; x_wconf 76' lang='lat' dir='ltr'><strong>Ecclesia:</strong></span> <span class='ocrx_word' id='word_1_768' title='bbox 2588 4776 2750 4829; x_wconf 88' lang='lat' dir='ltr'><strong>neque</strong></span> <span class='ocrx_word' id='word_1_769' title='bbox 2778 4759 3232 4821; x_wconf 80' lang='lat' dir='ltr'><strong>remittendorum,</strong></span> <span class='ocrx_word' id='word_1_770' title='bbox 3272 4773 3426 4828; x_wconf 86' lang='lat' dir='ltr'><strong>neque</strong></span> <span class='ocrx_word' id='word_1_771' title='bbox 3445 4753 3642 4807; x_wconf 76' lang='lat' dir='ltr'><strong>retinen-</strong></span> 
     </span>
    </p>
   </div>
   <div class='ocr_carea' id='block_1_105' title="bbox 2109 4849 3644 4922">
    <p class='ocr_par' dir='ltr' id='par_1_105' title="bbox 2109 4849 3644 4922">
     <span class='ocr_line' id='line_1_105' title="bbox 2109 4849 3644 4922; baseline -0.007 -17"><span class='ocrx_word' id='word_1_772' title='bbox 2109 4853 2299 4907; x_wconf 88' lang='lat' dir='ltr'><strong>darum</strong></span> <span class='ocrx_word' id='word_1_773' title='bbox 2329 4863 2665 4921; x_wconf 86' lang='lat' dir='ltr'><strong>peccatorum</strong></span> <span class='ocrx_word' id='word_1_774' title='bbox 2706 4855 3017 4922; x_wconf 88' lang='lat' dir='ltr'><strong>capitalium</strong></span> <span class='ocrx_word' id='word_1_775' title='bbox 3041 4862 3350 4922; x_wconf 88' lang='lat' dir='ltr'><strong>potestatem</strong></span> <span class='ocrx_word' id='word_1_776' title='bbox 3380 4849 3644 4915; x_wconf 78' lang='lat' dir='ltr'><strong>copiamth</strong></span> 
     </span>
    </p>
   </div>
   <div class='ocr_carea' id='block_1_106' title="bbox 2111 4942 3643 5029">
    <p class='ocr_par' dir='ltr' id='par_1_106' title="bbox 2111 4942 3643 5029">
     <span class='ocr_line' id='line_1_106' title="bbox 2111 4942 3643 5029; baseline -0.009 -30"><span class='ocrx_word' id='word_1_777' title='bbox 2111 4946 2317 5015; x_wconf 80' lang='lat' dir='ltr'><strong>fecisse.</strong></span> <span class='ocrx_word' id='word_1_778' title='bbox 2358 4946 2481 5001; x_wconf 60' lang='lat' dir='ltr'><strong>Haec</strong></span> <span class='ocrx_word' id='word_1_779' title='bbox 2533 4948 2644 5011; x_wconf 89' lang='lat' dir='ltr'><strong>ille,</strong></span> <span class='ocrx_word' id='word_1_780' title='bbox 2693 4954 2748 5001; x_wconf 91' lang='lat' dir='ltr'><strong>et</strong></span> <span class='ocrx_word' id='word_1_781' title='bbox 2796 4947 2865 5002; x_wconf 89' lang='lat' dir='ltr'><strong>iis</strong></span> <span class='ocrx_word' id='word_1_782' title='bbox 2911 4946 3090 5000; x_wconf 83' lang='lat' dir='ltr'><strong>alIinia</strong></span> <span class='ocrx_word' id='word_1_783' title='bbox 3122 4942 3417 5013; x_wconf 86' lang='lat' dir='ltr'><strong>compluria</strong></span> <span class='ocrx_word' id='word_1_784' title='bbox 3460 4945 3643 5029; x_wconf 66' lang='lat' dir='ltr'><strong>antece-</strong></span> 
     </span>
    </p>
   </div>
   <div class='ocr_carea' id='block_1_107' title="bbox 2112 5031 3643 5109">
    <p class='ocr_par' dir='ltr' id='par_1_107' title="bbox 2112 5031 3643 5109">
     <span class='ocr_line' id='line_1_107' title="bbox 2112 5031 3643 5109; baseline -0.008 -17"><span class='ocrx_word' id='word_1_785' title='bbox 2112 5040 2259 5093; x_wconf 86' lang='lat' dir='ltr'><strong>denti</strong></span> <span class='ocrx_word' id='word_1_786' title='bbox 2306 5041 2529 5108; x_wconf 89' lang='lat' dir='ltr'><strong>capite:</strong></span> <span class='ocrx_word' id='word_1_787' title='bbox 2566 5055 2687 5109; x_wconf 67' lang='lat' dir='ltr'><strong>qua:</strong></span> <span class='ocrx_word' id='word_1_788' title='bbox 2736 5048 2792 5093; x_wconf 90' lang='lat' dir='ltr'><strong>et</strong></span> <span class='ocrx_word' id='word_1_789' title='bbox 2839 5039 3150 5093; x_wconf 87' lang='lat' dir='ltr'><strong>certissima</strong></span> <span class='ocrx_word' id='word_1_790' title='bbox 3198 5044 3343 5099; x_wconf 87' lang='lat' dir='ltr'><strong>sunt,</strong></span> <span class='ocrx_word' id='word_1_791' title='bbox 3384 5038 3434 5087; x_wconf 87' lang='lat' dir='ltr'><strong>et</strong></span> <span class='ocrx_word' id='word_1_792' title='bbox 3471 5031 3643 5082; x_wconf 74' lang='lat' dir='ltr'><strong>nostris</strong></span> 
     </span>
    </p>
   </div>
   <div class='ocr_carea' id='block_1_108' title="bbox 2115 5109 3641 5206">
    <p class='ocr_par' dir='ltr' id='par_1_108' title="bbox 2115 5109 3641 5206">
     <span class='ocr_line' id='line_1_108' title="bbox 2115 5109 3641 5206; baseline -0.01 -21"><span class='ocrx_word' id='word_1_793' title='bbox 2115 5131 2225 5185; x_wconf 89' lang='lat' dir='ltr'><strong>illis</strong></span> <span class='ocrx_word' id='word_1_794' title='bbox 2266 5140 2660 5194; x_wconf 86' lang='lat' dir='ltr'><strong>consentanea,</strong></span> <span class='ocrx_word' id='word_1_795' title='bbox 2690 5145 2812 5199; x_wconf 59' lang='lat' dir='ltr'><strong>qua:</strong></span> <span class='ocrx_word' id='word_1_796' title='bbox 2860 5138 2918 5184; x_wconf 90' lang='lat' dir='ltr'><strong>tu</strong></span> <span class='ocrx_word' id='word_1_797' title='bbox 2976 5127 3350 5199; x_wconf 84' lang='lat' dir='ltr'><strong>reprehendis,</strong></span> <span class='ocrx_word' id='word_1_798' title='bbox 3378 5120 3464 5191; x_wconf 89' lang='lat' dir='ltr'><strong>qui</strong></span> <span class='ocrx_word' id='word_1_799' title='bbox 3500 5109 3641 5206; x_wconf 49' lang='lat' dir='ltr'><strong>nso}!</strong></span> 
     </span>
    </p>
   </div>
   <div class='ocr_carea' id='block_1_109' title="bbox 2114 5202 3639 5300">
    <p class='ocr_par' dir='ltr' id='par_1_109' title="bbox 2114 5202 3639 5300">
     <span class='ocr_line' id='line_1_109' title="bbox 2114 5202 3639 5300; baseline -0.011 -25"><span class='ocrx_word' id='word_1_800' title='bbox 2114 5221 2247 5276; x_wconf 85' lang='lat' dir='ltr'><strong>illud</strong></span> <span class='ocrx_word' id='word_1_801' title='bbox 2274 5237 2451 5277; x_wconf 87' lang='lat' dir='ltr'><strong>unum</strong></span> <span class='ocrx_word' id='word_1_802' title='bbox 2472 5220 2745 5291; x_wconf 61' lang='lat' dir='ltr'><strong>praecipue</strong></span> <span class='ocrx_word' id='word_1_803' title='bbox 2768 5219 2965 5289; x_wconf 81' lang='lat' dir='ltr'><strong>dogma</strong></span> <span class='ocrx_word' id='word_1_804' title='bbox 2987 5217 3270 5272; x_wconf 82' lang='lat' dir='ltr'><strong>Novatiani</strong></span> <span class='ocrx_word' id='word_1_805' title='bbox 3293 5228 3387 5284; x_wconf 90' lang='lat' dir='ltr'><strong>pro</strong></span> <span class='ocrx_word' id='word_1_806' title='bbox 3414 5202 3639 5300; x_wconf 55' lang='lat' dir='ltr'><strong>itareticts</strong></span> 
     </span>
    </p>
   </div>
   <div class='ocr_carea' id='block_1_110' title="bbox 2115 5292 3641 5380">
    <p class='ocr_par' dir='ltr' id='par_1_110' title="bbox 2115 5292 3641 5380">
     <span class='ocr_line' id='line_1_110' title="bbox 2115 5292 3641 5380; baseline -0.02 -14"><span class='ocrx_word' id='word_1_807' title='bbox 2115 5312 2284 5366; x_wconf 88' lang='lat' dir='ltr'><strong>habiti</strong></span> <span class='ocrx_word' id='word_1_808' title='bbox 2321 5311 2608 5366; x_wconf 82' lang='lat' dir='ltr'><strong>videantur</strong></span> <span class='ocrx_word' id='word_1_809' title='bbox 2639 5309 2808 5380; x_wconf 89' lang='lat' dir='ltr'><strong>(quod</strong></span> <span class='ocrx_word' id='word_1_810' title='bbox 2852 5325 2974 5379; x_wconf 85' lang='lat' dir='ltr'><strong>ego,</strong></span> <span class='ocrx_word' id='word_1_811' title='bbox 3004 5308 3159 5375; x_wconf 78' lang='lat' dir='ltr'><strong>juxta</strong></span> <span class='ocrx_word' id='word_1_812' title='bbox 3203 5321 3265 5358; x_wconf 89' lang='lat' dir='ltr'><strong>ac</strong></span> <span class='ocrx_word' id='word_1_813' title='bbox 3293 5292 3641 5357; x_wconf 79' lang='lat' dir='ltr'><strong>revereudisst—</strong></span> 
     </span>
    </p>
   </div>
   <div class='ocr_carea' id='block_1_111' title="bbox 2116 5388 3635 5473">
    <p class='ocr_par' dir='ltr' id='par_1_111' title="bbox 2116 5388 3635 5473">
     <span class='ocr_line' id='line_1_111' title="bbox 2116 5388 3635 5473; baseline -0.008 -14"><span class='ocrx_word' id='word_1_814' title='bbox 2116 5419 2240 5459; x_wconf 90' lang='lat' dir='ltr'><strong>mus</strong></span> <span class='ocrx_word' id='word_1_815' title='bbox 2284 5404 2374 5459; x_wconf 88' lang='lat' dir='ltr'><strong>ille</strong></span> <span class='ocrx_word' id='word_1_816' title='bbox 2424 5403 2644 5473; x_wconf 63' lang='lat' dir='ltr'><strong>praesul,</strong></span> <span class='ocrx_word' id='word_1_817' title='bbox 2678 5401 3061 5469; x_wconf 81' lang='lat' dir='ltr'><strong>atlirmabam),</strong></span> <span class='ocrx_word' id='word_1_818' title='bbox 3095 5397 3412 5466; x_wconf 87' lang='lat' dir='ltr'><strong>multiplices</strong></span> <span class='ocrx_word' id='word_1_819' title='bbox 3458 5388 3635 5441; x_wconf 63' lang='lat' dir='ltr'><strong>illorum</strong></span> 
     </span>
    </p>
   </div>
   <div class='ocr_carea' id='block_1_112' title="bbox 2116 5480 3639 5561">
    <p class='ocr_par' dir='ltr' id='par_1_112' title="bbox 2116 5480 3639 5561">
     <span class='ocr_line' id='line_1_112' title="bbox 2116 5480 3639 5561; baseline -0.015 -12"><span class='ocrx_word' id='word_1_820' title='bbox 2116 5510 2334 5549; x_wconf 89' lang='lat' dir='ltr'><strong>errores</strong></span> <span class='ocrx_word' id='word_1_821' title='bbox 2367 5493 2560 5559; x_wconf 79' lang='lat' dir='ltr'><strong>fuisse,</strong></span> <span class='ocrx_word' id='word_1_822' title='bbox 2600 5493 2761 5547; x_wconf 78' lang='lat' dir='ltr'><strong>nobis</strong></span> <span class='ocrx_word' id='word_1_823' title='bbox 2785 5491 2983 5561; x_wconf 88' lang='lat' dir='ltr'><strong>objicis</strong></span> <span class='ocrx_word' id='word_1_824' title='bbox 3011 5490 3111 5560; x_wconf 90' lang='lat' dir='ltr'><strong>(b).</strong></span> <span class='ocrx_word' id='word_1_825' title='bbox 3144 5487 3247 5542; x_wconf 87' lang='lat' dir='ltr'><strong>Sed</strong></span> <span class='ocrx_word' id='word_1_826' title='bbox 3277 5480 3501 5554; x_wconf 88' lang='lat' dir='ltr'><strong>ejusdem</strong></span> <span class='ocrx_word' id='word_1_827' title='bbox 3532 5482 3639 5539; x_wconf 52' lang='lat' dir='ltr'><strong>prii?</strong></span> 
     </span>
    </p>
   </div>
   <div class='ocr_carea' id='block_1_113' title="bbox 2118 5566 3636 5652">
    <p class='ocr_par' dir='ltr' id='par_1_113' title="bbox 2118 5566 3636 5652">
     <span class='ocr_line' id='line_1_113' title="bbox 2118 5566 3636 5652; baseline -0.018 -12"><span class='ocrx_word' id='word_1_828' title='bbox 2118 5587 2254 5641; x_wconf 90' lang='lat' dir='ltr'><strong>sulis</strong></span> <span class='ocrx_word' id='word_1_829' title='bbox 2282 5586 2588 5640; x_wconf 88' lang='lat' dir='ltr'><strong>doctrinam</strong></span> <span class='ocrx_word' id='word_1_830' title='bbox 2626 5584 2875 5652; x_wconf 86' lang='lat' dir='ltr'><strong>sequenti</strong></span> <span class='ocrx_word' id='word_1_831' title='bbox 2906 5583 3085 5651; x_wconf 87' lang='lat' dir='ltr'><strong>capite</strong></span> <span class='ocrx_word' id='word_1_832' title='bbox 3132 5581 3285 5650; x_wconf 84' lang='lat' dir='ltr'><strong>longe</strong></span> <span class='ocrx_word' id='word_1_833' title='bbox 3326 5566 3560 5644; x_wconf 85' lang='lat' dir='ltr'><strong>apertius,</strong></span> <span class='ocrx_word' id='word_1_834' title='bbox 3585 5567 3636 5608; x_wconf 76' lang='lat' dir='ltr'><strong>ac</strong></span> 
     </span>
    </p>
   </div>
   <div class='ocr_carea' id='block_1_114' title="bbox 2120 5674 3155 5745">
    <p class='ocr_par' dir='ltr' id='par_1_114' title="bbox 2120 5674 3155 5745">
     <span class='ocr_line' id='line_1_114' title="bbox 2120 5674 3155 5745; baseline -0.009 -14"><span class='ocrx_word' id='word_1_835' title='bbox 2120 5677 2318 5731; x_wconf 89' lang='lat' dir='ltr'><strong>minori</strong></span> <span class='ocrx_word' id='word_1_836' title='bbox 2351 5675 2534 5745; x_wconf 83' lang='lat' dir='ltr'><strong>specie.</strong></span> <span class='ocrx_word' id='word_1_837' title='bbox 2574 5674 2821 5729; x_wconf 86' lang='lat' dir='ltr'><strong>veritatis</strong></span> <span class='ocrx_word' id='word_1_838' title='bbox 2851 5684 3155 5741; x_wconf 87' lang='lat' dir='ltr'><strong>oppugnas.</strong></span> 
     </span>
    </p>
   </div>
   <div class='ocr_carea' id='block_1_115' title="bbox 2199 5883 2591 5955">
    <p class='ocr_par' dir='ltr' id='par_1_115' title="bbox 2199 5883 2591 5955">
     <span class='ocr_line' id='line_1_115' title="bbox 2199 5883 2591 5955; baseline -0.005 -15"><span class='ocrx_word' id='word_1_839' title='bbox 2199 5888 2269 5955; x_wconf 72' lang='grc' dir='ltr'>(ὁ)</span> <span class='ocrx_word' id='word_1_840' title='bbox 2299 5886 2429 5954; x_wconf 78' lang='lat' dir='ltr'><strong>Pag.</strong></span> <span class='ocrx_word' id='word_1_841' title='bbox 2464 5884 2515 5951; x_wconf 78' lang='grc'>5,</span> <span class='ocrx_word' id='word_1_842' title='bbox 2542 5883 2591 5938; x_wconf 83' lang='grc'><strong>6.</strong></span> 
     </span>
    </p>
   </div>
   <div class='ocr_carea' id='block_1_116' title="bbox 3813 2908 3815 2971">
    <p class='ocr_par' dir='ltr' id='par_1_116' title="bbox 3813 2908 3815 2971">
     <span class='ocr_line' id='line_1_116' title="bbox 3813 2908 3815 2971; baseline 0 0"><span class='ocrx_word' id='word_1_843' title='bbox 3813 2908 3815 2971; x_wconf 76' lang='grc'><strong><em>4</em></strong></span> 
     </span>
    </p>
   </div>
  </div>
