3920 6406
269 329 364 384 300

893 445 1119 500 CAPUT
1162 447 1222 500 li.

267 579 553 649 Explicato
607 583 732 650 quid
790 582 858 634 sit
919 583 1048 634 dare
1107 583 1495 650 penitentiam,
1552 581 1847 636 Innocentii

340 653 488 706 locus
546 652 854 704 illustratur
903 667 1175 718 perperam
1237 654 1289 705 in
1353 652 1847 721 Dispunctiunculis

340 730 606 786 acceptus.
663 721 1024 790 Dispunctoris
1074 739 1271 783 secum,
1327 732 1524 776 etcum
1571 724 1849 776 Catholica

339 792 623 861 sententia,
659 789 854 860 pugna.
890 789 991 844 Sed
1026 801 1074 844 et
1115 809 1230 844 cum
1265 791 1325 845 Π.
1370 792 1435 844 D.
1476 793 1847 861 Albus-pinam;

338 861 494 931 cujus
525 860 767 931 doctrina
791 861 1110 928 defenditur.
1160 861 1232 914 De
1259 872 1446 927 quarto
1481 860 1648 931 gradu
1682 865 1851 930 perni-

336 930 542 982 tentiaz.
578 929 884 991 Osteusum,
912 942 1186 1053 pergetuos
1228 935 1280 984 in
1314 949 1372 985 eo
1399 929 1706 1000 paenitentes
1737 934 1848 985 lue-

340 1003 475 1051 sisse
523 1016 918 1053 nonnunquam.
1021 1001 1091 1052 ub
1146 1011 1365 1053 mortem
1415 1013 1848 1053 reprarsentatam

340 1003 475 1069 sisse
523 1016 918 1066 nonnunquam.
983 1001 1091 1053 Sub
1146 1011 1365 1054 mortem
1415 1013 1849 1069 reprarscntatam

337 1068 464 1191 olim
499 1069 666 1136 fuisse
697 1070 1113 1124 communionem
1146 1087 1163 1124 :
1195 1072 1348 1141 idque
1375 1088 1439 1126 ex
1473 1068 1686 1126 Nictrni
1719 1091 1818 1128 con
1839 1102 1850 1114 -

337 1151 390 1191 ct
415 1153 454 1190 ιι
487 1149 676 1191 mente.

337 1137 455 1192 cilii
487 1149 676 1192 mente.

341 1269 566 1325 Lemma
596 1273 793 1344 capitis
832 1275 1098 1332 secundi:
1143 1275 1474 1343 Quibusnam
1511 1289 1848 1347 peccatorum

266 1363 566 1429 generibus,
607 1374 657 1417 et
684 1376 941 1434 quatenus
986 1377 1174 1436 negata
1202 1371 1499 1424 communio
1544 1373 1611 1424 sit
1650 1374 1704 1425 in
1747 1372 1848 1425 Ec-

271 1453 434 1506 clcsia
489 1456 668 1510 rezeri.
716 1455 889 1521 Quam
942 1459 1051 1512 vim
1109 1461 1311 1516 habeat
1364 1463 1481 1518 haec
1536 1463 1846 1534 inscriptio,

274 1559 453 1613 quove
485 1548 709 1614 prtetixa
741 1548 833 1612 sit,
870 1549 1119 1604 divinare
1150 1567 1259 1606 non
1298 1568 1546 1622 possum.
1583 1553 1718 1608 Nam
1753 1565 1846 1610 aut

270 1637 522 1705 subjecta
543 1639 910 1708 disputationi
935 1645 1188 1712 sequenti
1221 1647 1449 1700 materia
1483 1657 1587 1712 est,
1616 1659 1672 1702 et
1693 1664 1847 1704 sum-

271 1742 359 1779 ma
400 1742 592 1782 eorum
628 1733 1071 1800 comprehensio,
1107 1750 1230 1804 quae
1269 1737 1324 1790 in
1369 1737 1475 1792 isto
1505 1739 1694 1807 capite
1730 1747 1844 1792 tra-

271 1826 522 1885 ctantur;
551 1831 645 1876 aut
672 1822 814 1892 ejus,
843 1825 988 1894 quod
1013 1841 1328 1896 oppugnare
1368 1829 1626 1894 instituit,
1651 1832 1847 1902 capitis

271 1919 680 1980 argumentum,
719 1915 834 1968 sive
870 1917 932 1968 τὸ
967 1917 1305 1987 κρινόμενον.
1348 1918 1613 1975 Neutrum
1652 1921 1845 1976 borum

269 2001 600 2072 dispunctor
644 2005 718 2060 ibi
756 2007 1027 2075 praestitit.
1074 2007 1296 2078 Legesis
1339 2019 1502 2080 caput
1548 2016 1749 2082 ipsum,
1794 2022 1849 2068 et

273 2097 355 2148 vel
387 2095 692 2159 minimam,
731 2098 777 2152 si
812 2108 988 2167 potes,
1021 2099 1146 2154 inde
1182 2111 1388 2170 partem
1421 2103 1540 2171 ejus
1567 2106 1845 2174 exsculpe,

276 2183 424 2254 quod
455 2187 740 2256 inscriptio
767 2188 885 2258 ipsa
918 2189 1182 2244 minatur.
1214 2190 1358 2245 Nihil
1387 2193 1475 2247 hic
1506 2194 1572 2248 de
1597 2205 1850 2263 peccato-

273 2279 754 2348 rum.generibus,
805 2281 1008 2350 quibus
1051 2291 1145 2338 aut
1181 2294 1570 2353 repraesentata
1617 2288 1709 2350 sit,
1755 2296 1850 2343 aut

274 2376 472 2439 negata
506 2372 839 2437 communio,
887 2373 1099 2427 οἴκοθεν
1140 2377 1354 2444 attulit;
1404 2379 1538 2432 nihil
1569 2395 1738 2450 super
1785 2398 1847 2436 ea

257 2475 331 2515 .re
363 2462 706 2530 propositum
738 2479 768 2517 a
793 2465 952 2520 nobis
984 2467 1066 2521 vel
1095 2468 1377 2525 levissime
1411 2470 1627 2526 refellit.
1670 2471 1845 2527 Pauca

270 2551 523 2622 quazdam
554 2562 733 2617 vexat,
770 2572 868 2610 nec
901 2557 993 2611 illa
1033 2575 1167 2614 sane
1205 2560 1414 2628 καίρια.
1467 2559 1608 2626 Pax,
1647 2563 1843 2634 inquit,

270 2642 382 2694 sive
421 2645 783 2698 reconciliatio
813 2664 930 2700 cum
959 2648 1231 2715 Ecclesia,
1271 2669 1388 2720 qua:
1416 2655 1679 2709 absolutio
1713 2657 1848 2710 dici-

272 2741 386 2796 tur,
412 2733 476 2786 ab
501 2733 841 2791 Eucharistia
868 2740 1023 2810 longo
1050 2743 1329 2798 intervallo
1351 2757 1652 2814 separatur.
1671 2748 1850 2804 Credo

271 2823 581 2892 perieulum
617 2835 756 2891 erat,
787 2845 856 2884 ne
887 2833 1015 2900 quis
1039 2834 1446 2892 absolutionem
1478 2855 1600 2892 cum
1639 2841 1850 2895 Eucha-

273 2914 433 2968 ristia
480 2916 862 2985 confunderet,
911 2923 992 2976 sic
1029 2926 1192 2993 quasi
1243 2929 1602 2997 pharmacum
1651 2934 1849 3004 aliquis

273 3005 422 3061 idem
450 3023 570 3064 esse
595 3025 658 3064 ac
678 3013 966 3068 sanitatem
995 3017 1294 3083 existimet,
1319 3030 1413 3075 aut
1433 3023 1525 3092 jus
1547 3025 1614 3078 ad
1638 3041 1850 3083 annuos

1393 323 1756 383 ADVERSUS
1799 321 1958 377 SlA-'1‘.
2006 323 2358 384 SIMOMUM.

3416 337 3524 392 640

1871 447 1912 498 A
1941 448 2089 513 epist.
2125 450 2178 511 5,
2207 466 2328 520 cap.
2370 449 2439 502 Ξῖ
2468 448 2532 503 Et
2564 450 2659 504 ltoc
2701 453 2981 520 qua'situm
3020 463 3121 517 est,
3159 453 3355 524 inquit,
3398 456 3526 525 quid

1950 539 2012 590 de
2046 539 2127 592 his
2175 541 2442 593 observari
2484 540 2687 606 debeat,
2733 545 2822 612 qui
2855 552 2972 611 post
3007 545 3332 610 baptismum
3381 545 3527 600 omni

1952 641 2181 700 tempore
2221 634 2616 688 incontinentite
2647 644 2697 688 et
2732 634 3088 703 voluptatibus
3126 637 3312 700 dediti,
3350 639 3404 690 in
3431 652 3527 691 ex-

1953 732 2116 777 tremo
2151 726 2254 793 [ine
2297 727 2417 780 cita:
2455 743 2566 782 sum
2612 728 2973 794 paenitentiam
3014 727 3173 780 simul
3208 739 3256 782 et
3282 730 3526 783 reconci-

1952 814 2224 866 liationem
2243 817 2639 869 communionis
2667 826 2976 884 exposcunt.
3009 816 3088 870 De
3121 817 3203 870 liis
3237 817 3527 871 observatio

1947 904 2094 969 prior
2121 904 2328 968 durior,
2356 907 2622 973 posterior
2645 907 3016 959 interveniente
3048 907 3419 959 misericordia
3445 907 3528 958 in-

1951 995 2202 1048 clinatior
2231 1005 2328 1049 est.
2369 996 2512 1048 Nam
2542 996 2866 1051 consuetudo
2907 998 3054 1066 prior
3095 999 3283 1060 tenuit,
3317 1007 3372 1050 nt
3397 1013 3528 1050 .con-

1950 1084 2221 1138 cederetur
2239 1086 2312 1138 eis
2331 1086 2466 1154 poeni
2476 1087 2660 1147 tentia,
2681 1085 2771 1140 sed
2784 1089 3082 1140 communio
3101 1099 3400 1157 negaretur,
3423 1098 3528 1142 etc.

2023 1176 2121 1230 llic
2154 1178 2474 1245 paenitentia
2511 1179 2659 1232 aliud
2690 1180 2916 1234 omnino
2949 1197 3073 1235 esse
3104 1183 3342 1236 videtur.
3365 1195 3530 1252 quam

1951 1266 2184 1321 interior
2245 1269 2336 1322 ille
2391 1283 2612 1331 sensus,
2665 1271 2987 1340 alllatusque
3041 1275 3218 1328 sancti
3258 1275 3527 1344 Spiritus.

1949 1357 2137 1428 Neque
2178 1361 2323 1413 enim
2369 1361 2416 1416 is
2460 1361 2529 1415 ab
2562 1361 2879 1419 hominibus
2915 1365 3186 1434 indulgeri
3220 1367 3300 1420 vel
3343 1369 3530 1436 negari

1951 1459 2149 1522 potest,
2187 1467 2348 1519 quem
2379 1453 2483 1507 nisi
2512 1454 2668 1522 prius
2698 1456 3060 1525 accepissent,
3094 1457 3197 1512 hoc
3236 1460 3530 1528 quodcun-

1951 1558 2057 1612 que
2097 1550 2204 1608 est,
2224 1543 2381 1612 quod
2417 1544 2486 1598 ab
2519 1545 2831 1602 hominibus
2864 1549 3230 1616 praestandum
3255 1558 3348 1605 est
3381 1565 3530 1606 nunc

1951 1649 2117 1704 quam
2155 1643 2424 1704 peterent.
2444 1637 2618 1690 Aliud
2643 1646 2728 1691 est
2751 1638 2933 1708 itaque
2963 1640 3308 1708 pmnitentia,
3333 1641 3401 1696 de
3422 1655 3530 1710 qua

1951 1726 2195 1796 pontifex
2229 1726 2510 1794 loquitur:
2550 1743 2747 1795 nempe
2775 1727 2869 1796 jus
2899 1736 2948 1783 et
2991 1739 3235 1798 potestas
3269 1733 3534 1787 obeunda:

1950 1817 2311 1886 paenitentiae,
2343 1817 2616 1888 siquidem
2643 1832 2673 1871 a
2708 1819 2799 1873 leti
2841 1819 3092 1876 faucibus
3125 1823 3266 1892 eripi
3303 1833 3356 1878 et
3396 1840 3534 1879 eon-

1951 1908 2232 1962 valescere
2279 1910 2558 1977 potuerint
2587 1926 2600 1962 :
2639 1925 2765 1978 quae
2795 1918 3040 1979 potestas
3068 1912 3188 1967 sine
3221 1913 3389 1970 dubio
3423 1915 3532 1968 ritu

1953 2000 2143 2069 aliquo
2176 2001 2337 2055 nobis
2370 2003 2578 2072 ignoto,
2620 2012 2674 2056 et
2711 2002 3092 2060 benedictione
3123 2004 3529 2065 conferebatur.

1953 2093 2068 2148 lloc
2109 2095 2330 2164 inquam
2371 2103 2458 2150 est
2492 2097 2853 2164 paenitentiam
2879 2097 3200 2162 concedere;
3233 2102 3377 2155 inter
3414 2117 3533 2171 pte-

1951 2189 2192 2242 nitentcs
2225 2189 2461 2257 aliquem
2501 2189 2800 2252 ascribere,
2842 2191 2948 2242 ritu
2985 2191 3076 2244 illo
3116 2206 3181 2245 ac
3216 2193 3530 2248 caerimonia

1952 2275 2256 2330 formulave
2285 2292 2392 2345 qua
2431 2277 2494 2330 in
2549 2279 2934 2346 pmnitentium
2973 2295 3189 2350 gregem
3241 2281 3410 2352 recipi
3447 2283 3530 2339 fas

1951 2375 2120 2422 esset.
2156 2367 2234 2422 Tu
2269 2369 2431 2423 aliter
2455 2370 2648 2424 sentis.
2699 2369 2964 2440 Equidem
3005 2389 3112 2427 non
3155 2373 3394 2438 invideo,
3431 2390 3532 2430 nec

1953 2458 2213 2514 insector.
2242 2459 2349 2512 Sed
2375 2470 2557 2515 tamen
2581 2460 2648 2514 de
2675 2460 2976 2515 Innocentii
3012 2464 3132 2516 loco
3157 2480 3320 2533 porro
3342 2466 3532 2536 dispit-

1954 2555 2156 2603 temns.
2189 2549 2490 2613 Quaesitum
2532 2561 2616 2605 est
2647 2551 2716 2604 ab
2747 2552 3035 2620 Exuperio,
3070 2555 3200 2623 quid
3227 2554 3295 2610 de
3331 2558 3397 2610 iis
3427 2569 3534 2610 sta-

1959 2639 2221 2693 tuendum
2249 2649 2417 2702 esset,
2451 2643 2544 2710 qui
2583 2652 2703 2711 post
2745 2645 3074 2712 baptismum
3105 2647 3253 2700 omni
3286 2655 3534 2718 tempore

1953 2732 2361 2787 incontinentiae
2384 2733 2574 2797 dediti,
2612 2736 2664 2789 in
2699 2743 2944 2790 extremo
2967 2737 3092 2791 vita:
3125 2754 3237 2792 suae
3265 2743 3532 2808 poen'ten-

1955 2823 2085 2876 tiam
2101 2831 2152 2877 et
2167 2827 2608 2880 contmuuimtem
2625 2829 2920 2896 postulant.
2939 2827 3252 2897 Respondet
3269 2829 3535 2885 Innoceno

1955 2916 2084 2982 tius,
2123 2917 2462 2985 superiorum
2503 2926 2807 2987 temporum
2845 2920 3296 2975 consuetudinem
3350 2932 3533 2976 auste-

1953 3009 2153 3061 riorem
2169 3009 2358 3070 fuisse.
2374 3018 2431 3063 ut
2445 3011 2524 3065 eis
2541 3011 2928 3065 concederetur
2940 3012 3376 3079 pwnitentia,scd
3392 3029 3534 3068 com-

271 3096 529 3152 beneﬁcii
571 3098 786 3158 fructus
832 3105 1152 3174 capiendos,
1202 3125 1330 3163 cum
1383 3112 1657 3170 [ειιειίδυε
1692 3118 1848 3186 ipsis,
1880 3139 1922 3195 ϐ
1959 3100 2146 3154 munio
2190 3111 2501 3170 negaretur.
2542 3103 2657 3155 Hoc
2710 3103 2782 3155 ita
2835 3103 3160 3172 dispunctor
3209 3105 3532 3173 interpreta-

270 3201 605 3258 annonaquc
634 3191 954 3249 confundat.
981 3195 1154 3252 Nemo
1185 3200 1266 3254 sic
1294 3201 1462 3258 hebes
1493 3203 1614 3269 fuit,
1659 3218 1719 3262 ut
1751 3212 1848 3266 ab-

276 3277 610 3332 solutionem
646 3279 1051 3339 Eucharistiam
1083 3303 1207 3343 esse
1235 3291 1501 3350 crederet.
1539 3294 1724 3366 Itaque
1759 3316 1854 3356 ne-

281 3383 385 3435 que
419 3378 474 3421 ut
505 3369 716 3437 facilius
753 3373 1186 3445 intelligerentus,
1214 3397 1392 3451 neque
1423 3392 1480 3438 ut
1514 3389 1741 3442 omnino
1766 3392 1850 3444 in-

287 3460 669 3527 telligeretnus,
698 3465 1053 3521 laborandum
1083 3470 1205 3524 fuit.
1227 3473 1519 3544 Sequitur:
1547 3478 1848 3545 Sciendum,

282 3551 426 3615 apud
455 3549 826 3608 Innocentium
859 3559 912 3612 in
943 3558 1186 3630 Epistula
1215 3566 1281 3618 ad
1311 3565 1660 3638 Exuperium,
1687 3577 1854 3642 pleni-

277 3641 519 3704 tentiam,
561 3643 965 3714 absolutionem,
1004 3655 1485 3713 reconciliationem
1525 3666 1853 3719 communio-

273 3731 382 3793 nis,
420 3731 808 3791 Eucltaristiam
835 3757 938 3794 non
961 3744 1281 3814 signiﬁcare.
1318 3750 1453 3816 Quis
1478 3753 1581 3807 hoc
1606 3755 1855 3824 ignorat?

275 3817 388 3875 Sed
425 3829 605 3879 tamen
635 3829 765 3897 quid
805 3835 1124 3900 paenitentia
1151 3838 1243 3904 sit,
1272 3840 1429 3909 juvat
1461 3817 1696 3901 discere.
1725 3829 1855 3902 Ῥω-

275 3911 529 3976 nitentia,
575 3915 774 3986 inquit,
821 3921 874 3973 id
915 3934 1014 3991 est,
1060 3930 1346 3994 paenitendi
1389 3937 1598 4004 cupido,
1643 3942 1854 4008 quando

275 4017 462 4057 recens
507 4006 677 4060 adhuc
723 4010 1021 4070 Saluatoris
1061 4019 1268 4075 calebat
1305 4041 1484 4091 cruor,
1523 4006 1720 4084 donum
1763 4032 1855 4086 Dei

271 4103 418 4157 erat,
465 4099 603 4166 quod
637 4103 831 4170 animis
862 4106 1104 4176 ﬁdelium
1153 4113 1496 4176 illabebatur.
1538 4121 1680 4188 Quid
1709 4141 1855 4180 nunc

264 4195 570 4255 postquam
609 4206 774 4247 cruor
797 4195 885 4251 ille
917 4198 1168 4255 refrixit?
1195 4203 1334 4258 Num
1365 4205 1461 4262 Dei
1491 4209 1692 4266 donum
1726 4229 1851 4271 esse

276 4276 485 4330 desiit?
524 4280 606 4335 An
651 4281 931 4357 Pelagiani
965 4292 1172 4348 erimus
1219 4295 1400 4360 hodie,
1450 4309 1507 4353 ut
1551 4305 1852 4370 pmnitendi

279 4370 597 4439 cupidinem
641 4377 861 4434 aliunde
887 4397 1141 4451 quamex
1180 4386 1272 4442 Dei
1304 4389 1448 4446 dono
1481 4404 1735 4452 constare
1767 4414 1856 4454 ve-

285 4459 494 4516 limus?
548 4463 698 4532 Erat,
749 4469 944 4539 inquit,
993 4473 1190 4530 donum
1241 4479 1361 4545 Dei,
1417 4486 1626 4552 quando
1681 4505 1855 4543 recens
1889 4465 1932 4520 Β

282 4554 456 4609 adhuc
476 4558 773 4616 Saluatoris
793 4565 999 4619 calebat
1025 4585 1203 4623 cruor.
1229 4571 1370 4644 Ergo
1389 4576 1590 4631 donum
1630 4579 1721 4634 Dei
1751 4598 1856 4635 non

281 4655 370 4701 est
404 4647 506 4701 hoc
535 4654 814 4720 tempore?
847 4655 1108 4724 Sequitur
1137 4661 1412 4729 ἀπόδειξις
1432 4682 1498 4721 ex
1531 4667 1730 4732 Leone,
1756 4673 1859 4724 Au-

282 4738 533 4806 gustino,
564 4738 964 4799 Eucharistiam
1005 4761 1034 4800 a
1059 4752 1376 4818 poenitentia
1405 4757 1644 4812 differre.
1673 4760 1860 4817 Tanta:

279 4827 446 4882 molis
482 4837 622 4894 erat,
662 4830 713 4884 id
757 4843 1020 4902 astruere,
1054 4848 1148 4893 aut
1197 4847 1548 4911 persuadere,
1585 4853 1859 4918 ptBuitcn-

280 4919 418 4973 tiam
451 4920 652 4976 donum
687 4939 808 4980 esse
851 4927 964 4991 Dei,
1011 4944 1076 4980 ac.
1119 4931 1253 4986 citra
1293 4934 1689 4994 absolutionem
1726 4944 1861 4998 obtt~

281 5011 438 5064 neri!
475 5009 690 5067 Norunt
721 5013 825 5069 hoc
861 5017 916 5070 in
939 5017 1146 5076 scholis
1181 5024 1468 5095 theologia:
1505 5028 1737 5095 tirones,
1768 5032 1860 5100 qui

285 5104 667 5172 paenitentiam
701 5109 838 5165 alias
873 5127 1098 5167 sensum
1142 5117 1333 5183 animi,
1359 5132 1421 5172 ac
1446 5133 1608 5174 certa:
1641 5122 1859 5178 virtutis

291 5194 520 5249 ollicium
551 5212 673 5252 esse
703 5198 1048 5268 didicerunt;
1086 5219 1206 5272 quae
1239 5206 1549 5275 cujusmodi
1591 5210 1684 5274 sit,
1722 5213 1864 5267 inter

285 5302 344 5342 se
379 5286 652 5358 hodieque
690 5299 922 5346 certant.
962 5295 1116 5362 Apud
1157 5298 1537 5354 Innocentium
1580 5317 1709 5356 vero
1750 5318 1863 5372 pm-

279 5379 574 5434 nitentiam
600 5379 732 5433 nihil
764 5397 906 5446 esse,
946 5393 1144 5451 praeter
1174 5385 1327 5438 illum
1367 5388 1535 5442 animi
1569 5404 1858 5446 mererem

280 5487 352 5530 ac~
370 5470 576 5525 donum
602 5471 717 5538 Dei,
754 5490 871 5528 cras
904 5475 1131 5544 fortasse
1164 5475 1399 5542 credam,
1439 5497 1543 5534 non
1582 5481 1734 5535 hodie
1753 5482 1861 5552 (a);

279 5576 444 5620 tuum
485 5575 541 5619 ut
572 5566 665 5620 tibi
689 5566 1028 5624 redhibeant.
1055 5568 1410 5628 innocentius
1438 5572 1507 5627 ad
1537 5572 1862 5644 Exuperium

355 5723 434 5796 (τι)
464 5722 585 5796 I’ag.
622 5726 710 5778 l6.

1957 3199 2045 3243 tur
2063 3189 2137 3261 (b)
2157 3209 2168 3244 :
2199 3190 2338 3244 Nam
2353 3192 2594 3246 steviente
2609 3194 3026 3259 persecutionum
3042 3194 3295 3260 procella,
3313 3195 3403 3262 qui
3416 3210 3498 3257 pte
3511 3222 3530 3235 ο

1956 3283 2198 3344 nitentia,
2214 3289 2369 3350 prout
2386 3290 2498 3334 erat
2516 3282 2710 3335 donum
2729 3282 2845 3345 Dei,
2865 3283 3199 3352 amabantur,
3221 3285 3534 3338 concedeba-

1957 3372 2131 3424 tur-eis
2156 3373 2494 3440 pcrnitentia;
2522 3372 2573 3424 id
2590 3381 2689 3434 est,
2711 3374 3070 3440 penitentiam
3089 3371 3238 3426 illam
3272 3373 3532 3440 approba-

1957 3463 2045 3516 bat
2079 3463 2354 3518 Ecclesia:
2389 3464 2479 3518 sed
2512 3465 2624 3518 sine
2654 3477 2989 3533 peccatorum
3021 3465 3370 3522 absolutione.
3401 3466 3534 3521 Red-

1959 3556 2075 3608 dita
2118 3573 2233 3609 rero
2275 3555 2524 3609 Ecclesiae
2556 3570 2704 3623 pace,
2737 3558 3178 3620 communionem,
3229 3559 3282 3610 id
3319 3568 3419 3621 est,
3450 3575 3534 3612 ve-

1957 3650 2100 3703 niam
2126 3667 2218 3703 seu
2259 3659 2596 3718 peccatorum
2629 3649 3013 3704 absolutionem
3043 3651 3385 3704 morientibus
3415 3650 3533 3704 dar-i

1957 3741 2192 3808 placuit;
2225 3752 2270 3792 et
2303 3742 2355 3794 in
2379 3757 2438 3794 eo
2469 3741 2728 3794 damnata
2762 3750 2861 3803 est,
2901 3741 2991 3794 sed
3025 3742 3176 3811 longo
3209 3741 3416 3795 demunt
3447 3743 3534 3795 in.

1959 3831 2205 3894 teruallo.
2256 3830 2683 3887 Novatianorum
2726 3832 2964 3897 Itwresis,
3005 3834 3143 3902 quod
3195 3834 3534 3888 morientibus

1959 3927 2163 3980 ueniam
2191 3941 2293 3978 non
2314 3926 2636 3977 retaxarent.
2661 3923 2904 3977 Primum
2931 3924 3063 3978 illud
3087 3924 3396 3993 cujusmodi
3425 3933 3532 3988 est,

1959 4015 2263 4070 concedere
2309 4015 2709 4083 paenitentiam,
2758 4029 2882 4068 esse
2921 4015 3125 4068 donum
3170 4014 3305 4068 illud
3345 4029 3537 4084 appro-

1957 4105 2089 4160 bare
2118 4105 2231 4168 Dei,
2266 4120 2376 4176 quo
2408 4113 2727 4173 peccatores
2771 4103 2936 4158 amati
2977 4105 3144 4159 sunt?
3171 4105 3308 4170 Quis
3343 4107 3423 4161 sic
3457 4107 3538 4160 lo-

1958 4199 2185 4268 quitur?
2217 4198 2508 4253 Concedere
2538 4197 2686 4251 enim
2719 4205 2804 4251 est
2841 4196 3048 4266 aliquid
3091 4198 3352 4260 tribuere.
3390 4199 3532 4267 quod

1960 4291 2016 4345 in
2057 4291 2198 4361 ejus,
2240 4290 2332 4360 qui
2367 4290 2632 4360 indulget,
2676 4295 2945 4358 potestate
2980 4296 3250 4344 versatur.
3306 4288 3403 4344 llic
3439 4291 3534 4360 qui

1961 4385 2028 4439 ad
2063 4384 2458 4453 paenitentiam
2508 4381 2910 4452 impetrandam
2963 4381 3029 4435 ad
3085 4381 3407 4445 Eeclesiam,
3451 4383 3533 4438 vel

1963 4477 2274 4533 sacerdotes
2300 4477 2532 4539 accedit,
2556 4477 2684 4544 quid
2715 4492 2938 4531 necesse
2960 4478 3142 4542 habet,
3182 4477 3234 4531 id
3265 4478 3369 4532 sibi
3403 4493 3538 4531 eon-

1963 4571 2080 4625 ccdi
2116 4576 2318 4640 petere,
2362 4569 2505 4638 quod
2525 4569 2636 4639 jam
2677 4570 2745 4623 ab
2779 4571 2888 4636 illo,
2921 4571 3014 4640 qui
3050 4572 3181 4625 dare
3209 4578 3407 4638 potest,
3443 4584 3538 4624 ac-

1962 4662 2208 4732 ceperit?
2265 4661 2466 4717 Deinde
2511 4676 2610 4716 cur
2660 4661 2942 4717 admittere
2989 4652 3392 4732 paenitentiam,
3445 4669 3539 4714 aut

1963 4751 2256 4823 approbare
2288 4769 2396 4807 non
2421 4753 2582 4815 dixit,
2605 4753 2700 4808 sed
2731 4754 3032 4808 concedere
3050 4754 3073 4806 ‘!
3093 4751 3292 4825 Yerum
3322 4753 3538 4805 omitta-

1964 4853 2075 4911 tur,
2103 4845 2149 4900 si
2192 4845 2362 4910 lubet,
2399 4844 2548 4898 verlii
2597 4845 2701 4899 ista
2735 4844 3032 4898 conﬂictio.
3081 4842 3310 4913 Reliqua
3361 4845 3538 4898 omnis

1965 4939 2340 5008 interpretatio
2368 4937 2531 4990 nimis
2557 4937 2806 5006 ambigua
2839 4944 2941 4990 est.
2968 4934 3111 4988 Volo
3143 4934 3273 4987 mihi
3309 4950 3537 5003 respon-

1963 5033 2114 5092 deas,
2145 5029 2271 5098 quid
2314 5029 2416 5082 ista
2454 5027 2654 5092 velint;
2693 5028 2934 5080 swviente
2967 5026 3381 5095 persecutionum
3414 5040 3536 5092 pro-

1963 5123 2146 5176 cella?
2194 5120 2388 5177 Utrum
2432 5127 2610 5172 totum
2661 5118 2791 5171 illud
2831 5127 3044 5186 tempus
3084 5117 3376 5186 intelligas,
3431 5133 3537 5185 quo

1967 5215 2212 5270 Ecclesia
2251 5229 2317 5267 ex
2351 5213 2641 5268 intervallo
2675 5211 2902 5281 jactata,
2949 5219 3001 5264 et
3049 5208 3537 5262 intermittentthus

1967 5307 2410 5376 persecutionum
2470 5304 2726 5374 procellis
2778 5301 3072 5358 identidem
3130 5309 3393 5370 quassata
3445 5299 3536 5362 sit,

1963 5399 2109 5468 quod
2152 5399 2219 5452 ad
2256 5412 2456 5452 annum
2494 5396 2603 5450 fere
2641 5395 2766 5458 510,
2819 5404 2872 5449 et
2917 5410 2983 5449 eo
3029 5395 3284 5462 amplius,
3342 5390 3536 5445 tenuit.

1968 5489 2093 5544 Ηίιξο
2129 5489 2276 5543 enim
2315 5484 2758 5557 persecutionum
2791 5492 3037 5551 tempora
3061 5487 3222 5543 sunt;
3250 5491 3358 5531 non
3389 5479 3536 5540 quod

1972 5582 2252 5653 perpetuis
2301 5589 2356 5635 et
2399 5577 2677 5634 continuis
2725 5577 2859 5634 iisee
2911 5571 3166 5646 procellis
3225 5564 3536 5622 conﬂictata

2046 5731 2116 5788 ιω
2143 5729 2270 5790 Patr.
2298 5729 2383 5783 il.
