3920 6412
420 359 521 416 (ill

1739 347 1923 405 DION.
1987 340 2163 400 PETA
2176 338 2332 401 VIUS

3549 351 3634 408 illi

418 465 609 532 fuerit,
648 464 742 521 sed
773 466 919 536 quod
953 464 1007 519 in
1043 475 1235 519 corum
1283 472 1595 535 temporum
1641 470 1826 532 partes
1856 475 2008 529 gras-
2040 464 2084 519 Α
2115 457 2474 512 morientibus
2500 458 2878 513 tantummodo
2906 458 3197 527 relaXavit,
3230 461 3282 515 in
3307 475 3466 532 eoque
3489 460 3638 520 Nova-

422 555 567 611 satio
599 554 713 608 haec
746 554 968 609 hostilis
1002 553 1273 611 incubuit.
1312 552 1526 607 Totone
1550 551 1716 622 igitur
1739 550 1831 604 illo
1864 557 2002 604 tem-

420 665 572 720 pore,
611 664 806 718 nempe
832 649 1051 703 duobus
1083 647 1192 703 illis
1212 646 1454 701 tribusve
1474 644 1712 708 szeculis,
1732 639 2001 712 ejusmodi

429 740 601 796 fuisse
628 741 976 811 disciplinam
1001 739 1254 793 Ecclesia:
1283 752 1494 801 censes,
1533 744 1590 790 ut
1613 733 2002 806 pcenitentibus

419 831 757 903 quibuslibet
803 829 1116 884 communio
1167 835 1485 899 negaretur;
1535 833 1592 880 ut
1627 825 1773 879 nulla
1809 838 2002 894 pecca-

421 930 604 977 torum
643 921 991 976 absulutione
1030 920 1255 984 tributa,
1290 920 1407 975 sola
1442 917 1759 989 pmnitentia
1805 929 2002 970 conce-

416 1013 687 1069 deretur?
711 1016 814 1067 hoc
843 1020 948 1075 est,
976 1019 1033 1065 ut
1069 1012 1317 1082 exponis,
1345 1011 1741 1080 approbarctur
1774 1007 2002 1061 interior

422 1104 517 1159 ille
567 1117 784 1168 sensus,
836 1102 1102 1155 divinitus
1155 1101 1436 1154 hominum
1494 1098 1694 1152 animis
1742 1097 1997 1165 injectus.

425 1194 545 1250 Non
572 1195 719 1249 aliud
752 1193 1217 1263 interpretationis
1248 1202 1352 1246 tuae
1380 1191 1540 1245 verba
1569 1206 1680 1261 pra:
1709 1205 1767 1244 se
1797 1189 1997 1253 ferunt,

416 1302 542 1355 quae
570 1287 870 1356 generatim
918 1284 1137 1347 docent,
1187 1283 1382 1337 amans
1414 1283 1521 1336 illis
1554 1283 1698 1335 dono
1736 1281 1825 1335 llci
1872 1296 2000 1350 pec-

419 1389 666 1432 catorum
698 1376 1098 1430 absolutionem
1131 1375 1354 1429 minimc
1379 1389 1504 1429 esse
1528 1386 1869 1433 concessam,
1901 1369 1997 1426 sed

422 1469 705 1539 probatam
732 1467 999 1521 duntaxat
1033 1466 1431 1537 pmnitentiam.

491 1560 568 1615 Ex
600 1576 709 1630 quo
736 1574 1083 1630 consequens
1116 1568 1219 1622 est,
1252 1557 1383 1612 nulli
1420 1562 1543 1626 post
1584 1555 1797 1625 lapsum
1840 1568 1994 1609 com-

421 1654 767 1713 munionem,
805 1652 856 1706 id
893 1659 999 1718 est,
1042 1651 1448 1706 absolutionem
1489 1648 1664 1703 fuisse
1706 1648 1996 1702 redditam.

424 1743 575 1799 Itane
610 1752 727 1799 toto
754 1744 849 1797 illo
880 1751 1127 1812 tempore
1157 1741 1430 1811 paenitens
1466 1752 1625 1791 nemo
1652 1752 1776 1791 cum
1813 1736 2000 1790 Eccle-

2112 552 2388 603 tianorum
2427 549 3000 611 damnavithteresim.
3031 551 3149 605 Non
3181 552 3341 623 igitur
3364 553 3469 608 lucc
3490 557 3635 610 solum

2108 650 2363 712 arguunt,
2386 642 2584 711 priscis
2612 642 2720 697 illis
2752 644 3093 712 temporibus
3134 644 3295 698 nullis
3316 647 3519 699 omnino
3546 662 3640 717 pa:-

2112 731 2435 792 nitentibus,
2475 741 2663 800 postea
2703 745 2833 784 vero
2875 730 3217 785 moribundis
3262 731 3527 799 duntaxat,
3559 734 3641 789 ab-

2109 821 2434 876 solutionem
2484 836 2607 877 esse
2648 822 2994 890 permissam,
3041 821 3137 877 sed
3178 836 3240 875 ea
3285 837 3505 893 quoque,
3542 841 3642 894 quae

2110 928 2235 983 pag.
2264 913 2331 967 l3
2361 913 2613 975 disseris,
2647 912 2775 965 dum
2801 912 2915 966 haec
2943 912 3244 967 Innocentii
3267 914 3422 967 verba
3448 932 3460 967 :
3483 928 3641 985 negata

2110 1004 2299 1056 merito
2329 1004 2628 1057 communio
2663 1014 2762 1067 est,
2795 1020 3044 1058 concessa
3075 1006 3393 1074 paenitentia,
3427 1024 3483 1061 ne
3504 1017 3645 1063 totum

2108 1094 2316 1163 penitus
2363 1106 2667 1165 negaretur,
2724 1096 2777 1149 in
2829 1094 2972 1150 hanc
3021 1098 3347 1151 sententiam
3394 1099 3642 1167 eXplicas:

2109 1184 2450 1239 Pwnitentiw
2502 1186 2880 1254 approbatione
2938 1202 3031 1255 per
3079 1189 3370 1242 Ecclesium
3419 1192 3647 1245 vinculum

2105 1280 2665 1331 excommunicationis
2711 1277 3033 1347 solvebatur,
3080 1296 3198 1333 cum
3246 1293 3416 1335 tamen
3461 1283 3649 1337 absolu-

2109 1366 2183 1418 tio
2219 1383 2321 1419 non
2355 1366 2738 1420 concederetur.
2771 1367 2927 1433 Quod
2973 1366 3225 1424 universe
3270 1366 3437 1439 deque
3473 1384 3643 1441 genere

2109 1458 2489 1527 pmnitcntium
2530 1460 2677 1513 omni
2727 1467 2887 1529 putas
2934 1460 3363 1530 intelligendum.
3411 1460 3647 1516 Innocen-

2108 1551 2218 1603 tius
2252 1552 2398 1604 enim
2432 1550 2500 1605 de
2530 1551 2870 1619 temporibus
2918 1552 3028 1608 illis
3058 1552 3318 1623 loquitur,
3352 1553 3538 1623 quibus
3564 1570 3648 1610 stc-

2108 1641 2274 1695 oiente
2314 1644 2736 1709 persecutionum
2781 1644 3035 1711 procella,
3084 1646 3251 1701 nullis
3291 1645 3502 1701 omnino
3538 1660 3651 1701 con-

2109 1748 2321 1789 oessam
2354 1734 2757 1789 absolutionem
2790 1748 2915 1791 esse
2942 1734 3149 1790 dixisti.

360 1848 367 1853 ‘
419 1836 505 1891 sia
543 1834 933 1889 reconciliatus
964 1839 1072 1895 est,
1104 1845 1263 1885 nemo
1284 1828 1338 1882 in
1373 1828 1643 1898 integrum
1676 1824 2002 1879 restitutus?
2036 1815 2076 1873 Β
2178 1825 2313 1879 Cum
2363 1826 2531 1897 igitur
2558 1825 2626 1883 de
2666 1834 2761 1881 tua
2806 1835 2989 1883 mente
3038 1843 3102 1883 ac
3139 1830 3405 1885 sententia
3446 1836 3650 1893 constet,

420 1921 633 1975 exclusi
665 1921 719 1974 in
762 1931 1084 1989 perpetuum
1127 1918 1197 1972 ab
1225 1916 1489 1980 Ecclesia,
1521 1924 1577 1971 et
1618 1914 2005 1969 communione

429 2026 642 2081 usuque
690 2018 1159 2065 sacramentorum
1208 2007 1448 2069 fuerunt,
1510 2006 1602 2075 qui
1662 2005 1829 2059 semel
1869 2003 2006 2057 deli-

421 2103 698 2174 querant?
724 2102 940 2157 Diceret
977 2101 1169 2156 saltem
1199 2114 1294 2155 eos
1329 2098 1659 2153 nominatim
1694 2096 1761 2149 ad
1798 2104 2001 2150 tantam

422 2194 770 2250 severitatem
803 2200 1083 2261 exceptos,
1115 2191 1207 2260 qui
1243 2189 1570 2260 gravissima
1610 2186 1857 2256 quaedam
1905 2186 2005 2240 lla-

421 2284 558 2356 gitia
593 2284 1023 2346 commisissent,
1070 2282 1213 2352 quod
1250 2282 1305 2335 in
1355 2280 1556 2350 triplici
1588 2278 1879 2332 criminum
1920 2292 2006 2347 ge.

422 2392 553 2432 nere
584 2376 977 2431 vetustissimis
1012 2375 1278 2429 duntaxat
1313 2372 1654 2443 temporibus
1686 2372 2000 2425 institutum

421 2466 477 2521 in
510 2466 752 2521 Ecclesia
785 2464 958 2520 fuisse
997 2466 1178 2534 capite
1217 2463 1331 2524 illo,
1368 2462 1513 2533 quod
1556 2462 1878 2532 dispunctor
1905 2461 2002 2515 de-

422 2558 625 2628 signat,
676 2556 1041 2612 ostendimus.
1087 2558 1157 2609 At
1204 2556 1531 2625 preniteutes
1576 2570 1789 2620 omnes,
1838 2561 1892 2609 et
1931 2554 2003 2607 ob

426 2648 685 2720 quaelibet
750 2648 1042 2702 criminum
1094 2662 1291 2717 genera
1344 2647 1662 2717 pmnitentia
1718 2648 2001 2712 multatos,

427 2740 778 2795 absolutione
819 2740 1318 2808 communioueque
1378 2740 1431 2792 in
1480 2739 1873 2808 sempiternum
1912 2754 2007 2791 ca-

438 2830 644 2892 ruisse,
665 2844 844 2898 neque
866 2843 1049 2883 verum
1070 2837 1173 2891 est,
1198 2834 1395 2897 nosne,
1425 2837 1485 2881 ut
1509 2828 1783 2883 levissime
1803 2828 2003 2893 dicam,

432 2919 759 2993 persuaderi
790 2920 1003 2975 ratione
1036 2920 1147 2973 ulla
1187 2920 1268 2974 vel
1298 2920 1625 2974 auctoritate
1658 2926 1855 2990 potest.
1900 2918 2009 2974 Re-

427 3024 607 3083 petam
644 3014 878 3070 iterum:
916 3011 1030 3067 Hoc
1060 3013 1151 3066 illa
1194 3020 1285 3067 tua
1329 3012 1467 3066 ratio
1511 3011 1737 3066 delinire
1768 3012 2003 3075 videtur,

426 3106 572 3176 quod
614 3104 820 3159 nemini
872 3103 1227 3175 probaveris:
1266 3103 1465 3174 priscis
1505 3103 1613 3158 illis
1642 3103 2003 3173 temporibus,

427 3197 631 3267 quibus
665 3196 981 3267 persecutio
1005 3196 1199 3258 sazviit,
1242 3196 1450 3249 nullum
1504 3196 1597 3263 qui
1630 3195 1851 3265 quidem
1880 3210 2007 3265 gra-

428 3292 550 3345 vius
601 3288 942 3352 oll‘endisset,
985 3287 1090 3342 hoc
1136 3294 1241 3349 est,
1300 3287 1681 3357 pamitentiam
1734 3286 2009 3356 publicam

432 3389 639 3451 ageret,
680 3380 916 3442 absolvi,
968 3377 1341 3442 reconciliari,
1396 3377 1773 3432 communioni
1826 3392 2012 3432 sacra-

434 3475 745 3542 mentisque
776 3471 991 3527 restitui
1035 3470 1301 3540 potuisse.
1331 3468 1466 3524 Nam
1511 3471 1781 3543 ἀορίστως
1810 3479 1862 3525 et
1899 3469 2014 3524 infi-

432 3564 547 3617 nite
583 3564 777 3624 doces,
821 3560 1082 3615 swviente
1133 3560 1578 3631 persecutionum
1630 3560 1868 3630 procella
1922 3560 2008 3623 iis,

432 3654 528 3723 qui
563 3654 897 3724 prenitentia:
940 3653 1103 3715 dono,
1138 3651 1190 3706 id
1232 3661 1339 3716 est,
1383 3652 1560 3706 intimi
1605 3666 1772 3707 sensu
1805 3651 2013 3705 doloris

434 3754 594 3799 erant
619 3743 809 3807 alllati,
860 3743 1239 3813 pauitentiam
1278 3741 1498 3812 quidem
1550 3741 1697 3794 illam
1743 3742 2014 3810 approba-

435 3844 570 3901 tam,
612 3834 708 3890 sed
747 3836 867 3888 sine
895 3843 1246 3904 peccatorum
1270 3831 1638 3887 absolutione.
1669 3830 1861 3895 Addis,
1890 3832 2013 3885 red-

434 3926 552 3980 dita
592 3924 840 3979 Ecclesia:
868 3939 1018 3995 pace,
1046 3924 1272 3983 ueniant,
1315 3938 1407 3977 seu
1432 3931 1771 3990 peccatorum
1800 3922 2016 3977 absolu-

436 4018 634 4072 tionem
659 4016 1005 4070 morientibus
1036 4016 1159 4069 dari
1197 4014 1496 4083 placuisse;
1536 4024 1583 4069 et
1614 4016 1671 4068 in
1700 4031 1758 4068 eo
1788 4015 2017 4068 danmao

436 4119 551 4162 tam
582 4124 717 4171 esse,
742 4108 833 4162 sed
866 4109 1021 4178 longo
1049 4107 1352 4172 intervallo,
1394 4105 1821 4160 Nooatianorum
1844 4107 2015 4160 lucre-

438 4202 564 4269 sim,
610 4200 748 4271 quod
793 4199 1136 4254 morientibus
1170 4201 1377 4251 veniam
1423 4215 1529 4252 non
1570 4199 1894 4253 relaxarat.
1941 4198 2017 4252 Ita

438 4306 566 4346 sero
598 4289 817 4345 tandem
847 4305 968 4343 mos
1000 4289 1091 4342 ille.
1121 4288 1175 4341 in
1201 4287 1501 4342 Ecclesium
1536 4288 1887 4342 introductus
1910 4295 2016 4351 est,

354 4436 359 4439 ,
440 4391 505 4435 ιιι
538 4380 933 4451 penitentibus
970 4379 1290 4434 communio
1340 4379 1695 4446 redderetur;
1743 4394 1923 4450 neque
1965 4380 2019 4433 id

2107 1916 2249 1972 hanc
2276 1933 2379 1988 ego
2404 1929 2667 1985 mentem,
2695 1920 2836 1974 hanc
2860 1920 3186 1976 sententiam
3208 1931 3351 1974 tuam
3372 1927 3424 1974 et
3445 1920 3650 1987 veritati,

2106 2018 2162 2066 et
2193 2011 2546 2081 antiquorum
2576 2012 2916 2078 auctoritati,
2944 2021 2997 2067 et
3025 2010 3283 2068 Ecclesiae
3322 2013 3568 2076 moribus,
3597 2028 3653 2067 ne

2106 2101 2238 2171 quid
2270 2102 2496 2173 gravius
2532 2102 2734 2163 dicam.
2772 2116 2912 2173 nego
2937 2116 3061 2158 esse
3084 2111 3524 2158 consentaneam.
3560 2104 3652 2157 Hoc

2104 2194 2251 2248 enim
2287 2194 2612 2259 constituto,
2658 2208 2843 2249 cause
2889 2193 3027 2247 nihil
3072 2204 3319 2263 apparet,
3370 2208 3466 2248 cur
3498 2192 3652 2247 Nova-

2103 2283 2241 2337 tiani
2294 2283 2593 2338 divortium
2648 2298 2771 2338 cum
2817 2279 3063 2337 Ecclesia
3104 2281 3382 2338 Catholica
3423 2282 3650 2337 facerent.

2114 2374 2260 2441 Quid
2282 2375 2426 2430 enim
2459 2383 2563 2440 est,
2611 2374 2754 2445 quod
2794 2375 3048 2429 haeretica
3082 2375 3186 2430 ista
3228 2373 3389 2430 factio
3417 2374 3654 2444 praecipue

2108 2466 2427 2538 pugnabat?
2457 2467 2670 2538 Opinor
2699 2467 2881 2536 lapsos
2908 2474 3247 2537 caaterosque
3274 2474 3572 2537 peccatores
3599 2462 3675 2517 ad:

2110 2558 2370 2614 Ecclesice
2414 2573 2603 2629 pacem
2642 2565 2697 2614 et
2728 2559 3168 2615 communionem
3202 2558 3419 2613 nolebat
3450 2555 3651 2611 admitti.

2106 2649 2225 2705 Non
2270 2651 2391 2706 illos
2430 2664 2462 2704 a
2501 2665 2597 2722 spe
2625 2652 2799 2706 veniae
2844 2665 2909 2705 ac
2954 2650 3149 2705 salutis
3176 2647 3531 2704 excludebat:
3561 2659 3650 2700 non

2108 2742 2345 2795 afﬂatum
2397 2740 2549 2794 illum
2598 2739 2913 2810 donumque
2964 2739 3090 2805 Dei,
3141 2738 3252 2794 hoc
3299 2748 3382 2794 est
3432 2736 3652 2792 intimum

2107 2831 2273 2885 anitni
2328 2845 2619 2886 mmrorem
2666 2845 2731 2885 ac
2793 2830 3166 2901 paenitentiam
3218 2845 3249 2884 a
3304 2826 3652 2900 peccatoribus

2108 2923 2519 2991 abjudicabant.
2585 2922 2697 2976 lmo
2756 2922 3117 2977 hortabantur
3164 2921 3236 2977 ad
3294 2916 3653 2992 paenitentiam,

2108 3016 2357 3086 adeoque
2385 3015 2771 3085 paenitentiam
2796 3014 3196 3079 concedebant,
3257 3014 3363 3069 hoc
3390 3020 3470 3068 est
3498 3023 3656 3081 appro-

2110 3107 2334 3162 babant.
2375 3106 2635 3161 Socrates
2668 3103 3008 3161 Novatianus
3052 3104 3122 3160 de
3169 3114 3398 3160 auctore
3436 3096 3654 3157 factionis

2112 3198 2344 3261 Novato.
2380 3198 2475 3253 lib.
2509 3212 2585 3263 tv,
2618 3212 2737 3268 cap.
2776 3197 2863 3261 l3,
2906 3210 3161 3260 narrans,
3207 3192 3491 3266 scripsisse
3520 3190 3652 3246 refert

2114 3291 2292 3362 ipsum
2332 3290 2452 3353 ταῖς
2484 3290 2761 3361 πανταχοῦ
2800 3289 3167 3360 Ἐκκλησίαις,
3190 3288 3268 3360 μὴ
3293 3285 3530 3358 δέχεσθαι
3556 3282 3656 3344 toi);

2113 3382 2501 3445 ὲπιτεθυκότας
2530 3382 2612 3446 εις
2633 3382 2700 3434 τὰ
2729 3382 3004 3451 μυστήρια
3022 3396 3036 3410 ⁶
3081 3379 3222 3433 ἀλλὰ
3250 3378 3559 3451 προτρέπειν
3579 3372 3657 3443 μὲν

2115 3475 2312 3536 αὐτοὺς
2339 3472 2419 3536 εἰς
2448 3472 2759 3542 μετάνοιαν,
2793 3471 2892 3540 τὴν
2923 3470 2980 3523 δὲ
3007 3468 3358 3541 αυγχώρησιν
3383 3467 3658 3537 ἐπιτρέπειν

2114 3564 2233 3635 Θεῷ
2267 3563 2346 3635 τῷ
2391 3564 2675 3635 δυναμένῳ
2732 3565 2824 3616 καὶ
2868 3562 3117 3627 ἐξουσίαν
3178 3562 3357 3633 ἔχοντι
3399 3553 3659 3627 συγχωρεῖν

2114 3655 2508 3726 ἁμαρτήματα.
2541 3653 2809 3707 Unioersis
2846 3651 3119 3715 Ecclesiis,
3161 3668 3231 3705 ne
3273 3650 3443 3718 lapsos
3483 3645 3542 3699 ad
3570 3658 3661 3710 my-

2117 3748 2281 3800 steria
2318 3746 2627 3815 reciperent,
2656 3746 2746 3799 sed
2782 3756 2838 3798 ut
2882 3745 3026 3813 ipsos
3068 3742 3137 3795 ad
3176 3740 3531 3811 paenitentiam
3561 3735 3661 3786 lior-

2119 3818 2382 3902 tarentur,
2415 3836 2803 3891 absolutionem
2836 3851 2955 3889 vero
2984 3832 3093 3888 Deo
3122 3833 3502 3902 permitterent,
3526 3824 3602 3895 qui
3621 3829 3659 3874 et

2117 3941 2287 4001 potest
2310 3940 2360 3985 et
2395 3929 2710 3999 facultatem
2740 3929 2893 3982 habet
2924 3937 3139 3997 peccata
3171 3924 3491 3981 condonare.
3515 3914 3660 3972 Potni-

2120 4025 2343 4078 tentiam
2389 4023 2557 4094 igitur
2587 4021 2983 4086 concedebant,
3037 4019 3139 4073 hoc
3172 4027 3285 4082 est,
3330 4011 3656 4088 approbabunt

2118 4114 2425 4171 Novatiani.
2460 4113 2616 4180 Quod
2647 4120 2702 4167 ct
2746 4111 3023 4167 Ambrosii
3050 4110 3221 4165 verba
3261 4110 3364 4165 ista
3396 4103 3661 4176 signiﬁcant

2120 4205 2215 4261 lib.
2248 4220 2286 4268 ι,
2329 4202 2629 4272 Depwnit.,
2665 4200 2877 4271 (ξυροῦ.
2907 4199 3047 4265 Quid
3088 4209 3269 4253 autent
3309 4198 3513 4261 durius,
3534 4201 3665 4263 quam

2120 4304 2177 4349 ut
2221 4295 2460 4349 indicant
2504 4293 2895 4363 paenitentiam,
2923 4307 3083 4362 quam
3128 4307 3234 4345 non
3280 4286 3549 4344 relaxent!
3580 4289 3665 4335 etc.

2122 4386 2225 4453 Qui
2272 4386 2633 4455 paenitentiam
2698 4383 2979 4439 concedere
3021 4383 3157 4438 nihil
3194 4397 3323 4439 esse
3366 4386 3513 4451 putat
3546 4367 3669 4429 aliud

440 4470 662 4542 quidem
717 4472 917 4540 quovis
965 4483 1230 4539 tempore,
1276 4471 1371 4525 sed
1417 4470 1475 4524 in
1512 4472 1708 4525 mortis
1750 4471 2018 4525 duntaxat
2053 4487 2094 4541 ο
2124 4493 2289 4547 quam
2317 4477 2521 4531 donum
2565 4475 2695 4529 illud
2746 4473 2861 4538 Dei,
2907 4482 2962 4529 et
3009 4473 3263 4544 illapsum
3306 4474 3359 4527 in
3402 4460 3670 4541 peccatoris

444 4562 708 4632 periculo.
748 4561 888 4631 Ergo
927 4562 1002 4614 ita
1041 4562 1326 4629 disputas:
1360 4560 1560 4616 Primis
1581 4562 2021 4617 Christianorum

445 4652 813 4723 temporibus,
839 4668 961 4723 quae
995 4653 1473 4723 persecutionibus
1502 4660 1662 4707 erant
1689 4652 1909 4717 infesta,
1943 4653 2026 4706 af-

444 4748 588 4803 ﬂatis
616 4746 723 4801 illis
751 4759 816 4799 ac
844 4744 1235 4827 pcenitentibus
1266 4751 1516 4814 negatam
1546 4742 1813 4807 funditus,
1841 4744 1922 4798 vel
1968 4744 2021 4797 in

452 4840 704 4912 periculo
737 4838 954 4902 mortis,
1005 4838 1401 4892 absolutionem
1430 4851 1444 4890 :
1476 4835 1687 4891 reddita
1720 4852 1850 4890 vero
1883 4844 2028 4889 lt‘ntt—

449 4933 744 5002 quillitate,
787 4932 928 4987 solis
950 4930 1313 4985 morientibus
1334 4945 1458 4984 esse
1486 4945 1829 4994 concessam,
1863 4939 2029 5000 atque

449 5040 519 5080 ex
551 5039 617 5078 eo
650 5024 770 5077 solo
795 5023 995 5094 capite,
1036 5022 1180 5091 quod
1214 5024 1409 5077 saltem
1445 5022 1806 5077 morientibus
1832 5038 1931 5092 pax
1974 5031 2028 5077 et

454 5114 829 5169 reconciliatio
872 5114 1229 5176 tribueretur,
1265 5113 1600 5168 Novatianos
1632 5129 1756 5170 esse
1793 5114 2029 5168 damna-

455 5214 561 5261 tos.
610 5203 763 5260 lianc
804 5215 952 5259 tuam
994 5207 1300 5260 orationem
1341 5222 1405 5259 ac
1436 5215 1672 5262 tuentem
1714 5223 1822 5262 non
1853 5210 2030 5261 solum

458 5299 571 5363 illa,
601 5312 725 5368 quae
757 5310 825 5351 ex
859 5312 985 5367 pag.
1020 5296 1077 5361 2,
1121 5298 1302 5362 retuli,
1343 5297 1757 5364 demonstrant;
1808 5301 1897 5354 ubi
1944 5314 2026 5355 as-

456 5389 620 5453 seris,
656 5389 901 5441 swoieute
926 5388 1348 5455 persecutionum
1372 5389 1607 5456 procella
1636 5390 1937 5457 paenitentes
1967 5390 2037 5443 ad

461 5482 636 5535 solum
677 5480 1038 5553 paenitentiam
1074 5478 1337 5534 admissos
1368 5482 1478 5535 sine
1517 5497 1607 5550 spe
1642 5484 2037 5536 reconciliatio-

462 5568 584 5625 nis:
635 5568 780 5631 quod
830 5577 941 5622 tam
988 5569 1055 5622 tle
1086 5571 1236 5625 sanis
1284 5586 1348 5624 ac
1388 5572 1721 5639 valentibus,
1764 5589 1926 5643 quam
1973 5577 2041 5630 de

471 5655 815 5713 moribuudis
837 5662 1065 5728 accipis.
1094 5657 1338 5729 Subjicis
1365 5663 1534 5729 enim,
1560 5664 1836 5734 disparem
1862 5682 1925 5719 ac
1949 5667 2043 5720 mi-

477 5743 671 5796 tiorem
722 5748 1174 5805 consuetudinem
1222 5752 1454 5811 subinde
1490 5763 1785 5825 receptam,
1819 5771 1941 5826 quae
1977 5759 2043 5814 de

2127 4569 2370 4622 animum
2439 4568 2674 4639 probare
2727 4566 2996 4631 dolorem,
3050 4564 3390 4621 Novatianos
3446 4554 3671 4614 fatebitur

2125 4658 2469 4714 concessisse
2521 4657 2925 4728 pcnnitentiam,
2988 4655 3238 4724 adeoque
3289 4654 3423 4708 nihil
3477 4650 3569 4703 hac
3617 4654 3671 4695 ct

2128 4760 2282 4822 parte
2306 4766 2341 4803 a
2361 4750 2650 4805 catholicis
2682 4748 3063 4817 discrepasse;
3097 4763 3222 4801 nam
3262 4743 3407 4816 quod
3450 4743 3534 4809 jus
3562 4730 3672 4790 illud

2129 4850 2350 4912 peccata
2384 4839 2696 4894 remitteudi
2733 4854 2900 4909 penes
2931 4838 3233 4893 Ecclesiam
3259 4852 3380 4892 esse
3415 4823 3673 4888 Novatiani

2130 4947 2393 5005 praeterea
2418 4939 2775 5002 negaverunt,
2803 4931 3198 4986 affirmantibus
3231 4926 3532 4989 catholicis,
3561 4916 3673 4975 nihil

2132 5027 2200 5081 ad
2250 5041 2362 5080 rem
2401 5025 2679 5095 pertinet:
2723 5025 2984 5093 primum,
3034 5024 3163 5092 quia
3214 5018 3480 5091 superiori
3523 5010 3677 5082 capite

2132 5132 2332 5188 negare
2360 5118 2510 5169 visus
2534 5132 2614 5178 cs,
2644 5112 2979 5168 Novatianos
3003 5114 3134 5167 illud
3170 5113 3327 5166 initio
3348 5107 3603 5165 docuisse,
3634 5101 3678 5151 οι

2133 5212 2395 5283 gradibus
2443 5208 2773 5279 quibusdam
2807 5222 2873 5261 eo
2915 5206 3134 5261 demum
3166 5203 3495 5276 pervenisse.
3525 5195 3681 5260 Quale

2137 5304 2315 5373 primo
2341 5302 2435 5356 illo
2464 5303 2518 5355 in
2558 5300 2763 5355 erroris
2793 5300 2987 5367 gradu,
3016 5298 3175 5352 velim
3210 5292 3554 5365 respondeas,
3597 5294 3680 5373 cui:

2138 5368 2199 5451 se
2247 5392 2585 5447 Novatianus
2624 5406 2653 5444 a
2698 5390 2987 5445 catholicis
3030 5388 3153 5443 ideo
3198 5383 3513 5457 segregarit,
3557 5368 3677 5445 quod

2144 5486 2317 5556 lapsis
2349 5501 2538 5556 pacem
2571 5484 2637 5539 ad
2667 5484 2875 5539 veniam
2911 5482 3254 5537 tribuendam
3304 5494 3409 5533 non
3440 5471 3677 5529 crederet.

2141 5578 2187 5633 si
2207 5577 2347 5631 idem
2373 5586 2429 5631 et
2450 5576 2521 5630 ab
2543 5575 2787 5631 Ecclesia
2811 5574 3112 5629 factitatum
3133 5572 3317 5627 fuerit.
3338 5565 3549 5651 Qcinde,
3573 5559 3679 5630 quia

2143 5669 2211 5724 de
2236 5670 2380 5723 facto
2412 5670 2565 5740 prius
2607 5682 2771 5738 quam
2802 5666 2871 5723 de
2911 5666 3034 5735 jure
3067 5674 3211 5719 mota
3245 5672 3329 5718 est
3356 5661 3421 5715 ab
3448 5657 3545 5711 illis
3569 5664 3678 5706 con-

2145 5761 2434 5819 troversia.
2465 5759 2644 5817 Docco
2682 5759 2793 5830 iam
2842 5757 3192 5814 falsissimum
3236 5769 3381 5816 esse.
3422 5746 3555 5823 quod
3586 5741 3677 5795 δίε·
