3920 6420
319 338 429 396 615

1449 333 1820 393 ADVERSUS
1857 333 2024 391 MAT.
2071 334 2427 394 SlMONlUM.

3492 348 3590 404 611

313 466 574 530 ναηοιοιν
599 472 714 514 non
763 457 854 514 ille
887 453 1108 528 quidem
1143 455 1375 526 probat;
1421 457 1518 512 sed
1565 455 1910 528 Pythagoreo
1938 461 1983 517 Α
2013 455 2417 525 persecutionis
2444 456 2611 526 editi;
2641 458 2842 529 quibus
2863 475 3024 517 suum
3053 463 3328 534 plerisque
3349 465 3590 532 peccatis

313 567 466 608 more
501 551 848 624 pronuntiat,
895 548 1281 620 peccatoribus
1312 548 1484 603 solam
1530 549 1650 604 sine
1678 548 1904 604 absolu-

311 645 463 697 tione
514 640 780 696 tributam
837 654 963 694 esse
1018 639 1420 709 paenitentiam.
1479 637 1899 702 Tertullianus,

311 730 505 796 credo,
537 729 607 784 iis
649 729 786 798 ipsis
817 729 1161 797 temporibus
1188 726 1394 792 ﬂoruit,
1427 728 1629 797 quibus
1655 743 1901 796 persecu-

311 821 472 877 tionis
509 818 741 886 procella
781 816 1047 883 saeviebat,
1093 816 1360 886 quibusve
1417 823 1671 886 negatam
1727 814 1904 885 poeni-

323 911 570 968 tentibus
609 909 833 964 omnino
867 924 1053 979 pacem
1090 915 1390 964 asseverat.
1435 909 1504 963 At
1545 908 1636 963 ille
1681 908 1775 962 lib.
1825 906 1901 960 De

317 1003 624 1074 prtescript.
651 1000 983 1056 Marcionem
1010 999 1321 1064 Ponticum,
1349 1015 1509 1069 quem
1541 1007 1763 1070 preptcr
1790 1007 1902 1054 stu-

2006 548 2344 618 pmnitentiae
2393 555 2609 618 tempus
2654 551 3018 620 describitur,
3071 561 3126 609 et
3169 556 3224 608 in
3263 556 3370 608 line
3430 556 3590 625 μέθε-

2007 636 2108 704 ξις,
2165 637 2484 692 communio
2529 637 2908 708 absolutioque
2943 641 3286 710 proponitur.
3321 641 3588 711 Serapion

2004 726 2097 783 ille
2143 727 2450 791 confessor,
2506 730 2669 797 cujus
2718 731 2966 784 meminit
3018 729 3289 786 Eusebius
3347 731 3443 784 lib.
3506 747 3588 794 vr,

2003 833 2126 888 cap.
2171 818 2264 884 26,
2300 817 2506 874 Eccles.
2556 821 2745 875 histor.
2784 820 2932 890 quod
2975 821 3136 877 idolis
3195 822 3585 887 sacrificasset,

2003 910 2094 964 diu
2127 909 2388 979 reiectus,
2421 911 2524 966 sub
2555 910 2737 983 ipsum
2771 913 2964 967 mortis
2994 920 3212 982 tempus
3241 913 3306 968 ad
3332 929 3586 968 commu-

2006 1000 2226 1054 nionem
2260 1000 2528 1056 Dominici
2564 1003 2815 1071 corporis
2844 1011 2929 1058 est
2953 1003 3230 1060 admissus
3260 1021 3274 1057 :
3305 1004 3449 1074 quod
3473 1019 3503 1057 a
3531 1021 3589 1058 se

312 1111 474 1166 prum
522 1095 812 1164 cujusdam
852 1093 1081 1164 virginis
1124 1094 1194 1148 ab
1228 1092 1486 1148 Ecclesiae
1515 1094 1900 1148 communione
2001 1091 2326 1146 mandatum
2349 1109 2473 1149 esse
2507 1093 2800 1165 Dionysius
2825 1095 3229 1150 Alexandrinus
3257 1097 3423 1150 refert
3446 1096 3587 1165 apud

314 1187 598 1257 abjectum
633 1202 757 1244 esse
785 1186 946 1250 dixit,
982 1185 1162 1248 docet,
1189 1186 1256 1240 ad
1285 1200 1470 1255 pacem
1501 1185 1896 1241 admittendum

313 1277 574 1333 Ecclesiae
602 1278 791 1344 fuisse,
819 1278 927 1332 nisi
961 1286 1141 1332 morte
1165 1285 1476 1348 praeventus
1505 1286 1670 1332 esset.
1701 1275 1896 1332 Pacem

309 1372 480 1441 igitur
507 1377 587 1424 tot
626 1371 718 1425 ille
755 1370 1056 1424 sceleribus
1093 1379 1389 1440 coopertus
1423 1376 1479 1424 et
1515 1367 1736 1424 infamis
1787 1368 1897 1423 lue-

312 1461 596 1517 resiarcha
663 1476 729 1515 ac
762 1461 1080 1530 sacrilegus.
1111 1461 1215 1516 nisi
1247 1470 1425 1516 morte
1454 1461 1599 1516 illam
1643 1470 1895 1517 antever-

297 1553 490 1617 ‘tisset,
539 1551 832 1608 obtineret.
881 1551 1206 1608 Tertulliani
1239 1554 1405 1608 verba
1442 1563 1575 1609 sunt
1609 1569 1731 1625 cap.
1781 1555 1890 1610 50:

308 1643 661 1698 Postmodum
713 1642 959 1698 Marcion
1005 1645 1368 1714 paenitentiam
1421 1645 1718 1714 confessus,
1774 1662 1893 1699 cum

307 1733 608 1788 conditioni
640 1734 782 1788 data:
832 1735 935 1790 sibi
965 1737 1216 1799 occurrit,
1250 1737 1327 1789 ita
1355 1753 1535 1807 pacem
1565 1749 1889 1806 recepturus,

2000 1181 2349 1238 Eusebium:
2398 1185 2648 1256 Ἐντολῆς
2695 1187 2788 1240 ὑπ’
2837 1185 2972 1257 ἐμοῦ
3021 1185 3344 1258 δεδομένης,
3386 1188 3585 1257 inqut,

1998 1273 2124 1336 τοὺς
2157 1273 2662 1346 ἀπαλλαττομένους
2695 1275 2787 1330 τοῦ
2825 1276 2961 1347 βίου,
3010 1280 3058 1331 ei
3102 1278 3326 1343 δέοιντο,
3369 1281 3463 1332 καὶ
3492 1282 3591 1350 μάα

1997 1363 2155 1419 λιστα
2195 1367 2244 1419 sl
2279 1367 2372 1420 καὶ
2413 1368 2676 1437 πρότερον
2733 1369 3109 1434 ἱκετεύσαντες
3157 1370 3394 1442 τύχοιεν,
3439 1373 3595 1442 ἀφίε-

2008 1455 2154 1510 σθαι.
2192 1455 2454 1511 Mandato
2486 1474 2518 1511 a
2554 1475 2633 1512 me
2657 1459 2824 1524 edito,
2860 1470 2916 1513 ut
2948 1461 3282 1525 moribundi,
3333 1465 3379 1516 si
3409 1462 3462 1515 id
3492 1480 3585 1532 po-

2005 1547 2268 1600 stularent
2290 1588 2306 1612 ,
2349 1550 2646 1615 prwsertim
2679 1551 2727 1604 si
2771 1560 2930 1604 antea
2958 1552 3369 1621 supplicassem,
3406 1552 3582 1608 absol-

2001 1647 2266 1693 verentur.
2299 1637 2535 1696 Proinde
2562 1654 2670 1694 non
2698 1641 2924 1695 dubium
2953 1651 3060 1705 est,
3084 1644 3217 1713 quin
3245 1652 3370 1698 ante
3395 1659 3581 1713 pacem

1996 1724 2254 1781 Ecclesia:
2278 1729 2573 1793 redditam,
2601 1746 2779 1800 neque
2810 1739 2967 1787 tanto
2994 1742 3117 1802 post
3143 1733 3575 1789 Novatianorum

289 1827 355 1880 si
385 1835 608 1881 rwteros
635 1843 861 1897 quoque,
904 1845 1034 1898 quos
1061 1799 1881 1898 perditioni.erudissstpEccles

1994 1825 2177 1872 ortum
2231 1818 2542 1888 intervallo,
2602 1822 2948 1879 tnoribundis
3001 1840 3106 1894 pax
3162 1834 3212 1880 et
3263 1827 3584 1880 communio

304 1916 401 1970 site
431 1916 754 1983 restitueret,
796 1927 966 1972 morte
993 1929 1290 1988 prteeentus
1325 1927 1423 1974 est.

373 2008 459 2062 Ad
491 2009 608 2062 bare
647 2010 772 2082 quis
803 2009 993 2064 eodem
1029 2011 1233 2064 saeculo
1272 2011 1470 2077 nescit,
1511 2011 1884 2081 nequidquam

303 2097 638 2154 reclamante
661 2095 1001 2152 Tertulliano
1037 2097 1152 2168 jam
1212 2097 1492 2164 harctico,
1529 2114 1715 2168 pacem
1752 2112 1888 2151 nitn-

288 2191 427 2246 cbis
469 2197 596 2260 post
642 2191 1022 2261 paenitentiam
1068 2205 1099 2243 a
1141 2189 1461 2262 Zephyrino
1507 2192 1789 2261 pontifice,
1835 2203 1889 2245 et

301 2282 595 2338 catholicis
626 2283 801 2338 fuisse
824 2296 1149 2337 concessam
1169 2283 1193 2336 'i
1211 2281 1464 2338 Nondum
1496 2283 1753 2339 Ecclesiae
1782 2297 1888 2352 pax

301 2385 427 2431 erat
461 2375 696 2440 reddita,
726 2383 776 2430 et
812 2376 1266 2446 persecutionum
1297 2376 1478 2430 adhuc
1505 2375 1743 2445 procella
1787 2390 1889 2430 sae-

301 2466 512 2532 viebat,
551 2481 676 2521 cum
710 2465 929 2521 veniam
967 2480 1067 2521 seu
1099 2476 1453 2536 peccatorum
1486 2466 1885 2521 absolutionem

294 2559 448 2614 vivis
470 2558 697 2628 perinde
724 2574 788 2614 ac
812 2558 1176 2615 morientibus
1201 2560 1442 2615 ostendit
1469 2558 1712 2614 Ecclesia
1736 2577 1748 2612 :
1786 2573 1887 2612 nec

287 2649 482 2704 solum
530 2648 913 2720 paenitentiam
959 2649 1306 2718 approbavit,
1353 2647 1447 2702 sed
1496 2653 1550 2701 et
1594 2661 1782 2718 pacem
1822 2660 1886 2699 ac

296 2742 809 2798 reconciliationem
868 2741 1276 2796 communionis
1330 2740 1580 2794 indulsit.
1628 2737 1772 2792 Vixit
1831 2744 1885 2790 et

296 2833 560 2890 sariente
583 2835 1025 2904 persecutionum
1057 2833 1318 2903 procella,
1352 2832 1595 2886 nondum
1625 2830 1885 2884 Ecclesim

298 2923 522 2980 reddita
558 2939 716 2994 pace,
759 2923 1095 2994 Cyprianus,
1140 2923 1335 2979 iisdem
1378 2923 1581 2993 quibus
1623 2920 1881 2975 Novatia-

296 3029 502 3070 norum
549 3014 776 3071 haeresis
817 3021 1009 3069 exorta
1040 3022 1128 3070 est
1160 3015 1520 3083 temporibus.
1559 3013 1762 3068 Scribit
1794 3012 1883 3065 ille

1995 1907 2247 1961 restituta
2281 1910 2466 1972 fuerit,
2500 1911 2647 1980 quod
2675 1918 2729 1967 et
2761 1913 2966 1982 passim
2998 1914 3310 1986 Cyprianus
3345 1931 3579 1988 usurpa-

1993 2005 2108 2053 tum
2141 2013 2172 2052 a
2211 2015 2271 2055 se
2304 2008 2540 2056 testatur
2571 2004 2627 2057 in
2658 2005 2928 2074 epistolis.

2069 2089 2190 2157 Quo
2258 2093 2431 2162 magis
2487 2093 2732 2148 admiror
2772 2110 2837 2150 ea
2899 2103 2948 2150 te
3005 2095 3267 2152 scientem
3314 2098 3578 2163 scribere,

1991 2200 2112 2254 quae
2155 2194 2262 2236 tam
2295 2193 2482 2254 aperte
2517 2185 2864 2252 Tertulliani,
2909 2187 3190 2258 Cypriani,
3239 2191 3578 2259 reliquorum

1989 2274 2237 2328 Omnium
2272 2276 2606 2345 scriptorum
2635 2286 2690 2330 et
2727 2292 3002 2332 canonum
3035 2280 3351 2335 auctoritati
3417 2298 3576 2353 repuo

1989 2373 2182 2435 gnent,
2221 2373 2279 2418 ut
2306 2365 2373 2421 de
2402 2381 2593 2420 eorum
2625 2367 2866 2423 falsitate
2893 2369 3072 2424 cuivis
3107 2369 3193 2423 vel
3226 2371 3579 2426 mediocriter

1989 2456 2186 2510 barum
2237 2472 2420 2512 rerum
2466 2459 2794 2530 intelligenti
2839 2469 3080 2516 constet.
3131 2461 3275 2528 Quid
3305 2463 3453 2533 quod
3485 2481 3579 2518 ca-

1995 2554 2120 2608 dem
2164 2553 2257 2608 illa
2305 2565 2396 2609 tua
2436 2555 2691 2610 doctrina
2738 2571 2863 2610 cum
2907 2557 2997 2622 iis,
3036 2573 3157 2628 qua!
3184 2558 3362 2628 primo
3394 2560 3577 2629 capite

1995 2650 2288 2712 docueras,
2347 2647 2802 2703 manifestissime
2865 2649 3112 2718 pugnat?
3173 2650 3310 2704 Nam
3368 2651 3421 2704 in
3483 2652 3576 2706 illo

1995 2743 2194 2811 capite,
2222 2756 2343 2810 pag.
2364 2740 2418 2802 6,
2442 2739 2726 2794 decretum
2757 2741 2889 2794 illud
2915 2739 3143 2794 Romani
3164 2742 3408 2808 concilii,
3429 2743 3574 2812 quod

1988 2829 2278 2884 Novatiani
2309 2837 2556 2898 tempore
2580 2827 2915 2882 celebratum
2939 2837 3043 2893 est,
3075 2845 3140 2884 ex
3171 2829 3414 2886 Eusebio
3445 2847 3574 2901 pro-

1989 2922 2118 2985 fers,
2150 2921 2306 2990 quod
2344 2919 2635 2981 Novatum,
2681 2919 2894 2988 ejusque
2941 2919 3176 2981 [autores
3218 2931 3369 2974 tanta
3394 2937 3576 2990 snper-

1986 3011 2073 3064 bia
2116 3012 2352 3080 inﬂatos,
2395 3019 2442 3062 ct
2487 3019 2740 3078 quotquot
2790 3009 2936 3061 illius
2979 3009 3433 3064 inhumanissimw
3461 3023 3510 3066 et
3541 3030 3574 3067 α

293 3106 578 3176 epistolam
608 3106 677 3159 ad
705 3107 1093 3170 Antonianum,
1123 3114 1346 3177 quaeest
1378 3106 1414 3160 2
1449 3105 1572 3159 libri
1603 3121 1692 3159 tv:
1731 3101 1873 3156 Nam
1903 3131 1948 3188 ο
1984 3104 2226 3172 fraterna
2280 3101 2543 3155 clraritate
2577 3101 2922 3154 alienissima:
2963 3102 3196 3169 opinioni
3246 3107 3572 3159 assentiren-

291 3203 345 3250 et
378 3193 615 3258 mtecltis,
655 3195 856 3265 inquit,
888 3213 927 3250 a
964 3195 1113 3250 nobis
1149 3196 1470 3264 pmnitentia:
1512 3204 1712 3263 tempus
1751 3209 1878 3246 con-

293 3289 528 3350 ceditur,
552 3298 601 3342 et
629 3304 738 3357 pax
764 3288 949 3341 datur.
981 3288 1110 3342 Item
1138 3305 1155 3342 :
1195 3286 1363 3340 Miror
1393 3295 1590 3348 autem,
1619 3286 1878 3356 quosdam

299 3382 374 3432 sic
416 3377 711 3432 obstinatos
759 3395 898 3444 esse,
954 3388 1010 3432 ut
1049 3377 1285 3431 dandam
1334 3379 1500 3445 lapsis
1539 3395 1644 3431 non
1695 3388 1877 3447 putent

300 3470 680 3535 penitentiam,
731 3479 825 3522 aut
891 3467 1257 3542 paenitentibus
1309 3470 1610 3523 existiment
1672 3470 1876 3523 veniam

295 3559 681 3630 denegandam.
714 3560 980 3616 [διεξίοι-(ιιι
1013 3562 1153 3614 libro
1172 3560 1241 3616 de
1266 3560 1436 3632 lapsis
1468 3562 1521 3615 id
1555 3577 1721 3614 unum
1753 3577 1878 3631 que-

296 3653 460 3714 ritur,
492 3652 630 3722 quod
667 3662 787 3706 ante
825 3653 1040 3718 expiata
1079 3652 1294 3714 delicta,
1347 3660 1468 3705 ante
1505 3652 1875 3720 exltomologe-

291 3743 380 3797 sin
446 3742 644 3814 factam
686 3743 950 3812 criminis,
994 3753 1116 3796 ante
1169 3752 1452 3812 purgatam
1499 3745 1875 3800 conscientiam

288 3835 562 3904 sacriﬁcio
603 3845 653 3890 et
690 3853 852 3890 manu
881 3834 1196 3898 sacerdotis,
1243 3845 1364 3890 ante
1396 3836 1656 3905 o/I‘ensam
1689 3837 1876 3906 placa-

287 3937 407 3979 tam
421 3926 749 3997 indignantis
767 3926 978 3980 Domini
990 3936 1037 3980 et
1056 3927 1326 3989 minantis,
1341 3942 1522 3996 pacem
1536 3937 1724 3996 putant
1739 3945 1872 3992 esse,

287 4034 452 4089 quam
482 4019 696 4088 quidam
729 4018 895 4074 verbis
925 4018 1212 4087 fallacibus
1247 4018 1538 4072 venditant.
1572 4018 1646 4072 De
1678 4035 1787 4088 quo
1817 4029 1870 4073 et

288 4111 427 4166 alibi
456 4112 658 4180 passim
691 4111 1036 4182 expostulat,
1077 4110 1314 4164 maxime
1340 4109 1501 4179 epist.
1535 4111 1620 4175 l0,
1652 4115 1719 4163 ad
1757 4111 1875 4166 Cle-

290 4215 439 4264 rum,
466 4201 522 4252 et
551 4214 636 4270 ep.
659 4199 727 4254 12
745 4207 800 4255 et
819 4215 908 4271 ep.
930 4200 1020 4263 15,
1053 4199 1176 4254 libri
1198 4215 1281 4253 ιιι.
1305 4200 1471 4270 Atep.
1508 4199 1596 4266 11,
1615 4208 1739 4270 post.
1764 4202 1876 4270 plc-

292 4305 424 4346 nam
456 4292 828 4361 pmuitentiam
873 4299 1154 4362 stupratas
1183 4292 1424 4360 virgines
1454 4291 1864 4362 exbomologcsi

293 4383 447 4438 facta
475 4384 654 4440 redire
683 4384 750 4440 ad
781 4384 1084 4440 Ecclesiam
1122 4383 1409 4455 permittit.
1443 4383 1587 4450 Quin
1608 4384 1770 4440 etiam
1801 4385 1872 4440 ob

1985 3209 2091 3260 tur,
2135 3199 2186 3252 in
2230 3197 2411 3251 eodem
2457 3212 2699 3258 numero.
2749 3211 2854 3265 quo
2899 3197 2990 3265 qui
3034 3206 3187 3250 erant
3226 3198 3290 3252 ab
3331 3198 3571 3254 Ecclesia

1977 3289 2185 3344 exclusi
2213 3288 2396 3342 haberi
2420 3287 2594 3356 jubet.
2647 3285 2781 3353 Qua:
2823 3297 2907 3342 est
2942 3286 3359 3344 inluunanitatis
3413 3291 3570 3359 plena

1983 3382 2088 3436 ista
2122 3381 2418 3443 sententia,
2467 3391 2692 3450 propter
2734 3395 2898 3449 quam
2939 3380 3232 3437 damnatus
3267 3392 3350 3438 est
3385 3380 3570 3437 Nova.-

1980 3473 2109 3524 ιιιεῖ
2149 3467 2358 3540 Opinor
2410 3468 2525 3530 illa,
2573 3483 2738 3537 quam
2781 3467 2974 3522 eodem
3025 3469 3202 3536 capite
3226 3467 3320 3530 55,
3359 3470 3455 3524 lib.
3488 3486 3566 3534 vi,

1982 3560 2126 3616 Hist.
2159 3561 2343 3614 eccles.
2394 3559 2538 3616 unde
2583 3561 2689 3616 ista
2739 3559 3152 3630 deprompsisti,
3197 3561 3363 3616 refert
3404 3562 3573 3617 Euse-

1980 3655 2145 3718 bius;
2194 3651 2341 3722 quod
2393 3667 2542 3721 spem
2593 3667 2810 3706 onmem
2863 3651 3035 3705 venia:
3093 3650 3262 3720 lapsis
3310 3653 3563 3722 eripi-ret.

1978 3742 2106 3799 Ideo
2120 3745 2382 3809 damnato
2396 3742 2718 3806 Novatiano,
2741 3750 3010 3796 statutum
3027 3752 3131 3805 cst,
3155 3753 3211 3797 ut
3229 3728 3395 3799 ii.lem
3427 3745 3566 3814 lapsi

1979 3836 2322 3907 pmriitentite
2364 3835 2778 3892 medicamentis
2811 3837 3017 3900 curari,
3048 3850 3114 3889 ac
3141 3838 3362 3890 sanitati
3406 3839 3561 3891 resti-

1979 3928 2055 3984 tui
2100 3935 2344 3998 possent.
2373 3925 2491 3980 Jam
2525 3933 2638 3980 tum
2664 3943 2818 3997 ergo,
2853 3935 2912 3980 ut
2939 3935 3186 3996 apparet,
3221 3928 3288 3981 ab
3318 3927 3563 3986 Ercicsia

1977 4018 2251 4073 catholica
2288 4017 2423 4087 lapsi
2453 4026 2804 4086 peccatorum
2836 4019 3239 4072 absolutionem
3276 4029 3402 4072 sunt
3429 4035 3564 4074 con-

1978 4113 2176 4170 secuti.
2225 4111 2390 4182 Atqui
2438 4111 2542 4166 hoc
2591 4112 2710 4182 ipso
2756 4112 3003 4166 secundo
3051 4111 3564 4180 dispunctiuncula-

1977 4221 2099 4260 rum
2141 4205 2340 4274 capite,
2385 4220 2508 4273 pag.
2540 4205 2593 4270 9,
2627 4204 2870 4258 swriente
2883 4204 3302 4271 persecutionum
3331 4203 3562 4271 procella

1979 4295 2398 4365 paenitentibus,
2432 4294 2482 4347 id
2506 4303 2612 4356 est,
2649 4293 2792 4347 dono
2825 4293 2917 4346 illo
2957 4291 3045 4346 Dei
3077 4291 3273 4344 atllatis
3309 4301 3559 4360 negatam

1979 4388 2181 4444 asseris
2211 4386 2646 4450 absolutionem,
2703 4385 2916 4439 reddita
2947 4401 3065 4439 vero
3107 4383 3359 4437 Ecclesia:
3408 4400 3554 4452 pace,

289 4476 616 4546 ingruentes
647 4477 1086 4546 persecutiones,
1127 4476 1460 4546 pugnitentire
1499 4477 1872 4533 contrahenda
1905 4489 1951 4549 ι)
1978 4480 2418 4543 communionem,
2462 4477 2517 4532 id
2547 4487 2646 4542 est,
2680 4480 2883 4532 veniam
2917 4495 3008 4531 seu
3033 4486 3369 4544 peccatorum
3403 4477 3556 4529 abso-

288 4568 493 4637 spatia,
531 4577 584 4623 et
608 4583 795 4638 pacem
840 4568 1008 4638 lapsis
1051 4571 1551 4638 repraesentandam
1581 4586 1725 4635 esse,
1777 4572 1873 4627 de-

287 4658 473 4714 cernit
506 4674 592 4727 ep.
622 4659 710 4714 5i.
745 4658 850 4715 Sed
885 4675 1100 4724 vereor,
1131 4676 1197 4714 ne
1224 4659 1486 4730 Cypriani
1517 4663 1874 4718 auctoritatis

287 4767 555 4808 acerrare
588 4753 753 4808 nimis
785 4753 1008 4824 longum
1040 4767 1104 4806 ac
1137 4769 1605 4822 supervacaneum
1636 4755 1729 4810 sit.
1762 4754 1874 4810 Ple-

284 4861 373 4900 na:
397 4856 529 4900 sunt
549 4846 693 4899 enim
728 4845 876 4900 illius
903 4845 1148 4915 epistola:
1170 4847 1496 4902 certissimis
1519 4848 1872 4904 evidentissi-

284 4937 506 5007 misque
555 4937 906 4999 testimoniis,
941 4953 1008 4992 ex
1048 4937 1250 5008 quibus
1293 4945 1577 5007 appareat,
1631 4940 1874 4994 sa'riente

283 5027 528 5097 procella
595 5032 1009 5098 persecutionis,
1071 5038 1418 5101 peccatorum
1474 5032 1870 5087 absolutionem

289 5119 690 5188 pernitentibus
719 5121 1011 5184 indultam,
1034 5122 1173 5175 vivis
1195 5137 1349 5191 atque
1370 5137 1434 5175 ac
1468 5123 1828 5177 morientibus
1853 5142 1866 5178 :

295 5229 466 5285 neque
499 5230 685 5270 verum
714 5231 856 5279 esse,
885 5216 1031 5286 quod
1073 5217 1306 5282 scribis;
1354 5216 1508 5288 longo
1543 5219 1752 5271 demum
1789 5219 1873 5272 in-

285 5307 511 5361 tervallo
561 5305 988 5362 Novatianorum
1042 5309 1264 5364 Ita’resin
1321 5311 1485 5376 fuisse
1536 5309 1867 5376 damnatam,

279 5403 424 5460 quod
453 5400 796 5453 morientibus
831 5402 1034 5454 veniam
1062 5417 1164 5454 non
1193 5403 1517 5455 relaxarent.
1560 5401 1716 5469 Quod
1761 5403 1868 5456 uti-

279 5506 398 5557 que
423 5489 730 5545 Novatiano
757 5491 937 5546 adhuc
967 5493 1284 5562 superstite,
1324 5493 1433 5547 imo
1460 5501 1586 5548 ante
1615 5491 1870 5547 Novatia-

279 5602 443 5648 num,
473 5585 529 5640 in
559 5583 805 5640 Ecclesia
844 5602 967 5642 esse
1005 5587 1233 5649 factum,
1277 5587 1415 5642 satis
1447 5595 1731 5642 ostensum
1761 5597 1864 5643 est.

278 5681 568 5733 Accedant
597 5679 758 5734 modo
809 5678 1057 5749 Gregorii
1103 5679 1487 5749 tliaumoturgi,
1524 5680 1867 5749 aliorumque

281 5697 568 5733 accedant
597 5697 758 5734 moue
809 5697 1057 5749 bregoru
1103 5697 1454 5749 tnaumoturg
1524 5697 1865 5749 aliorumque

281 5770 696 5840 rrwtiitentiales
752 5783 1013 5832 canones,
1045 5777 1330 5841 grassante
1395 5697 1575 5824 adhuc
1627 5768 1865 5838 procella

1973 4575 2228 4629 lationem
2254 4575 2596 4628 morientibus
2625 4576 2745 4627 dari
2779 4575 3067 4643 placuisse;
3094 4583 3143 4626 et
3175 4574 3230 4626 in
3250 4587 3310 4627 eo
3341 4571 3562 4625 damna.

1973 4674 2082 4718 tam
2113 4683 2242 4730 esse,
2285 4666 2375 4719 sed
2405 4666 2560 4735 longo
2591 4666 2893 4730 intervallo,
2929 4664 3359 4720 A'ovatianorum
3389 4665 3559 4716 luere.

1973 4758 2076 4818 sin,
2112 4758 2250 4826 quod
2291 4759 2634 4812 morientibus
2673 4758 2879 4812 ueniant
2919 4773 3022 4810 non
3061 4756 3387 4809 relaxarent.
3442 4753 3556 4808 Non

1973 4851 2152 4904 album
2187 4851 2342 4920 nigro
2370 4849 2705 4905 contrarium
2755 4847 2926 4918 magis
2979 4855 3100 4908 est,
3151 4860 3314 4914 quam
3361 4844 3557 4912 prioris

1972 4941 2168 5009 capitis
2219 4941 2502 5008 doctrinm,
2557 4939 2879 5010 posterioris
2925 4937 3218 4992 sententia.
3281 4936 3339 4990 Si
3395 4935 3556 5004 longo

1974 5041 2098 5102 post
2148 5031 2432 5085 Novatiani
2463 5040 2680 5098 tempus
2717 5027 3026 5090 intervallo,
3077 5041 3142 5079 ac
3184 5027 3335 5079 finita
3370 5041 3556 5096 perse-

1972 5125 2212 5192 cutione,
2253 5124 2508 5178 damnata
2542 5130 2626 5176 est
2662 5119 2946 5176 Novatiani
2979 5119 3236 5180 bairesis;
3274 5119 3377 5172 hoc
3412 5118 3552 5186 ipso,

1970 5215 2117 5284 quod
2163 5215 2530 5268 morientibus
2570 5212 2838 5266 duntaxat
2891 5211 3046 5264 venia
3098 5209 3370 5279 permissa
3425 5209 3551 5272 fuit,

1972 5306 2249 5376 quomodo
2299 5320 2486 5359 verum
2530 5312 2636 5365 est,
2677 5303 2823 5372 quod
2852 5319 2917 5358 ex
2957 5300 3194 5356 Eusebio
3220 5308 3273 5354 et
3309 5299 3553 5352 llomano

1972 5396 2067 5450 illo
2115 5397 2353 5450 concilio
2408 5395 2572 5465 (quod
2623 5395 2809 5465 utique
2854 5392 3255 5463 persecutionis
3311 5399 3553 5460 tempore

1969 5498 2055 5544 est
2086 5489 2380 5554 habitum),
2423 5487 2586 5542 modo
2624 5487 2938 5557 prot‘erebas
2967 5505 2980 5540 ;
3008 5482 3550 5545 inltumanissitnam,

1923 5584 1929 5590 ‘
1971 5588 2023 5634 et
2061 5595 2103 5660 a.
2136 5579 2378 5634 fraterna
2425 5579 2699 5634 cbaritate
2752 5579 3142 5634 alienissimam
3198 5574 3389 5628 Novati
3429 5576 3551 5646 opi-

1970 5676 2213 5739 nionem,
2271 5675 2483 5730 vivente
2536 5675 2717 5729 adliuc
2773 5674 2914 5744 ipso,
2966 5671 3281 5725 damnatam
3335 5668 3549 5726 fuisse?

1969 5768 2307 5826 Novatianus
2341 5769 2487 5826 enim
2527 5768 2698 5836 lapsis
2729 5767 2900 5823 veni-.e
2931 5780 3082 5831 spem
3110 5773 3341 5821 eatenus
3369 5761 3544 5821 solum
