3920 6428
400 353 528 406 ἐϐιῦ

1724 340 1923 398 ΌΣΟΝ.
1967 339 2314 396 PETAVIUS

3536 328 3630 383 bili

412 462 754 526 detrahebat,
797 467 1072 530 quatenus
1097 459 1316 515 absolvi
1347 473 1444 515 eos
1475 458 1546 514 ab
1574 447 1820 515 Ecclesia
1854 467 2006 514 vcta-
2034 467 2082 524 Α
2111 459 2356 528 ejusdem
2387 457 2658 514 sententia
2680 456 2974 512 convenire
2999 456 3092 526 qui
3122 457 3336 527 potest?
3366 455 3519 515 Duces
3535 473 3636 520 nos.

417 560 541 620 ttat;
574 554 913 626 paenitentiae
943 561 1125 606 autem
1160 551 1418 606 aﬂ‘cctum
1443 551 1617 612 illum,
1653 552 1767 606 sive
1796 550 2004 605 donum

416 647 528 710 Dei,
561 661 625 699 ac
667 659 982 709 mterorem,
1031 651 1128 697 aut
1173 643 1438 712 quidquid
1473 641 1692 695 tandem
1723 641 1857 695 illud
1889 649 2000 706 est,

412 736 559 806 quod
610 735 945 808 pmniteutes
982 736 1121 788 citra
1161 733 1562 789 absolutionem
1595 733 2007 803 consequeban-

402 839 526 891 tur,
563 828 929 898 approbahat,
979 835 1036 880 ut
1069 844 1136 881 ex
1178 825 1407 883 Socrate
1443 826 1539 880 lib.
1568 839 1642 891 tv,
1680 840 1803 895 cap.
1837 825 1922 891 15,
1953 833 2008 880 et

414 918 670 972 Ambros.
703 916 797 970 lib.
832 933 871 980 ι,
899 915 978 970 De
1001 915 1277 984 poeniteat.
1315 928 1439 984 cap.
1473 911 1528 977 2,
1565 914 1620 967 in
1659 913 2009 968 Animadver-

403 1010 677 1073 sionibus,
719 1023 842 1078 cap.
891 1009 943 1062 l.
997 1006 1257 1062 Diatribaa
1295 1007 1362 1062 de
1405 1008 1732 1079 pmnitentia
1779 1005 2010 1060 demon-

415 1098 732 1153 stravimus.
787 1099 968 1164 Quare
1009 1098 1157 1168 quod
1201 1098 1255 1151 in
1303 1099 1540 1152 concilio
1578 1097 1826 1152 Romano
1853 1098 2008 1151 dam-

415 1195 608 1243 natum
638 1186 931 1241 Novatiani
965 1189 1157 1257 thgn.a
1186 1203 1249 1242 ex
1277 1186 1522 1244 Eusebio
1553 1203 1675 1260 cap.
1709 1189 1762 1250 1,
1801 1188 2007 1254 fateris,

417 1281 561 1336 istud
591 1281 768 1351 ipsum
793 1289 909 1346 est,
930 1281 1090 1350 quod
1144 1298 1250 1335 non
1305 1282 1410 1337 nisi
1465 1283 1626 1352 longo
1677 1289 1803 1351 post
1854 1280 2009 1334 illum

416 1374 704 1428 intervallo
746 1374 1022 1443 rejcetum
1082 1388 1147 1428 ac
1203 1373 1575 1444 proscriptum
1623 1388 1783 1438 esse,
1839 1371 2011 1426 altero

414 1463 595 1532 capite
636 1463 1024 1529 demonstras;
1073 1466 1330 1534 quodque
1359 1465 1412 1518 in
1446 1463 1692 1518 Ecclesia
1739 1463 2011 1518 catholica

417 1555 512 1608 illo
545 1554 685 1624 ipso,
722 1572 833 1625 quo
861 1557 1180 1611 dam-natum
1200 1557 1389 1626 primo
1421 1557 1602 1625 capite
1629 1555 1842 1618 dixisti,
1873 1563 2013 1609 tem-

417 1660 572 1714 pore,
615 1648 864 1701 moribus
905 1654 1070 1716 atque
1116 1663 1218 1701 usu
1264 1649 1682 1717 comprobatum
1719 1645 1840 1699 fuit.
1886 1644 2012 1699 Haec

417 1745 550 1790 sunt
578 1736 879 1791 ἀσύστατα.
913 1737 1172 1803 Quandiu
1208 1738 1612 1808 persecutionis
1655 1737 1812 1791 furor
1855 1736 2014 1791 effer-

409 1828 578 1892 ltuit;
643 1828 750 1882 hoc
784 1839 914 1894 est,
971 1828 1284 1893 Novatiani,
1344 1828 1604 1899 Cypriani
1655 1834 1710 1884 ct
1749 1826 2013 1892 Romani,
2041 1817 2089 1873 Β

412 1919 578 1990 cujus
617 1919 866 1972 meminit
917 1919 1214 1986 Eusebius,
1257 1926 1418 1973 aetate
1461 1919 1706 1982 concilii,
1755 1925 2013 1988 peccalo«

423 2027 541 2064 rum
594 2011 868 2064 absolutio
913 2027 979 2065 ne
1017 2013 1069 2064 in
1099 2012 1294 2067 mortis
1338 2011 1556 2081 quidem
1603 2010 1846 2063 articulo
1885 2025 2016 2063 eon-

431 2115 587 2156 ccssa
629 2111 733 2163 est,
777 2110 834 2154 ιιι
880 2117 1004 2173 pag.
1054 2102 1090 2154 2
1129 2103 1326 2172 capitis
1374 2103 1534 2158 istius
1579 2103 2017 2171 asseriszeaque

415 2191 717 2246 catholicae
769 2191 1031 2248 Ecclesiae
1089 2193 1406 2263 disciplina,
1471 2199 1696 2248 auctore
1749 2200 1824 2258 te,
1889 2193 2015 2268 fuit.

434 2282 654 2338 Falsum
690 2294 776 2340 cst
805 2284 992 2355 igitur,
1042 2287 1187 2356 quod
1237 2287 1290 2339 in
1343 2287 1524 2355 capite
1576 2285 1776 2355 primo,
1811 2301 1933 2357 pag.
1959 2285 2012 2352 6,

432 2376 664 2443 posuisti
703 2394 718 2441 ;
753 2375 807 2430 in
841 2377 1088 2430 ltomano
1123 2377 1360 2431 concilio
1392 2378 1929 2440 inlunranissimam,
1960 2388 2016 2434 et

429 2485 459 2520 ιι
497 2468 769 2523 charitate
817 2469 1059 2523 fraterna
1102 2470 1503 2524 alienissimam
1547 2472 1861 2542 opinionem
1907 2470 2016 2525 No-

418 2561 630 2615 vatiani
671 2578 798 2618 esse
844 2562 1182 2619 damnatam.
1237 2562 1356 2617 Non
1383 2564 1531 2619 enim
1583 2565 1812 2618 alteram
1863 2564 2018 2620 dices

429 2652 541 2706 illic
588 2652 904 2707 damnatam
951 2652 1144 2720 fuisse,
1177 2669 1341 2725 quam
1379 2671 1500 2725 qua:
1539 2655 1710 2725 lapsis
1739 2656 1794 2709 in
1822 2654 2018 2710 mortis

423 2745 674 2814 periculo
723 2746 1166 2816 communionem
1218 2747 1453 2818 negabat
1505 2755 1561 2801 et
1614 2747 1850 2812 veniam,
1891 2761 2016 2802 cum

427 2837 698 2906 ejusmodi
752 2847 917 2892 sectae
962 2839 1126 2894 istius
1175 2852 1420 2893 errorem
1473 2838 1644 2895 fuisse
1700 2854 1823 2909 pag.
1860 2837 1898 2891 2
1939 2837 2018 2891 fa-

421 2939 594 2985 teare.
635 2929 789 2996 Quod
821 2931 867 2985 si
901 2939 1091 2985 verum
1135 2941 1222 2985 est
1280 2931 1406 2996 hoc,
1456 2933 1608 3002 quod
1635 2933 1818 3002 primo
1841 2933 2018 3002 capite

425 3023 650 3086 scribis,
714 3037 744 3076 a
787 3023 1023 3076 concilio
1075 3037 1200 3077 esse
1246 3022 1546 3090 decretum,
1603 3033 1816 3078 utesse
1857 3038 2018 3078 neruo

430 3115 677 3184 prudens
732 3115 1058 3184 negaverit;
1119 3122 1233 3168 tum
1291 3121 1348 3168 tu
1398 3131 1530 3169 vero
1587 3116 1822 3170 alterum
1883 3114 2015 3170 illud

425 3205 629 3276 capitis
670 3208 900 3261 secundi
945 3213 1213 3260 retractes
1259 3221 1488 3262 necesse
1521 3214 1606 3260 est
1637 3225 1650 3260 :
1685 3215 1810 3262 ante
1838 3208 2020 3262 reddi-

428 3307 541 3352 tam
597 3298 860 3353 Ecclesiae
904 3313 1119 3367 pacem,
1163 3312 1233 3352 ue
1278 3298 1641 3354 morientibus
1670 3300 1892 3370 quidem
1932 3317 2026 3354 vc-

432 3392 576 3448 niam
612 3391 848 3444 relaxari
875 3389 1258 3443 consuevisse.

509 3481 666 3535 Nunc
710 3482 841 3534 illud
886 3479 1196 3544 ostendam,
1244 3479 1390 3549 quod
1422 3479 1477 3533 in
1507 3479 1628 3549 ipso
1659 3480 1792 3533 mihi
1825 3480 2026 3550 capitis

439 3573 607 3642 hujus
640 3574 896 3626 lemmate
921 3573 1256 3640 praescripsi,
1289 3582 1341 3625 te
1373 3572 1426 3624 in
1455 3570 1684 3626 secundi
1721 3572 1797 3624 tui
1831 3572 2026 3642 capitis

436 3663 817 3732 disputatione
859 3670 1055 3716 contra
1093 3661 1487 3722 certissimam,
1535 3669 1589 3715 et
1635 3661 2028 3715 ecclesiasticae

439 3754 565 3808 lidei
629 3755 932 3824 pietatique
985 3759 1411 3808 consentaneum
1465 3751 1532 3807 R.
1579 3751 1641 3807 D.
1691 3753 2026 3822 Albaspintei

437 3847 627 3901 Aurel.
687 3848 860 3916 episc.
925 3845 1240 3901 doctrinam
1307 3845 1544 3902 decretis
1596 3861 1842 3918 pugnare
1893 3847 2023 3902 tuis.

445 3941 660 3996 Scribis
708 3942 927 4012 pagina,
979 3941 1057 3995 uti
1110 3941 1316 3995 dictum
1359 3947 1462 4006 est,
1508 3941 1841 3996 undecima:
1874 3939 2026 3996 Non-

439 4032 545 4088 nisi
579 4031 788 4086 reddita
821 4031 1079 4087 Ecclesia:
1115 4046 1266 4101 pace,
1301 4042 1355 4086 et
1388 4034 1548 4102 longo
1581 4033 1869 4087 intervallo
1902 4040 2028 4102 post

439 4124 800 4178 Novatiannm
828 4163 843 4188 ,
879 4124 1245 4180 morientibus
1285 4125 1585 4179 relaxatam
1629 4139 1752 4179 esse
1786 4126 2023 4188 veniam,

438 4231 503 4272 ac
537 4223 653 4269 tum
691 4217 910 4270 demum
946 4214 1376 4270 Novatianorum
1407 4216 1720 4270 damnatam
1752 4216 2022 4282 haeresim,

438 4307 584 4376 quod
637 4306 1004 4362 morientibus
1034 4308 1250 4360 veniam
1287 4314 1568 4377 negarent.
1607 4306 2026 4362 Reverendissi-

441 4415 563 4453 mus
593 4415 623 4450 e
650 4399 934 4451 contrario
981 4399 1203 4468 pracsul.
1253 4399 1348 4453 lib.
1392 4415 1426 4452 Il
1471 4399 1597 4454 Obs.
1626 4414 1747 4469 cap.
1772 4400 1864 4464 20,
1899 4398 2028 4454 Cor-

2107 566 2230 620 pag.
2265 549 2322 613 8,
2377 548 2784 619 pmnitcntiam,
2833 548 2902 603 de
2938 561 3048 618 qua
3096 563 3392 604 sermonem
3441 549 3641 606 instituit

2110 639 2492 705 Innocentius,
2537 653 2664 693 cum
2694 653 2813 693 eam
2867 638 3001 693 dicit
3042 639 3174 694 olim
3221 647 3403 710 negata
3430 655 3643 697 commu-

2109 733 2274 788 nione
2305 732 2477 788 fuisse
2519 746 2871 796 concessam,
2903 747 3026 788 esse
3053 733 3329 801 paenitendi
3359 733 3642 802 cupidinem,

2111 825 2228 881 sive
2262 824 2463 879 donum
2502 823 2620 888 Dei,
2657 823 2796 894 quod
2835 824 3029 877 animis
3075 821 3311 894 ﬁdelium
3339 823 3645 880 illabebatnr.

2097 917 2179 974 Ἡ.
2214 917 2278 971 D.
2333 917 2717 987 Albaspinaeus
2747 917 2840 971 lib.
2877 933 2915 971 ιι
2939 915 3167 972 ⁴Οιτειιξι-υ.
3215 931 3333 987 cap.
3373 918 3424 980 3,
3465 933 3514 988 p.
3541 918 3647 983 2‘28,

2112 1009 2320 1064 donum
2362 1008 2498 1064 illud
2526 1008 2701 1064 Dei'et
2743 1008 3004 1074 adlatum,
3040 1008 3276 1064 fructum
3314 1023 3430 1064 esse
3461 1019 3648 1073 censet,

2111 1108 2166 1156 et
2215 1099 2492 1164 effectum,
2542 1100 2688 1172 quod
2738 1117 2804 1156 ex
2852 1100 3231 1156 benedictione
3261 1101 3573 1170 paenitentiae
3605 1102 3650 1156 iu

2113 1193 2329 1249 animos
2375 1193 2739 1248 redundabat.
2784 1191 2968 1263 Pergit
3005 1193 3222 1258 deinde,
3268 1200 3321 1248 et
3367 1193 3500 1249 inter
3544 1193 3652 1256 alia,

2100 1301 2236 1356 quae
2283 1287 2351 1341 de
2395 1285 2734 1356 paenitentiae
2769 1301 2872 1340 usu
2931 1301 3064 1341 sane
3098 1285 3372 1340 recondita
3415 1285 3653 1356 et-exqui-

2115 1380 2220 1432 sita
2252 1378 2523 1447 disputat,
2570 1377 2977 1447 poenitentiam,
3019 1378 3073 1433 id
3097 1385 3200 1442 est,
3239 1384 3435 1433 statum
3459 1377 3655 1446 profes—

2115 1469 2439 1538 sionemque
2474 1469 2712 1538 publicae
2750 1470 3106 1538 pmnitentiae,
3133 1484 3298 1540 quam
3328 1467 3584 1523 laboribus
3611 1477 3656 1524 et

2102 1561 2454 1616 cruciatibus
2477 1561 2686 1629 definit,
2723 1578 2896 1632 genus
2923 1562 3198 1632 quoddam
3228 1561 3496 1633 religionis
3513 1560 3658 1616 fuisse

2102 1655 2336 1726 probat,
2371 1654 2428 1708 in
2458 1655 2605 1724 quod
2641 1656 2874 1711 solemni
2898 1671 3020 1712 sese
3051 1667 3178 1710 voto
3209 1655 3451 1709 homines
3477 1653 3654 1708 astrin-

2117 1751 2332 1814 gerent,
2385 1746 2546 1816 cujus
2579 1746 2797 1816 quidem
2837 1746 3096 1817 religione
3131 1747 3242 1801 voti
3285 1761 3438 1800 nemo
3471 1755 3658 1799 tenere-

2117 1844 2229 1901 tur,
2269 1836 2387 1890 nisi
2437 1835 2503 1890 a'b
2551 1836 2790 1890 Ecclesia
2839 1846 3108 1905 acceptum
3144 1845 3194 1890 et
3237 1845 3415 1889 ratum
3454 1833 3660 1887 habitum

2115 1936 2274 1983 esset.
2320 1926 2387 1981 Id
2421 1935 2598 1982 autem
2629 1925 2787 1995 ﬁebat
2823 1944 2888 1981 ea
2916 1943 3106 1980 manus
3150 1927 3480 1996 impositione
3513 1935 3559 1978 et
3591 1937 3663 1978 oc-

2109 2019 2440 2082 medictione,
2475 2037 2579 2090 qua
2602 2021 2966 2090 paenitentiam
2987 2020 3314 2094 imperabat,
3365 2028 3412 2072 et
3448 2017 3665 2072 concede-

2122 2110 2234 2166 bat.
2267 2111 2521 2182 Reliqua,
2545 2128 2623 2167 'ne
2651 2113 2754 2167 sim
2789 2113 3020 2184 longior,
3047 2112 3266 2167 omitto.
3300 2110 3427 2178 Quae
3451 2117 3499 2166 te
3524 2108 3667 2163 miror

2120 2204 2646 2260 animadvertentem
2671 2213 2772 2258 aut
2806 2207 2908 2260 ista
2933 2205 3175 2260 scribere
3197 2204 3439 2273 potuisse
3467 2221 3481 2257 :
3510 2200 3667 2256 Ρωηὶ-

2111 2298 2340 2350 1entiam
2393 2299 2676 2350 concedere
2722 2296 2864 2350 idem
2919 2311 3041 2351 esse
3074 2309 3138 2348 ac
3187 2296 3391 2349 donum
3443 2293 3581 2352 illud,
3623 2300 3668 2344 et

2120 2391 2372 2444 intimum
2420 2389 2724 2458 approbare
2768 2388 3085 2458 pmnitentis
3119 2387 3397 2451 affectum,
3446 2394 3532 2439 aut
3564 2397 3669 2438 cum

2121 2483 2194 2535 ita
2244 2481 2481 2536 sentires
2531 2495 2594 2535 ac
2657 2482 2945 2548 scriberes,
3000 2481 3104 2536 hoc
3162 2490 3217 2535 te
3277 2485 3396 2551 ipso
3451 2477 3668 2549 praesulis

2121 2573 2262 2626 tanti
2318 2573 2627 2628 doctrinam
2688 2573 2953 2626 illustrari
3000 2587 3064 2626 ac
3115 2573 3260 2627 tueri
3319 2573 3477 2640 velle,
3529 2569 3672 2624 fuisse

2120 2659 2452 2730 professum.
2491 2659 2626 2714 Nam
2667 2660 3040 2730 paenitentiam
3077 2661 3226 2714 illam
3265 2662 3459 2730 ipsam,
3481 2657 3544 2713 de
3581 2669 3671 2726 qua

2115 2749 2481 2806 innocentius
2528 2751 2660 2821 agit,
2698 2751 2965 2806 latissime
3011 2751 3374 2818 demonstrat,
3406 2753 3592 2806 donum
3627 2747 3675 2801 il-

2119 2838 2214 2892 lud
2267 2838 2362 2893 Dei
2404 2839 2792 2896 benedictione
2833 2855 2934 2896 sua
2992 2841 3297 2910 peperisse,
3350 2856 3454 2895 non
3521 2839 3674 2908 ipsum

2121 2931 2327 2986 donum
2371 2930 2541 2986 fuisse
2582 2932 2984 3000 paenitentiam.
3016 2931 3161 2987 Doce
3205 2947 3312 2987 nos
3359 2931 3537 3002 igitur,
3565 2923 3674 2998 quid

2125 3023 2181 3077 in
2229 3023 2338 3079 illis
2363 3023 2548 3078 verbis
2581 3023 2693 3078 tuis
2748 3038 2812 3078 ac
2859 3022 3149 3079 sententiis
3180 3025 3372 3078 arcani
3403 3036 3586 3079 sensus
3621 3030 3674 3071 ac

2124 3115 2395 3172 reconditi
2461 3119 2662 3184 lateat;
2712 3125 2770 3173 et
2818 3119 3121 3173 orationem
3181 3125 3334 3172 tuam
3385 3115 3452 3172 ab
3503 3112 3676 3169 erroris

2125 3208 2266 3262 tanti
2310 3208 2649 3278 suspicione,
2688 3224 2758 3264 ne
2809 3209 2938 3279 quid
2973 3208 3120 3263 aliud
3171 3208 3376 3268 dicam.
3420 3205 3555 3278 quod
3588 3201 3671 3258 diti

2125 3315 2293 3371 posse
2328 3300 2578 3371 profecto
2608 3302 2779 3368 vldes,
2818 3302 2861 3357 si
2887 3311 3063 3372 potes,
3091 3301 3293 3356 exime.
3328 3300 3518 3355 Fateor
3535 3296 3674 3357 enim,

2129 3406 2218 3446 me
2259 3392 2461 3461 saepius
2497 3392 2586 3446 illa
2625 3399 2974 3456 tractantem,
3008 3400 3062 3448 et
3094 3394 3150 3446 in
3179 3408 3378 3448 omnes
3415 3403 3583 3462 partes
3610 3387 3678 3440 in-

2130 3485 2526 3552 terpretatione
2559 3491 2895 3547 versantem,
2931 3483 3070 3537 nihil
3108 3485 3379 3539 hactenus
3425 3481 3678 3539 extricare,

2130 3588 2240 3642 quo
2275 3580 2384 3627 tam
2424 3575 2728 3645 perspicuae
2758 3573 3014 3630 falsitatis
3063 3575 3272 3630 invidia
3319 3571 3544 3630 devitari
3576 3581 3679 3638 pos-

2132 3663 2249 3718 sit:
2285 3681 2409 3719 nam
2465 3667 2611 3737 quod
2667 3681 2836 3722 unum
2892 3677 3198 3737 supererat,
3259 3677 3320 3722 ut
3372 3667 3424 3721 id
3475 3661 3682 3720 sensisse

2134 3752 2407 3820 viderere,
2465 3755 2520 3809 in
2576 3756 2697 3826 ipso
2730 3765 2867 3810 aestu
2919 3770 2985 3810 ac
3036 3755 3256 3810 fervore
3299 3749 3679 3826 persecutionis,

2133 3842 2305 3912 lapsis
2333 3845 2542 3899 aditum
2580 3845 2646 3900 ad
2683 3860 2872 3916 pacem
2917 3853 2971 3900 et
3005 3846 3508 3902 reconciliationem
3540 3843 3681 3896 inter-

2131 3935 2351 3991 clusum
2403 3936 2595 4001 fuisse,
2637 3953 2748 4008 quo
2781 3939 2990 4008 majore
3034 3954 3157 3992 cum
3202 3938 3413 4009 impetu
3450 3932 3600 3990 animi
3635 3936 3677 3982 et

2129 4026 2327 4081 ardore
2375 4036 2654 4083 certamen
2695 4037 3043 4100 repeterent;
3075 4035 3268 4099 postea
3301 4041 3431 4084 vero
3468 4036 3587 4097 pace
3621 4015 3675 4071 ad

2127 4129 2345 4190 tempus
2382 4119 2644 4176 Ecclesia:
2674 4123 2950 4184 restituta,
2983 4121 3172 4176 mitius
3209 4136 3338 4176 cum
3385 4121 3492 4175 illis
3528 4122 3680 4171 actum

2129 4211 2337 4280 fuisse;
2373 4215 2524 4284 quod
2565 4215 2795 4286 epistola
2843 4215 2914 4270 5'2
2964 4215 3284 4270 institutum
3318 4230 3345 4268 a
3389 4228 3449 4269 se
3491 4206 3685 4281 Cypria-

2128 4323 2234 4364 nus
2283 4319 2518 4366 tcstatus
2571 4318 2689 4378 est;
2744 4310 2872 4375 hoc,
2927 4311 3174 4380 inquam,
3235 4307 3386 4380 quod
3433 4303 3686 4361 verissime

2128 4399 2314 4456 dicere
2348 4403 2596 4472 potuisti,
2641 4418 2822 4473 neque
2853 4403 3062 4457 dixisse
3113 4409 3185 4466 te,
3218 4415 3405 4471 neque
3453 4393 3686 4455 sensisse.

442 4491 639 4542 nelium
718 4492 811 4558 qui
881 4489 1170 4544 Novatiani
1215 4498 1280 4544 'ct
1335 4493 1754 4570 persecutionis
1791 4499 2036 4562 tempore
2067 4496 2111 4552 D
2141 4495 2320 4563 palam
2359 4503 2444 4550 est
2486 4512 2553 4550 ex
2605 4496 2696 4561 iis,
2731 4511 2852 4566 qua:
2884 4494 3113 4566 subjicis
3146 4512 3160 4548 :
3196 4492 3427 4548 Reddita
3466 4485 3689 4544 Ecclesia:

441 4585 603 4642 vixit,
663 4585 947 4636 concilium
993 4599 1307 4638 concocasse
1356 4585 1580 4648 scribit,
1642 4585 1697 4637 in
1744 4603 1846 4655 qua
1892 4585 2027 4638 illud

443 4681 710 4727 decretum
757 4691 820 4728 ac
863 4676 1219 4744 praeﬁnitum,
1268 4685 1326 4727 ut
1369 4692 1488 4728 cum
1532 4676 1600 4728 ad
1639 4677 1825 4730 mortis
1867 4693 2030 4747 usque

443 4768 580 4822 diem
615 4770 976 4837 pmnitentiam
1007 4769 1406 4837 produxissent,
1444 4771 1826 4823 communionis
1857 4770 2030 4839 parti-

444 4864 583 4929 cipes
631 4863 980 4932 efﬁcerentur.
1039 4862 1180 4933 Ergo
1230 4864 1627 4933 persecutionis
1671 4871 1935 4934 tempore,
1976 4875 2031 4918 et

444 4963 571 5007 ante
603 4956 870 5009 redditam
905 4956 1167 5010 Ecclesia:
1199 4971 1413 5026 pacem,
1461 4957 1580 5026 ipso
1613 4955 1792 5010 adhuc
1837 4972 2031 5025 super-

445 5047 573 5100 stite
595 5045 922 5109 Novatiano,
945 5048 1306 5102 morientibus
1329 5049 1622 5102 relaxatam
1649 5063 1770 5103 esse
1792 5048 2028 5111 veniam,

448 5137 512 5191 ll.
551 5141 747 5209 przesul
773 5141 1055 5194 existimat
1085 5158 1099 5195 :
1131 5139 1278 5209 quod
1315 5150 1369 5192 tu
1408 5154 1536 5194 sero
1563 5139 1804 5203 tamlem,
1830 5153 1894 5192 ac
1919 5154 2028 5193 non

447 5232 553 5285 nisi
605 5247 738 5300 pace
792 5233 1114 5294 constituta,
1150 5239 1205 5285 ct
1235 5232 1418 5301 longo,
1465 5240 1522 5285 nt
1556 5230 1818 5299 loqueris,
1858 5232 2029 5284 inter-

447 5323 587 5376 vallo
624 5334 782 5392 putas
824 5337 948 5376 esse
981 5338 1338 5377 concessum.
1376 5322 1562 5376 Utrius
1595 5321 1813 5375 tandem
1843 5321 2030 5390 opinio

450 5415 810 5483 probabitur?
851 5415 1029 5468 Credo
1075 5432 1142 5467 ne
1175 5424 1226 5469 te
1269 5415 1444 5484 ipsum
1490 5409 1724 5483 quidem
1751 5412 2033 5466 dubitatu-

448 5520 591 5571 rum,
642 5509 775 5576 quin
819 5507 1033 5561 veriora
1065 5507 1422 5563 doctissimus
1471 5507 1695 5577 prasul,
1750 5507 1859 5560 imo
1897 5507 2031 5575 quin

453 5601 602 5653 solus
647 5601 764 5668 ipse
809 5615 958 5665 vera,
997 5607 1054 5652 tu
1085 5615 1153 5654 ne
1184 5600 1489 5669 probabilia
1537 5599 1756 5670 quidem
1790 5605 1903 5652 toto
1937 5598 2033 5652 illo

451 5692 629 5754 capite
653 5687 966 5758 scripseris.

525 5777 663 5832 Ecce
709 5782 937 5835 alterum
982 5791 1132 5837 tuum
1179 5781 1246 5838 de
1296 5780 1616 5847 pmnitcntia
1665 5782 1858 5846 dogma
1906 5798 2031 5837 cum

2135 4599 2284 4654 pace,
2306 4589 2743 4655 communionem,
2777 4589 2831 4641 id
2859 4597 2955 4650 est,
2984 4589 3186 4642 veniam
3214 4583 3557 4640 morientibus
3584 4575 3688 4630 dari

2135 4679 2440 4747 placuisse;
2471 4690 2522 4734 et
2557 4684 2609 4733 in
2649 4696 2707 4734 eo
2744 4679 3055 4734 danmatam
3085 4695 3217 4742 esse,
3247 4679 3338 4732 sed
3371 4677 3524 4745 longo
3547 4673 3692 4724 inter-

2139 4769 2301 4829 vallo,
2352 4767 2774 4822 Novatianorum
2807 4769 3051 4834 hwresin,
3089 4769 3225 4839 quod
3261 4765 3594 4822 morientibus
3623 4773 3688 4812 oc-

2138 4862 2285 4914 m’um
2341 4878 2443 4914 non
2503 4862 2827 4915 relaxarent.
2891 4862 3046 4916 Pacis
3101 4862 3247 4914 illam
3310 4856 3691 4913 restitutionem

2139 4954 2398 5009 Ecclesite
2435 4955 2652 5020 factam,
2685 4963 2738 5009 ct
2763 4953 3074 5009 damnatam
3106 4953 3385 5007 contraria
3407 4944 3692 5012 mitioriun

2139 5047 2538 5102 consuetudine
2560 5046 2990 5102 Novatianorum
3025 5045 3281 5112 hmrcsin,
3312 5045 3470 5113 longo
3498 5039 3688 5092 demum

2141 5141 2428 5195 intervallo
2453 5139 2722 5194 defendis.
2759 5140 2827 5192 At
2863 5140 2975 5202 illa,
3008 5152 3170 5207 quam
3205 5136 3474 5196 dicebam,
3511 5119 3690 5182 severi-

2139 5234 2270 5288 tatis
2313 5249 2376 5286 ac
2411 5233 2646 5286 lenitatis
2680 5232 2992 5293 alternatio,
3036 5245 3145 5284 non
3191 5230 3358 5297 longo
3404 5216 3688 5277 intervallo.

2141 5323 2235 5379 sed
2279 5324 2331 5377 in
2373 5325 2492 5393 ipso
2543 5323 2858 5377 Novatiaua:
2908 5321 3131 5376 haeresis
3181 5327 3326 5381 ortu,
3370 5318 3424 5369 in
3472 5304 3688 5364 Ecclesia

2141 5423 2416 5486 suscepta,
2442 5416 2590 5469 illius
2613 5414 2872 5468 saevitiam
2898 5412 3384 5477 crudelitatemque
3414 5397 3686 5460 damnavi!-

2143 5505 2277 5559 Mira
2329 5515 2458 5559 sunt
2511 5504 2698 5573 igitur,
2753 5509 2806 5556 et
2853 5516 2976 5555 meo
3002 5499 3211 5568 judicio
3273 5497 3432 5558 falsa,
3485 5502 3598 5562 quae
3639 5491 3688 5535 ιιι

2140 5598 2324 5654 verbis
2355 5596 2464 5649 illis
2511 5594 2792 5664 explicas;
2825 5592 2896 5647 ab
2928 5589 3225 5645 Innocentii
3260 5601 3388 5641 vero
3422 5593 3608 5644 meme,
3641 5579 3688 5627 cl

2140 5704 2246 5745 usu
2280 5689 2373 5742 illo
2417 5687 2640 5751 veteris,
2688 5701 2850 5756 quem
2893 5684 3135 5756 exponit,
3181 5678 3439 5736 Ecclesia:
3482 5680 3680 5752 prorsus

2145 5782 2340 5836 aliena.
