3920 6448
273 427 380 490 617

1395 411 1762 473 ADVERSUS
1803 411 1965 467 MAT.
2007 407 2364 467 SIMONIUM.

3428 406 3540 462 618

346 537 588 603 Petavio,
625 534 804 608 inquit
828 533 927 610 (α),
958 548 1098 606 aqua
1120 531 1203 587 hic
1234 528 1416 588 lueret.
1438 531 1554 587 lmo
1581 546 1711 587 vero
1737 543 1856 602 pro-
1885 539 1931 595 Α
1958 544 2022 586 ac
2047 527 2481 586 reconciliationi
2531 525 2728 598 subjici
2787 527 2845 584 in
2874 529 3177 584 canonibus
3222 523 3441 598 μέθεξιν
3474 540 3542 580 ac

276 629 600 685 habiliorem
657 625 830 678 multo
878 629 933 678 et
989 619 1380 691 expeditiorem
1431 618 1731 673 Innocentii
1778 617 1864 672 in-

278 715 728 788 terpretationem
775 712 976 768 attulit.
1006 710 1366 774 Consuetudo,
1428 709 1503 763 ait
1557 709 1668 774 ille,
1719 708 1866 778 prior

279 809 471 873 tenuit,
498 816 556 860 ut
578 805 946 860 concederetur
981 803 1055 856 eis
1086 801 1413 871 paenitentia,
1447 798 1537 854 sed
1568 799 1864 853 communio

281 908 580 970 negaretur.
626 896 838 963 Quibus
875 893 1130 969 tandem?
1171 890 1373 960 Nempe
1417 891 1506 955 iis,
1558 890 1625 944 de
1663 889 1866 970 quibus

282 964 614 1058 Eruperium
649 987 988 1054 interrogare
1025 964 1200 1035 dicit:
1238 978 1302 1032 Et
1338 978 1433 1032 hoc
1462 964 1739 1049 quazsitum
1764 985 1864 1044 est,

283 1082 406 1152 quid
453 1081 517 1134 de
565 1079 646 1132 his
691 1073 961 1130 observari
1007 1072 1212 1139 debeat,
1254 1072 1345 1142 qui
1387 1080 1504 1140 post
1549 1070 1866 1140 baptismum

285 1175 428 1228 omni
472 1182 700 1240 tempore
751 1164 1144 1222 incontinentire
1192 1174 1241 1217 et
1285 1162 1640 1231 voluptatibus
1677 1161 1864 1225 dediti,

285 1268 341 1322 in
370 1277 602 1320 extremo
632 1263 737 1332 ﬁne
797 1261 916 1314 vita:
945 1273 1055 1312 sua:
1098 1257 1456 1326 paenitentiam
1499 1253 1662 1309 simul
1707 1262 1756 1307 et
1788 1268 1866 1305 re-

287 1354 708 1409 conciliationem
759 1347 1141 1404 communionis
1177 1353 1482 1414 exposcunt.
1523 1343 1604 1397 Ad
1635 1342 1750 1398 hazc
1785 1341 1872 1394 ln-

287 1446 581 1502 nocentius
608 1461 622 1497 :
647 1443 725 1496 De
749 1443 828 1496 his
861 1441 1156 1496 observatio
1186 1438 1334 1508 prior
1353 1435 1557 1502 durior,
1595 1443 1701 1490 etc.
1732 1432 1870 1487 Tum

287 1548 346 1592 ut
373 1537 742 1591 concederetur
763 1535 860 1598 eis,
892 1540 1024 1597 etc.,
1050 1529 1321 1593 videlicet,
1353 1527 1446 1598 qui
1477 1527 1534 1580 in
1565 1533 1871 1580 extremum

287 1630 416 1683 vita:
463 1637 681 1697 tempus
738 1624 1120 1697 paenitentiam
1182 1619 1529 1676 distulerant.
1581 1615 1716 1682 Quis
1763 1629 1870 1668 non

289 1720 440 1774 videt
474 1719 540 1774 de
573 1718 668 1771 illo
713 1715 1092 1786 pmnitentium
1126 1725 1324 1783 genere
1356 1706 1732 1762 Innocentium
1767 1705 1874 1759 ista

290 1809 620 1883 scripsisse?
667 1812 735 1863 At
771 1811 798 1862 ὁ
837 1804 1256 1878 παρακεντητής
1287 1801 1353 1856 ad
1389 1815 1578 1854 omnes
1607 1798 1874 1868 pmnitcn-

291 1911 375 1958 tes
424 1899 723 1955 Innocentii
762 1897 948 1959 verba,
995 1894 1348 1965 prioremque
1399 1889 1545 1942 illam
1593 1887 1870 1940 duriorem
1904 1873 1945 1926 Β

291 1991 726 2049 observationem
786 1987 943 2058 jubet
999 1983 1214 2040 referri.
1280 1981 1570 2052 Nunquam
1633 1978 1872 2032 audiam.

295 2084 432 2138 Nam
477 2097 544 2136 ex
589 2095 656 2135 eo
686 2079 884 2134 ἄτοπον
917 2075 1050 2131 illud
1097 2073 1345 2145 sequitur
1377 2090 1390 2126 :
1430 2070 1611 2123 nullos
1653 2083 1749 2138 per
1785 2066 1876 2120 illa

297 2171 702 2248 persecutionis
726 2178 975 2240 tempora
997 2166 1327 2238 poenitentes
1351 2162 1418 2216 ad
1446 2175 1665 2231 pacem,
1697 2157 1748 2211 id
1772 2168 1876 2225 est,

299 2261 702 2318 absolutionem
743 2249 798 2312 et
827 2255 1268 2311 communionem
1299 2250 1472 2305 fuisse
1505 2254 1776 2317 receptos,
1811 2261 1880 2301 ne

294 2353 352 2406 in
398 2351 519 2420 ipso
565 2347 786 2419 quidem
826 2346 1020 2401 mortis
1073 2341 1340 2414 periculo.
1382 2339 1499 2394 Hoc
1527 2347 1679 2402 Vero,
1716 2351 1878 2407 quam

297 2442 502 2497 falsum
543 2441 637 2506 sit,
669 2439 806 2495 satis
852 2437 1118 2491 hactenus
1150 2430 1511 2499 ostendimus,
1545 2447 1712 2504 quam
1755 2443 1880 2484 cum

295 2535 500 2606 pietate
553 2539 607 2587 et
649 2529 917 2585 catholica
977 2527 1081 2582 ﬁde
1127 2531 1600 2588 consentaneum,
1645 2521 1882 2578 viderint

295 2639 534 2696 quorum
571 2632 738 2678 estea
773 2622 839 2677 de
867 2617 1238 2688 rejudicium.
1282 2615 1410 2670 Mihi
1438 2628 1718 2685 nunquam
1747 2627 1876 2682 per—

298 2715 582 2776 suadebis,
620 2728 797 2785 neque
825 2711 1120 2776 catholico,
1151 2708 1366 2778 opinor,
1391 2706 1553 2762 alicui
1580 2705 1842 2778 probabis
1864 2746 1880 2771 ,

299 2805 499 2878 primis
535 2805 642 2860 illis
684 2803 925 2868 saeculis,
965 2799 1350 2872 peccatoribus
1388 2797 1724 2868 quibuslibet
1759 2804 1884 2867 post

300 2898 638 2969 poenitentiae
683 2895 1041 2962 iunctionem,
1076 2891 1479 2948 absolutionem
1531 2897 1585 2946 et
1636 2905 1885 2945 commu-

302 2992 528 3046 nionem
555 3005 677 3045 esse
702 2989 1045 3058 denegatam.
1071 2984 1342 3054 Quocirca
1376 2999 1552 3054 neque
1578 2998 1679 3038 nos
1704 2983 1884 3037 adhuc

299 3081 592 3139 sententiae
633 3088 834 3135 nostra:
885 3078 1162 3149 pmnituit,
1203 3091 1367 3147 quam
1408 3071 1467 3136 in
1509 3074 1879 3128 Animadvers.

302 3190 429 3246 pag.
475 3171 599 3235 250,
654 3171 752 3226 251
784 3181 838 3226 et
879 3185 1032 3240 seqq.
1068 3169 1422 3240 exponimus;
1467 3171 1520 3220 et
1557 3180 1621 3220 ea
1665 3166 1883 3236 placere

303 3267 470 3322 nobis
498 3263 736 3334 amplius
761 3263 952 3332 coepit,
989 3278 1054 3318 ex
1081 3276 1190 3332 quo
1219 3269 1367 3314 tuam
1392 3259 1538 3311 illam
1565 3254 1884 3312 didicimus.

376 3353 543 3408 Aliud
575 3366 606 3405 a
642 3353 996 3422 dispunctore
1041 3355 1208 3419 caput
1246 3345 1642 3417 disputationis
1688 3353 1891 3399 nostrae

313 3442 731 3515 reprehenditur
753 3442 852 3513 (b),
881 3441 1025 3511 quod
1058 3455 1111 3510 p.
1141 3437 1267 3504 252,
1293 3436 1679 3500 dubitaverim,
1707 3445 1889 3490 utrum

315 3543 571 3606 perpetua
617 3534 935 3602 pmnitentia
977 3529 1252 3585 damnatis
1299 3536 1614 3598 postremus
1662 3525 1888 3596 gradus,

307 3641 473 3697 quem
549 3622 806 3677 σύστασιν
845 3619 1135 3686 vocabant,
1183 3619 1464 3689 patuerit;
1514 3617 1570 3671 in
1622 3633 1732 3686 quo
1776 3617 1892 3670 sola

304 3729 536 3787 precum
574 3711 960 3767 communione
992 3708 1323 3780 gaudebant,
1355 3707 1598 3762 nondum
1626 3704 1895 3760 Euchari-

306 3809 432 3864 stia:
460 3804 757 3876 participes
788 3801 939 3858 facti.
971 3799 1296 3870 Quanquam
1331 3813 1398 3854 eo
1444 3799 1619 3876 magis
1665 3798 1896 3852 inclina-

308 3902 458 3966 rim,
511 3906 572 3952 ut
626 3899 692 3954 ad
732 3905 989 3969 quartum
1038 3894 1191 3948 illum
1247 3871 1893 3960 minime'pérvenerint.

309 3990 432 4046 lloc
463 4005 550 4044 me
573 3987 848 4059 posterius
876 3993 1023 4040 recte
1049 3983 1294 4039 sensisse
1322 3981 1645 4051 dispunctor
1674 3979 1892 4034 asserit.

317 4083 466 4138 Nam
501 4082 570 4136 ad
608 4090 857 4152 quartum
885 4077 1112 4149 gradum
1140 4075 1327 4129 enectis
1359 4073 1624 4127 absolutio
1651 4088 1900 4126 concessa

313 4177 514 4246 fuerat,
537 4190 654 4244 qua:
675 4180 925 4241 perpetua
961 4169 1270 4238 pwnitentia
1304 4165 1573 4220 damnatis
1607 4163 1900 4234 denegaba-

314 4275 428 4319 tur.
466 4263 662 4318 Utrum
704 4263 760 4316 in
793 4261 956 4316 tertio
986 4259 1158 4329 gradu
1195 4257 1491 4321 absolutio,
1519 4254 1624 4308 hoc
1655 4261 1739 4309 est
1786 4269 1891 4323 pax

313 4365 374 4413 ct
417 4355 795 4410 reconciliatio
849 4353 1056 4407 tributa
1106 4349 1293 4416 fuerit,
1337 4363 1404 4402 an
1453 4347 1509 4402 in
1565 4353 1764 4416 quarto
1817 4344 1903 4398 de-

314 4463 473 4502 mum
521 4455 575 4501 et
621 4447 900 4510 συστάσει,
942 4451 1232 4514 quaesitum
1288 4449 1373 4496 est
1423 4456 1453 4495 a
1503 4439 1663 4494 nobis
1727 4437 1904 4507 capite

1966 625 2351 692 mysteriorum
2385 618 2859 690 participationem
2915 619 3030 675 sive
3058 619 3119 672 τὸ
3151 619 3354 672 τέλειον
3380 634 3394 669 :
3426 625 3541 672 tum

1965 708 2303 779 pmnitentiae
2330 715 2541 778 partem
2569 707 2907 778 gradumque
2944 707 3204 761 σύστασιν
3235 707 3448 772 haberi,
3480 722 3546 761 ae

1966 798 2294 853 nominatim
2328 799 2584 868 irrogari.
2627 797 2711 894 Ab
2737 813 2801 854 ea
2840 813 2942 853 nos
2978 798 3252 854 sententia
3282 798 3389 854 nisi
3421 799 3546 852 aliis

1966 889 2260 943 momentis
2277 889 2634 952 abstraxeris,
2659 889 2857 945 vereor
2883 897 2941 944 ut
2966 889 3302 960 persuadere
3333 891 3544 960 possis.

1971 976 2076 1034 Sed
2121 995 2185 1034 ca
2233 995 2294 1035 re
2341 990 2548 1046 tamen,
2589 982 2670 1035 uti
2711 981 2959 1048 fecimus,
3002 982 3058 1036 in
3089 982 3269 1038 medio
3309 983 3504 1038 relicta
3529 1003 3546 1038 -.

1969 1071 2244 1142 (ignosces
2287 1073 2454 1137 enim,
2504 1073 2723 1143 opinor,
2779 1074 2827 1130 si
2859 1089 2982 1129 cum
3037 1076 3092 1130 in
3120 1089 3308 1129 earum
3363 1089 3550 1129 rerum

1968 1163 2348 1219 tractationem
2394 1164 2790 1230 ineumberem,
2827 1180 2964 1235 quas
3002 1175 3184 1233 antea,
3233 1165 3381 1236 quod
3431 1165 3559 1235 qui-

1972 1253 2096 1308 dem
2150 1255 2345 1318 sciam,
2401 1256 2644 1323 attigerit
2698 1271 2888 1322 nemo;
2945 1257 3003 1312 in
3052 1257 3118 1312 iis
3173 1263 3227 1311 et
3276 1257 3553 1312 similibus

1971 1341 2370 1410 quaestionibus
2400 1342 2607 1398 haerere
2661 1344 2850 1408 malui,
2881 1359 3045 1413 quam
3085 1346 3255 1401 tantis
3275 1345 3343 1402 de
3385 1345 3554 1400 rebus

1971 1441 2174 1488 temere
2199 1431 2494 1502 judicare.)
2553 1430 2659 1488 Sed
2691 1449 2754 1489 ea
2796 1433 3184 1489 controversiae
3225 1441 3378 1503 parte
3408 1449 3552 1502 prac-

1973 1524 2225 1580 termissa
2247 1566 2263 1592 ,
2297 1525 2443 1597 quod
2475 1532 2533 1580 tu
2569 1526 2705 1580 citra
2732 1525 3130 1579 dubitationem
3155 1525 3319 1579 ullam
3351 1525 3556 1580 asseris

1971 1617 2233 1684 perpetuis
2265 1616 2636 1683 paenitentibus
2680 1625 3002 1684 postremum
3050 1617 3276 1685 gradum
3315 1632 3423 1670 non
3456 1631 3557 1685 pa-

1976 1707 2172 1771 tuisse,
2217 1705 2272 1758 id
2304 1707 2492 1776 negari
2534 1706 2632 1760 tibi
2672 1720 2778 1759 non
2834 1706 3108 1761 immerito
3128 1713 3328 1777 potest.
3377 1709 3557 1776 Atque

1977 1803 2038 1851 ut
2070 1797 2138 1852 de
2174 1796 2282 1852 illis
2316 1796 2534 1851 interim
2561 1797 2880 1862 concedam,
2911 1796 3004 1866 qui
3041 1797 3107 1850 ad
3136 1798 3410 1872 publicam
3441 1813 3558 1867 ptu-

1975 1887 2260 1942 nitentiam
2287 1887 2727 1952 admitterentur,
2758 1903 2921 1958 quam
2962 1887 3133 1948 semel
3160 1888 3426 1943 duntaxat
3466 1902 3562 1958 per

1976 1978 2067 2034 illa
2113 1985 2361 2048 tempora
2403 1993 2732 2034 concessam
2769 1979 2945 2034 fuisse
2977 1979 3302 2036 docuimus:
3333 1994 3560 2050 possunt

1977 2068 2308 2134 ostendere,
2356 2069 2680 2134 nonnullos,
2725 2069 2820 2139 qui
2871 2076 2996 2140 post
3038 2071 3248 2126 obitam
3297 2071 3542 2142 pmniten

1978 2164 2108 2216 tiam
2164 2170 2217 2218 et
2258 2163 2762 2218 reconciliationem
2818 2164 3018 2219 iterum
3064 2170 3449 2234 peccaverant,
3494 2163 3563 2216 ad

1979 2255 2151 2308 solam
2179 2252 2438 2308 σύστασιν
2470 2256 2525 2309 in
2573 2270 2736 2310 omne
2772 2255 2899 2310 vitae
2936 2263 3151 2326 tempus
3203 2255 3376 2310 fuisse
3404 2255 3568 2310 redu-

1981 2353 2136 2412 ctos;
2171 2346 2252 2401 sic
2281 2355 2344 2399 ut
2376 2346 2492 2402 sola
2523 2361 2648 2401 cum
2682 2345 2934 2402 ﬁdelibus
2973 2346 3223 2402 oratione
3249 2346 3428 2416 juncti
3463 2346 3573 2400 sub

1981 2437 2187 2491 exitum
2217 2437 2342 2491 vitae
2385 2452 2574 2507 pacem
2615 2444 2671 2493 et
2703 2438 3150 2494 communionem
3197 2437 3565 2508 perciperent.

1983 2527 2102 2594 Qua
2151 2529 2219 2583 de
2251 2545 2313 2585 re
2373 2529 2687 2586 luculentus
2740 2537 2919 2586 exstat
2964 2531 3150 2586 Siricii
3213 2546 3364 2602 papae
3415 2531 3570 2586 locus

1982 2619 2146 2690 epist.
2175 2616 2217 2685 l,
2268 2634 2393 2674 can.
2429 2621 2482 2686 5,
2531 2619 2599 2675 de
2630 2619 2698 2676 iis
2726 2621 2844 2690 qui,
2889 2628 3012 2675 acta
3041 2621 3367 2691 paenitentia
3389 2621 3454 2676 ad
3482 2637 3572 2676 vo-

1987 2710 2182 2765 mitum
2213 2711 2445 2767 redeunt
2477 2730 2492 2766 :
2527 2711 2600 2766 De
2623 2711 2837 2781 quibus,
2868 2711 3068 2782 inquit,
3104 2712 3229 2779 quia
3248 2713 3367 2782 jam
3403 2713 3574 2781 sulfu—

1983 2802 2131 2872 gium
2181 2818 2286 2856 non
2335 2803 2524 2858 habent
2559 2803 2868 2872 paenitendi,
2904 2820 2962 2858 eo
3010 2803 3263 2859 duximus
3300 2804 3576 2860 decernen-

1985 2895 2134 2961 dum,
2177 2906 2236 2949 ut
2272 2894 2390 2949 sola
2418 2894 2559 2947 intra
2585 2891 2881 2948 Ecclesiam
2919 2893 3166 2964 ﬁdelibus
3196 2896 3434 2951 oratione
3447 2896 3578 2966 jun-

1989 2995 2208 3058 gantur,
2247 2993 2355 3042 etc.
2397 2985 2584 3050 Addit,
2623 2986 2728 3042 sub
2760 2987 2950 3040 horam
2994 2987 3190 3043 mortis
3230 2989 3575 3042 communio-

1987 3093 2112 3134 nem
2139 3091 2266 3133 esse
2290 3076 2646 3132 reddendam.
2684 3075 2863 3132 Habes
2900 3077 2991 3130 hic
3019 3085 3215 3146 quarto
3239 3079 3578 3149 poenitentiae

1993 3169 2184 3238 gradu,
2221 3167 2327 3223 hoc
2373 3173 2459 3222 est
2506 3166 2784 3237 συστάσει,
2807 3167 3100 3222 damnatos
3142 3167 3198 3222 in
3229 3175 3574 3238 perpetuum.

1993 3259 2114 3314 sine
2172 3257 2522 3313 absolutione
2565 3258 3094 3329 communioneque.
3141 3273 3304 3329 quam
3354 3259 3579 3314 nonnisi

1992 3350 2096 3408 sub
2137 3348 2347 3404 obitum
2399 3348 2777 3418 impetrarent.
2812 3347 2930 3403 Non
2975 3356 3060 3405 est
3093 3363 3223 3419 ergo
3256 3350 3577 3413 verisimile,

1992 3441 2139 3508 quod
2163 3441 2366 3510 jactas,
2397 3455 2496 3497 eos
2525 3440 2617 3509 qui
2659 3441 2714 3495 in
2757 3440 3015 3496 συστάσει
3060 3441 3445 3507 versabantur,
3477 3441 3579 3496 ab-

1996 3531 2272 3588 solutione
2312 3529 2465 3601 prius
2514 3531 2824 3602 impertitos
2868 3547 3012 3588 esse.
3043 3531 3162 3587 Nisi
3190 3531 3333 3588 forte
3370 3533 3463 3603 qui
3514 3533 3580 3586 ad

1997 3624 2258 3678 vomitum
2305 3623 2607 3690 redierant,
2656 3623 2708 3677 id
2767 3624 2989 3694 impune
3038 3624 3174 3678 adeo
3204 3624 3474 3687 ferebant,
3523 3632 3584 3679 ut

1997 3716 2118 3773 sine
2179 3715 2503 3788 poenitentia
2563 3717 2965 3772 absolutionem
3017 3717 3164 3772 illico
3217 3716 3580 3788 perciperent,

1998 3810 2267 3879 longeque
2301 3806 2644 3864 commodius
2683 3808 3036 3873 haberentur,
3076 3825 3239 3878 quam
3290 3809 3382 3879 qui
3415 3809 3580 3864 semel

1998 3898 2383 3968 deliquissent,
2435 3897 2582 3968 quod
2630 3911 2847 3952 omnem
2890 3898 3286 3953 absurditatem
3337 3907 3576 3968 superat.

2067 3991 2137 4044 At
2163 3990 2327 4044 etiam
2359 3989 2514 4044 illum
2548 3988 2619 4062 (c)
2656 3991 2830 4044 nostri
2863 3991 3110 4055 miseret;
3153 3997 3291 4059 quod
3338 3990 3457 4044 huic
3493 4008 3574 4044 os-

1999 4084 2240 4150 sertioni,
2279 4098 2461 4152 pacem
2499 4090 2549 4136 et
2616 4080 3022 4144 absolutionem,
3066 4082 3305 4135 criminis
3347 4081 3584 4135 dolorem

2001 4185 2048 4229 et
2079 4176 2440 4244 paenitentiam
2485 4188 2596 4242 pra:
2633 4190 2688 4228 se
2729 4171 3020 4242 ferentibus
3063 4172 3371 4241 denegatam
3395 4173 3582 4240 fuisse,

2002 4267 2266 4337 refragari
2312 4274 2577 4334 putemus,
2601 4264 2740 4332 quod
2797 4261 3021 4318 Nicwna
3073 4264 3302 4333 synodus
3343 4279 3464 4318 can.
3523 4263 3586 4316 15

2004 4360 2231 4426 appellat
2262 4356 2488 4411 παλαιὸν
2522 4356 2618 4409 καὶ
2649 4354 2930 4410 κανονικὸν
2968 4354 3152 4424 νόμον,
3186 4371 3284 4424 quo
3311 4351 3585 4406 moribun-

2003 4451 2086 4503 dis
2119 4448 2354 4502 dandam
2393 4463 2506 4502 esse
2539 4463 2720 4516 pacem
2757 4447 3136 4518 prwscribitur.
3176 4445 3346 4500 Homo
3374 4446 3588 4501 miscri-

319 4547 604 4609 postremo
645 4537 922 4599 Diatribaz,
960 4544 1014 4589 et
1058 4535 1316 4602 utrinque
1346 4532 1588 4586 rationes
1622 4544 1878 4600 expensa:

2009 4559 2157 4606 cors,
2209 4557 2372 4612 quem
2426 4548 2536 4594 tam
2588 4540 2748 4596 facile
2799 4540 2986 4604 alieni,
3047 4547 3107 4594 ut
3155 4545 3332 4609 putat,
3382 4538 3590 4593 erroris

317 4631 524 4701 quibus
574 4628 826 4683 allirmari
880 4627 1026 4683 istud
1069 4626 1327 4696 negarive
1379 4633 1585 4694 posset.
1641 4621 1754 4676 lloe
1803 4636 1904 4690 ego

317 4724 646 4777 alterutram
695 4721 750 4774 in
793 4729 998 4791 partem
1040 4719 1269 4775 delinire
1304 4717 1476 4778 nolui,
1529 4722 1583 4770 et
1616 4715 1683 4768 ad
1723 4713 1906 4768 erudi—

317 4828 506 4872 torum
569 4816 850 4870 hominum
911 4822 1074 4884 atque
1125 4811 1470 4881 antiquitatis
1519 4806 1907 4862 ecclesiastica

314 4907 925 4976 consultorumjudicia
953 4903 1274 4976 provocavi.
1307 4901 1389 4957 Tu
1430 4900 1476 4955 si
1499 4916 1568 4955 ex
1601 4915 1665 4953 eo
1708 4911 1907 4968 genere

311 5000 610 5056 hominum
654 5014 733 5062 es,
777 4998 938 5052 velim
985 4997 1125 5050 hanc
1173 4993 1307 5049 mihi
1348 4991 1743 5048 dubitationem
1789 4989 1906 5044 exi-

317 5105 469 5154 mas,
502 5098 557 5144 et
580 5090 917 5160 conjecturis
944 5092 1012 5145 iis
1035 5075 1329 5156 occurras,
1362 5105 1483 5162 qum
1511 5091 1707 5160 partim
1739 5090 1847 5144 illic
1878 5103 1907 5142 a

330 5195 417 5234 me
451 5183 749 5252 proposita:
777 5190 908 5238 sunt
933 5223 948 5246 ,
987 5183 1184 5252 partim
1218 5181 1340 5236 aliis
1370 5197 1436 5236 ex
1482 5181 1800 5236 auctoribus
1837 5180 1912 5233 af-

331 5268 460 5328 ferri
493 5281 743 5342 possunt.
781 5273 889 5344 Ego
928 5284 1051 5344 post
1083 5274 1480 5328 absolutionem
1533 5280 1908 5329 sacramenta-

321 5368 457 5425 iem,
495 5363 549 5416 id
587 5374 692 5428 est,
725 5370 1024 5435 perlectam
1061 5379 1250 5436 pacem
1292 5379 1356 5419 ac
1383 5363 1908 5425 reconciliationem,

319 5455 538 5526 optimo
590 5471 715 5524 jure
778 5455 950 5511 fuisse
1003 5458 1333 5526 pmnitentes
1389 5455 1663 5520 arbitror;
1736 5469 1911 5524 neque

315 5549 630 5620 quidquam
682 5549 942 5604 habuisse
989 5550 1207 5619 reliqui,
1258 5548 1404 5620 quod
1443 5564 1538 5603 eos
1592 5563 1620 5600 a
1671 5562 1911 5601 comnm-

314 5640 500 5696 ninne
542 5637 810 5693 Dominici
847 5642 1091 5703 corporis
1123 5646 1355 5694 arceret.
1391 5637 1562 5692 Video
1605 5637 1746 5691 cnim
1791 5635 1908 5706 paci

400 5753 480 5818 (τι)
510 5751 639 5821 Pag.
677 5753 764 5806 15.

393 5827 477 5895 (ιι)
517 5823 645 5891 Pag.
689 5822 774 5876 15.

659 5921 928 5982 Parnm.
976 5922 1091 5984 Gn.
1141 5921 1368 5985 XLII).

2009 4636 2254 4698 miseret,
2286 4649 2385 4689 cur
2414 4634 2468 4687 in
2508 4640 2827 4703 peccatores
2856 4649 2920 4687 ac
2947 4635 3279 4704 poenitentes
3317 4633 3398 4688 sic
3437 4645 3592 4686 acer-

2009 4737 2112 4782 bus
2157 4737 2210 4782 et
2262 4726 2502 4780 crudelis
2530 4733 2635 4787 est,
2673 4734 2731 4779 ut
2760 4741 2856 4780 eos
2886 4741 3010 4780 cum
3055 4724 3299 4779 Ecclesia
3350 4721 3592 4778 reconci—

2010 4820 2130 4873 liari
2187 4818 2519 4889 prohibeat?
2577 4818 2840 4887 Equidem
2882 4833 3006 4886 pag.
3053 4817 3178 4880 251,
3207 4822 3497 4884 postquam
3533 4813 3588 4867 in

2010 4911 2173 4964 certis
2199 4910 2523 4965 criminibus
2551 4917 2805 4979 negatam
2831 4906 3123 4976 aliquando
3147 4904 3589 4958 communionem

2008 5001 2256 5071 probavi,
2281 5001 2559 5071 paululum
2585 4998 2921 5061 addubitavi,
2946 5005 3202 5051 utrumne
3242 4994 3295 5048 in
3346 4994 3592 5064 periculo

2012 5091 2236 5162 quidem
2298 5091 2492 5146 mortis
2543 5103 2805 5145 concessa
2864 5087 3048 5143 fuerit.
3103 5085 3218 5142 Hoc
3256 5101 3324 5140 ne
3372 5084 3592 5156 penitus

2013 5199 2338 5248 assererem,
2392 5183 2673 5253 prohiberi
2725 5196 2813 5235 me
2861 5179 2972 5234 dixi
3015 5194 3228 5235 canone
3267 5178 3362 5232 illo
3405 5177 3472 5230 l3
3504 5174 3596 5228 Ni-

2011 5291 2184 5339 caano,
2225 5275 2315 5329 ubi
2365 5273 2554 5328 Patres
2603 5273 2670 5328 de
2716 5272 3080 5330 morientibus
3113 5271 3493 5332 decreverunt,
3533 5273 3593 5319 ut

2014 5380 2081 5420 ne
2135 5365 2329 5418 ultimo
2381 5378 2444 5417 ac
2496 5363 2811 5418 necessario
2857 5363 3062 5416 viatico
3106 5361 3491 5431 privarentur,
3535 5356 3592 5410 in

2012 5471 2186 5526 eoque
2228 5465 2385 5510 vetus
2417 5463 2471 5509 et
2505 5455 2770 5508 canonica
2814 5454 2897 5508 lex
2939 5459 3208 5507 servetur.
3254 5449 3380 5504 llaec
3427 5461 3507 5502 vel
3526 5447 3592 5501 ba

2014 5546 2259 5613 concilii,
2315 5556 2460 5601 vetus
2515 5555 2565 5600 et
2619 5545 2876 5600 canonica
2936 5544 3019 5598 lea:
3071 5543 3419 5612 signiﬁcant,
3479 5546 3590 5595 nan

2013 5637 2141 5708 χθὲς
2171 5639 2263 5692 καὶ
2289 5639 2499 5709 πρώην,
2536 5638 2627 5692 sed
2658 5638 2768 5708 jam
2802 5645 2916 5689 tum
2944 5636 3072 5690 olim
3105 5635 3160 5687 in
3193 5631 3436 5690 Ecclesia
3467 5645 3594 5689 cau-

2090 5751 2156 5823 (ι’)
2196 5751 2328 5824 Pag.
2372 5752 2454 5804 H.
