3920 6438
454 403 558 458 619

1763 393 1924 452 DlON
1933 438 1944 450 .
1981 395 2324 456 PETAVIUS
3592 401 3677 460 620

457 534 571 573 tum
599 531 743 580 esse,
783 514 862 570 uti
893 529 961 570 ne
985 512 1350 569 morientibus
1379 514 1694 569 communio
1726 523 2038 586 negaretur.
2075 527 2117 580 Α
2151 515 3032 592 appellaretur,qummorilrundis
3060 514 3443 589 paenitentibus
3473 531 3682 575 commu-

457 610 675 681 Excipit
717 608 985 663 adversus
1032 607 1136 662 ista
1187 607 1535 675 dispunctnr,
1570 603 1849 659 Nicwnam
1890 623 2043 676 syna-

454 703 581 754 dum
629 717 732 754 non
771 700 835 753 de
880 699 1139 764 apostatis
1187 706 1280 750 aut
1327 697 1817 760 excommunicatis,
1851 697 1942 750 sed
1977 697 2042 750 de

452 790 826 862 pwnilentibus
889 797 1101 844 tantum
1157 787 1464 847 paenitentia
1506 785 1728 840 solemni
1775 785 2040 854 defunctis

457 886 859 958 intelligendam
891 885 1087 939 venire.
1111 882 1276 936 Multa
1315 882 1493 950 gratis.
1513 878 1861 934 concedenda
1889 888 2038 943 sunt,

457 995 695 1052 quorum
747 979 793 1033 si
838 979 906 1031 ab
957 977 1052 1031 illo
1101 975 1410 1045 postuletur
1454 975 1618 1037 ratio,
1671 973 1807 1027 nihil
1845 981 2042 1042 prazter

456 1073 834 1142 conjecturam
896 1067 1073 1140 possit
1137 1065 1354 1120 afferre.
1410 1063 1694 1131 Ejusmodi
1743 1070 1829 1118 est
1883 1061 2038 1127 illud,

458 1161 604 1231 quod
640 1162 708 1214 de
734 1157 937 1212 Nicaeni
984 1155 1212 1210 canonis
1251 1155 1522 1210 sententia
1568 1154 1815 1224 disputat
1844 1171 1857 1206 :
1892 1151 2039 1223 quod

456 1273 524 1311 ne
553 1256 731 1324 ipsum
771 1251 990 1322 quidem
1025 1256 1218 1304 contra
1258 1261 1362 1302 nos
1398 1247 1550 1310 facit,
1584 1263 1763 1317 neque
1803 1247 1870 1301 ad
1927 1262 2039 1300 rem

453 1347 712 1416 pertinet,
771 1345 880 1398 imo
916 1359 981 1397 ex
1013 1356 1079 1396 eo
1112 1339 1436 1410 superioris,
1491 1353 1656 1408 quam
1701 1336 2042 1408 Oppugnavi-

455 1451 598 1502 mus,
656 1433 944 1494 sententiae
994 1432 1211 1488 falsitas
1267 1430 1639 1486 convincitur.
1680 1427 1880 1484 Demus
1912 1429 2038 1490 hoc,

453 1529 725 1582 bit-mnam
765 1524 1036 1597 synodum
1071 1537 1282 1579 canone
1310 1521 1404 1576 illo
1434 1520 1522 1583 l3,
1555 1535 1686 1590 quo,
1721 1535 1785 1575 ex
1817 1520 2042 1589 antiqua

449 1634 500 1676 et
522 1619 793 1676 canonica
823 1617 1132 1680 sanctione,
1167 1614 1427 1669 viaticum
1459 1613 1707 1683 adeoque
1746 1618 1938 1682 pacem
1988 1619 2042 1665 ct

450 1713 856 1768 absolutionem
906 1707 1278 1763 morientibus
1329 1705 1598 1776 impertiri
1645 1704 1821 1774 jubet,
1866 1704 1933 1758 de
1974 1703 2040 1758 iis

450 1804 720 1856 duntaxat
758 1801 1137 1870 praescribere,
1173 1799 1266 1869 qui
1303 1797 1626 1869 pmiiitentia
1676 1795 1908 1853 solemni
1955 1796 2042 1851 de-

454 1892 627 1947 functi
683 1901 857 1956 sunt;
902 1891 1139 1959 primum
1168 1904 1234 1943 cx
1259 1902 1325 1944 eo
1359 1901 1706 1956 consequens
1737 1894 1839 1946 est,
1883 1891 2043 1938 caete-

449 2000 567 2048 ros,
601 1983 692 2053 qui
726 1980 971 2036 nondum
1001 1979 1401 2050 pmnitentibus
1431 1976 1658 2046 ascripti
1703 1975 1940 2040 fuerant,
1988 1983 2043 2030 et

451 2075 506 2128 in
535 2072 732 2126 mortis
802 2068 1051 2140 periculo
1129 2081 1317 2138 pacem
1394 2073 1679 2136 peterent,
1758 2077 2040 2132 nunquam

449 2167 816 2236 impetrasse;
849 2161 981 2231 quia
1012 2159 1248 2216 solemni
1282 2158 1608 2229 pmnitcutia
1638 2154 1884 2212 defuncti
1929 2169 2039 2208 non

447 2265 624 2313 erant.
661 2253 820 2321 Quod
845 2253 1065 2324 quidem
1103 2251 1335 2306 inficiari
1371 2265 1692 2320 possumus,
1738 2245 2040 2318 praesertim

448 2350 493 2406 si
526 2349 595 2404 de
619 2348 824 2403 citimis
851 2345 1071 2402 Niczeno
1090 2343 1328 2400 concilio
1353 2343 1697 2412 temporibus
1726 2342 2037 2411 loquamur.

446 2439 582 2506 Quis
637 2439 784 2494 enim
839 2437 1027 2492 credat
1079 2451 1199 2501 eos,
1256 2433 1351 2505 qui
1406 2442 1532 2504 post
1582 2434 1808 2489 unicum
1859 2435 2043 2488 scelus

448 2531 775 2593 admissum,
840 2537 1133 2599 antequam
1196 2527 1481 2594 obeundae,
1537 2529 1622 2582 vel
1685 2525 2042 2596 impetranda:

449 2622 787 2692 pmnitentiae
847 2621 1088 2691 spatium
1141 2619 1441 2681 haberent,
1489 2617 1544 2670 in
1595 2615 1845 2670 morbum
1905 2616 2044 2670 inei-

448 2713 682 2772 dissent,
729 2725 864 2781 pace
894 2725 958 2764 ac
987 2707 1435 2764 reconciliatione
1484 2706 1659 2760 fuisse
1701 2705 2042 2759 frustratos?

451 2799 566 2855 lloc.
594 2798 702 2854 nisi
732 2798 1111 2854 vehementius
1168 2795 1466 2866 approbes,
1525 2809 1686 2850 nemo
1720 2794 1817 2848 tibi
1847 2801 2044 2865 sponte

447 2892 811 2948 concesserit.
845 2889 951 2949 Sed
985 2889 1274 2944 omittatur
1310 2887 1457 2944 istud
1493 2887 1548 2942 in
1583 2900 1847 2958 prasens.
1877 2885 2042 2941 Certe

449 2986 684 3040 alterum
717 3000 781 3039 ex
810 2983 1074 3054 Opinione
1139 2991 1192 3038 et
1241 2980 1697 3052 interpretatione
1726 2979 1832 3035 ista
1858 2979 2041 3049 sequi-

450 3087 564 3144 tur,
599 3076 745 3148 quod
787 3075 1062 3148 superiori
1093 3075 1196 3138 illi,
1233 3081 1294 3128 ut
1328 3072 1462 3137 dixi,
1518 3071 1810 3128 sententia:
1859 3069 2038 3125 refra-

449 3175 630 3238 gatur.
664 3166 865 3220 Aiebas
898 3164 1084 3232 modo,
1133 3163 1390 3218 saeviente
1435 3161 1675 3232 procella
1711 3159 2037 3231 persecutio-

450 3260 556 3324 nis,
585 3274 702 3325 eos,
731 3260 823 3328 qui
858 3258 1178 3328 pmnitentia
1229 3255 1555 3310 delictorum
1603 3255 1823 3310 caelitus
1867 3253 2032 3308 afﬂati

448 3353 686 3416 fuerant,
729 3353 846 3408 sola
890 3350 1147 3406 Ecclesia:
1187 3349 1606 3420 approbatione,
1656 3338 1777 3423 sine
1822 3348 2039 3403 absolu-

448 3448 618 3512 tione,
664 3444 835 3499 fuisse
870 3451 1163 3498 contentos
1193 3461 1206 3498 :
1236 3454 1474 3513 cumque
1505 3440 1599 3496 diu
1631 3457 1700 3496 ne
1724 3439 2037 3496 moribundi

447 3537 669 3607 quidem
742 3535 958 3591 veniam
1016 3550 1080 3590 ac
1139 3549 1332 3606 pacem
1388 3534 1642 3589 obtinere
1692 3533 2034 3603 potuissent,

447 3639 640 3701 postea
679 3628 843 3697 longo
876 3627 1166 3681 intervallo
1207 3626 1524 3690 remissum,
1571 3632 1632 3680 ut
1672 3625 2036 3682 morientibus

447 3722 718 3776 duntaxat
765 3717 1042 3772 absolutio
1078 3717 1511 3788 permitteretur,
1560 3717 1744 3786 itaque
1777 3716 2036 3772 Novatia-

450 3829 646 3869 norum
694 3811 946 3866 haeresim
987 3810 1088 3865 hac
1125 3817 1335 3864 tantum
1376 3825 1442 3865 ex
1493 3817 1648 3880 parte
1697 3811 2030 3864 damnatam.

450 3905 576 3961 llzee
603 3905 720 3975 ipsa
756 3913 1024 3973 tempora,
1071 3902 1274 3971 quibus
1317 3909 1512 3974 negata
1554 3903 1639 3958 vel
1675 3901 2035 3957 morientibus

447 3993 885 4064 estcommunio,
903 3993 1062 4064 longe
1081 3991 1222 4046 infra
1240 3991 1497 4063 Cypriani
1515 4000 1730 4048 {etatem
1754 3992 2002 4046 incidunt
2019 4013 2031 4045 :

446 4085 650 4156 quippe
693 4077 1036 4140 Novatianus
1076 4084 1224 4139 illius
1279 4093 1523 4154 tempore
1569 4083 1746 4150 vixit;
1806 4091 1862 4138 tu
1902 4098 2034 4138 vero

447 4180 610 4248 longo
665 4177 952 4232 intervallo
1009 4182 1130 4246 post
1185 4174 1474 4231 Novatiani
1527 4184 1703 4232 ortam
1759 4175 2031 4240 lizcresim,

441 4272 683 4325 laxatam
715 4271 918 4326 asseris
951 4270 1359 4326 severissimum
1389 4269 1536 4323 illam
1573 4267 1834 4324 Ecclesiae
1864 4268 2035 4324 disci-

449 4362 670 4430 plinam.
750 4359 989 4416 Proinde
1062 4361 1322 4432 Cypriani
1389 4369 1674 4431 tempore,
1765 4362 2033 4433 longeque

450 4459 678 4520 postea,
752 4453 938 4506 nullus
1009 4453 1436 4522 quibuscunque
1505 4453 1904 4522 pmnitentibus
1967 4453 2031 4507 ad

2147 610 2368 664 nionem
2422 610 2639 674 tribuit,
2690 624 2873 663 nonne
2927 612 3011 663 vel
3055 618 3180 665 ante
3229 623 3328 664 ιιι
3381 624 3544 666 annos
3576 612 3685 674 ferri

2146 700 2371 756 debuit?
2425 699 2704 766 Quocirca
2752 699 2977 755 florente
3021 698 3294 770 Cypriauo
3327 688 3566 756 Ecclesia:
3590 702 3682 770 jam

2143 800 2262 846 erat
2285 806 2388 847 usu
2421 801 2662 862 recepta.
2715 791 2797 845 lta
2841 791 3029 846 multis
3082 792 3259 848 modis
3292 794 3682 850 commentitium

2153 891 2256 949 est,
2293 885 2738 954 persecutionum
2767 890 3030 952 tempore,
3057 889 3110 938 et
3138 883 3294 953 longo
3327 893 3445 938 ante
3466 883 3685 938 Novatia-

2151 991 2282 1032 num
2338 975 2652 1042 intervallo,
2713 975 3113 1045 ptenitentibus
3169 976 3329 1030 etiam
3381 976 3686 1031 moribundis

2145 1066 2586 1120 communionem
2621 1079 2744 1124 esse
2773 1064 3124 1134 denegatam.

2217 1159 2285 1211 At
2319 1157 2514 1228 objieis
2544 1175 2556 1212 :
2592 1155 2865 1227 Synodum
2898 1156 3256 1221 Sardiensem,
3309 1154 3518 1210 Nil-cena
3540 1167 3687 1226 postc-

2146 1249 2382 1311 riorem,
2432 1249 2486 1302 in
2535 1249 2770 1317 periculo
2819 1249 3008 1301 mortis
3056 1263 3246 1316 negare
3288 1249 3685 1301 communionem.

2144 1339 2288 1405 Quid
2336 1341 2499 1394 tum?
2535 1356 2603 1393 an
2651 1339 2771 1394 ideo
2817 1354 3018 1410 negare
3057 1346 3234 1409 potes,
3285 1337 3427 1393 istud
3465 1339 3626 1410 ipsum
3657 1354 3684 1393 a

2145 1431 2368 1487 Nicmno
2394 1432 2626 1487 concilio
2654 1431 2824 1488 fuisse
2853 1433 3156 1497 decretum,
3186 1430 3328 1500 quod
3365 1445 3529 1484 canon
3565 1417 3688 1484 illius

2144 1535 2254 1579 tam
2287 1533 2475 1594 aperte
2509 1524 2789 1595 loquitur?
2834 1521 3052 1588 Nescis,
3075 1522 3418 1595 generalibus
3451 1523 3687 1578 interdum

2147 1615 2376 1687 regulis,
2431 1631 2557 1670 cum
2619 1616 2694 1670 ita
2745 1623 3056 1686 temporum
3113 1615 3394 1682 conditio,
3449 1615 3527 1669 vel
3577 1630 3689 1670 usus

2145 1706 2454 1776 disciplinae
2508 1706 2774 1776 postulat,
2825 1705 3071 1776 privatas
3124 1707 3389 1777 abrogare
3447 1708 3608 1777 leges,
3642 1714 3690 1759 ut

2145 1795 2289 1865 quod
2323 1797 2576 1852 universe
2605 1805 2828 1850 cautum
2863 1797 3059 1862 fuerat,
3094 1797 3142 1851 ei
3175 1799 3255 1850 vel
3291 1797 3512 1867 aequitas
3536 1797 3687 1852 detra-

2149 1889 2242 1942 hat
2278 1889 2507 1958 aliquid,
2565 1890 2651 1944 vel
2698 1890 2969 1945 severitas
3024 1891 3300 1961 apponat?
3342 1888 3433 1945 Est
3475 1890 3604 1944 enim
3644 1888 3688 1942 in

2149 1977 2408 2036 Ecclesia:
2443 1988 2711 2050 potestate
2748 1979 3089 2051 arbitrioque
3136 1996 3409 2035 canonum
3457 1996 3607 2045 usus;
3642 1987 3689 2033 ut

2145 2071 2363 2125 illorum
2421 2073 2751 2128 auctoritate
2806 2074 2979 2137 salva,
3037 2089 3197 2128 secus
3233 2089 3395 2142 quam
3445 2071 3478 2125 ii
3523 2071 3688 2136 ferant,

2145 2163 2396 2217 nonnihil
2448 2164 2770 2234 plerumque
2822 2173 3050 2218 statuat.
3095 2163 3238 2217 Nam.
3267 2174 3320 2218 et
3351 2162 3578 2235 synodus
3614 2161 3689 2215 illa

2147 2253 2277 2310 Side
2311 2254 2643 2327 Pamphyliae
2677 2257 2859 2310 habita
2894 2264 3086 2312 contra
3117 2255 3498 2319 Massalianos,
3535 2253 3690 2308 Sardi-

2144 2349 2297 2403 ccnsi
2330 2347 2622 2417 posterior,
2659 2346 2822 2418 cujus
2855 2364 2923 2402 ex
2957 2346 3173 2414 Photio,
3208 2363 3333 2420 pag.
3368 2347 3453 2414 18,
3477 2344 3691 2402 memini-

2144 2456 2290 2504 mus,
2319 2439 2386 2495 iis
2416 2440 2509 2510 qui
2543 2448 2668 2511 post
2715 2440 3065 2496 anathemate
3111 2440 3427 2493 damnatam
3476 2436 3688 2493 haeresim

2144 2531 2315 2598 illam,
2343 2544 2626 2604 utcunque
2659 2533 3036 2603 suspicionem
3072 2531 3193 2602 ejus
3229 2539 3423 2602 postea
3451 2528 3688 2588 dederint.

2142 2625 2588 2681 communionem
2641 2640 2710 2680 ne
2762 2624 2818 2680 in
2875 2624 3000 2680 vita:
3059 2624 3284 2696 quidem
3322 2624 3468 2679 exitu
3511 2621 3690 2686 tribuit,

2141 2717 2444 2784 quamlibet
2499 2725 2708 2772 mutata
2770 2717 3042 2772 sententia
3115 2717 3495 2788 pmnitentiam
3545 2713 3688 2786 parati

2143 2809 2258 2863 sint
2305 2809 2570 2880 profiteri.
2604 2811 2683 2864 Ac
2715 2809 2922 2866 videsis
2965 2825 3198 2865 acumen
3243 2810 3396 2866 illius
3436 2808 3690 2863 ratiocina-

2141 2901 2332 2956 tionis.
2389 2899 2646 2957 Nicaenus
2696 2917 2874 2957 canon
2929 2901 3251 2957 undecimus
3306 2901 3394 2967 iis,
3449 2900 3533 2970 qui
3579 2897 3690 2954 citra

2140 2990 2254 3044 vim
2299 3005 2365 3045 ac
2410 2991 2798 3046 necessitatem
2848 2991 2952 3046 sub
3007 2990 3204 3046 Licinii
3254 2992 3539 3063 tyrannide
3579 2984 3689 3056 lapsi

2143 3081 2369 3148 fuerint,
2418 3082 2716 3139 duodecim
2756 3100 2930 3139 annos
2962 3085 3304 3155 poenitentiae
3336 3084 3570 3156 pnclixit.
3599 3077 3690 3132 Hoc

2143 3176 2426 3245 tusimili,
2461 3186 2624 3249 atque
2675 3178 2788 3234 illic
2832 3179 3028 3244 uteris,
3077 3181 3546 3251 argumentatione
3584 3187 3687 3246 pro-

2145 3269 2303 3326 babis
2336 3286 2621 3340 nunquam
2651 3285 2681 3324 a
2709 3271 2947 3327 concilio
2988 3271 3161 3327 fuisse
3195 3273 3490 3328 Sancitum.
3535 3266 3688 3337 Siqui-

2141 3361 2266 3419 dem
2299 3361 2648 3418 Valentinum
2693 3363 2917 3420 Nicazno
2951 3365 3224 3435 posterius
3255 3381 3381 3420 can.
3414 3360 3686 3419 δόρει-ανῆ,

2141 3464 2202 3510 ut
2243 3457 2340 3526 qui
2392 3464 2518 3526 post
2566 3457 2897 3526 baptismum
2932 3457 3177 3528 profanis
3217 3456 3520 3512 daemonum
3548 3451 3689 3507 sacris

2140 3547 2336 3618 polluti
2397 3547 2642 3613 fuerint,
2710 3549 3092 3619 pcenitentiam
3147 3549 3216 3603 ad
3274 3557 3498 3605 mortem
3548 3557 3688 3614 usque

2141 3637 2468 3708 suscipiant.
2518 3636 2685 3708 Atqui
2743 3638 2882 3693 ratio
2933 3637 3160 3694 minime
3215 3640 3479 3706 procedit.
3536 3635 3687 3703 Neque

2141 3730 2308 3801 igitur
2371 3730 2462 3784 illa
2522 3746 2688 3801 quam
2756 3731 2823 3785 ad
2888 3731 3068 3787 simile
3135 3733 3414 3802 negotium
3475 3728 3682 3784 adhibes.

2140 3821 2351 3892 Pergis,
2405 3836 2459 3878 ct
2505 3825 2609 3879 hoc
2655 3824 2962 3896 redarguis,
3012 3825 3157 3895 quod
3199 3825 3456 3896 pag.234
3485 3823 3546 3878 de
3573 3816 3684 3874 ditii-

2138 3916 2344 3970 cillimo
2389 3917 2483 3971 illo
2523 3915 2782 3988 Cypriani
2808 3917 2926 3972 loco
2959 3933 3025 3972 ex
3056 3918 3217 3988 epist.
3263 3919 3329 3972 l5
3360 3919 3680 3988 disputamus,

2139 4004 2232 4058 ubi
2299 4013 2527 4061 sanctus
2580 4005 2826 4076 pontifex
2883 4005 3074 4076 jubet,
3141 4014 3202 4061 ut
3263 4009 3360 4078 qui
3426 4004 3613 4061 libellos
3653 4011 3678 4049 a

2140 4097 2485 4167 martyribus
2540 4106 2896 4169 acceperunt,
2958 4097 3101 4169 apud
3163 4101 3565 4171 presbyterum,
3611 4094 3682 4146 aui

2138 4189 2184 4242 si
2223 4189 2346 4258 ejus
2397 4191 2554 4261 copia
2586 4190 2750 4259 desit,
2783 4191 2928 4262 apud
2956 4193 3249 4246 diaCunum
3281 4184 3683 4259 exhomologesin

2137 4276 2321 4332 delicti
2364 4279 2449 4334 sui
2501 4279 2730 4347 faciant,
2784 4291 2844 4336 ut
2888 4297 3054 4336 manu
3100 4284 3182 4338 eis
3235 4285 3291 4338 in
3345 4277 3682 4354 paenitentiam

2138 4368 2414 4442 imposita,
2448 4373 2669 4427 veniant
2699 4373 2764 4428 ad
2799 4375 3088 4429 Dominum
3117 4391 3242 4429 cum
3281 4392 3431 4446 pace.
3467 4373 3582 4427 llaec
3603 4379 3685 4436 ego

2139 4463 2522 4532 probabiliter.
2564 4465 2669 4520 nisi
2706 4465 2886 4530 fallor,
2919 4466 3000 4522 sic
3031 4467 3466 4538 interpretabor,
3507 4472 3564 4519 ut
3585 4473 3685 4515 cum

449 4541 750 4595 Ecclesium
795 4551 849 4596 et
891 4544 1390 4598 reconciliationem
1425 4545 1606 4601 aditus
1637 4547 1830 4615 patuit.
1866 4546 2031 4615 Atqui
2067 4559 2106 4613 υ
2141 4553 2341 4623 duplex
2381 4553 2596 4609 fructus
2628 4557 2994 4612 absolutionis
3027 4557 3211 4621 fuerit,
3240 4566 3298 4613 ιιι
3324 4568 3378 4614 ct
3405 4574 3434 4611 a
3459 4549 3683 4627 peccatis,

451 4631 812 4687 falsissimum
876 4633 930 4686 id
993 4649 1157 4697 esse,
1229 4651 1355 4688 cum
1433 4645 1592 4690 antea
1653 4653 1722 4691 ex
1782 4639 2030 4708 ejusdem

441 4723 709 4795 Cypriani
742 4731 796 4780 et
829 4725 1063 4778 aliorum
1095 4735 1339 4781 veterum
1377 4730 1706 4784 auctoritate
1759 4739 2030 4785 monstra-

431 4817 646 4884 ,vimus,
686 4826 799 4872 tum
829 4834 896 4872 ex
929 4819 1235 4889 posteriore
1273 4820 1361 4874 illa
1411 4828 1504 4874 tua
1544 4821 1745 4876 biit-mni
1798 4826 2032 4879 canonis

441 4909 892 4980 interpretatione
946 4912 1314 4966 concluditur.
1355 4912 1412 4966 Si
1454 4913 1599 4968 enim
1627 4912 1844 4970 Nicaena
1901 4931 2031 4986 syn-

441 5001 584 5056 odus
645 5009 888 5058 veterem
951 5013 1005 5064 et
1092 5003 1419 5058 canonicam
1481 5006 1823 5060 sanctionem
1881 5007 2030 5059 illam

442 5101 642 5157 vocat,
703 5109 824 5162 quae
879 5094 1244 5151 moribundos
1302 5095 1628 5166 ptenitentes
1689 5097 2033 5153 absolutionc

442 5183 638 5237 donari
679 5185 950 5254 praecipit,
1004 5200 1135 5242 sane
1175 5185 1339 5258 longe
1366 5195 1493 5242 ante
1527 5186 1812 5242 Metellum
1845 5191 2034 5243 conci-

443 5275 600 5342 lium,
635 5288 924 5347 grassante
955 5277 1091 5332 adeo
1118 5280 1359 5348 procella
1385 5281 1813 5349 persecutionis,
1837 5280 2030 5335 saltem

447 5367 815 5422 morientibus
866 5368 1143 5423 absolutio
1191 5385 1458 5424 concessa
1517 5369 1704 5425 fuerit.
1746 5369 1895 5425 Obiit
1927 5371 2032 5442 Cy-

445 5459 672 5526 prianus
713 5475 860 5513 anno
911 5460 1116 5515 Christi
1146 5460 1272 5526 259,
1333 5460 1625 5518 Valeriano
1685 5471 1738 5518 et
1782 5463 2031 5518 Gallieno

449 5547 618 5618 ixnpp.
664 5549 745 5604 Ab
774 5550 879 5606 hoc
913 5565 1058 5606 anno
1090 5551 1158 5605 ad
1202 5554 1497 5607 concilium
1529 5553 1832 5620 Nicaenum,
1859 5555 2029 5611 inter-

447 5635 649 5689 vallum
679 5647 763 5693 est
800 5653 1072 5694 annorum
1125 5654 1282 5704 LXVI,
1322 5639 1390 5698 Ut
1437 5657 1569 5714 ergo
1620 5651 1764 5699 vetus
1806 5643 1894 5698 illa
1945 5645 2028 5702 lcx

522 5803 600 5873 (α)
634 5807 758 5879 trag.
799 5815 877 5868 ll.

2139 4646 2242 4700 hoc
2271 4655 2375 4712 est,
2411 4647 2572 4718 culpa
2623 4648 2741 4720 ipsa
2784 4661 2909 4721 post
2950 4651 3329 4722 ptenitentiam
3377 4649 3686 4706 absolveren-

2138 4745 2264 4803 ιυΐὲ
2307 4745 2360 4792 οἱ
2408 4738 2462 4791 in
2495 4739 2771 4810 integrum
2822 4742 3061 4796 restituti
3113 4741 3179 4794 ad
3227 4742 3483 4796 Ecclesiae
3534 4730 3687 4788 Domi-

2137 4829 2363 4899 nicique
2421 4832 2872 4886 communionem
2942 4835 3195 4904 corporis
3259 4835 3685 4890 admitterentur;

2142 4931 2440 4992 utrumque
2474 4938 2573 4992 per
2597 4925 2888 4995 episcopos
2913 4934 3008 4979 aut
3036 4927 3356 4982 sacerdotes
3387 4921 3685 4979 obtinerent.

2138 5016 2370 5070 alterum
2409 5031 2560 5081 vero,
2593 5032 2720 5071 cum
2752 5016 3062 5073 sacerdotis
3093 5018 3252 5088 copia
3278 5032 3386 5072 non
3417 5024 3573 5075 esset,
3609 5019 3686 5078 per

2137 5109 2478 5164 diaconum:
2517 5111 2593 5163 ita
2651 5120 2712 5165 ut
2760 5111 3004 5166 nondum
3064 5100 3684 5166 sacramentali'absolu-

2137 5201 2286 5254 tione
2315 5211 2731 5272 percepta,cum
2766 5203 2838 5257 ita
2877 5205 3182 5259 necessitas
3213 5204 3397 5268 ferret,
3434 5208 3604 5270 pacem
3635 5201 3684 5241 ac

2138 5293 2649 5348 reconciliationem
2711 5303 3178 5365 assequercntur,
3241 5301 3296 5348 et
3360 5285 3685 5346 Eucharistiae

2137 5383 2434 5454 participes
2464 5384 2665 5439 forent.
3600 5397 3602 5399 ’

2209 5472 2346 5528 lluic
2384 5481 2495 5529 tam
2538 5488 2755 5546 apertae,
2795 5487 2901 5530 tam
2955 5476 3219 5530 hodierno
3252 5473 3372 5528 usui
3443 5483 3502 5524 ac
3542 5461 3682 5520 mmi-

2135 5565 2239 5620 bus
2285 5576 2669 5623 consentanea:
2699 5569 2894 5623 rationi
2936 5568 3063 5638 quid
3107 5565 3381 5637 opponis?
3424 5559 3575 5620 Satis,
3613 5555 3681 5606 in-

2136 5655 2276 5724 quit,
2322 5666 2499 5724 aperle
2539 5657 2798 5725 insinuat,
2837 5657 3233 5713 Eucharistiam
3273 5655 3462 5726 absque
3499 5645 3679 5704 allsolw-
