3920 6440
260 456 350 515 621

1371 439 1741 502 ΑῙΝΕῐίδυδ
1781 439 1947 496 MAT.
1988 435 2346 495 SIMONIUM.

3415 433 3523 491 6‘22

264 571 388 625 tione
416 567 616 637 percipi
645 565 894 638 potuisse.
934 559 1136 630 Quidni
1165 559 1271 616 hoc
1301 553 1486 631 aperte
1519 559 1781 631 prolitear
1807 597 1824 624 ,
1857 565 1903 623 Α
1930 555 2305 626 susciperent,
2355 552 2472 624 lege
2519 550 2610 608 illa
2655 561 2992 612 tenerentur.
3040 555 3204 627 Atqui
3265 557 3522 616 universe

260 662 390 732 quod
421 676 490 715 ex
523 660 618 715 illo
647 656 909 730 Cypriani
943 655 1066 711 loco
1096 667 1208 710 non
1230 652 1467 709 obscure
1507 649 1826 720 colligitur?

259 752 378 808 Nam
409 762 465 809 et
502 766 694 822 pacem
738 750 1003 805 diaconus
1036 745 1129 800 ille
1168 757 1431 798 manuum
1478 739 1828 812 impositione

257 845 540 901 tribuebat.
585 844 681 900 Est
711 849 893 898 autem
921 854 1027 912 pax
1052 837 1194 893 idem
1226 850 1352 890 cum
1381 834 1828 890 reconciliatione

259 936 362 992 sive
393 935 801 991 communione.
848 932 1021 986 Porro
1054 927 1489 990 sacramentalis,
1517 932 1576 980 ut
1603 931 1823 988 vocant,

260 1026 338 1080 illa
365 1041 472 1080 non
504 1025 641 1090 fuit;
665 1039 830 1096 quam
875 1025 1029 1080 solus
1055 1022 1315 1082 sacerdos
1347 1017 1599 1073 conferre
1627 1023 1825 1088 potest.

258 1115 452 1180 Restat,
483 1125 542 1171 ut
573 1116 720 1186 quod
759 1114 870 1170 dixi
896 1121 1052 1170 extra
1080 1110 1511 1168 controversiam
1551 1109 1643 1174 sit,
1683 1107 1827 1177 quod

258 1206 412 1261 nullis
455 1221 683 1276 prorsus
720 1203 1017 1260 contrariis
1046 1201 1388 1274 argumentis
1412 1200 1614 1255 elevas.
1671 1197 1830 1263 Quod

256 1309 378 1350 vero
418 1296 650 1361 subdis,
710 1295 974 1350 diaconos
1020 1291 1426 1348 Eucharistiam
1484 1289 1830 1344 ministrasse

258 1387 486 1455 quidem,
517 1403 628 1441 non
655 1395 836 1441 tamen
860 1386 952 1456 jus
983 1385 1052 1440 ad
1085 1383 1489 1440 Eucharistiam
1521 1381 1830 1452 percipient-

256 1477 370 1532 dam
422 1478 675 1543 dedisse;
723 1479 770 1534 si
815 1478 965 1534 enim
1010 1477 1144 1532 illud
1196 1474 1450 1532 conferre
1495 1474 1827 1544 potuissent,

255 1568 406 1622 etiam
441 1569 586 1638 quod
621 1569 802 1624 minus
831 1578 936 1632 est,
971 1567 1371 1623 absolutionem
1418 1566 1667 1636 potuisse
1705 1579 1832 1619 con-

256 1659 466 1725 cedere;
501 1659 728 1716 minime
765 1660 1022 1714 callidum
1053 1667 1138 1716 est
1167 1659 1524 1732 ὲπιχείρημα.
1555 1656 1690 1711 Nam
1731 1657 1831 1711 ab-

256 1751 458 1806 solvere
487 1751 838 1821 ptenitentes,
867 1752 969 1806 hoc
993 1758 1078 1806 est
1129 1751 1604 1814 sacramentalem,
1638 1757 1699 1803 ut
1730 1762 1828 1801 vo-

254 1847 394 1904 cant,
423 1842 824 1897 absolutionem
867 1841 1154 1911 impertiri,
1201 1839 1516 1897 sacerdotes
1544 1853 1737 1894 omnes
1777 1839 1829 1892 vi

1929 661 2170 702 canones
2200 645 2343 702 sacri
2380 659 2476 701 eos
2511 659 2703 702 omnes
2738 648 3060 714 excludunt,
3093 650 3186 720 qui
3227 650 3343 706 sive
3373 657 3524 707 cate-

1928 736 2184 792 chumeni
2220 744 2429 802 essent,
2462 737 2579 792 sive
2614 753 2724 792 non
2755 749 2963 805 essent,
3013 741 3068 794 in
3114 743 3306 797 morbo
3344 743 3524 813 bapti-

1930 829 2038 884 zati
2087 828 2339 885 fuissent.
2396 830 2537 896 Quid
2579 830 2696 886 haec
2738 847 2904 902 porro
2934 833 3039 889 sibi
3080 833 3524 892 velintzlnrerte

1928 924 2065 978 illud
2092 925 2324 978 comici:
2350 923 2504 989 Quod
2539 942 2619 979 me
2646 927 2721 981 vis
2753 929 2913 998 cogit,
2956 927 3226 983 voluntate
3267 946 3370 984 non
3410 931 3522 984 im—

1931 1025 2133 1086 petrent
2149 1029 2169 1081 ;
2195 1024 2244 1070 et
2269 1017 2529 1071 rationem
2556 1017 2714 1086 hujus
2739 1021 2958 1075 canonis
2986 1020 3337 1090 deprehendes
3362 1039 3380 1077 .'
3404 1031 3523 1079 tum

1933 1108 2194 1173 sciemus,
2231 1124 2356 1164 cum
2389 1109 2629 1180 teipsum
2661 1111 3137 1183 interpretaberis.

2545 1245 2776 1301 CAPUT
2817 1246 2907 1303 Ill.

1937 1351 2176 1430 Purgata
2217 1355 2280 1430 de
2307 1355 2822 1430 illustrifardinali
2853 1359 3112 1413 Perronio
3141 1359 3528 1430 Dispunctiun-

2003 1426 2146 1502 culte
2164 1425 2486 1502 criminatio.
2519 1426 2827 1502 Retractata
2856 1431 3177 1498 pcrdi/ﬁcilis
3202 1425 3358 1502 super
3378 1435 3526 1489 illius

2002 1495 2244 1569 opinione
2275 1498 2515 1564 qua'stio.
2551 1495 2917 1553 Paenitentiam
2947 1495 3213 1569 publicam
3245 1495 3320 1558 uel
3349 1505 3524 1558 inuitis

2003 1563 2237 1642 qblatam
2278 1563 2560 1642 esse,__non
2601 1563 3147 1642 exambitam'vulgo,
3195 1589 3257 1626 ac
3299 1576 3522 1642 passim.

2008 1633 2081 1686 De
2109 1635 2343 1703 pcrjurio
2372 1636 2560 1694 obiter.

2005 1739 2080 1797 De
2108 1743 2481 1801 illustrissimo
2507 1747 2779 1803 cardinali
2829 1748 3092 1806 Perronio
3120 1752 3329 1809 frustra
3367 1753 3528 1810 nobis

1934 1832 2195 1889 invidiam
2229 1837 2410 1893 facere
2434 1840 2677 1897 conaris.
2711 1839 2898 1912 Neque
2929 1843 3076 1897 enim
3105 1845 3189 1899 vel
3222 1844 3404 1900 littera
3434 1860 3530 1916 ap-

254 1931 455 1987 ordinis
497 1947 562 1987 ac
593 1940 864 2002 potestate
900 1910 1173 2003 poterant,
1207 1947 1308 1988 usu
1344 1947 1408 1986 ac
1449 1931 1833 2001 jurisdictione
1865 1910 1908 1966 Β
1935 1926 2166 1995 pellalus
2200 1926 2248 1983 is
2280 1935 2365 1983 est
2399 1943 2428 1982 δ
2462 1945 2568 1995 me,
2599 1941 2692 1986 aut
2720 1932 2787 1988 de
2809 1910 2947 2004 ejus
2993 1935 3403 1993 existimatione
3433 1910 3530 1995 de-

255 2020 350 2076 soli
385 2021 649 2091 episcopi,
686 2025 770 2078 vel
799 2039 864 2078 eo
895 2025 1117 2078 absente
1139 2031 1230 2077 aut
1265 2022 1633 2093 permittente,
1658 2038 1834 2077 sacer-

255 2116 400 2170 dotes
430 2117 628 2170 cseteri.
670 2117 748 2171 lta
778 2132 1017 2173 canones
1049 2117 1257 2187 antiqui
1304 2117 1502 2173 docent
1530 2135 1543 2169 :
1576 2132 1607 2172 e
1632 2115 1833 2186 quibus

252 2207 488 2262 occurrit
518 2209 680 2264 modo
701 2209 898 2264 concil.
939 2208 1130 2262 Carth.
1164 2225 1224 2274 ιι,
1248 2222 1373 2263 can.
1399 2209 1454 2274 '5,
1485 2207 1542 2273 4,
1563 2216 1619 2262 et
1641 2207 1830 2262 Carth.

253 2313 332 2362 tu,
378 2313 502 2352 can.
535 2299 624 2354 32.
663 2298 892 2354 Diaconi
935 2315 1066 2354 vero
1096 2298 1288 2368 utique
1321 2298 1427 2354 hoc
1470 2298 1833 2354 absolutionis

250 2405 418 2459 genus
447 2389 700 2446 conferre
742 2405 854 2445 non
890 2396 1161 2460 poterant.
1197 2389 1457 2444 Poterant
1499 2396 1681 2444 autem
1738 2388 1833 2442 ab-

253 2488 404 2535 sente
435 2481 740 2545 sacerdote,
773 2496 836 2536 ex
865 2481 1108 2551 episcopi
1134 2478 1412 2546 mandato',
1433 2480 1500 2535 ab
1519 2493 1833 2535 excommu-

252 2571 521 2626 nicatione
544 2581 598 2626 et
625 2572 875 2628 censuris
899 2572 1216 2639 absolvere;
1253 2578 1416 2641 atque
1433 2570 1508 2625 ita
1523 2577 1831 2640 compotem

251 2662 606 2719 Eucharistiat
655 2663 853 2729 facere,
907 2663 1366 2734 quemadmodum
1411 2672 1467 2719 et
1517 2663 1680 2718 hodie
1727 2678 1831 2718 usu

247 2756 411 2810 venit.
449 2755 586 2812 Cum
611 2757 756 2812 enim
784 2756 1079 2812 conﬁtendi
1111 2757 1271 2826 c0pia
1309 2755 1482 2821 deest,
1522 2762 1704 2826 potest
1737 2756 1831 2826 qui

242 2861 469 2903 causam
513 2847 696 2914 habet,
744 2863 846 2903 cur
883 2849 940 2904 id
974 2848 1158 2912 faciat,
1204 2847 1341 2903 citra
1380 2847 1831 2903 sacramentalem

244 2938 666 3005 absolutionem,
713 2941 782 2994 ad
818 2939 1145 2996 celebranda
1182 2940 1264 2994 vel
1305 2939 1682 3012 participanda
1717 2954 1833 3009 my-

245 3029 416 3085 steria
459 3030 552 3100 jus
599 3031 865 3102 accipere,
917 3033 1063 3102 quod
1107 3031 1697 3094 excommunicatione,
1750 3029 1834 3084 vel

243 3138 408 3194 ptena
447 3124 554 3177 alia
587 3124 858 3194 perditum
899 3126 1016 3180 sola
1048 3126 1213 3196 hujus
1253 3123 1588 3180 relaxatione
1611 3135 1835 3176 revoca-

243 3225 353 3269 tur.
380 3215 504 3269 Non
535 3215 710 3283 video,
740 3215 872 3286 quid
898 3216 993 3272 tibi
1018 3217 1119 3271 bac
1137 3219 1190 3272 in
1214 3225 1404 3273 nostra
1430 3215 1699 3272 sententia
1727 3213 1834 3267 dis—
1861 3242 1905 3300 ε

246 3306 450 3376 plicere
479 3308 671 3377 possit.
716 3305 773 3362 Si
820 3308 952 3378 quid
991 3308 1087 3362 tibi
1135 3322 1299 3363 secus
1345 3305 1606 3368 occurrit,
1655 3302 1834 3374 planis

251 3413 316 3451 ac
340 3397 554 3452 Latinis
589 3398 774 3454 verbis
815 3399 1081 3470 exprime.
1141 3397 1425 3452 Postremo
1463 3409 1630 3450 vexas
1679 3391 1755 3464 (α)
1781 3393 1838 3446 il-

259 3482 369 3550 lud,
386 3487 524 3555 quod
545 3500 667 3557 pag.
690 3485 798 3541 230
830 3489 1190 3556 scripseram:
1212 3483 1448 3540 Clinicos
1469 3501 1501 3539 a
1538 3483 1837 3538 sacerdotio

253 3574 420 3626 arceri
451 3573 671 3637 solitos;
710 3574 806 3628 hoc
834 3584 931 3636 est,
957 3576 1046 3644 qui
1084 3576 1404 3644 baptismum
1432 3575 1486 3629 in
1509 3573 1711 3628 obitum
1743 3589 1838 3626 us-

246 3680 344 3732 que
376 3673 787 3732 prorogassent,
837 3663 1066 3733 adeoque
1112 3666 1166 3718 in
1220 3663 1535 3734 wgritudine
1577 3663 1839 3733 baptizati

243 3756 483 3824 fuerant.
524 3755 621 3810 llic
656 3772 786 3810 vero
816 3756 870 3809 in
909 3772 1009 3810 nos
1033 3756 1206 3825 jocari
1243 3756 1462 3812 voluisti
1494 3755 1591 3812 :Si
1623 3757 1689 3809 ad
1721 3755 1840 3810 obi-

239 3855 386 3908 tum,
427 3845 630 3916 inquis,
667 3863 843 3917 usque
890 3847 1278 3917 prorogabant,
1311 3862 1340 3900 a
1371 3847 1680 3902 sacerdotio
1733 3845 1839 3900 uti-

238 3953 356 4007 que
396 3953 509 3990 non
539 3938 896 4003 arcebantur;
931 3937 1038 3992 nisi
1080 3937 1222 3992 forte
1263 3947 1387 4007 post
1425 3937 1633 3992 obitum
1665 3952 1842 3993 sacer-

242 4030 404 4085 dotio
440 4029 644 4084 initiari
678 4037 951 4100 poterant.
984 4031 1050 4083 At
1077 4029 1398 4098 baptismum
1426 4031 1479 4083 in
1510 4028 1710 4083 obitum
1742 4045 1838 4081 us-

239 4138 349 4192 que
375 4135 684 4190 prorogare,
708 4129 760 4175 et
787 4122 842 4175 in
887 4120 1199 4191 wgritudine
1242 4118 1508 4190 baptizari
1547 4121 1704 4190 longe
1737 4119 1844 4174 dif-

240 4215 459 4269 ferunt.
494 4211 694 4268 Verum
729 4213 852 4284 quis
899 4217 1093 4280 nescit,
1134 4229 1261 4268 cum
1305 4214 1377 4266 ita
1421 4213 1664 4267 dicitur:
1694 4227 1723 4265 a
1753 4228 1843 4267 sa-

242 4307 484 4362 cerdotii
516 4307 780 4377 dignitate
808 4315 1049 4362 remotos
1075 4307 1197 4362 illos
1220 4305 1409 4370 fuisse,
1434 4307 1525 4376 qui
1551 4306 1604 4359 in
1632 4306 1840 4359 obitum

241 4399 792 4470 usquebaptismum
819 4398 1191 4464 distulissent;
1222 4413 1346 4452 eum
1369 4397 1569 4452 habere
1591 4411 1840 4460 sensum,

242 4500 310 4548 ut
361 4508 429 4549 ea
473 4493 689 4548 demum
740 4490 975 4546 infamiae
1023 4497 1153 4544 uota
1187 4491 1527 4560 plectantur,
1567 4491 1612 4546 si
1646 4500 1843 4562 praeter

1937 2023 2194 2070 tractum.
2228 2015 2304 2072 De
2337 2019 2596 2089 Opinione
2629 2022 2746 2092 ipsa
2783 2023 2856 2078 ita
2892 2025 3023 2095 quid
3059 2028 3321 2084 sentirem
3361 2044 3531 2100 expo—

1935 2107 2043 2173 sui,
2078 2114 2137 2161 ut
2167 2109 2377 2164 nomini
2407 2126 2713 2180 parcerem.
2747 2113 2860 2170 lloc
2897 2117 2941 2172 si
2978 2118 3187 2174 crimen
3221 2127 3326 2185 est,
3351 2137 3381 2176 a
3408 2137 3526 2175 ma-

1933 2213 2168 2268 gnorum
2203 2201 2756 2259 virorumscntcntia
2799 2207 3124 2266 discedere:
3163 2217 3278 2266 tum
3309 2219 3366 2266 tu
3397 2227 3527 2282 pro-

1928 2288 2079 2345 fecto
2107 2290 2162 2345 in
2197 2292 2388 2349 eadem
2415 2309 2583 2351 causa
2611 2298 2940 2364 versaberis,
2971 2301 3063 2372 qui
3090 2302 3157 2358 de
3179 2305 3525 2374 pamiteutia,

1934 2389 1988 2434 et
2020 2381 2362 2440 absolutione
2390 2387 2637 2455 quaedam
2685 2391 2956 2460 scripsisti
3002 2394 3072 2448 ab
3103 2394 3193 2461 iis,
3242 2411 3364 2466 quae
3413 2405 3528 2454 trcs

1934 2472 2013 2527 illi
2043 2475 2373 2544 cardinales,
2405 2477 2790 2546 Bcllarminus,
2843 2481 3115 2542 Baronius
3147 2497 3200 2543 et
3227 2487 3527 2547 Perronius

1935 2563 2155 2633 docent,
2187 2566 2482 2634 plurimum
2509 2570 2861 2627 abhorrentia
2892 2593 2904 2628 :
2936 2574 3045 2630 imo
3073 2593 3201 2634 vero
3231 2594 3261 2632 a
3288 2595 3531 2635 summo-

1935 2671 2057 2710 rum
2089 2658 2433 2726 pontificum,
2466 2661 2753 2718 doctorum
2781 2667 3052 2732 omnium,
3077 2675 3241 2739 atque
3270 2669 3532 2728 Ecclesiae

1937 2761 2102 2802 sensu
2151 2749 2319 2804 totius
2371 2751 2585 2817 aliena;
2633 2769 2870 2824 quorum
2935 2761 3198 2815 nonnulla
3258 2763 3529 2834 superiori

1935 2839 2117 2907 capite
2159 2838 2543 2900 discussimus.
2595 2845 2812 2902 Atenim
2860 2848 2974 2903 haec
3024 2851 3188 2906 verba
3219 2851 3531 2926 (b):Atqui

1938 2946 2087 2985 nemo
2124 2940 2233 2986 tam
2269 2949 2445 2989 vecors
2473 2937 2597 3002 erit,
2634 2940 2724 3008 qui
2749 2938 3033 2996 humanius
3065 2959 3185 2997 cum
3216 2944 3328 2999 illis
3351 2956 3532 2999 actum

1935 3031 2102 3092 putet,
2135 3025 2225 3094 qui
2268 3027 2324 3081 in
2357 3027 2539 3082 eadem
2580 3032 2773 3098 sapius
2821 3033 3187 3104 incurrissent,
3230 3045 3281 3090 et
3321 3039 3530 3108 quidem

1937 3115 2199 3172 horrenda
2227 3119 2458 3190 flagitia,
2494 3137 2653 3190 quam
2689 3138 2808 3175 cum
2853 3123 2942 3189 iis,
2973 3125 3064 3194 qui
3099 3126 3259 3181 semel
3297 3143 3359 3181 ea
3387 3144 3533 3182 cont.

1937 3207 2206 3260 misissent
2228 3225 2248 3273 ,'
2269 3209 2410 3279 quod
2427 3224 2494 3264 ea:
2513 3210 2611 3264 illa
2631 3213 2873 3282 opinione
2886 3217 3258 3287 consequitur;
3279 3221 3532 3277 acerbius

1941 3296 2009 3352 de
2048 3305 2202 3353 tanto
2230 3300 2348 3355 viro
2382 3300 2528 3356 dicta
2561 3310 2691 3357 sunt
2736 3321 2895 3373 quam
2930 3307 3154 3362 modesti
3184 3309 3412 3367 hominis
3437 3328 3534 3367 co-

1937 3387 2107 3456 gitata
2131 3389 2274 3442 ratio
2304 3391 2622 3460 postularet.
2657 3391 2756 3448 Hic
2777 3395 3064 3463 nimirum,
3095 3398 3186 3454 hic
3211 3401 3301 3456 ille
3330 3418 3531 3462 succus

1941 3479 2202 3550 loliginis.
2247 3479 2384 3536 Puta
2413 3499 2501 3539 me
2539 3485 2703 3541 modo
2731 3485 2797 3543 de
2828 3488 3014 3558 iniqua
3038 3496 3133 3544 tua
3149 3492 3535 3550 criminatione

1941 3570 2024 3625 sic
2050 3573 2316 3643 conqueri
2349 3593 2362 3630 :
2393 3573 2529 3641 Quis
2564 3584 2674 3632 tam
2705 3594 2900 3635 vecors
2929 3581 3054 3647 erit,
3091 3591 3152 3637 ut
3179 3585 3275 3656 qui
3307 3586 3534 3646 absurdi

1945 3663 2151 3733 aliquid
2183 3672 2238 3720 et
2271 3664 2395 3722 falsi
2425 3682 2491 3722 ex
2529 3668 2838 3742 cujuspiam
2871 3671 3129 3743 opinione
3158 3679 3421 3749 consequi
3452 3681 3536 3735 di—

1943 3757 2104 3821 xerit,
2139 3758 2206 3812 ab
2232 3773 2297 3813 eo
2334 3759 2651 3816 mendacem
2680 3770 2733 3816 et
2770 3764 3068 3820 absurdum
3099 3769 3361 3838 appellari
3390 3771 3540 3832 dicas

1944 3846 2116 3912 illum,
2154 3848 2313 3917 cujus
2361 3850 2435 3906 sit
2481 3853 2707 3922 opinio?
2753 3853 2895 3909 Num
2931 3872 3019 3912 me
3063 3857 3183 3914 ideo
3215 3859 3271 3914 in
3296 3861 3388 3931 jus
3433 3863 3535 3919 ob-

1945 3943 2090 3991 torto
2121 3939 2262 3993 collo
2297 3941 2496 4011 rapies,
2530 3943 2676 4013 quod
2717 3952 2771 3999 te
2801 3945 2980 4014 ipsum
3027 3950 3313 4006 vecordem
3361 3955 3539 4009 nomi-

1944 4029 2143 4094 narim,
2174 4030 2451 4101 verboque
2483 4034 2757 4089 ltcserim?
2793 4035 2956 4106 Atqui
2979 4047 3038 4091 ut
3061 4038 3195 4095 illud
3227 4043 3380 4112 prius
3410 4061 3538 4100 vere

1946 4119 2250 4189 meritoque
2284 4119 2536 4176 dicturus
2565 4121 2785 4178 videor:
2827 4125 2907 4179 sic
2937 4125 3166 4181 alterum
3201 4129 3347 4185 istud
3379 4149 3540 4188 usur-

1945 4224 2076 4279 pare
2104 4226 2282 4280 neque
2310 4212 2471 4266 velim
2503 4213 2639 4282 ipse,
2669 4229 2848 4284 neque
2885 4227 3167 4287 propterea
3203 4221 3373 4277 videri
3404 4239 3535 4294 pos-

1947 4313 2088 4362 sum,
2125 4299 2269 4368 quod
2315 4299 2471 4368 prius
2510 4300 2766 4364 dixerim.
2816 4301 2912 4357 Est
2954 4304 3100 4357 enim
3133 4305 3302 4367 aliud,
3344 4324 3534 4364 vecor-

1947 4391 2070 4445 dem
2105 4391 2378 4461 appellare
2410 4406 2737 4461 quemquam
2764 4408 2778 4457 ;
2822 4392 2968 4447 aliud
3005 4395 3152 4464 quod
3182 4411 3246 4451 ex
3275 4397 3394 4468 ejus
3416 4415 3543 4456 sen-

1949 4482 2114 4536 tentia
2164 4482 2418 4537 concludi
2471 4489 2652 4552 potest
2704 4483 3025 4548 absurdum,
3074 4487 3220 4557 quod
3277 4489 3393 4560 ipse
3435 4506 3540 4546 non

241 4601 408 4655 spem
440 4593 494 4639 ει
522 4584 830 4654 opinionem
859 4585 891 4636 ᾖ
923 4582 1115 4637 [norbo
1142 4582 1558 4636 convalucrint?
1586 4582 1689 4638 Eos
1713 4599 1841 4638 vero
1876 4593 1918 4646 ι)
1949 4571 2418 4635 animadverterit,
2557 4573 2824 4642 pPOEICl‘i,
2861 4575 3110 4631 VCCOI'tllS
3162 4593 3286 4634 esse
3335 4581 3540 4639 dicere.

240 4678 348 4749 qui
391 4677 453 4731 in
491 4675 810 4746 aegritudine
847 4674 1104 4744 baptizati
1138 4673 1337 4737 forent,
1370 4687 1400 4726 a
1430 4673 1741 4728 sacerdotio
1770 4690 1850 4728 re-

231 4771 435 4842 jectos
465 4783 606 4829 esse,
643 4767 800 4820 docet
826 4781 999 4821 canon
1038 4766 1129 4821 ille
1162 4765 1469 4820 Neocaesar.
1501 4780 1600 4831 xu,
1629 4774 1682 4821 et
1712 4764 1846 4820 Cor-

234 4861 439 4916 nelius
472 4874 606 4929 papa
634 4858 801 4926 Epist.
827 4858 894 4910 ad
925 4856 1156 4910 Fabium
1182 4858 1482 4912 Antiochia:
1505 4858 1846 4927 episcopum,

237 4969 380 5024 qua:
411 4960 592 5007 exstat
631 4950 774 5020 apud
807 4949 1101 5005 Eusebium
1141 4951 1235 5004 lib.
1275 4967 1344 5014 Vl,
1380 4965 1502 5018 cap.
1533 4950 1622 5013 55,
1657 4949 1750 5004 ubi
1783 4951 1850 5002 de

236 5044 473 5098 Novato
521 5041 744 5102 scribit,
807 5039 984 5110 ipsum
1037 5050 1230 5110 pneter
1283 5055 1523 5094 canones
1576 5038 1847 5093 initiatum

246 5138 434 5191 fuisse
468 5134 777 5190 sacerdotio
826 5153 838 5187 :
895 5135 1046 5187 Ἐπεὶ
1085 5133 1157 5204 μὴ
1196 5133 1314 5198 ἐξὸν
1363 5128 1430 5202 ἦν
1474 5133 1566 5186 τὸν
1597 5134 1654 5184 ὲν
1695 5131 1852 5204 κλίνῃ

245 5227 352 5278 διὰ
378 5227 532 5280 νόσον
567 5223 954 5296 περιχυθέντα,
981 5224 1169 5294 ὥσπερ
1194 5226 1289 5277 καὶ
1321 5218 1498 5289 οὗτος,
1534 5225 1615 5288 εἰς
1651 5223 1851 5294 κλῆρόν

238 5334 381 5370 τινα
411 5317 686 5384 γενέσθαι.
720 5317 987 5384 Quoniam
1017 5317 1166 5386 nefas
1188 5328 1300 5372 erat
1330 5334 1468 5383 eum,
1497 5318 1586 5386 qui
1611 5315 1674 5371 ob
1711 5332 1853 5369 mor-

238 5411 388 5461 bum
419 5408 476 5460 in
503 5407 696 5462 lectulo
725 5409 970 5478 perfusus
1012 5425 1110 5471 est,
1146 5408 1444 5478 cujusmodi
1494 5409 1670 5478 fuerat
1707 5410 1808 5462 iste
1836 5447 1851 5471 ,

1953 4663 2095 4717 Ecce
2142 4670 2198 4717 tu
2225 4679 2348 4734 pag.
2379 4664 2458 4717 'M
2487 4664 2738 4720 misereri
2769 4673 2822 4721 te
2856 4667 3056 4722 scribis
3088 4671 3216 4737 mei,
3251 4675 3396 4743 quod
3444 4691 3545 4745 ego

1952 4770 2016 4809 ex
2049 4754 2268 4810 Nicaeno
2295 4771 2504 4811 canone
2537 4758 2810 4828 colligam,
2834 4760 2964 4814 olim
2996 4760 3050 4815 in
3083 4763 3276 4818 mortis
3302 4765 3548 4834 periculo

1954 4845 2346 4915 paenitentibus
2377 4886 2392 4910 ,
2464 4845 2712 4916 adeoque
2785 4856 3070 4916 grassante
3125 4853 3541 4920 persecutione,

1954 4938 2396 4992 communionem
2434 4953 2557 4992 esse
2591 4953 2934 4993 concessam.
2969 4939 3142 5006 Quam
3187 4949 3241 4995 tu
3281 4959 3377 5013 per
3410 4944 3548 4998 ludi-

1953 5030 2134 5084 brium
2184 5031 2365 5099 carpis
2427 5029 2738 5100 opinionem
2794 5045 3010 5095 meam,
3069 5034 3253 5088 ncscis
3295 5034 3546 5091 eamdem

1957 5123 2146 5185 trium,
2194 5137 2334 5192 quos
2369 5122 2596 5177 honoris
2626 5137 2791 5177 causa
2822 5123 3125 5189 nominavi,
3159 5125 3545 5194 cardinalium,

1955 5228 2018 5266 ac
2045 5212 2281 5267 ﬁdelium
2309 5213 2550 5266 omnium
2587 5212 2852 5268 hactenus
2879 5212 3086 5269 fuisse?
3128 5213 3333 5269 llormn
3367 5225 3418 5272 te
3448 5217 3549 5288 igi-

1957 5315 2067 5370 tur,
2112 5305 2339 5374 pcrindc
2382 5312 2440 5358 ut
2474 5304 2672 5367 nostri,
2718 5306 2981 5361 miseret:
3033 5321 3152 5376 quae
3185 5323 3291 5362 vox
3323 5324 3446 5362 cum
3480 5323 3546 5362 ex

1955 5405 2273 5468 contemptu
2304 5412 2368 5452 ac
2404 5397 2832 5467 reprehensione
2884 5398 3127 5469 profecta
3161 5400 3252 5464 sit,
3289 5401 3550 5473 intelligis

1956 5490 2240 5554 nimirum,
2289 5490 2356 5544 ad
2385 5505 2522 5560 quos
2569 5491 2661 5545 illa
2691 5497 2782 5544 tua
2831 5490 3207 5546 misericordia
3242 5493 3548 5549 cavillatio-

1959 5598 2064 5653 que
2089 5583 2377 5654 pertineat.

2031 5675 2210 5745 Atque
2251 5683 2309 5729 ut
2353 5685 2560 5731 semota
2611 5674 2892 5745 paululum
2945 5671 3308 5730 illustrissimi
3353 5681 3408 5731 et
3437 5672 3541 5732 im-

234 5501 312 5553 in
373 5498 577 5552 clerum
608 5501 865 5566 cooptari.
915 5499 1246 5570 Dispunctor
1281 5501 1369 5556 hic
1398 5501 1588 5557 nescio
1620 5497 1753 5570 quid
1788 5499 1856 5552 de

233 5593 726 5647 catechumenatu
758 5591 939 5662 lingit;
965 5593 1119 5662 quasi
1143 5592 1244 5647 soli
1269 5593 1325 5657 ii,
1353 5594 1446 5663 qui
1474 5590 1856 5647 catechumcni

224 5691 478 5746 essent.
526 5685 584 5736 in
629 5697 804 5753 eoque
857 5691 1002 5740 statu
1051 5682 1383 5754 baptismum
1436 5685 1490 5738 in
1538 5679 1861 5755 aegritudine

331 5856 415 5929 (α)
450 5853 584 5927 Pag.
616 5855 699 5909 l5.
2037 5854 2113 5926 (b)
2142 5853 2272 5924 Pag.
2312 5853 2402 5910 22.
