3920 6420
451 412 564 470 (⁸.Ξῖ

1776 406 1952 460 NON.
1989 405 2340 461 PETAVIUS
3588 422 3670 479 69.}.

446 527 775 583 mortalitate
811 522 1116 597 dignissimi
1158 521 1256 577 viri
1311 520 1636 576 auctoritate
1676 530 1728 574 et
1768 520 2025 589 amplitu-
2059 526 2098 581 Α
2133 520 2365 588 probare
2401 534 2485 572 me
2534 535 2641 573 non
2681 531 2841 590 posse
2892 519 3002 576 dixi
3028 562 3041 585 ,
3090 520 3376 578 faciliorem
3416 523 3474 579 ad
3517 541 3667 597 pacem

442 620 590 686 dine,
620 620 687 675 de
731 634 789 673 re
821 618 939 686 ipsa
976 627 1153 670 tecum
1186 615 1483 685 disputem,
1513 628 1628 668 rem
1679 613 1826 667 clare
1858 628 1920 665 ac
1960 611 2042 665 di-

445 712 623 767 lucide
671 708 1078 781 proponcndam
1115 723 1235 762 esse
1274 707 1447 777 prius,
1491 705 1748 759 arbitror.
1789 702 2042 772 Scripse-

447 819 557 857 ram
595 800 960 855 Animadvers.
988 814 1115 868 pag.
1147 798 1253 851 236
1280 817 1293 852 :
1327 795 1713 850 Paenitentiam
1764 793 2040 863 publicam

446 893 614 947 semel
650 900 862 944 tantum
901 889 968 943 ab
1004 886 1247 942 Ecclesia
1284 886 1511 940 concedi
1552 885 1750 947 solere,
1786 883 1906 938 sine
1936 896 2043 951 qua

447 993 627 1036 tamen
660 997 842 1048 nemo,
876 981 967 1051 qui
1006 977 1224 1051 quidem
1260 992 1322 1031 ea
1365 977 1597 1031 crimina
1633 975 2001 1030 commisisset
2028 1012 2043 1035 ,

446 1074 647 1139 quibus
686 1071 1018 1143 ptenitentiar
1042 1084 1214 1139 genus
1243 1067 1371 1122 illud
1401 1064 1766 1137 inlligebatur.
1801 1064 1867 1117 ad
1898 1077 2046 1115 com-

450 1164 764 1218 munionem
800 1159 1011 1215 admitti
1048 1166 1280 1227 poterat.
1318 1156 1392 1209 Ex
1424 1170 1490 1210 co
1517 1170 1646 1209 vero
1674 1152 2043 1224 perdifﬁcilem

448 1258 718 1312 exsistere
772 1252 882 1307 dixi
940 1252 1295 1321 quaestionem
1337 1267 1350 1302 :
1392 1247 1523 1317 quid
1574 1248 1684 1303 illis
1730 1245 2046 1300 hominibus

448 1350 653 1403 factum
689 1346 781 1407 sit,
814 1345 906 1414 qui
939 1352 1060 1413 post
1092 1342 1328 1411 priorem
1357 1340 1738 1412 ptenitentiam
1767 1338 1821 1391 in
1852 1336 2044 1391 eadem

449 1442 656 1495 scelera
690 1453 885 1492 rursus
916 1435 1307 1491 incurrerent?
1336 1448 1594 1487 verumne
1623 1432 1715 1493 sit,
1752 1431 1822 1483 ab
1854 1428 2046 1482 Eccle-

450 1532 530 1588 sia
562 1532 795 1599 rcjectos
834 1530 955 1584 illos
996 1528 1231 1597 penitus.
1271 1542 1372 1580 nec
1409 1526 1476 1579 ad
1503 1525 1770 1595 privatam
1808 1522 2044 1591 aliquam

450 1630 730 1691 receptum
768 1617 1051 1679 habuisse,
1084 1616 1243 1686 cujus
1274 1614 1539 1669 beneﬁcio
1571 1615 1624 1667 in
1660 1615 1931 1678 integrum
1963 1625 2048 1663 re-

452 1713 605 1778 stitui
636 1709 902 1782 possent?
936 1707 1035 1763 llic
1059 1716 1236 1763 status
1266 1706 1656 1760 controversiae
1680 1704 1801 1761 fuit.
1834 1700 1910 1756 De
1934 1717 2042 1772 qua

452 1801 584 1876 quid
629 1818 693 1857 ex
728 1799 924 1870 nuperi
968 1798 1254 1867 cujusdam
1289 1795 1575 1865 scriptoris
1603 1794 1787 1849 verbis
1826 1800 1880 1847 ct
1920 1808 2048 1848 sen-

2144 618 2198 661 ct
2222 610 2717 665 reconciliationem
2745 612 2950 665 aditum
2975 612 3081 666 illis
3102 613 3354 682 patuisse,
3372 615 3456 684 qui
3478 619 3660 686 saepius.

2144 714 2307 770 quam
2358 701 2449 770 qui
2490 701 2655 756 semel
2703 702 2930 757 omnino
2981 714 3315 773 peccassent.
3364 705 3529 775 Neque
3570 723 3674 763 vero

2145 793 2418 862 publicam
2449 793 2594 848 illam
2625 793 3031 862 paenitentiam,
3076 794 3233 863 cujus
3266 810 3330 850 ex
3362 796 3672 862 Tertulliano,

2145 884 2461 947 Ambrosio,
2486 899 2548 937 ea
2568 885 2809 953 terisque
2836 883 3092 940 Patribns
3123 885 3411 940 auctoritas
3436 890 3675 957 repetitur,

2144 973 2413 1042 ejusmodi
2459 974 2650 1036 fuisse,
2686 982 2743 1028 ut
2774 991 2803 1028 a
2833 976 3225 1045 paenitentibus
3255 978 3598 1042 exambienda,
3627 995 3676 1033 ac

2147 1081 2247 1134 pro
2272 1081 2466 1135 magno
2490 1066 2753 1121 beneﬁcio
2784 1067 3146 1122 eblandienda
3178 1068 3361 1134 fuerit;
3400 1071 3539 1139 quasi
3564 1086 3680 1141 aegre

2148 1156 2297 1210 illius
2330 1156 2563 1210 facultas
2599 1158 2668 1211 ab
2697 1158 2973 1228 episcopis
3017 1157 3161 1212 facta
3191 1160 3281 1213 sit.
3316 1158 3405 1213 Est
3427 1161 3554 1214 enim
3587 1162 3682 1215 luce

2148 1246 2378 1311 clarius,
2412 1248 2535 1303 illos
2562 1249 2735 1318 ipsos,
2768 1251 2968 1320 quibus
2995 1252 3327 1322 ptnnitentiae
3364 1267 3521 1321 genus
3564 1250 3682 1305 istud

2149 1337 2549 1403 Tertullianus,
2580 1340 2892 1411 Cyprianus
2927 1342 3131 1411 aliique
3166 1349 3481 1412 proponunt,
3508 1342 3565 1395 ad
3594 1355 3683 1411 pte-

2149 1430 2435 1483 nitentiam
2484 1430 2760 1499 publicam
2820 1432 2869 1485 vi
2910 1432 3300 1502 propemodum
3356 1446 3417 1486 ac
3446 1432 3684 1486 severitate

2148 1520 2422 1589 cogendos
2476 1519 2680 1584 fuisse,
2735 1535 2860 1575 cum
2912 1536 3033 1576 eam
3089 1521 3300 1575 amoliri
3347 1536 3407 1575 ac
3445 1521 3685 1591 deprecari

2149 1611 2297 1664 Omni
2345 1624 2447 1680 ope
2479 1619 2532 1665 et
2565 1610 2778 1664 ratione
2831 1611 3222 1666 contenderent
3256 1619 3493 1666 :tantum
3526 1611 3685 1675 abest,

2149 1708 2211 1755 ut
2277 1716 2339 1755 ea
2416 1702 2647 1755 multum
2720 1701 3094 1772 ﬂagitantibus
3151 1702 3337 1773 gratia:
3404 1702 3517 1757 loco
3578 1716 3686 1755 con-

2150 1807 2306 1848 cessa
2337 1792 2429 1847 sit.
2448 1802 2449 1805 ‘

455 1860 624 1951 tentia
658 1860 839 1962 colligi
873 1896 1078 1961 posset,
1107 1888 1275 1941 tacito
1300 1860 1447 1941 illius
1474 1886 1714 1951 nomine,
1742 1885 2045 1953 subjicien-
2082 1860 2123 1915 Β
2220 1879 2337 1934 Νοη
2373 1897 2458 1937 me
2485 1882 2744 1952 prmtcrit,
2791 1882 3087 1937 nonnullos
3127 1880 3417 1952 aliquando
3446 1887 3688 1951 repertos,

455 1986 584 2041 dum
635 1983 840 2055 putavi.
877 1980 1153 2050 Tu,quem
1204 1992 1305 2048 ego
1353 1976 1647 2047 prudenter
1688 1983 1743 2031 et
1793 1976 2047 2030 consulto

456 2080 738 2138 silueram,
774 2072 918 2144 quod
961 2072 1106 2125 illius
1131 2070 1445 2140 opinionem
1484 2083 1591 2122 non
1646 2068 1957 2138 probarem,
1990 2076 2048 2121 ut

455 2186 543 2225 me
576 2168 717 2239 apud
751 2166 869 2236 ejus
900 2162 1182 2235 dignitatis
1204 2160 1579 2229 doctrinaeque
1606 2158 1852 2213 fautores
1885 2160 1940 2212 in
1965 2160 2047 2213 in-

454 2262 657 2317 vidiam
698 2258 1025 2318 adduceres,
1077 2267 1271 2324 parum
1320 2252 1540 2322 quidem
1587 2257 1894 2321 opportune
1950 2266 2048 2304 no-

454 2351 699 2409 minasti.
753 2347 911 2416 Quod
968 2346 1172 2401 factum
1225 2358 1387 2398 nemo
1434 2342 1677 2413 prudens
1722 2342 2041 2397 laudaverit.

454 2444 724 2512 Quoniam
759 2441 923 2512 igitur
952 2438 1138 2493 invitis
1166 2452 1231 2492 ac
1259 2435 1684 2491 reclamantibus
1721 2434 1902 2497 nobis,
1950 2448 2046 2487 au-

456 2546 663 2591 ctorem
705 2535 847 2602 ejus,
890 2545 1053 2602 quam
1088 2542 1489 2599 oppugnemus,
1526 2525 1812 2581 sententim
1858 2525 2045 2594 prodi-

457 2622 620 2687 disti;
649 2636 748 2691 age
793 2618 1101 2681 videamus,
1133 2617 1513 2685 cujuscunque
1548 2614 1771 2671 tandem
1808 2614 1898 2667 illa
1941 2613 2042 2681 sit,

456 2731 619 2786 quam
650 2729 680 2767 a
710 2711 866 2767 nobis
891 2725 1000 2765 non
1030 2708 1257 2780 probata
1286 2709 1481 2762 merito
1510 2706 1694 2760 fuerit.

528 2803 752 2873 Triplex
795 2815 967 2871 genus
1018 2798 1350 2869 poenitentia:
1391 2795 1724 2865 distinguit:
1763 2807 1888 2845 nam
1939 2791 2047 2845 alia

458 2905 541 2954 est
567 2896 806 2968 publica,
839 2893 910 2948 ob
948 2898 1169 2962 peccata
1212 2889 1465 2960 publica;
1508 2886 1611 2939 alia
1652 2885 1883 2956 privata,
1913 2897 2043 2952 pro-

458 3000 580 3061 pter
605 2988 819 3043 occulta
846 2994 1102 3056 peccata;
1146 2983 1302 3037 tertia
1342 2981 1412 3035 ob
1444 2979 1633 3033 eadem
1677 2976 1913 3038 occulta,
1947 2990 2047 3045 pu-

458 3081 600 3137 blice
641 3085 921 3149 suscepta.
954 3075 1237 3130 Postrema
1284 3072 1400 3124 haec
1433 3083 1541 3123 non
1588 3066 1766 3121 cuivis
1812 3079 1874 3119 ac
1922 3079 2048 3134 pro-

2150 1974 2243 2043 qui
2292 1974 2627 2029 abundantia
2680 1976 2900 2045 pietatis
2942 1976 3265 2045 aﬂlatusque
3306 1975 3466 2030 divini
3503 2017 3516 2039 ,
3561 1987 3691 2044 quem

2149 2065 2268 2119 dari
2297 2066 2367 2120 ab
2400 2065 2663 2133 Ecclesia,
2697 2066 2747 2119 id
2777 2075 2860 2121 cst
2919 2069 3211 2137 approbari
3263 2068 3463 2131 dixisti,
3489 2081 3571 2121 eas
3610 2066 3691 2120 sibi

2151 2170 2343 2225 pcenas
2366 2167 2421 2211 et
2447 2158 2729 2213 cruciatus
2757 2159 2900 2212 ultro
2928 2158 3288 2227 deposcerent
3313 2178 3325 2213 :
3355 2159 3544 2229 quique
3570 2156 3694 2211 freno

2148 2248 2353 2334 potius,
2387 2263 2548 2317 quam
2590 2249 2899 2304 calcaribus
2950 2250 3278 2321 indigerent.
3315 2251 3417 2304 Sed
3443 2250 3490 2304 id
3523 2251 3588 2303 uti
3617 2263 3686 2301 ra-

2148 2352 2269 2392 rum
2316 2340 2649 2410 minimeque
2693 2341 3074 2409 quotidianum
3140 2342 3280 2407 fuit,
3330 2344 3403 2397 ita
3445 2343 3691 2413 plerosque

2148 2431 2531 2501 pmnitentium
2567 2440 2780 2487 constat
2826 2432 3025 2489 invitos
3066 2434 3133 2488 ad
3175 2434 3443 2505 publicam
3476 2440 3686 2503 peccato-

2148 2540 2269 2578 rum
2300 2526 2675 2594 paenitentiam
2709 2525 2932 2581 adactos
2964 2524 3155 2591 fuisse,
3190 2526 3260 2581 ad
3297 2541 3517 2595 eamque
3552 2521 3694 2594 preci-

2150 2616 2277 2681 bus,
2325 2617 2513 2682 minis,
2566 2617 2898 2683 hortatibus,
2948 2617 3143 2671 crebra
3181 2626 3239 2672 et
3276 2615 3563 2671 vehementi
3602 2626 3698 2666 ora-

2146 2706 2296 2761 tione
2337 2706 2530 2763 Patres
2565 2708 2687 2762 lllos
2720 2708 2998 2762 incitasse.
3034 2707 3130 2762 llic
3162 2723 3267 2778 ego
3302 2707 3561 2778 Cypriane
3582 2710 3695 2758 teste

2148 2814 2257 2852 non
2283 2806 2407 2851 utar
2433 2815 2447 2863 ;
2479 2814 2588 2867 quo
2622 2813 2783 2852 nemo
2813 2801 3033 2869 gravius
3055 2798 3108 2853 id
3138 2800 3287 2869 quod
3319 2800 3461 2863 dico,
3491 2796 3695 2851 luculena

2147 2888 2369 2957 tiusque
2414 2890 2722 2943 confirmat.
2768 2888 2934 2944 Plena
2985 2900 3114 2946 sunt
3155 2893 3304 2946 enim
3346 2891 3489 2945 illius
3534 2887 3699 2956 scripta

2148 2980 2623 3035 cohortationibus
2657 2996 2719 3035 ac
2765 2983 3006 3052 querelis
3051 2983 3361 3052 ejusmodi,
3409 2982 3594 3054 quibus
3625 2978 3702 3031 mi-

2150 3088 2303 3127 scros
2328 3072 2451 3126 illos
2474 3072 2539 3125 ad
2569 3073 3008 3142 amplectendam
3033 3075 3457 3145 obeundamque
3478 3072 3702 3144 pmniten-

461 3177 669 3231 miscuc
708 3184 972 3228 concessa
1000 3187 1015 3236 ;
1049 3182 1149 3223 nec
1177 3163 1413 3234 amplius
1446 3159 1612 3215 semel
1644 3159 1697 3212 in
1737 3156 1883 3211 omni
1913 3158 2043 3209 vita.
2075 3204 2118 3259 ϐ
2152 3165 2304 3228 tiam,
2343 3179 2450 3217 non
2483 3164 2763 3220 blanditiis
2786 3180 2850 3219 ac
2876 3167 3095 3221 lenitate
3120 3168 3350 3233 mulcet,
3384 3166 3477 3221 sed
3500 3162 3700 3218 auctori-

458 3264 534 3319 Ea
566 3280 696 3320 vero
738 3261 947 3334 peccati
991 3258 1205 3330 culpam
1242 3254 1448 3325 pariter
1475 3266 1539 3306 ac
1581 3264 1795 3320 pinnam
1831 3248 2047 3303 abster-

459 3356 637 3426 gebat.
675 3353 755 3409 Ad
788 3369 906 3407 eam
940 3364 1104 3421 porro
1138 3343 1551 3405 moderandam,
1606 3338 2048 3409 poenitentiarius

461 3448 552 3502 ille
576 3446 859 3516 presbyter
885 3440 1167 3509 appositus
1191 3442 1330 3499 erat,
1359 3447 1521 3503 quem
1548 3429 1835 3483 Nectarius
1860 3438 2049 3497 postea

461 3536 715 3599 sustulit;
752 3542 805 3588 et
829 3530 1075 3601 ejusdem
1108 3524 1520 3597 abrogationem
1555 3520 1795 3575 Nectarii
1828 3532 2049 3574 succes-

462 3644 555 3682 sor
583 3625 1009 3696 Chrysostomus
1052 3626 1230 3672 ratam
1276 3614 1487 3669 habuit.
1531 3611 1628 3665 llic
1671 3610 1817 3664 enim
1863 3608 2048 3662 audita

463 3719 617 3792 prius
649 3712 1030 3787 poenitentium
1061 3722 1247 3772 causa,
1279 3715 1333 3761 et
1359 3720 1551 3761 eorum
1594 3703 1916 3756 criminibus
1963 3716 2051 3756 se-

462 3817 611 3863 creta
660 3803 1010 3862 confessione
1061 3800 1335 3871 cognitis,
1385 3796 1737 3859 decernebat,
1796 3807 2047 3864 quamam

461 3899 678 3972 publice
719 3894 985 3968 profiteri,
1030 3908 1153 3964 quae
1189 3903 1369 3946 tacere
1402 3889 1524 3943 illos
1558 3893 1857 3957 oporteret.
1892 3884 2049 3951 Quod

462 3991 682 4063 quidem
711 3988 846 4044 nihil
879 3985 946 4041 ad
973 3983 1315 4056 judicialem,
1348 3982 1453 4035 hoc
1483 3987 1568 4034 est
1592 3977 2046 4033 sacramentalem

462 4079 864 4137 confessionem
887 4076 1149 4147 pertinet,
1177 4074 1272 4129 sed
1304 4072 1372 4128 ad
1412 4085 1554 4135 eam,
1586 4083 1707 4140 quae
1740 4068 2049 4123 satisfacto-

462 4174 543 4228 ria
580 4171 916 4226 nominatur.
947 4167 1159 4223 Etenim
1202 4167 1352 4236 prior
1378 4164 1471 4217 illa
1502 4170 1712 4219 secreta
1748 4168 1801 4216 et
1829 4159 2051 4214 auricu-

463 4265 594 4319 laris
632 4276 913 4332 nunquam
947 4259 1203 4329 abrogata
1240 4256 1363 4319 fuit,
1414 4254 1506 4311 sed
1542 4260 1806 4325 perpetuo
1848 4253 1901 4306 in
1942 4250 2049 4305 Ec-

461 4357 632 4412 clesia
670 4353 1064 4426 perseveravit,
1098 4349 1367 4419 hodieque
1394 4354 1725 4418 perseverat.
1752 4344 1877 4399 Haec
1901 4358 2050 4399 sum-

466 4447 651 4502 matim
691 4452 886 4499 auctor
927 4440 1203 4511 opinionis
1248 4439 1415 4492 illius.
1450 4436 1493 4489 A
1523 4437 1724 4505 quibus
1768 4435 1890 4489 ideo
1931 4435 2047 4487 dis-

2153 3262 2263 3309 tate
2309 3271 2373 3309 ac
2410 3258 2736 3311 necessitate
2776 3258 3099 3328 compellit:
3138 3268 3256 3313 tum
3295 3275 3481 3313 eorum
3517 3261 3704 3311 cuncta-

2152 3346 2328 3401 tiones
2356 3347 2555 3407 varias.
2596 3363 2658 3402 ac
2698 3349 3182 3418 tergiversationcs
3216 3352 3481 3420 increpat,
3515 3345 3705 3403 severis-

2153 3438 2398 3508 simeque
2419 3439 2669 3509 castigat.
2700 3436 2805 3493 Sed
2833 3454 2919 3503 eo,
2945 3453 3009 3493 ac
3046 3441 3279 3509 reliquis
3306 3440 3542 3500 omissis,
3568 3448 3704 3489 unum

2154 3526 2305 3581 illum
2348 3528 2643 3598 proferam,
2685 3530 2845 3598 cujus
2878 3545 3010 3584 voce
3036 3546 3101 3583 ac
3133 3531 3402 3601 suffragio
3443 3536 3616 3583 auctOr
3639 3524 3706 3577 ille

2153 3621 2443 3674 contrariae
2471 3620 2745 3691 opinionis
2770 3636 2833 3675 ac
2868 3632 3132 3691 patronus
3172 3623 3410 3686 nititur;
3449 3630 3499 3676 et
3526 3616 3705 3689 quidem

2154 3709 2330 3763 locum
2355 3710 2504 3763 illum
2529 3726 2639 3780 pra:
2667 3712 2881 3765 caeteris
2908 3711 3197 3778 adducam,
3230 3714 3284 3767 in
3307 3728 3418 3783 quo
3442 3712 3506 3764 de
3531 3705 3707 3779 publica

2152 3802 2490 3856 occultorum
2533 3803 2799 3857 scelerum
2832 3804 3149 3873 pmnitentia
3201 3803 3403 3859 fecisse
3446 3801 3593 3856 verba
3624 3810 3705 3849 cre-

2153 3893 2322 3947 ditur.
2366 3892 2739 3951 Tertullianus
2784 3895 2830 3951 is
2873 3896 3016 3961 erit,
3057 3896 3220 3964 cujus
3263 3912 3296 3951 e
3342 3896 3500 3960 libro,
3550 3889 3627 3961 qui
3650 3886 3709 3939 De

2151 3989 2461 4055 pwaitentia
2514 3988 2854 4053 inscribitur,
2900 3991 3205 4044 sententias
3260 3989 3471 4058 aliquot
3524 3981 3699 4039 attulit.

2153 4094 2291 4148 quas
2317 4078 2385 4133 ad
2418 4080 2562 4133 istud
2611 4080 2883 4149 pertinere
2908 4096 3081 4149 genus
3124 4079 3400 4134 aﬂirmat:
3433 4078 3569 4133 unde
3597 4084 3639 4128 et
3662 4078 3706 4122 lu

2153 4173 2271 4241 ipse
2286 4172 2546 4225 nonnulla
2566 4172 2903 4241 prompsisti.
2922 4170 3097 4225 Verba
3123 4180 3255 4226 sunt
3287 4173 3433 4226 illius
3460 4186 3491 4223 e
3512 4182 3619 4236 cap.
3645 4162 3671 4215 9
3697 4176 3709 4213 :

2143 4261 2317 4329 Hujus
2354 4261 2517 4330 igitur
2570 4260 2813 4314 secunda:
2846 4270 2896 4313 et
2934 4261 3111 4324 unius,
3146 4272 3350 4329 quanto
3389 4263 3442 4313 in
3481 4270 3617 4312 arcto
3640 4266 3704 4305 ne-

2153 4353 2353 4422 gotium
2384 4362 2483 4417 est,
2523 4361 2669 4405 tanta
2702 4352 2972 4420 operosior
2999 4353 3245 4420 probatio
3274 4363 3378 4415 est,
3417 4360 3472 4403 ut
3506 4363 3601 4400 non
3621 4341 3712 4396 sala

2154 4446 2474 4507 conscientia
2504 4446 2841 4512 pra‘feratur,
2886 4444 2975 4497 sed
3004 4446 3180 4513 aliquo
3214 4446 3382 4498 etiam
3423 4455 3542 4496 actu
3569 4434 3714 4490 admi-

464 4535 763 4598 sensimus,
802 4531 948 4603 quod
974 4548 1033 4587 ex
1068 4545 1130 4585 ea
1167 4529 1415 4582 doctrina
1448 4535 1708 4595 sequatur
1736 4545 1749 4579 :
1780 4526 1923 4585 illos,
1953 4525 2043 4594 qui

2152 4538 2425 4590 nistretur.
2482 4536 2656 4590 Item:
2698 4535 2765 4589 Et
2817 4536 3096 4604 temporah’
3148 4537 3491 4606 aﬂiictatione
3551 4538 3714 4584 ωιενηα

464 4625 714 4699 graviora
766 4630 992 4693 peccata
1048 4619 1248 4687 saepius
1300 4620 1634 4681 iterassent,
1696 4616 2047 4671 tolerabiliori

463 4732 585 4775 esse
622 4713 955 4778 conditione,
983 4725 1144 4781 quam
1185 4710 1275 4779 qui
1307 4708 1473 4763 semel
1516 4708 1569 4761 in
1602 4707 1750 4761 omni
1786 4708 1892 4760 vita
1922 4706 2052 4759 deli-

464 4812 735 4882 quissont.
770 4806 904 4860 Nam
947 4802 1267 4876 pmnitcntia
1311 4800 1528 4871 publica
1555 4808 1665 4852 tam
1705 4798 2049 4868 publicorum

464 4918 628 4973 quam
646 4900 997 4956 Occultorum
1029 4895 1347 4958 criminum,
1379 4892 1546 4947 semel
1572 4891 1834 4946 duntaxat
1864 4893 1919 4945 in
1948 4892 2050 4943 Ec-

465 4998 631 5051 clesia
680 4996 946 5065 permissa
1002 4990 1137 5056 fuit;
1191 4987 1335 5059 quod
1390 4985 1526 5040 adeo
1582 5000 1770 5039 verum
1813 4993 1931 5047 est,
1992 4993 2051 5036 ut

466 5088 789 5157 probatione
832 5101 941 5138 non
983 5090 1158 5153 egeat.
1190 5080 1485 5151 Fingamus
1517 5079 1700 5149 igitur,
1741 5077 2050 5145 quempiam

466 5185 589 5246 post
614 5177 885 5247 publicam
917 5175 988 5228 ob
1019 5182 1242 5242 peccata
1276 5170 1491 5240 publica
1522 5170 1605 5222 vel
1628 5169 1841 5223 occulta
1871 5168 2051 5237 paeni-

466 5267 697 5320 tentiam
748 5270 1045 5332 peractam,
1086 5262 1141 5313 in
1187 5261 1378 5313 eadem
1430 5274 1623 5313 rursus
1658 5257 1723 5310 ad
1777 5257 2050 5310 atrociora

468 5356 710 5430 prolabi;
747 5352 874 5423 quid
928 5353 1034 5406 isto
1060 5351 1189 5405 fiet?
1237 5351 1294 5404 Si
1337 5350 1650 5421 opinionem
1682 5349 1827 5401 illam
1871 5348 2054 5415 sequi-

468 5463 627 5503 mur:
665 5460 859 5515 nempe
906 5443 973 5496 ad
1000 5443 1271 5496 occultam
1321 5452 1373 5496 et
1410 5442 1774 5495 auricularcm
1815 5442 1929 5495 sive
1960 5455 2050 5495 sa-

469 5538 855 5595 cramentalem
887 5543 1165 5605 receptum
1195 5535 1439 5601 habebit;
1474 5550 1594 5604 quae
1626 5548 1902 5602 nunquam
1930 5535 2055 5588 sub-

472 5630 600 5695 lata,
627 5639 680 5685 et
711 5631 961 5683 videlicet
1002 5630 1195 5681 iterata
1231 5628 1428 5695 sa'pius
1456 5637 1539 5681 est
1567 5646 1577 5679 :
1606 5642 1700 5695 per
1730 5640 1891 5693 quam
1926 5625 2051 5679 bre-

474 5722 623 5774 viore
670 5722 1018 5792 compendio,
1059 5720 1177 5774 sine
1205 5720 1417 5788 publica
1464 5720 1554 5772 illa
1600 5719 1873 5782 molestia,
1926 5733 2050 5771 cum

478 5804 717 5862 Ecclesia
746 5808 1213 5864 reconciliabitur.
1245 5807 1357 5862 lloc
1381 5807 1543 5876 igitur
1573 5807 1703 5860 illud
1732 5815 1871 5873 erat,
1904 5807 2049 5876 quod

2153 4626 2414 4695 supplicia
2466 4644 2569 4680 non
2613 4628 2787 4679 dicam
2821 4627 3129 4695 frustretur,
3173 4627 3268 4680 sed
3316 4632 3593 4695 erpungat,
3629 4626 3715 4670 elc-

2154 4716 2209 4769 ln
2244 4717 2328 4770 his
2360 4725 2414 4771 et
2437 4717 2559 4770 aliis
2588 4717 2832 4784 ejusdem
2865 4716 3150 4783 scriptoris
3174 4716 3336 4775 locis,
3372 4706 3715 4783 pwnitentiam

2153 4806 2427 4874 publicam
2466 4807 2535 4859 ob
2566 4815 2777 4860 secreta
2822 4815 3041 4875 peccata
3078 4812 3275 4874 sponte
3314 4809 3615 4870 susceptam
3652 4794 3720 4846 ὶῐι·

2154 4899 2321 4967 telligi
2356 4912 2583 4962 censes;
2624 4913 2801 4966 neque
2832 4911 3077 4960 causam,
3113 4911 3214 4949 cur
3238 4897 3316 4949 ita
3348 4906 3590 4950 censeas,
3621 4898 3720 4953 τιςδε-

2154 4990 2251 5043 ris.
2280 4990 2442 5059 Atqui
2470 5005 2747 5056 nunquam
2776 4988 2904 5042 illud
2930 4989 3162 5058 probare
3188 4988 3423 5057 poteris,
3446 4985 3511 5039 de
3534 4978 3719 5051 publica

2153 5080 2495 5134 occultorum
2554 5081 2845 5133 criminum
2901 5080 3115 5148 magis,
3174 5093 3342 5148 quam
3407 5075 3719 5146 publicorum

2155 5172 2499 5241 paenitentia,
2532 5171 2681 5241 loqui
2712 5170 3132 5225 Tertullianum.
3163 5169 3344 5239 Hujus
3372 5168 3515 5223 enim
3547 5156 3719 5218 oratio,

2155 5273 2215 5317 ut
2244 5273 2297 5318 et
2325 5264 2606 5334 Cypriani,
2634 5264 2699 5318 de
2728 5263 2972 5333 qualibet
3003 5262 3220 5332 publica
3259 5256 3581 5330 pwnitcntia
3623 5262 3722 5319 pro-

2155 5353 2326 5417 cedit;
2360 5362 2414 5407 et
2446 5352 2618 5407 solius
2647 5361 2731 5407 cst
2764 5352 2999 5417 arbitrii,
3040 5366 3149 5406 non
3184 5350 3439 5412 rationis,
3469 5360 3573 5401 non
3611 5352 3723 5395 con-

2150 5444 2377 5513 jectura:
2404 5444 2597 5498 saltem
2646 5445 2955 5510 levissimae,
2984 5444 3129 5513 quod
3163 5442 3227 5496 ad
3262 5442 3487 5495 tertium
3520 5432 3641 5489 illud
3669 5442 3723 5481 ex

2156 5537 2353 5601 tribus,
2401 5552 2521 5606 qua:
2562 5553 2724 5605 supra
2760 5538 3170 5609 proposuimus,
3206 5532 3548 5603 poenitentiae
3584 5537 3724 5596 grue-

2157 5629 2342 5690 ribus,
2379 5627 2701 5681 Tertulliani
2744 5630 2862 5683 loca
2908 5630 2995 5681 illa
3029 5627 3386 5695 restringitis.
3426 5620 3625 5675 Amabo
3656 5624 3723 5669 te.

2157 5716 2292 5771 doce
2328 5734 2450 5780 nos,
2488 5720 2687 5787 quibus
2727 5720 3066 5790 argumentis
3100 5720 3271 5772 frctus
3314 5731 3422 5769 non
3454 5722 3605 5766 omne
3638 5716 3723 5776 ρη-

2158 5808 2309 5862 blicae
2340 5810 2677 5879 poenitentirc
2708 5826 2880 5881 genus
2910 5810 3201 5881 intelligas,
3221 5806 3320 5863 sed
3348 5808 3493 5861 illam
3515 5807 3722 5857 arcano-
