  <div class='ocr_page' id='page_1' title='image "/cluster/home/n/w/nwhite01/storage/ocr_20150623/43:no.3/coo.31924054869429/320.png"; bbox 0 0 3920 6402; ppageno 0'>
   <div class='ocr_carea' id='block_1_1' title="bbox 238 387 344 445">
    <p class='ocr_par' dir='ltr' id='par_1_1' title="bbox 238 387 344 445">
     <span class='ocr_line' id='line_1_1' title="bbox 238 387 344 445; baseline 0 -1"><span class='ocrx_word' id='word_1_1' title='bbox 238 387 344 445; x_wconf 69' lang='grc' dir='ltr'><strong>ιιῖῧ</strong></span> 
     </span>
    </p>
   </div>
   <div class='ocr_carea' id='block_1_2' title="bbox 1378 384 2356 446">
    <p class='ocr_par' dir='ltr' id='par_1_2' title="bbox 1378 384 2356 446">
     <span class='ocr_line' id='line_1_2' title="bbox 1378 384 2356 446; baseline 0.005 -5"><span class='ocrx_word' id='word_1_2' title='bbox 1378 384 1747 442; x_wconf 74' lang='lat' dir='ltr'><strong>ADVERSUS</strong></span> <span class='ocrx_word' id='word_1_3' title='bbox 1787 384 1950 442; x_wconf 79' lang='lat' dir='ltr'><strong>MAT.</strong></span> <span class='ocrx_word' id='word_1_4' title='bbox 2000 386 2356 446; x_wconf 70' lang='lat' dir='ltr'><strong>SlMONlUM.</strong></span> 
     </span>
    </p>
   </div>
   <div class='ocr_carea' id='block_1_3' title="bbox 3398 396 3504 452">
    <p class='ocr_par' dir='ltr' id='par_1_3' title="bbox 3398 396 3504 452">
     <span class='ocr_line' id='line_1_3' title="bbox 3398 396 3504 452; baseline 0.009 -1"><span class='ocrx_word' id='word_1_5' title='bbox 3398 396 3504 452; x_wconf 66' lang='lat'><strong>6‘26</strong></span> 
     </span>
    </p>
   </div>
   <div class='ocr_carea' id='block_1_4' title="bbox 226 505 3508 579">
    <p class='ocr_par' dir='ltr' id='par_1_4' title="bbox 226 505 3508 579">
     <span class='ocr_line' id='line_1_4' title="bbox 226 505 3508 579; baseline -0 -16"><span class='ocrx_word' id='word_1_6' title='bbox 226 525 351 563; x_wconf 82' lang='lat' dir='ltr'><strong>rum</strong></span> <span class='ocrx_word' id='word_1_7' title='bbox 399 506 694 563; x_wconf 89' lang='lat' dir='ltr'><strong>criminum</strong></span> <span class='ocrx_word' id='word_1_8' title='bbox 741 506 1061 564; x_wconf 92' lang='lat' dir='ltr'><strong>nominatim</strong></span> <span class='ocrx_word' id='word_1_9' title='bbox 1109 505 1371 577; x_wconf 77' lang='lat' dir='ltr'><strong>excipias.</strong></span> <span class='ocrx_word' id='word_1_10' title='bbox 1416 507 1618 563; x_wconf 82' lang='lat' dir='ltr'><strong>Verum</strong></span> <span class='ocrx_word' id='word_1_11' title='bbox 1673 525 1771 578; x_wconf 85' lang='lat' dir='ltr'><strong>age</strong></span> <span class='ocrx_word' id='word_1_12' title='bbox 1801 551 1814 575; x_wconf 93' lang='lat'><strong>,</strong></span> <span class='ocrx_word' id='word_1_13' title='bbox 1849 511 1891 567; x_wconf 82' lang='lat' dir='ltr'><strong>A</strong></span> <span class='ocrx_word' id='word_1_14' title='bbox 1921 508 2118 579; x_wconf 50' lang='lat' dir='ltr'><strong>dignus</strong></span> <span class='ocrx_word' id='word_1_15' title='bbox 2168 517 2272 565; x_wconf 92' lang='lat' dir='ltr'><strong>est.</strong></span> <span class='ocrx_word' id='word_1_16' title='bbox 2314 508 2410 574; x_wconf 87' lang='lat' dir='ltr'><strong>Te,</strong></span> <span class='ocrx_word' id='word_1_17' title='bbox 2459 509 2549 578; x_wconf 86' lang='lat' dir='ltr'><strong>qui</strong></span> <span class='ocrx_word' id='word_1_18' title='bbox 2600 508 2664 562; x_wconf 92' lang='lat' dir='ltr'><strong>ad</strong></span> <span class='ocrx_word' id='word_1_19' title='bbox 2714 509 2900 565; x_wconf 84' lang='lat' dir='ltr'><strong>eadem</strong></span> <span class='ocrx_word' id='word_1_20' title='bbox 2946 511 3187 579; x_wconf 67' lang='lat' dir='ltr'><strong>prudens</strong></span> <span class='ocrx_word' id='word_1_21' title='bbox 3228 528 3288 566; x_wconf 87' lang='lat' dir='ltr'><strong>ac</strong></span> <span class='ocrx_word' id='word_1_22' title='bbox 3323 513 3508 567; x_wconf 71' lang='lat' dir='ltr'><strong>sciens</strong></span> 
     </span>
    </p>
   </div>
   <div class='ocr_carea' id='block_1_5' title="bbox 223 597 1811 672">
    <p class='ocr_par' dir='ltr' id='par_1_5' title="bbox 223 597 1811 672">
     <span class='ocr_line' id='line_1_5' title="bbox 223 597 1811 672; baseline 0 -17"><span class='ocrx_word' id='word_1_23' title='bbox 223 600 563 655; x_wconf 74' lang='lat' dir='ltr'><strong>concedatur</strong></span> <span class='ocrx_word' id='word_1_24' title='bbox 593 600 697 654; x_wconf 86' lang='lat' dir='ltr'><strong>hoc</strong></span> <span class='ocrx_word' id='word_1_25' title='bbox 735 601 853 665; x_wconf 89' lang='lat' dir='ltr'><strong>tibi,</strong></span> <span class='ocrx_word' id='word_1_26' title='bbox 889 597 1033 670; x_wconf 87' lang='lat' dir='ltr'><strong>quod</strong></span> <span class='ocrx_word' id='word_1_27' title='bbox 1062 598 1231 668; x_wconf 86' lang='lat' dir='ltr'><strong>gratis</strong></span> <span class='ocrx_word' id='word_1_28' title='bbox 1263 599 1521 663; x_wconf 81' lang='lat' dir='ltr'><strong>aﬂirmas,</strong></span> <span class='ocrx_word' id='word_1_29' title='bbox 1547 601 1661 672; x_wconf 89' lang='lat' dir='ltr'><strong>jam</strong></span> <span class='ocrx_word' id='word_1_30' title='bbox 1701 601 1811 655; x_wconf 91' lang='lat' dir='ltr'><strong>tuis</strong></span> 
     </span>
    </p>
   </div>
   <div class='ocr_carea' id='block_1_6' title="bbox 226 690 1814 748">
    <p class='ocr_par' dir='ltr' id='par_1_6' title="bbox 226 690 1814 748">
     <span class='ocr_line' id='line_1_6' title="bbox 226 690 1814 748; baseline 0.003 -4"><span class='ocrx_word' id='word_1_31' title='bbox 226 700 283 747; x_wconf 87' lang='lat' dir='ltr'><strong>te</strong></span> <span class='ocrx_word' id='word_1_32' title='bbox 321 693 505 747; x_wconf 81' lang='lat' dir='ltr'><strong>verbis</strong></span> <span class='ocrx_word' id='word_1_33' title='bbox 551 707 614 748; x_wconf 88' lang='lat' dir='ltr'><strong>ac</strong></span> <span class='ocrx_word' id='word_1_34' title='bbox 645 693 914 747; x_wconf 75' lang='lat' dir='ltr'><strong>sententia</strong></span> <span class='ocrx_word' id='word_1_35' title='bbox 955 691 1294 745; x_wconf 83' lang='lat' dir='ltr'><strong>convincam.</strong></span> <span class='ocrx_word' id='word_1_36' title='bbox 1334 690 1451 745; x_wconf 87' lang='lat' dir='ltr'><strong>Non</strong></span> <span class='ocrx_word' id='word_1_37' title='bbox 1497 699 1700 746; x_wconf 88' lang='lat' dir='ltr'><strong>temere</strong></span> <span class='ocrx_word' id='word_1_38' title='bbox 1732 692 1814 748; x_wconf 83' lang='lat' dir='ltr'><strong>ais</strong></span> 
     </span>
    </p>
   </div>
   <div class='ocr_carea' id='block_1_7' title="bbox 227 783 1812 856">
    <p class='ocr_par' dir='ltr' id='par_1_7' title="bbox 227 783 1812 856">
     <span class='ocr_line' id='line_1_7' title="bbox 227 783 1812 856; baseline -0.001 -18"><span class='ocrx_word' id='word_1_39' title='bbox 227 786 334 856; x_wconf 92' lang='lat' dir='ltr'><strong>(a)</strong></span> <span class='ocrx_word' id='word_1_40' title='bbox 359 785 738 855; x_wconf 67' lang='lat' dir='ltr'><strong>paenitentiam</strong></span> <span class='ocrx_word' id='word_1_41' title='bbox 781 785 950 849; x_wconf 87' lang='lat' dir='ltr'><strong>illam,</strong></span> <span class='ocrx_word' id='word_1_42' title='bbox 981 783 1048 838; x_wconf 92' lang='lat' dir='ltr'><strong>de</strong></span> <span class='ocrx_word' id='word_1_43' title='bbox 1085 797 1191 853; x_wconf 90' lang='lat' dir='ltr'><strong>qua</strong></span> <span class='ocrx_word' id='word_1_44' title='bbox 1221 783 1592 837; x_wconf 85' lang='lat' dir='ltr'><strong>Tertullianus</strong></span> <span class='ocrx_word' id='word_1_45' title='bbox 1626 783 1696 837; x_wconf 89' lang='lat' dir='ltr'><strong>ibi</strong></span> <span class='ocrx_word' id='word_1_46' title='bbox 1730 783 1812 837; x_wconf 91' lang='lat' dir='ltr'><strong>lo-</strong></span> 
     </span>
    </p>
   </div>
   <div class='ocr_carea' id='block_1_8' title="bbox 226 871 1813 946">
    <p class='ocr_par' dir='ltr' id='par_1_8' title="bbox 226 871 1813 946">
     <span class='ocr_line' id='line_1_8' title="bbox 226 871 1813 946; baseline -0.001 -18"><span class='ocrx_word' id='word_1_47' title='bbox 226 879 438 946; x_wconf 88' lang='lat' dir='ltr'><strong>quitur,</strong></span> <span class='ocrx_word' id='word_1_48' title='bbox 469 875 752 930; x_wconf 89' lang='lat' dir='ltr'><strong>indultam.</strong></span> <span class='ocrx_word' id='word_1_49' title='bbox 786 873 980 941; x_wconf 75' lang='lat' dir='ltr'><strong>Quaero</strong></span> <span class='ocrx_word' id='word_1_50' title='bbox 1003 874 1099 929; x_wconf 91' lang='lat' dir='ltr'><strong>abs</strong></span> <span class='ocrx_word' id='word_1_51' title='bbox 1122 881 1197 940; x_wconf 89' lang='lat' dir='ltr'><strong>te,</strong></span> <span class='ocrx_word' id='word_1_52' title='bbox 1224 871 1420 942; x_wconf 83' lang='lat' dir='ltr'><strong>ecquid</strong></span> <span class='ocrx_word' id='word_1_53' title='bbox 1445 873 1510 926; x_wconf 91' lang='lat' dir='ltr'><strong>ad</strong></span> <span class='ocrx_word' id='word_1_54' title='bbox 1541 872 1813 941; x_wconf 81' lang='lat' dir='ltr'><strong>publicam</strong></span> 
     </span>
    </p>
   </div>
   <div class='ocr_carea' id='block_1_9' title="bbox 227 949 1821 1034">
    <p class='ocr_par' dir='ltr' id='par_1_9' title="bbox 227 949 1821 1034">
     <span class='ocr_line' id='line_1_9' title="bbox 227 949 1821 1034; baseline -0.002 -13"><span class='ocrx_word' id='word_1_55' title='bbox 227 968 380 1021; x_wconf 88' lang='lat' dir='ltr'><strong>illam</strong></span> <span class='ocrx_word' id='word_1_56' title='bbox 425 966 767 1020; x_wconf 89' lang='lat' dir='ltr'><strong>occultorum</strong></span> <span class='ocrx_word' id='word_1_57' title='bbox 812 963 1188 1034; x_wconf 66' lang='lat' dir='ltr'><strong>paenitentiam</strong></span> <span class='ocrx_word' id='word_1_58' title='bbox 1230 949 1350 1034; x_wconf 83' lang='lat' dir='ltr'><strong>cogi</strong></span> <span class='ocrx_word' id='word_1_59' title='bbox 1385 963 1682 1033; x_wconf 90' lang='lat' dir='ltr'><strong>potuerint,</strong></span> <span class='ocrx_word' id='word_1_60' title='bbox 1735 977 1821 1018; x_wconf 59' lang='lat' dir='ltr'><strong>rev</strong></span> 
     </span>
    </p>
   </div>
   <div class='ocr_carea' id='block_1_10' title="bbox 229 1054 1818 1128">
    <p class='ocr_par' dir='ltr' id='par_1_10' title="bbox 229 1054 1818 1128">
     <span class='ocr_line' id='line_1_10' title="bbox 229 1054 1818 1128; baseline -0.002 -16"><span class='ocrx_word' id='word_1_61' title='bbox 229 1073 472 1128; x_wconf 90' lang='lat' dir='ltr'><strong>veraque</strong></span> <span class='ocrx_word' id='word_1_62' title='bbox 503 1057 678 1112; x_wconf 85' lang='lat' dir='ltr'><strong>coacti</strong></span> <span class='ocrx_word' id='word_1_63' title='bbox 719 1056 851 1120; x_wconf 90' lang='lat' dir='ltr'><strong>sint,</strong></span> <span class='ocrx_word' id='word_1_64' title='bbox 885 1056 976 1127; x_wconf 90' lang='lat' dir='ltr'><strong>qui</strong></span> <span class='ocrx_word' id='word_1_65' title='bbox 1016 1071 1125 1110; x_wconf 92' lang='lat' dir='ltr'><strong>non</strong></span> <span class='ocrx_word' id='word_1_66' title='bbox 1165 1055 1384 1124; x_wconf 86' lang='lat' dir='ltr'><strong>publice</strong></span> <span class='ocrx_word' id='word_1_67' title='bbox 1437 1054 1818 1125; x_wconf 83' lang='lat' dir='ltr'><strong>deliquissent.</strong></span> 
     </span>
    </p>
   </div>
   <div class='ocr_carea' id='block_1_11' title="bbox 232 1147 1824 1218">
    <p class='ocr_par' dir='ltr' id='par_1_11' title="bbox 232 1147 1824 1218">
     <span class='ocr_line' id='line_1_11' title="bbox 232 1147 1824 1218; baseline -0.002 -14"><span class='ocrx_word' id='word_1_68' title='bbox 232 1149 429 1204; x_wconf 68' lang='lat' dir='ltr'><strong>[trum</strong></span> <span class='ocrx_word' id='word_1_69' title='bbox 467 1150 614 1205; x_wconf 85' lang='lat' dir='ltr'><strong>voles</strong></span> <span class='ocrx_word' id='word_1_70' title='bbox 639 1149 795 1218; x_wconf 82' lang='lat' dir='ltr'><strong>elige.</strong></span> <span class='ocrx_word' id='word_1_71' title='bbox 828 1147 883 1202; x_wconf 92' lang='lat' dir='ltr'><strong>Si</strong></span> <span class='ocrx_word' id='word_1_72' title='bbox 907 1157 1130 1203; x_wconf 89' lang='lat' dir='ltr'><strong>coactos</strong></span> <span class='ocrx_word' id='word_1_73' title='bbox 1157 1147 1384 1212; x_wconf 76' lang='lat' dir='ltr'><strong>dixeris,</strong></span> <span class='ocrx_word' id='word_1_74' title='bbox 1417 1147 1497 1202; x_wconf 92' lang='lat' dir='ltr'><strong>sic</strong></span> <span class='ocrx_word' id='word_1_75' title='bbox 1525 1154 1584 1200; x_wconf 94' lang='lat' dir='ltr'><strong>ut</strong></span> <span class='ocrx_word' id='word_1_76' title='bbox 1617 1147 1824 1216; x_wconf 87' lang='lat' dir='ltr'><strong>absque</strong></span> 
     </span>
    </p>
   </div>
   <div class='ocr_carea' id='block_1_12' title="bbox 229 1239 1824 1310">
    <p class='ocr_par' dir='ltr' id='par_1_12' title="bbox 229 1239 1824 1310">
     <span class='ocr_line' id='line_1_12' title="bbox 229 1239 1824 1310; baseline -0.001 -16"><span class='ocrx_word' id='word_1_77' title='bbox 229 1242 454 1310; x_wconf 88' lang='lat' dir='ltr'><strong>publica</strong></span> <span class='ocrx_word' id='word_1_78' title='bbox 497 1241 587 1294; x_wconf 93' lang='lat' dir='ltr'><strong>illa</strong></span> <span class='ocrx_word' id='word_1_79' title='bbox 636 1239 1014 1296; x_wconf 82' lang='lat' dir='ltr'><strong>satisfactione</strong></span> <span class='ocrx_word' id='word_1_80' title='bbox 1063 1239 1410 1294; x_wconf 89' lang='lat' dir='ltr'><strong>reconciliari</strong></span> <span class='ocrx_word' id='word_1_81' title='bbox 1457 1239 1682 1294; x_wconf 88' lang='lat' dir='ltr'><strong>minime</strong></span> <span class='ocrx_word' id='word_1_82' title='bbox 1732 1253 1824 1309; x_wconf 86' lang='lat' dir='ltr'><strong>po-</strong></span> 
     </span>
    </p>
   </div>
   <div class='ocr_carea' id='block_1_13' title="bbox 229 1332 1825 1404">
    <p class='ocr_par' dir='ltr' id='par_1_13' title="bbox 229 1332 1825 1404">
     <span class='ocr_line' id='line_1_13' title="bbox 229 1332 1825 1404; baseline 0.001 -17"><span class='ocrx_word' id='word_1_83' title='bbox 229 1336 470 1388; x_wconf 89' lang='lat' dir='ltr'><strong>tuerint:</strong></span> <span class='ocrx_word' id='word_1_84' title='bbox 507 1334 782 1404; x_wconf 88' lang='lat' dir='ltr'><strong>quomodo</strong></span> <span class='ocrx_word' id='word_1_85' title='bbox 812 1348 923 1387; x_wconf 93' lang='lat' dir='ltr'><strong>non</strong></span> <span class='ocrx_word' id='word_1_86' title='bbox 951 1340 1157 1388; x_wconf 88' lang='lat' dir='ltr'><strong>temere</strong></span> <span class='ocrx_word' id='word_1_87' title='bbox 1189 1332 1328 1388; x_wconf 90' lang='lat' dir='ltr'><strong>dicis</strong></span> <span class='ocrx_word' id='word_1_88' title='bbox 1361 1332 1650 1400; x_wconf 88' lang='lat' dir='ltr'><strong>indultam,</strong></span> <span class='ocrx_word' id='word_1_89' title='bbox 1678 1334 1825 1404; x_wconf 92' lang='lat' dir='ltr'><strong>quod</strong></span> 
     </span>
    </p>
   </div>
   <div class='ocr_carea' id='block_1_14' title="bbox 233 1424 1826 1496">
    <p class='ocr_par' dir='ltr' id='par_1_14' title="bbox 233 1424 1826 1496">
     <span class='ocr_line' id='line_1_14' title="bbox 233 1424 1826 1496; baseline 0.003 -17"><span class='ocrx_word' id='word_1_90' title='bbox 233 1434 391 1479; x_wconf 87' lang='lat' dir='ltr'><strong>tanto</strong></span> <span class='ocrx_word' id='word_1_91' title='bbox 428 1425 697 1480; x_wconf 79' lang='lat' dir='ltr'><strong>beneficio</strong></span> <span class='ocrx_word' id='word_1_92' title='bbox 749 1425 1079 1495; x_wconf 72' lang='lat' dir='ltr'><strong>ptenitentes</strong></span> <span class='ocrx_word' id='word_1_93' title='bbox 1127 1424 1407 1492; x_wconf 85' lang='lat' dir='ltr'><strong>afﬁceret,</strong></span> <span class='ocrx_word' id='word_1_94' title='bbox 1463 1433 1522 1480; x_wconf 92' lang='lat' dir='ltr'><strong>ut</strong></span> <span class='ocrx_word' id='word_1_95' title='bbox 1573 1427 1723 1496; x_wconf 91' lang='lat' dir='ltr'><strong>ipsos</strong></span> <span class='ocrx_word' id='word_1_96' title='bbox 1771 1429 1826 1484; x_wconf 92' lang='lat' dir='ltr'><strong>in</strong></span> 
     </span>
    </p>
   </div>
   <div class='ocr_carea' id='block_1_15' title="bbox 230 1514 1828 1586">
    <p class='ocr_par' dir='ltr' id='par_1_15' title="bbox 230 1514 1828 1586">
     <span class='ocr_line' id='line_1_15' title="bbox 230 1514 1828 1586; baseline 0.002 -16"><span class='ocrx_word' id='word_1_97' title='bbox 230 1531 358 1570; x_wconf 89' lang='lat' dir='ltr'><strong>cum</strong></span> <span class='ocrx_word' id='word_1_98' title='bbox 390 1514 641 1585; x_wconf 84' lang='lat' dir='ltr'><strong>gradum,</strong></span> <span class='ocrx_word' id='word_1_99' title='bbox 684 1531 845 1585; x_wconf 91' lang='lat' dir='ltr'><strong>quem</strong></span> <span class='ocrx_word' id='word_1_100' title='bbox 887 1515 1161 1586; x_wconf 83' lang='lat' dir='ltr'><strong>baptismo</strong></span> <span class='ocrx_word' id='word_1_101' title='bbox 1201 1519 1485 1574; x_wconf 89' lang='lat' dir='ltr'><strong>consecuti</strong></span> <span class='ocrx_word' id='word_1_102' title='bbox 1529 1526 1707 1584; x_wconf 90' lang='lat' dir='ltr'><strong>erant,</strong></span> <span class='ocrx_word' id='word_1_103' title='bbox 1744 1519 1828 1573; x_wconf 91' lang='lat' dir='ltr'><strong>in-</strong></span> 
     </span>
    </p>
   </div>
   <div class='ocr_carea' id='block_1_16' title="bbox 232 1605 1827 1676">
    <p class='ocr_par' dir='ltr' id='par_1_16' title="bbox 232 1605 1827 1676">
     <span class='ocr_line' id='line_1_16' title="bbox 232 1605 1827 1676; baseline 0.006 -19"><span class='ocrx_word' id='word_1_104' title='bbox 232 1605 506 1674; x_wconf 79' lang='lat' dir='ltr'><strong>tegritatis</strong></span> <span class='ocrx_word' id='word_1_105' title='bbox 531 1605 968 1676; x_wconf 64' lang='lat' dir='ltr'><strong>innocentiaeque</strong></span> <span class='ocrx_word' id='word_1_106' title='bbox 990 1607 1306 1662; x_wconf 83' lang='lat' dir='ltr'><strong>revocaret?</strong></span> <span class='ocrx_word' id='word_1_107' title='bbox 1340 1608 1552 1673; x_wconf 81' lang='lat' dir='ltr'><strong>Quibus</strong></span> <span class='ocrx_word' id='word_1_108' title='bbox 1584 1610 1827 1666; x_wconf 88' lang='lat' dir='ltr'><strong>auctoris</strong></span> 
     </span>
    </p>
   </div>
   <div class='ocr_carea' id='block_1_17' title="bbox 232 1697 1829 1769">
    <p class='ocr_par' dir='ltr' id='par_1_17' title="bbox 232 1697 1829 1769">
     <span class='ocr_line' id='line_1_17' title="bbox 232 1697 1829 1769; baseline 0.004 -21"><span class='ocrx_word' id='word_1_109' title='bbox 232 1697 420 1752; x_wconf 81' lang='lat' dir='ltr'><strong>verbis</strong></span> <span class='ocrx_word' id='word_1_110' title='bbox 477 1698 697 1766; x_wconf 88' lang='lat' dir='ltr'><strong>tuisque</strong></span> <span class='ocrx_word' id='word_1_111' title='bbox 740 1699 875 1754; x_wconf 87' lang='lat' dir='ltr'><strong>satis</strong></span> <span class='ocrx_word' id='word_1_112' title='bbox 908 1698 1235 1766; x_wconf 89' lang='lat' dir='ltr'><strong>ostenditur,</strong></span> <span class='ocrx_word' id='word_1_113' title='bbox 1272 1706 1468 1768; x_wconf 89' lang='lat' dir='ltr'><strong>sponte</strong></span> <span class='ocrx_word' id='word_1_114' title='bbox 1497 1714 1528 1754; x_wconf 88' lang='lat' dir='ltr'><strong>a</strong></span> <span class='ocrx_word' id='word_1_115' title='bbox 1557 1700 1829 1769; x_wconf 76' lang='lat' dir='ltr'><strong>pteniten-</strong></span> 
     </span>
    </p>
   </div>
   <div class='ocr_carea' id='block_1_18' title="bbox 234 1786 1825 1859">
    <p class='ocr_par' dir='ltr' id='par_1_18' title="bbox 234 1786 1825 1859">
     <span class='ocr_line' id='line_1_18' title="bbox 234 1786 1825 1859; baseline 0.004 -20"><span class='ocrx_word' id='word_1_116' title='bbox 234 1787 384 1840; x_wconf 91' lang='lat' dir='ltr'><strong>tibus</strong></span> <span class='ocrx_word' id='word_1_117' title='bbox 408 1786 773 1851; x_wconf 90' lang='lat' dir='ltr'><strong>ambiendam,</strong></span> <span class='ocrx_word' id='word_1_118' title='bbox 789 1795 844 1844; x_wconf 89' lang='lat' dir='ltr'><strong>et</strong></span> <span class='ocrx_word' id='word_1_119' title='bbox 865 1788 1054 1858; x_wconf 68' lang='lat' dir='ltr'><strong>gratia:</strong></span> <span class='ocrx_word' id='word_1_120' title='bbox 1073 1789 1193 1843; x_wconf 92' lang='lat' dir='ltr'><strong>loco</strong></span> <span class='ocrx_word' id='word_1_121' title='bbox 1211 1788 1609 1859; x_wconf 85' lang='lat' dir='ltr'><strong>impetrandam</strong></span> <span class='ocrx_word' id='word_1_122' title='bbox 1637 1789 1825 1854; x_wconf 90' lang='lat' dir='ltr'><strong>fuisse,</strong></span> 
     </span>
    </p>
   </div>
   <div class='ocr_carea' id='block_1_19' title="bbox 1922 601 3507 668">
    <p class='ocr_par' dir='ltr' id='par_1_19' title="bbox 1922 601 3507 668">
     <span class='ocr_line' id='line_1_19' title="bbox 1922 601 3507 668; baseline 0.002 -15"><span class='ocrx_word' id='word_1_123' title='bbox 1922 601 2218 667; x_wconf 76' lang='lat' dir='ltr'><strong>offendisti,</strong></span> <span class='ocrx_word' id='word_1_124' title='bbox 2260 603 2306 656; x_wconf 90' lang='lat' dir='ltr'><strong>si</strong></span> <span class='ocrx_word' id='word_1_125' title='bbox 2355 609 2534 655; x_wconf 86' lang='lat' dir='ltr'><strong>tamen</strong></span> <span class='ocrx_word' id='word_1_126' title='bbox 2584 601 3057 668; x_wconf 88' lang='lat' dir='ltr'><strong>animadverteris,</strong></span> <span class='ocrx_word' id='word_1_127' title='bbox 3099 619 3371 659; x_wconf 80' lang='lat' dir='ltr'><strong>excusare</strong></span> <span class='ocrx_word' id='word_1_128' title='bbox 3419 620 3507 657; x_wconf 77' lang='lat' dir='ltr'><strong>vix</strong></span> 
     </span>
    </p>
   </div>
   <div class='ocr_carea' id='block_1_20' title="bbox 1918 693 3508 763">
    <p class='ocr_par' dir='ltr' id='par_1_20' title="bbox 1918 693 3508 763">
     <span class='ocr_line' id='line_1_20' title="bbox 1918 693 3508 763; baseline 0.003 -18"><span class='ocrx_word' id='word_1_129' title='bbox 1918 708 2162 761; x_wconf 90' lang='lat' dir='ltr'><strong>possum.</strong></span> <span class='ocrx_word' id='word_1_130' title='bbox 2204 693 2388 763; x_wconf 74' lang='lat' dir='ltr'><strong>Neque</strong></span> <span class='ocrx_word' id='word_1_131' title='bbox 2431 701 2612 747; x_wconf 90' lang='lat' dir='ltr'><strong>tamen</strong></span> <span class='ocrx_word' id='word_1_132' title='bbox 2655 693 2946 747; x_wconf 87' lang='lat' dir='ltr'><strong>inciviliter</strong></span> <span class='ocrx_word' id='word_1_133' title='bbox 2977 702 3032 748; x_wconf 90' lang='lat' dir='ltr'><strong>et</strong></span> <span class='ocrx_word' id='word_1_134' title='bbox 3070 693 3366 751; x_wconf 87' lang='lat' dir='ltr'><strong>inhumane</strong></span> <span class='ocrx_word' id='word_1_135' title='bbox 3397 704 3508 749; x_wconf 83' lang='lat' dir='ltr'><strong>tra-</strong></span> 
     </span>
    </p>
   </div>
   <div class='ocr_carea' id='block_1_21' title="bbox 1919 782 3509 857">
    <p class='ocr_par' dir='ltr' id='par_1_21' title="bbox 1919 782 3509 857">
     <span class='ocr_line' id='line_1_21' title="bbox 1919 782 3509 857; baseline 0.004 -22"><span class='ocrx_word' id='word_1_136' title='bbox 1919 783 2138 848; x_wconf 89' lang='lat' dir='ltr'><strong>ducam,</strong></span> <span class='ocrx_word' id='word_1_137' title='bbox 2180 792 2274 838; x_wconf 91' lang='lat' dir='ltr'><strong>aut</strong></span> <span class='ocrx_word' id='word_1_138' title='bbox 2325 782 2591 838; x_wconf 83' lang='lat' dir='ltr'><strong>vecordem</strong></span> <span class='ocrx_word' id='word_1_139' title='bbox 2627 783 2928 853; x_wconf 88' lang='lat' dir='ltr'><strong>appellabo,</strong></span> <span class='ocrx_word' id='word_1_140' title='bbox 2969 793 3025 838; x_wconf 93' lang='lat' dir='ltr'><strong>ut</strong></span> <span class='ocrx_word' id='word_1_141' title='bbox 3053 785 3155 840; x_wconf 91' lang='lat' dir='ltr'><strong>hoc</strong></span> <span class='ocrx_word' id='word_1_142' title='bbox 3177 786 3352 857; x_wconf 88' lang='lat' dir='ltr'><strong>ipsum</strong></span> <span class='ocrx_word' id='word_1_143' title='bbox 3383 802 3509 842; x_wconf 82' lang='lat' dir='ltr'><strong>sen-</strong></span> 
     </span>
    </p>
   </div>
   <div class='ocr_carea' id='block_1_22' title="bbox 1921 873 3512 943">
    <p class='ocr_par' dir='ltr' id='par_1_22' title="bbox 1921 873 3512 943">
     <span class='ocr_line' id='line_1_22' title="bbox 1921 873 3512 943; baseline 0.001 -16"><span class='ocrx_word' id='word_1_144' title='bbox 1921 874 2047 938; x_wconf 88' lang='lat' dir='ltr'><strong>tias,</strong></span> <span class='ocrx_word' id='word_1_145' title='bbox 2090 885 2304 942; x_wconf 66' lang='lat' dir='ltr'><strong>quanta:</strong></span> <span class='ocrx_word' id='word_1_146' title='bbox 2354 873 2633 928; x_wconf 73' lang='lat' dir='ltr'><strong>modestiae</strong></span> <span class='ocrx_word' id='word_1_147' title='bbox 2684 873 2775 937; x_wconf 89' lang='lat' dir='ltr'><strong>sit,</strong></span> <span class='ocrx_word' id='word_1_148' title='bbox 2821 889 2986 943; x_wconf 86' lang='lat' dir='ltr'><strong>quam</strong></span> <span class='ocrx_word' id='word_1_149' title='bbox 3041 881 3098 928; x_wconf 92' lang='lat' dir='ltr'><strong>tu</strong></span> <span class='ocrx_word' id='word_1_150' title='bbox 3151 875 3283 928; x_wconf 88' lang='lat' dir='ltr'><strong>mihi</strong></span> <span class='ocrx_word' id='word_1_151' title='bbox 3328 875 3512 929; x_wconf 85' lang='lat' dir='ltr'><strong>detra-</strong></span> 
     </span>
    </p>
   </div>
   <div class='ocr_carea' id='block_1_23' title="bbox 1921 964 3513 1036">
    <p class='ocr_par' dir='ltr' id='par_1_23' title="bbox 1921 964 3513 1036">
     <span class='ocr_line' id='line_1_23' title="bbox 1921 964 3513 1036; baseline -0.001 -16"><span class='ocrx_word' id='word_1_152' title='bbox 1921 965 2028 1029; x_wconf 90' lang='lat' dir='ltr'><strong>his,</strong></span> <span class='ocrx_word' id='word_1_153' title='bbox 2067 981 2191 1021; x_wconf 88' lang='lat' dir='ltr'><strong>cum</strong></span> <span class='ocrx_word' id='word_1_154' title='bbox 2241 981 2310 1020; x_wconf 93' lang='lat' dir='ltr'><strong>ne</strong></span> <span class='ocrx_word' id='word_1_155' title='bbox 2361 981 2390 1018; x_wconf 89' lang='lat' dir='ltr'><strong>a</strong></span> <span class='ocrx_word' id='word_1_156' title='bbox 2436 975 2489 1020; x_wconf 86' lang='lat' dir='ltr'><strong>te</strong></span> <span class='ocrx_word' id='word_1_157' title='bbox 2523 965 2741 1034; x_wconf 86' lang='lat' dir='ltr'><strong>quidem</strong></span> <span class='ocrx_word' id='word_1_158' title='bbox 2787 965 2924 1020; x_wconf 88' lang='lat' dir='ltr'><strong>adeo</strong></span> <span class='ocrx_word' id='word_1_159' title='bbox 2966 972 3160 1034; x_wconf 56' lang='lat' dir='ltr'><strong>praeter</strong></span> <span class='ocrx_word' id='word_1_160' title='bbox 3197 966 3288 1036; x_wconf 91' lang='lat' dir='ltr'><strong>jus</strong></span> <span class='ocrx_word' id='word_1_161' title='bbox 3323 979 3387 1021; x_wconf 89' lang='lat' dir='ltr'><strong>ac</strong></span> <span class='ocrx_word' id='word_1_162' title='bbox 3418 964 3513 1020; x_wconf 88' lang='lat' dir='ltr'><strong>de-</strong></span> 
     </span>
    </p>
   </div>
   <div class='ocr_carea' id='block_1_24' title="bbox 1923 1056 3514 1127">
    <p class='ocr_par' dir='ltr' id='par_1_24' title="bbox 1923 1056 3514 1127">
     <span class='ocr_line' id='line_1_24' title="bbox 1923 1056 3514 1127; baseline -0.001 -16"><span class='ocrx_word' id='word_1_163' title='bbox 1923 1073 2113 1112; x_wconf 91' lang='lat' dir='ltr'><strong>corum</strong></span> <span class='ocrx_word' id='word_1_164' title='bbox 2140 1073 2302 1112; x_wconf 91' lang='lat' dir='ltr'><strong>omne</strong></span> <span class='ocrx_word' id='word_1_165' title='bbox 2335 1058 2624 1113; x_wconf 80' lang='lat' dir='ltr'><strong>lacessitus</strong></span> <span class='ocrx_word' id='word_1_166' title='bbox 2653 1065 2707 1110; x_wconf 89' lang='lat' dir='ltr'><strong>et</strong></span> <span class='ocrx_word' id='word_1_167' title='bbox 2738 1056 3082 1126; x_wconf 90' lang='lat' dir='ltr'><strong>dispunctus,</strong></span> <span class='ocrx_word' id='word_1_168' title='bbox 3121 1072 3423 1127; x_wconf 89' lang='lat' dir='ltr'><strong>repungere</strong></span> <span class='ocrx_word' id='word_1_169' title='bbox 3449 1070 3514 1110; x_wconf 87' lang='lat' dir='ltr'><strong>ac</strong></span> 
     </span>
    </p>
   </div>
   <div class='ocr_carea' id='block_1_25' title="bbox 1927 1149 3401 1219">
    <p class='ocr_par' dir='ltr' id='par_1_25' title="bbox 1927 1149 3401 1219">
     <span class='ocr_line' id='line_1_25' title="bbox 1927 1149 3401 1219; baseline 0 -16"><span class='ocrx_word' id='word_1_170' title='bbox 1927 1150 2276 1203; x_wconf 87' lang='lat' dir='ltr'><strong>maledictum</strong></span> <span class='ocrx_word' id='word_1_171' title='bbox 2315 1158 2370 1204; x_wconf 89' lang='lat' dir='ltr'><strong>et</strong></span> <span class='ocrx_word' id='word_1_172' title='bbox 2399 1151 2784 1205; x_wconf 87' lang='lat' dir='ltr'><strong>contumeliam</strong></span> <span class='ocrx_word' id='word_1_173' title='bbox 2816 1163 3083 1219; x_wconf 86' lang='lat' dir='ltr'><strong>reponere</strong></span> <span class='ocrx_word' id='word_1_174' title='bbox 3115 1149 3401 1203; x_wconf 86' lang='lat' dir='ltr'><strong>voluerim.</strong></span> 
     </span>
    </p>
   </div>
   <div class='ocr_carea' id='block_1_26' title="bbox 1999 1239 3514 1312">
    <p class='ocr_par' dir='ltr' id='par_1_26' title="bbox 1999 1239 3514 1312">
     <span class='ocr_line' id='line_1_26' title="bbox 1999 1239 3514 1312; baseline 0.003 -20"><span class='ocrx_word' id='word_1_175' title='bbox 1999 1239 2072 1296; x_wconf 89' lang='lat' dir='ltr'><strong>De</strong></span> <span class='ocrx_word' id='word_1_176' title='bbox 2102 1242 2341 1311; x_wconf 88' lang='lat' dir='ltr'><strong>pcrjurio</strong></span> <span class='ocrx_word' id='word_1_177' title='bbox 2374 1241 2448 1311; x_wconf 92' lang='lat' dir='ltr'><strong>(b)</strong></span> <span class='ocrx_word' id='word_1_178' title='bbox 2479 1256 2586 1296; x_wconf 89' lang='lat' dir='ltr'><strong>non</strong></span> <span class='ocrx_word' id='word_1_179' title='bbox 2621 1243 2840 1312; x_wconf 87' lang='lat' dir='ltr'><strong>penitus</strong></span> <span class='ocrx_word' id='word_1_180' title='bbox 2893 1241 3307 1304; x_wconf 88' lang='lat' dir='ltr'><strong>allirmaveram,</strong></span> <span class='ocrx_word' id='word_1_181' title='bbox 3335 1241 3514 1296; x_wconf 87' lang='lat' dir='ltr'><strong>nullas</strong></span> 
     </span>
    </p>
   </div>
   <div class='ocr_carea' id='block_1_27' title="bbox 1929 1334 3514 1404">
    <p class='ocr_par' dir='ltr' id='par_1_27' title="bbox 1929 1334 3514 1404">
     <span class='ocr_line' id='line_1_27' title="bbox 1929 1334 3514 1404; baseline -0.002 -15"><span class='ocrx_word' id='word_1_182' title='bbox 1929 1349 1961 1389; x_wconf 89' lang='lat' dir='ltr'><strong>a</strong></span> <span class='ocrx_word' id='word_1_183' title='bbox 2007 1335 2312 1390; x_wconf 89' lang='lat' dir='ltr'><strong>canonibus</strong></span> <span class='ocrx_word' id='word_1_184' title='bbox 2344 1348 2536 1404; x_wconf 80' lang='lat' dir='ltr'><strong>poenas</strong></span> <span class='ocrx_word' id='word_1_185' title='bbox 2581 1335 2658 1388; x_wconf 91' lang='lat' dir='ltr'><strong>illi</strong></span> <span class='ocrx_word' id='word_1_186' title='bbox 2701 1334 3052 1396; x_wconf 88' lang='lat' dir='ltr'><strong>constitutas,</strong></span> <span class='ocrx_word' id='word_1_187' title='bbox 3079 1334 3174 1388; x_wconf 91' lang='lat' dir='ltr'><strong>sed</strong></span> <span class='ocrx_word' id='word_1_188' title='bbox 3225 1349 3320 1388; x_wconf 89' lang='lat' dir='ltr'><strong>eas</strong></span> <span class='ocrx_word' id='word_1_189' title='bbox 3367 1334 3514 1386; x_wconf 88' lang='lat' dir='ltr'><strong>solas</strong></span> 
     </span>
    </p>
   </div>
   <div class='ocr_carea' id='block_1_28' title="bbox 1930 1427 3515 1498">
    <p class='ocr_par' dir='ltr' id='par_1_28' title="bbox 1930 1427 3515 1498">
     <span class='ocr_line' id='line_1_28' title="bbox 1930 1427 3515 1498; baseline 0.002 -17"><span class='ocrx_word' id='word_1_190' title='bbox 1930 1427 2157 1498; x_wconf 72' lang='lat' dir='ltr'><strong>intelligi</strong></span> <span class='ocrx_word' id='word_1_191' title='bbox 2210 1429 2479 1493; x_wconf 91' lang='lat' dir='ltr'><strong>volebam,</strong></span> <span class='ocrx_word' id='word_1_192' title='bbox 2527 1445 2647 1498; x_wconf 70' lang='lat' dir='ltr'><strong>quae</strong></span> <span class='ocrx_word' id='word_1_193' title='bbox 2707 1428 2877 1483; x_wconf 88' lang='lat' dir='ltr'><strong>laicos</strong></span> <span class='ocrx_word' id='word_1_194' title='bbox 2932 1429 3263 1498; x_wconf 79' lang='lat' dir='ltr'><strong>obligarent;</strong></span> <span class='ocrx_word' id='word_1_195' title='bbox 3315 1429 3515 1498; x_wconf 88' lang='lat' dir='ltr'><strong>quibus</strong></span> 
     </span>
    </p>
   </div>
   <div class='ocr_carea' id='block_1_29' title="bbox 1929 1517 3512 1586">
    <p class='ocr_par' dir='ltr' id='par_1_29' title="bbox 1929 1517 3512 1586">
     <span class='ocr_line' id='line_1_29' title="bbox 1929 1517 3512 1586; baseline -0.002 -15"><span class='ocrx_word' id='word_1_196' title='bbox 1929 1517 2248 1586; x_wconf 64' lang='lat' dir='ltr'><strong>poenitentia</strong></span> <span class='ocrx_word' id='word_1_197' title='bbox 2304 1517 2543 1586; x_wconf 75' lang='lat' dir='ltr'><strong>publica,</strong></span> <span class='ocrx_word' id='word_1_198' title='bbox 2583 1533 2691 1571; x_wconf 92' lang='lat' dir='ltr'><strong>non</strong></span> <span class='ocrx_word' id='word_1_199' title='bbox 2738 1518 2977 1577; x_wconf 87' lang='lat' dir='ltr'><strong>clericis.</strong></span> <span class='ocrx_word' id='word_1_200' title='bbox 3006 1517 3324 1586; x_wconf 67' lang='lat' dir='ltr'><strong>praescripta</strong></span> <span class='ocrx_word' id='word_1_201' title='bbox 3371 1518 3512 1570; x_wconf 87' lang='lat' dir='ltr'><strong>fuit:</strong></span> 
     </span>
    </p>
   </div>
   <div class='ocr_carea' id='block_1_30' title="bbox 1931 1593 3514 1677">
    <p class='ocr_par' dir='ltr' id='par_1_30' title="bbox 1931 1593 3514 1677">
     <span class='ocr_line' id='line_1_30' title="bbox 1931 1593 3514 1677; baseline 0.003 -17"><span class='ocrx_word' id='word_1_202' title='bbox 1931 1615 2043 1660; x_wconf 90' lang='lat' dir='ltr'><strong>tum</strong></span> <span class='ocrx_word' id='word_1_203' title='bbox 2089 1606 2155 1660; x_wconf 91' lang='lat' dir='ltr'><strong>de</strong></span> <span class='ocrx_word' id='word_1_204' title='bbox 2194 1606 2383 1674; x_wconf 89' lang='lat' dir='ltr'><strong>primis</strong></span> <span class='ocrx_word' id='word_1_205' title='bbox 2424 1605 2679 1662; x_wconf 74' lang='lat' dir='ltr'><strong>Ecclesiae</strong></span> <span class='ocrx_word' id='word_1_206' title='bbox 2721 1593 3056 1677; x_wconf 77' lang='lat' dir='ltr'><strong>temporibus</strong></span> <span class='ocrx_word' id='word_1_207' title='bbox 3097 1606 3394 1676; x_wconf 88' lang='lat' dir='ltr'><strong>loquebar;</strong></span> <span class='ocrx_word' id='word_1_208' title='bbox 3447 1606 3514 1664; x_wconf 78' lang='lat' dir='ltr'><strong>ad</strong></span> 
     </span>
    </p>
   </div>
   <div class='ocr_carea' id='block_1_31' title="bbox 1929 1697 3514 1767">
    <p class='ocr_par' dir='ltr' id='par_1_31' title="bbox 1929 1697 3514 1767">
     <span class='ocr_line' id='line_1_31' title="bbox 1929 1697 3514 1767; baseline -0.001 -17"><span class='ocrx_word' id='word_1_209' title='bbox 1929 1713 2052 1767; x_wconf 80' lang='lat' dir='ltr'><strong>qua:</strong></span> <span class='ocrx_word' id='word_1_210' title='bbox 2075 1697 2364 1767; x_wconf 90' lang='lat' dir='ltr'><strong>disciplina</strong></span> <span class='ocrx_word' id='word_1_211' title='bbox 2388 1697 2498 1762; x_wconf 89' lang='lat' dir='ltr'><strong>illa,</strong></span> <span class='ocrx_word' id='word_1_212' title='bbox 2531 1698 2600 1752; x_wconf 90' lang='lat' dir='ltr'><strong>de</strong></span> <span class='ocrx_word' id='word_1_213' title='bbox 2628 1713 2731 1767; x_wconf 87' lang='lat' dir='ltr'><strong>qua</strong></span> <span class='ocrx_word' id='word_1_214' title='bbox 2760 1712 2947 1752; x_wconf 82' lang='lat' dir='ltr'><strong>sermo</strong></span> <span class='ocrx_word' id='word_1_215' title='bbox 2971 1705 3109 1764; x_wconf 83' lang='lat' dir='ltr'><strong>erat,</strong></span> <span class='ocrx_word' id='word_1_216' title='bbox 3140 1697 3358 1766; x_wconf 90' lang='lat' dir='ltr'><strong>proprie</strong></span> <span class='ocrx_word' id='word_1_217' title='bbox 3391 1711 3514 1766; x_wconf 83' lang='lat' dir='ltr'><strong>per-</strong></span> 
     </span>
    </p>
   </div>
   <div class='ocr_carea' id='block_1_32' title="bbox 1933 1787 3516 1856">
    <p class='ocr_par' dir='ltr' id='par_1_32' title="bbox 1933 1787 3516 1856">
     <span class='ocr_line' id='line_1_32' title="bbox 1933 1787 3516 1856; baseline -0.001 -15"><span class='ocrx_word' id='word_1_218' title='bbox 1933 1789 2087 1842; x_wconf 90' lang='lat' dir='ltr'><strong>tinet.</strong></span> <span class='ocrx_word' id='word_1_219' title='bbox 2135 1787 2320 1856; x_wconf 87' lang='lat' dir='ltr'><strong>Itaque</strong></span> <span class='ocrx_word' id='word_1_220' title='bbox 2365 1787 2710 1844; x_wconf 84' lang='lat' dir='ltr'><strong>Tiburiensis</strong></span> <span class='ocrx_word' id='word_1_221' title='bbox 2755 1789 2844 1842; x_wconf 89' lang='lat' dir='ltr'><strong>ille</strong></span> <span class='ocrx_word' id='word_1_222' title='bbox 2885 1803 3059 1841; x_wconf 84' lang='lat' dir='ltr'><strong>canon</strong></span> <span class='ocrx_word' id='word_1_223' title='bbox 3092 1788 3302 1841; x_wconf 92' lang='lat' dir='ltr'><strong>alienus</strong></span> <span class='ocrx_word' id='word_1_224' title='bbox 3336 1794 3417 1840; x_wconf 89' lang='lat' dir='ltr'><strong>est</strong></span> <span class='ocrx_word' id='word_1_225' title='bbox 3447 1787 3516 1840; x_wconf 90' lang='lat' dir='ltr'><strong>ab</strong></span> 
     </span>
    </p>
   </div>
   <div class='ocr_carea' id='block_1_33' title="bbox 234 1857 3518 1950">
    <p class='ocr_par' dir='ltr' id='par_1_33' title="bbox 234 1857 3518 1950">
     <span class='ocr_line' id='line_1_33' title="bbox 234 1857 3518 1950; baseline -0.001 -18"><span class='ocrx_word' id='word_1_226' title='bbox 234 1894 339 1932; x_wconf 91' lang='lat' dir='ltr'><strong>nec</strong></span> <span class='ocrx_word' id='word_1_227' title='bbox 392 1879 585 1934; x_wconf 88' lang='lat' dir='ltr'><strong>iisdem</strong></span> <span class='ocrx_word' id='word_1_228' title='bbox 630 1889 810 1934; x_wconf 89' lang='lat' dir='ltr'><strong>tamen</strong></span> <span class='ocrx_word' id='word_1_229' title='bbox 860 1880 1176 1950; x_wconf 89' lang='lat' dir='ltr'><strong>petentibus</strong></span> <span class='ocrx_word' id='word_1_230' title='bbox 1230 1890 1434 1937; x_wconf 90' lang='lat' dir='ltr'><strong>temere</strong></span> <span class='ocrx_word' id='word_1_231' title='bbox 1479 1898 1824 1939; x_wconf 86' lang='lat' dir='ltr'><strong>concessam.</strong></span> <span class='ocrx_word' id='word_1_232' title='bbox 1861 1857 1902 1911; x_wconf 70' lang='lat' dir='ltr'><strong>B</strong></span> <span class='ocrx_word' id='word_1_233' title='bbox 1931 1880 2036 1934; x_wconf 90' lang='lat' dir='ltr'><strong>hoc</strong></span> <span class='ocrx_word' id='word_1_234' title='bbox 2067 1881 2304 1950; x_wconf 82' lang='lat' dir='ltr'><strong>negotio,</strong></span> <span class='ocrx_word' id='word_1_235' title='bbox 2333 1896 2442 1936; x_wconf 92' lang='lat' dir='ltr'><strong>non</strong></span> <span class='ocrx_word' id='word_1_236' title='bbox 2469 1881 2644 1935; x_wconf 88' lang='lat' dir='ltr'><strong>solum</strong></span> <span class='ocrx_word' id='word_1_237' title='bbox 2683 1880 2810 1950; x_wconf 89' lang='lat' dir='ltr'><strong>quia</strong></span> <span class='ocrx_word' id='word_1_238' title='bbox 2853 1879 2921 1934; x_wconf 88' lang='lat' dir='ltr'><strong>de</strong></span> <span class='ocrx_word' id='word_1_239' title='bbox 2965 1879 3096 1934; x_wconf 92' lang='lat' dir='ltr'><strong>solis</strong></span> <span class='ocrx_word' id='word_1_240' title='bbox 3136 1878 3350 1933; x_wconf 86' lang='lat' dir='ltr'><strong>clericis</strong></span> <span class='ocrx_word' id='word_1_241' title='bbox 3379 1892 3518 1946; x_wconf 63' lang='lat' dir='ltr'><strong>prte-</strong></span> 
     </span>
    </p>
   </div>
   <div class='ocr_carea' id='block_1_34' title="bbox 235 1969 1826 2044">
    <p class='ocr_par' dir='ltr' id='par_1_34' title="bbox 235 1969 1826 2044">
     <span class='ocr_line' id='line_1_34' title="bbox 235 1969 1826 2044; baseline 0.004 -22"><span class='ocrx_word' id='word_1_242' title='bbox 235 1969 401 2023; x_wconf 69' lang='lat' dir='ltr'><strong>Redit</strong></span> <span class='ocrx_word' id='word_1_243' title='bbox 447 1985 578 2041; x_wconf 88' lang='lat' dir='ltr'><strong>ergo</strong></span> <span class='ocrx_word' id='word_1_244' title='bbox 616 1971 867 2042; x_wconf 89' lang='lat' dir='ltr'><strong>superior</strong></span> <span class='ocrx_word' id='word_1_245' title='bbox 911 1972 1003 2027; x_wconf 89' lang='lat' dir='ltr'><strong>illa</strong></span> <span class='ocrx_word' id='word_1_246' title='bbox 1053 1973 1319 2042; x_wconf 60' lang='lat' dir='ltr'><strong>quaestio:</strong></span> <span class='ocrx_word' id='word_1_247' title='bbox 1351 1973 1487 2044; x_wconf 85' lang='lat' dir='ltr'><strong>quid</strong></span> <span class='ocrx_word' id='word_1_248' title='bbox 1533 1973 1601 2030; x_wconf 91' lang='lat' dir='ltr'><strong>iis</strong></span> <span class='ocrx_word' id='word_1_249' title='bbox 1638 1982 1826 2044; x_wconf 89' lang='lat' dir='ltr'><strong>postea</strong></span> 
     </span>
    </p>
   </div>
   <div class='ocr_carea' id='block_1_35' title="bbox 235 2060 1826 2135">
    <p class='ocr_par' dir='ltr' id='par_1_35' title="bbox 235 2060 1826 2135">
     <span class='ocr_line' id='line_1_35' title="bbox 235 2060 1826 2135; baseline 0.004 -21"><span class='ocrx_word' id='word_1_250' title='bbox 235 2060 471 2125; x_wconf 83' lang='lat' dir='ltr'><strong>factum,</strong></span> <span class='ocrx_word' id='word_1_251' title='bbox 496 2064 540 2120; x_wconf 91' lang='lat' dir='ltr'><strong>si</strong></span> <span class='ocrx_word' id='word_1_252' title='bbox 565 2074 687 2133; x_wconf 92' lang='lat' dir='ltr'><strong>post</strong></span> <span class='ocrx_word' id='word_1_253' title='bbox 703 2065 976 2134; x_wconf 90' lang='lat' dir='ltr'><strong>publicam</strong></span> <span class='ocrx_word' id='word_1_254' title='bbox 999 2065 1375 2135; x_wconf 67' lang='lat' dir='ltr'><strong>paenitentiam</strong></span> <span class='ocrx_word' id='word_1_255' title='bbox 1398 2064 1587 2120; x_wconf 84' lang='lat' dir='ltr'><strong>eadem</strong></span> <span class='ocrx_word' id='word_1_256' title='bbox 1613 2067 1826 2121; x_wconf 89' lang='lat' dir='ltr'><strong>occulta</strong></span> 
     </span>
    </p>
   </div>
   <div class='ocr_carea' id='block_1_36' title="bbox 232 2149 1824 2222">
    <p class='ocr_par' dir='ltr' id='par_1_36' title="bbox 232 2149 1824 2222">
     <span class='ocr_line' id='line_1_36' title="bbox 232 2149 1824 2222; baseline 0.008 -23"><span class='ocrx_word' id='word_1_257' title='bbox 232 2149 668 2210; x_wconf 80' lang='lat' dir='ltr'><strong>committerent.</strong></span> <span class='ocrx_word' id='word_1_258' title='bbox 718 2151 788 2206; x_wconf 90' lang='lat' dir='ltr'><strong>ob</strong></span> <span class='ocrx_word' id='word_1_259' title='bbox 839 2166 961 2222; x_wconf 68' lang='lat' dir='ltr'><strong>quae</strong></span> <span class='ocrx_word' id='word_1_260' title='bbox 1008 2152 1196 2222; x_wconf 86' lang='lat' dir='ltr'><strong>priore</strong></span> <span class='ocrx_word' id='word_1_261' title='bbox 1243 2153 1356 2219; x_wconf 92' lang='lat' dir='ltr'><strong>illa,</strong></span> <span class='ocrx_word' id='word_1_262' title='bbox 1399 2167 1504 2210; x_wconf 88' lang='lat' dir='ltr'><strong>nec</strong></span> <span class='ocrx_word' id='word_1_263' title='bbox 1552 2155 1824 2221; x_wconf 85' lang='lat' dir='ltr'><strong>iteranda,</strong></span> 
     </span>
    </p>
   </div>
   <div class='ocr_carea' id='block_1_37' title="bbox 230 2238 752 2294">
    <p class='ocr_par' dir='ltr' id='par_1_37' title="bbox 230 2238 752 2294">
     <span class='ocr_line' id='line_1_37' title="bbox 230 2238 752 2294; baseline 0.01 -4"><span class='ocrx_word' id='word_1_264' title='bbox 230 2239 480 2291; x_wconf 83' lang='lat' dir='ltr'><strong>damnati</strong></span> <span class='ocrx_word' id='word_1_265' title='bbox 513 2238 752 2294; x_wconf 77' lang='lat' dir='ltr'><strong>fuerant.</strong></span> 
     </span>
    </p>
   </div>
   <div class='ocr_carea' id='block_1_38' title="bbox 309 2328 1827 2406">
    <p class='ocr_par' dir='ltr' id='par_1_38' title="bbox 309 2328 1827 2406">
     <span class='ocr_line' id='line_1_38' title="bbox 309 2328 1827 2406; baseline 0.007 -26"><span class='ocrx_word' id='word_1_266' title='bbox 309 2328 368 2381; x_wconf 89' lang='lat' dir='ltr'><strong>Si</strong></span> <span class='ocrx_word' id='word_1_267' title='bbox 411 2331 556 2382; x_wconf 91' lang='lat' dir='ltr'><strong>enim</strong></span> <span class='ocrx_word' id='word_1_268' title='bbox 604 2330 899 2385; x_wconf 90' lang='lat' dir='ltr'><strong>auriculari</strong></span> <span class='ocrx_word' id='word_1_269' title='bbox 934 2330 1301 2400; x_wconf 79' lang='lat' dir='ltr'><strong>confessione,</strong></span> <span class='ocrx_word' id='word_1_270' title='bbox 1343 2341 1398 2390; x_wconf 91' lang='lat' dir='ltr'><strong>ct</strong></span> <span class='ocrx_word' id='word_1_271' title='bbox 1438 2343 1670 2398; x_wconf 83' lang='lat' dir='ltr'><strong>secreta,</strong></span> <span class='ocrx_word' id='word_1_272' title='bbox 1705 2351 1827 2406; x_wconf 72' lang='lat' dir='ltr'><strong>qua:</strong></span> 
     </span>
    </p>
   </div>
   <div class='ocr_carea' id='block_1_39' title="bbox 232 2424 1826 2496">
    <p class='ocr_par' dir='ltr' id='par_1_39' title="bbox 232 2424 1826 2496">
     <span class='ocr_line' id='line_1_39' title="bbox 232 2424 1826 2496; baseline 0.006 -25"><span class='ocrx_word' id='word_1_273' title='bbox 232 2429 462 2490; x_wconf 90' lang='lat' dir='ltr'><strong>propter</strong></span> <span class='ocrx_word' id='word_1_274' title='bbox 490 2424 702 2476; x_wconf 90' lang='lat' dir='ltr'><strong>occulta</strong></span> <span class='ocrx_word' id='word_1_275' title='bbox 725 2430 950 2493; x_wconf 86' lang='lat' dir='ltr'><strong>peccata</strong></span> <span class='ocrx_word' id='word_1_276' title='bbox 978 2425 1299 2495; x_wconf 88' lang='lat' dir='ltr'><strong>suscipitur,</strong></span> <span class='ocrx_word' id='word_1_277' title='bbox 1325 2441 1556 2496; x_wconf 65' lang='lat' dir='ltr'><strong>quasque</strong></span> <span class='ocrx_word' id='word_1_278' title='bbox 1585 2426 1826 2482; x_wconf 88' lang='lat' dir='ltr'><strong>secunda</strong></span> 
     </span>
    </p>
   </div>
   <div class='ocr_carea' id='block_1_40' title="bbox 231 2512 1828 2586">
    <p class='ocr_par' dir='ltr' id='par_1_40' title="bbox 231 2512 1828 2586">
     <span class='ocr_line' id='line_1_40' title="bbox 231 2512 1828 2586; baseline 0.006 -22"><span class='ocrx_word' id='word_1_279' title='bbox 231 2519 320 2564; x_wconf 86' lang='lat' dir='ltr'><strong>est</strong></span> <span class='ocrx_word' id='word_1_280' title='bbox 362 2512 428 2564; x_wconf 91' lang='lat' dir='ltr'><strong>de</strong></span> <span class='ocrx_word' id='word_1_281' title='bbox 474 2512 668 2578; x_wconf 91' lang='lat' dir='ltr'><strong>tribus,</strong></span> <span class='ocrx_word' id='word_1_282' title='bbox 706 2515 1030 2584; x_wconf 64' lang='lat' dir='ltr'><strong>paenitentia</strong></span> <span class='ocrx_word' id='word_1_283' title='bbox 1086 2514 1310 2586; x_wconf 78' lang='lat' dir='ltr'><strong>defungi</strong></span> <span class='ocrx_word' id='word_1_284' title='bbox 1357 2516 1595 2580; x_wconf 87' lang='lat' dir='ltr'><strong>licuerit,</strong></span> <span class='ocrx_word' id='word_1_285' title='bbox 1649 2533 1828 2574; x_wconf 89' lang='lat' dir='ltr'><strong>nonne</strong></span> 
     </span>
    </p>
   </div>
   <div class='ocr_carea' id='block_1_41' title="bbox 231 2603 1832 2678">
    <p class='ocr_par' dir='ltr' id='par_1_41' title="bbox 231 2603 1832 2678">
     <span class='ocr_line' id='line_1_41' title="bbox 231 2603 1832 2678; baseline 0.004 -23"><span class='ocrx_word' id='word_1_286' title='bbox 231 2603 597 2658; x_wconf 85' lang='lat' dir='ltr'><strong>tolerabiliori</strong></span> <span class='ocrx_word' id='word_1_287' title='bbox 631 2605 947 2660; x_wconf 89' lang='lat' dir='ltr'><strong>conditione</strong></span> <span class='ocrx_word' id='word_1_288' title='bbox 987 2605 1221 2662; x_wconf 89' lang='lat' dir='ltr'><strong>fuissent</strong></span> <span class='ocrx_word' id='word_1_289' title='bbox 1253 2607 1310 2673; x_wconf 93' lang='lat' dir='ltr'><strong>ii,</strong></span> <span class='ocrx_word' id='word_1_290' title='bbox 1341 2607 1435 2677; x_wconf 88' lang='lat' dir='ltr'><strong>qui</strong></span> <span class='ocrx_word' id='word_1_291' title='bbox 1470 2608 1671 2678; x_wconf 68' lang='lat' dir='ltr'><strong>saepius</strong></span> <span class='ocrx_word' id='word_1_292' title='bbox 1703 2608 1832 2664; x_wconf 81' lang='lat' dir='ltr'><strong>hor-</strong></span> 
     </span>
    </p>
   </div>
   <div class='ocr_carea' id='block_1_42' title="bbox 230 2695 1825 2769">
    <p class='ocr_par' dir='ltr' id='par_1_42' title="bbox 230 2695 1825 2769">
     <span class='ocr_line' id='line_1_42' title="bbox 230 2695 1825 2769; baseline 0.004 -22"><span class='ocrx_word' id='word_1_293' title='bbox 230 2695 411 2749; x_wconf 89' lang='lat' dir='ltr'><strong>renda</strong></span> <span class='ocrx_word' id='word_1_294' title='bbox 446 2696 558 2760; x_wconf 91' lang='lat' dir='ltr'><strong>illa,</strong></span> <span class='ocrx_word' id='word_1_295' title='bbox 595 2697 690 2751; x_wconf 91' lang='lat' dir='ltr'><strong>sed</strong></span> <span class='ocrx_word' id='word_1_296' title='bbox 720 2699 934 2752; x_wconf 90' lang='lat' dir='ltr'><strong>occulta</strong></span> <span class='ocrx_word' id='word_1_297' title='bbox 966 2698 1174 2753; x_wconf 88' lang='lat' dir='ltr'><strong>scelera</strong></span> <span class='ocrx_word' id='word_1_298' title='bbox 1210 2707 1633 2768; x_wconf 88' lang='lat' dir='ltr'><strong>perpetrassent,</strong></span> <span class='ocrx_word' id='word_1_299' title='bbox 1664 2714 1825 2769; x_wconf 90' lang='lat' dir='ltr'><strong>quam</strong></span> 
     </span>
    </p>
   </div>
   <div class='ocr_carea' id='block_1_43' title="bbox 231 2787 1827 2860">
    <p class='ocr_par' dir='ltr' id='par_1_43' title="bbox 231 2787 1827 2860">
     <span class='ocr_line' id='line_1_43' title="bbox 231 2787 1827 2860; baseline 0.005 -24"><span class='ocrx_word' id='word_1_300' title='bbox 231 2787 330 2856; x_wconf 81' lang='lat' dir='ltr'><strong>qui</strong></span> <span class='ocrx_word' id='word_1_301' title='bbox 375 2787 547 2841; x_wconf 87' lang='lat' dir='ltr'><strong>semel</strong></span> <span class='ocrx_word' id='word_1_302' title='bbox 587 2788 641 2841; x_wconf 93' lang='lat' dir='ltr'><strong>in</strong></span> <span class='ocrx_word' id='word_1_303' title='bbox 685 2787 870 2842; x_wconf 88' lang='lat' dir='ltr'><strong>eadem</strong></span> <span class='ocrx_word' id='word_1_304' title='bbox 909 2789 1308 2844; x_wconf 83' lang='lat' dir='ltr'><strong>incurrissent?</strong></span> <span class='ocrx_word' id='word_1_305' title='bbox 1336 2789 1547 2860; x_wconf 76' lang='lat' dir='ltr'><strong>Quippe</strong></span> <span class='ocrx_word' id='word_1_306' title='bbox 1579 2804 1700 2844; x_wconf 91' lang='lat' dir='ltr'><strong>cum</strong></span> <span class='ocrx_word' id='word_1_307' title='bbox 1737 2791 1827 2846; x_wconf 91' lang='lat' dir='ltr'><strong>isti</strong></span> 
     </span>
    </p>
   </div>
   <div class='ocr_carea' id='block_1_44' title="bbox 231 2878 1826 2952">
    <p class='ocr_par' dir='ltr' id='par_1_44' title="bbox 231 2878 1826 2952">
     <span class='ocr_line' id='line_1_44' title="bbox 231 2878 1826 2952; baseline 0.003 -20"><span class='ocrx_word' id='word_1_308' title='bbox 231 2892 348 2932; x_wconf 92' lang='lat' dir='ltr'><strong>non</strong></span> <span class='ocrx_word' id='word_1_309' title='bbox 384 2878 507 2932; x_wconf 90' lang='lat' dir='ltr'><strong>sine</strong></span> <span class='ocrx_word' id='word_1_310' title='bbox 533 2878 828 2933; x_wconf 88' lang='lat' dir='ltr'><strong>multorum</strong></span> <span class='ocrx_word' id='word_1_311' title='bbox 860 2894 1130 2934; x_wconf 92' lang='lat' dir='ltr'><strong>annorum</strong></span> <span class='ocrx_word' id='word_1_312' title='bbox 1153 2881 1402 2934; x_wconf 91' lang='lat' dir='ltr'><strong>cruciatu</strong></span> <span class='ocrx_word' id='word_1_313' title='bbox 1438 2895 1503 2935; x_wconf 90' lang='lat' dir='ltr'><strong>ac</strong></span> <span class='ocrx_word' id='word_1_314' title='bbox 1536 2881 1826 2952; x_wconf 91' lang='lat' dir='ltr'><strong>supplicio,</strong></span> 
     </span>
    </p>
   </div>
   <div class='ocr_carea' id='block_1_45' title="bbox 231 2969 1827 3042">
    <p class='ocr_par' dir='ltr' id='par_1_45' title="bbox 231 2969 1827 3042">
     <span class='ocr_line' id='line_1_45' title="bbox 231 2969 1827 3042; baseline 0.006 -24"><span class='ocrx_word' id='word_1_315' title='bbox 231 2983 430 3037; x_wconf 80' lang='lat' dir='ltr'><strong>pacem</strong></span> <span class='ocrx_word' id='word_1_316' title='bbox 461 2983 525 3022; x_wconf 88' lang='lat' dir='ltr'><strong>ac</strong></span> <span class='ocrx_word' id='word_1_317' title='bbox 556 2969 1055 3024; x_wconf 88' lang='lat' dir='ltr'><strong>reconciliationem</strong></span> <span class='ocrx_word' id='word_1_318' title='bbox 1090 2969 1313 3038; x_wconf 87' lang='lat' dir='ltr'><strong>fuerint,</strong></span> <span class='ocrx_word' id='word_1_319' title='bbox 1346 2987 1446 3025; x_wconf 92' lang='lat' dir='ltr'><strong>nec</strong></span> <span class='ocrx_word' id='word_1_320' title='bbox 1475 2972 1634 3027; x_wconf 91' lang='lat' dir='ltr'><strong>aliter</strong></span> <span class='ocrx_word' id='word_1_321' title='bbox 1665 2988 1827 3042; x_wconf 84' lang='lat' dir='ltr'><strong>quam</strong></span> 
     </span>
    </p>
   </div>
   <div class='ocr_carea' id='block_1_46' title="bbox 229 3059 1830 3134">
    <p class='ocr_par' dir='ltr' id='par_1_46' title="bbox 229 3059 1830 3134">
     <span class='ocr_line' id='line_1_46' title="bbox 229 3059 1830 3134; baseline 0.006 -25"><span class='ocrx_word' id='word_1_322' title='bbox 229 3059 456 3128; x_wconf 86' lang='lat' dir='ltr'><strong>publica</strong></span> <span class='ocrx_word' id='word_1_323' title='bbox 489 3061 830 3128; x_wconf 88' lang='lat' dir='ltr'><strong>poenitentia,</strong></span> <span class='ocrx_word' id='word_1_324' title='bbox 855 3062 1159 3126; x_wconf 86' lang='lat' dir='ltr'><strong>consecuti,</strong></span> <span class='ocrx_word' id='word_1_325' title='bbox 1193 3062 1268 3116; x_wconf 90' lang='lat' dir='ltr'><strong>illi</strong></span> <span class='ocrx_word' id='word_1_326' title='bbox 1307 3070 1658 3134; x_wconf 88' lang='lat' dir='ltr'><strong>posteaquam</strong></span> <span class='ocrx_word' id='word_1_327' title='bbox 1689 3064 1830 3134; x_wconf 76' lang='lat' dir='ltr'><strong>hanc</strong></span> 
     </span>
    </p>
   </div>
   <div class='ocr_carea' id='block_1_47' title="bbox 230 3149 1826 3223">
    <p class='ocr_par' dir='ltr' id='par_1_47' title="bbox 230 3149 1826 3223">
     <span class='ocr_line' id='line_1_47' title="bbox 230 3149 1826 3223; baseline 0.005 -23"><span class='ocrx_word' id='word_1_328' title='bbox 230 3149 513 3213; x_wconf 87' lang='lat' dir='ltr'><strong>obierant,</strong></span> <span class='ocrx_word' id='word_1_329' title='bbox 561 3158 785 3205; x_wconf 60' lang='lat' dir='ltr'><strong>secretae</strong></span> <span class='ocrx_word' id='word_1_330' title='bbox 829 3150 1163 3219; x_wconf 65' lang='lat' dir='ltr'><strong>poenitentiae</strong></span> <span class='ocrx_word' id='word_1_331' title='bbox 1207 3151 1470 3206; x_wconf 83' lang='lat' dir='ltr'><strong>beneflcio</strong></span> <span class='ocrx_word' id='word_1_332' title='bbox 1522 3153 1826 3223; x_wconf 84' lang='lat' dir='ltr'><strong>expeditam</strong></span> 
     </span>
    </p>
   </div>
   <div class='ocr_carea' id='block_1_48' title="bbox 235 3243 1832 3314">
    <p class='ocr_par' dir='ltr' id='par_1_48' title="bbox 235 3243 1832 3314">
     <span class='ocr_line' id='line_1_48' title="bbox 235 3243 1832 3314; baseline 0.001 -17"><span class='ocrx_word' id='word_1_333' title='bbox 235 3245 386 3297; x_wconf 80' lang='lat' dir='ltr'><strong>illam</strong></span> <span class='ocrx_word' id='word_1_334' title='bbox 420 3257 482 3296; x_wconf 89' lang='lat' dir='ltr'><strong>ac</strong></span> <span class='ocrx_word' id='word_1_335' title='bbox 507 3243 803 3312; x_wconf 87' lang='lat' dir='ltr'><strong>parabilem</strong></span> <span class='ocrx_word' id='word_1_336' title='bbox 837 3243 1148 3298; x_wconf 86' lang='lat' dir='ltr'><strong>habuerint.</strong></span> <span class='ocrx_word' id='word_1_337' title='bbox 1193 3243 1289 3298; x_wconf 85' lang='lat' dir='ltr'><strong>Sin</strong></span> <span class='ocrx_word' id='word_1_338' title='bbox 1333 3251 1438 3310; x_wconf 88' lang='lat' dir='ltr'><strong>est,</strong></span> <span class='ocrx_word' id='word_1_339' title='bbox 1476 3253 1534 3300; x_wconf 91' lang='lat' dir='ltr'><strong>ut</strong></span> <span class='ocrx_word' id='word_1_340' title='bbox 1561 3245 1628 3299; x_wconf 88' lang='lat' dir='ltr'><strong>ad</strong></span> <span class='ocrx_word' id='word_1_341' title='bbox 1660 3246 1832 3314; x_wconf 91' lang='lat' dir='ltr'><strong>publi-</strong></span> 
     </span>
    </p>
   </div>
   <div class='ocr_carea' id='block_1_49' title="bbox 239 3331 1830 3402">
    <p class='ocr_par' dir='ltr' id='par_1_49' title="bbox 239 3331 1830 3402">
     <span class='ocr_line' id='line_1_49' title="bbox 239 3331 1830 3402; baseline 0.003 -18"><span class='ocrx_word' id='word_1_342' title='bbox 239 3347 355 3384; x_wconf 82' lang='lat' dir='ltr'><strong>eam</strong></span> <span class='ocrx_word' id='word_1_343' title='bbox 386 3331 763 3400; x_wconf 72' lang='lat' dir='ltr'><strong>pmnitentiam</strong></span> <span class='ocrx_word' id='word_1_344' title='bbox 803 3331 925 3400; x_wconf 89' lang='lat' dir='ltr'><strong>cogi</strong></span> <span class='ocrx_word' id='word_1_345' title='bbox 966 3348 1075 3385; x_wconf 92' lang='lat' dir='ltr'><strong>non</strong></span> <span class='ocrx_word' id='word_1_346' title='bbox 1124 3331 1421 3401; x_wconf 85' lang='lat' dir='ltr'><strong>potuerint,</strong></span> <span class='ocrx_word' id='word_1_347' title='bbox 1453 3333 1548 3388; x_wconf 88' lang='lat' dir='ltr'><strong>sed</strong></span> <span class='ocrx_word' id='word_1_348' title='bbox 1578 3334 1830 3402; x_wconf 88' lang='lat' dir='ltr'><strong>precario</strong></span> 
     </span>
    </p>
   </div>
   <div class='ocr_carea' id='block_1_50' title="bbox 252 3421 1832 3491">
    <p class='ocr_par' dir='ltr' id='par_1_50' title="bbox 252 3421 1832 3491">
     <span class='ocr_line' id='line_1_50' title="bbox 252 3421 1832 3491; baseline 0.004 -19"><span class='ocrx_word' id='word_1_349' title='bbox 252 3421 426 3488; x_wconf 84' lang='lat' dir='ltr'><strong>potius</strong></span> <span class='ocrx_word' id='word_1_350' title='bbox 457 3421 605 3476; x_wconf 91' lang='lat' dir='ltr'><strong>illius</strong></span> <span class='ocrx_word' id='word_1_351' title='bbox 647 3429 971 3491; x_wconf 89' lang='lat' dir='ltr'><strong>potestatem</strong></span> <span class='ocrx_word' id='word_1_352' title='bbox 1017 3421 1450 3490; x_wconf 90' lang='lat' dir='ltr'><strong>impetraverint,</strong></span> <span class='ocrx_word' id='word_1_353' title='bbox 1498 3437 1598 3476; x_wconf 91' lang='lat' dir='ltr'><strong>cur</strong></span> <span class='ocrx_word' id='word_1_354' title='bbox 1640 3423 1695 3478; x_wconf 92' lang='lat' dir='ltr'><strong>in</strong></span> <span class='ocrx_word' id='word_1_355' title='bbox 1740 3423 1832 3479; x_wconf 94' lang='lat' dir='ltr'><strong>illo</strong></span> 
     </span>
    </p>
   </div>
   <div class='ocr_carea' id='block_1_51' title="bbox 243 3511 1836 3586">
    <p class='ocr_par' dir='ltr' id='par_1_51' title="bbox 243 3511 1836 3586">
     <span class='ocr_line' id='line_1_51' title="bbox 243 3511 1836 3586; baseline 0.004 -20"><span class='ocrx_word' id='word_1_356' title='bbox 243 3513 362 3581; x_wconf 85' lang='lat' dir='ltr'><strong>ipso</strong></span> <span class='ocrx_word' id='word_1_357' title='bbox 394 3511 472 3566; x_wconf 83' lang='lat' dir='ltr'><strong>De</strong></span> <span class='ocrx_word' id='word_1_358' title='bbox 511 3514 816 3582; x_wconf 75' lang='lat' dir='ltr'><strong>pwnitentia</strong></span> <span class='ocrx_word' id='word_1_359' title='bbox 857 3513 996 3568; x_wconf 87' lang='lat' dir='ltr'><strong>libro</strong></span> <span class='ocrx_word' id='word_1_360' title='bbox 1025 3511 1397 3569; x_wconf 87' lang='lat' dir='ltr'><strong>Tertullianus</strong></span> <span class='ocrx_word' id='word_1_361' title='bbox 1433 3521 1542 3568; x_wconf 87' lang='lat' dir='ltr'><strong>tam</strong></span> <span class='ocrx_word' id='word_1_362' title='bbox 1588 3515 1836 3586; x_wconf 85' lang='lat' dir='ltr'><strong>impense</strong></span> 
     </span>
    </p>
   </div>
   <div class='ocr_carea' id='block_1_52' title="bbox 237 3603 1834 3676">
    <p class='ocr_par' dir='ltr' id='par_1_52' title="bbox 237 3603 1834 3676">
     <span class='ocr_line' id='line_1_52' title="bbox 237 3603 1834 3676; baseline 0.004 -22"><span class='ocrx_word' id='word_1_363' title='bbox 237 3603 307 3656; x_wconf 85' lang='lat' dir='ltr'><strong>ad</strong></span> <span class='ocrx_word' id='word_1_364' title='bbox 352 3617 473 3657; x_wconf 88' lang='lat' dir='ltr'><strong>eam</strong></span> <span class='ocrx_word' id='word_1_365' title='bbox 510 3603 902 3672; x_wconf 83' lang='lat' dir='ltr'><strong>capessendam</strong></span> <span class='ocrx_word' id='word_1_366' title='bbox 935 3604 1183 3658; x_wconf 86' lang='lat' dir='ltr'><strong>hortatus</strong></span> <span class='ocrx_word' id='word_1_367' title='bbox 1235 3604 1353 3659; x_wconf 80' lang='lat' dir='ltr'><strong>est?</strong></span> <span class='ocrx_word' id='word_1_368' title='bbox 1394 3619 1494 3660; x_wconf 93' lang='lat' dir='ltr'><strong>cur</strong></span> <span class='ocrx_word' id='word_1_369' title='bbox 1544 3606 1834 3676; x_wconf 88' lang='lat' dir='ltr'><strong>plerosque</strong></span> 
     </span>
    </p>
   </div>
   <div class='ocr_carea' id='block_1_53' title="bbox 235 3694 1835 3767">
    <p class='ocr_par' dir='ltr' id='par_1_53' title="bbox 235 3694 1835 3767">
     <span class='ocr_line' id='line_1_53' title="bbox 235 3694 1835 3767; baseline 0.002 -18"><span class='ocrx_word' id='word_1_370' title='bbox 235 3695 592 3764; x_wconf 84' lang='lat' dir='ltr'><strong>tergiversari</strong></span> <span class='ocrx_word' id='word_1_371' title='bbox 619 3711 682 3750; x_wconf 88' lang='lat' dir='ltr'><strong>ac</strong></span> <span class='ocrx_word' id='word_1_372' title='bbox 723 3694 981 3765; x_wconf 87' lang='lat' dir='ltr'><strong>defugere</strong></span> <span class='ocrx_word' id='word_1_373' title='bbox 1027 3695 1312 3765; x_wconf 86' lang='lat' dir='ltr'><strong>queritur?</strong></span> <span class='ocrx_word' id='word_1_374' title='bbox 1341 3711 1440 3750; x_wconf 90' lang='lat' dir='ltr'><strong>cur</strong></span> <span class='ocrx_word' id='word_1_375' title='bbox 1475 3698 1738 3767; x_wconf 80' lang='lat' dir='ltr'><strong>exemplis</strong></span> <span class='ocrx_word' id='word_1_376' title='bbox 1781 3705 1835 3752; x_wconf 89' lang='lat' dir='ltr'><strong>et</strong></span> 
     </span>
    </p>
   </div>
   <div class='ocr_carea' id='block_1_54' title="bbox 239 3787 1836 3859">
    <p class='ocr_par' dir='ltr' id='par_1_54' title="bbox 239 3787 1836 3859">
     <span class='ocr_line' id='line_1_54' title="bbox 239 3787 1836 3859; baseline -0.001 -15"><span class='ocrx_word' id='word_1_377' title='bbox 239 3787 570 3854; x_wconf 79' lang='lat' dir='ltr'><strong>rationibus,</strong></span> <span class='ocrx_word' id='word_1_378' title='bbox 609 3795 667 3841; x_wconf 90' lang='lat' dir='ltr'><strong>ut</strong></span> <span class='ocrx_word' id='word_1_379' title='bbox 695 3787 785 3841; x_wconf 89' lang='lat' dir='ltr'><strong>illa</strong></span> <span class='ocrx_word' id='word_1_380' title='bbox 808 3788 986 3843; x_wconf 76' lang='lat' dir='ltr'><strong>‘velint</strong></span> <span class='ocrx_word' id='word_1_381' title='bbox 1022 3788 1120 3852; x_wconf 90' lang='lat' dir='ltr'><strong>uti,</strong></span> <span class='ocrx_word' id='word_1_382' title='bbox 1172 3796 1282 3842; x_wconf 90' lang='lat' dir='ltr'><strong>tam</strong></span> <span class='ocrx_word' id='word_1_383' title='bbox 1315 3789 1474 3844; x_wconf 80' lang='lat' dir='ltr'><strong>enixe</strong></span> <span class='ocrx_word' id='word_1_384' title='bbox 1509 3790 1836 3859; x_wconf 86' lang='lat' dir='ltr'><strong>persuadet?</strong></span> 
     </span>
    </p>
   </div>
   <div class='ocr_carea' id='block_1_55' title="bbox 232 3877 1831 3949">
    <p class='ocr_par' dir='ltr' id='par_1_55' title="bbox 232 3877 1831 3949">
     <span class='ocr_line' id='line_1_55' title="bbox 232 3877 1831 3949; baseline 0.004 -19"><span class='ocrx_word' id='word_1_385' title='bbox 232 3877 378 3930; x_wconf 82' lang='lat' dir='ltr'><strong>Nam</strong></span> <span class='ocrx_word' id='word_1_386' title='bbox 414 3885 534 3947; x_wconf 90' lang='lat' dir='ltr'><strong>post</strong></span> <span class='ocrx_word' id='word_1_387' title='bbox 585 3877 696 3937; x_wconf 91' lang='lat' dir='ltr'><strong>illa,</strong></span> <span class='ocrx_word' id='word_1_388' title='bbox 732 3892 852 3948; x_wconf 70' lang='lat' dir='ltr'><strong>qua:</strong></span> <span class='ocrx_word' id='word_1_389' title='bbox 893 3885 1052 3932; x_wconf 87' lang='lat' dir='ltr'><strong>antea</strong></span> <span class='ocrx_word' id='word_1_390' title='bbox 1093 3878 1278 3943; x_wconf 90' lang='lat' dir='ltr'><strong>citavi,</strong></span> <span class='ocrx_word' id='word_1_391' title='bbox 1331 3881 1515 3934; x_wconf 91' lang='lat' dir='ltr'><strong>statim</strong></span> <span class='ocrx_word' id='word_1_392' title='bbox 1564 3881 1831 3949; x_wconf 85' lang='lat' dir='ltr'><strong>subjicit:</strong></span> 
     </span>
    </p>
   </div>
   <div class='ocr_carea' id='block_1_56' title="bbox 232 3968 1836 4039">
    <p class='ocr_par' dir='ltr' id='par_1_56' title="bbox 232 3968 1836 4039">
     <span class='ocr_line' id='line_1_56' title="bbox 232 3968 1836 4039; baseline 0.003 -17"><span class='ocrx_word' id='word_1_393' title='bbox 232 3968 534 4038; x_wconf 80' lang='lat' dir='ltr'><strong>Plerosque</strong></span> <span class='ocrx_word' id='word_1_394' title='bbox 564 3979 737 4023; x_wconf 85' lang='lat' dir='ltr'><strong>tamen</strong></span> <span class='ocrx_word' id='word_1_395' title='bbox 766 3969 860 4022; x_wconf 87' lang='lat' dir='ltr'><strong>hoc</strong></span> <span class='ocrx_word' id='word_1_396' title='bbox 892 3985 1043 4039; x_wconf 85' lang='lat' dir='ltr'><strong>opus,</strong></span> <span class='ocrx_word' id='word_1_397' title='bbox 1076 3978 1135 4024; x_wconf 79' lang='lat' dir='ltr'><strong>ut</strong></span> <span class='ocrx_word' id='word_1_398' title='bbox 1159 3969 1566 4038; x_wconf 81' lang='lat' dir='ltr'><strong>publicationem</strong></span> <span class='ocrx_word' id='word_1_399' title='bbox 1603 3974 1706 4036; x_wconf 83' lang='lat' dir='ltr'><strong>sui,</strong></span> <span class='ocrx_word' id='word_1_400' title='bbox 1743 3983 1836 4027; x_wconf 87' lang='lat' dir='ltr'><strong>aut</strong></span> 
     </span>
    </p>
   </div>
   <div class='ocr_carea' id='block_1_57' title="bbox 233 4059 1836 4135">
    <p class='ocr_par' dir='ltr' id='par_1_57' title="bbox 233 4059 1836 4135">
     <span class='ocr_line' id='line_1_57' title="bbox 233 4059 1836 4135; baseline 0.003 -21"><span class='ocrx_word' id='word_1_401' title='bbox 233 4059 530 4128; x_wconf 66' lang='lat' dir='ltr'><strong>tit/fugere,</strong></span> <span class='ocrx_word' id='word_1_402' title='bbox 561 4069 654 4112; x_wconf 86' lang='lat' dir='ltr'><strong>aut</strong></span> <span class='ocrx_word' id='word_1_403' title='bbox 687 4062 750 4114; x_wconf 85' lang='lat' dir='ltr'><strong>de</strong></span> <span class='ocrx_word' id='word_1_404' title='bbox 787 4061 872 4114; x_wconf 86' lang='lat' dir='ltr'><strong>die</strong></span> <span class='ocrx_word' id='word_1_405' title='bbox 906 4061 962 4114; x_wconf 88' lang='lat' dir='ltr'><strong>in</strong></span> <span class='ocrx_word' id='word_1_406' title='bbox 996 4060 1134 4114; x_wconf 87' lang='lat' dir='ltr'><strong>diem</strong></span> <span class='ocrx_word' id='word_1_407' title='bbox 1163 4061 1380 4130; x_wconf 79' lang='lat' dir='ltr'><strong>diﬂ&#39;erre</strong></span> <span class='ocrx_word' id='word_1_408' title='bbox 1414 4079 1700 4131; x_wconf 78' lang='lat' dir='ltr'><strong>prtesumo,</strong></span> <span class='ocrx_word' id='word_1_409' title='bbox 1736 4083 1836 4135; x_wconf 90' lang='lat' dir='ltr'><strong>pu-</strong></span> 
     </span>
    </p>
   </div>
   <div class='ocr_carea' id='block_1_58' title="bbox 230 4153 1835 4223">
    <p class='ocr_par' dir='ltr' id='par_1_58' title="bbox 230 4153 1835 4223">
     <span class='ocr_line' id='line_1_58' title="bbox 230 4153 1835 4223; baseline 0.005 -19"><span class='ocrx_word' id='word_1_410' title='bbox 230 4154 392 4206; x_wconf 80' lang='lat' dir='ltr'><strong>doris</strong></span> <span class='ocrx_word' id='word_1_411' title='bbox 426 4153 589 4222; x_wconf 81' lang='lat' dir='ltr'><strong>magis</strong></span> <span class='ocrx_word' id='word_1_412' title='bbox 621 4169 873 4206; x_wconf 58' lang='lat' dir='ltr'><strong>memoras</strong></span> <span class='ocrx_word' id='word_1_413' title='bbox 921 4169 1079 4223; x_wconf 90' lang='lat' dir='ltr'><strong>quam</strong></span> <span class='ocrx_word' id='word_1_414' title='bbox 1115 4153 1330 4207; x_wconf 86' lang='lat' dir='ltr'><strong>salutis.</strong></span> <span class='ocrx_word' id='word_1_415' title='bbox 1369 4153 1522 4208; x_wconf 85' lang='lat' dir='ltr'><strong>Facit</strong></span> <span class='ocrx_word' id='word_1_416' title='bbox 1561 4156 1750 4210; x_wconf 87' lang='lat' dir='ltr'><strong>eodem</strong></span> <span class='ocrx_word' id='word_1_417' title='bbox 1781 4163 1835 4212; x_wconf 88' lang='lat' dir='ltr'><strong>et</strong></span> 
     </span>
    </p>
   </div>
   <div class='ocr_carea' id='block_1_59' title="bbox 233 4242 1831 4314">
    <p class='ocr_par' dir='ltr' id='par_1_59' title="bbox 233 4242 1831 4314">
     <span class='ocr_line' id='line_1_59' title="bbox 233 4242 1831 4314; baseline 0.001 -15"><span class='ocrx_word' id='word_1_418' title='bbox 233 4246 334 4299; x_wconf 90' lang='lat' dir='ltr'><strong>ille</strong></span> <span class='ocrx_word' id='word_1_419' title='bbox 358 4245 534 4309; x_wconf 89' lang='lat' dir='ltr'><strong>locus,</strong></span> <span class='ocrx_word' id='word_1_420' title='bbox 559 4259 718 4314; x_wconf 89' lang='lat' dir='ltr'><strong>quem</strong></span> <span class='ocrx_word' id='word_1_421' title='bbox 743 4252 936 4298; x_wconf 89' lang='lat' dir='ltr'><strong>auctor</strong></span> <span class='ocrx_word' id='word_1_422' title='bbox 960 4242 1187 4297; x_wconf 79' lang='lat' dir='ltr'><strong>adduxit</strong></span> <span class='ocrx_word' id='word_1_423' title='bbox 1216 4260 1246 4299; x_wconf 91' lang='lat' dir='ltr'><strong>e</strong></span> <span class='ocrx_word' id='word_1_424' title='bbox 1274 4244 1598 4299; x_wconf 89' lang='lat' dir='ltr'><strong>duodecimo</strong></span> <span class='ocrx_word' id='word_1_425' title='bbox 1623 4245 1831 4314; x_wconf 89' lang='lat' dir='ltr'><strong>capite:</strong></span> 
     </span>
    </p>
   </div>
   <div class='ocr_carea' id='block_1_60' title="bbox 238 4336 1834 4407">
    <p class='ocr_par' dir='ltr' id='par_1_60' title="bbox 238 4336 1834 4407">
     <span class='ocr_line' id='line_1_60' title="bbox 238 4336 1834 4407; baseline 0.001 -15"><span class='ocrx_word' id='word_1_426' title='bbox 238 4336 426 4406; x_wconf 82' lang='lat' dir='ltr'><strong>Igitur</strong></span> <span class='ocrx_word' id='word_1_427' title='bbox 457 4353 573 4389; x_wconf 88' lang='lat' dir='ltr'><strong>cum</strong></span> <span class='ocrx_word' id='word_1_428' title='bbox 600 4337 760 4402; x_wconf 81' lang='lat' dir='ltr'><strong>scias,</strong></span> <span class='ocrx_word' id='word_1_429' title='bbox 796 4336 1044 4390; x_wconf 84' lang='lat' dir='ltr'><strong>adversus</strong></span> <span class='ocrx_word' id='word_1_430' title='bbox 1072 4337 1360 4407; x_wconf 83' lang='lat' dir='ltr'><strong>gehennam</strong></span> <span class='ocrx_word' id='word_1_431' title='bbox 1390 4346 1509 4406; x_wconf 85' lang='lat' dir='ltr'><strong>post</strong></span> <span class='ocrx_word' id='word_1_432' title='bbox 1535 4339 1710 4406; x_wconf 81' lang='lat' dir='ltr'><strong>prima</strong></span> <span class='ocrx_word' id='word_1_433' title='bbox 1738 4339 1834 4393; x_wconf 88' lang='lat' dir='ltr'><strong>illa</strong></span> 
     </span>
    </p>
   </div>
   <div class='ocr_carea' id='block_1_61' title="bbox 237 4429 1832 4494">
    <p class='ocr_par' dir='ltr' id='par_1_61' title="bbox 237 4429 1832 4494">
     <span class='ocr_line' id='line_1_61' title="bbox 237 4429 1832 4494; baseline 0.002 -11"><span class='ocrx_word' id='word_1_434' title='bbox 237 4430 575 4483; x_wconf 87' lang='lat' dir='ltr'><strong>intinctionis</strong></span> <span class='ocrx_word' id='word_1_435' title='bbox 607 4429 898 4484; x_wconf 67' lang='lat' dir='ltr'><strong>Dominicis</strong></span> <span class='ocrx_word' id='word_1_436' title='bbox 933 4431 1277 4494; x_wconf 88' lang='lat' dir='ltr'><strong>monimenta,</strong></span> <span class='ocrx_word' id='word_1_437' title='bbox 1309 4447 1420 4486; x_wconf 85' lang='lat' dir='ltr'><strong>esse</strong></span> <span class='ocrx_word' id='word_1_438' title='bbox 1449 4430 1620 4486; x_wconf 86' lang='lat' dir='ltr'><strong>adhuc</strong></span> <span class='ocrx_word' id='word_1_439' title='bbox 1656 4434 1707 4486; x_wconf 87' lang='lat' dir='ltr'><strong>in</strong></span> <span class='ocrx_word' id='word_1_440' title='bbox 1741 4449 1832 4488; x_wconf 77' lang='lat' dir='ltr'><strong>ex-</strong></span> 
     </span>
    </p>
   </div>
   <div class='ocr_carea' id='block_1_62' title="bbox 1927 1969 3517 2042">
    <p class='ocr_par' dir='ltr' id='par_1_62' title="bbox 1927 1969 3517 2042">
     <span class='ocr_line' id='line_1_62' title="bbox 1927 1969 3517 2042; baseline -0.003 -14"><span class='ocrx_word' id='word_1_441' title='bbox 1927 1973 2140 2037; x_wconf 90' lang='lat' dir='ltr'><strong>scribit,</strong></span> <span class='ocrx_word' id='word_1_442' title='bbox 2182 1988 2412 2042; x_wconf 90' lang='lat' dir='ltr'><strong>quorum</strong></span> <span class='ocrx_word' id='word_1_443' title='bbox 2465 1972 2681 2042; x_wconf 86' lang='lat' dir='ltr'><strong>publica</strong></span> <span class='ocrx_word' id='word_1_444' title='bbox 2720 1971 3039 2042; x_wconf 79' lang='lat' dir='ltr'><strong>pcenitentia</strong></span> <span class='ocrx_word' id='word_1_445' title='bbox 3092 1986 3200 2025; x_wconf 91' lang='lat' dir='ltr'><strong>non</strong></span> <span class='ocrx_word' id='word_1_446' title='bbox 3248 1969 3385 2033; x_wconf 90' lang='lat' dir='ltr'><strong>fuit,</strong></span> <span class='ocrx_word' id='word_1_447' title='bbox 3424 1969 3517 2024; x_wconf 89' lang='lat' dir='ltr'><strong>sed</strong></span> 
     </span>
    </p>
   </div>
   <div class='ocr_carea' id='block_1_63' title="bbox 1925 2062 3516 2135">
    <p class='ocr_par' dir='ltr' id='par_1_63' title="bbox 1925 2062 3516 2135">
     <span class='ocr_line' id='line_1_63' title="bbox 1925 2062 3516 2135; baseline -0.004 -15"><span class='ocrx_word' id='word_1_448' title='bbox 1925 2065 2090 2120; x_wconf 88' lang='lat' dir='ltr'><strong>etiam</strong></span> <span class='ocrx_word' id='word_1_449' title='bbox 2123 2065 2250 2135; x_wconf 90' lang='lat' dir='ltr'><strong>quia</strong></span> <span class='ocrx_word' id='word_1_450' title='bbox 2281 2065 2620 2134; x_wconf 88' lang='lat' dir='ltr'><strong>temporibus</strong></span> <span class='ocrx_word' id='word_1_451' title='bbox 2661 2065 2771 2120; x_wconf 91' lang='lat' dir='ltr'><strong>illis</strong></span> <span class='ocrx_word' id='word_1_452' title='bbox 2821 2063 3094 2119; x_wconf 87' lang='lat' dir='ltr'><strong>recentior</strong></span> <span class='ocrx_word' id='word_1_453' title='bbox 3129 2072 3232 2120; x_wconf 90' lang='lat' dir='ltr'><strong>est.</strong></span> <span class='ocrx_word' id='word_1_454' title='bbox 3265 2062 3343 2116; x_wconf 80' lang='lat' dir='ltr'><strong>Ex</strong></span> <span class='ocrx_word' id='word_1_455' title='bbox 3373 2063 3516 2117; x_wconf 87' lang='lat' dir='ltr'><strong>anti-</strong></span> 
     </span>
    </p>
   </div>
   <div class='ocr_carea' id='block_1_64' title="bbox 1925 2155 3518 2225">
    <p class='ocr_par' dir='ltr' id='par_1_64' title="bbox 1925 2155 3518 2225">
     <span class='ocr_line' id='line_1_64' title="bbox 1925 2155 3518 2225; baseline 0 -17"><span class='ocrx_word' id='word_1_456' title='bbox 1925 2157 2050 2224; x_wconf 90' lang='lat' dir='ltr'><strong>quis</strong></span> <span class='ocrx_word' id='word_1_457' title='bbox 2101 2171 2232 2211; x_wconf 89' lang='lat' dir='ltr'><strong>sane</strong></span> <span class='ocrx_word' id='word_1_458' title='bbox 2270 2157 2574 2212; x_wconf 89' lang='lat' dir='ltr'><strong>canonibus</strong></span> <span class='ocrx_word' id='word_1_459' title='bbox 2616 2157 2821 2222; x_wconf 88' lang='lat' dir='ltr'><strong>nullus,</strong></span> <span class='ocrx_word' id='word_1_460' title='bbox 2864 2156 2958 2225; x_wconf 88' lang='lat' dir='ltr'><strong>qui</strong></span> <span class='ocrx_word' id='word_1_461' title='bbox 3007 2155 3228 2224; x_wconf 90' lang='lat' dir='ltr'><strong>quidem</strong></span> <span class='ocrx_word' id='word_1_462' title='bbox 3277 2155 3518 2223; x_wconf 73' lang='lat' dir='ltr'><strong>probata:</strong></span> 
     </span>
    </p>
   </div>
   <div class='ocr_carea' id='block_1_65' title="bbox 1929 2242 3518 2314">
    <p class='ocr_par' dir='ltr' id='par_1_65' title="bbox 1929 2242 3518 2314">
     <span class='ocr_line' id='line_1_65' title="bbox 1929 2242 3518 2314; baseline -0.001 -16"><span class='ocrx_word' id='word_1_463' title='bbox 1929 2244 2050 2299; x_wconf 85' lang='lat' dir='ltr'><strong>fidei</strong></span> <span class='ocrx_word' id='word_1_464' title='bbox 2081 2255 2247 2311; x_wconf 89' lang='lat' dir='ltr'><strong>esset,</strong></span> <span class='ocrx_word' id='word_1_465' title='bbox 2283 2245 2628 2309; x_wconf 89' lang='lat' dir='ltr'><strong>occurrebat,</strong></span> <span class='ocrx_word' id='word_1_466' title='bbox 2662 2245 2754 2314; x_wconf 93' lang='lat' dir='ltr'><strong>qui</strong></span> <span class='ocrx_word' id='word_1_467' title='bbox 2787 2244 3104 2298; x_wconf 89' lang='lat' dir='ltr'><strong>nominatim</strong></span> <span class='ocrx_word' id='word_1_468' title='bbox 3134 2242 3374 2312; x_wconf 73' lang='lat' dir='ltr'><strong>periurio</strong></span> <span class='ocrx_word' id='word_1_469' title='bbox 3403 2258 3518 2313; x_wconf 77' lang='lat' dir='ltr'><strong>pa:-</strong></span> 
     </span>
    </p>
   </div>
   <div class='ocr_carea' id='block_1_66' title="bbox 1927 2332 3518 2406">
    <p class='ocr_par' dir='ltr' id='par_1_66' title="bbox 1927 2332 3518 2406">
     <span class='ocr_line' id='line_1_66' title="bbox 1927 2332 3518 2406; baseline -0.002 -16"><span class='ocrx_word' id='word_1_470' title='bbox 1927 2351 2028 2391; x_wconf 90' lang='lat' dir='ltr'><strong>nas</strong></span> <span class='ocrx_word' id='word_1_471' title='bbox 2057 2336 2376 2390; x_wconf 88' lang='lat' dir='ltr'><strong>decerneret</strong></span> <span class='ocrx_word' id='word_1_472' title='bbox 2409 2355 2420 2390; x_wconf 93' lang='lat'><strong>:</strong></span> <span class='ocrx_word' id='word_1_473' title='bbox 2453 2352 2630 2406; x_wconf 90' lang='lat' dir='ltr'><strong>neque</strong></span> <span class='ocrx_word' id='word_1_474' title='bbox 2662 2336 2713 2391; x_wconf 92' lang='lat' dir='ltr'><strong>id</strong></span> <span class='ocrx_word' id='word_1_475' title='bbox 2750 2344 2931 2389; x_wconf 88' lang='lat' dir='ltr'><strong>tamen</strong></span> <span class='ocrx_word' id='word_1_476' title='bbox 2971 2342 3121 2389; x_wconf 88' lang='lat' dir='ltr'><strong>certo</strong></span> <span class='ocrx_word' id='word_1_477' title='bbox 3148 2332 3518 2402; x_wconf 79' lang='lat' dir='ltr'><strong>allirmateque</strong></span> 
     </span>
    </p>
   </div>
   <div class='ocr_carea' id='block_1_67' title="bbox 1927 2425 3516 2497">
    <p class='ocr_par' dir='ltr' id='par_1_67' title="bbox 1927 2425 3516 2497">
     <span class='ocr_line' id='line_1_67' title="bbox 1927 2425 3516 2497; baseline -0.001 -17"><span class='ocrx_word' id='word_1_478' title='bbox 1927 2427 2062 2490; x_wconf 79' lang='lat' dir='ltr'><strong>disi,</strong></span> <span class='ocrx_word' id='word_1_479' title='bbox 2107 2425 2202 2482; x_wconf 89' lang='lat' dir='ltr'><strong>sed</strong></span> <span class='ocrx_word' id='word_1_480' title='bbox 2257 2426 2311 2480; x_wconf 93' lang='lat' dir='ltr'><strong>in</strong></span> <span class='ocrx_word' id='word_1_481' title='bbox 2346 2427 2650 2497; x_wconf 80' lang='lat' dir='ltr'><strong>exemplum</strong></span> <span class='ocrx_word' id='word_1_482' title='bbox 2701 2435 2912 2481; x_wconf 89' lang='lat' dir='ltr'><strong>tantum</strong></span> <span class='ocrx_word' id='word_1_483' title='bbox 2962 2426 3117 2479; x_wconf 88' lang='lat' dir='ltr'><strong>attuli</strong></span> <span class='ocrx_word' id='word_1_484' title='bbox 3163 2434 3516 2496; x_wconf 76' lang='lat' dir='ltr'><strong>peccatorum</strong></span> 
     </span>
    </p>
   </div>
   <div class='ocr_carea' id='block_1_68' title="bbox 1924 2516 3518 2587">
    <p class='ocr_par' dir='ltr' id='par_1_68' title="bbox 1924 2516 3518 2587">
     <span class='ocr_line' id='line_1_68' title="bbox 1924 2516 3518 2587; baseline 0 -19"><span class='ocrx_word' id='word_1_485' title='bbox 1924 2516 2193 2587; x_wconf 84' lang='lat' dir='ltr'><strong>gravium,</strong></span> <span class='ocrx_word' id='word_1_486' title='bbox 2223 2517 2422 2586; x_wconf 91' lang='lat' dir='ltr'><strong>quibus</strong></span> <span class='ocrx_word' id='word_1_487' title='bbox 2453 2519 2731 2571; x_wconf 68' lang='lat' dir='ltr'><strong>canonica:</strong></span> <span class='ocrx_word' id='word_1_488' title='bbox 2773 2517 2936 2570; x_wconf 81' lang='lat' dir='ltr'><strong>null-.e</strong></span> <span class='ocrx_word' id='word_1_489' title='bbox 2985 2530 3160 2586; x_wconf 78' lang='lat' dir='ltr'><strong>pcenae</strong></span> <span class='ocrx_word' id='word_1_490' title='bbox 3207 2516 3518 2570; x_wconf 78' lang='lat' dir='ltr'><strong>constituta:</strong></span> 
     </span>
    </p>
   </div>
   <div class='ocr_carea' id='block_1_69' title="bbox 1927 2605 3516 2665">
    <p class='ocr_par' dir='ltr' id='par_1_69' title="bbox 1927 2605 3516 2665">
     <span class='ocr_line' id='line_1_69' title="bbox 1927 2605 3516 2665; baseline -0.003 -2"><span class='ocrx_word' id='word_1_491' title='bbox 1927 2608 2198 2665; x_wconf 88' lang='lat' dir='ltr'><strong>videntur.</strong></span> <span class='ocrx_word' id='word_1_492' title='bbox 2253 2608 2478 2665; x_wconf 86' lang='lat' dir='ltr'><strong>Poteras</strong></span> <span class='ocrx_word' id='word_1_493' title='bbox 2542 2609 2870 2665; x_wconf 85' lang='lat' dir='ltr'><strong>llerdenscm</strong></span> <span class='ocrx_word' id='word_1_494' title='bbox 2921 2623 3187 2662; x_wconf 88' lang='lat' dir='ltr'><strong>canonem</strong></span> <span class='ocrx_word' id='word_1_495' title='bbox 3247 2608 3278 2660; x_wconf 87' lang='grc'><strong>’7</strong></span> <span class='ocrx_word' id='word_1_496' title='bbox 3342 2605 3516 2661; x_wconf 85' lang='lat' dir='ltr'><strong>Tibu-</strong></span> 
     </span>
    </p>
   </div>
   <div class='ocr_carea' id='block_1_70' title="bbox 1928 2697 3519 2771">
    <p class='ocr_par' dir='ltr' id='par_1_70' title="bbox 1928 2697 3519 2771">
     <span class='ocr_line' id='line_1_70' title="bbox 1928 2697 3519 2771; baseline -0.002 -18"><span class='ocrx_word' id='word_1_497' title='bbox 1928 2700 2096 2756; x_wconf 87' lang='lat' dir='ltr'><strong>riensi</strong></span> <span class='ocrx_word' id='word_1_498' title='bbox 2128 2700 2195 2755; x_wconf 92' lang='lat' dir='ltr'><strong>ad</strong></span> <span class='ocrx_word' id='word_1_499' title='bbox 2230 2701 2570 2771; x_wconf 87' lang='lat' dir='ltr'><strong>propositum</strong></span> <span class='ocrx_word' id='word_1_500' title='bbox 2607 2709 2762 2754; x_wconf 90' lang='lat' dir='ltr'><strong>tuum</strong></span> <span class='ocrx_word' id='word_1_501' title='bbox 2796 2699 3058 2770; x_wconf 90' lang='lat' dir='ltr'><strong>aptiorem</strong></span> <span class='ocrx_word' id='word_1_502' title='bbox 3087 2697 3359 2769; x_wconf 89' lang='lat' dir='ltr'><strong>proferre;</strong></span> <span class='ocrx_word' id='word_1_503' title='bbox 3396 2713 3519 2751; x_wconf 91' lang='lat' dir='ltr'><strong>nam</strong></span> 
     </span>
    </p>
   </div>
   <div class='ocr_carea' id='block_1_71' title="bbox 1929 2789 3523 2862">
    <p class='ocr_par' dir='ltr' id='par_1_71' title="bbox 1929 2789 3523 2862">
     <span class='ocr_line' id='line_1_71' title="bbox 1929 2789 3523 2862; baseline -0.003 -17"><span class='ocrx_word' id='word_1_504' title='bbox 1929 2791 2024 2862; x_wconf 85' lang='lat' dir='ltr'><strong>qui</strong></span> <span class='ocrx_word' id='word_1_505' title='bbox 2056 2806 2122 2846; x_wconf 81' lang='lat' dir='ltr'><strong>ex</strong></span> <span class='ocrx_word' id='word_1_506' title='bbox 2164 2790 2426 2847; x_wconf 84' lang='lat' dir='ltr'><strong>Gratiano</strong></span> <span class='ocrx_word' id='word_1_507' title='bbox 2474 2799 2527 2846; x_wconf 91' lang='lat' dir='ltr'><strong>et</strong></span> <span class='ocrx_word' id='word_1_508' title='bbox 2574 2789 2738 2846; x_wconf 87' lang='lat' dir='ltr'><strong>lvone</strong></span> <span class='ocrx_word' id='word_1_509' title='bbox 2789 2799 3312 2853; x_wconf 87' lang='lat' dir='ltr'><strong>commemorantur,</strong></span> <span class='ocrx_word' id='word_1_510' title='bbox 3352 2791 3523 2860; x_wconf 79' lang='lat' dir='ltr'><strong>Euty-</strong></span> 
     </span>
    </p>
   </div>
   <div class='ocr_carea' id='block_1_72' title="bbox 1930 2878 3524 2952">
    <p class='ocr_par' dir='ltr' id='par_1_72' title="bbox 1930 2878 3524 2952">
     <span class='ocr_line' id='line_1_72' title="bbox 1930 2878 3524 2952; baseline -0.004 -16"><span class='ocrx_word' id='word_1_511' title='bbox 1930 2881 2111 2936; x_wconf 90' lang='lat' dir='ltr'><strong>chiani</strong></span> <span class='ocrx_word' id='word_1_512' title='bbox 2141 2882 2228 2936; x_wconf 89' lang='lat' dir='ltr'><strong>vel</strong></span> <span class='ocrx_word' id='word_1_513' title='bbox 2260 2881 2485 2937; x_wconf 85' lang='lat' dir='ltr'><strong>Fabiani</strong></span> <span class='ocrx_word' id='word_1_514' title='bbox 2515 2897 2687 2952; x_wconf 76' lang='lat' dir='ltr'><strong>papze,</strong></span> <span class='ocrx_word' id='word_1_515' title='bbox 2717 2889 2846 2948; x_wconf 90' lang='lat' dir='ltr'><strong>etc.,</strong></span> <span class='ocrx_word' id='word_1_516' title='bbox 2897 2882 3051 2952; x_wconf 89' lang='lat' dir='ltr'><strong>longe</strong></span> <span class='ocrx_word' id='word_1_517' title='bbox 3081 2881 3352 2935; x_wconf 90' lang='lat' dir='ltr'><strong>citerioris</strong></span> <span class='ocrx_word' id='word_1_518' title='bbox 3383 2878 3524 2931; x_wconf 88' lang='lat' dir='ltr'><strong>anti-</strong></span> 
     </span>
    </p>
   </div>
   <div class='ocr_carea' id='block_1_73' title="bbox 1931 2968 3522 3040">
    <p class='ocr_par' dir='ltr' id='par_1_73' title="bbox 1931 2968 3522 3040">
     <span class='ocr_line' id='line_1_73' title="bbox 1931 2968 3522 3040; baseline -0.003 -15"><span class='ocrx_word' id='word_1_519' title='bbox 1931 2972 2156 3040; x_wconf 91' lang='lat' dir='ltr'><strong>quitatis</strong></span> <span class='ocrx_word' id='word_1_520' title='bbox 2185 2971 2456 3026; x_wconf 89' lang='lat' dir='ltr'><strong>videntur.</strong></span> <span class='ocrx_word' id='word_1_521' title='bbox 2496 2972 2720 3035; x_wconf 78' lang='lat' dir='ltr'><strong>Verum,</strong></span> <span class='ocrx_word' id='word_1_522' title='bbox 2754 2971 2832 3024; x_wconf 89' lang='lat' dir='ltr'><strong>uti</strong></span> <span class='ocrx_word' id='word_1_523' title='bbox 2871 2970 3004 3032; x_wconf 82' lang='lat' dir='ltr'><strong>dixi,</strong></span> <span class='ocrx_word' id='word_1_524' title='bbox 3037 2969 3102 3023; x_wconf 87' lang='lat' dir='ltr'><strong>de</strong></span> <span class='ocrx_word' id='word_1_525' title='bbox 3147 2983 3211 3022; x_wconf 88' lang='lat' dir='ltr'><strong>ea</strong></span> <span class='ocrx_word' id='word_1_526' title='bbox 3256 2983 3314 3022; x_wconf 88' lang='lat' dir='ltr'><strong>re</strong></span> <span class='ocrx_word' id='word_1_527' title='bbox 3354 2968 3522 3022; x_wconf 84' lang='lat' dir='ltr'><strong>nolim</strong></span> 
     </span>
    </p>
   </div>
   <div class='ocr_carea' id='block_1_74' title="bbox 1933 3056 3524 3131">
    <p class='ocr_par' dir='ltr' id='par_1_74' title="bbox 1933 3056 3524 3131">
     <span class='ocr_line' id='line_1_74' title="bbox 1933 3056 3524 3131; baseline -0.004 -15"><span class='ocrx_word' id='word_1_528' title='bbox 1933 3062 2226 3117; x_wconf 90' lang='lat' dir='ltr'><strong>admodum</strong></span> <span class='ocrx_word' id='word_1_529' title='bbox 2258 3078 2521 3131; x_wconf 82' lang='lat' dir='ltr'><strong>pugnare.</strong></span> <span class='ocrx_word' id='word_1_530' title='bbox 2561 3061 2625 3114; x_wconf 87' lang='lat' dir='ltr'><strong>Et</strong></span> <span class='ocrx_word' id='word_1_531' title='bbox 2656 3061 2767 3115; x_wconf 83' lang='lat' dir='ltr'><strong>ﬁeri</strong></span> <span class='ocrx_word' id='word_1_532' title='bbox 2799 3068 2997 3130; x_wconf 89' lang='lat' dir='ltr'><strong>potest,</strong></span> <span class='ocrx_word' id='word_1_533' title='bbox 3026 3066 3084 3111; x_wconf 91' lang='lat' dir='ltr'><strong>ut</strong></span> <span class='ocrx_word' id='word_1_534' title='bbox 3113 3073 3291 3112; x_wconf 86' lang='lat' dir='ltr'><strong>canon</strong></span> <span class='ocrx_word' id='word_1_535' title='bbox 3323 3056 3524 3124; x_wconf 88' lang='lat' dir='ltr'><strong>aliquis</strong></span> 
     </span>
    </p>
   </div>
   <div class='ocr_carea' id='block_1_75' title="bbox 1934 3151 3523 3222">
    <p class='ocr_par' dir='ltr' id='par_1_75' title="bbox 1934 3151 3523 3222">
     <span class='ocr_line' id='line_1_75' title="bbox 1934 3151 3523 3222; baseline -0.005 -16"><span class='ocrx_word' id='word_1_536' title='bbox 1934 3168 2098 3222; x_wconf 90' lang='lat' dir='ltr'><strong>super</strong></span> <span class='ocrx_word' id='word_1_537' title='bbox 2137 3167 2199 3207; x_wconf 93' lang='lat' dir='ltr'><strong>ea</strong></span> <span class='ocrx_word' id='word_1_538' title='bbox 2245 3167 2304 3206; x_wconf 90' lang='lat' dir='ltr'><strong>re</strong></span> <span class='ocrx_word' id='word_1_539' title='bbox 2338 3151 2607 3207; x_wconf 83' lang='lat' dir='ltr'><strong>vetustior</strong></span> <span class='ocrx_word' id='word_1_540' title='bbox 2649 3157 2924 3214; x_wconf 88' lang='lat' dir='ltr'><strong>occurrat,</strong></span> <span class='ocrx_word' id='word_1_541' title='bbox 2957 3163 3121 3220; x_wconf 88' lang='lat' dir='ltr'><strong>quem</strong></span> <span class='ocrx_word' id='word_1_542' title='bbox 3170 3153 3367 3202; x_wconf 84' lang='lat' dir='ltr'><strong>neuter</strong></span> <span class='ocrx_word' id='word_1_543' title='bbox 3421 3159 3523 3199; x_wconf 90' lang='lat' dir='ltr'><strong>no-</strong></span> 
     </span>
    </p>
   </div>
   <div class='ocr_carea' id='block_1_76' title="bbox 1935 3238 2606 3298">
    <p class='ocr_par' dir='ltr' id='par_1_76' title="bbox 1935 3238 2606 3298">
     <span class='ocr_line' id='line_1_76' title="bbox 1935 3238 2606 3298; baseline -0.006 -1"><span class='ocrx_word' id='word_1_544' title='bbox 1935 3252 2106 3298; x_wconf 89' lang='lat' dir='ltr'><strong>strum</strong></span> <span class='ocrx_word' id='word_1_545' title='bbox 2141 3238 2606 3297; x_wconf 61' lang='lat' dir='ltr'><strong>animadverterit.</strong></span> 
     </span>
    </p>
   </div>
   <div class='ocr_carea' id='block_1_77' title="bbox 2551 3350 2901 3407">
    <p class='ocr_par' dir='ltr' id='par_1_77' title="bbox 2551 3350 2901 3407">
     <span class='ocr_line' id='line_1_77' title="bbox 2551 3350 2901 3407; baseline -0.011 0"><span class='ocrx_word' id='word_1_546' title='bbox 2551 3351 2778 3407; x_wconf 75' lang='lat' dir='ltr'><strong>CAPUT</strong></span> <span class='ocrx_word' id='word_1_547' title='bbox 2813 3350 2901 3404; x_wconf 82' lang='lat' dir='ltr'><strong>IV.</strong></span> 
     </span>
    </p>
   </div>
   <div class='ocr_carea' id='block_1_78' title="bbox 1935 3436 3526 3511">
    <p class='ocr_par' dir='ltr' id='par_1_78' title="bbox 1935 3436 3526 3511">
     <span class='ocr_line' id='line_1_78' title="bbox 1935 3436 3526 3511; baseline -0.004 -13"><span class='ocrx_word' id='word_1_548' title='bbox 1935 3442 2300 3510; x_wconf 81' lang='lat' dir='ltr'><strong>Dispunctoris</strong></span> <span class='ocrx_word' id='word_1_549' title='bbox 2327 3452 2506 3497; x_wconf 86' lang='lat' dir='ltr'><strong>errata</strong></span> <span class='ocrx_word' id='word_1_550' title='bbox 2538 3441 2641 3495; x_wconf 85' lang='lat' dir='ltr'><strong>duo</strong></span> <span class='ocrx_word' id='word_1_551' title='bbox 2677 3444 3021 3511; x_wconf 81' lang='lat' dir='ltr'><strong>castigantur.</strong></span> <span class='ocrx_word' id='word_1_552' title='bbox 3049 3436 3269 3511; x_wconf 85' lang='lat' dir='ltr'><strong>Consuli</strong></span> <span class='ocrx_word' id='word_1_553' title='bbox 3292 3454 3526 3511; x_wconf 79' lang='lat' dir='ltr'><strong>nonnun-</strong></span> 
     </span>
    </p>
   </div>
   <div class='ocr_carea' id='block_1_79' title="bbox 2096 3509 3369 3583">
    <p class='ocr_par' dir='ltr' id='par_1_79' title="bbox 2096 3509 3369 3583">
     <span class='ocr_line' id='line_1_79' title="bbox 2096 3509 3369 3583; baseline -0.004 -16"><span class='ocrx_word' id='word_1_554' title='bbox 2096 3530 2255 3583; x_wconf 84' lang='lat' dir='ltr'><strong>quam</strong></span> <span class='ocrx_word' id='word_1_555' title='bbox 2290 3529 2322 3566; x_wconf 87' lang='lat' dir='ltr'><strong>a</strong></span> <span class='ocrx_word' id='word_1_556' title='bbox 2351 3523 2538 3567; x_wconf 85' lang='lat' dir='ltr'><strong>senatu</strong></span> <span class='ocrx_word' id='word_1_557' title='bbox 2568 3509 2825 3565; x_wconf 82' lang='lat' dir='ltr'><strong>mundata</strong></span> <span class='ocrx_word' id='word_1_558' title='bbox 2857 3511 3078 3580; x_wconf 66' lang='lat' dir='ltr'><strong>qua’stio</strong></span> <span class='ocrx_word' id='word_1_559' title='bbox 3105 3509 3369 3576; x_wconf 84' lang='lat' dir='ltr'><strong>capitalis.</strong></span> 
     </span>
    </p>
   </div>
   <div class='ocr_carea' id='block_1_80' title="bbox 2005 3597 3530 3676">
    <p class='ocr_par' dir='ltr' id='par_1_80' title="bbox 2005 3597 3530 3676">
     <span class='ocr_line' id='line_1_80' title="bbox 2005 3597 3530 3676; baseline -0.007 -16"><span class='ocrx_word' id='word_1_560' title='bbox 2005 3605 2181 3676; x_wconf 85' lang='lat' dir='ltr'><strong>Caput</strong></span> <span class='ocrx_word' id='word_1_561' title='bbox 2234 3612 2387 3658; x_wconf 90' lang='lat' dir='ltr'><strong>tuum</strong></span> <span class='ocrx_word' id='word_1_562' title='bbox 2436 3613 2690 3674; x_wconf 88' lang='lat' dir='ltr'><strong>quartum</strong></span> <span class='ocrx_word' id='word_1_563' title='bbox 2743 3602 2958 3655; x_wconf 84' lang='lat' dir='ltr'><strong>duabus</strong></span> <span class='ocrx_word' id='word_1_564' title='bbox 3005 3597 3530 3654; x_wconf 85' lang='lat' dir='ltr'><strong>hallucinationilms</strong></span> 
     </span>
    </p>
   </div>
   <div class='ocr_carea' id='block_1_81' title="bbox 1935 3691 3529 3766">
    <p class='ocr_par' dir='ltr' id='par_1_81' title="bbox 1935 3691 3529 3766">
     <span class='ocr_line' id='line_1_81' title="bbox 1935 3691 3529 3766; baseline -0.005 -17"><span class='ocrx_word' id='word_1_565' title='bbox 1935 3703 2019 3750; x_wconf 87' lang='lat' dir='ltr'><strong>est</strong></span> <span class='ocrx_word' id='word_1_566' title='bbox 2049 3696 2297 3766; x_wconf 73' lang='lat' dir='ltr'><strong>insigne:</strong></span> <span class='ocrx_word' id='word_1_567' title='bbox 2332 3696 2506 3764; x_wconf 85' lang='lat' dir='ltr'><strong>prima</strong></span> <span class='ocrx_word' id='word_1_568' title='bbox 2529 3702 2612 3748; x_wconf 90' lang='lat' dir='ltr'><strong>est</strong></span> <span class='ocrx_word' id='word_1_569' title='bbox 2645 3709 2767 3764; x_wconf 85' lang='lat' dir='ltr'><strong>pag.</strong></span> <span class='ocrx_word' id='word_1_570' title='bbox 2803 3691 2894 3757; x_wconf 70' lang='lat'><strong>26,</strong></span> <span class='ocrx_word' id='word_1_571' title='bbox 2927 3692 3017 3746; x_wconf 89' lang='lat' dir='ltr'><strong>ubi</strong></span> <span class='ocrx_word' id='word_1_572' title='bbox 3050 3701 3339 3762; x_wconf 87' lang='lat' dir='ltr'><strong>postquam</strong></span> <span class='ocrx_word' id='word_1_573' title='bbox 3367 3705 3529 3760; x_wconf 81' lang='lat' dir='ltr'><strong>argu-</strong></span> 
     </span>
    </p>
   </div>
   <div class='ocr_carea' id='block_1_82' title="bbox 1937 3777 3531 3850">
    <p class='ocr_par' dir='ltr' id='par_1_82' title="bbox 1937 3777 3531 3850">
     <span class='ocr_line' id='line_1_82' title="bbox 1937 3777 3531 3850; baseline -0.006 -10"><span class='ocrx_word' id='word_1_574' title='bbox 1937 3789 2066 3840; x_wconf 91' lang='lat' dir='ltr'><strong>tiam</strong></span> <span class='ocrx_word' id='word_1_575' title='bbox 2125 3801 2302 3842; x_wconf 88' lang='lat' dir='ltr'><strong>meam</strong></span> <span class='ocrx_word' id='word_1_576' title='bbox 2362 3785 2606 3850; x_wconf 91' lang='lat' dir='ltr'><strong>illusisti,</strong></span> <span class='ocrx_word' id='word_1_577' title='bbox 2659 3785 2823 3840; x_wconf 87' lang='lat' dir='ltr'><strong>verba</strong></span> <span class='ocrx_word' id='word_1_578' title='bbox 2881 3784 2987 3837; x_wconf 90' lang='lat' dir='ltr'><strong>ista</strong></span> <span class='ocrx_word' id='word_1_579' title='bbox 3035 3783 3315 3837; x_wconf 81' lang='lat' dir='ltr'><strong>Socratis:</strong></span> <span class='ocrx_word' id='word_1_580' title='bbox 3358 3781 3425 3833; x_wconf 77' lang='grc' dir='ltr'><strong>Ἦ</strong></span> <span class='ocrx_word' id='word_1_581' title='bbox 3471 3777 3531 3831; x_wconf 77' lang='grc' dir='ltr'>δὲ</span> 
     </span>
    </p>
   </div>
   <div class='ocr_carea' id='block_1_83' title="bbox 1935 3873 3532 3949">
    <p class='ocr_par' dir='ltr' id='par_1_83' title="bbox 1935 3873 3532 3949">
     <span class='ocr_line' id='line_1_83' title="bbox 1935 3873 3532 3949; baseline -0.003 -20"><span class='ocrx_word' id='word_1_582' title='bbox 1935 3877 2074 3949; x_wconf 83' lang='grc' dir='ltr'>γυνὴ</span> <span class='ocrx_word' id='word_1_583' title='bbox 2129 3877 2498 3949; x_wconf 77' lang='grc' dir='ltr'>προϐαίνουσα</span> <span class='ocrx_word' id='word_1_584' title='bbox 2543 3877 2634 3930; x_wconf 79' lang='grc' dir='ltr'>καὶ</span> <span class='ocrx_word' id='word_1_585' title='bbox 2694 3876 2823 3930; x_wconf 83' lang='grc' dir='ltr'>ἄλλο</span> <span class='ocrx_word' id='word_1_586' title='bbox 2873 3877 3118 3944; x_wconf 84' lang='grc' dir='ltr'>πταῖσμα</span> <span class='ocrx_word' id='word_1_587' title='bbox 3162 3873 3360 3942; x_wconf 80' lang='grc' dir='ltr'>ἑαυτῆς</span> <span class='ocrx_word' id='word_1_588' title='bbox 3398 3887 3532 3925; x_wconf 55' lang='grc' dir='ltr'>κατα</span> 
     </span>
    </p>
   </div>
   <div class='ocr_carea' id='block_1_84' title="bbox 1936 3965 3530 4040">
    <p class='ocr_par' dir='ltr' id='par_1_84' title="bbox 1936 3965 3530 4040">
     <span class='ocr_line' id='line_1_84' title="bbox 1936 3965 3530 4040; baseline -0.004 -19"><span class='ocrx_word' id='word_1_589' title='bbox 1936 3971 2148 4040; x_wconf 84' lang='grc' dir='ltr'><strong>ηγόρει,</strong></span> <span class='ocrx_word' id='word_1_590' title='bbox 2190 3983 2470 4038; x_wconf 89' lang='lat' dir='ltr'><strong>perperam</strong></span> <span class='ocrx_word' id='word_1_591' title='bbox 2517 3968 2909 4036; x_wconf 88' lang='lat' dir='ltr'><strong>interpretatus</strong></span> <span class='ocrx_word' id='word_1_592' title='bbox 2957 3981 3035 4021; x_wconf 89' lang='lat' dir='ltr'><strong>es.</strong></span> <span class='ocrx_word' id='word_1_593' title='bbox 3085 3965 3192 4018; x_wconf 90' lang='lat' dir='ltr'><strong>Sed</strong></span> <span class='ocrx_word' id='word_1_594' title='bbox 3234 3967 3396 4018; x_wconf 64' lang='lat' dir='ltr'><strong>verba</strong></span> <span class='ocrx_word' id='word_1_595' title='bbox 3438 3972 3530 4016; x_wconf 88' lang='lat' dir='ltr'><strong>tua</strong></span> 
     </span>
    </p>
   </div>
   <div class='ocr_carea' id='block_1_85' title="bbox 1938 4057 3532 4130">
    <p class='ocr_par' dir='ltr' id='par_1_85' title="bbox 1938 4057 3532 4130">
     <span class='ocr_line' id='line_1_85' title="bbox 1938 4057 3532 4130; baseline -0.004 -17"><span class='ocrx_word' id='word_1_596' title='bbox 1938 4069 2158 4130; x_wconf 79' lang='lat' dir='ltr'><strong>praestat</strong></span> <span class='ocrx_word' id='word_1_597' title='bbox 2206 4060 2393 4113; x_wconf 89' lang='lat' dir='ltr'><strong>audire</strong></span> <span class='ocrx_word' id='word_1_598' title='bbox 2431 4077 2444 4111; x_wconf 92' lang='lat'><strong>:</strong></span> <span class='ocrx_word' id='word_1_599' title='bbox 2487 4062 2616 4113; x_wconf 66' lang='grc' dir='ltr'><em>Παῖς</em></span> <span class='ocrx_word' id='word_1_600' title='bbox 2660 4057 2834 4121; x_wconf 85' lang='lat' dir='ltr'><strong>verba,</strong></span> <span class='ocrx_word' id='word_1_601' title='bbox 2881 4057 3082 4126; x_wconf 91' lang='lat' dir='ltr'><strong>inquis,</strong></span> <span class='ocrx_word' id='word_1_602' title='bbox 3115 4057 3532 4124; x_wconf 82' lang='lat' dir='ltr'><strong>interpretantur</strong></span> 
     </span>
    </p>
   </div>
   <div class='ocr_carea' id='block_1_86' title="bbox 1937 4136 3532 4222">
    <p class='ocr_par' dir='ltr' id='par_1_86' title="bbox 1937 4136 3532 4222">
     <span class='ocr_line' id='line_1_86' title="bbox 1937 4136 3532 4222; baseline -0.004 -15"><span class='ocrx_word' id='word_1_603' title='bbox 1937 4154 2222 4222; x_wconf 82' lang='lat' dir='ltr'><strong>(nimirum</strong></span> <span class='ocrx_word' id='word_1_604' title='bbox 2268 4136 2544 4212; x_wconf 78' lang='lat' dir='ltr'><strong>Petavius)</strong></span> <span class='ocrx_word' id='word_1_605' title='bbox 2577 4169 2589 4203; x_wconf 89' lang='lat'><strong>:</strong></span> <span class='ocrx_word' id='word_1_606' title='bbox 2623 4149 2752 4203; x_wconf 80' lang='lat' dir='ltr'><strong>Htrc</strong></span> <span class='ocrx_word' id='word_1_607' title='bbox 2791 4150 3001 4212; x_wconf 87' lang='lat' dir='ltr'><strong>mulier,</strong></span> <span class='ocrx_word' id='word_1_608' title='bbox 3047 4165 3164 4201; x_wconf 89' lang='lat' dir='ltr'><strong>cum</strong></span> <span class='ocrx_word' id='word_1_609' title='bbox 3207 4150 3259 4200; x_wconf 77' lang='lat' dir='ltr'><strong>in</strong></span> <span class='ocrx_word' id='word_1_610' title='bbox 3291 4148 3532 4200; x_wconf 85' lang='lat' dir='ltr'><strong>obeunda</strong></span> 
     </span>
    </p>
   </div>
   <div class='ocr_carea' id='block_1_87' title="bbox 1935 4238 3532 4314">
    <p class='ocr_par' dir='ltr' id='par_1_87' title="bbox 1935 4238 3532 4314">
     <span class='ocr_line' id='line_1_87' title="bbox 1935 4238 3532 4314; baseline -0.006 -16"><span class='ocrx_word' id='word_1_611' title='bbox 1935 4247 2238 4312; x_wconf 65' lang='lat' dir='ltr'><strong>pmnitentia</strong></span> <span class='ocrx_word' id='word_1_612' title='bbox 2280 4245 2486 4314; x_wconf 80' lang='lat' dir='ltr'><strong>longius</strong></span> <span class='ocrx_word' id='word_1_613' title='bbox 2515 4241 2836 4311; x_wconf 86' lang='lat' dir='ltr'><strong>procederet,</strong></span> <span class='ocrx_word' id='word_1_614' title='bbox 2874 4241 3098 4294; x_wconf 81' lang='lat' dir='ltr'><strong>alterunt</strong></span> <span class='ocrx_word' id='word_1_615' title='bbox 3139 4238 3286 4308; x_wconf 77' lang='lat' dir='ltr'><strong>nefas</strong></span> <span class='ocrx_word' id='word_1_616' title='bbox 3318 4239 3532 4291; x_wconf 79' lang='lat' dir='ltr'><strong>interim</strong></span> 
     </span>
    </p>
   </div>
   <div class='ocr_carea' id='block_1_88' title="bbox 1937 4330 3530 4405">
    <p class='ocr_par' dir='ltr' id='par_1_88' title="bbox 1937 4330 3530 4405">
     <span class='ocr_line' id='line_1_88' title="bbox 1937 4330 3530 4405; baseline -0.006 -14"><span class='ocrx_word' id='word_1_617' title='bbox 1937 4339 2222 4401; x_wconf 82' lang='lat' dir='ltr'><strong>commisit,</strong></span> <span class='ocrx_word' id='word_1_618' title='bbox 2253 4347 2303 4405; x_wconf 86' lang='lat' dir='ltr'><strong>et</strong></span> <span class='ocrx_word' id='word_1_619' title='bbox 2351 4336 2571 4390; x_wconf 82' lang='lat' dir='ltr'><strong>subinde</strong></span> <span class='ocrx_word' id='word_1_620' title='bbox 2603 4333 2911 4388; x_wconf 89' lang='lat' dir='ltr'><strong>declaravit.</strong></span> <span class='ocrx_word' id='word_1_621' title='bbox 2960 4333 3026 4384; x_wconf 78' lang='lat' dir='ltr'><strong>At</strong></span> <span class='ocrx_word' id='word_1_622' title='bbox 3071 4340 3257 4385; x_wconf 89' lang='lat' dir='ltr'><strong>contra</strong></span> <span class='ocrx_word' id='word_1_623' title='bbox 3300 4330 3530 4398; x_wconf 87' lang='lat' dir='ltr'><strong>oportuit</strong></span> 
     </span>
    </p>
   </div>
   <div class='ocr_carea' id='block_1_89' title="bbox 1941 4422 3529 4500">
    <p class='ocr_par' dir='ltr' id='par_1_89' title="bbox 1941 4422 3529 4500">
     <span class='ocr_line' id='line_1_89' title="bbox 1941 4422 3529 4500; baseline -0.004 -21"><span class='ocrx_word' id='word_1_624' title='bbox 1941 4431 2007 4500; x_wconf 73' lang='lat' dir='ltr'><strong>(si</strong></span> <span class='ocrx_word' id='word_1_625' title='bbox 2040 4429 2248 4483; x_wconf 81' lang='lat' dir='ltr'><strong>verbum</strong></span> <span class='ocrx_word' id='word_1_626' title='bbox 2295 4429 2445 4483; x_wconf 82' lang='lat' dir='ltr'><strong>verba</strong></span> <span class='ocrx_word' id='word_1_627' title='bbox 2485 4426 2698 4481; x_wconf 83' lang='lat' dir='ltr'><strong>reddere</strong></span> <span class='ocrx_word' id='word_1_628' title='bbox 2737 4426 2834 4495; x_wconf 83' lang='lat' dir='ltr'><strong>ﬁdi</strong></span> <span class='ocrx_word' id='word_1_629' title='bbox 2887 4428 3195 4492; x_wconf 81' lang='lat' dir='ltr'><strong>interpretes</strong></span> <span class='ocrx_word' id='word_1_630' title='bbox 3244 4422 3529 4491; x_wconf 80' lang='lat' dir='ltr'><strong>velimus):</strong></span> 
     </span>
    </p>
   </div>
   <div class='ocr_carea' id='block_1_90' title="bbox 238 4515 3534 4593">
    <p class='ocr_par' dir='ltr' id='par_1_90' title="bbox 238 4515 3534 4593">
     <span class='ocr_line' id='line_1_90' title="bbox 238 4515 3534 4593; baseline -0.003 -15"><span class='ocrx_word' id='word_1_631' title='bbox 238 4522 569 4593; x_wconf 80' lang='lat' dir='ltr'><strong>homologesi</strong></span> <span class='ocrx_word' id='word_1_632' title='bbox 601 4523 831 4578; x_wconf 84' lang='lat' dir='ltr'><strong>secunda</strong></span> <span class='ocrx_word' id='word_1_633' title='bbox 861 4524 1121 4589; x_wconf 84' lang='lat' dir='ltr'><strong>subsidia,</strong></span> <span class='ocrx_word' id='word_1_634' title='bbox 1167 4543 1263 4579; x_wconf 85' lang='lat' dir='ltr'><strong>cur</strong></span> <span class='ocrx_word' id='word_1_635' title='bbox 1303 4527 1529 4582; x_wconf 76' lang='lat' dir='ltr'><strong>salutem</strong></span> <span class='ocrx_word' id='word_1_636' title='bbox 1560 4540 1706 4583; x_wconf 75' lang='lat' dir='ltr'><strong>tuam</strong></span> <span class='ocrx_word' id='word_1_637' title='bbox 1744 4529 1834 4583; x_wconf 77' lang='grc' dir='ltr'><strong>(ιε-</strong></span> <span class='ocrx_word' id='word_1_638' title='bbox 1866 4531 1907 4585; x_wconf 81' lang='lat' dir='ltr'><strong>D</strong></span> <span class='ocrx_word' id='word_1_639' title='bbox 1942 4520 2069 4575; x_wconf 62' lang='lat' dir='ltr'><strong>Haec</strong></span> <span class='ocrx_word' id='word_1_640' title='bbox 2105 4523 2292 4574; x_wconf 86' lang='lat' dir='ltr'><strong>mulier</strong></span> <span class='ocrx_word' id='word_1_641' title='bbox 2319 4521 2646 4586; x_wconf 73' lang='lat' dir='ltr'><strong>exorbitans,</strong></span> <span class='ocrx_word' id='word_1_642' title='bbox 2685 4521 2790 4573; x_wconf 78' lang='lat' dir='ltr'><strong>sive</strong></span> <span class='ocrx_word' id='word_1_643' title='bbox 2843 4518 3252 4588; x_wconf 80' lang='lat' dir='ltr'><strong>transgrediens,</strong></span> <span class='ocrx_word' id='word_1_644' title='bbox 3283 4526 3331 4570; x_wconf 89' lang='lat' dir='ltr'><strong>et</strong></span> <span class='ocrx_word' id='word_1_645' title='bbox 3381 4515 3534 4570; x_wconf 77' lang='lat' dir='ltr'><strong>aliud</strong></span> 
     </span>
    </p>
   </div>
   <div class='ocr_carea' id='block_1_91' title="bbox 237 4612 1837 4684">
    <p class='ocr_par' dir='ltr' id='par_1_91' title="bbox 237 4612 1837 4684">
     <span class='ocr_line' id='line_1_91' title="bbox 237 4612 1837 4684; baseline 0.002 -15"><span class='ocrx_word' id='word_1_646' title='bbox 237 4615 423 4669; x_wconf 81' lang='lat' dir='ltr'><strong>seris?</strong></span> <span class='ocrx_word' id='word_1_647' title='bbox 469 4630 564 4667; x_wconf 91' lang='lat' dir='ltr'><strong>cur</strong></span> <span class='ocrx_word' id='word_1_648' title='bbox 602 4629 780 4666; x_wconf 79' lang='lat' dir='ltr'><strong>cessas</strong></span> <span class='ocrx_word' id='word_1_649' title='bbox 827 4612 1040 4684; x_wconf 85' lang='lat' dir='ltr'><strong>aggredi</strong></span> <span class='ocrx_word' id='word_1_650' title='bbox 1089 4613 1228 4684; x_wconf 87' lang='lat' dir='ltr'><strong>quod</strong></span> <span class='ocrx_word' id='word_1_651' title='bbox 1280 4617 1420 4670; x_wconf 84' lang='lat' dir='ltr'><strong>scias</strong></span> <span class='ocrx_word' id='word_1_652' title='bbox 1464 4613 1661 4670; x_wconf 88' lang='lat' dir='ltr'><strong>mederi</strong></span> <span class='ocrx_word' id='word_1_653' title='bbox 1703 4615 1837 4672; x_wconf 83' lang='lat' dir='ltr'><strong>tibi?</strong></span> 
     </span>
    </p>
   </div>
   <div class='ocr_carea' id='block_1_92' title="bbox 239 4705 1835 4776">
    <p class='ocr_par' dir='ltr' id='par_1_92' title="bbox 239 4705 1835 4776">
     <span class='ocr_line' id='line_1_92' title="bbox 239 4705 1835 4776; baseline 0.001 -18"><span class='ocrx_word' id='word_1_654' title='bbox 239 4707 484 4772; x_wconf 76' lang='lat' dir='ltr'><strong>Apparet</strong></span> <span class='ocrx_word' id='word_1_655' title='bbox 513 4705 656 4770; x_wconf 91' lang='lat' dir='ltr'><strong>inde,</strong></span> <span class='ocrx_word' id='word_1_656' title='bbox 688 4706 735 4761; x_wconf 88' lang='lat' dir='ltr'><strong>si</strong></span> <span class='ocrx_word' id='word_1_657' title='bbox 769 4705 836 4761; x_wconf 92' lang='lat' dir='ltr'><strong>de</strong></span> <span class='ocrx_word' id='word_1_658' title='bbox 884 4705 1103 4776; x_wconf 86' lang='lat' dir='ltr'><strong>publica</strong></span> <span class='ocrx_word' id='word_1_659' title='bbox 1142 4714 1478 4760; x_wconf 89' lang='lat' dir='ltr'><strong>secretorum</strong></span> <span class='ocrx_word' id='word_1_660' title='bbox 1516 4707 1835 4774; x_wconf 64' lang='lat' dir='ltr'><strong>paenitentia</strong></span> 
     </span>
    </p>
   </div>
   <div class='ocr_carea' id='block_1_93' title="bbox 233 4794 1835 4866">
    <p class='ocr_par' dir='ltr' id='par_1_93' title="bbox 233 4794 1835 4866">
     <span class='ocr_line' id='line_1_93' title="bbox 233 4794 1835 4866; baseline 0.001 -19"><span class='ocrx_word' id='word_1_661' title='bbox 233 4809 428 4852; x_wconf 86' lang='lat' dir='ltr'><strong>sermo</strong></span> <span class='ocrx_word' id='word_1_662' title='bbox 451 4802 554 4860; x_wconf 91' lang='lat' dir='ltr'><strong>est,</strong></span> <span class='ocrx_word' id='word_1_663' title='bbox 586 4811 693 4850; x_wconf 88' lang='lat' dir='ltr'><strong>non</strong></span> <span class='ocrx_word' id='word_1_664' title='bbox 729 4811 848 4850; x_wconf 87' lang='lat' dir='ltr'><strong>eam</strong></span> <span class='ocrx_word' id='word_1_665' title='bbox 878 4794 1128 4850; x_wconf 81' lang='lat' dir='ltr'><strong>beneficii</strong></span> <span class='ocrx_word' id='word_1_666' title='bbox 1171 4795 1345 4851; x_wconf 88' lang='lat' dir='ltr'><strong>instar</strong></span> <span class='ocrx_word' id='word_1_667' title='bbox 1379 4799 1557 4866; x_wconf 88' lang='lat' dir='ltr'><strong>spisse</strong></span> <span class='ocrx_word' id='word_1_668' title='bbox 1607 4811 1670 4850; x_wconf 91' lang='lat' dir='ltr'><strong>ac</strong></span> <span class='ocrx_word' id='word_1_669' title='bbox 1697 4797 1835 4850; x_wconf 85' lang='lat' dir='ltr'><strong>dilli-</strong></span> 
     </span>
    </p>
   </div>
   <div class='ocr_carea' id='block_1_94' title="bbox 231 4886 1805 4952">
    <p class='ocr_par' dir='ltr' id='par_1_94' title="bbox 231 4886 1805 4952">
     <span class='ocr_line' id='line_1_94' title="bbox 231 4886 1805 4952; baseline 0 -11"><span class='ocrx_word' id='word_1_670' title='bbox 231 4886 427 4941; x_wconf 70' lang='lat' dir='ltr'><strong>uiliter</strong></span> <span class='ocrx_word' id='word_1_671' title='bbox 455 4887 741 4952; x_wconf 89' lang='lat' dir='ltr'><strong>indultam,</strong></span> <span class='ocrx_word' id='word_1_672' title='bbox 782 4887 876 4942; x_wconf 89' lang='lat' dir='ltr'><strong>sed</strong></span> <span class='ocrx_word' id='word_1_673' title='bbox 908 4889 990 4942; x_wconf 88' lang='lat' dir='ltr'><strong>vel</strong></span> <span class='ocrx_word' id='word_1_674' title='bbox 1043 4888 1227 4943; x_wconf 89' lang='lat' dir='ltr'><strong>invitis</strong></span> <span class='ocrx_word' id='word_1_675' title='bbox 1257 4888 1494 4942; x_wconf 87' lang='lat' dir='ltr'><strong>oblatam</strong></span> <span class='ocrx_word' id='word_1_676' title='bbox 1528 4887 1721 4952; x_wconf 88' lang='lat' dir='ltr'><strong>fuisse,</strong></span> <span class='ocrx_word' id='word_1_677' title='bbox 1760 4889 1805 4943; x_wconf 91' lang='lat' dir='ltr'><strong>si</strong></span> 
     </span>
    </p>
   </div>
   <div class='ocr_carea' id='block_1_95' title="bbox 233 4977 1832 5049">
    <p class='ocr_par' dir='ltr' id='par_1_95' title="bbox 233 4977 1832 5049">
     <span class='ocr_line' id='line_1_95' title="bbox 233 4977 1832 5049; baseline 0.004 -20"><span class='ocrx_word' id='word_1_678' title='bbox 233 4978 465 5049; x_wconf 81' lang='lat' dir='ltr'><strong>quidem</strong></span> <span class='ocrx_word' id='word_1_679' title='bbox 501 4994 626 5032; x_wconf 90' lang='lat' dir='ltr'><strong>cum</strong></span> <span class='ocrx_word' id='word_1_680' title='bbox 667 4977 913 5035; x_wconf 87' lang='lat' dir='ltr'><strong>Ecclesia</strong></span> <span class='ocrx_word' id='word_1_681' title='bbox 962 4979 1355 5035; x_wconf 87' lang='lat' dir='ltr'><strong>reconciliandi</strong></span> <span class='ocrx_word' id='word_1_682' title='bbox 1386 4981 1598 5036; x_wconf 90' lang='lat' dir='ltr'><strong>forent:</strong></span> <span class='ocrx_word' id='word_1_683' title='bbox 1629 4997 1752 5035; x_wconf 87' lang='lat' dir='ltr'><strong>nam</strong></span> <span class='ocrx_word' id='word_1_684' title='bbox 1787 4983 1832 5035; x_wconf 88' lang='lat' dir='ltr'><strong>si</strong></span> 
     </span>
    </p>
   </div>
   <div class='ocr_carea' id='block_1_96' title="bbox 237 5071 1834 5142">
    <p class='ocr_par' dir='ltr' id='par_1_96' title="bbox 237 5071 1834 5142">
     <span class='ocr_line' id='line_1_96' title="bbox 237 5071 1834 5142; baseline 0.003 -20"><span class='ocrx_word' id='word_1_685' title='bbox 237 5073 406 5125; x_wconf 83' lang='lat' dir='ltr'><strong>aliter</strong></span> <span class='ocrx_word' id='word_1_686' title='bbox 437 5078 491 5125; x_wconf 87' lang='lat' dir='ltr'><strong>et</strong></span> <span class='ocrx_word' id='word_1_687' title='bbox 525 5087 621 5140; x_wconf 90' lang='lat' dir='ltr'><strong>per</strong></span> <span class='ocrx_word' id='word_1_688' title='bbox 650 5071 913 5140; x_wconf 89' lang='lat' dir='ltr'><strong>privatam</strong></span> <span class='ocrx_word' id='word_1_689' title='bbox 957 5072 1337 5141; x_wconf 83' lang='lat' dir='ltr'><strong>pomitentiam</strong></span> <span class='ocrx_word' id='word_1_690' title='bbox 1378 5081 1623 5142; x_wconf 89' lang='lat' dir='ltr'><strong>possent,</strong></span> <span class='ocrx_word' id='word_1_691' title='bbox 1671 5087 1834 5127; x_wconf 54' lang='lat' dir='ltr'><strong>aecu-</strong></span> 
     </span>
    </p>
   </div>
   <div class='ocr_carea' id='block_1_97' title="bbox 247 5159 1836 5233">
    <p class='ocr_par' dir='ltr' id='par_1_97' title="bbox 247 5159 1836 5233">
     <span class='ocr_line' id='line_1_97' title="bbox 247 5159 1836 5233; baseline 0.003 -20"><span class='ocrx_word' id='word_1_692' title='bbox 247 5159 405 5213; x_wconf 85' lang='lat' dir='ltr'><strong>sandi</strong></span> <span class='ocrx_word' id='word_1_693' title='bbox 446 5175 554 5214; x_wconf 92' lang='lat' dir='ltr'><strong>non</strong></span> <span class='ocrx_word' id='word_1_694' title='bbox 586 5169 766 5223; x_wconf 89' lang='lat' dir='ltr'><strong>erant,</strong></span> <span class='ocrx_word' id='word_1_695' title='bbox 814 5161 859 5216; x_wconf 93' lang='lat' dir='ltr'><strong>si</strong></span> <span class='ocrx_word' id='word_1_696' title='bbox 908 5161 1152 5217; x_wconf 91' lang='lat' dir='ltr'><strong>faciliore</strong></span> <span class='ocrx_word' id='word_1_697' title='bbox 1195 5163 1302 5217; x_wconf 93' lang='lat' dir='ltr'><strong>isto</strong></span> <span class='ocrx_word' id='word_1_698' title='bbox 1342 5161 1582 5217; x_wconf 89' lang='lat' dir='ltr'><strong>remedio</strong></span> <span class='ocrx_word' id='word_1_699' title='bbox 1615 5161 1836 5233; x_wconf 83' lang='lat' dir='ltr'><strong>defungi</strong></span> 
     </span>
    </p>
   </div>
   <div class='ocr_carea' id='block_1_98' title="bbox 242 5252 1834 5323">
    <p class='ocr_par' dir='ltr' id='par_1_98' title="bbox 242 5252 1834 5323">
     <span class='ocr_line' id='line_1_98' title="bbox 242 5252 1834 5323; baseline 0.001 -16"><span class='ocrx_word' id='word_1_700' title='bbox 242 5253 494 5313; x_wconf 84' lang='lat' dir='ltr'><strong>mallent,</strong></span> <span class='ocrx_word' id='word_1_701' title='bbox 523 5268 688 5323; x_wconf 88' lang='lat' dir='ltr'><strong>quam</strong></span> <span class='ocrx_word' id='word_1_702' title='bbox 730 5253 824 5306; x_wconf 94' lang='lat' dir='ltr'><strong>illo</strong></span> <span class='ocrx_word' id='word_1_703' title='bbox 857 5252 954 5315; x_wconf 92' lang='lat' dir='ltr'><strong>uti,</strong></span> <span class='ocrx_word' id='word_1_704' title='bbox 1001 5269 1110 5307; x_wconf 90' lang='lat' dir='ltr'><strong>non</strong></span> <span class='ocrx_word' id='word_1_705' title='bbox 1157 5255 1473 5323; x_wconf 88' lang='lat' dir='ltr'><strong>operosiorc</strong></span> <span class='ocrx_word' id='word_1_706' title='bbox 1523 5253 1706 5318; x_wconf 77' lang='lat' dir='ltr'><strong>modo,</strong></span> <span class='ocrx_word' id='word_1_707' title='bbox 1739 5253 1834 5308; x_wconf 91' lang='lat' dir='ltr'><strong>sed</strong></span> 
     </span>
    </p>
   </div>
   <div class='ocr_carea' id='block_1_99' title="bbox 234 5342 1837 5413">
    <p class='ocr_par' dir='ltr' id='par_1_99' title="bbox 234 5342 1837 5413">
     <span class='ocr_line' id='line_1_99' title="bbox 234 5342 1837 5413; baseline 0.001 -15"><span class='ocrx_word' id='word_1_708' title='bbox 234 5343 415 5399; x_wconf 85' lang='lat' dir='ltr'><strong>etiam</strong></span> <span class='ocrx_word' id='word_1_709' title='bbox 447 5342 594 5412; x_wconf 90' lang='lat' dir='ltr'><strong>quod</strong></span> <span class='ocrx_word' id='word_1_710' title='bbox 625 5358 734 5396; x_wconf 93' lang='lat' dir='ltr'><strong>non</strong></span> <span class='ocrx_word' id='word_1_711' title='bbox 764 5352 966 5398; x_wconf 90' lang='lat' dir='ltr'><strong>temere</strong></span> <span class='ocrx_word' id='word_1_712' title='bbox 996 5357 1174 5411; x_wconf 88' lang='lat' dir='ltr'><strong>neque</strong></span> <span class='ocrx_word' id='word_1_713' title='bbox 1200 5343 1357 5396; x_wconf 88' lang='lat' dir='ltr'><strong>facile</strong></span> <span class='ocrx_word' id='word_1_714' title='bbox 1386 5343 1455 5398; x_wconf 89' lang='lat' dir='ltr'><strong>ab</strong></span> <span class='ocrx_word' id='word_1_715' title='bbox 1482 5345 1756 5413; x_wconf 82' lang='lat' dir='ltr'><strong>episcOpis</strong></span> <span class='ocrx_word' id='word_1_716' title='bbox 1782 5353 1837 5399; x_wconf 88' lang='lat' dir='ltr'><strong>et</strong></span> 
     </span>
    </p>
   </div>
   <div class='ocr_carea' id='block_1_100' title="bbox 234 5433 1834 5505">
    <p class='ocr_par' dir='ltr' id='par_1_100' title="bbox 234 5433 1834 5505">
     <span class='ocr_line' id='line_1_100' title="bbox 234 5433 1834 5505; baseline 0.001 -15"><span class='ocrx_word' id='word_1_717' title='bbox 234 5435 631 5493; x_wconf 81' lang='lat' dir='ltr'><strong>sacerdotibus</strong></span> <span class='ocrx_word' id='word_1_718' title='bbox 692 5435 971 5504; x_wconf 85' lang='lat' dir='ltr'><strong>impetrari</strong></span> <span class='ocrx_word' id='word_1_719' title='bbox 1022 5451 1184 5504; x_wconf 86' lang='lat' dir='ltr'><strong>posse</strong></span> <span class='ocrx_word' id='word_1_720' title='bbox 1237 5436 1665 5505; x_wconf 89' lang='lat' dir='ltr'><strong>cognoscerent?</strong></span> <span class='ocrx_word' id='word_1_721' title='bbox 1711 5433 1834 5491; x_wconf 75' lang='lat' dir='ltr'><strong>llaec</strong></span> 
     </span>
    </p>
   </div>
   <div class='ocr_carea' id='block_1_101' title="bbox 232 5527 1832 5598">
    <p class='ocr_par' dir='ltr' id='par_1_101' title="bbox 232 5527 1832 5598">
     <span class='ocr_line' id='line_1_101' title="bbox 232 5527 1832 5598; baseline -0.001 -14"><span class='ocrx_word' id='word_1_722' title='bbox 232 5527 529 5598; x_wconf 80' lang='grc' dir='ltr'>παράδοξα</span> <span class='ocrx_word' id='word_1_723' title='bbox 559 5537 614 5582; x_wconf 91' lang='lat' dir='ltr'><strong>et</strong></span> <span class='ocrx_word' id='word_1_724' title='bbox 646 5528 821 5582; x_wconf 74' lang='grc' dir='ltr'>ἄτοπα</span> <span class='ocrx_word' id='word_1_725' title='bbox 853 5544 958 5581; x_wconf 93' lang='lat' dir='ltr'><strong>non</strong></span> <span class='ocrx_word' id='word_1_726' title='bbox 999 5527 1148 5580; x_wconf 86' lang='lat' dir='ltr'><strong>illum</strong></span> <span class='ocrx_word' id='word_1_727' title='bbox 1199 5528 1538 5582; x_wconf 86' lang='lat' dir='ltr'><strong>commisisse</strong></span> <span class='ocrx_word' id='word_1_728' title='bbox 1569 5528 1700 5591; x_wconf 78' lang='lat' dir='ltr'><strong>dixi,</strong></span> <span class='ocrx_word' id='word_1_729' title='bbox 1741 5527 1832 5598; x_wconf 90' lang='lat' dir='ltr'><strong>qui</strong></span> 
     </span>
    </p>
   </div>
   <div class='ocr_carea' id='block_1_102' title="bbox 225 5618 1835 5689">
    <p class='ocr_par' dir='ltr' id='par_1_102' title="bbox 225 5618 1835 5689">
     <span class='ocr_line' id='line_1_102' title="bbox 225 5618 1835 5689; baseline -0.001 -13"><span class='ocrx_word' id='word_1_730' title='bbox 225 5620 485 5677; x_wconf 69' lang='lat' dir='ltr'><strong>fortasse</strong></span> <span class='ocrx_word' id='word_1_731' title='bbox 540 5633 649 5672; x_wconf 92' lang='lat' dir='ltr'><strong>non</strong></span> <span class='ocrx_word' id='word_1_732' title='bbox 700 5619 1184 5674; x_wconf 81' lang='lat' dir='ltr'><strong>animadverterit:</strong></span> <span class='ocrx_word' id='word_1_733' title='bbox 1251 5618 1430 5689; x_wconf 86' lang='lat' dir='ltr'><strong>itaque</strong></span> <span class='ocrx_word' id='word_1_734' title='bbox 1483 5619 1835 5675; x_wconf 80' lang='lat' dir='ltr'><strong>excusatione</strong></span> 
     </span>
    </p>
   </div>
   <div class='ocr_carea' id='block_1_103' title="bbox 312 5790 686 5861">
    <p class='ocr_par' dir='ltr' id='par_1_103' title="bbox 312 5790 686 5861">
     <span class='ocr_line' id='line_1_103' title="bbox 312 5790 686 5861; baseline -0.008 -13"><span class='ocrx_word' id='word_1_735' title='bbox 312 5794 395 5861; x_wconf 72' lang='lat' dir='ltr'><strong>(a)</strong></span> <span class='ocrx_word' id='word_1_736' title='bbox 429 5790 558 5856; x_wconf 71' lang='lat' dir='ltr'><strong>Pag.</strong></span> <span class='ocrx_word' id='word_1_737' title='bbox 602 5790 686 5847; x_wconf 82' lang='grc'><strong>18.</strong></span> 
     </span>
    </p>
   </div>
   <div class='ocr_carea' id='block_1_104' title="bbox 1936 4609 3531 4680">
    <p class='ocr_par' dir='ltr' id='par_1_104' title="bbox 1936 4609 3531 4680">
     <span class='ocr_line' id='line_1_104' title="bbox 1936 4609 3531 4680; baseline -0.003 -14"><span class='ocrx_word' id='word_1_738' title='bbox 1936 4625 2204 4680; x_wconf 85' lang='lat' dir='ltr'><strong>peccatum</strong></span> <span class='ocrx_word' id='word_1_739' title='bbox 2228 4629 2383 4665; x_wconf 84' lang='lat' dir='ltr'><strong>suum</strong></span> <span class='ocrx_word' id='word_1_740' title='bbox 2418 4622 2666 4675; x_wconf 87' lang='lat' dir='ltr'><strong>accusat;</strong></span> <span class='ocrx_word' id='word_1_741' title='bbox 2700 4612 2827 4666; x_wconf 83' lang='lat' dir='ltr'><strong>dictt</strong></span> <span class='ocrx_word' id='word_1_742' title='bbox 2866 4616 3025 4679; x_wconf 87' lang='lat' dir='ltr'><strong>enim,</strong></span> <span class='ocrx_word' id='word_1_743' title='bbox 3066 4609 3323 4680; x_wconf 82' lang='lat' dir='ltr'><strong>quomodo</strong></span> <span class='ocrx_word' id='word_1_744' title='bbox 3355 4625 3531 4662; x_wconf 83' lang='lat' dir='ltr'><strong>secum</strong></span> 
     </span>
    </p>
   </div>
   <div class='ocr_carea' id='block_1_105' title="bbox 1936 4697 3534 4770">
    <p class='ocr_par' dir='ltr' id='par_1_105' title="bbox 1936 4697 3534 4770">
     <span class='ocr_line' id='line_1_105' title="bbox 1936 4697 3534 4770; baseline -0.003 -16"><span class='ocrx_word' id='word_1_745' title='bbox 1936 4703 2206 4758; x_wconf 82' lang='lat' dir='ltr'><strong>dormiens</strong></span> <span class='ocrx_word' id='word_1_746' title='bbox 2237 4703 2424 4770; x_wconf 77' lang='lat' dir='ltr'><strong>fuisset</strong></span> <span class='ocrx_word' id='word_1_747' title='bbox 2470 4701 2718 4756; x_wconf 75' lang='lat' dir='ltr'><strong>Ecclesite</strong></span> <span class='ocrx_word' id='word_1_748' title='bbox 2748 4701 3028 4755; x_wconf 86' lang='lat' dir='ltr'><strong>diaconus.</strong></span> <span class='ocrx_word' id='word_1_749' title='bbox 3061 4697 3208 4754; x_wconf 81' lang='lat' dir='ltr'><strong>Itane</strong></span> <span class='ocrx_word' id='word_1_750' title='bbox 3248 4713 3354 4752; x_wconf 83' lang='lat' dir='ltr'><strong>vox</strong></span> <span class='ocrx_word' id='word_1_751' title='bbox 3399 4715 3534 4766; x_wconf 71' lang='grc' dir='ltr'>προ-η</span> 
     </span>
    </p>
   </div>
   <div class='ocr_carea' id='block_1_106' title="bbox 1936 4789 3533 4858">
    <p class='ocr_par' dir='ltr' id='par_1_106' title="bbox 1936 4789 3533 4858">
     <span class='ocr_line' id='line_1_106' title="bbox 1936 4789 3533 4858; baseline -0.003 -11"><span class='ocrx_word' id='word_1_752' title='bbox 1936 4795 2160 4858; x_wconf 74' lang='grc' dir='ltr'>ϐαίνειν,</span> <span class='ocrx_word' id='word_1_753' title='bbox 2195 4795 2240 4849; x_wconf 89' lang='lat' dir='ltr'><strong>si</strong></span> <span class='ocrx_word' id='word_1_754' title='bbox 2276 4794 2498 4848; x_wconf 83' lang='lat' dir='ltr'><strong>verbum</strong></span> <span class='ocrx_word' id='word_1_755' title='bbox 2541 4793 2708 4847; x_wconf 88' lang='lat' dir='ltr'><strong>verbo</strong></span> <span class='ocrx_word' id='word_1_756' title='bbox 2740 4793 2968 4846; x_wconf 83' lang='lat' dir='ltr'><strong>reddere</strong></span> <span class='ocrx_word' id='word_1_757' title='bbox 3001 4791 3158 4852; x_wconf 84' lang='lat' dir='ltr'><strong>velis,</strong></span> <span class='ocrx_word' id='word_1_758' title='bbox 3229 4789 3533 4843; x_wconf 79' lang='lat' dir='ltr'><strong>exorbitare</strong></span> 
     </span>
    </p>
   </div>
   <div class='ocr_carea' id='block_1_107' title="bbox 1937 4879 3531 4955">
    <p class='ocr_par' dir='ltr' id='par_1_107' title="bbox 1937 4879 3531 4955">
     <span class='ocr_line' id='line_1_107' title="bbox 1937 4879 3531 4955; baseline -0.005 -16"><span class='ocrx_word' id='word_1_759' title='bbox 1937 4902 1999 4940; x_wconf 89' lang='lat' dir='ltr'><strong>ac</strong></span> <span class='ocrx_word' id='word_1_760' title='bbox 2029 4885 2327 4955; x_wconf 82' lang='lat' dir='ltr'><strong>transgredi</strong></span> <span class='ocrx_word' id='word_1_761' title='bbox 2357 4883 2664 4953; x_wconf 84' lang='lat' dir='ltr'><strong>significat;</strong></span> <span class='ocrx_word' id='word_1_762' title='bbox 2707 4891 2798 4936; x_wconf 86' lang='lat' dir='ltr'><strong>aut</strong></span> <span class='ocrx_word' id='word_1_763' title='bbox 2840 4883 2982 4936; x_wconf 88' lang='lat' dir='ltr'><strong>idem</strong></span> <span class='ocrx_word' id='word_1_764' title='bbox 3023 4893 3108 4934; x_wconf 87' lang='lat' dir='ltr'><strong>est</strong></span> <span class='ocrx_word' id='word_1_765' title='bbox 3154 4879 3298 4948; x_wconf 86' lang='lat' dir='ltr'><strong>quod</strong></span> <span class='ocrx_word' id='word_1_766' title='bbox 3347 4896 3531 4948; x_wconf 60' lang='grc' dir='ltr'>παραυ</span> 
     </span>
    </p>
   </div>
   <div class='ocr_carea' id='block_1_108' title="bbox 1936 4969 3532 5046">
    <p class='ocr_par' dir='ltr' id='par_1_108' title="bbox 1936 4969 3532 5046">
     <span class='ocr_line' id='line_1_108' title="bbox 1936 4969 3532 5046; baseline -0.006 -16"><span class='ocrx_word' id='word_1_767' title='bbox 1936 4977 2182 5032; x_wconf 67' lang='grc' dir='ltr'>ϐαίνεινῖ</span> <span class='ocrx_word' id='word_1_768' title='bbox 2207 4977 2330 5046; x_wconf 88' lang='lat' dir='ltr'><strong>quis</strong></span> <span class='ocrx_word' id='word_1_769' title='bbox 2359 4990 2552 5028; x_wconf 86' lang='lat' dir='ltr'><strong>novam</strong></span> <span class='ocrx_word' id='word_1_770' title='bbox 2582 4977 2725 5028; x_wconf 88' lang='lat' dir='ltr'><strong>hanc</strong></span> <span class='ocrx_word' id='word_1_771' title='bbox 2751 4971 3164 5041; x_wconf 83' lang='lat' dir='ltr'><strong>grammaticam</strong></span> <span class='ocrx_word' id='word_1_772' title='bbox 3207 4969 3377 5023; x_wconf 85' lang='lat' dir='ltr'><strong>ferat?</strong></span> <span class='ocrx_word' id='word_1_773' title='bbox 3405 4987 3532 5039; x_wconf 65' lang='grc' dir='ltr'>πρα-</span> 
     </span>
    </p>
   </div>
   <div class='ocr_carea' id='block_1_109' title="bbox 1935 5061 3532 5133">
    <p class='ocr_par' dir='ltr' id='par_1_109' title="bbox 1935 5061 3532 5133">
     <span class='ocr_line' id='line_1_109' title="bbox 1935 5061 3532 5133; baseline -0.005 -11"><span class='ocrx_word' id='word_1_774' title='bbox 1935 5069 2140 5124; x_wconf 67' lang='grc' dir='ltr'>ΰειίνειν</span> <span class='ocrx_word' id='word_1_775' title='bbox 2176 5076 2322 5123; x_wconf 89' lang='lat' dir='ltr'><strong>recte</strong></span> <span class='ocrx_word' id='word_1_776' title='bbox 2360 5075 2414 5121; x_wconf 88' lang='lat' dir='ltr'><strong>et</strong></span> <span class='ocrx_word' id='word_1_777' title='bbox 2454 5066 2522 5120; x_wconf 91' lang='lat' dir='ltr'><strong>ab</strong></span> <span class='ocrx_word' id='word_1_778' title='bbox 2567 5064 2960 5133; x_wconf 80' lang='lat' dir='ltr'><strong>interpretibus</strong></span> <span class='ocrx_word' id='word_1_779' title='bbox 3012 5069 3068 5116; x_wconf 87' lang='lat' dir='ltr'><strong>et</strong></span> <span class='ocrx_word' id='word_1_780' title='bbox 3109 5076 3139 5114; x_wconf 89' lang='lat' dir='ltr'><strong>a</strong></span> <span class='ocrx_word' id='word_1_781' title='bbox 3179 5061 3338 5116; x_wconf 82' lang='lat' dir='ltr'><strong>nobis</strong></span> <span class='ocrx_word' id='word_1_782' title='bbox 3373 5075 3532 5114; x_wconf 78' lang='lat' dir='ltr'><strong>acce-</strong></span> 
     </span>
    </p>
   </div>
   <div class='ocr_carea' id='block_1_110' title="bbox 1936 5149 3527 5230">
    <p class='ocr_par' dir='ltr' id='par_1_110' title="bbox 1936 5149 3527 5230">
     <span class='ocr_line' id='line_1_110' title="bbox 1936 5149 3527 5230; baseline -0.006 -17"><span class='ocrx_word' id='word_1_783' title='bbox 1936 5170 2087 5230; x_wconf 87' lang='lat' dir='ltr'><strong>ptum</strong></span> <span class='ocrx_word' id='word_1_784' title='bbox 2127 5166 2210 5214; x_wconf 90' lang='lat' dir='ltr'><strong>est</strong></span> <span class='ocrx_word' id='word_1_785' title='bbox 2247 5172 2344 5228; x_wconf 90' lang='lat' dir='ltr'><strong>pro</strong></span> <span class='ocrx_word' id='word_1_786' title='bbox 2395 5172 2482 5216; x_wconf 86' lang='lat' dir='ltr'><strong>eo,</strong></span> <span class='ocrx_word' id='word_1_787' title='bbox 2528 5156 2672 5226; x_wconf 88' lang='lat' dir='ltr'><strong>quod</strong></span> <span class='ocrx_word' id='word_1_788' title='bbox 2710 5162 2791 5209; x_wconf 85' lang='lat' dir='ltr'><strong>est</strong></span> <span class='ocrx_word' id='word_1_789' title='bbox 2837 5152 3077 5225; x_wconf 79' lang='lat' dir='ltr'><strong>progredi</strong></span> <span class='ocrx_word' id='word_1_790' title='bbox 3123 5167 3186 5205; x_wconf 87' lang='lat' dir='ltr'><strong>ac</strong></span> <span class='ocrx_word' id='word_1_791' title='bbox 3232 5149 3527 5219; x_wconf 81' lang='lat' dir='ltr'><strong>procedere.</strong></span> 
     </span>
    </p>
   </div>
   <div class='ocr_carea' id='block_1_111' title="bbox 1939 5239 3528 5314">
    <p class='ocr_par' dir='ltr' id='par_1_111' title="bbox 1939 5239 3528 5314">
     <span class='ocr_line' id='line_1_111' title="bbox 1939 5239 3528 5314; baseline -0.007 -9"><span class='ocrx_word' id='word_1_792' title='bbox 1939 5251 2117 5305; x_wconf 89' lang='lat' dir='ltr'><strong>Unum</strong></span> <span class='ocrx_word' id='word_1_793' title='bbox 2143 5249 2276 5304; x_wconf 90' lang='lat' dir='ltr'><strong>illud</strong></span> <span class='ocrx_word' id='word_1_794' title='bbox 2301 5249 2352 5301; x_wconf 93' lang='lat' dir='ltr'><strong>in</strong></span> <span class='ocrx_word' id='word_1_795' title='bbox 2377 5246 2878 5314; x_wconf 87' lang='lat' dir='ltr'><strong>Christophorsono</strong></span> <span class='ocrx_word' id='word_1_796' title='bbox 2897 5246 3020 5312; x_wconf 86' lang='lat' dir='ltr'><strong>jure</strong></span> <span class='ocrx_word' id='word_1_797' title='bbox 3047 5241 3351 5310; x_wconf 89' lang='lat' dir='ltr'><strong>displicuit,</strong></span> <span class='ocrx_word' id='word_1_798' title='bbox 3383 5239 3528 5309; x_wconf 84' lang='lat' dir='ltr'><strong>quod</strong></span> 
     </span>
    </p>
   </div>
   <div class='ocr_carea' id='block_1_112' title="bbox 1936 5331 3533 5405">
    <p class='ocr_par' dir='ltr' id='par_1_112' title="bbox 1936 5331 3533 5405">
     <span class='ocr_line' id='line_1_112' title="bbox 1936 5331 3533 5405; baseline -0.008 -9"><span class='ocrx_word' id='word_1_799' title='bbox 1936 5357 1967 5395; x_wconf 92' lang='lat' dir='ltr'><strong>e</strong></span> <span class='ocrx_word' id='word_1_800' title='bbox 2031 5356 2132 5395; x_wconf 87' lang='lat' dir='ltr'><strong>suo</strong></span> <span class='ocrx_word' id='word_1_801' title='bbox 2189 5338 2529 5393; x_wconf 89' lang='lat' dir='ltr'><strong>vocabulum.</strong></span> <span class='ocrx_word' id='word_1_802' title='bbox 2576 5336 2795 5405; x_wconf 84' lang='lat' dir='ltr'><strong>adjecit,</strong></span> <span class='ocrx_word' id='word_1_803' title='bbox 2850 5336 2903 5388; x_wconf 86' lang='lat' dir='ltr'><strong>in</strong></span> <span class='ocrx_word' id='word_1_804' title='bbox 2949 5331 3266 5402; x_wconf 79' lang='lat' dir='ltr'><strong>conﬁtendo.</strong></span> <span class='ocrx_word' id='word_1_805' title='bbox 3315 5331 3533 5386; x_wconf 86' lang='lat' dir='ltr'><strong>Putavit</strong></span> 
     </span>
    </p>
   </div>
   <div class='ocr_carea' id='block_1_113' title="bbox 1937 5423 3531 5501">
    <p class='ocr_par' dir='ltr' id='par_1_113' title="bbox 1937 5423 3531 5501">
     <span class='ocr_line' id='line_1_113' title="bbox 1937 5423 3531 5501; baseline -0.006 -15"><span class='ocrx_word' id='word_1_806' title='bbox 1937 5433 2217 5487; x_wconf 84' lang='lat' dir='ltr'><strong>mulierem</strong></span> <span class='ocrx_word' id='word_1_807' title='bbox 2258 5433 2308 5484; x_wconf 93' lang='lat' dir='ltr'><strong>iu</strong></span> <span class='ocrx_word' id='word_1_808' title='bbox 2358 5431 2571 5501; x_wconf 88' lang='lat' dir='ltr'><strong>publica</strong></span> <span class='ocrx_word' id='word_1_809' title='bbox 2628 5427 2975 5483; x_wconf 84' lang='lat' dir='ltr'><strong>confessione</strong></span> <span class='ocrx_word' id='word_1_810' title='bbox 3027 5425 3256 5480; x_wconf 88' lang='lat' dir='ltr'><strong>dicenda</strong></span> <span class='ocrx_word' id='word_1_811' title='bbox 3299 5423 3531 5480; x_wconf 85' lang='lat' dir='ltr'><strong>tacenda</strong></span> 
     </span>
    </p>
   </div>
   <div class='ocr_carea' id='block_1_114' title="bbox 1935 5515 3530 5593">
    <p class='ocr_par' dir='ltr' id='par_1_114' title="bbox 1935 5515 3530 5593">
     <span class='ocr_line' id='line_1_114' title="bbox 1935 5515 3530 5593; baseline -0.006 -18"><span class='ocrx_word' id='word_1_812' title='bbox 1935 5529 2209 5593; x_wconf 86' lang='lat' dir='ltr'><strong>vulgasse,</strong></span> <span class='ocrx_word' id='word_1_813' title='bbox 2261 5528 2314 5574; x_wconf 87' lang='lat' dir='ltr'><strong>et</strong></span> <span class='ocrx_word' id='word_1_814' title='bbox 2359 5521 2566 5574; x_wconf 90' lang='lat' dir='ltr'><strong>crimen</strong></span> <span class='ocrx_word' id='word_1_815' title='bbox 2621 5518 2750 5572; x_wconf 89' lang='lat' dir='ltr'><strong>illud</strong></span> <span class='ocrx_word' id='word_1_816' title='bbox 2813 5517 3013 5572; x_wconf 84' lang='lat' dir='ltr'><strong>infame</strong></span> <span class='ocrx_word' id='word_1_817' title='bbox 3067 5516 3207 5569; x_wconf 82' lang='lat' dir='ltr'><strong>inter</strong></span> <span class='ocrx_word' id='word_1_818' title='bbox 3244 5515 3348 5568; x_wconf 90' lang='lat' dir='ltr'><strong>alia</strong></span> <span class='ocrx_word' id='word_1_819' title='bbox 3404 5527 3530 5583; x_wconf 83' lang='lat' dir='ltr'><strong>pro-</strong></span> 
     </span>
    </p>
   </div>
   <div class='ocr_carea' id='block_1_115' title="bbox 1937 5605 3529 5685">
    <p class='ocr_par' dir='ltr' id='par_1_115' title="bbox 1937 5605 3529 5685">
     <span class='ocr_line' id='line_1_115' title="bbox 1937 5605 3529 5685; baseline -0.006 -16"><span class='ocrx_word' id='word_1_820' title='bbox 1937 5615 2180 5680; x_wconf 77' lang='lat' dir='ltr'><strong>fessam;</strong></span> <span class='ocrx_word' id='word_1_821' title='bbox 2223 5612 2368 5683; x_wconf 73' lang='lat' dir='ltr'><strong>(ptod</strong></span> <span class='ocrx_word' id='word_1_822' title='bbox 2421 5627 2594 5685; x_wconf 68' lang='lat' dir='ltr'><strong>neque</strong></span> <span class='ocrx_word' id='word_1_823' title='bbox 2633 5626 2818 5666; x_wconf 80' lang='lat' dir='ltr'><strong>verum</strong></span> <span class='ocrx_word' id='word_1_824' title='bbox 2873 5620 2972 5681; x_wconf 60' lang='lat' dir='ltr'><strong>est,</strong></span> <span class='ocrx_word' id='word_1_825' title='bbox 3010 5623 3183 5673; x_wconf 89' lang='lat' dir='ltr'><strong>neque</strong></span> <span class='ocrx_word' id='word_1_826' title='bbox 3237 5607 3289 5660; x_wconf 89' lang='lat' dir='ltr'><strong>in</strong></span> <span class='ocrx_word' id='word_1_827' title='bbox 3339 5605 3529 5662; x_wconf 62' lang='lat' dir='ltr'><strong>Graeca</strong></span> 
     </span>
    </p>
   </div>
   <div class='ocr_carea' id='block_1_116' title="bbox 2012 5792 2372 5858">
    <p class='ocr_par' dir='ltr' id='par_1_116' title="bbox 2012 5792 2372 5858">
     <span class='ocr_line' id='line_1_116' title="bbox 2012 5792 2372 5858; baseline 0.003 -11"><span class='ocrx_word' id='word_1_828' title='bbox 2012 5794 2086 5858; x_wconf 80' lang='lat' dir='ltr'><strong>(b)</strong></span> <span class='ocrx_word' id='word_1_829' title='bbox 2117 5793 2245 5858; x_wconf 70' lang='lat' dir='ltr'><strong>l’ag.</strong></span> <span class='ocrx_word' id='word_1_830' title='bbox 2283 5792 2372 5848; x_wconf 69' lang='lat'><strong>&#39;22.</strong></span> 
     </span>
    </p>
   </div>
  </div>
