3920 6408
446 338 550 397 6'27

1779 343 1963 403 DION.
2003 340 2354 402 PETAVIUS

3576 366 3660 423 6'28

443 463 776 520 continetur.
808 462 922 520 Hoc
949 466 1185 537 primum
1214 474 1297 523 est
1336 467 1752 539 grammaticum
1788 468 2031 539 σφάλμα.
2067 468 2113 525 Α
2140 464 2351 520 hiscum
2372 468 2575 524 sentire
2600 482 2657 524 se
2695 469 3017 540 profiteatur
3051 471 3123 543 (c)
3156 473 3298 544 (nam
3334 475 3492 546 legem
3525 478 3664 535 ullam

514 556 671 609 Aliud
698 567 941 613 erratum
984 566 1137 616 tuum
1166 577 1179 615 :
1215 576 1335 631 pag.
1367 561 1436 616 29
1489 561 1670 631 carpis
1704 561 1855 625 illud,
1881 559 2027 631 quod

442 662 544 717 ego
573 648 840 715 dixeram,
883 664 912 703 a
947 658 1140 706 senatu
1174 652 1459 707 consulum
1489 652 1667 717 alteri,
1699 653 2030 708 ambobusve

442 737 758 806 capitalium
792 755 1086 794 causarum
1117 742 1485 811 cognitionem
1522 756 1644 797 esse
1691 742 2026 805 mandatam,

442 839 735 900 antequam
780 833 996 901 publica
1027 835 1255 904 quastio
1286 824 1737 889 constitueretur.
1787 832 1911 887 Non
1953 834 2029 886 ita

442 937 497 975 se
528 937 609 975 res
639 922 815 987 habet,
838 924 1039 996 inquis.
1070 924 1295 980 Senatus
1326 942 1595 995 nunquam
1612 924 1916 980 consulibus
1951 941 2029 979 re-

444 1029 565 1067 rum
593 1017 901 1085 capitalium
920 1020 1264 1088 cognitionem
1296 1019 1578 1073 commisit.
1603 1016 1759 1083 Quod
1786 1026 1841 1072 tu
1871 1017 2030 1072 dein-

442 1120 573 1175 ceps
602 1108 669 1161 ad
703 1107 861 1163 finem
895 1110 1089 1179 capitis
1137 1126 1309 1179 usque
1354 1109 1577 1180 probas.
1611 1106 1678 1163 Et
1715 1108 1823 1171 hic,
1846 1112 1890 1164 si
1909 1108 2031 1178 qui-

421 1198 564 1252 adem
606 1200 987 1270 εἰρωνεύεσθαι
1020 1211 1073 1255 et
1110 1201 1352 1255 cavillari
1398 1201 1617 1264 scirem,
1651 1207 1745 1254 aut
1781 1200 1887 1255 nisi
1931 1215 2032 1269 pu-
2072 1225 2077 1228 -

441 1289 656 1345 ἀθηιίοτ
696 1292 1103 1363 modestiorque
1147 1309 1325 1349 essem
1353 1308 1517 1364 quam
1555 1303 1613 1349 tu
1650 1310 1736 1350 me
1769 1308 1891 1347 esse
1924 1293 2030 1359 vis,

440 1380 635 1435 bellam
680 1382 816 1436 mibi
854 1383 1079 1453 jocandi
1126 1385 1408 1440 materiam
1453 1385 1716 1440 obtulisti.
1760 1384 1914 1439 Unus
1942 1382 2033 1439 Ci-

442 1487 569 1528 cero
600 1473 836 1542 docebit,
868 1492 1030 1546 quam
1064 1484 1210 1531 recte
1242 1477 1346 1532 ista
1396 1477 1708 1549 scripseris.
1763 1475 1950 1531 Refert
1986 1475 2033 1531 is

439 1562 495 1619 in
520 1581 586 1621 eo
615 1566 775 1633 libro,
806 1569 898 1638 qui
926 1567 1000 1623 De
1038 1570 1201 1624 claris
1230 1569 1535 1625 oratoribus
1559 1569 1901 1632 inscribitur,
1939 1566 2033 1622 ubi

440 1655 510 1713 de
544 1656 709 1714 Lalio
731 1668 786 1715 et
819 1660 987 1715 Galba
1021 1662 1334 1717 oratoribus
1358 1663 1490 1733 agit,
1521 1662 1650 1732 quid
1688 1660 1883 1715 Publio
1913 1657 2035 1715 Sei-

440 1748 605 1818 pione
639 1760 691 1805 et
722 1748 786 1808 Ι).
816 1750 985 1807 Bruto
1022 1766 1169 1809 coss.
1222 1752 1409 1808 Roma
1453 1761 1665 1822 gestum
1710 1753 1801 1816 sit,
1833 1753 1886 1806 in
1919 1753 2033 1805 hac

441 1841 649 1897 verba:
690 1840 836 1896 Nam
888 1860 1005 1897 cum
1052 1843 1108 1898 in
1139 1844 1274 1899 silva
1318 1861 1419 1899 sua
1457 1820 1552 1917 (al.
1599 1844 1841 1913 Scantio)
1883 1843 2033 1912 facta
2066 1820 2110 1878 Β

437 1938 609 1989 credes
647 1948 802 2002 esset,
841 1939 1051 2007 notique
1089 1939 1323 1993 homines
1364 1939 1647 2008 interfecti,
1692 1937 2033 1992 insimulare-

440 2037 629 2095 turque
661 2028 896 2097 familia,
936 2029 1135 2096 partim
1183 2030 1347 2084 etiam
1394 2030 1547 2085 liberi
1591 2030 1857 2083 societatis
1891 2028 2029 2097 ejus,

436 2132 555 2188 qua:
577 2118 840 2186 picearias
866 2120 931 2174 de
961 2119 1025 2173 P.
1058 2117 1324 2187 Cornelio,
1357 2120 1420 2175 L.
1447 2119 1706 2174 Mummio
1736 2136 1873 2174 coss.
1906 2118 2028 2173 red-

433 2210 669 2278 emisset,
693 2210 981 2267 decrevisse
1008 2222 1273 2278 senatum,
1305 2222 1363 2267 ut
1389 2230 1453 2269 ea
1482 2213 1547 2268 de
1580 2230 1633 2267 re
1661 2220 2030 2284 cognoscerent

434 2308 488 2353 et
517 2310 807 2356 statuerent
841 2304 1102 2359 consules.
1134 2304 1272 2361 Cum
1315 2305 1407 2359 illa
1448 2305 1515 2362 de
1559 2312 1753 2361 senatu
1784 2305 2031 2360 Romano

434 2399 489 2446 et
512 2393 835 2449 consulibus
876 2395 931 2449 in
962 2397 1270 2467 exemplum
1311 2396 1704 2453 ecclesiastica
1730 2404 2032 2453 consuetu-

434 2479 582 2535 dinis
620 2480 893 2549 all‘errem,
919 2483 1202 2541 Ciceronis
1257 2486 1434 2541 locum
1470 2485 1622 2539 illum
1658 2484 1923 2540 habebam
1972 2484 2030 2539 in

435 2570 658 2638 animo;
694 2588 874 2643 neque
906 2573 981 2627 ita
1008 2574 1140 2629 mihi
1163 2591 1543 2647 persuaseram
1569 2595 1583 2632 :
1612 2591 1643 2629 a
1678 2586 1870 2631 senatu
1908 2590 2031 2645 per-

435 2667 603 2730 petuo
636 2664 956 2719 consulibus
999 2672 1094 2719 aut
1138 2667 1257 2722 sine
1285 2682 1412 2737 pop.
1458 2666 1619 2721 Rom.
1656 2667 1813 2737 jussu
1861 2667 2032 2722 fuisse

437 2753 778 2819 mandatum,
810 2754 906 2810 sed
939 2756 1085 2826 quod
1133 2756 1187 2811 id
1238 2757 1535 2827 aliquando
1574 2758 1915 2828 contigisset,
1960 2756 2030 2811 ad

436 2844 747 2914 exemplum
779 2846 914 2903 satis
959 2861 1084 2903 esse
1118 2848 1269 2904 duxi.
1315 2850 1384 2902 At
1430 2857 1490 2904 tu
1526 2864 1767 2920 praceps
1802 2849 1856 2903 in
1881 2847 2029 2903 aliud

435 2944 741 2992 extremum
776 2938 1081 3004 incurristi,
1110 2947 1169 2995 ut
1204 2941 1501 3011 generatim
1542 2925 1899 3011 pronuntiare
1928 2954 2028 2994 au-

435 3028 634 3085 deres:
680 3039 921 3085 senatum
966 3047 1234 3102 nunquam
1270 3031 1575 3087 consulibus
1622 3049 1798 3087 rerum
1828 3034 2029 3102 capita-

438 3120 571 3174 lium
600 3123 949 3193 cognitionem
982 3123 1331 3178 commisisse.

509 3212 616 3268 Sed
664 3220 725 3269 ut
762 3214 831 3269 ad
870 3211 1253 3271 Nectarianam
1293 3216 1442 3272 illam
1475 3215 1759 3273 historiam
1786 3215 2029 3283 redeam,

436 3306 671 3361 obsecro
716 3316 922 3376 te,quo
968 3316 1311 3377 argumento,
1358 3324 1467 3378 qua
1520 3309 1839 3377 conjectura
1870 3309 2033 3366 nixus

435 3398 726 3454 mulierem
773 3398 935 3453 istam
984 3399 1041 3454 in
1083 3399 1434 3456 confessione
1480 3401 1699 3470 publica
1746 3401 2033 3455 infandum

437 3488 573 3542 illud
595 3488 862 3559 flagitium
887 3490 1203 3560 propalasse
1233 3490 1521 3547 defendis?
1545 3491 1719 3559 Quem
1751 3499 2032 3547 auctorem

437 3580 727 3635 nominas?
751 3580 886 3634 Nam
910 3581 1166 3638 Socrates
1189 3591 1245 3640 et
1268 3583 1630 3649 Sozomenus,
1651 3584 1795 3639 unde
1817 3584 1930 3639 hac
1956 3584 2035 3637 hi-

436 3670 610 3727 Storia
638 3671 899 3735 manavit,
926 3671 1061 3725 nihil
1086 3673 1193 3728 tale
1219 3680 1667 3729 commemorant.
1695 3673 1806 3729 Cur
1835 3674 1930 3729 tibi
1953 3674 2035 3730 sic

438 3765 566 3821 illos
596 3765 944 3838 interpretari
967 3769 1170 3835 licebit,
1204 3776 1263 3825 ut
1300 3785 1367 3824 ex
1402 3782 1582 3827 mente
1615 3779 1727 3835 tua,
1752 3769 1896 3841 quod
1921 3786 2032 3826 non

437 3872 699 3927 esprmse
722 3858 989 3925 referunt,
1015 3860 1238 3931 afﬁngas
1262 3870 1316 3919 et
1342 3871 1594 3929 attexas;
1623 3863 1783 3919 nobis
1813 3878 2034 3919 eorum-

437 3947 562 4003 dsm
587 3949 749 4005 verba
773 3951 1115 4022 simpliciter,
1134 3962 1187 4008 et
1213 3954 1516 4010 secundum
1544 3955 1782 4009 nativam
1813 3955 2031 4010 illorum

434 4039 546 4094 vim
562 4042 809 4110 accipere
827 4051 990 4113 atque
1006 4044 1280 4115 explicare
1296 4046 1452 4101 nefas
1471 4046 1610 4101 erit?
1626 4046 1807 4113 Quare
1824 4046 2032 4101 diutius

435 4131 494 4190 in
516 4134 823 4191 refutandis
840 4137 960 4193 istis
984 4154 1092 4192 non
1116 4139 1468 4194 morabimur.
1495 4138 1567 4194 De
1587 4154 1796 4194 canone
1813 4148 2033 4194 conten-

433 4224 575 4280 tiosa
608 4240 696 4281 res
718 4235 823 4291 est,
844 4243 1023 4298 neque
1060 4229 1209 4298 quod
1249 4230 1332 4287 vis
1364 4229 1463 4302 (η),
1517 4230 1769 4301 ingratiis
1815 4230 2031 4284 obtine-

433 4314 541 4372 bis.
585 4314 721 4371 Nam
755 4326 809 4372 et
839 4318 1072 4373 subinde
1116 4320 1315 4374 κανόνα
1353 4337 1451 4391 pro
1490 4321 1606 4392 lege
1647 4330 1701 4377 et
1744 4320 2031 4377 sanctione

436 4406 690 4474 sumpsit,
714 4421 836 4460 cum
874 4407 1097 4478 subjicit
1125 4425 1139 4463 :
1169 4405 1337 4473 Οὗτος
1364 4412 1393 4464 ὁ
1421 4409 1602 4465 κανὼν
1630 4414 1825 4482 κρατεῖ
1864 4410 2028 4482 μέχρι

435 4495 533 4549 νῦν
559 4497 618 4549 ὲν
655 4500 775 4559 ταῖς
800 4497 986 4563 ἄλλαις
1019 4501 1290 4571 αἱρέσεσι.

1071 4611 1303 4667 CAPUT
1328 4612 1391 4666 V.

435 4699 517 4754 De
544 4701 756 4777 publica
784 4704 1130 4772 confessione,
1160 4722 1276 4776 qua:
1307 4705 1457 4760 nulla
1500 4707 1651 4777 vulgo
1686 4710 1919 4763 moribus
1945 4725 2028 4763 re-

507 4783 689 4847 cepta.
719 4772 909 4847 Leonis
956 4790 1108 4843 papa:
1167 4772 1464 4831 auctoritas
1516 4772 1788 4847 perperam
1826 4781 1883 4835 in
1910 4780 2027 4835 dis-

507 4844 903 4909 punctiunculis
943 4856 1157 4914 accepta
1186 4847 1283 4919 (b).

2059 3155 2106 3216 C

2053 4486 2101 4545 D

505 4954 790 5015 Publicam
833 4970 1184 5031 peccatorum
1231 4962 1636 5021 confessionem
1672 4966 1744 5020 ita
1778 4966 2024 5023 moribus

435 5047 695 5104 Ecclesia
726 5061 998 5121 receptam
1046 5052 1217 5111 fuisse
1268 5054 1322 5108 in
1355 5053 1600 5109 Diatriba
1647 5072 1931 5127 negamus,
1967 5068 2026 5115 ut

438 5137 492 5192 id
530 5139 644 5209 lege
676 5140 785 5195 ulla
814 5143 1214 5212 ecclesiastica,
1247 5153 1342 5199 aut
1366 5161 1429 5201 ea
1459 5149 2025 5220 consuetudine,qua

438 5230 494 5286 in
530 5231 699 5302 legem
724 5234 1349 5298 abiisset,constitutum
1377 5238 1564 5294 fuerit.
1599 5239 1672 5295 De
1698 5257 1805 5312 qua
1834 5260 2022 5305 renon

436 5337 500 5377 ea
532 5330 795 5394 repetam,
824 5342 946 5396 qua
989 5328 1205 5396 plenius
1252 5330 1366 5386 illic
1407 5332 1740 5403 uberiusque
1785 5344 2023 5391 tractata

437 5423 586 5470 sunt.
626 5414 960 5489 Dispunctor
1006 5436 1134 5478 vero
1176 5431 1388 5494 noster,
1420 5441 1546 5483 eum
1572 5425 1641 5483 de
1674 5444 1734 5483 re
1774 5430 1894 5501 ipsa
1924 5444 2024 5485 no-

518 5676 531 5689 ο

507 5692 527 5795 i

534 5678 588 5748 ᾳ)
622 5679 748 5748 Pag.
778 5683 865 5735 27.

535 5746 582 5804 bi
616 5746 744 5819 Pag.
780 5751 865 5807 51.

2140 559 2197 611 ln
2237 556 2480 614 Ecclesia
2524 559 2688 615 latam
2722 575 2843 616 esse
2872 577 2982 615 non
3013 570 3186 631 putat,
3222 578 3339 632 qua
3371 574 3570 633 peccata
3588 581 3665 636 pu-

2144 648 2283 703 blice
2308 648 2539 719 proferri
2592 652 2886 722 jusserit),
2933 659 3113 708 tamen
3162 654 3328 707 tacito
3354 662 3404 709 et
3426 649 3668 713 illitterato

2139 756 2413 798 consensu
2470 746 2852 816 episc0porum
2920 746 3197 802 laudatam
3260 748 3513 819 ejusmodi
3558 769 3669 809 con-

2138 832 2486 888 suetudinem
2519 850 2642 891 esse
2685 834 2983 906 pertendit.
3017 836 3128 892 Nec
3157 838 3546 908 animadvertit,
3579 844 3671 913 pri-

2138 940 2287 978 mum
2328 926 2379 979 id
2411 934 2604 981 contra
2655 942 2756 981 nos
2810 926 2988 983 facere
3016 929 3174 994 nihil,
3214 930 3305 1000 qui
3350 930 3416 987 de
3464 932 3570 1003 lege
3602 934 3671 988 vel

2138 1029 2397 1083 expressa
2429 1017 2515 1071 vel
2547 1017 2716 1071 tacita
2739 1016 2906 1072 locuti
2929 1033 3157 1085 sumus;
3185 1020 3379 1075 deinde
3396 1036 3496 1075 non
3519 1023 3674 1077 minus

2140 1103 2218 1169 id,
2258 1107 2405 1176 quod
2437 1109 2656 1172 asserit,
2690 1109 2866 1163 sancti
2907 1107 3129 1176 Leonis,
3161 1118 3215 1165 et
3239 1110 3531 1167 Tridentini
3560 1127 3675 1167 con-

2139 1197 2252 1253 cilii
2285 1200 2469 1255 verbis
2497 1208 2551 1255 et
2581 1200 2900 1255 auctoritati
2923 1202 3212 1273 refragari.
3246 1201 3303 1256 ι).
3328 1201 3435 1257 Leo
3456 1203 3674 1272 epist.80

2140 1289 2415 1359 publicam
2453 1290 2600 1343 illam
2636 1301 2985 1360 peccatorum
3014 1291 3428 1361 professionem,
3458 1307 3604 1361 quam
3632 1293 3675 1345 in

2142 1385 2343 1454 angulo
2367 1385 2602 1454 quodam
2650 1384 2817 1440 Italia
2849 1388 3107 1457 usurpari
3148 1386 3415 1449 audierat,
3455 1402 3679 1457 prmum-

2140 1479 2370 1548 ptionem
2406 1486 2592 1532 contra
2622 1478 2972 1547 apostolicam
3003 1478 3240 1550 regulam
3275 1478 3520 1548 appellat,
3546 1492 3679 1545 quant

2142 1586 2307 1639 nuper
2346 1570 2613 1641 agnouerit
2660 1587 2693 1623 a
2744 1569 3064 1641 quibusdam
3121 1569 3317 1624 illicita
3377 1568 3681 1635 usurpatione

2142 1662 2422 1718 committi.
2472 1661 2626 1718 Scire
2676 1662 2857 1727 velim,
2912 1678 3021 1733 qua
3051 1670 3110 1717 tu
3140 1663 3353 1717 ratione
3381 1660 3680 1722 contendas,

2142 1753 2419 1808 laudatam
2456 1754 2841 1825 episcoporum
2871 1768 3167 1819 consensu,
3195 1754 3300 1809 hoc
3322 1761 3426 1816 cst,
3456 1751 3682 1807 Ecclesia:

2138 1843 2466 1898 auctoritate
2519 1843 2954 1913 comprobatam,
3012 1844 3470 1912 prwsuinptionem
3519 1840 3680 1905 ullam,

2137 1949 2254 2004 qua
2283 1942 2468 1988 contra
2499 1934 2847 2003 apostolicam
2881 1932 3115 2004 regulam
3150 1933 3343 1987 illicita
3379 1931 3683 2001 usurpatione

2137 2026 2423 2080 commissa
2465 2025 2556 2079 sit.
2606 2022 2746 2078 Tum
2791 2024 2837 2080 si
2868 2040 2979 2080 non
3026 2023 3165 2080 satis
3206 2023 3457 2079 consulte
3498 2022 3684 2091 publica

2137 2123 2511 2187 peccatorum,
2553 2116 2720 2171 etiam
2760 2129 3111 2181 arcanorum,
3147 2114 3425 2169 confessio
3466 2113 3572 2184 lege
3606 2110 3686 2164 ali-

2135 2223 2242 2278 qua
2281 2206 2567 2278 praescribi
2621 2206 2883 2277 potuerit,
2918 2213 2980 2260 ut
3022 2221 3091 2260 ex
3142 2204 3455 2260 Tridentini
3491 2202 3684 2257 concilii

2135 2300 2341 2364 verbis,
2385 2300 2654 2370 probante
2704 2308 2778 2365 te,
2832 2298 3176 2370 colligimus;
3240 2312 3428 2353 nonne
3471 2296 3604 2367 paris
3641 2302 3685 2347 et

2135 2391 2384 2463 ejusdem
2438 2390 2827 2462 imprudentia
2870 2405 2993 2447 esse
3032 2388 3335 2454 videbitur,
3371 2388 3515 2442 illam
3540 2386 3686 2457 ipsam

2135 2483 2352 2555 publice
2386 2482 2680 2539 confitendi
2707 2482 3160 2538 consuetudinem
3200 2496 3316 2537 non
3358 2481 3579 2535 tolerare
3611 2490 3685 2530 so-

2134 2571 2290 2637 lum;
2320 2572 2467 2643 quod
2521 2588 2589 2627 ne
2640 2572 2819 2642 ipsum
2851 2572 3072 2644 quidem
3124 2579 3323 2627 contra
3362 2567 3685 2641 apostolicam

2137 2664 2381 2734 regulam
2411 2680 2477 2718 ac
2512 2665 2859 2735 prudentiam
2895 2665 3179 2720 tolerabile
3222 2664 3316 2727 sit,
3336 2662 3429 2719 sed
3446 2661 3687 2717 asciscere

2136 2756 2302 2811 etiam
2340 2770 2403 2809 ac
2425 2754 2687 2812 laudare?
2717 2754 2993 2827 Quidquid
3029 2756 3427 2810 auctoritatum
3459 2764 3688 2808 accumu-

2133 2844 2236 2908 las,
2270 2845 2347 2899 uti
2380 2844 2653 2915 publicam
2676 2852 3031 2915 peccatorum
3048 2842 3458 2899 confessionem
3480 2847 3686 2898 astruas,

2133 2937 2271 2990 nihil
2327 2944 2631 3006 promovet.
2686 2936 2895 2992 llorum
2940 2936 3141 3008 quippe
3171 2935 3378 3006 partim
3402 2931 3466 2987 de
3499 2925 3688 3001 publica

2135 3026 2228 3081 illa
2281 3025 2624 3097 professione
2670 3026 2996 3097 loquuntur,
3061 3040 3181 3096 qua
3228 3039 3346 3081 non
3407 3030 3514 3077 tam
3558 3030 3689 3079 voce,

2137 3138 2300 3194 quam
2327 3121 2488 3178 factis
2518 3122 2677 3192 ipsis,
2694 3129 2749 3176 ct
2776 3120 2962 3175 habitu
2985 3118 3398 3190 pauitentium,
3419 3130 3481 3170 ac
3504 3114 3689 3166 luctuo-

2137 3214 2215 3269 sis
2242 3212 2499 3268 sordibus
2538 3211 2874 3274 continetur,
2905 3206 3180 3280 quomodo
3196 3214 3249 3261 et
3277 3198 3690 3270 exhomologesin

2135 3304 2392 3375 usurpari
2441 3304 2692 3369 scimus;
2741 3302 2941 3373 partim
2971 3299 3104 3371 quid
3134 3296 3437 3369 aliquando
3491 3305 3542 3350 et
3587 3302 3691 3344 raro

2133 3404 2344 3468 gestum
2374 3395 2469 3459 sit,
2499 3410 2608 3450 non
2636 3394 2766 3465 quid
2824 3394 2961 3463 lege,
3001 3392 3085 3448 vel
3110 3391 3396 3447 communi
3427 3399 3479 3444 et
3501 3384 3688 3441 laudata

2134 3487 2536 3544 consuetudine
2580 3488 2857 3544 sancitum
2887 3485 3074 3553 fuerit,
3115 3483 3445 3539 ostendunt.
3478 3479 3615 3534 Adde
3643 3482 3688 3530 et

2134 3583 2409 3652 publicam
2454 3582 2777 3636 nonnullam
2820 3580 2991 3636 fuisse
3016 3576 3450 3639 confessionem,
3478 3586 3577 3645 qua
3611 3584 3689 3640 ge-

2135 3672 2370 3727 neratim
2400 3682 2455 3727 et
2484 3672 2743 3728 universe
2763 3678 3084 3742 peccatores
3117 3683 3177 3724 se
3212 3684 3343 3724 esse
3371 3667 3651 3722 faterentur
3676 3675 3688 3713 :

2134 3764 2443 3835 cuiusmodi
2486 3776 2647 3836 typus
2702 3772 2787 3820 est
2841 3764 2931 3819 ille
2989 3761 3386 3823 confessionis,
3435 3772 3587 3830 quem
3635 3766 3691 3806 cx

2135 3857 2366 3913 solemni
2422 3864 2478 3912 et
2531 3855 2772 3927 legitima
2802 3854 3057 3925 formula,
3090 3854 3145 3908 in
3172 3855 3297 3924 ipso
3336 3854 3515 3908 Missa
3540 3848 3689 3908 aditu.

2134 3960 2415 4022 praeunte
2466 3951 2776 4013 sacerdote,
2812 3950 3049 4019 populus
3083 3950 3353 4017 concipit.
3393 3947 3515 4002 llac
3543 3950 3691 4013 pauca

2132 4046 2181 4099 si
2212 4043 2502 4114 diligenter
2531 4044 2916 4107 observentur,
2949 4041 3017 4095 ad
3050 4038 3500 4111 interpretandas
3527 4042 3691 4091 aucto-

2133 4136 2326 4192 ritates
2360 4135 2507 4199 illas,
2540 4150 2678 4205 quas
2706 4132 2912 4189 frustra
2937 4131 3211 4215 congeris,
3247 4146 3317 4187 ac
3348 4127 3598 4186 diluenda
3614 4134 3691 4176 tua

2132 4227 2318 4284 omnia
2348 4228 2488 4283 satis
2526 4226 2723 4282 idonea
2756 4234 2909 4282 sunt.
2946 4227 3007 4279 In
3031 4224 3232 4280 Leonis
3258 4222 3575 4281 testimonio
3601 4231 3691 4273 nou

2132 4323 2311 4392 placet
2335 4320 2441 4377 ista
2471 4320 2726 4375 collectio
2749 4361 2762 4375 .
2783 4321 2921 4374 Cum
2956 4327 3141 4375 tantus
3162 4316 3412 4387 pontifex
3444 4314 3690 4386 publicam

2131 4414 2531 4469 confessionem
2606 4412 3068 4481 prmumptionem
3125 4418 3321 4463 contra
3370 4404 3691 4477 apostolicam

2132 4507 2391 4578 regulam,
2412 4506 2699 4576 etquidem
2715 4505 2962 4559 illicitum
2978 4503 3234 4575 appellet,
3257 4502 3389 4558 inde
3410 4494 3690 4557 concludis,

2128 4610 2342 4670 peccata
2387 4600 2549 4654 etiam
2606 4598 2816 4653 occulta
2861 4598 3168 4666 paenitentes
3212 4594 3461 4664 confiteri
3509 4589 3691 4647 solitos,

2129 4694 2206 4749 vel
2238 4708 2303 4748 ea:
2335 4694 2431 4747 hoc
2447 4693 2562 4747 loco
2593 4703 2792 4761 patere.
2818 4693 2902 4746 An
2940 4706 3049 4745 non
3090 4688 3206 4743 dixi
3234 4689 3463 4759 sapius,
3495 4698 3600 4739 non
3623 4678 3691 4733 sic

2129 4801 2159 4839 a
2196 4801 2283 4841 me
2333 4785 2608 4856 publicam
2642 4785 2831 4855 negari
2875 4782 3305 4847 confessionem,
3353 4787 3413 4834 ut
3450 4792 3514 4835 ea
3566 4786 3694 4829 nun-

2127 4896 2292 4951 quam
2321 4887 2584 4949 usurpata
2609 4879 2703 4943 sit,
2743 4876 2841 4933 sed
2872 4877 2953 4933 sic
2983 4884 3043 4931 ut
3079 4875 3198 4946 lege
3223 4875 3401 4940 nulla,
3434 4872 3519 4927 vel
3547 4865 3693 4922 tacita

2128 4975 2213 5029 vel
2262 4988 2546 5044 expressa,
2597 4979 2848 5042 recepta,
2902 4980 2957 5027 et
3003 4967 3405 5040 ptenitentibus
3456 4957 3693 5032 imposita

2131 5066 2334 5122 fuerit?
2368 5066 2573 5123 Deinde
2608 5065 2807 5121 Leonis
2847 5065 3011 5120 verba
3052 5064 3279 5134 legeres,
3308 5070 3365 5116 et
3396 5056 3694 5113 considera-

2128 5173 2219 5214 res
2251 5159 2533 5214 attentius.
2571 5156 2688 5212 Non
2732 5157 2948 5221 scribit,
2986 5155 3113 5209 olim
3135 5152 3597 5223 praesumptionem
3630 5139 3692 5195 il-

2130 5252 2239 5306 lam
2274 5254 2351 5306 sic
2382 5261 2663 5319 receptam,
2697 5261 2753 5304 ut
2783 5251 2838 5303 in
2886 5247 3321 5303 consuetudinem
3371 5242 3578 5303 abierit,
3610 5232 3691 5291 scd

2128 5359 2183 5397 se
2206 5359 2370 5411 nuper
2406 5342 2679 5413 agnovisse
2722 5340 2877 5403 dicit,
2912 5338 3051 5411 quod
3090 5356 3122 5392 a
3154 5336 3476 5409 quibusdam
3516 5326 3691 5385 illicita

2127 5433 2474 5515 usurpatione
2526 5432 2960 5488 committeretur.
3005 5430 3138 5497 Qua
3184 5428 3371 5493 verba,
3414 5437 3592 5493 nuper.
3623 5424 3689 5481 αἱ

2201 5693 2270 5765 (c)
2306 5692 2435 5765 Pag.
2465 5694 2552 5748 55.
