3920 6416
303 327 411 387 629

300 530 631 602 ignoratam,
655 541 751 588 aut
776 532 1179 590 dissitnulatant
1200 534 1370 592 fuisse
1399 536 1878 594 consuetudinem.

303 620 372 676 Et
403 623 631 678 omnino
677 625 851 696 gratis
885 626 1130 694 argutari
1157 634 1264 692 est,
1287 641 1351 681 ex
1381 627 1486 684 hoc
1515 628 1714 686 Leonis
1762 630 1885 687 loco

299 712 539 784 publicae
587 714 957 773 confessionis
1004 717 1194 784 ritum,
1223 719 1390 787 etiam
1412 735 1742 776 arcanorum
1769 721 1883 776 eri-

304 805 538 871 minum,
572 805 712 883 velle
734 808 1093 883 comprobare
1128 828 1142 865 :
1173 824 1334 880 quem
1361 811 1458 882 qui
1490 816 1650 883 tacito
1678 814 1886 883 episco-

302 914 496 966 porum
552 881 811 956 consensu
849 881 1129 957 laudatum
1158 920 1271 959 esse
1308 881 1585 972 delendat,
1608 922 1805 978 parum
1838 908 1893 977 is,

304 989 439 1044 mihi
500 989 806 1048 Tridentini
837 995 1077 1061 concilii,
1123 1011 1189 1052 ac
1231 996 1430 1054 Leonis
1466 998 1647 1071 Magni
1678 998 1893 1070 judicio,

304 1087 472 1149 atque
513 1083 831 1153 auctoritati
864 1084 1078 1143 deferre
1118 1089 1369 1158 videtur;
1401 1093 1496 1161 qui
1524 1100 1719 1148 contra
1753 1108 1887 1165 apo-

304 1170 561 1227 stolicam
621 1173 970 1233 traditionem
1018 1180 1499 1251 praesumptionem
1529 1183 1797 1249 illicitam,
1829 1191 1893 1240 ut

305 1276 337 1314 a
367 1260 552 1319 Leone
569 1276 819 1334 vocatur,
851 1276 909 1324 et
942 1285 1138 1340 parum
1174 1274 1507 1342 consultam,
1544 1277 1624 1330 uti
1651 1275 1888 1333 Triden-

306 1353 486 1409 tinum
508 1358 802 1414 concilium
823 1362 1096 1427 nominat,
1126 1366 1420 1434 rationem,
1454 1383 1727 1426 consensu
1769 1370 1890 1426 lau-

306 1444 491 1500 datam
516 1450 984 1522 approbatamque
1012 1452 1257 1509 deﬁniat.

925 1606 1155 1665 CAPUT
1177 1608 1266 1665 Vl.

311 1717 1005 1797 Βὶξριιιιιτζὶιιηειιιιυ-ῙιιζδαΔ
1048 1724 1403 1797 reprehensio,
1453 1741 1609 1795 super
1644 1724 1891 1797 Origenis

382 1789 637 1865 historia;
668 1801 783 1865 tum
805 1789 1156 1865 Itallucinatio
1187 1795 1250 1848 de
1294 1789 1576 1864 Augustini
1601 1789 1896 1865 loco.'Epi-

383 1859 568 1926 phanii
588 1859 882 1917 Panarium
900 1863 964 1917 ab
982 1863 1280 1935 Augustino
1304 1859 1519 1920 minime
1545 1883 1658 1922 esse
1677 1859 1890 1922 lectum.

381 1994 522 2063 Quid
540 1994 608 2050 ad
640 1995 977 2066 paenitentia:
1005 1996 1356 2068 ritum,quod
1375 2005 1461 2056 est
1485 2000 1685 2055 lemma
1711 2000 1895 2073 operis

307 2093 364 2140 ct
387 2093 790 2157 argumentum,
815 2085 1069 2160 Origenis
1101 2088 1287 2146 fabula
1323 2096 1557 2162 spectet,
1581 2106 1691 2147 non
1711 2092 1890 2149 video.

311 2174 426 2230 Sed
449 2176 581 2231 illud
605 2178 856 2235 videlicet
880 2179 1282 2253 dispunctionis
1305 2185 1614 2240 auctarium
1658 2193 1717 2255 et
1745 2202 1897 2242 man-

308 2265 449 2320 tissa
485 2266 608 2324 luit.
643 2268 698 2322 In
742 2284 851 2341 quo
891 2271 1018 2340 quis
1052 2288 1154 2343 pro
1192 2272 1458 2345 dignitate
1495 2276 1725 2332 miretur
1757 2278 1894 2335 adeo

306 2355 658 2429 indiligenter
686 2360 741 2415 id
774 2368 957 2416 aetum
1007 2378 1152 2431 esse,
1184 2364 1331 2436 quod
1382 2382 1492 2438 pre
1542 2374 1598 2424 te
1651 2367 1892 2437 ferebas,

309 2454 373 2501 ut
392 2463 520 2505 cum
563 2464 652 2506 me
703 2452 1154 2522 reprehenderes,
1191 2472 1259 2512 ne
1302 2458 1408 2514 hoc
1441 2459 1665 2530 quidem
1696 2461 1897 2517 intelli~

303 2541 635 2612 geres,quid
663 2558 764 2616 ego
793 2544 1102 2605 dixissem?
1134 2546 1387 2621 Origenis
1417 2568 1605 2608 verum
1624 2598 1627 2603 ς
1646 2569 1770 2610 esse
1803 2554 1894 2609 hi-

307 2631 542 2685 storiam
590 2632 761 2701 illam,
789 2651 953 2707 quam
995 2637 1335 2710 Epiphanius
1366 2643 1588 2712 retulit,
1618 2651 1673 2700 et
1694 2660 1723 2699 a
1750 2660 1893 2701 non-

309 2722 482 2789 nullis
510 2724 616 2793 piis
646 2733 700 2780 et
751 2728 983 2785 eruditis
1009 2731 1143 2788 viris
1167 2747 1266 2807 pro
1307 2733 1614 2790 adulterina
1647 2736 1896 2807 falsaque

308 2834 426 2872 non
492 2829 639 2876 recte
690 2821 956 2890 habitam,
999 2826 1363 2885 Animadvers.
1400 2838 1711 2887 nostrarum
1764 2845 1892 2904 pag.

306 2910 443 2975 258,
478 2911 668 2967 solidis
717 2912 1057 2983 argumentis
1106 2920 1480 2989 probavimus.
1528 2920 1704 2977 Unum
1751 2930 1891 2990 erat,

309 3000 463 3070 quod
502 3001 571 3058 ab
598 3003 707 3060 illis
751 3007 1151 3075 opponebatur,
1188 3009 1332 3080 quod
1379 3011 1500 3081 plus
1525 3013 1740 3069 caeteris
1770 3028 1892 3069 mo-

308 3094 487 3150 menti
513 3110 576 3151 ac
631 3097 891 3169 ponderis
927 3099 1129 3157 habere
1183 3103 1484 3171 videretur,
1519 3121 1715 3176 nempe
1744 3105 1892 3177 quod
1924 3117 1966 3175 (ε
2001 3115 2095 3152 nos
2149 3097 2399 3151 εοηιὶηυο
2453 3094 2737 3164 subiiciens
2781 3108 2800 3147 -‘

308 3187 657 3257 Augustinus
705 3188 843 3243 nihil
899 3188 967 3245 de
996 3188 1248 3263 Origenis
1289 3194 1443 3264 lapsu
1489 3195 1583 3249 illo
1620 3195 1897 3250 memoria:

310 3277 668 3345 prodidisset,
693 3280 788 3349 qui
828 3294 911 3346 ea,
942 3296 1063 3351 quae
1091 3291 1282 3337 contra
1322 3282 1614 3354 Origenem
1655 3286 1897 3354 scripse-

317 3375 422 3431 rat,
458 3383 519 3423 se
542 3370 609 3422 ab
643 3369 946 3440 Epiphanio
991 3378 1299 3427 mutuatum
1349 3389 1477 3429 esse
1528 3382 1760 3433 testatus
1792 3383 1897 3432 est.

326 3459 524 3513 Contra
555 3461 667 3517 haec
698 3478 801 3519 nos
831 3464 905 3517 ita
937 3466 1409 3535 praeseripsimus:
1441 3482 1556 3523 non
1587 3468 1759 3531 videri
1791 3469 1902 3524 Au-

316 3551 601 3621 gustinum
658 3569 914 3623 magnum
956 3554 1090 3610 illud
1147 3555 1216 3611 de
1259 3556 1559 3615 hzeresibus
1609 3558 1902 3630 Epiphanii

313 3656 482 3711 opus,
507 3643 623 3697 sive
674 3642 975 3698 Panarium
1009 3646 1230 3717 legisse,
1265 3649 1359 3704 sed
1388 3649 1511 3718 ejus
1560 3649 1900 3707 Breviarium

312 3741 370 3788 et
397 3731 671 3801 Epitomen
704 3736 999 3806 quamdam
1025 3756 1040 3806 ;
1096 3738 1262 3809 idque
1284 3742 1452 3798 certis
1483 3748 1538 3797 et
1582 3743 1905 3803 indubitatis

311 3825 659 3894 argumentis
708 3827 1023 3883 convictum
1068 3844 1192 3887 esse
1245 3830 1510 3897 diximus,
1560 3835 1616 3889 in
1649 3836 1901 3905 epistola,

311 3926 444 3982 qua:
489 3913 558 3967 ad
604 3914 1043 3973 illustrissimum
1087 3922 1421 3978 cardinalem
1458 3923 1905 3997 llupil'ucaldinm

314 4005 505 4075 operis
530 4006 685 4063 initio
710 4010 929 4080 praeﬁxa
958 4012 1174 4084 legitur.
1210 4013 1291 4069 Tu
1324 4016 1553 4072 multum
1588 4026 1813 4084 aastuas,
1847 4026 1907 4074 ut

315 4097 509 4153 lucere
530 4101 753 4158 meridie
775 4104 1124 4173 persuadeas.
1150 4104 1432 4163 Exscribis
1452 4109 1740 4178 Augustini
1764 4110 1904 4175 loca,

311 4206 383 4247 ex
412 4192 614 4262 quibus
640 4203 877 4262 constet,
911 4196 1202 4269 Epiphanii
1243 4200 1414 4256 libros
1442 4202 1707 4256 Adversus
1738 4202 1905 4257 hatre-

312 4299 402 4338 ses
438 4284 488 4338 ei
519 4287 767 4356 cognitos
818 4287 1007 4346 fuisse.
1062 4289 1288 4346 Poteras
1348 4292 1495 4363 hunc
1534 4293 1811 4361 laborem,
1851 4302 1903 4349 et

315 4376 552 4445 paginas
611 4379 748 4436 istas
786 4380 1074 4452 compendi
1105 4382 1306 4443 facere,
1338 4384 1381 4438 si
1407 4382 1585 4438 locum
1609 4383 1784 4450 illum,
1816 4383 1908 4439 ubi

1436 327 1808 388 ADVERSUS
1835 329 2001 387 MAT.
2042 329 2376 388 SlMONlUM

198 490 201 493 λ
301 459 337 496 a
366 440 702 509 quibusdam,
732 457 843 498 non
873 441 1104 499 suadent
1141 449 1381 499 veterem
1419 451 1474 500 et
1512 446 1701 501 multis
1723 445 1883 501 annis
1912 448 1958 506 Α
1985 444 2228 501 librosve
2256 443 2596 499 distinctam.
2633 439 2768 497 Nam
2802 439 2896 513 qui
2918 445 2978 500 tu
3021 441 3239 498 tandem
3267 443 3381 498 base
3413 444 3566 501 illius

3456 334 3565 391 650

1985 531 2676 607 interpnetabere:Noster
2714 549 2834 587 vero
2887 531 3234 602 Epiphanius,
3291 543 3399 590 etc.
3454 536 3563 591 Sea:

1986 628 2147 682 libros
2169 628 2331 682 etiam
2354 625 2693 694 conscripsit,
2725 610 2981 679 historica
3010 627 3319 681 narratione
3344 643 3565 682 comme-

1985 735 2202 774 morans
2225 720 2421 784 omnia,
2448 718 2597 772 nulla
2618 717 2975 786 disputatione
2996 718 3246 773 adversus
3270 718 3564 786 falsitatem

1984 830 2083 883 pro
2111 812 2329 883 ueritate
2357 792 2655 885 decertans.
2703 810 2893 866 Breves
2927 827 3055 867 sane
3093 819 3215 865 sunt
3254 810 3311 864 hi
3352 810 3562 877 libelli;

1986 912 2037 958 et
2080 904 2127 957 si
2175 903 2231 957 in
2279 919 2440 956 unum
2496 901 2733 957 libellum
2788 900 3117 971 redigantur,
3155 915 3248 954 nec
3298 900 3409 967 ipse
3463 900 3566 954 erit
3618 910 3619 913 ‘

1990 994 2233 1067 nostris,
2285 992 2364 1048 rel
2407 991 2652 1049 aliorum'
2682 990 2997 1063 quibusdam
3044 991 3195 1046 libris
3240 991 3568 1063 longitudine

1989 1085 2398 1157 comparandus.
2438 1084 2616 1156 Hujus
2656 1084 2961 1143 brevitatem
2997 1083 3046 1139 si
3078 1083 3228 1153 fuero
3257 1085 3314 1138 in
3342 1101 3570 1149 comme-

1991 1175 2265 1231 morandis
2314 1174 2598 1229 Itwresibus
2645 1174 2908 1237 imitatus,
2962 1173 3088 1243 quid
3144 1189 3176 1226 a
3228 1189 3310 1227 me
3361 1173 3569 1228 brevius

1990 1266 2261 1336 postulare
2299 1264 2378 1318 vel
2416 1273 2720 1333 exspectare
2762 1264 2976 1330 debeas,
3007 1279 3112 1317 non
3147 1258 3384 1317 habebis?
3412 1262 3481 1317 Et
3515 1262 3571 1316 in

1993 1340 2456 1413 Hassalianornm
2506 1355 2704 1410 baaresi
2746 1370 2841 1410 sex
2878 1354 3002 1408 illos
3030 1351 3365 1421 breuissimos
3403 1353 3574 1409 libros

1994 1448 2248 1521 appellat.
2273 1445 2472 1513 Credo,
2500 1446 2548 1502 si
2580 1444 2891 1503 fusissimos
2915 1446 3040 1503 illos
3068 1444 3323 1499 adversus
3347 1443 3575 1509 Ita’reses

1994 1539 2427 1595 commentarios
2469 1536 2761 1608 Epiphanii
2813 1537 3036 1606 legisset
3087 1534 3466 1606 Augustinus;
3523 1534 3570 1590 si

1998 1630 2372 1701 amplissimas
2417 1629 2542 1685 illas
2574 1629 2643 1684 de
2677 1642 3011 1697 unaquaque
3052 1625 3479 1698 disputationes,
3519 1633 3579 1682 et

1998 1737 2191 1778 earum
2222 1720 2687 1792 oppugnationes,
2721 1728 3287 1789 argumentorumque
3315 1715 3574 1773 confuta-

1998 1815 2181 1869 tiones
2239 1812 2523 1878 vidisset,
2590 1812 2677 1868 vel
2747 1809 3111 1878 brevissimos
3173 1808 3297 1875 illos
3358 1808 3582 1874 libellos,

1999 1904 2323 1976 appellaret,
2382 1910 2437 1960 et
2499 1901 2804 1974 longiorem
2869 1916 3032 1957 suum
3089 1890 3236 1968 esse,
3289 1914 3452 1972 quem
3504 1899 3576 1954 ad

1995 1996 2151 2064 Quod
2187 1996 2303 2053 vult
2348 1995 2515 2052 Deum
2554 1993 2856 2059 scribebat,
2902 1992 3286 2060 arbitraretur,
3323 1992 3411 2057 vel,
3447 2005 3578 2049 cen-

1995 2088 2208 2145 l‘ntatas
2245 2087 2316 2142 ab
2357 2086 2665 2158 Epiphanio
2710 2091 2939 2154 negaret
2990 2083 3255 2150 haereses,
3308 2098 3413 2140 nec
3465 2082 3579 2139 nisi

1995 2180 2319 2251 simpliciter
2360 2177 2666 2235 recensitas
2698 2177 2926 2243 diceret,
2959 2191 3025 2232 ae
3056 2176 3405 2248 perstrictas.
3467 2173 3581 2231 Sed

1994 2271 2200 2342 relege,
2235 2269 2497 2335 obsecro,
2524 2283 2650 2339 quas
2678 2267 2737 2323 in
2762 2269 2997 2339 epistola
3025 2283 3194 2338 super
3220 2282 3285 2323 ea
3312 2281 3372 2321 re
3396 2266 3583 2335 dispu-

1995 2370 2107 2419 tata
2135 2370 2284 2419 sunt.
2332 2361 2511 2432 Atque
2535 2366 2595 2416 ut
2623 2361 2937 2432 atquitatem
2971 2366 3225 2425 nostram
3254 2358 3535 2429 intelligas
3560 2395 3579 2424 ,

1995 2453 2204 2525 aspice,
2252 2467 2438 2508 annon
2477 2452 2627 2522 quod
2658 2453 2784 2508 dico
2800 2468 2871 2508 ex
2911 2452 3131 2518 iisdem,
3167 2465 3291 2522 quae
3325 2458 3383 2505 tu
3413 2449 3581 2517 citas,

1994 2544 2293 2615 Augustini
2345 2545 2485 2601 locis
2545 2544 2793 2616 potueris
2839 2558 2905 2597 ae
2944 2542 3205 2600 debueris
3259 2555 3579 2613 agnoscere.

1996 2638 2073 2695 De
2099 2638 2452 2711 Origenianis
2492 2638 2748 2706 scribens
2777 2637 2885 2691 ista
2909 2651 2976 2692 ex
3002 2634 3310 2706 Epiphanio
3342 2648 3585 2690 commc-

1996 2738 2217 2787 morat:
2254 2730 2327 2785 De
2356 2730 2543 2801 quibus
2590 2728 2914 2799 Epiphanius
2960 2728 3173 2799 loquens
3214 2722 3581 2796 :Origeniani,

1998 2824 2202 2895 inquit,
2262 2822 2545 2894 cujusdam
2584 2821 2827 2893 Origenis
2870 2818 3167 2890 discipuli:
3201 2819 3371 2888 turpis
3408 2826 3586 2883 autem

1995 2927 2120 2973 sunt
2173 2917 2537 2987 operationis;
2575 2916 2832 2985 istisunt
2880 2909 3116 2982 nefanda
3160 2910 3436 2981 facientes,
3488 2924 3588 2964 sua

1996 3024 2220 3078 corpora
2242 3007 2570 3075 corruptiani
2606 3004 2894 3059 trudentes.
2918 3002 3070 3055 Alios
3101 3010 3276 3055 autem
3308 2997 3590 3069 Origenia-

2856 3091 3201 3162 Origeniani,
3247 3090 3438 3158 inquit,
3468 3087 3585 3153 alii,

1999 3187 2091 3257 qui
2132 3195 2181 3240 et
2222 3185 2533 3240 Adamantii
2581 3182 2893 3237 tractatoris
2940 3181 3087 3235 illius
3133 3188 3461 3242 sectatores;
3497 3176 3588 3246 qui

1999 3288 2049 3332 et
2107 3285 2439 3331 mortuorum
2506 3275 2944 3330 resurrectionem
3005 3280 3240 3343 negant,
3313 3268 3588 3325 Christum

2003 3379 2181 3425 autem
2238 3379 2288 3425 et
2349 3368 2611 3439 Spiritum
2684 3377 2931 3422 sanctum
2996 3374 3301 3420 creaturam
3365 3361 3587 3425 dicunt;

2000 3461 2315 3533 paradisum
2348 3469 2527 3515 autem
2557 3469 2605 3513 et
2638 3457 2820 3526 caelos,
2864 3465 2915 3512 et
2949 3456 3063 3511 alia
3097 3470 3202 3510 non
3234 3450 3450 3507 credunt
3478 3466 3591 3507 esse

2003 3552 2297 3611 secundum
2328 3553 2586 3618 litteram,
2622 3551 2713 3606 sed
2736 3550 2790 3605 in
2816 3549 3095 3620 allegoria.
3123 3545 3254 3602 Haec
3291 3544 3500 3616 quidem
3527 3543 3591 3598 de

2007 3646 2231 3716 Origene
2261 3643 2587 3713 Epiphanius
2612 3641 2802 3711 refert.
2836 3639 3119 3696 Hactenus
3148 3638 3496 3709 Augustinus
3522 3651 3590 3692 ex

2005 3754 2070 3794 eo
2098 3737 2289 3808 utique
2316 3735 2609 3807 Epiphanii
2650 3749 2816 3806 opere
2861 3732 3164 3796 transtulit,
3210 3730 3357 3802 quod
3405 3729 3593 3786 videre

2006 3835 2281 3899 potuerat.
2320 3828 2484 3899 Atqui
2521 3842 2631 3882 non
2669 3827 2725 3880 in
2763 3841 2965 3894 magno
2996 3825 3089 3880 illo
3131 3823 3359 3878 l’anarii
3390 3837 3590 3891 opere,

2007 3920 2104 3974 sed
2150 3919 2206 3973 in
2252 3918 2715 3987 Anacephalazosi,
2756 3918 2872 3972 sive
2911 3915 3189 3970 ltreviario
3232 3922 3288 3970 et
3328 3914 3592 3984 Epitome,

2007 4011 2235 4068 totidem
2280 4011 2469 4081 verbis
2520 4010 2723 4081 Cra-ce
2753 4018 3020 4080 concepta
3046 4009 3134 4064 illa
3163 4008 3283 4079 ipsa
3314 4008 3590 4079 leguntur.

2006 4102 2149 4159 Vide
2201 4118 2330 4174 pag.
2384 4103 2490 4160 M6
2581 4101 2747 4157 tomi‘
2780 4100 2849 4166 ll,
2913 4100 3179 4156 editionis
3244 4109 3484 4165 nostrae,
3540 4107 3597 4158 et

2010 4195 2283 4268 SynOpsin
2330 4195 2462 4251 tomi
2507 4193 2667 4264 primi
2744 4194 2871 4248 libr.
2918 4209 2981 4259 ιι,
3024 4208 3149 4263 pag.
3189 4192 3294 4248 598
3381 4192 3517 4246 tomi
3548 4192 3591 4257 l,

2007 4287 2139 4344 edit.
2189 4286 2460 4358 ejusdem.
2513 4284 2738 4341 Nullum
2788 4284 2974 4354 itaque
3018 4282 3246 4338 dubium
3290 4291 3394 4349 est,
3457 4283 3594 4354 quin

2009 4375 2352 4447 Augustinus
2403 4375 2471 4432 de
2521 4374 2642 4430 sola
2690 4373 2982 4445 Epiphanii
3032 4368 3468 4442 Anaccphalwosi
3513 4374 3597 4429 lo-

314 4468 635 4524 aeeuratins
663 4486 784 4525 eam
826 4487 938 4527 rem
983 4480 1369 4539 tractaverant,
1401 4483 1454 4530 et
1483 4475 1548 4530 ad
1578 4468 1739 4545 quem
1765 4474 1904 4545 digi-
1934 4465 1981 4525 Ι)
2006 4476 2233 4541 quatur,
2270 4484 2337 4524 ac
2367 4467 2765 4539 disputationis
2802 4474 2968 4538 caput
3003 4466 3037 4522 6
3069 4467 3313 4523 otiosum
3344 4476 3401 4521 et
3431 4465 3595 4535 inane

316 4571 442 4616 tum
480 4561 838 4629 intenderam,
872 4566 926 4619 in
957 4566 1326 4621 Animadvers.
1374 4566 1441 4620 ad
1478 4564 1696 4637 Origen.
1736 4567 1906 4623 hatre-

314 4655 515 4722 sim,p.
546 4654 673 4720 259,
715 4658 1004 4713 consulere
1041 4659 1333 4716 voluisses.
1382 4657 1501 4714 Non
1534 4661 1682 4715 enim
1723 4659 1903 4732 quod-

311 4760 541 4815 cunque
561 4748 630 4803 de
670 4749 972 4807 Incresibus
1007 4766 1145 4822 opus
1172 4751 1463 4822 Epiphanii
1498 4753 1566 4807 ab
1591 4753 1904 4823 Augustino

313 4838 524 4893 lectum
587 4853 711 4893 esse
770 4840 853 4894 vel
906 4841 1121 4911 negavi,
1162 4841 1249 4897 vel
1277 4842 1345 4897 de
1371 4857 1437 4897 eo
1465 4841 1747 4911 dubitavi,
1804 4843 1902 4898 sed

311 4929 648 4982 luculentum
696 4929 831 4984 illud
888 4948 1018 5001 opus
1070 4934 1203 4999 dixi,
1252 4941 1306 4988 et
1346 4934 1709 4999 uberrimum,
1756 4936 1901 5005 quod

316 5019 617 5075 Panarium
691 5020 1027 5078 inscribitur.
1088 5023 1308 5081 Vidisse
1360 5026 1506 5081 enim
1561 5026 1782 5097 aliquod
1837 5042 1903 5083 ac

317 5111 523 5181 legisse
584 5113 813 5168 nimium
856 5124 1112 5183 constat;
1156 5113 1370 5188 nosque
1410 5117 1529 5173 loca
1557 5118 1748 5174 eadem
1784 5118 1899 5187 illa,

320 5219 443 5284 qua:
467 5212 525 5259 tu
550 5205 841 5271 describis,
896 5208 953 5263 in
991 5209 1326 5273 dedicatoria
1365 5212 1593 5283 epistola
1619 5213 1905 5284 proposui-

320 5278 448 5350 mus
484 5311 550 5352 ac
580 5298 966 5356 discussimns.

396 5385 601 5444 Verum
644 5406 810 5446 nemo
856 5393 992 5451 satis
1041 5394 1228 5449 mirari
1274 5394 1497 5465 poterit,
1527 5410 1594 5451 ex
1632 5395 1764 5467 ipsis
1788 5396 1903 5452 Au-

319 5482 533 5553 gustini
564 5484 772 5551 verbis,
804 5501 930 5541 cum
965 5502 1029 5545 ea
1063 5489 1147 5543 vel
1194 5487 1467 5549 scriberes
1504 5490 1590 5544 vel
1636 5489 1900 5555 dietares,

320 5589 438 5628 non
459 5574 914 5632 animadvertisse
954 5583 1026 5644 te,
1063 5593 1226 5648 quam
1248 5580 1676 5650 jnstafsuspicio
1707 5580 1800 5640 sit.
1832 5579 1903 5634 ab

317 5664 632 5733 Augustino
654 5666 855 5722 lectum
875 5682 983 5722 non
1005 5683 1129 5724 esse
1147 5668 1441 5724 Panarium
1470 5666 1782 5742 Epiphanii,
1803 5670 1900 5725 sed

323 5757 647 5828 Epitomen,
704 5766 756 5823 et
803 5759 1287 5832 Auarephala'osim
1336 5762 1560 5818 totidem
1618 5767 1672 5818 in
1722 5771 1901 5818 tomos
1972 5764 1981 5771 “

2007 4562 2120 4628 sit;
2184 4575 2310 4616 nam
2370 4559 2440 4615 de
2504 4559 2713 4623 Decio,
2791 4560 2897 4615 sub
2948 4574 3059 4632 quo
3131 4558 3379 4629 ἀκμάσαι
3441 4564 3593 4628 putat

2006 4654 2320 4726 Origenem,
2349 4651 2588 4708 videnda
2617 4662 2748 4708 sunt
2776 4651 3026 4718 omnino,
3058 4665 3181 4722 quae
3207 4649 3274 4706 de
3304 4649 3412 4705 loci
3446 4650 3593 4707 illius

2010 4747 2212 4803 mendo
2235 4748 2292 4802 in
2312 4746 2668 4817 imperatoris
2695 4744 2915 4801 nomine
2938 4744 2993 4798 in
3017 4740 3384 4798 Animadvers.
3413 4743 3598 4797 obser-

2005 4839 2276 4894 vavimus.
2307 4837 2376 4892 At
2419 4837 2688 4894 intextam
2723 4836 2792 4897 ab
2813 4833 3066 4904 Origenis
3097 4833 3598 4888 calumniatoribus

2004 4928 2298 5001 Epiphanii
2328 4928 2556 4998 scriptis
2597 4927 2749 4981 illam
2778 4941 2905 4983 esse
2946 4924 3225 4988 laciniam,
3267 4932 3498 5013 quaeest
3528 4925 3596 4979 de

2003 5021 2255 5094 Origenis
2279 5022 2461 5092 lapsu,
2492 5034 2658 5090 quam
2701 5017 2862 5072 facile
2905 5016 3130 5079 dicitur,
3178 5021 3290 5071 tam
3333 5030 3364 5071 a
3416 5014 3579 5071 nobis

2003 5113 2166 5170 facile
2227 5119 2486 5183 negatur.
2536 5108 2642 5176 Qui
2693 5105 2984 5178 Epiphanii
3028 5106 3172 5178 stylo
3218 5106 3591 5170 consueverit,

2003 5205 2426 5276 germanissimo
2468 5203 2583 5258 haze
2620 5199 2794 5271 ipsius
2824 5214 2949 5254 esse
2991 5199 3179 5263 verba,
3214 5212 3324 5253 non
3356 5198 3588 5253 insititia

1999 5298 2290 5370 judicabit.
2325 5295 2437 5375 Sed
2462 5310 2641 5365 neque
2671 5292 2741 5350 de
2776 5292 2949 5348 altera
2984 5292 3212 5355 lacinia,
3243 5305 3412 5362 quam
3441 5290 3592 5358 ejus-

2004 5391 2126 5447 dem
2152 5390 2394 5445 auetoris
2425 5387 2672 5458 epistolae
2708 5395 2906 5458 putant
2936 5386 3006 5441 ab
3033 5382 3392 5440 lconoelastis
3426 5395 3588 5436 assu-

2006 5489 2139 5547 tam,
2172 5480 2308 5535 satis
2341 5479 2623 5550 explorata
2661 5493 2751 5534 res
2790 5478 3028 5533 videtur.
3064 5475 3268 5533 Verum
3298 5474 3401 5530 hoc
3430 5472 3580 5527 iustis

2007 5575 2108 5632 tuti
2136 5575 2368 5632 alterius
2397 5587 2462 5631 ac
2492 5570 2886 5643 disputationis
2920 5576 3025 5625 est.
