3920 6408
428 327 494 389 (ἱῧ
508 329 530 386 1

1002 446 1231 505 CAPUT
1283 449 1395 504 VII.

420 576 498 636 De
564 582 835 652 Theophili
905 585 1260 642 Alexandrini
1322 591 1551 644 decreto.
1616 590 1739 645 Non
1790 593 1999 648 eosdem

496 654 686 722 ubique
738 654 905 722 fuisse
949 658 1121 722 ritus;
1170 659 1333 727 deque
1380 662 1448 714 iis
1494 661 1626 716 adeo
1659 678 1749 715 nec
1790 672 1998 727 ternere,

489 739 580 775 nec
621 726 861 795 universe
898 726 1371 795 pronuntiandum,
1419 731 1574 794 velut,
1612 741 1792 786 utrum
1831 726 1997 788 nullis

486 793 720 873 omnim:
739 795 951 863 iejuniis
984 799 1153 852 missa
1184 793 1447 853 celebrata
1478 793 1580 866 sit;
1612 801 1750 873 quod
1777 801 2000 872 dispun-

489 871 604 917 ctor
634 864 883 932 aﬂirmat.

490 991 669 1064 Super
728 992 1016 1066 Theophili
1082 997 1306 1056 decreto
1377 1000 1445 1056 de
1512 999 1994 1072 Theophaniorum

412 1085 664 1155 νηστίμῳ
711 1085 799 1140 die
851 1089 1116 1142 nonnulla
1170 1088 1458 1145 dubitandi
1520 1106 1686 1147 causa
1738 1094 1844 1149 fuit
1874 1096 1990 1167 (a):

411 1190 578 1245 quam
643 1188 698 1231 et
762 1178 1054 1249 inscriptio
1105 1191 1268 1252 auget
1326 1183 1467 1253 ipsa.
1527 1183 1754 1256 Legitur
1804 1188 1991 1243 enim:

409 1266 675 1335 Θεοφίλου
703 1267 1161 1339 Ἀρχιεπισκόπου
1198 1270 1597 1344 Ἀλεξανδρείας
1613 1276 1997 1348 προσφώνησις

350 1376 387 1423 ι
408 1354 517 1407 τῶν
564 1354 863 1425 Θεοφανίων
898 1360 1234 1415 ἐπιστάντων
1260 1362 1317 1416 ἐν
1352 1363 1630 1435 Κυριακῇ.
1678 1363 1822 1421 Sane
1869 1367 1994 1422 haec

408 1446 747 1499 ἐπιστάντων
800 1448 858 1500 ἐν
904 1449 1182 1523 Κυριακῇ,
1221 1452 1366 1506 haud
1399 1454 1536 1509 adeo
1564 1456 1631 1510 ad
1663 1458 1993 1512 sententiam

408 1544 558 1594 tuam
609 1539 880 1607 explicata
931 1540 1206 1599 videntur.
1279 1542 1419 1598 Tum
1491 1546 1705 1617 reliqua
1763 1550 1994 1605 canonis

412 1628 731 1697 scrupulum
775 1628 1006 1698 injicere
1040 1640 1298 1701 possunt.
1334 1632 1442 1689 Sed
1476 1635 1791 1703 φιλονείκως
1829 1636 1899 1691 de
1936 1652 1995 1693 re

412 1718 688 1775 levissima
721 1736 831 1775 non
859 1723 1152 1788 contendo,
1192 1725 1397 1779 νικάτω
1437 1728 1470 1797 ἡ
1522 1727 1769 1799 ἀλήθεια.
1805 1728 1859 1783 Si
1887 1730 1990 1783 mi-

412 1824 535 1875 nus,
570 1810 639 1863 τὰ
670 1811 858 1864 εἰκότα
887 1812 1110 1883 μᾶλλον.

481 1900 561 1956 De
594 1902 808 1973 jejunio
841 1911 896 1959 et
931 1906 1175 1962 statione
1228 1909 1484 1977 pervellis
1536 1911 1734 1976 obiter,
1788 1913 1883 1968 sed
1930 1928 1994 1969 ea

412 1997 607 2058 praeter
639 2005 756 2047 rem
792 1999 846 2048 et
875 1992 1058 2049 alieno
1098 1995 1220 2051 loco
1249 2006 1382 2052 sunt
1416 1999 1640 2069 injecta.
1693 1998 1838 2057 Sane
1870 2003 1995 2057 dili-

412 2089 601 2149 genter
632 2082 937 2139 cavendum
985 2086 1119 2141 illud
1166 2073 1326 2143 nobis
1374 2097 1482 2157 est,
1527 2106 1598 2147 ne
1644 2093 1896 2158 καθόλου,
1941 2105 1994 2152 et

403 2170 620 2229 inﬁnite
653 2173 722 2229 de
751 2175 1144 2234 ecclesiasticis
1178 2179 1379 2237 ritibus
1413 2184 1693 2238 sententia
1732 2186 1990 2256 praecipi-

404 2271 590 2331 tetur;
640 2273 696 2322 et
745 2282 867 2338 qua:
920 2280 1227 2338 certorum,
1280 2273 1327 2328 si
1379 2273 1542 2344 forte,
1595 2286 1902 2349 temporum
1935 2287 1990 2336 et

409 2354 778 2414 Ecclesiarum
834 2360 1086 2418 instituta
1142 2364 1392 2433 fuerunt,
1455 2384 1519 2425 ea
1572 2370 1642 2426 ad
1696 2373 1987 2431 universos

410 2461 517 2502 tam
581 2450 746 2507 facile
804 2455 1239 2513 transferantur.
1306 2458 1585 2529 Ejusmodi
1642 2469 1794 2517 tuum
1850 2465 1985 2522 illud

402 2554 528 2596 esse
558 2541 779 2598 videtur
803 2545 1180 2616 interdictum,
1209 2566 1318 2621 quo
1342 2554 1559 2617 statuis,
1584 2555 1729 2609 nullo
1755 2573 1986 2627 unquam

392 2632 592 2702 jejunii
619 2635 721 2703 die,
755 2639 916 2698 etiam
959 2649 1113 2696 extra
1158 2642 1657 2716 Quadragesimam,
1700 2649 1984 2703 missarum

409 2724 674 2781 celebrata
721 2729 887 2797 fuisse
922 2733 1181 2790 solemnia
1212 2750 1229 2789 :
1268 2737 1415 2807 quod
1444 2738 1611 2795 nimis
1637 2740 1897 2797 audacter
1933 2749 1988 2797 et

408 2819 711 2886 generatim
759 2836 1066 2897 asseveras.
1105 2825 1237 2884 Esto
1269 2827 1439 2894 enim,
1473 2829 1529 2884 id
1561 2829 1616 2884 in
1656 2831 1989 2901 quibusdam

407 2907 672 2968 Ecclesiis
709 2912 1061 2972 observatum
1114 2919 1321 2975 fuerit:
1375 2920 1503 2991 quis
1541 2928 1595 2978 te
1626 2922 1770 2980 idem
1801 2923 1992 2979 docuit

475 3064 553 3137 (a)
580 3063 707 3138 Pag.
740 3070 831 3129 44.

1764 331 1939 395 DION.
1984 332 2327 395 PETA-VIUS
3244 346 3255 355 ί
3545 344 3635 403 6ῧῖ

2027 462 2074 518 Α
2102 456 2306 524 ubique
2344 468 2406 509 ac
2438 460 2706 523 perpetuo
2735 466 2857 509 csse
2892 455 3205 509 servatum?
3227 452 3357 508 Nam
3406 456 3637 526 ἀορίστως

2103 555 2159 603 et
2194 548 2449 602 universe
2489 546 2773 601 decretum
2813 554 2968 599 tuum
3018 548 3281 617 concipis.
3327 546 3459 613 Quid
3501 550 3638 619 igitur

2101 638 2411 710 Augustino
2463 638 2656 703 facies,
2710 637 2805 707 qui
2865 638 3100 707 epistula
3149 639 3269 703 H8,
3315 655 3433 693 cum
3485 642 3639 697 varios

2100 746 2199 801 per
2243 731 2496 785 diversas
2525 730 2677 784 orbis
2711 728 3016 789 Christiani
3046 737 3230 799 partes
3258 730 3395 785 ritus
3430 733 3638 801 exponit,

2101 824 2177 877 ita
2225 822 2469 893 loquitur
2497 842 2509 876 :
2537 821 2681 874 Alibi
2722 821 2900 875 nullus
2957 821 3070 875 dies
3117 822 3497 886 intermittitur,
3556 840 3640 892 quo

2100 930 2205 968 non
2234 914 2527 982 o/feratur;
2580 912 2710 966 alibi
2756 911 2993 966 Sabbato
3046 920 3249 965 tantum
3284 921 3332 966 et
3369 912 3643 968 Dominico?

2098 1004 2255 1075 Apud
2289 1003 2644 1059 Ambrosium
2674 1017 2894 1073 quoque
2922 1017 3069 1057 serm
3114 988 3473 1072 54'legimus,
3502 1004 3640 1056 etiam

2098 1098 2152 1151 in
2188 1094 2642 1165 Quadragesima,
2688 1094 2777 1148 die
2820 1093 2974 1148 omni
3035 1093 3360 1148 sacriﬁcium
3407 1094 3639 1157 oblatum,

2098 1196 2153 1244 et
2222 1202 2254 1241 a
2321 1185 2655 1257 quibusdam
2720 1184 3193 1239 communicatum
3259 1182 3443 1239 fuisse.
3518 1184 3643 1238 Adeo

2100 1280 2314 1343 varius,
2345 1293 2447 1336 nec
2477 1278 2664 1333 eadem
2718 1292 2780 1333 ac
2830 1276 3072 1348 generali
3139 1275 3253 1346 lege
3298 1276 3638 1344 constringen-

2098 1371 2203 1427 dus
2237 1369 2612 1425 Ecclesiarum
2639 1371 2888 1424 omnium
2925 1385 3064 1423 usus
3100 1368 3299 1439 priscis
3339 1369 3642 1438 temporibus

2097 1460 2224 1516 fuit.
2269 1460 2424 1527 Quod
2455 1461 2639 1531 ipsum
2689 1468 2744 1513 et
2778 1460 2846 1515 de
2874 1460 3238 1515 Eucharistiae
3265 1460 3646 1529 participatione

2095 1553 2205 1608 dici
2241 1552 2537 1607 convenit:
2568 1567 2736 1621 quam
2771 1559 2827 1606 tu
2868 1552 3059 1617 nullis,
3112 1552 3196 1605 vel
3241 1560 3393 1606 extra
3424 1550 3646 1616 Quadra-

2096 1643 2598 1716 gesimam.jejunii
2651 1643 2850 1699 diebus
2896 1651 3246 1713 usurpatam,
3300 1643 3459 1696 nimis
3497 1642 3645 1695 conti-

2096 1738 2291 1793 denter
2321 1736 2545 1802 asseris,
2587 1744 2641 1791 et
2677 1736 2934 1791 videlicet
2981 1736 3097 1791 sola
3131 1735 3185 1789 id
3218 1735 3529 1789 auctoritate
3565 1740 3646 1787 tua

2100 1827 2419 1897 persuades.

2170 1916 2296 1972 Haec
2344 1926 2497 1981 sunt,
2547 1933 2668 1987 quae
2705 1934 2807 1989 pro
2854 1916 3415 1973 Animadversionibus
3450 1914 3644 1978 nostris,

2098 2016 2294 2063 contra
2350 2009 2862 2079 Dispunctiunculas
2914 2022 3059 2074 tuas,
3110 2008 3429 2080 opponenda
3464 2006 3652 2076 putavi-

2096 2114 2264 2165 mus,
2320 2116 2390 2156 ne
2450 2102 2520 2165 si,
2580 2103 2727 2171 quod
2784 2112 2843 2157 ut
2897 2102 3133 2156 facerem
3197 2110 3452 2155 auctores
3512 2103 3647 2153 erant

2096 2183 2290 2262 aliqui,
2325 2192 2733 2247 dissimularem
2779 2193 3021 2264 penitus,
3071 2192 3238 2247 nimis
3295 2191 3414 2245 illas
3447 2204 3475 2241 a
3510 2186 3647 2241 nobis

2093 2291 2484 2354 contemptas,
2535 2299 2600 2340 ac
2650 2300 2748 2355 pro
2809 2286 2983 2339 nihilo
3031 2284 3231 2340 ductas
3282 2298 3421 2347 esse,
3483 2294 3647 2349 posses

2092 2375 2383 2445 conqueri.
2418 2375 2475 2429 In
2515 2377 2617 2431 hac
2648 2391 2814 2447 porro
2846 2378 2928 2431 vel
2966 2376 3318 2447 purgatione,
3366 2374 3449 2429 vel
3481 2370 3650 2426 confu-

2091 2467 2300 2524 tatione
2336 2477 2549 2536 nostra,
2593 2469 2675 2525 sic
2707 2484 2738 2524 a
2766 2485 2853 2524 me
2877 2469 3211 2525 Christiana:
3237 2466 3507 2521 modestia:
3535 2463 3650 2516 cha-

2090 2560 2378 2631 ritatisque
2420 2562 2691 2617 rationem
2736 2561 2975 2617 habitam
3017 2576 3138 2617 esse
3182 2558 3419 2622 confido,
3470 2564 3524 2610 ut
3563 2554 3650 2607 hoc

2091 2652 2451 2711 nihilominus
2474 2656 2766 2726 intelligas,
2790 2654 3005 2711 felicius
3027 2663 3078 2710 te
3101 2654 3227 2710 aliis
3248 2656 3301 2708 in
3321 2651 3494 2713 rebus,
3510 2661 3648 2717 quam

2095 2745 2151 2798 in
2198 2744 2595 2817 dispungendis
2644 2744 3210 2802 Animadversionibus
3269 2743 3410 2811 istis,
3456 2751 3651 2810 operam

2096 2837 2341 2906 potuisse
2371 2853 2591 2909 ponere.

876 3265 3643 3295 ww

758 3439 1510 3557 ADVERSUS
1596 3444 2338 3561 CLAUDIUM
2428 3445 3306 3563 SALMASIUM.

1704 3663 1809 3733 (cr.
1844 3663 1974 3719 hter.
2004 3664 2147 3730 xxx,
2182 3681 2235 3735 p.
2262 3664 2376 3735 to.)

1037 3884 1265 3943 CAPUT
1314 3887 1357 3945 l.

411 4014 487 4075 De
528 4018 851 4074 Essenorum
888 4028 1030 4073 secta
1064 4030 1114 4075 et
1147 4020 1471 4075 discrimine.
1518 4019 1768 4075 Ridicula
1815 4023 1879 4076 de
1908 4022 1990 4078 Itis

480 4088 1075 4162 observatiodSalmasii
1114 4100 1164 4145 et
1206 4089 1431 4147 Hesiodi
1459 4091 1788 4162 depravatio.
1832 4091 1992 4149 Philo

475 4159 699 4217 Judwus
739 4160 1067 4216 illustratur.

474 4273 659 4330 Solem
710 4274 988 4345 appellare
1026 4274 1160 4330 Θεόν
1213 4274 1538 4345 simpliciter
1586 4291 1651 4331 ac
1701 4276 1849 4333 nullo
1890 4276 1989 4330 ad-

405 4362 619 4432 juncto,
653 4363 857 4432 passim
896 4362 1151 4419 Julianus
1187 4374 1355 4429 amat,
1396 4366 1649 4420 oratione
1682 4366 1988 4435 praesertim

404 4470 493 4521 ea,
527 4469 691 4523 quam
721 4455 788 4509 de
828 4454 978 4510 illius
1024 4455 1185 4511 laude
1226 4457 1466 4526 scripsit.
1512 4457 1589 4512 lta
1627 4469 1681 4513 et
1715 4457 1989 4528 Iosephus

406 4546 726 4602 nominasse
755 4547 1016 4612 creditur,
1058 4548 1156 4602 lib.
1204 4564 1264 4614 ιι,
1298 4564 1423 4619 cap.
1458 4550 1511 4614 7,
1550 4552 1624 4605 De
1657 4552 1855 4617 excid.,
1894 4553 1988 4607 ubi

403 4636 474 4690 de
506 4634 731 4713 Essenis
760 4637 889 4705 agit.
936 4635 1048 4691 Hos
1097 4637 1243 4691 enim
1284 4641 1452 4693 refert
1484 4654 1608 4694 cum
1642 4649 1885 4696 ventrem
1917 4643 1989 4695 le-

402 4735 618 4795 varent,
651 4738 911 4783 excavata
958 4728 1175 4795 scrobe,
1214 4729 1271 4784 in
1315 4746 1436 4786 eam
1488 4732 1738 4788 desidere
1771 4735 1986 4803 solitos,

399 4820 739 4877 circumfuso
771 4822 924 4892 prius
964 4821 1149 4892 pallio,
1178 4822 1254 4886 ὡς
1282 4825 1357 4895 μὴ
1386 4822 1485 4888 τὰς
1512 4824 1687 4893 αὐγὰς
1712 4825 1987 4898 ὑϐρίζοιεν

400 4910 493 4965 τοῦ
518 4909 675 4977 Θεοῦ,
698 4928 762 4966 ne
794 4911 896 4975 Dei
922 4913 1089 4967 radiis
1140 4913 1397 4983 injuriam
1443 4914 1701 4983 facerent.
1720 4915 1855 4970 Nam
1894 4917 1987 4970 Dei

400 5004 623 5059 nomine
654 5006 902 5075 plerique
949 5007 1115 5060 solem
1164 5006 1475 5077 intelligunt
1509 5027 1520 5062 :
1558 5018 1618 5062 ut
1650 5018 1705 5065 et
1740 5007 1985 5080 Scaliger

400 5096 457 5150 in
496 5094 728 5151 Elencho
765 5096 1065 5153 Triltterest'i
1126 5113 1248 5169 cap.
1292 5101 1385 5163 27,
1410 5108 1464 5155 et
1505 5100 1735 5159 Drusius
1787 5104 1880 5158 lib.
1934 5120 1986 5159 tv

398 5187 480 5241 De
512 5188 679 5242 tribus
701 5190 879 5254 sectis,
910 5206 965 5260 p.
988 5190 1115 5245 2M.
1141 5191 1381 5249 Tametsi
1412 5210 1521 5251 non
1558 5195 1718 5265 plane
1744 5207 1981 5257 constat.

2020 3898 2067 3961 C
2097 3890 2370 3962 Πατρίους
2398 3890 2456 3944 δέ
2478 3907 2629 3954 τινας
2660 3891 2739 3955 εἰς
2772 3890 2933 3943 αὐτὸν
2967 3889 3155 3961 εὐχὰς,
3196 3890 3388 3965 ὥσπερ
3414 3892 3655 3947 ἱκετεύον-

2100 4000 2193 4047 τες
2234 3982 2537 4037 ἀνατεῖλαι.
2581 3982 2721 4037 Tum
2764 3984 2857 4037 illa
2892 3984 3294 4055 qualiscunque
3341 3984 3655 4056 superstitio,

2096 4075 2241 4148 quod
2266 4074 2573 4129 naturalem
2614 4077 2948 4146 egestionem
2989 4076 3057 4130 ad
3093 4078 3291 4135 solaris
3331 4078 3543 4133 luminis
3582 4076 3657 4129 in-

2090 4169 2292 4239 juriam
2352 4168 2661 4223 traherent.
2724 4167 3033 4223 Salmasius
3079 4184 3207 4223 cum
3269 4171 3326 4225 in
3384 4167 3655 4225 Solinianis

2096 4260 2587 4315 Exercitationibus
2616 4258 2685 4315 de
2714 4261 2807 4316 illo
2832 4259 3055 4331 Josephi
3079 4261 3223 4328 loco,
3247 4262 3425 4334 deque
3454 4258 3656 4317 Essenis

2093 4358 2296 4423 ageret,
2322 4350 2395 4405 ita
2424 4351 2649 4421 pudoris
2684 4348 2772 4406 sui
2800 4358 2857 4407 et
2883 4351 3313 4407 existimationis
3341 4353 3539 4409 oblitus
3564 4356 3653 4411 est,

2093 4453 2153 4500 ut
2183 4460 2247 4501 ea
2285 4460 2410 4499 cum
2459 4444 2745 4510 scriberet,
2781 4445 2935 4515 pensi
2986 4446 3122 4501 nihil
3172 4447 3437 4504 habuisse
3479 4456 3658 4515 cognoe

2093 4552 2238 4593 scas.
2266 4538 2394 4606 Ejus
2425 4537 2876 4607 disputationem,
2922 4539 3146 4608 quando
3190 4554 3256 4595 ea
3297 4554 3359 4595 se
3405 4538 3555 4594 nobis
3580 4548 3657 4603 op-

2092 4628 2402 4698 portunitas
2445 4628 2668 4692 obtulit,
2714 4626 2804 4683 hic
2846 4629 3085 4684 breviter
3128 4629 3502 4699 inspi'ciemus.
3535 4623 3657 4680 Scri-

2091 4720 2172 4775 bit
2199 4720 2255 4773 in
2275 4719 2516 4774 Plinian.
2539 4720 2759 4774 exercit.
2788 4735 2842 4790 p.
2876 4718 3010 4787 612,
3034 4718 3296 4788 Essenos,
3327 4723 3441 4792 qui,
3468 4727 3523 4774 ut
3548 4721 3657 4771 ante

2091 4811 2298 4865 dictum
2328 4818 2434 4875 est,
2474 4810 2531 4865 in
2560 4812 2770 4866 ventris
2812 4826 2980 4867 onere
3014 4812 3247 4867 levando
3280 4813 3557 4871 cavebant,
3598 4818 3657 4859 ne

2093 4903 2158 4957 ad
2208 4903 2311 4957 ista
2369 4902 2716 4972 splendorem
2768 4902 2901 4957 solis
2955 4902 3328 4966 admitterent,
3383 4903 3435 4957 id
3486 4900 3656 4956 eodem

2095 4995 2294 5050 fecisse
2333 4994 2533 5058 modo,
2585 5010 2697 5064 quo
2758 4994 3030 5051 Hesiodus
3080 5002 3229 5050 vetat
3278 5005 3463 5051 contra
3511 4991 3657 5046 solem

2093 5094 2321 5136 stantem
2349 5084 2599 5154 mingere,
2634 5083 2724 5137 sed
2750 5083 2815 5137 de
2842 5093 2991 5139 nocte
3022 5094 3252 5150 tantum,
3286 5087 3371 5141 his
3397 5082 3651 5139 versibus:

2163 5193 2313 5266 Μηδξ
2356 5192 2485 5266 ἄντ’
2517 5194 2758 5266 ἠελίοιο
2798 5197 3200 5266 τετραμμένος
3236 5196 3415 5264 ὀρθὸς
3446 5189 3657 5263 ὀμιχεῖν

840 5242 878 5254 ν,
912 5242 964 5260 Γ
991 5242 1013 5244 ί
1038 5242 1112 5245 η-
1150 5242 1170 5245 _
1195 5242 1381 5249 ---__--__
1413 5242 1521 5251 -.-η
1562 5242 1718 5265 τά-.-
1748 5242 1981 5257 seu...“

403 5286 589 5331 utrum
622 5278 792 5333 solem
819 5277 918 5332 Dei
947 5280 1215 5335 vocabulo
1249 5282 1337 5336 hic
1375 5282 1648 5353 Iosephus
1679 5284 1922 5340 ail‘ecerit
1966 5306 1978 5341 :

2162 5242 2784 5333 Χῦἑάρέπὶείὲἕὲὲἱῃ
2803 5242 3209 5336 ’ἱιῖλιῒῆῖιῖένὲὶ
3238 5242 3651 5322 ἒὲἐδάἶ-ἳόἷέἐα.

402 5370 705 5437 praesertim
766 5385 891 5424 cum
944 5370 1115 5425 Judaai
1173 5374 1353 5429 forent
1403 5374 1622 5439 Esseni,
1673 5378 1763 5448 qui
1814 5379 1982 5434 solem

399 5475 523 5517 esse
564 5461 737 5517 Deum
789 5470 1013 5531 putasse
1048 5478 1160 5516 non
1205 5465 1477 5521 videntur.
1528 5465 1646 5521 Non
1689 5468 1983 5523 absurdam

402 5561 585 5606 tamen
627 5555 846 5608 illorum
900 5553 1275 5624 conjecturam
1320 5556 1470 5624 facit,
1515 5561 1659 5629 quod
1703 5559 1843 5615 idem
1887 5559 1983 5615 Jo-

404 5641 606 5707 sephus
639 5652 860 5703 narrat;
910 5646 1151 5703 Essenos
1193 5646 1249 5700 in
1292 5648 1462 5703 solem
1504 5649 1678 5719 patria
1732 5647 1981 5717 quaedam

405 5730 616 5785 cantica
651 5736 936 5805 cecinisse,
969 5736 1169 5809 quibus
1206 5745 1383 5795 ortum
1423 5741 1540 5806 eius
1568 5740 1935 5809 precabantur
1969 5760 1980 5796 :

2093 5374 2220 5429 Haec
2247 5375 2501 5430 Salmasii
2531 5376 2695 5431 verba
2724 5387 2872 5441 sunt,
2906 5378 2963 5433 in
2994 5380 3195 5449 quibus
3226 5390 3536 5448 germanum
3558 5370 3654 5427 crio

2093 5469 2285 5531 ticum,
2319 5468 2422 5522 hoc
2454 5474 2558 5532 est,
2599 5469 2741 5523 aeris
2775 5477 2830 5524 et
2869 5470 3128 5540 exquisiti
3171 5470 3361 5541 judicii
3404 5476 3653 5538 gramma°

2093 5557 2263 5611 ticum
2300 5572 2588 5627 agnoscas.
2636 5557 2934 5615 Hesiodum
2970 5570 3128 5632 putat
3171 5563 3237 5617 iis
3281 5561 3523 5617 versibus
3568 5568 3650 5609 ve-

2093 5648 2285 5711 tuisse,
2342 5664 2410 5703 ne
2467 5649 2591 5719 quis
2641 5649 2709 5706 de
2747 5659 2909 5708 nocte
2967 5664 3160 5709 contra
3208 5654 3375 5708 solem
3421 5649 3648 5705 meierct.

2094 5738 2236 5805 Quid
2273 5739 2375 5795 hoc
2409 5741 2641 5798 monstri
2677 5748 2779 5809 cst,
2803 5743 3073 5803 obsecro?
3108 5743 3357 5815 Nunquis
3399 5742 3463 5801 dc
3506 5743 3648 5796 nocte
