3920 6420
223 411 312 467 635

1190 404 1560 461 ADVERSUS
1599 402 1953 461 CLAUDlUM
1999 404 2422 463 SALMASlUM.

3327 404 3432 460 65-5

220 529 383 578 contra
411 519 564 574 solem
595 519 766 588 possit
803 517 1043 575 meiere?
1074 517 1296 573 Adeone
1336 519 1603 574 delirabat
1636 516 1745 571 lle-
1775 519 1822 574 A
1848 519 2094 575 moribus
2146 519 2430 588 disputare
2495 519 2837 588 aggrediens,
2895 519 3026 590 quid
3065 518 3120 572 in
3171 533 3234 572 ea
3273 533 3332 572 re
3369 535 3435 574 ac

219 608 398 670 siodus,
433 615 487 661 ut
523 608 620 661 ista
670 607 972 663 scriberet?
1019 605 1194 661 Homo
1247 617 1444 662 acutus
1482 622 1592 662 non
1615 606 1752 661 vidit

219 701 336 754 duos
364 698 476 752 illos
502 711 688 750 versus
712 704 766 750 et
789 696 1060 751 sententia
1081 703 1136 752 et
1159 697 1602 766 interpunctione
1628 710 1752 752 esse

217 790 493 845 distractos.
520 785 592 840 Ita
617 801 747 857 ergo
779 787 1066 857 legendum
1096 795 1180 842 est
1218 805 1231 841 :

274 900 406 965 Μηδ⁹
440 899 558 952 ἄντ’
595 899 820 967 ἠελίοιο
858 899 1256 968 τετραμμένος
1295 900 1464 967 ὀρθὸς
1496 899 1749 968 ὀμιχεῖν.

275 969 449 1036 Αὐτὰρ
482 969 606 1022 ἐπεί
625 986 719 1037 hace
749 969 863 1037 δύῃ
906 970 1284 1037 μεμνημένος
1321 969 1448 1022 ἐστ’
1479 970 1751 1034 ἀνιόντα,

269 1035 506 1106 Μήτ’ίέν
541 1035 674 1104 ὀδῷ,
715 1035 857 1106 fuit"
886 1035 1060 1105 ἑκέὸς
1092 1035 1250 1093 ίίόδοῦ
1293 1039 1606 1108 προϐάδην
1648 1041 1752 1092 οὐ·

273 1176 410 1248 Μηδ’
462 1178 930 1248 ἀπογυμνωθείς.
1001 1176 1300 1246 Μακάρων
1371 1108 1756 1244 τοὶρήῖἕαξέες

1411 1248 1679 1322 Ῑέασσιν.

259 1361 305 1418 id
339 1369 421 1418 est
447 1378 461 1416 :

273 1469 431 1540 Neque
471 1478 651 1522 contra
688 1467 850 1540 solem
886 1483 1164 1521 conversus
1194 1475 1364 1540 rectus
1395 1465 1593 1540 mejito.

268 1535 417 1593 Porro
444 1556 557 1592 cum
575 1539 840 1601 occiderit,
866 1555 1062 1592 menter
1089 1553 1249 1606 usque
1273 1535 1341 1588 ad
1369 1539 1642 1599 orientem,

269 1609 428 1678 Neque
462 1611 514 1661 in
547 1611 628 1662 uia
655 1624 815 1677 neque
835 1617 985 1660 extra
1008 1610 1145 1661 uiam
1169 1606 1456 1676 gradiendo
1481 1607 1680 1671 meias;

269 1677 429 1748 Neque
450 1679 746 1733 denudatus
772 1692 788 1728 .'
828 1677 1048 1731 deorum
1083 1679 1260 1746 utique
1291 1687 1468 1731 noctes
1498 1685 1640 1730 sunt.

209 1794 304 1846 Duo
323 1801 439 1846 sunt
463 1790 515 1844 in
545 1791 632 1846 his
657 1791 906 1846 versibus
939 1792 1165 1845 monita.
1199 1789 1386 1845 Primo
1406 1805 1567 1846 versu
1601 1805 1744 1861 prae-

207 1881 335 1951 cipit,
378 1896 442 1936 ne
495 1892 686 1936 contra
737 1882 908 1938 solem
959 1883 1122 1938 meiat
1178 1882 1490 1953 quispiam,
1541 1882 1610 1937 de
1656 1882 1747 1938 die

207 1974 364 2042 utique
399 1987 460 2027 ac
505 1973 623 2028 sole
679 1972 917 2028 lucente.
938 1955 1362 2030 ‘Posterioribus
1401 1974 1584 2029 tribus
1614 1974 1746 2029 hor-

205 2074 346 2130 tatur,
376 2073 430 2119 ut
462 2081 529 2121 ne
561 2073 690 2136 post
737 2080 998 2121 occasum
1034 2068 1204 2121 solem
1251 2081 1316 2121 ac
1349 2074 1510 2121 nocte
1550 2066 1742 2121 ambu-

201 2157 339 2211 lando
358 2157 533 2224 meia‘t,
566 2167 666 2212 aut
691 2159 1008 2214 denudatus
1036 2178 1050 2214 :
1085 2157 1230 2229 quod
1254 2159 1418 2213 etiam
1461 2159 1610 2214 nocti
1653 2173 1750 2215 ve-

201 2250 383 2304 neratio
417 2251 667 2321 quaedam
707 2249 1014 2307 adhibenda
1045 2250 1135 2305 sit.
1175 2249 1292 2305 Etsi
1323 2250 1606 2309 conlidens
1639 2256 1744 2312 est,

200 2354 252 2394 ac
275 2342 514 2397 mortales
546 2357 663 2413 prae
693 2357 752 2398 se
781 2341 1083 2397 contemnit
1106 2357 1333 2409 omnes;
1367 2342 1452 2397 vir
1481 2341 1639 2397 aliter
1667 2348 1750 2394 ta-

202 2432 436 2487 mcnlore
472 2441 603 2504 puto
641 2447 766 2488 cum
821 2434 936 2489 haec
990 2433 1203 2503 legerit,
1258 2434 1392 2503 quin
1446 2432 1531 2488 sui
1583 2431 1752 2486 vehe-

203 2533 383 2577 menter
409 2525 610 2593 pudeat
654 2525 856 2595 ipsum,
893 2538 957 2579 ac
989 2525 1204 2581 levibus
1254 2524 1489 2578 aliorum
1535 2521 1750 2576 delictis

199 2616 456 2684 sequiorem
497 2632 559 2673 se
587 2617 851 2688 praebeat,
884 2631 1008 2671 cum
1050 2623 1204 2670 tanto
1239 2614 1491 2686 graviora
1523 2621 1579 2668 et
1608 2615 1752 2667 into-

200 2705 469 2762 lerabiliora
497 2708 567 2763 ab
602 2722 669 2763 se
704 2706 949 2778 profecta
989 2707 1258 2776 cognorit.
1313 2705 1420 2761 Sed
1459 2719 1751 2776 pergarnus

201 2811 352 2864 porro.
399 2798 621 2855 Falsum
673 2798 871 2855 deinde
910 2799 1103 2855 scribit
1149 2799 1293 2854 idem
1348 2797 1446 2868 (a),
1493 2795 1639 2868 quod
1683 2797 1752 2853 ad

201 2891 522 2961 Epiphaniam
571 2901 833 2950 notatum
883 2902 968 2948 est
1014 2907 1068 2963 p.
1135 2892 1227 2955 57,
1283 2891 1607 2946 Essenorum
1655 2891 1752 2944 hoc

201 2982 340 3047 fuisse
369 2988 748 3054 proprium,ut,
768 2985 879 3039 sole
898 2985 1119 3049 oriente,
1136 2999 1312 3052 preces
1332 2983 1632 3053 funderent.
1652 2983 1752 3038 Hic

204 3091 305 3132 vero
333 3080 630 3136 constricta
670 3085 887 3134 tenetur
913 3077 1156 3132 hominis
1189 3076 1440 3147 ἀκρισία.
1480 3075 1614 3130 Nam
1643 3076 1754 3130 duo

203 3171 455 3238 commisit,
504 3187 637 3242 quae
683 3170 835 3224 nulla
891 3168 1344 3240 tergiversatione
1401 3167 1755 3223 dissimulare

205 3257 382 3320 poterit.
411 3257 690 3322 Primum,
732 3257 881 3327 quod
920 3256 1014 3311 ille
1059 3255 1256 3312 falsum
1299 3263 1476 3326 putat,
1521 3256 1754 3310 verissi-

208 3358 321 3400 mum
350 3357 446 3417 est,
487 3357 542 3406 et
579 3365 612 3404 a
635 3347 871 3404 Philone
903 3348 1072 3403 claris
1118 3362 1183 3402 ac
1233 3347 1543 3419 perspicuis
1572 3347 1757 3402 verbis

215 3435 371 3496 editum
407 3444 548 3499 libro
572 3443 721 3512 Περὶ
757 3440 874 3512 βίου
906 3440 1393 3513 Θεωρητικοῦφθς.
1422 3440 1549 3504 612,
1574 3441 1664 3495 ubi
1691 3440 1759 3496 de

211 3525 385 3586 Essenis
411 3536 693 3592 latissime
728 3534 940 3590 scribit.
981 3531 1161 3588 Verba
1185 3533 1334 3588 illius
1365 3551 1378 3587 :
1405 3533 1502 3596 Δὶς
1542 3532 1600 3585 δὲ
1633 3531 1758 3586 καθ’

205 3620 398 3697 ἑκάστην
446 3629 677 3700 ἡμέραν
727 3625 982 3681 εἰώθασιν
1031 3624 1320 3696 εὔχεσθαι,
1365 3625 1495 3697 περὶ
1526 3624 1626 3697 τὴν
1659 3625 1754 3692 ἓω,

200 3714 271 3766 καὶ
297 3719 412 3790 περὶ
439 3721 538 3791 τὴν
566 3718 849 3791 ἑσπέρανο
886 3718 1040 3788 ἡλίου
1076 3718 1173 3789 μὲν
1201 3717 1534 3788 ἀνίσχοντος,
1558 3717 1763 3787 εὐημε-

197 3804 299 3872 Ρίεις
331 3811 643 3882 αἰτούμενοι
678 3810 776 3882 τὴν
806 3810 977 3874 ὅντως
1005 3811 1329 3882 εὐημερίαν,
1369 3810 1547 3879 φωτὸς
1595 3810 1762 3879 οὐρα-

193 3895 286 3949 νίου
313 3900 403 3972 τὴν
423 3903 676 3958 διάνοιαν
699 3901 877 3956 αὐτῶν
915 3901 1354 3973 ἀναπλησθῆναι.
1393 3901 1487 3957 Bis
1524 3916 1764 3971 unoquo-

191 4001 274 4054 que
301 3991 379 4045 die
409 3997 622 4064 precari
677 3994 864 4060 solent,
913 3993 1008 4048 sub
1059 4009 1313 4047 auroram
1353 4002 1405 4047 et
1442 4008 1708 4063 vesperam
1741 4006 1760 4044 :

189 4082 364 4139 oriente
404 4089 620 4156 quidem
681 4087 790 4142 sole
843 4103 1020 4142 ueram
1061 4086 1229 4154 fausti
1276 4086 1383 4140 diei
1430 4085 1762 4155 faustitatem

189 4175 514 4244 postulantes,
552 4179 818 4234 nimirum
859 4187 917 4231 ut
961 4178 1198 4246 ipsorum
1238 4193 1384 4232 mens
1426 4176 1623 4231 cietesti
1650 4175 1764 4229 luce

188 4268 449 4334 repleatur.
491 4273 572 4328 ita
598 4267 719 4327 nos
762 4271 1063 4342 εὐημερίας
1097 4271 1398 4342 εὐημερίαν
1440 4271 1765 4339 interpreta-

191 4371 330 4423 mur,
381 4363 459 4416 uti
523 4365 692 4434 prius
748 4362 951 4432 felicem
1021 4361 1127 4415 diei
1181 4376 1427 4422 cursum;
1491 4359 1764 4429 posterius

188 4447 497 4514 faustitatem
528 4472 597 4511 ac
623 4455 941 4525 felicitatem
971 4454 1217 4509 absolute
1248 4451 1538 4523 signiﬁcet.
1570 4450 1766 4505 Jamne

191 4542 342 4608 pudet
363 4547 606 4605 levitatis
632 4589 647 4611 ,
690 4554 784 4601 aut
822 4547 876 4601 id
908 4545 1106 4600 falsum
1135 4557 1237 4612 est,
1271 4545 1532 4609 Essenos,
1553 4545 1766 4600 oriente
1797 4534 1843 4589 ῐ)

189 4633 308 4700 sole,
340 4642 554 4708 precari
613 4639 1015 4695 consuevisse?
1070 4637 1396 4708 Quanquam
1463 4638 1517 4692 id
1565 4653 1666 4707 ego
1715 4636 1771 4690 in

190 4724 736 4787 Animadversionibus
754 4730 1147 4800 Epiphanianis
1165 4745 1272 4784 non
1292 4745 1321 4784 a
1348 4745 1433 4785 me
1450 4727 1773 4799 pronuntia-

188 4835 314 4888 ram,
347 4829 439 4882 sed
473 4827 714 4898 Josephi
757 4825 1025 4894 Scaligeri
1052 4823 1386 4880 sententiam
1415 4821 1717 4877 referebam
1754 4837 1768 4874 :

190 4915 272 4982 Qui
299 4925 354 4971 ut
379 4918 632 4975 Ossenos
669 4934 791 4973 cum
835 4917 1060 4973 Essenis
1089 4916 1311 4972 eosdem
1344 4915 1600 4985 probaret
1626 4927 1770 4976 esse,

193 5005 459 5079 utriusque
495 5017 672 5066 sectae
696 5009 916 5079 prepria
944 5008 1087 5062 inter
1115 5022 1175 5062 se
1207 5005 1576 5076 comparabat,
1611 5013 1774 5073 atque

197 5094 283 5151 hoc
295 5105 430 5170 quod
455 5105 600 5168 disi,
618 5105 902 5173 proprium
915 5101 1247 5158 Essenorum
1269 5098 1438 5153 fuisse
1459 5104 1524 5152 ex‘
1546 5095 1775 5150 Philone

202 5195 538 5249 monstrabat.
573 5193 762 5249 Locus
785 5199 870 5249 est
894 5207 1014 5262 cap.
1037 5191 1108 5245 27
1141 5190 1445 5245 Trihteresii
1475 5205 1529 5259 p.
1561 5187 1690 5251 215,
1719 5195 1776 5241 ut

197 5277 270 5331 vel
300 5298 360 5336 ex
385 5299 454 5338 eo
481 5292 734 5350 constet,
783 5299 988 5339 caecum
1027 5283 1179 5337 illum
1222 5281 1277 5336 in
1321 5278 1775 5350 reprehendendo

187 5364 332 5514 (lieni,
379 5391 656 5432 securum
712 5383 766 5433 et
817 5375 1065 5432 veritatis
1113 5382 1167 5431 et
1213 5374 1420 5446 publici
1463 5373 1531 5428 de
1570 5369 1636 5428 'se
1678 5370 1774 5442 ju-

228 5479 328 5514 ICll.

228 5479 328 5518 ICll.

1854 613 2157 680 qumstioue
2185 619 2350 677 esset,
2383 610 2631 666 funditus
2656 611 2943 682 ignoravit.
2961 611 3077 665 Duo
3098 611 3434 666 Essenorum

1853 715 2054 770 genera
2108 700 2352 765 fuerunt,
2399 702 2629 755 alterum
2679 702 2789 755 τῶν
2835 701 3172 774 πρακτικῶν,
3203 703 3434 755 alterum

1851 790 1962 844 τῶν
1994 790 2366 864 θεωρητικῶν.
2399 793 2484 847 Illi
2524 808 2718 848 rursus
2764 792 3015 848 bifariam
3069 793 3266 857 divisi;
3306 809 3432 846 nam

1853 885 1946 938 alii
1974 885 2180 957 ἄγαμοι
2215 894 2268 941 et
2300 887 2525 944 cmlibes
2549 887 2790 953 fuerunt,
2813 888 2909 941 alii
2930 886 3138 956 nuptiis
3161 887 3432 955 impliciti.

1853 974 1930 1031 De
1956 975 2297 1032 Theorcticis
2351 978 2502 1033 solus
2536 977 2691 1032 Philo
2741 979 3011 1044 meminit,
3044 979 3182 1033 libro
3211 979 3302 1048 qui
3345 978 3435 1031 in-

1857 1069 2122 1125 scribitur
2147 1070 2283 1140 Περὶ
2307 1068 2423 1140 βίου
2451 1068 2787 1141 θεωρητικοῦ
2813 1069 2847 1141 ἦ
2878 1071 3072 1123 ἱκετῶν
3094 1070 3334 1141 ἀρετῶν,
3367 1070 3437 1124 de
3497 1129 3499 1133 ,

1855 1161 2068 1216 caeteris
2097 1176 2220 1214 cum
2251 1162 2364 1229 ipse
2379 1159 2535 1215 Philo
2556 1161 2795 1216 breviter
2826 1159 3103 1215 libro'Urt
3126 1163 3234 1223 πᾶς
3266 1178 3436 1213 σπου·-

1853 1251 2003 1314 δαῖος
2055 1249 2358 1320 ἐλεύθερος,
2393 1257 2447 1303 et
2499 1250 2555 1303 in
2611 1251 2873 1320 Apologia
2899 1267 2998 1321 pro
3027 1249 3252 1313 Judwis,
3277 1251 3438 1320 cujus

1854 1339 2221 1410 fragmentum
2243 1347 2426 1397 exstat
2451 1341 2592 1410 apud
2619 1340 2912 1396 Eusebium
2933 1343 3026 1395 lib.
3048 1357 3146 1395 vui
3169 1341 3246 1396 De
3271 1357 3435 1410 prwp.

1852 1448 2037 1501 evang.
2069 1447 2189 1502 cap.
2228 1432 2317 1496 l2,
2345 1439 2458 1487 tum
2495 1448 2623 1488 vero
2655 1432 3149 1502 Josephusaliquot
3181 1433 3235 1485 in
3272 1433 3438 1498 locis,

1852 1526 1950 1580 sed
2009 1525 2257 1595 inprimis
2287 1527 2383 1581 lib.
2423 1541 2460 1579 ιι
2515 1525 2591 1579 De
2640 1525 2868 1590 excidio,
2903 1541 3025 1595 cap.
3056 1524 3113 1588 6,
3164 1539 3227 1579 ex
3265 1539 3441 1594 eoque

1853 1614 2198 1687 Porphyrius
2225 1616 2320 1670 lib.
2352 1632 2428 1681 ιν,
2461 1615 2602 1684 Περὶ
2640 1615 2901 1684 ἀποχῆς.
2928 1616 3226 1680 Qumsitum
3260 1623 3344 1670 est
3371 1616 3443 1668 ab

1853 1706 2083 1762 eruditis
2097 1706 2436 1772 hominibus,
2452 1707 2648 1776 ecquid
2666 1705 2965 1759 Christiani
2985 1703 3186 1758 fuerint
3208 1704 3399 1759 Esseni
3422 1723 3436 1760 :

1854 1812 1962 1852 non
1994 1797 2072 1851 illi
2096 1798 2316 1867 quidem
2357 1796 2581 1867 Josephi
2612 1795 2926 1868 πρακτικοί,
2960 1795 3054 1848 sed
3093 1794 3440 1866 Θεωρητικοί,

1855 1896 2020 1958 atque
2049 1904 2080 1944 a
2107 1889 2226 1944 solo
2247 1888 2478 1943 Philone
2507 1888 2942 1944 commemorati.
2971 1886 3240 1941 Eusebius
3281 1886 3374 1940 lib.
3401 1899 3438 1938 η

1854 1981 1995 2034 Hist.
2036 1979 2484 2048 ecclesiast.,cap.
2511 1979 2600 2042 l7,
2625 1978 2968 2032 Christianos
2993 1974 3164 2032 fuisse
3191 1976 3448 2039 credidit,

1856 2089 1921 2129 ac
1953 2075 2232 2144 plerisque
2265 2071 2540 2140 persuasit
2578 2088 2591 2124 :
2626 2070 2678 2122 in
2708 2067 2898 2138 primis
2939 2066 3268 2137 Hieronyme
3304 2066 3448 2120 libro

1854 2165 1936 2220 De
1994 2166 2177 2234 script.
2235 2163 2516 2228 eccles.,in
2554 2159 2743 2214 Marco
2787 2166 2841 2212 et
2885 2158 3130 2211 Philone.
3167 2156 3447 2226 Nvgarunt

1857 2256 1971 2321 alii,
2026 2264 2087 2310 ut
2143 2253 2499 2309 Philastrius.
2562 2250 2682 2306 Non
2744 2258 2828 2306 est
2877 2250 2980 2303 hoc
3035 2248 3158 2302 loco
3208 2245 3446 2300 instituti

1857 2348 2036 2402 nostri
2082 2347 2229 2400 litem
2284 2345 2426 2399 hanc
2455 2357 2806 2412 componere.
2856 2339 3109 2394 Tentavit
3148 2337 3198 2391 id
3225 2337 3447 2406 jamdu-

1856 2441 1986 2495 dum
2049 2439 2332 2495 Serrarius
2380 2445 2586 2502 noster,
2623 2442 2816 2489 contra
2860 2432 3160 2502 Josephum
3197 2429 3444 2500 Scalige-

1857 2543 1980 2583 rum
2021 2535 2076 2581 et
2128 2527 2432 2594 Drusium;
2494 2541 2725 2596 quorum
2769 2524 3020 2595 ingentes
3059 2521 3184 2576 libri
3250 2520 3349 2573 hac
3381 2519 3451 2573 de.

1857 2635 1965 2674 una
2000 2619 2377 2674 controversia
2406 2617 2536 2673 editi
2571 2624 2828 2671 teruntur
2865 2616 3111 2670 omnium
3153 2612 3448 2667 manibus:

1860 2721 1920 2767 ut
1947 2710 2171 2774 nemini,
2205 2710 2311 2764 nisi
2341 2710 2648 2764 litterarum
2677 2707 2918 2762 omnium
2950 2703 3204 2774 rudi,qui
3230 2701 3450 2772 quidem

1860 2801 1926 2856 de
1978 2801 2201 2858 Essenis
2263 2800 2468 2870 aliquid
2506 2799 2678 2864 norit,
2721 2797 2937 2853 nescire
2968 2795 3114 2850 istud
3159 2795 3357 2858 liceat;
3385 2791 3454 2847 de

1859 2892 2202 2948 Philonianis
2253 2891 2482 2948 Essenis
2527 2906 2592 2947 ac
2624 2888 2986 2955 Theoretieis,
3021 2876 3130 2943 nOn
3157 2886 3226 2942 de
3267 2887 3454 2940 alteris

1861 2985 1932 3040 ab
1966 2983 2208 3056 Josepho
2238 2983 2534 3052 descriptis
2563 2983 2785 3052 ambigi,
2818 2995 2943 3035 cum
2986 2978 3272 3048 quaeritur,
3295 2977 3455 3032 Chr-i-

1863 3074 2030 3129 stiani
2091 3089 2266 3129 necne
2317 3073 2519 3126 fuerint
2566 3071 2780 3126 Esseni.
2834 3070 2902 3122 At
2950 3069 3056 3122 iste
3102 3065 3454 3138 (Salmasius)

1782 3198 1825 3255 ρ
1863 3168 2026 3222 unius
2053 3167 2300 3236 Josephi,
2341 3174 2396 3221 et.
2435 3169 2504 3220 ab
2536 3180 2601 3220 eo
2643 3164 2840 3252 proditi
2881 3162 3081 3216 litteris
3125 3162 3454 3215 Essenorunt
3494 3163 3500 3167 '

1860 3258 2081 3328 generis
2099 3259 2366 3312 rationem
2398 3256 2626 3312 habuit:
2654 3250 2899 3309 Philonis
2931 3268 2995 3308 ac
3009 3251 3453 3308 'l‘heoreticorum

1861 3350 2197 3405 Essenorum
2250 3365 2318 3406 ne
2376 3351 2555 3404 littera
2598 3349 2821 3418 quidem
2868 3346 3118 3401 meminit
3161 3361 3172 3396 :
3213 3357 3356 3413 quos
3385 3357 3458 3396 ne

1861 3439 2027 3494 (auido
2069 3438 2290 3508 quidem
2330 3438 2809 3506 didicitunquam.
2835 3436 2964 3490 Inde
2993 3443 3098 3500 est,
3137 3435 3283 3504 quod
3313 3431 3455 3502 falso

1863 3546 1994 3584 ame
2028 3530 2287 3597 scriptum
2319 3529 2577 3592 credidit,
2603 3527 2842 3582 Essenos
2877 3527 3092 3582 oriente
3120 3527 3236 3582 sole
3262 3539 3455 3595 preces

1863 3623 2098 3679 fundere
2129 3641 2144 3678 :
2171 3623 2302 3693 quia
2350 3639 2453 3676 non
2484 3623 2566 3675 hic
2592 3631 2690 3685 est,
2750 3621 2949 3690 inquit,
2993 3618 3206 3687 Iosephi
3248 3634 3455 3671 sensus.

1866 3715 2030 3784 Atqui
2074 3712 2298 3785 Iosephi
2331 3713 2479 3766 nulla
2503 3711 2666 3766 isthic
2688 3726 2718 3764 a
2752 3712 2912 3766 nobis
2946 3709 3090 3764 facta
3113 3709 3317 3763 mentio
3351 3715 3457 3770 est,

1865 3809 1986 3874 sed,
2019 3816 2078 3862 ut
2114 3807 2247 3869 dixi,
2287 3805 2572 3859 Philonem
2633 3804 2765 3874 legit
2828 3817 3133 3873 nunquam,
3193 3817 3354 3870 quem
3402 3800 3458 3853 in

1863 3898 2056 3969 grandi
2094 3897 2187 3951 illo
2229 3910 2393 3964 opere
2431 3909 2500 3948 ne
2534 3893 2701 3948 semel
2736 3891 2954 3962 quidem
2987 3891 3252 3945 laudavit.
3286 3889 3349 3941 Et
3375 3895 3461 3940 ta-

1865 4006 1992 4046 men
2045 3995 2337 4059 postquam
2395 3985 2464 4040 de
2526 3983 2753 4039 Essenis
2813 3981 3084 4038 Practicis
3117 3997 3183 4035 ex
3223 3978 3463 4049 Josepho

1867 4081 2040 4136 multa
2091 4078 2375 4144 disseruit,
2433 4077 2626 4145 nugari
2675 4080 2830 4145 putat
2861 4088 2949 4126 eos
2979 4073 3069 4142 qui
3095 4087 3325 4125 asserere
3364 4087 3464 4122 au-

1865 4173 2009 4238 dent,
2032 4188 2120 4226 eos
2142 4172 2195 4224 in
2223 4178 2391 4224 totum
2422 4167 2756 4222 Christianos
2780 4165 2964 4233 fuisse.
3001 4162 3167 4230 Quasi
3201 4163 3270 4217 de
3301 4161 3463 4216 Esse-

1868 4265 1954 4321 nis
1991 4262 2235 4332 Josephi,
2272 4259 2364 4331 qui
2403 4260 2476 4314 ita
2537 4258 2798 4321 sentiunt,
2838 4256 2893 4310 id
2924 4250 3208 4321 asserant;
3248 4261 3302 4308 et
3351 4267 3460 4307 non

1869 4357 1937 4410 de
1984 4353 2325 4408 Philomanis
2375 4349 2559 4422 potius
2609 4362 2674 4403 ac
2705 4345 3070 4414 Theoreticis,
3111 4344 3205 4416 qui
3246 4343 3314 4398 ab
3352 4341 3462 4397 illis

1870 4447 2098 4518 Josephi
2138 4445 2438 4517 plurimum
2461 4442 2688 4498 distant.

2485 4570 2718 4629 CAPUT
2764 4569 2829 4625 ll.

1874 4693 1951 4747 De
1991 4691 2206 4746 Essenis
2238 4690 2562 4744 Theoreticis
2597 4698 2646 4741 et
2683 4685 2967 4741 Practicis.
3004 4683 3264 4741 Salmasii
3291 4699 3464 4737 error.

1949 4763 2306 4817 'I'crtulliauus
2341 4760 2406 4813 ab
2433 4777 2492 4813 eo
2521 4761 2861 4828 deprauatus.
2906 4755 3152 4828 Ridicula
3192 4755 3257 4807 de
3308 4770 3465 4828 uoca-

1946 4834 2067 4886 bulo
2131 4841 2405 4885 mortuum
2439 4824 2636 4898 opinio.
2689 4829 2900 4880 Plinius
2929 4827 2992 4898 ab
3042 4824 3222 4898 eodeni
3253 4824 3467 4898 minime

1945 4904 2242 4957 intellectus
2279 4894 2596 4968 explicatur.
2630 4897 3008 4968 Patronymicg
3053 4895 3269 4968 nomina
3303 4894 3467 4968 etiam

1947 4991 1980 5028 a
2032 4963 2532 5035 civitatibus'dicta,
2568 4977 2754 5022 contra
2782 4963 2941 5036 quam
2964 4963 3234 5018 Satmasio
3269 4963 3461 5016 visum.

1950 5085 2026 5142 De
2081 5085 2275 5139 iisdem
2331 5081 2556 5136 Essenis
2594 5077 2808 5133 Plinius
2857 5075 2953 5131 lib.
2993 5090 3047 5141 v,
3090 5089 3211 5143 cap.
3250 5072 3341 5135 17,
3386 5073 3462 5126 ita

1878 5177 2108 5234 scribit:
2137 5174 2212 5227 Ab
2257 5172 2522 5227 occidente
2563 5170 2749 5224 littora
2785 5166 2972 5222 Esseni
3003 5166 3255 5238 fugitant,
3302 5179 3470 5234 usque

1880 5289 1984 5343 qua
2011 5279 2214 5335 nocent,
2238 5285 2363 5341 gens
2395 5266 2533 5331 sola,
2562 5274 2613 5320 et
2645 5265 2700 5318 in
2726 5271 2835 5318 toto
2865 5262 2989 5316 orbe
3018 5272 3213 5332 prwter
3248 5269 3465 5314 crateras

1882 5363 2041 5423 mira,
2073 5361 2184 5414 sine
2213 5359 2328 5413 ulla
2369 5357 2588 5427 femina,
2634 5355 2779 5409 omni
2811 5369 2994 5408 venere
3031 5350 3301 5414 abdicata,
3354 5348 3466 5403 sine

1882 5453 2122 5524 pecunia,
2163 5451 2307 5505 socia
2326 5449 2654 5517 palmarum,
2705 5453 2811 5501 etc.
2846 5443 2921 5498 De
2948 5456 3187 5513 quonam
3221 5439 3466 5494 Esseno-

252 5552 453 5613 Verum
488 5559 666 5631 huius
699 5562 908 5631 generis
948 5569 1142 5616 caetera
1176 5566 1565 5630 pertexamus:
1604 5555 1779 5627 equi-
1876 5557 2003 5601 rum
2043 5559 2244 5617 genere
2297 5538 2645 5610 intelligenda
2697 5537 2810 5594 sint
2858 5535 2985 5600 isla.
3039 5533 3238 5588 ιηοτῖῑο
3293 5527 3468 5601 (11⁸³⁵8³⁵ἰ

186 5642 284 5699 bus
322 5650 572 5716 palmare
601 5651 749 5705 istud
787 5661 890 5719 est,
925 5652 1072 5722 quod
1106 5649 1175 5708 de
1220 5648 1444 5708 Essenis
1476 5661 1778 5719 eorumque

254 5824 332 5897 (α)
373 5825 508 5899 Pag.
543 5826 679 5882 Gil.

1879 5644 2080 5710 potest,
2146 5636 2242 5694 sed
2307 5633 2375 5690 de
2415 5629 2756 5689 Thcoreticis
2794 5626 3106 5701 persuadet,
3145 5622 3291 5695 quod
3345 5636 3477 5682 eain
