3920 6434
447 383 553 441 635

1800 377 1984 434 DION.
2027 376 2371 437 PETAVIUS
3577 395 3659 450 6'56

449 512 664 574 gentem
694 502 863 556 solam
886 500 1142 572 appellat,
1177 500 1283 556 hoc
1313 507 1418 565 cst,
1452 498 1754 558 solitariam
1788 506 1843 554 et
1881 513 1911 552 a
1943 513 2038 569 po-
2067 502 2110 558 A
2141 497 2306 566 fuisse
2332 499 2416 553 vel
2439 498 2617 554 littera
2665 496 2959 569 signiﬁcat,
3008 497 3205 553 nedum
3239 497 3290 553 id
3330 512 3480 555 unum
3508 509 3657 574 operis

449 596 704 666 pulorum
744 594 1049 663 frequentia
1092 593 1399 662 sejunctani
1445 600 1595 646 :tum
1646 591 1793 661 quod
1830 591 2035 659 palma-

450 701 569 741 rum
587 686 784 740 sociam
806 701 920 740 esse
943 683 1099 749 dicit,
1123 683 1228 738 hoc
1267 693 1370 746 est,
1402 684 1456 737 in
1494 684 1764 753 palmetis,
1796 682 2041 751 adeoque

446 775 683 831 desertis
720 774 875 839 locis,
933 782 1149 830 aetatem
1179 773 1396 844 degere.
1450 773 1563 828 Hoc
1602 780 1663 827 ut
1698 771 2041 829 Theoreticis

450 880 515 920 ac
544 864 882 923 Philonianis
910 865 1134 924 Essenis
1173 867 1447 937 congruit,
1483 866 1564 921 sic
1600 881 1628 919 a
1656 863 2039 922 Practicorum

451 958 723 1013 institutis
778 960 1059 1013 abhorret.
1110 957 1292 1013 Testis
1331 966 1415 1013 est
1467 956 1646 1021 l’hilo,
1684 958 1896 1027 priores
1918 956 2043 1011 illos

449 1057 604 1103 extra
637 1051 838 1104 moenia
892 1059 947 1105 et
985 1051 1183 1121 oppida
1219 1053 1273 1107 in
1310 1052 1486 1106 hortis
1520 1065 1585 1104 ac
1620 1051 1934 1107 secessibus
1955 1050 2045 1106 de-

450 1157 600 1209 gere,
634 1149 686 1196 et
711 1142 1032 1198 solitudines
1064 1145 1314 1213 persequi
1351 1162 1363 1197 :
1403 1141 1613 1213 Τειχῶν
1632 1141 1736 1207 ἕξω
1764 1142 2045 1197 ποιοῦνται

450 1232 550 1294 τὰς
575 1225 857 1303 διατριϐὰς
883 1233 940 1286 ὲν
967 1234 1187 1302 κήποις,
1224 1233 1257 1303 ἢ
1291 1231 1629 1303 μοναγρίοις,
1681 1230 1918 1301 ἐρημίαν
1943 1247 2043 1301 με·

448 1324 827 1389 ταδιὼκοντες,
862 1326 1165 1395 praesertim
1220 1326 1274 1379 in
1335 1322 1592 1394 Egypto,
1629 1329 1683 1377 et
1709 1321 1778 1375 ad
1832 1318 2043 1377 Mterim

453 1418 655 1483 lacum,
697 1421 834 1473 mari
877 1418 1118 1473 vicinum
1151 1434 1166 1472 :
1199 1431 1308 1487 quo
1346 1415 1658 1484 frequentes
1698 1413 1917 1467 illorum
1955 1426 2046 1467 co-

452 1509 611 1563 loni-.e
649 1517 982 1573 commeant,
1032 1516 1255 1578 propter
1307 1506 1413 1562 loci
1460 1504 1947 1576 opportunitatem,
1978 1516 2045 1557 ac

452 1599 578 1654 (ιωιὶ
612 1600 998 1655 salubritatem
1036 1617 1047 1652 :
1081 1598 1229 1670 quod
1283 1599 1372 1653 ille
1406 1605 1616 1652 tractus
1645 1597 1862 1652 lenibus
1898 1595 2047 1650 auris

354 1694 363 1697 ”
452 1706 483 1745 ε
515 1691 827 1761 propinquo
847 1692 981 1746 mari
1016 1689 1297 1761 perﬂatur.
1329 1689 1513 1756 Addit,
1537 1697 1591 1744 et
1609 1689 1738 1744 alibi
1772 1696 2045 1742 terrarum

454 1782 598 1837 hanc
646 1799 773 1839 esse
835 1793 1065 1850 sectam,
1103 1781 1372 1852 πολλαχοῦ
1426 1782 1528 1851 τῆς
1580 1779 1930 1850 οἰκουμένης.
1971 1777 2047 1833 De

452 1871 722 1928 Practicis
740 1870 1214 1942 refertJosephus,
1233 1887 1328 1927 eos
1346 1874 1399 1927 in
1424 1873 1653 1927 urbibus
1676 1871 1901 1940 degere:
1930 1869 2045 1923 Μία

453 1962 512 2017 δὲ
540 1963 639 2015 οὐκ
666 1962 813 2015 ἔστιν
835 1961 1015 2015 αὐτῶν
1050 1962 1233 2026 πόλις·
1262 1962 1376 2015 ἀλλ’
1404 1964 1461 2015 ἐν
1490 1956 1696 2033 ἑκάστῃ
1732 1958 2047 2032 μετοικοῦσι

455 2054 660 2108 πολλοί.
692 2053 816 2121 Una
850 2054 1088 2123 ipsorum
1133 2054 1317 2108 civitas
1340 2070 1441 2107 non
1471 2063 1570 2118 est,
1605 2053 1693 2107 sed
1717 2051 2049 2122 singularum

454 2146 703 2215 inquilini
733 2156 854 2200 sunt
901 2146 1099 2214 plures.
1155 2144 1279 2200 Mox
1305 2160 1319 2199 :
1343 2144 1613 2216 Κηδεμὼν
1652 2144 1709 2197 δὲ
1750 2146 1805 2196 ὲν
1842 2144 2048 2215 ἑκάστῃ

453 2236 607 2290 πόλει
639 2235 734 2290 τοῦ
767 2235 1345 2307 τάγματοςὲξαίρετος
1387 2236 1493 2288 τῶν
1532 2236 1698 2302 ξένων
1734 2233 2051 2287 ἀποδείκνυ-

451 2342 564 2391 ται,
587 2327 654 2382 In
682 2327 915 2393 qualibet
958 2328 1087 2380 urbe
1118 2342 1183 2389 ea:
1220 2328 1399 2381 eodem
1442 2326 1662 2397 collegio
1702 2334 1923 2380 curator
1952 2324 2048 2377 ho-

453 2419 648 2485 spitum
664 2419 913 2486 specialis
945 2418 1183 2489 eligitur.
1218 2416 1343 2472 llaec
1374 2426 1505 2471 sunt
1552 2423 1900 2488 argumento,
1940 2413 2052 2469 Pli-

454 2511 530 2564 nii
553 2508 983 2579 descriptionem
1050 2508 1117 2562 ad
1177 2507 1535 2564 Tlieorcticos
1584 2518 1639 2563 et
1692 2507 2051 2563 Philouiauos

455 2601 691 2654 maxime
721 2600 1015 2669 pertinere.
1044 2598 1395 2669 Inquiramus
1424 2601 1586 2655 modo
1624 2616 1789 2669 quam
1822 2599 1963 2654 belle
1992 2613 2053 2653 se

456 2694 525 2748 ad
562 2691 801 2747 Plinium
838 2708 1001 2749 suum
1050 2693 1356 2749 Salmasius
1398 2694 1728 2747 exercuerit.
1773 2692 2052 2761 Principio

457 2783 529 2839 de
551 2785 685 2839 solis
721 2783 945 2839 Essenis
967 2783 1214 2854 Joscplii,
1236 2784 1332 2855 qui
1362 2784 1600 2839 Praclici
1631 2790 1781 2849 sunt,
1812 2783 2050 2837 Plinium

457 2875 701 2944 exponit.
723 2873 841 2929 Non
869 2875 1017 2930 enim
1042 2876 1268 2931 alterius
1290 2876 1507 2943 generis
1535 2874 1867 2929 mentionem
1903 2873 2049 2928 facit.

460 2965 598 3030 llos,
641 2967 718 3021 ait
773 2966 873 3038 (α),
935 2966 1117 3021 littora
1173 2966 1395 3037 fugisse,
1442 2975 1500 3020 ut
1549 2967 1805 3020 interiora
1845 2966 2053 3020 Juda'a:

458 3056 780 3115 habitarent.
844 3056 973 3113 Ideo
1011 3074 1170 3126 porro
1241 3057 1519 3128 fugiebant
1571 3074 1733 3121 mare,
1793 3069 1841 3111 et
1892 3074 2053 3128 quam

2146 587 2433 645 habuisse.
2467 589 2658 644 Varias
2687 588 2833 643 enim
2868 595 3016 642 artes
3043 588 3395 656 exercebant;
3428 606 3532 645 nam
3555 595 3670 651 dilu-

2143 680 2268 736 culo
2299 682 2435 750 πρὸς
2466 680 2531 744 ἃς
2554 681 2774 733 ἕκαστοι
2810 680 3005 750 τέχνας
3041 680 3216 732 ῐσασιν
3246 680 3344 733 ὑπὸ
3386 682 3482 735 τῶν
3505 685 3666 756 ἐπιμε-

2144 772 2326 844 λητῶν
2348 774 2654 843 διαφίενται
2681 792 2693 803 ·
2722 772 2790 826 ad
2812 790 2903 827 eas
2938 781 3102 838 artes,
3138 789 3352 841 quarum
3385 778 3522 842 periti
3552 786 3666 843 sunt,

2143 865 2461 920 exercendas
2546 883 2578 919 a
2634 866 2902 935 prmfectis
2960 865 3297 919 dimittuntur
3358 866 3419 920 ad
3466 869 3668 936 quintam

2147 972 2361 1026 usque:
2392 972 2499 1027 qua
2530 956 2586 1011 in
2609 972 2780 1011 unum
2820 957 3221 1011 conveniebant
3256 956 3319 1010 ad
3340 957 3592 1027 prandium
3615 975 3627 1023 ;
3649 976 3671 1013 a

2148 1065 2257 1119 quo
2289 1049 2487 1103 iterum
2545 1048 2613 1103 ad
2652 1062 2936 1117 vesperam
2970 1046 3024 1099 in
3056 1060 3219 1115 opere
3260 1046 3588 1099 trahebantur.
3615 1046 3673 1099 Ex

2148 1141 2235 1196 his
2269 1141 2494 1195 evidens
2524 1146 2630 1205 est,
2661 1148 2755 1192 aut
2798 1139 2935 1194 istos
2964 1138 3309 1208 agriculturae
3349 1154 3446 1192 non
3470 1153 3672 1199 vacasse,

2148 1239 2242 1284 aut
2272 1244 2381 1284 non
2430 1230 2653 1284 unicum
2708 1229 2813 1283 hoc
2846 1244 3019 1300 genus
3054 1228 3190 1282 artis
3249 1228 3546 1284 instituisse.
3593 1230 3676 1283 Sed

2147 1337 2326 1392 neque
2385 1322 2777 1377 commercium
2837 1335 3000 1375 omne
3070 1319 3409 1388 repudiasse;
3456 1335 3563 1377 nam
3605 1322 3675 1391 qui

2149 1424 2294 1471 artes
2310 1414 2514 1478 varias,
2549 1430 2687 1484 quas
2726 1413 2964 1483 quisque
2992 1418 3175 1473 norat,
3202 1412 3530 1472 exercebant,
3560 1427 3677 1480 qua:-

2150 1516 2296 1562 stum
2357 1506 2545 1576 utique
2608 1503 2903 1569 faciebant,
2966 1516 3031 1555 ac
3101 1502 3186 1555 vel
3237 1516 3423 1571 operas
3460 1516 3592 1564 suas,
3616 1502 3680 1555 vel

2151 1597 2351 1652 artium
2400 1610 2565 1665 opera
2598 1595 2973 1649 venditabant.
3005 1593 3290 1650 Postremo
3332 1593 3461 1647 nihil
3492 1591 3683 1647 Essenos

2149 1688 2349 1744 emisse
2379 1702 2555 1756 neque
2588 1685 2905 1740 vendidisse
2935 1700 3045 1739 non
3079 1686 3275 1741 scribit
3311 1683 3579 1753 Josephus,
3610 1683 3683 1737 sed

2152 1779 2384 1833 invicem
2418 1798 2429 1833 :
2462 1777 2629 1832 Οὐδὲν
2674 1778 2732 1831 ἐν
2763 1776 3011 1847 ἀλλήλοις
3057 1776 3182 1830 οὔτε
3207 1775 3567 1845 ἀγοράζουσιν,
3590 1772 3686 1825 οὔτε

2148 1871 2443 1925 πωλοῦσιν.
2478 1868 2633 1924 Nihil
2677 1871 2814 1923 inter
2853 1886 2907 1924 se
2952 1878 3131 1924 emunt
3176 1879 3268 1922 aut
3303 1868 3533 1922 vendunt.
3573 1867 3686 1920 inter

2149 1981 2231 2023 se.
2266 1964 2363 2030 ait,
2397 1979 2505 2020 non
2527 1962 2784 2019 καθόλου.
2818 1962 2916 2016 Eat
2954 1960 3126 2025 nunc,
3161 1972 3216 2017 et
3261 1961 3425 2017 falsos
3453 1958 3688 2027 conjecto-

2150 2071 2242 2112 res
2299 2072 2402 2112 nos
2436 2072 2561 2112 esse
2598 2056 2768 2118 dicat,
2802 2069 2927 2109 cum
2969 2064 3184 2109 veteres
3214 2054 3283 2107 ab
3324 2069 3388 2107 eo
3415 2058 3689 2121 scriptorcs.

2149 2165 2291 2220 quos
2324 2150 2480 2215 citat,
2530 2163 2639 2203 non
2670 2148 2780 2203 nisi
2838 2147 3060 2217 raptim,
3105 2161 3171 2201 ac
3205 2161 3303 2217 per
3333 2145 3528 2207 iudices
3554 2142 3692 2196 autin

2150 2243 2386 2303 aliorum
2435 2239 2848 2297 commentariis
2900 2239 3073 2299 lectos
3126 2254 3254 2297 esse
3288 2252 3411 2292 cum
3454 2233 3693 2289 Keilioetio

2150 2333 2460 2388 docuimus.
2496 2330 2786 2397 Quantivis
2824 2331 2893 2385 ad
2929 2330 3072 2385 lianc
3111 2327 3417 2399 augendam
3464 2324 3694 2395 suspicio-

2150 2440 2275 2479 nem
2310 2423 2596 2479 Plinianus
2626 2424 2728 2477 iste
2771 2422 2926 2475 locus
2964 2429 3091 2475 est:
3124 2421 3290 2489 cujus
3316 2418 3526 2489 quidem
3558 2414 3695 2469 facilis

2151 2524 2318 2584 atque
2345 2512 2619 2583 explicata
2657 2510 2932 2568 sententia
2964 2518 3071 2573 est,
3109 2509 3156 2566 si
3190 2509 3321 2580 quis
3350 2506 3607 2578 paululum
3629 2502 3696 2556 his

2152 2605 2207 2659 in
2236 2605 2432 2659 litteris
2491 2603 2693 2673 sapiat.
2728 2604 2807 2657 Ab
2857 2600 3147 2666 occidente,
3175 2601 3257 2655 ait
3284 2599 3513 2659 Plinius,
3558 2596 3699 2648 littora

2154 2697 2341 2752 Esseni
2374 2696 2628 2766 fugitant,
2647 2710 2919 2765 usquequa
2944 2702 3153 2747 nocent.
3188 2691 3265 2747 De
3294 2688 3582 2760 Asphaltite
3606 2686 3700 2738 lacu

2152 2790 2267 2845 sive
2299 2788 2439 2843 mari
2464 2786 2678 2842 Mortuo
2718 2785 3021 2856 capiendus
3052 2794 3158 2849 est,
3187 2784 3282 2854 qui
3303 2782 3489 2837 letales
3504 2776 3704 2846 exspirat

2152 2894 2336 2943 auras,
2398 2887 2454 2933 et
2491 2877 2733 2932 vicinum
2782 2892 2963 2933 aerem
3028 2877 3228 2931 inlicit.
3256 2874 3525 2930 Gravitate
3559 2866 3699 2922 οάοτὶι

2154 2969 2348 3022 accolis
2378 2968 2613 3037 pestifer,
2635 2968 2709 3023 ait
2739 2965 2963 3022 Tacitus
3005 2966 3097 3020 lib.
3135 2982 3190 3031 ν,
3234 2964 3408 3029 llist.,
3443 2978 3555 3032 cap.
3578 2959 3621 3024 6,
3640 2972 3703 3009 ne-

2153 3075 2250 3130 que
2299 3068 2451 3113 vento
2504 3058 2819 3127 impellitur,
2866 3073 3028 3128 neque
3052 3058 3225 3125 pisces
3255 3065 3353 3110 aut
3394 3064 3562 3110 suetas
3590 3046 3705 3119 aquis
3782 3044 3793 3063 °

457 3151 761 3220 longissime
798 3161 1039 3219 poterant
1065 3168 1096 3205 a
1116 3151 1384 3206 littoribus
1408 3160 1457 3205 et
1483 3152 1736 3220 portubus
1761 3166 1873 3205 sese
1903 3167 2052 3205 amo-
2078 3181 2124 3243 ο
2161 3150 2394 3205 volucres
2423 3152 2652 3217 patitur.

456 3243 642 3298 vehant
673 3243 878 3311 Esseni,
899 3262 962 3299 ne
995 3245 1297 3313 puritatiac
1328 3245 1711 3315 tranquillitati
1734 3246 1872 3309 vitae,
1891 3261 2052 3315 quam

456 3338 823 3398 sectabantur,
880 3339 1155 3392 maritima
1208 3339 1526 3392 commercia
1567 3346 1830 3397 nocerent.
1880 3337 2049 3394 Mox:

456 3425 668 3481 Littera
720 3428 953 3497 fugiunt,
1006 3443 1275 3498 usquequa
1307 3435 1529 3491 nocent;
1560 3428 1615 3479 id
1662 3437 1761 3491 est,
1796 3434 2054 3495 quatenus

459 3527 645 3571 nocent
691 3520 805 3588 agri
838 3518 1042 3573 colendi
1077 3518 1255 3572 studio
1288 3527 1495 3572 tantum
1534 3518 1790 3581 addictis,
1817 3527 1873 3569 ut
1900 3526 2054 3571 erant

465 3607 695 3673 lfsseni,
744 3619 794 3663 et
853 3626 1059 3663 omnem
1108 3610 1519 3679 negotiationem
1585 3609 2057 3677 commerciumque

461 3699 852 3755 «versantibus.
906 3698 1059 3754 Nihil
1110 3703 1298 3771 quippe
1327 3701 1591 3765 emebant,
1630 3717 1720 3755 nec
1746 3700 2054 3763 vendebant,

462 3800 519 3845 ut
548 3808 612 3845 ea:
638 3789 866 3861 Josepho
896 3802 1125 3849 constat.

540 3882 679 3936 Hinc
733 3890 996 3954 apparet,
1050 3890 1315 3953 quantum
1362 3882 1557 3952 iudicii
1625 3883 1691 3937 ad
1738 3882 2058 3939 scribendas

465 3970 891 4027 Exercitationes
950 3975 1221 4029 attulerit.
1270 3972 1451 4028 Minus
1495 3973 1641 4027 enim
1672 3974 1978 4029 litterarum
2003 3974 2057 4028 in

462 4061 533 4117 iis
570 4062 749 4125 verbis
781 4070 886 4127 est,
911 4078 1074 4135 quam
1098 4078 1371 4118 errorum.
1402 4062 1615 4134 Quippe
1650 4080 1751 4118 nec
1788 4064 1853 4119 ad
1883 4064 2062 4120 Theo-

462 4152 665 4207 retices
684 4152 932 4209 Philonis
971 4152 1211 4211 Essenos
1233 4192 1251 4219 ,
1289 4168 1388 4208 nec
1416 4154 1483 4207 ad
1515 4152 1798 4211 Practicos
1832 4153 2057 4225 Josephi

460 4245 798 4299 conveniunt
848 4247 993 4316 quze'
1022 4246 1075 4300 in
1126 4244 1537 4314 interpretando
1580 4247 1784 4316 posuit.
1829 4247 2053 4303 Ostendi

462 4334 531 4393 ad
574 4335 931 4393 Theoreticos
976 4338 1233 4407 inprimis
1264 4336 1428 4391 Plinii
1460 4337 1626 4394 verba
1652 4349 1920 4409 spectare.
1948 4338 2059 4395 llos

465 4443 595 4482 vero
631 4429 875 4482 littorum
911 4445 977 4484 ac
1006 4431 1177 4485 maris
1206 4431 1672 4501 propinquitatem
1713 4433 1938 4497 vitasse,
1964 4431 2061 4486 fal-

2228 3241 2354 3297 lltee
2397 3250 2526 3295 sunt
2568 3242 2636 3295 ad
2679 3240 2839 3295 Plinii
2874 3246 3116 3295 mentem
3159 3225 3473 3310 aptissima.
3514 3232 3707 3289 causam

2156 3334 2301 3389 enim
2328 3335 2632 3399 continent,
2664 3350 2763 3388 cur
2793 3333 2987 3388 Esseni
3016 3333 3093 3386 illi
3122 3332 3239 3386 τῶν
3267 3328 3515 3402 ὲρημιῶν
3541 3322 3709 3380 incolit.

2157 3434 2211 3482 et
2247 3427 2390 3481 inter
2422 3428 2658 3496 palmeta
2697 3427 3015 3481 victitantes
3057 3425 3206 3489 baud
3242 3423 3472 3495 propius
3520 3412 3710 3487 Asplisl-

2159 3518 2312 3573 titem
2351 3518 2529 3572 lacum
2570 3517 2848 3571 domicilia
2894 3515 3151 3581 fixerint;
3198 3517 3299 3571 sed
3334 3525 3540 3569 tantum
3580 3510 3638 3563 ab
3668 3518 3714 3558 eo

2158 3608 2517 3672 secesserint,
2550 3608 2735 3678 quoad
2774 3608 2856 3663 vis
2895 3608 3043 3662 illius
3079 3614 3300 3661 tractus
3352 3604 3587 3659 maleﬁca
3621 3610 3712 3668 per-

2160 3700 2340 3769 tingit.
2376 3698 2476 3754 Hic
2518 3709 2604 3754 cst
2659 3700 2751 3753 ille
2809 3698 3011 3754 Mortui
3062 3703 3239 3754 maris
3287 3707 3343 3757 et
3401 3692 3716 3763 circumiecta:

2160 3800 2323 3866 terra:
2356 3792 2582 3861 squalor
2606 3806 2670 3846 ae
2698 3792 2960 3860 pestilens
2999 3789 3251 3855 habitus,
3286 3804 3453 3860 quem
3489 3787 3716 3854 eleganter

2159 3899 2224 3938 ac
2254 3885 2446 3954 paucis
2473 3882 2845 3938 Tertullianus
2872 3883 3171 3953 descripsit
3201 3884 3258 3939 in
3294 3885 3440 3937 libro
3466 3880 3537 3933 De
3556 3875 3718 3948 pallio:

2164 3974 2458 4040 Hactenus,
2494 3975 2673 4044 inquit
2699 3975 2793 4045 (c),
2841 3974 3100 4042 Sodoma,
3136 3986 3187 4030 et
3244 3976 3401 4031 nulla
3447 3966 3717 4027 Gomorrha,

2159 4081 2209 4123 et
2240 4070 2373 4122 cinis
2405 4069 2607 4132 omnia,
2632 4077 2682 4122 et
2720 4068 3089 4139 propinquitas
3123 4069 3298 4122 maris
3316 4068 3485 4134 juxta
3512 4078 3619 4119 cum
3638 4057 3721 4113 solo

2163 4169 2384 4213 mortem
2419 4158 2571 4213 bibit.
2611 4159 2780 4225 Mare,
2816 4160 3015 4230 inquit,
3048 4161 3452 4230 prepinquum,
3495 4170 3595 4211 una
3624 4162 3721 4207 cum

2163 4267 2260 4308 ora
2295 4252 2466 4316 omni,
2514 4259 2748 4306 mortem
2785 4268 2846 4306 ac
2877 4260 3089 4322 pestem
3138 4252 3440 4308 combibit.
3486 4250 3604 4304 llmc
3628 4255 3724 4297 rem

2163 4344 2267 4398 loci
2302 4343 2467 4413 hujus
2499 4354 2584 4399 est
2617 4345 2893 4399 sententia
2923 4363 2936 4399 :
2969 4344 3024 4399 in
3068 4361 3179 4415 quo
3213 4346 3457 4401 ridicule
3484 4339 3723 4397 conﬂicta-

2161 4436 2325 4490 batur
2354 4434 2659 4492 Salmasius
2691 4436 2786 4507 (ιι).
2822 4436 2925 4502 Qui
2952 4447 3225 4491 mortuum
3255 4438 3375 4503 ivit,
3405 4436 3491 4491 vel
3516 4438 3724 4488 mortua!»

465 4520 749 4573 sissimum
806 4528 933 4585 est;
997 4536 1121 4574 cum
1179 4522 1359 4575 vicina
1406 4524 1588 4589 potius
1628 4523 1763 4577 mari
1800 4532 2054 4593 captasse
2088 4533 2130 4587 D
2161 4543 2330 4583 ausus
2356 4536 2441 4582 est
2470 4528 2719 4583 scribere
2750 4529 2803 4582 in
2838 4528 3081 4583 editione
3110 4544 3417 4600 nova,pag.
3450 4526 3568 4592 105,
3602 4516 3723 4592 quasi

467 4608 585 4660 loca
636 4615 867 4662 testetur
919 4608 1076 4663 Philo
1117 4610 1219 4680 (b).
1262 4609 1469 4665 Deinde
1522 4626 1699 4680 neque
1754 4614 2058 4683 agricultu-

464 4713 605 4763 ram,
650 4713 829 4769 neque
888 4707 1059 4755 artem
1114 4701 1279 4754 ullam
1330 4701 1692 4756 instituebant
1721 4704 2054 4771 Theoretici,

465 4790 562 4846 sed
590 4800 759 4845 totum
793 4791 938 4845 diem
995 4793 1052 4846 ὲν
1082 4792 1316 4863 ἀσκήσει
1359 4807 1423 4846 ac
1455 4808 1741 4849 sacrorum
1786 4796 2056 4852 librorum

466 4881 1251 4954 meditationetransigebant,
1285 4900 1467 4955 neque
1504 4886 1670 4941 limen
1710 4888 2060 4957 egredieban-

468 4981 558 5027 tur
598 4994 611 5029 :
641 4975 755 5039 Τὰς
788 4977 888 5044 μὲν
940 4971 1033 5030 οὖν
1072 4976 1133 5042 ἓξ
1181 4978 1394 5051 ἡμέρας
1416 4980 1585 5049 χωρὶς
1620 4977 1842 5033 ἕκαστοι
1872 4981 2062 5051 μονού-

472 5082 625 5135 μενοι
683 5070 815 5139 παρ’
860 5070 1076 5133 ἑαυτοῖς
1119 5071 1178 5125 ὲν
1222 5072 1336 5135 τοῖς
1386 5070 1623 5141 λεχθεῖσι
1675 5071 2060 5143 μοναστηρίοις

469 5158 843 5225 φιλοσοφοῦσι,
880 5159 981 5231 τὴν
1030 5160 1248 5217 αὔλειον
1298 5164 1398 5233 οὐχ
1463 5162 1908 5234 ὑπερϐαίνοντες,
1943 5162 2058 5217 ἀλλ’

467 5250 576 5305 οὐδ’
609 5251 667 5317 ἐξ
697 5253 944 5306 ἀπόπτου
990 5253 1345 5327 θεωροῦντες.
1394 5254 1621 5313 Frustra
1655 5257 1820 5328 igitur
1840 5267 2062 5329 arguta-

471 5350 580 5407 tur,
635 5345 876 5399 Essenos
904 5345 1117 5402 ideirco
1168 5350 1355 5406 littora
1402 5347 1627 5420 fugisse,
1660 5350 1806 5420 quod
1852 5351 1907 5406 in
1942 5351 2060 5421 agri

470 5433 716 5487 studium
743 5435 935 5490 intenti
966 5435 1163 5494 forent.
1204 5438 1310 5495 Sed
1340 5456 1514 5512 neque
1547 5438 1770 5510 Josephi
1807 5442 1873 5496 ad
1908 5441 2063 5498 Esse-

420 5553 429 5563 -
468 5535 572 5580 nos
601 5525 750 5583 illius
771 5526 1151 5599 interpretatio
1172 5532 1429 5601 quadrat.
1470 5531 1591 5588 Non
1619 5532 1764 5593 enim
1793 5533 2061 5605 agricolas

545 5682 628 5765 ta)
661 5683 900 5765 gallinas.
934 5686 1124 5765 Emere.
1152 5689 1301 5744 Plin.
1332 5707 1455 5764 pag.
1491 5690 1615 5760 612,
1646 5691 1770 5747 615.

548 5752 626 5828 (δ)
658 5753 827 5828 Philo,
847 5773 966 5828 pag.
1001 5758 1125 5814 612.

553 5824 623 5887 te;
652 5821 781 5891 Cap.
807 5821 861 5880 2;

2158 4617 2229 4672 ab
2258 4632 2323 4673 eo
2362 4618 2509 4688 quod
2553 4624 2639 4673 est
2673 4618 2906 4681 morior,
2962 4633 3239 4687 usurpare
3280 4619 3476 4683 liceat,
3517 4622 3726 4669 martum.

2159 4720 2359 4775 mortu,
2395 4710 2481 4765 vel
2524 4719 2815 4776 mortuum,
2847 4719 3095 4776 mortuu;
3132 4720 3187 4764 et
3242 4713 3331 4766 sic
3376 4718 3633 4764 mortuum
3672 4701 3726 4752 ire

2159 4803 2398 4868 dicatur,
2428 4803 2705 4873 quomodo
2766 4802 3032 4857 redditum
3085 4803 3185 4866 ire,
3239 4812 3299 4857 et
3350 4804 3521 4871 hujus
3552 4792 3728 4870 generis

2160 4894 2285 4949 alia.
2323 4892 2580 4950 Joculare
2630 4894 2888 4962 facinus;
2935 4896 3045 4949 imo
3083 4911 3216 4968 vero
3261 4896 3551 4965 piaculare
3585 4901 3728 4960 graui-

2161 4985 2395 5053 inatici;
2449 4986 2543 5055 qui
2599 4986 2705 5042 hoc
2761 4986 2905 5041 scire
2935 4985 3185 5056 profecto
3228 4987 3452 5053 debuit,
3506 4989 3729 5038 mortuum

2161 5092 2363 5133 nomen
2389 5093 2533 5144 esse,
2567 5094 2675 5133 non
2710 5081 2961 5144 verbum,
2986 5096 3165 5149 neque
3189 5081 3354 5134 verbi
3393 5079 3639 5148 supinum
3664 5075 3731 5121 aut

2162 5170 2552 5239 participium;
2588 5171 3050 5240 quemadmodum
3085 5172 3275 5241 fatuus
3298 5212 3313 5237 ,
3357 5171 3590 5233 arduus,
3637 5176 3732 5217 εοη·

2161 5262 2394 5328 spiritus.
2426 5262 2594 5317 Docet
2620 5264 2723 5319 hoc
2750 5274 3008 5320 accurate
3037 5264 3096 5320 S.
3122 5266 3490 5337 Augustinus
3520 5264 3607 5316 lib.
3640 5271 3731 5313 xui.

2162 5352 2241 5407 De
2269 5356 2411 5408 civit.
2445 5353 2563 5417 Dei,
2594 5371 2716 5427 cap.
2752 5357 2837 5419 11,
2874 5357 3036 5427 cujus
3070 5356 3240 5411 verba
3292 5358 3385 5412 hie
3421 5368 3631 5427 quoque
3654 5344 3733 5418 legi

2164 5454 2483 5500 merentur:
2533 5445 2706 5511 Unde,
2738 5448 2939 5517 inquit,
2987 5466 3090 5501 non
3130 5450 3447 5517 importune
3490 5461 3643 5517 neque
3673 5443 3734 5495 iu-

2162 5553 2388 5608 congrue
2421 5538 2655 5593 arbitror
2694 5542 2973 5607 accidisse,
3014 5543 3115 5596 etsi
3158 5560 3268 5596 non
3327 5544 3561 5597 hnmmta
3605 5535 3736 5593 indi“

2238 5693 2313 5762 (tl)
2349 5694 2667 5771 Salmasai‘n
2690 5696 2898 5771 Not.ad
2929 5697 3151 5753 Tertull.
3182 5698 3262 5755 De
3298 5700 3625 5771 Pulliu,m!it.
3657 5705 3731 5765 ρο-

2166 5776 2381 5820 Streina:
2414 5769 2476 5820 A.
2514 5768 2648 5823 1656
2695 5769 2962 5840 cvulgatae
2990 5786 3041 5840 p.
3078 5771 3201 5824 156.
