3920 6402
185 369 294 429 03‘!

1223 379 1351 437 ΑΜ·
1366 369 1788 438 ΕιὶςυεέιΑι

1897 378 1984 437 UM
2019 377 2442 439 SALMASIUM.
3319 403 3322 408 '
3367 385 3479 442 6'58

185 492 348 558 stria,
389 490 605 561 judicio
644 492 874 567 fortasse
907 493 1105 562 divino,
1141 507 1197 552 ut
1242 499 1338 554 hoc
1369 498 1603 564 verbum,
1634 498 1773 570 quod
1805 503 1848 559 Λ
1880 496 2109 553 Linacer
2126 498 2520 568 grammaticus
2547 496 2795 556 eruditus
2839 497 2979 556 libro
3009 514 3046 552 ιι
3080 517 3093 552 :
3131 495 3480 569 Patronymi-

184 589 265 636 est
303 582 566 648 moritur,
599 586 653 638 in
681 584 877 641 Latina
906 587 1087 659 lingua
1119 605 1211 644 nec
1246 592 1583 660 grammatici
1617 590 1783 644 decli-

186 689 321 728 nare
370 676 664 743 potuerint,
699 693 762 731 ea
805 678 986 748 regula
1015 719 1032 745 ,
1063 697 1168 750 qua
1211 693 1405 737 cwtera
1437 682 1573 736 talia
1619 681 1784 735 decli-

185 773 413 818 nuntur.
449 763 698 838 Namque
734 769 800 822 ab
829 785 911 836 eo,
953 770 1092 840 quod
1135 781 1214 827 est
1246 774 1441 841 oritur,
1477 775 1539 843 ﬁt
1567 772 1780 828 verbum

184 855 449 922 praeteriti
482 859 734 928 temporis
769 871 928 916 ortus
950 871 1071 918 est:
1103 873 1150 917 et
1179 865 1228 918 si
1258 881 1364 934 qua
1405 865 1609 919 similia
1633 877 1778 930 sunt,

184 964 306 1018 qua:
331 964 426 1017 per
457 953 704 1020 temporis
735 955 994 1022 praeteriti
1018 957 1304 1026 participia
1327 956 1682 1011 declinantur.
1701 956 1780 1010 Ab

184 1054 246 1092 eo
275 1055 429 1105 vero,
468 1042 609 1110 quod
647 1052 726 1097 est
783 1045 1054 1111 moritur,
1097 1047 1145 1101 si
1181 1063 1482 1118 quwramus
1523 1049 1784 1118 prwteriti

186 1133 442 1198 temporis
467 1135 714 1199 verbum,
768 1137 1075 1206 responderi
1103 1137 1236 1192 solet
1288 1146 1542 1195 mortuus
1582 1145 1706 1204 est,
1746 1155 1781 1193 ιι

187 1221 376 1276 littera
425 1225 697 1294 geminata
731 1243 750 1280 :
785 1228 863 1281 sic
909 1229 1051 1282 enim
1103 1229 1301 1283 dicitur
1332 1238 1616 1296 mortuus,
1647 1245 1784 1300 quo-

190 1311 354 1367 modo
382 1312 588 1380 fatuus.
619 1315 1205 1390 arduus,conspicuus
1230 1337 1244 1374 :
1274 1321 1394 1374 etsi
1421 1336 1526 1391 qua
1555 1320 1780 1387 similia,

186 1419 306 1473 quis
350 1420 454 1458 non
497 1416 622 1460 sunt
658 1409 916 1472 praeteriti
960 1412 1232 1481 temporis,
1263 1413 1355 1466 sed
1400 1413 1651 1482 quoniam
1685 1430 1781 1467 no-

187 1495 337 1548 mina
381 1503 525 1563 sunt,
562 1499 675 1553 sine
727 1507 955 1568 tempore
1008 1502 1368 1559 declinantur.
1412 1503 1560 1558 Illud
1602 1513 1782 1560 autem

183 1588 347 1658 quasi
397 1589 775 1658 declinaretur,
800 1595 942 1664 quod
995 1593 1258 1649 declinari
1307 1612 1410 1650 non
1457 1605 1649 1666 potest,
1683 1613 1779 1668 pro

185 1682 477 1751 participio
513 1687 770 1751 pra'teriti
802 1688 1050 1756 temporis
1097 1689 1314 1757 ponitur
1342 1706 1553 1745 nomen.
1594 1690 1779 1760 Inepta

186 1779 276 1827 est
316 1773 506 1843 igitur,
531 1784 587 1830 et
613 1777 990 1848 grammaticis
1031 1780 1236 1850 regulis
1263 1783 1536 1836 contraria
1569 1780 1782 1836 Salma-

1889 606 2073 643 corum
2123 589 2467 657 Graecorum,
2499 590 2708 660 inquit,
2750 591 2923 659 [arma
2962 591 3232 644 ducuntur
3272 608 3304 644 a
3345 590 3474 646 locis

1889 678 2170 736 Sicelides.
2207 681 2452 756 Denique
2480 681 2737 752 princeps
2772 682 2909 736 artis
2953 696 3016 735 ac
3057 684 3317 751 magister
3371 691 3476 736 tua:

1889 769 2285 841 Despautcrius
2325 774 2379 825 in
2418 771 2758 848 Pratataad
2803 781 2977 828 artem
3023 772 3475 827 versiﬁcatoriam

1888 863 2048 917 docet
2077 863 2170 934 (e),
2205 865 2579 934 patronymica
2627 864 2855 934 formari
2894 882 2927 918 a
2964 865 3164 934 patria.
3201 864 3267 917 Et
3324 865 3476 929 alibi,

1889 949 2151 1016 Pisidem,
2183 953 2328 1022 quod
2355 955 2556 1024 gentile
2591 970 2788 1010 nomen
2817 963 2921 1020 est,
2954 964 3113 1011 vocat
3140 955 3478 1026 patronymi-

1888 1058 2036 1099 cum.
2067 1043 2194 1099 Hatc
2226 1046 2451 1116 indigna
2493 1047 2689 1112 fateor,
2717 1047 2774 1101 in
2801 1048 3004 1118 quibus
3036 1063 3335 1102 moremur.
3381 1045 3477 1100 Ve-

1889 1151 2007 1190 rum
2037 1135 2164 1208 quid
2195 1136 2410 1207 facias?
2440 1146 2498 1191 ut
2525 1139 2681 1193 homo
2710 1149 2810 1202 est,
2840 1139 2920 1193 ita
2944 1155 3142 1192 merent
3177 1155 3354 1209 geras.

2495 1251 2725 1307 CAPUT
2768 1251 2856 1306 lll.

1889 1340 2174 1410 Epiphanii
2202 1343 2349 1397 locus
2373 1343 2679 1396 illustratur
2702 1344 2838 1396 male
2872 1360 2904 1395 a
2939 1342 3210 1397 Salmasio
3239 1325 3477 1396 vexatus.

1960 1414 2126 1481 Cujus
2150 1414 2331 1483 iniqua
2355 1413 2686 1482 reprehensio
2715 1414 3024 1466 discutitur.
3043 1411 3295 1481 Ejusdem
3325 1427 3479 1479 super

1957 1483 2333 1552 prtcpositione
2367 1483 2517 1552 ὺπέρ
2545 1492 2758 1538 notatus
2783 1499 2954 1538 error.

1958 1599 2116 1654 Nune
2159 1599 2225 1654 ad
2262 1598 2552 1670 Epiphanii
2605 1599 2813 1663 locum,
2847 1599 2938 1668 qui
2981 1613 3126 1653 unus
3167 1596 3278 1652 fere
3317 1610 3479 1650 occa-

1889 1689 2099 1746 sionem
2135 1689 2264 1744 huic
2294 1689 2653 1758 disputationi
2685 1688 2858 1753 dedit,
2899 1687 3099 1757 stylum
3129 1687 3481 1754 animumque

1889 1778 2313 1834 transferamus.
2354 1777 2428 1833 De
2455 1776 2684 1834 Ossenis
2711 1778 2842 1831 hacr.
2877 1778 2965 1841 l9,
3004 1792 3126 1846 pag.
3158 1775 3250 1840 40,
3284 1774 3359 1828 ita
3395 1775 3482 1827 ille

189 1865 350 1920 siana
380 1868 670 1940 castigatio
699 1888 713 1924 :
751 1871 1057 1942 praesertim
1090 1888 1214 1928 cum
1266 1874 1325 1928 in
1361 1873 1608 1945 principe
1639 1873 1786 1931 Rhe-

1897 1871 2121 1927 scribit:
2155 1871 2462 1941 Ὦρμηνται
2503 1869 2560 1922 δὲ
2599 1864 2765 1933 οὗτοι,
2796 1869 2870 1932 ὡς
2899 1870 2933 1938 ὴ
2959 1869 3039 1930 εἰς
3070 1869 3218 1938 ἡμᾶς
3252 1864 3486 1918 ἐλθοῦσα.

188 1955 321 2009 uani
369 1957 612 2028 editione
637 1957 847 2028 itidem,
883 1961 1024 2016 utin
1063 1962 1320 2034 vulgatis,
1353 1971 1533 2019 exstet
1562 1974 1784 2020 mortem

189 2046 345 2102 bibit.
377 2047 554 2116 Quam
597 2050 894 2108 editionem
946 2053 1015 2107 ad
1061 2063 1310 2111 veterum
1337 2055 1590 2112 codicum
1622 2056 1784 2113 ﬁdem

188 2138 483 2209 diligenter
503 2149 753 2198 exactam
800 2143 974 2203 fuisse
1023 2145 1227 2202 fatetur
1277 2147 1532 2218 ipsemet,
1580 2155 1636 2204 et
1687 2149 1787 2204 ad-

189 2231 458 2287 amussim
483 2247 609 2288 cum
639 2234 754 2302 illo,
787 2250 949 2307 quem
971 2237 1239 2307 exhibuit,
1262 2240 1636 2311 manuscripto
1653 2257 1786 2299 con-

189 2338 318 2380 vent
323 2339 404 2380 re.

265 2415 378 2473 Sed
413 2417 481 2472 ad
521 2417 761 2473 Plinium
796 2426 1044 2478 revertor
1067 2421 1180 2493 (a):
1227 2422 1388 2495 cujus
1419 2435 1474 2480 et
1515 2425 1687 2482 altera
1715 2427 1787 2483 ab

190 2506 386 2563 eodem
424 2506 698 2566 Salmasio
725 2509 971 2567 adhibita
1007 2515 1282 2570 correctio
1313 2515 1428 2572 risu
1458 2515 1644 2588 digna.
1677 2517 1786 2574 Pro

191 2601 340 2655 socia
369 2599 676 2670 palmarum
706 2602 877 2659 scribi
905 2604 1061 2674 jubet
1107 2622 1200 2661 esu
1245 2607 1571 2676 palmarum.
1609 2608 1788 2680 Impe-

191 2694 316 2758 rite,
351 2693 481 2762 quis
521 2694 722 2766 neget?
775 2693 860 2751 ita
911 2697 1059 2752 enim
1109 2698 1342 2768 abrupta
1393 2709 1449 2756 et
1503 2700 1786 2758 incondita

191 2785 356 2842 lectio
392 2785 505 2850 lict,
545 2787 660 2843 sine
706 2789 952 2858 pecunia,
981 2788 1424 2859 esu’palmarum.
1457 2792 1529 2848 At
1568 2796 1788 2868 vulgata

189 2887 247 2935 et
281 2893 314 2934 a
348 2879 574 2951 scriptis
600 2880 906 2946 codicibus,
937 2889 992 2936 et
1021 2897 1054 2936 a
1086 2886 1360 2939 sententia
1399 2888 1786 2944 auctoritatem

189 2967 380 3023 habet.
411 2965 469 3022 ln
507 2969 761 3038 palmetis
795 2971 989 3040 procul
1021 2971 1092 3027 ab
1129 2972 1412 3028 hominum
1443 2978 1680 3046 strepitu
1719 2992 1793 3034 ac.

190 3059 512 3129 frequentia
548 3059 820 3132 degebant
848 3079 861 3116 :
892 3062 1014 3118 ideo
1045 3063 1192 3118 socia
1219 3064 1525 3132 palmarum
1556 3083 1680 3137 gens
1710 3069 1791 3123 di-

191 3151 360 3208 citur.
398 3149 503 3218 Qui
538 3161 632 3207 aut
686 3152 796 3208 ista
837 3169 951 3209 non
998 3155 1168 3226 capit,
1205 3163 1299 3211 aut
1341 3158 1503 3214 aliter
1547 3159 1783 3214 Plinium

191 3244 532 3314 interpolare
587 3244 804 3311 studet,
855 3244 946 3300 vix
993 3261 1120 3302 eum
1165 3249 1510 3318 grammatici
1562 3251 1788 3307 nomine

195 3334 419 3405 dignum
445 3334 660 3404 judico.
695 3336 852 3402 Quod
880 3335 1018 3392 adeo
1047 3338 1152 3394 iste
1185 3353 1296 3394 non
1325 3349 1588 3407 meretur,
1616 3349 1674 3396 ut
1699 3357 1788 3397 me

205 3433 493 3495 propterea
529 3426 750 3483 obtorto
799 3427 945 3483 collo
983 3429 1248 3499 rapuerit,
1291 3432 1438 3501 quod
1467 3433 1536 3488 de
1583 3432 1789 3488 forma-

200 3516 344 3574 tione
365 3519 653 3573 nominum
684 3519 738 3573 iu
760 3537 912 3590 ηνος,
931 3527 990 3574 ut
1019 3530 1101 3576 est
1135 3521 1416 3593 Ἐσσηνός,
1444 3523 1787 3594 agens,scri-

194 3605 425 3673 pserim,
457 3607 865 3676 patronymicas
891 3607 1164 3678 ejusmodi
1193 3609 1516 3668 inﬂexiones
1543 3612 1788 3668 Arabum

194 3705 253 3770 et
297 3698 634 3753 Asianorum
687 3700 940 3770 proprias
971 3716 1116 3770 esse,
1169 3703 1329 3774 quasi
1371 3705 1638 3771 etlinicas,
1677 3721 1790 3760 non

186 3789 596 3860 patronymicas
644 3791 923 3860 appellare
970 3790 1276 3848 debuerim.
1311 3792 1480 3865 Euge,
1522 3795 1687 3849 homo
1733 3795 1792 3850 in

189 3882 562 3955 grammatica
601 3881 835 3938 detritus
887 3885 1328 3955 patronymicum
1375 3887 1552 3942 nescit
1599 3902 1709 3942 non
1758 3900 1792 3943 a

194 3976 338 4031 solis
388 3974 671 4044 patribus,
709 3975 803 4030 sed
853 3977 1018 4031 etiam
1078 3993 1110 4030 a
1161 3976 1301 4034 locis
1349 3992 1414 4033 ac
1475 3979 1792 4036 civitatibus

193 4069 413 4124 vocari.
467 4066 763 4124 Cledonius
812 4078 967 4124 vetus
1004 4069 1426 4139 grammaticus,
1475 4071 1620 4126 inter
1656 4087 1792 4140 gen-

197 4164 320 4218 tilia
365 4170 422 4217 et
464 4163 844 4233 patronymica
893 4162 950 4218 id
1000 4178 1124 4220 esse
1184 4164 1525 4220 discriminis
1578 4165 1656 4219 ait
1688 4164 1791 4236 (b),

196 4257 347 4326 quod
377 4256 600 4328 gentilia
637 4257 853 4312 nomina
882 4274 914 4311 α
946 4259 1235 4326 provinciis
1267 4260 1500 4322 veniunt.
1530 4266 1794 4332 patrony-

197 4350 349 4406 mica
374 4358 424 4404 et
456 4366 490 4403 a
526 4350 847 4404 civitatibus.
885 4351 1029 4422 Ergo
1069 4366 1136 4407 ex
1179 4350 1429 4408 Cledonii
1463 4352 1794 4409 auctoritate

198 4440 412 4513 gentile
437 4440 540 4495 hoc
569 4439 901 4496 Essenorum
931 4456 1130 4497 nomen
1160 4442 1436 4513 appellare
1460 4457 1572 4498 non
1603 4442 1790 4508 debui,

1887 1962 2130 2033 περιέχει
2165 1962 2488 2034 παράδοσις,
2512 1960 2620 2016 ἀπὸ
2652 1961 2752 2031 τῆς
2785 1960 3106 2030 Ναϐατικῆς
3143 1957 3350 2030 χώρας,
3387 1955 3486 2012 καὶ

1899 2054 2217 2126 Ἰτουραίας,
2245 2053 2586 2116 Μωαϐίτιδός
2609 2070 2670 2106 τε
2702 2051 2797 2105 καὶ
2826 2050 3204 2122 ’Δρηῖλίτιδος,
3221 2049 3329 2102 τῶν
3354 2048 3482 2101 ἐπέ-

1886 2163 2044 2200 κεινα
2090 2146 2190 2217 τῆς
2237 2146 2485 2208 κοιλάδος
2527 2145 2626 2216 τῆς
2658 2144 2870 2216 ἁλυκῆς
2918 2141 3092 2206 οὕτως
3141 2144 3200 2195 ὲν
3242 2143 3308 2211 τῇ
3360 2140 3484 2210 Θείᾳ

1887 2237 2080 2308 Γραφῇ
2136 2236 2474 2306 καλουμένης
2519 2233 2926 2309 ὑπερκειμένης
2977 2233 3183 2304 χώρας.
3220 2232 3378 2285 Ἐστι
3426 2232 3486 2284 δὲ

1886 2330 2028 2401 αὕτη
2054 2330 2245 2399 Νεκρὰ
2275 2327 2591 2400 καλουμένη,
2615 2327 2882 2382 θάλασσα.
2901 2325 3034 2391 Quae
3056 2327 3138 2381 sic
3167 2327 3221 2378 in
3243 2325 3487 2390 editione

1887 2431 2077 2478 nostra
2117 2420 2311 2476 Latine
2354 2421 2739 2476 reddidimus:
2781 2417 2988 2474 Ferunt
3026 2419 3158 2472 istos
3198 2433 3264 2471 ea:
3292 2415 3486 2470 Nabu-

1891 2521 2014 2574 ta’a,
2049 2510 2276 2575 Ituraza,
2315 2509 2608 2564 Moabitide
2665 2517 2715 2564 et
2745 2507 3030 2562 Areilitide
3068 2507 3328 2576 originem
3374 2514 3487 2559 tra-

1887 2603 2067 2669 xisse;
2115 2617 2233 2672 qua:
2269 2602 2505 2672 regiones
2541 2600 2687 2654 ultra
2722 2599 2915 2654 vallem
2956 2599 3353 2667 salsuginosam
3394 2612 3488 2665 po-

1889 2697 2008 2750 sitae
2029 2704 2173 2751 sunt.
2205 2693 2318 2748 Iloc
2346 2694 2486 2747 enim
2512 2694 2724 2748 nomine
2751 2693 2924 2748 sacris
2943 2689 3247 2758 inLitteris
3274 2698 3483 2741 tractus

1890 2787 1982 2842 ille
2034 2787 2275 2857 superior
2328 2785 2666 2855 appellatur,
2709 2785 2800 2856 qui
2852 2783 2992 2840 idem
3026 2790 3105 2838 est
3160 2798 3280 2836 cum
3339 2781 3484 2834 mari

1892 2877 2128 2933 Mortuo.
2155 2877 2238 2931 Ad
2274 2878 2423 2932 hunc
2448 2877 2632 2931 locum
2652 2875 2940 2930 Plinianus
2971 2872 3305 2930 exercitator
3337 2872 3486 2924 auri.

1891 2973 2043 3027 cuias
2069 2971 2301 3025 clamore
2339 2970 2514 3026 subito
2549 2969 2689 3023 tollit
2723 2969 2849 3022 totis
2888 2966 3112 3032 uiribus,
3143 2965 3226 3021 sic
3259 2972 3318 3019 ut
3351 2979 3486 3018 nus-

1892 3079 2060 3134 quam
2113 3063 2245 3120 alibi
2306 3061 2612 3131 majoribus
2677 3058 3020 3129 intemperiis
3071 3057 3330 3126 agitetur.
3379 3055 3489 3110 Sed

1892 3155 2038 3224 quod
2072 3155 2164 3212 isti
2200 3154 2408 3208 homini
2441 3152 2608 3209 fatale
2639 3167 2764 3208 esse
2799 3151 2938 3205 alias
2981 3150 3335 3204 observatum
3379 3157 3486 3213 est,

1892 3255 1951 3301 ut
1984 3247 2074 3302 ubi
2132 3247 2372 3300 maxime
2417 3246 2619 3314 satagit
2668 3259 2732 3297 ac
2772 3241 3006 3305 nititur,
3051 3240 3124 3294 ibi
3185 3238 3489 3294 foedissima

1891 3335 2055 3389 ruina
2085 3350 2150 3389 ac
2182 3340 2296 3389 toto
2322 3347 2554 3402 corpore
2579 3330 2957 3402 provolvatur,
2982 3327 3034 3382 id
3065 3328 3168 3382 hoc
3197 3327 3321 3380 loco
3353 3341 3490 3396 pene

1892 3441 2059 3497 supra
2096 3426 2255 3481 ﬁdem
2289 3426 2338 3481 ei
2378 3425 2632 3494 contigit.
2689 3423 2937 3480 Primum
2991 3420 3140 3475 illius
3207 3432 3347 3471 vana
3404 3423 3491 3471 est

1892 3516 2274 3588 reprehensio.
2310 3514 2380 3570 Ut
2410 3517 2556 3570 enim
2589 3513 2777 3568 Graece
2814 3510 2974 3582 periti
3005 3524 3197 3564 omnes
3220 3509 3275 3561 in
3316 3523 3488 3561 unum

1893 3607 2076 3676 capita
2123 3604 2439 3668 conferant,
2481 3603 2660 3658 ausim
2720 3601 2772 3656 id
2818 3613 3119 3655 asserere:
3161 3611 3272 3650 non
3323 3597 3487 3650 aliam

1894 3696 2353 3768 interpretatione
2386 3710 2484 3752 sua
2541 3681 2874 3750 sententiam
2909 3691 3017 3746 loci
3065 3690 3231 3761 hujus
3264 3704 3492 3759 expres-

1897 3800 2063 3841 suros
2088 3800 2253 3856 quam
2272 3800 2394 3856 quae
2416 3799 2450 3838 a
2471 3783 2633 3840 nobis
2653 3791 2738 3838 est
2763 3780 3000 3838 reddita.
3034 3779 3202 3836 Recte
3232 3795 3301 3834 an
3331 3793 3493 3834 secus

1894 3877 2126 3932 senserit
2162 3875 2502 3947 Epiphanius
2525 3915 2540 3940 ,
2573 3875 2706 3929 nihil
2735 3873 2802 3928 ad
2837 3873 3191 3942 interpretem
3229 3871 3489 3940 pertinet.

1965 3967 2265 4024 Ostendam
2303 3968 2468 4038 paulo
2502 3977 2659 4038 post,
2702 3973 2858 4022 extra
2909 3964 3130 4032 culpam
3182 3970 3238 4016 ct
3284 3962 3495 4016 erroris

1895 4059 2267 4131 suspicionem
2321 4073 2445 4114 esse
2494 4055 2911 4112 sanctissimum
2965 4053 3226 4107 Patrem:
3279 4061 3348 4119 εει
3396 4051 3492 4120 qui

1895 4152 1973 4208 illi
2001 4150 2442 4222 stupidissimum
2472 4163 2634 4206 suum
2667 4154 3038 4201 commentum
3075 4141 3362 4205 aﬂinxerit,
3403 4155 3494 4210 pa-

1896 4262 2018 4302 rum
2078 4244 2386 4316 pudenter,
2447 4242 2678 4296 multum
2720 4239 2901 4309 inepte
2959 4236 3175 4292 fecisse.
3216 4233 3375 4287 Nunc
3422 4232 3489 4286 de

1897 4337 2090 4393 Latina
2149 4333 2608 4406 interpretatione
2667 4331 2822 4402 prius
2873 4344 2999 4384 cum
3059 4328 3152 4381 illo
3203 4325 3489 4394 raprinam

1897 4444 2138 4503 pugnam
2175 4441 2487 4483 conseram.
2517 4424 2749 4491 Quaerit,
2786 4422 2881 4477 ubi
2927 4421 2982 4474 in
3019 4434 3177 4475 saera
3205 4417 3488 4486 Scriptura

199 4531 314 4587 nisi
344 4530 680 4601 provinciam
705 4530 942 4598 aliquam
970 4509 1305 4597 Essenorum
1328 4546 1454 4587 esse
1475 4539 1788 4588 constaret:

1898 4531 2109 4579 tractus
2143 4521 2235 4576 ille
2281 4520 2522 4589 superior
2561 4525 2808 4573 vocetur.
2858 4513 3029 4580 Quasi
3082 4512 3136 4566 id
3187 4511 3353 4566 verba
3386 4509 3492 4564 ista

201 4639 374 4693 quam
400 4622 606 4676 nullam
643 4621 813 4677 fuisse
840 4622 1111 4678 hactenus
1151 4621 1342 4678 didici.
1367 4623 1446 4678 Tu
1481 4638 1606 4678 cum
1638 4623 1796 4693 oppi-

199 4715 336 4771 dum
364 4713 582 4768 illorum
613 4715 669 4768 in
704 4714 965 4771 interiore
993 4714 1181 4770 Iudaea
1223 4714 1392 4772 fuisse
1418 4705 1665 4785 'conjicis
1694 4714 1793 4786 (e),

199 4825 232 4864 ι
262 4823 379 4877 quo
415 4802 652 4861 Ἐσσαῖοι
690 4815 745 4862 et
801 4807 1052 4879 Ἐσσηνοί
1093 4807 1226 4862 dicti
1266 4809 1504 4875 fuerint;
1535 4808 1640 4864 etsi
1691 4813 1796 4864 hoc

201 4901 475 4965 absurde,
524 4907 826 4971 contraque
853 4900 1078 4972 Josepbi
1140 4916 1205 4956 ac
1244 4901 1490 4958 Philonis
1535 4918 1798 4974 expressa

201 4992 531 5050 testimonia
579 4990 750 5056 facis,
798 4999 978 5046 tamen
1029 4990 1133 5045 hoc
1171 4989 1388 5060 ipsum,
1422 4989 1571 5059 quod
1607 4991 1661 5044 in
1711 5005 1798 5044 me

207 5093 324 5139 tam
382 5083 644 5138 atrociter
685 5081 1010 5148 insectaris,
1059 5089 1246 5150 tuopte
1292 5080 1510 5149 judicio
1563 5080 1792 5150 probas.

213 5172 351 5233 Nam
385 5190 416 5229 a
449 5174 768 5230 civitatibus
805 5173 1184 5245 patronymica
1228 5171 1476 5236 formari,
1515 5187 1625 5227 non
1660 5186 1798 5242 gen-

210 5267 351 5333 tilia,
389 5266 686 5322 Cledonius
735 5265 914 5321 docet.
967 5265 1297 5321 Consentius
1340 5265 1478 5319 alter
1520 5279 1798 5336 gramina.

209 5359 360 5415 tieus
401 5360 476 5413 ait
507 5357 586 5430 (ά)
616 5376 630 5414 :
689 5358 1073 5429 Patronymica
1115 5358 1330 5411 nomina
1358 5357 1617 5426 feminina
1661 5357 1718 5411 in
1753 5357 1802 5413 is

199 5451 357 5522 ﬁeri,
386 5459 443 5503 ut
464 5446 714 5502 Lucanus
741 5446 806 5501 ab
843 5447 1046 5502 Hibera
1076 5446 1310 5503 Hiberis.
1345 5445 1444 5503 Est
1476 5453 1660 5502 autem
1703 5443 1801 5500 Hi-

204 5545 389 5606 beris,
423 5543 644 5613 opinor,
685 5556 715 5595 a
752 5541 976 5612 regione
1022 5556 1224 5598 nomen
1262 5539 1518 5595 inditum.
1561 5537 1801 5596 Thomas

289 5675 372 5742 (α)
411 5674 792 5745 Εωενσ.ηρζίιι.
821 5690 875 5745 p.
897 5675 1022 5731 616.

286 5747 370 5816 (b)
402 5747 559 5816 Tom.
601 5744 641 5797 11
675 5741 1154 5802 Grammaticorum
1187 5751 1490 5815 ceterarum.
1523 5741 1682 5807 1892.

287 5813 364 5889 (ci
404 5813 636 5873 Salmas.
675 5831 798 5892 pag.
835 5816 957 5872 612.

1899 4615 2252 4686 signiﬁcent,
2283 4620 2514 4666 tractum
2575 4609 2900 4678 superiorem
2954 4608 3010 4662 in
3062 4604 3234 4661 sacris
3265 4602 3491 4658 Litteris

1897 4706 2176 4776 regionem
2203 4703 2353 4756 illam
2382 4699 2587 4755 vocari.
2624 4696 2783 4766 Quod
2807 4703 2892 4752 est
2919 4693 3338 4749 alienissimum.
3371 4689 3491 4743 Non

1899 4797 2004 4852 hoc
2057 4796 2191 4851 dicit
2229 4783 2667 4864 Epiphaniusu'b
2715 4781 2907 4855 οὗτος,
2964 4785 3059 4840 sed
3113 4782 3338 4837 κοιλάδα
3390 4781 3490 4850 τὴν

1897 4889 2106 4961 ἁλυκὴν
2155 4885 2417 4956 appellari
2474 4883 2608 4938 dicit
2649 4881 2748 4952 τὴν
2799 4876 3208 4948 ὑπερκειμένην
3266 4873 3488 4944 χώραν;

1898 4981 2046 5051 quod
2088 4987 2142 5034 et
2173 4992 2362 5032 verum
2397 4983 2512 5040 est;
2558 4988 2684 5027 nam
2729 4969 2948 5041 φάραγξ
3003 4967 3178 5038 dilexi)
3218 4965 3378 5019 vallis
3423 4978 3489 5018 ca

1899 5073 2101 5129 dicitur
2125 5111 2139 5136 ,
2171 5069 2308 5125 Gen.
2350 5084 2479 5132 xw,
2517 5068 2572 5132 5,
2614 5063 2707 5120 ubi
2737 5061 3074 5133 Asphaltites
3110 5060 3264 5114 lacus
3298 5067 3488 5128 postea

1899 5161 2076 5219 factus
2099 5166 2203 5214 est.
2231 5159 2300 5212 At
2331 5157 2477 5212 enim
2508 5153 2878 5226 ὑπερκειμένη
2910 5150 3065 5224 χώρα
3089 5167 3200 5206 non
3241 5157 3387 5206 recte
3419 5148 3489 5205 de

1899 5254 2039 5310 mari
2085 5251 2300 5306 Mortuo
2329 5289 2344 5316 ,
2399 5249 2486 5305 vel
2521 5245 2826 5318 Aspbaltite
2858 5245 2982 5299 lacu
3014 5243 3238 5298 dicitur.
3276 5240 3488 5296 Viderit

1901 5346 1995 5417 qui
2030 5347 2103 5400 ita
2144 5343 2332 5402 Graece
2375 5341 2638 5412 scripsit:
2671 5337 2804 5408 quid
2843 5337 2950 5392 hoc
2986 5336 3052 5391 ad
3099 5332 3488 5404 interpri-tem?

1903 5435 2278 5508 ὑπερκειμένη
2307 5433 2463 5506 χώρα
2501 5432 2639 5487 velis
2681 5430 2826 5488 nolis
2869 5438 3073 5484 tractus
3102 5435 3186 5484 est
3223 5427 3484 5495 superior,

1905 5526 2016 5585 Sed
2048 5543 2228 5599 neque
2262 5524 2602 5598 Epiphanius
2632 5524 2688 5580 in
2715 5523 2876 5594 culpa
2917 5528 3037 5578 est:
3071 5533 3250 5590 neque
3271 5524 3330 5572 tu
3359 5530 3489 5583 seu.

2000 5666 2066 5734 ti).
2088 5665 2251 5734 Tom.
2280 5662 2326 5734 ll
2359 5659 3040 5734 ϐίφηῃιαζίσοξιιηι-ισει,,ιλ
3069 5651 3228 5708 2021.

2000 5667 2066 5734 d).
2088 5667 2243 5720 Tom.
2281 5667 2326 5717 11
2359 5667 2841 5717 Grammaticorum
2866 5672 2898 5709 υς

1977 5667 2047 5810 ie)
2077 5735 2207 5809 Pag.
2242 5733 2364 5792 360.
2398 5731 2498 5788 Ed.
2535 5729 2671 5788 Rob.
2709 5726 2898 5798 Steph.
