3920 6404
483 404 585 462 639

1817 391 1997 449 DION.
2044 388 2387 446 PETAVIUS

3596 391 3677 449 ϐω

482 531 605 571 sum
635 515 755 585 ejus
790 512 1077 583 accepisti.
1108 509 1301 566 Refert
1334 509 1693 581 Epiphanius,
1730 507 1971 565 Ossenos
1998 496 2137 564 ex‘A
2168 505 2366 560 Strabo
2402 505 2497 560 lib.
2538 520 2611 559 xu
2642 499 2711 557 de
2727 502 2957 558 Celaenis
2993 544 3006 568 ,
3046 503 3179 558 urbe
3218 513 3267 559 et
3310 503 3439 558 colle
3476 504 3680 575 loquens,

484 605 662 660 Persea
694 604 879 659 Judaza
914 603 1191 674 profectos
1222 618 1366 667 esse,
1399 603 1502 657 hoc
1530 612 1612 657 est
1651 601 1923 664 Nabataea,
1958 614 2066 653 eae-

483 698 723 766 terisque
775 695 1187 750 transamnanis
1233 694 1549 764 regionibus
1580 732 1595 757 ,
1625 708 1745 763 qua:
1779 693 1833 745 in
1869 693 2068 746 Arabia

484 795 675 856 postea
713 787 935 841 censitze
988 796 1132 842 sunt.
1196 787 1305 840 Eas
1356 787 1608 855 regiones
1663 792 1817 839 trans
1873 785 2066 837 vallem

484 878 891 947 salsuginosam
919 892 1059 930 esse.
1088 876 1206 940 Quo
1238 875 1481 938 nomine,
1502 873 1678 943 inquit
1710 873 2064 943 Epiphanius,

483 985 590 1024 non
622 974 822 1021 tractus
853 968 1138 1033 superioris
1161 1008 1175 1031 ,
1219 973 1278 1020 nt
1312 966 1567 1034 nugaris,
1594 963 1687 1019 sed
1716 966 2069 1035 salsuginosa:

488 1060 668 1121 vallis,
695 1060 750 1112 in
780 1058 1081 1127 Scripturis
1123 1056 1351 1111 allectus
1383 1056 1472 1109 ille
1516 1054 1768 1124 superior
1803 1070 1932 1126 ager
1958 1063 2064 1120 est,

485 1150 575 1202 ubi
598 1149 869 1218 quondam
887 1147 1122 1201 Sodoma
1140 1146 1530 1208 etGomorrha,
1550 1158 1854 1215 czeteraque
1869 1146 2066 1216 oppida

484 1243 705 1296 fuerunt
729 1279 742 1303 ,
770 1240 863 1310 qui
894 1241 1046 1294 locus
1076 1255 1223 1294 nunc
1252 1253 1402 1292 mare
1438 1238 1712 1292 Mortuum
1744 1248 1849 1306 est,
1900 1240 2069 1310 ὑπερ-

483 1332 712 1401 κειμένη
757 1329 909 1400 χώρα
934 1345 997 1383 ea
1022 1329 1250 1393 ratione,
1284 1344 1446 1398 quam
1465 1328 1738 1383 dialectici
1761 1329 2069 1399 ampliatio-

481 1438 604 1477 nem
638 1430 854 1489 vocant,
882 1422 1034 1476 lacus
1066 1421 1155 1475 ille
1185 1420 1411 1475 dicitur.
1436 1418 1527 1475 Sic
1556 1422 1611 1474 in
1637 1419 1856 1492 Sibyllae
1870 1435 2064 1476 versu:

910 1519 1119 1569 Ἔσται
1149 1514 1345 1584 Δῆλος
1380 1515 1610 1584 ἄδηλος

480 1625 666 1677 quer
722 1625 788 1663 ex
842 1618 925 1664 te:
966 1608 1022 1662 Si
1061 1609 1220 1678 δῆλος
1250 1618 1367 1673 est,
1416 1592 1694 1678 quomodo
1746 1607 1977 1679 ἄδηλος;
2020 1607 2067 1662 si

482 1711 664 1756 autem
715 1701 908 1771 ἄδηλος
931 1742 946 1768 ,
988 1700 1263 1771 quomodo
1308 1699 1646 1771 δῆλοςῖΝοιι
1684 1701 1847 1754 simul
1882 1710 1935 1755 et
1974 1715 2068 1755 e0-

484 1795 608 1848 dem
649 1800 892 1863 tempore
927 1798 1222 1861 utrumque
1256 1799 1385 1847 sunt
1410 1806 1494 1856 ea,
1528 1791 1595 1847 de
1621 1791 1823 1862 quibus
1848 1799 2068 1845 contra-

483 1885 564 1937 ria
612 1883 760 1948 duo,
800 1890 893 1936 aut
940 1884 1237 1952 pugnantia
1298 1883 1593 1948 dicuntur,
1643 1883 1736 1937 sed
1790 1882 1931 1936 κατὰ
1970 1883 2068 1955 τὴν

482 1973 776 2025 ὲπέκτασιν
824 1973 971 2043 quod
1008 1988 1131 2028 esse
1176 1972 1370 2039 desiit,
1431 1973 1610 2027 adhuc
1658 1972 1941 2027 tribuitur.
1987 1973 2068 2026 Ita

482 2065 633 2135 χώρα
675 2065 826 2135 prius
861 2075 998 2130 erat,
1035 2066 1128 2135 qui
1164 2080 1311 2119 nunc
1346 2068 1498 2121 lacus
1532 2072 1616 2119 est
1650 2073 1703 2118 et
1736 2080 1905 2120 mare.
1943 2063 2069 2119 llaec

483 2167 711 2226 propter
743 2156 997 2212 frivolum
1031 2166 1184 2211 tuum
1210 2157 1509 2228 ὰπὸρημαι
1546 2154 1645 2210 Ubi
1684 2157 1739 2209 in
1763 2172 1938 2210 rerum
1970 2172 2069 2209 na-

483 2258 604 2300 tura
642 2249 899 2315 reperisti,
934 2257 1164 2302 tractum
1191 2249 1439 2318 regionis,
1472 2247 1570 2319 τὴν
1597 2247 1803 2319 χώραν,
1830 2246 2068 2301 eumdem

479 2354 593 2392 esse
619 2355 738 2391 cum
773 2340 962 2393 mari?
1003 2338 1168 2396 Potes
1196 2338 1386 2394 eodem
1418 2338 1543 2408 jure
1602 2338 1670 2393 de
1714 2353 1779 2393 eo
1830 2353 2066 2409 percon~

482 2430 620 2494 tari,
678 2430 821 2499 quod
868 2430 1060 2483 Matth.
1099 2446 1198 2494 ιιι,
1237 2429 1290 2494 5,
1336 2430 1602 2500 scriptum
1651 2437 1764 2486 est:
1818 2448 1837 2480 ι
1867 2428 2071 2483 Hortui

484 2529 763 2587 resurgunt
788 2558 802 2582 ,
831 2538 848 2570 ι
881 2519 979 2572 Ubi
1016 2520 1072 2572 in
1110 2535 1287 2573 rerum
1322 2528 1519 2573 natura
1549 2520 1792 2587 reperisti
1833 2528 2068 2572 mortuos

485 2611 800 2677 resurgere?
832 2608 888 2661 Si
922 2609 1069 2663 enim
1096 2610 1297 2663 mortui
1333 2618 1482 2675 sunt,
1516 2625 1626 2663 non
1657 2618 1990 2679 resurgunt;
2021 2609 2068 2663 si

483 2708 812 2766 resurgunt,
868 2714 976 2753 non
1032 2700 1235 2753 mortui
1286 2708 1434 2756 sunt.
1483 2700 1860 2771 Respondebit
1910 2700 2070 2755 facile

485 2787 606 2852 tibi,
636 2789 727 2858 qui
764 2790 936 2858 prima
968 2791 1286 2847 dialectices
1331 2793 1600 2847 elementa
1636 2792 1923 2849 didicerit:
1957 2793 2069 2848 imo

485 2881 578 2951 qui
607 2882 820 2937 ratione
857 2884 932 2937 uti
962 2891 1243 2952 utcunque
1275 2883 1519 2938 sciverit.

559 2969 667 3025 Nec
690 2978 775 3025 est
800 2972 944 3041 quod
972 2972 1374 3044 ὑπερκειμένης
1402 2973 1485 3028 vel
1510 2972 1798 3042 superioris
1834 2982 1887 3028 te
1914 2987 2071 3028 voca-

484 3060 672 3115 bulum
708 3063 846 3117 adeo
884 3072 1253 3129 commoveat;
1311 3064 1467 3134 quasi
1518 3066 1571 3120 in
1621 3064 1791 3120 arduo
1848 3066 1954 3121 sita
2004 3080 2069 3123 ac

2099 1838 2141 1893 Β

2170 597 2492 669 ὑπέρκειται
2523 597 2578 651 δὲ
2607 597 2700 651 καὶ
2722 596 2884 666 λίμνη
2916 594 3124 665 φύουσα
3157 595 3412 664 κάλαμον,
3442 611 3581 661 supra
3608 614 3684 665 pa-

2171 690 2254 744 lus
2279 698 2353 743 est
2400 689 2669 743 calamum
2705 687 2883 741 edens.
2922 688 3000 740 An
3032 702 3198 757 supra
3224 687 3404 740 collem
3434 688 3570 755 palus
3601 690 3685 741 im-

2170 780 2379 834 minet?
2412 780 2609 833 lterum
2641 778 2839 833 Strabo
2870 777 2992 832 libr.
3024 794 3110 830 χιιι
3159 777 3226 831 de
3272 776 3371 830 hoc
3412 777 3519 845 ipso
3542 817 3555 839 ,
3601 792 3688 845 quo

2168 870 2235 926 de
2282 872 2533 941 agimus,
2587 879 2764 924 tractu
2818 869 3087 939 loquens:
3140 866 3473 938 Ύπέρκειται
3521 867 3570 919 δὲ
3610 869 3688 936 τῆς

2183 963 2437 1025 Ἰουδαίας
2458 1003 2471 1024 ,
2508 961 2603 1014 καὶ
2643 960 2740 1030 τῆς
2772 958 2974 1029 Κοίλης
3012 958 3246 1030 Συρίας,
3298 958 3448 1027 μέχρι
3477 958 3690 1010 Βαϐυλω-

2168 1054 2287 1117 νίας
2306 1092 2321 1117 ,
2358 1054 2451 1106 καὶ
2478 1054 2577 1123 τῆς
2605 1052 2699 1105 τοῦ
2728 1052 3011 1123 Εὐφράτου
3045 1050 3314 1120 ποταμίας
3341 1091 3355 1114 ,
3408 1051 3532 1119 πρὸς
3568 1051 3690 1103 νάιον

2183 1145 2408 1214 Ἀραϐία
2438 1146 2613 1206 πᾶσα,
2648 1144 2817 1215 χωρὶς
2854 1142 2960 1196 τῶν
2998 1144 3055 1194 ὲν
3084 1145 3151 1211 τῇ
3184 1142 3555 1212 Μεσοποταμίᾳ
3578 1143 3691 1209 Σκη-

2168 1236 2328 1289 νιτῶν
2356 1253 2368 1265 ·
2398 1235 2572 1304 Supra
2605 1235 2853 1289 Judazam
2878 1245 2926 1288 et
2958 1232 3319 1304 Carlesgriam,
3351 1249 3501 1302 usque
3525 1232 3583 1285 ad
3608 1231 3692 1285 Ba-

2169 1328 2459 1398 byloniam,
2494 1336 2542 1381 et
2572 1327 2842 1396 ﬂuvialem
2874 1326 3160 1395 Euphratis
3190 1326 3467 1395 regionem,
3492 1333 3693 1377 austrum

2168 1436 2368 1483 versus,
2402 1428 2513 1472 tota
2551 1428 2626 1473 est
2653 1418 2876 1483 Arabia,
2906 1427 3100 1487 printer
3127 1416 3387 1481 Scenitas,
3418 1417 3498 1485 qui
3526 1416 3574 1468 in
3602 1414 3693 1469 Μςσ

2168 1508 2466 1576 sopotamia
2503 1518 2645 1563 sunt.
2698 1508 2861 1563 Vides
2904 1514 2963 1561 ut
3016 1521 3182 1575 supra
3213 1504 3446 1560 Judaaam
3485 1506 3694 1575 regiones

2169 1598 2291 1655 illas
2321 1600 2572 1660 collocet.
2596 1607 2650 1653 et
2680 1598 3039 1670 ὑπερκεῖσθαι
3067 1598 3236 1662 dicat,
3271 1598 3372 1651 hoc
3397 1605 3475 1652 est
3499 1596 3696 1665 superio-

2150 1699 2250 1744 ‘res
2300 1707 2450 1755 esse;
2499 1690 2643 1760 quod
2688 1689 2830 1744 idem
2876 1699 2960 1746 est
3007 1697 3172 1759 atque
3214 1689 3499 1743 ulteriores.
3531 1687 3696 1741 Eodem

2171 1783 2355 1852 itaque
2381 1782 2543 1836 modo
2566 1782 2664 1852 τὴν
2690 1782 3095 1853 ὑπερκειμένην
3121 1780 3305 1851 χώραν
3332 1788 3553 1834 tractum
3577 1778 3697 1832 illum

2171 1873 2512 1943 superiorem
2568 1872 2782 1927 vocavit
2836 1871 3213 1941 Epiphanius,
3275 1871 3365 1940 qui
3424 1869 3602 1924 Judzca:
3645 1866 3697 1921 ad

2170 1965 2435 2019 orientem
2480 1974 2533 2019 et
2563 1963 2848 2018 meridiem
2879 1964 3105 2020 ultimus
3137 1974 3220 2019 est
3246 2003 3263 2027 ,
3300 1973 3351 2019 et
3381 1978 3534 2032 supra
3564 1960 3700 2015 Palae-

2174 2056 2374 2111 stinam
2413 2055 2718 2124 reliquam:
2754 2053 2848 2124 qui
2879 2068 3007 2122 ager
3040 2054 3193 2119 olim,
3229 2061 3285 2109 et
3314 2052 3492 2114 κοιλὰς
3543 2052 3697 2121 ἁλυκὴ,

2171 2154 2358 2213 postea
2396 2144 2550 2199 lacus
2587 2142 2723 2197 fuit:
2778 2152 3059 2211 postquam
3107 2142 3251 2197 Deus
3301 2141 3624 2197 Gomorrham
3663 2150 3699 2194 et

2172 2234 2406 2290 Sodoma
2437 2233 2712 2288 subvertit.

2243 2322 2313 2378 Ut
2338 2322 2503 2395 igitur
2530 2324 2730 2377 Arabia
2755 2323 3129 2396 ὑπερκειμένη
3169 2323 3326 2397 χώρα
3353 2324 3543 2381 Iudicat
3569 2324 3701 2380 totius

2173 2430 2203 2469 a
2235 2415 2505 2471 Strabone
2532 2415 2773 2481 dicitur,
2809 2418 2937 2485 quia
2970 2417 3097 2472 huic
3137 2418 3205 2471 ad
3239 2419 3514 2473 meridiem
3545 2417 3702 2472 obver-

2172 2509 2335 2563 titur:
2365 2507 2446 2563 sic
2475 2508 2697 2577 reliqum
2734 2506 2933 2562 Iudaea:
2963 2509 3334 2581 ὑπερκειμένη
3365 2511 3585 2574 dicitur,
3611 2521 3704 2579 qua:

2171 2597 2449 2668 quondam
2480 2597 2632 2668 χώρα
2666 2598 2769 2651 fuit
2790 2637 2805 2662 ,
2834 2597 2997 2653 hodie
3036 2598 3189 2655 lacus
3235 2608 3345 2655 est.
3382 2600 3632 2671 Siquidem
3663 2604 3703 2652 et

2171 2696 2449 2743 extremus
2477 2688 2782 2744 Palaestinae
2818 2689 2976 2745 limes
3007 2690 3074 2743 ad
3106 2693 3376 2746 orientem
3421 2706 3553 2762 saepe
3585 2690 3704 2743 lacus

2172 2780 2262 2835 ille
2312 2780 2368 2834 in
2411 2778 2717 2851 Scripturis
2775 2772 3077 2844 sntuitur.
3124 2793 3181 2838 ut
3218 2784 3385 2840 Num.
3421 2800 3607 2848 xxuv,
3648 2782 3702 2847 ὃς

2175 2869 2333 2929 Deut.
2367 2887 2451 2939 ιιι,
2485 2873 2586 2939 l7;
2625 2872 2793 2929 Josue
2824 2890 2926 2939 xv,
2956 2875 3012 2928 2.
3040 2874 3186 2930 Nihil
3213 2887 3303 2932 est
3334 2878 3526 2933 verius.
3554 2872 3706 2929 Omnis

2172 2964 2228 3017 in
2268 2964 2651 3035 interpolando
2680 2967 3040 3037 vexandoque
3080 2967 3200 3022 loco
3243 2968 3341 3023 illo
3380 2967 3707 3023 Salmasiico-

2174 3063 2336 3110 natus
2363 3055 2554 3111 irritus
2598 3065 2652 3110 et
2692 3057 2872 3112 inanis
2917 3064 3020 3112 est.
3059 3055 3220 3112 Jubet
3266 3056 3541 3128 Epiphanii
3580 3053 3707 3109 verba

486 3168 756 3223 suspensa
790 3156 945 3224 regio
974 3170 1098 3210 esse
1129 3150 1417 3222 debuerit;
1448 3156 1588 3226 ὑπέρ
1620 3156 1765 3210 enim
1801 3171 1912 3210 non
1949 3164 2070 3211 tan-
2097 3176 2141 3234 α
2175 3148 2256 3202 Sic
2309 3147 2507 3203 insll‘ui
2530 3189 2545 3214 ,
2580 3147 2736 3217 quasi
2771 3148 3035 3218 Scriptum
3085 3157 3268 3203 exstet
3313 3152 3423 3220 (a):
3462 3148 3571 3201 Τῶν
3610 3144 3707 3198 ἑπέ-

486 3252 601 3298 ιιιιη
649 3251 733 3299 est
786 3260 952 3314 supra
976 3284 991 3311 ,
1025 3245 1120 3300 sed
1166 3246 1329 3301 etiam
1368 3247 1534 3301 ultra.
1577 3246 1667 3302 Sic
1698 3248 1986 3320 ὑπερόριον
2017 3249 2071 3304 id

485 3336 715 3402 dicitur,
749 3337 893 3406 quod
923 3338 1065 3391 ultra
1094 3337 1226 3395 lines
1253 3353 1318 3393 ac
1355 3340 1555 3396 limites
1580 3341 1745 3395 situm
1772 3348 1889 3396 est:
1924 3340 2069 3411 quod

487 3426 558 3481 de
592 3428 817 3497 planitie
855 3442 919 3483 ac
947 3429 1207 3498 depressa
1246 3430 1492 3484 convalle
1523 3445 1633 3484 non
1668 3432 1869 3497 minus,
1906 3447 2071 3502 quam

488 3514 555 3568 de
586 3516 866 3570 montibus
905 3516 1161 3586 usurpari
1201 3519 1362 3572 solet.
1392 3519 1475 3571 lta
1514 3525 1567 3573 et
1591 3534 1839 3587 superum
1890 3528 1944 3574 et
1984 3521 2073 3574 in-

492 3606 664 3674 ferum
719 3620 749 3659 a
802 3606 1016 3662 Latinis
1068 3624 1178 3662 non
1224 3609 1292 3674 ab
1331 3610 1627 3664 eminentia
1667 3620 1721 3664 et
1761 3611 2070 3677 altitudine,

490 3698 575 3750 vel
607 3696 915 3753 declivitate
962 3700 1242 3756 dicuntur.
1276 3701 1476 3756 Strabo
1529 3702 1581 3756 in
1616 3702 1893 3774 plerisque
1940 3704 2075 3760 locis

490 3796 603 3840 tam
648 3789 1031 3858 praepositione
1075 3790 1247 3862 ὑπὲρ,
1298 3807 1461 3862 quam
1516 3794 1683 3848 verbo
1748 3793 2073 3865 ὑπέρκειται

493 3895 629 3933 usus
682 3890 765 3936 est
815 3881 954 3934 citra
1002 3883 1252 3937 notitiam
1288 3885 1595 3942 altitudinis
1628 3895 1683 3941 et
1737 3887 2071 3942 eminentiae.

494 3970 569 4024 Ita
607 3972 743 4024 libro
773 3988 854 4026 v1:
911 3972 1081 4045 ’Υπὲρ
1120 3973 1177 4026 δὲ
1218 3974 1328 4028 τῶν
1358 3976 1632 4048 Θουρίων,
1669 3978 1882 4048 inquit,
1913 3981 2008 4033 καὶ
2039 3981 2073 4050 ἡ

491 4061 771 4133 Ταυριανὴ
812 4061 963 4134 χώρα
1014 4063 1279 4137 λεγομένη
1334 4067 1567 4138 ἵδρυται.
1628 4068 1802 4138 Supra
1851 4070 2076 4126 Thurios

488 4163 566 4205 est
606 4155 767 4206 etiam
792 4155 897 4208 sita
940 4157 1082 4225 regio
1107 4174 1223 4228 qua:
1260 4158 1536 4213 Tauriana
1572 4160 1791 4215 dicitur.
1824 4158 1890 4215 Et
1915 4162 2077 4232 paulo

489 4254 613 4313 post
652 4246 791 4317 ὑπὲρ
828 4247 885 4299 δὲ
914 4248 1118 4303 τούτων
1152 4250 1398 4321 Βρέττιοι
1425 4254 1755 4324 χερρόνησον
1778 4254 2071 4317 οἰκοῦντες.

489 4335 656 4390 Libro
714 4338 842 4392 item
882 4356 912 4393 'v'
969 4341 1072 4396 sub
1118 4341 1377 4397 initium:
1438 4343 1870 4413 ’Υπεραλπείους
1915 4352 2077 4399 vocat

490 4429 887 4497 Transalpinos
946 4432 1200 4501 populos.
1264 4436 1327 4486 Ut
1399 4435 1497 4505 μὲν
1559 4434 1653 4490 οὖν
1711 4438 1908 4490 Κελτοὶ
1964 4440 2077 4501 τοῖς

2174 3255 2329 3294 κεινα
2364 3239 2767 3310 ὑπερκειμένης
2814 3238 2997 3310 χώρας
3040 3240 3138 3310 τῆς
3185 3241 3434 3303 κοιλάδες
3483 3239 3571 3308 τῆς
3611 3236 3709 3290 ἁλυ-

2174 3333 2277 3402 κῆς
2304 3369 2319 3395 ,
2361 3332 2630 3401 regionum
2675 3332 2901 3385 sitarum
2946 3340 3092 3384 trans
3132 3332 3394 3401 regionem
3422 3331 3550 3386 uallo
3580 3326 3708 3382 maris

2176 3422 2377 3476 Mortui
2411 3422 2842 3490 superjacentem.
2883 3421 3012 3475 Nam
3070 3422 3211 3475 ultra
3268 3423 3534 3492 regionem
3580 3416 3710 3472 maris

2180 3513 2379 3568 Mortui
2409 3513 2691 3569 littoribus
2732 3514 3073 3583 adjacentem
3098 3521 3217 3568 erat
3260 3514 3529 3579 Nabataea,
3556 3512 3709 3565 [turma

2176 3617 2228 3661 et
2256 3604 2528 3660 Moabitis.
2556 3604 2682 3659 Haec
2712 3621 2888 3676 neque
2925 3606 3236 3661 necessaria
3280 3614 3400 3671 est,
3435 3615 3488 3661 et
3518 3600 3708 3658 absurda

2177 3704 2261 3752 est
2314 3698 2623 3767 inscitaque
2670 3697 2975 3768 castigatio.
3028 3696 3416 3752 Neeessariam
3471 3712 3572 3751 non
3620 3705 3712 3747 esse

2178 3790 2378 3859 probat
2421 3790 2568 3860 quod
2618 3805 2717 3861 pro
2769 3798 2985 3859 recepta
3023 3790 3257 3844 lectione
3290 3790 3607 3860 disputatum
3630 3793 3711 3837 est.

2177 3882 2508 3937 Absurditas
2538 3897 2601 3936 ex
2632 3897 2698 3937 eo
2748 3889 2897 3951 patet
2921 3925 2934 3948 ,
2964 3880 3111 3951 quod
3141 3881 3351 3952 ἁλυκὴν
3382 3880 3589 3935 κοιλάδα
3619 3874 3716 3943 Epi-

2179 3973 2415 4043 phanius
2440 3987 2588 4028 mare
2619 3972 2889 4027 Mortuum
2923 3972 3173 4043 appellet.
3202 3972 3421 4043 Quippe
3451 3970 3622 4026 haeresi
3645 3967 3713 4025 53.

2180 4080 2301 4134 qua:
2354 4074 2439 4120 est
2474 4064 2873 4135 Sampsaeorum
2899 4104 2913 4129 ,
2965 4065 3077 4129 ait,
3115 4063 3252 4119 istos
3311 4065 3405 4135 qui
3445 4075 3495 4118 et
3527 4056 3713 4115 Escesati

2180 4165 2347 4224 sunt,
2407 4156 2463 4210 in
2508 4154 2693 4210 Peraea
2734 4156 2975 4210 versari:
3018 4154 3175 4207 Οὕτω
3226 4155 3534 4226 καλουμένῃ
3576 4150 3714 4220 χώρᾳ,

2181 4246 2353 4317 πέραν
2390 4246 2491 4317 τῆς
2531 4246 2794 4315 Ἀλυκῆς,
2843 4245 2963 4315 ἦτοι
3011 4244 3232 4316 Νεκρᾶς
3287 4245 3614 4315 καλουμένης
3652 4238 3718 4289 0a-

2177 4338 2385 4410 λάσσης
2430 4340 2486 4391 ὲν
2517 4340 2581 4409 τῇ
2627 4338 2909 4391 Μοαὸίτιδι
2941 4335 3094 4409 χώρᾳ
3140 4337 3269 4408 περὶ
3308 4338 3398 4390 τὸν
3428 4333 3717 4407 χειμάρρουν

2194 4432 2427 4505 ’Δρνὼν,
2474 4434 2568 4486 καὶ
2613 4434 2871 4487 ἐπέκεινα
2918 4435 2976 4485 ἐν
3014 4436 3081 4503 τῇ
3135 4433 3405 4504 Ἰτουραίᾳ
3451 4432 3536 4485 καὶ
3577 4425 3720 4481 Ναϐα-

490 4515 878 4585 ῠπεραλπείοις
928 4519 1208 4589 ὁμοεθνεῖς
1242 4523 1369 4576 είσι.
1402 4503 1489 4577 ίΕι
1536 4526 1728 4579 eodem
1778 4527 1916 4580 libro
1947 4529 2070 4589 τοὺς

2181 4526 2306 4579 τίδι·
2345 4527 2477 4591 Quae
2506 4525 2695 4578 Pera'a
2727 4535 2981 4588 vocatur;
3011 4541 3127 4593 quw
3155 4533 3229 4578 est
3256 4534 3404 4577 trans
3427 4523 3613 4575 salsum
3639 4517 3719 4570 sive

490 4607 888 4677 ὑπεραλπείους
934 4611 1174 4674 Κελτούς
1222 4614 1478 4683 appellat.
1522 4616 1771 4671 Rursus:
1816 4618 1986 4688 ’Υπὲρ
2017 4619 2074 4672 δὲ

490 4697 829 4762 Πλακεντίας
858 4701 951 4753 ἐπὶ
982 4702 1079 4772 μὲν
1112 4704 1207 4756 τοῦ
1246 4704 1406 4775 ὅρους
1428 4706 1527 4775 τῆς
1553 4706 1759 4759 Κόττου
1788 4708 1891 4778 γῆς
1924 4709 2075 4762 Τίκι-

489 4807 580 4844 νον
604 4792 660 4843 ἐν
692 4790 779 4857 λς’
818 4792 1016 4863 μιλίοις
1045 4795 1218 4862 πόλις,
1251 4797 1348 4849 καὶ
1376 4796 1661 4868 ὁμώνυμος
1691 4801 1719 4851 ὁ
1744 4800 2075 4871 παραρρέων

491 4883 736 4953 ποταμὸς
765 4885 1087 4955 συμϐάλλων
1126 4887 1202 4955 τῷ
1230 4888 1410 4957 Πάδῳο
1445 4888 1619 4958 Supra
1646 4890 1974 4945 Placentiam
2006 4892 2074 4945 ad

490 4975 621 5042 fines
652 4978 879 5045 regionis
911 4977 1053 5033 Cotti
1085 4979 1329 5034 Ticinum
1360 4982 1484 5036 urbs
1534 4983 1679 5037 abest
1734 4985 1950 5054 triginta
1983 5000 2076 5041 sea:

491 5067 759 5127 millibus,
791 5079 839 5122 et
877 5069 1107 5138 ejusdem
1137 5075 1365 5127 nominis
1396 5076 1591 5143 ﬂumen
1620 5077 1982 5145 prater/luens
2024 5088 2073 5131 et

491 5159 547 5211 in
584 5159 795 5212 Padum
827 5163 1080 5217 incidens.
1114 5165 1245 5230 Quae
1279 5166 1567 5222 Strabonis
1602 5170 1765 5223 verba
1797 5170 1841 5224 si
1872 5168 2078 5223 Salma-

492 5253 610 5306 sius
645 5256 1051 5322 interpretetur,
1083 5272 1189 5309 non
1232 5258 1521 5322 dubitabit,
1557 5260 1687 5327 quin
1727 5267 1781 5313 et
1809 5260 1948 5313 Galli
1974 5276 2076 5315 nos

491 5357 683 5396 omnes
724 5343 779 5395 in
834 5358 958 5397 aere
998 5348 1251 5414 suspensi
1304 5349 1507 5416 simus;
1557 5356 1610 5403 et
1647 5347 1900 5403 Ticinum
1950 5367 2074 5405 cum

492 5431 658 5485 llnvio
709 5450 811 5489 suo
863 5436 914 5487 in
948 5436 1095 5489 edito
1144 5438 1326 5504 aliquo
1376 5438 1496 5492 loco
1531 5438 1698 5493 situm
1741 5438 2074 5494 Placentiam

491 5523 632 5576 inl‘ra
664 5539 725 5579 se
754 5524 1042 5595 despiciat.
1079 5525 1199 5581 Non
1226 5529 1370 5583 enim
1413 5530 1770 5602 ὑπερκεῖσθαι
1796 5571 1810 5597 ,
1843 5541 1937 5585 aut
1968 5548 2077 5588 esse

495 5630 656 5683 supra
678 5660 693 5685 ,
723 5619 831 5673 dici
870 5627 1089 5689 potest,
1141 5621 1251 5678 nisi
1282 5624 1429 5693 quod
1471 5624 1768 5681 sublimius
1798 5633 1901 5703 est.
1929 5625 2075 5682 idem

570 5768 646 5837 (α)
683 5772 913 5831 Salinas.
948 5793 997 5845 p.
1027 5776 1147 5833 615.

2182 4617 2456 4673 Mortuum
2490 4634 2635 4671 mare
2661 4656 2676 4681 ,
2731 4616 2869 4687 quod
2898 4617 3092 4669 dicitur
3125 4617 3179 4669 in
3226 4613 3514 4670 Moabitide
3544 4609 3604 4664 ad
3635 4617 3720 4660 tor-

2181 4716 2376 4761 rentem
2411 4709 2609 4772 Arnen,
2650 4719 2697 4760 et
2747 4706 2891 4758 ultra
2928 4706 2983 4757 in
3018 4702 3223 4759 Iturwa
3257 4715 3307 4758 et
3341 4702 3611 4755 Nabataea.
3639 4690 3719 4747 Sed

2181 4809 2235 4853 et
2265 4798 2568 4855 Salmasius
2618 4800 2720 4853 hoc
2762 4800 2879 4866 ipse
2916 4797 3239 4861 conﬁtetur,
3274 4796 3374 4865 τὴν
3408 4792 3618 4847 κοιλάδα
3645 4785 3721 4853 τὴν

2194 4887 2426 4959 Ἀλυκήν
2465 4902 2565 4955 pro
2599 4887 2737 4940 mari
2788 4884 3000 4940 Mortuo
3029 4886 3170 4939 sumi
3215 4886 3282 4938 ab
3319 4882 3629 4953 Epiphanio.
3662 4873 3720 4927 EX

2181 4979 2572 5049 quojocularis
2610 4979 2699 5032 illa
2730 4979 3089 5033 correctionis
3126 4978 3395 5033 sententia
3427 4972 3719 5029 coniicitur:

2184 5069 2529 5123 Moabitidem
2548 5111 2561 5134 ,
2598 5068 2856 5122 Iturazam
2880 5107 2895 5131 ,
2926 5077 2973 5121 et
3010 5077 3229 5121 crateras
3259 5068 3407 5119 ultra
3436 5081 3576 5119 mare
3602 5059 3723 5114 Μον-

2185 5173 2331 5216 luum
2362 5179 2495 5230 esse,
2522 5161 2660 5232 quod
2687 5160 2822 5215 idem
2850 5159 3124 5214 Mortuum
3154 5177 3297 5215 mare
3327 5170 3408 5213 est
3436 5174 3587 5226 supra
3609 5164 3722 5206 mare

2183 5249 2478 5304 Mortuum.
2517 5250 2725 5305 Etenim
2760 5250 3009 5320 κοιλὰςή
3059 5250 3228 5320 ἀλυκή
3286 5266 3437 5304 mare
3488 5248 3721 5300 Mortnum

2183 5351 2313 5406 est,
2373 5352 2433 5396 ut
2480 5342 2822 5413 Epiphanius
2875 5342 3079 5397 diserte
3140 5341 3372 5404 scribit,
3432 5334 3723 5393 assentiente

2185 5436 2545 5508 grammatico
2573 5455 2585 5491 :
2631 5450 2795 5505 porro
2821 5434 3191 5506 ὑπερκειμένη
3242 5432 3397 5504 χώρα
3429 5431 3592 5486 eidem
3623 5421 3723 5489 Epiv

2185 5528 2388 5600 phanio
2424 5544 2537 5583 non
2586 5529 2691 5581 alia
2726 5534 2849 5593 est,
2900 5542 3064 5596 quam
3103 5526 3395 5595 ipsummct
3432 5534 3571 5575 mare
3605 5513 3721 5568 libr-

2150 5694 2153 5697 η
2186 5631 2361 5679 tuum.
2406 5621 2639 5693 Subjicit
2677 5619 2863 5678 enim:
2913 5618 3112 5672 ἔστιδὲ
3159 5617 3296 5686 αὕτη
3329 5611 3514 5685 Νεκρὰ
3554 5607 3720 5663 mw.
