3920 6430
502 358 616 416 ⁷665

1850 361 2029 420 DION.
2067 358 2416 420 PETAVIUS

3615 382 3699 440 ιιι

504 458 637 528 ιιοιι⁸
660 487 785 530 esse
837 472 1149 546 contiguam
1202 470 1481 545 Pyrenaeis
1520 473 1749 531 Galliam
1770 516 1786 545 ,
1841 478 1969 547 quia
2014 478 2082 532 ah
2120 478 2172 539 Α
2200 479 2367 535 maris
2394 493 2424 534 a
2448 478 2729 553 salsugine
2757 480 2848 539 sit.
2888 482 3002 539 Cur
3034 490 3214 540 autem
3243 485 3550 557 Asphaltites
3576 490 3700 551 lacus

504 564 723 631 itlteno,
764 566 851 620 vel
882 566 1107 636 Alpibus
1140 566 1353 636 incipit.
1386 566 1573 637 Lupus
1605 569 1883 625 cervarius
1913 570 2090 624 bestia

507 664 594 711 est
619 674 634 710 :
664 673 730 711 ea
761 657 1003 728 praedam
1055 665 1214 711 nacta
1245 658 1495 727 quamvis
1518 658 1585 712 in
1628 656 1769 714 fame
1800 659 2088 726 mandens,

509 748 619 802 alio
649 748 695 803 si
729 747 1055 817 respexerit,
1081 748 1367 816 praesentis
1392 748 1562 803 oblita
1584 748 1805 818 praedae,
1832 747 1899 801 ad
1925 748 2090 803 aliam

508 842 860 911 qumreudam
919 839 1247 910 digreditur.
1297 838 1448 894 Fecit
1496 839 1637 893 idem
1695 840 2088 909 grammaticus

508 942 717 987 noster.
761 931 898 986 Cum
946 932 1001 985 in
1046 946 1112 985 co
1160 940 1327 995 esset,
1364 939 1424 985 ut
1454 931 1711 1000 probaret
1740 930 2029 985 ldumaaam
2056 945 2088 985 a

508 1026 644 1079 mari
692 1026 915 1079 Mortuo
947 1024 1163 1094 longius
1201 1024 1414 1089 abesse,
1445 1034 1608 1092 atque
1639 1022 1706 1076 ad
1738 1024 1790 1077 id
1825 1023 2086 1088 venisset,

511 1124 570 1170 ut
611 1132 641 1171 a
691 1115 1000 1172 Sirbonidis
1034 1119 1153 1171 lacu
1189 1132 1308 1172 eam
1357 1117 1598 1185 incipere
1625 1118 1855 1181 diceret,
1892 1117 2090 1172 avertit

507 1210 628 1276 ejus
664 1210 905 1263 anituum
946 1208 1234 1263 Strabonis
1261 1209 1588 1276 recordatio,
1621 1210 1714 1279 qui
1748 1210 1801 1263 in
1839 1208 2091 1263 Sirboni-

508 1300 594 1352 dis
654 1301 773 1352 lactt
802 1299 1059 1367 deceptus
1117 1314 1215 1368 pro
1280 1299 1594 1368 Asphaltite
1658 1298 1812 1353 illum
1871 1299 2087 1354 habuit.

506 1391 686 1456 Quare
735 1390 973 1445 instituti
1030 1392 1337 1461 argumenti
1387 1406 1511 1445 mox
1548 1391 1775 1455 oblitus,
1820 1389 1887 1443 ad
1934 1390 2090 1445 Stra-

504 1482 701 1535 bonem
743 1497 863 1537 sese
901 1484 1195 1546 convertit,
1231 1483 1287 1536 iu
1322 1497 1558 1551 eumque
1591 1483 1783 1537 dentes
1815 1481 2014 1536 infixit.

574 1574 880 1642 Antequam
901 1573 970 1627 ab
1001 1572 1313 1643 Asphaltite
1353 1574 1495 1639 lacu,
1528 1582 1582 1628 et
1616 1574 1717 1627 hac
1752 1580 1866 1628 tota
1892 1573 2086 1642 dispu-

505 1664 712 1720 tatione
761 1665 1034 1727 recedam,
1090 1665 1358 1733 triplicem
1413 1665 1593 1718 critici
1640 1665 1799 1719 istius
1841 1678 2085 1719 errorem

504 1762 772 1809 anuotare
798 1754 947 1808 libet.
974 1754 1177 1808 Lacum
1212 1755 1382 1819 hunc,
1417 1756 1511 1823 qui
1547 1764 1597 1808 et
1635 1770 1782 1808 mare
1813 1754 2082 1807 Mortuum

506 1847 831 1915 appellatur,
878 1854 1040 1916 negat
1085 1846 1159 1916 (a)
1205 1862 1328 1901 esse
1371 1847 1600 1901 salsum.
1653 1846 2082 1900 Absurdissime.

504 1937 747 1990 Primum
767 1937 903 1992 Gen.
941 1955 1051 2004 xw,
1082 1940 1135 2002 5,
1160 1939 1464 2009 appellatur
1485 1922 1607 1999 n‘m
1626 1946 1691 1996 at
1714 1938 1958 1992 Θάλασσα
1978 1941 2086 1993 τῶν

514 2028 709 2095 Ἀλῶν,
742 2046 887 2084 mare
919 2030 1084 2094 Salis,
1119 2031 1169 2083 id
1196 2041 1298 2095 est,
1334 2029 1569 2084 Salsum.
1607 2028 1696 2082 Sal
1729 2044 1836 2082 non
1862 2038 1943 2084 est
1977 2029 2082 2092 sal,

503 2122 547 2174 si
600 2122 649 2172 id
701 2136 852 2176 mare
926 2122 1130 2177 salsum
1165 2137 1271 2176 non
1302 2128 1407 2176 est.
1445 2120 1646 2175 Deinde
1669 2119 1958 2190 Iosephus,
1988 2120 2083 2190 qui

500 2222 555 2265 et
588 2213 720 2266 vidit
753 2222 805 2267 et
836 2222 1058 2282 gustare
1085 2214 1283 2283 potuit,
1314 2213 1412 2267 lib.
1443 2230 1476 2267 v
1513 2212 1615 2283 τῆς
1656 2212 2080 2282 ’Λλώσεο›ς,ῐξιιρ.

496 2304 687 2362 27,ait
745 2319 867 2359 esse
916 2304 1228 2376 ἁλμυρώδη,
1281 2305 1385 2360 hoc
1430 2314 1537 2369 est,
1589 2305 1813 2361 salsum.
1864 2305 2080 2360 Atenim

500 2396 690 2464 objicit
723 2415 735 2450 :
771 2395 924 2450 Mare
957 2414 1107 2450 omne
1133 2399 1335 2451 salsum
1377 2407 1454 2451 est
1492 2405 1674 2465 suapte
1704 2406 1919 2461 natura,
1941 2397 2081 2467 quod

499 2505 676 2542 omnes
715 2491 928 2554 sciunt;
956 2504 1120 2559 neque
1150 2505 1328 2543 verum
1363 2504 1512 2542 mare
1543 2505 1670 2557 opus
1712 2498 1847 2544 esset
1878 2490 1957 2543 ita
1987 2505 2082 2543 no-

498 2582 722 2635 minare.
772 2578 1097 2636 Plumbeum
1165 2582 1429 2637 acumen!
1493 2579 1689 2635 Mirum
1741 2580 1798 2635 ni
1860 2596 2080 2637 errasse

500 2670 726 2742 Moysen
756 2672 1073 2737 contendat,
1114 2673 1209 2742 qui
1242 2680 1306 2728 et
1350 2688 1497 2727 mare
1522 2679 1576 2727 et
1604 2673 1810 2726 salsum
1838 2673 2081 2743 appella-

499 2764 592 2816 rit.
625 2762 715 2831 At,
760 2757 805 2817 ὧ
839 2763 1035 2832 ἀγαθέ,
1083 2778 1234 2820 mare
1259 2778 1422 2820 omne
1467 2780 1659 2820 verum
1692 2765 1909 2821 salsum
1955 2781 2079 2822 esse

498 2860 750 2907 constat:
778 2853 872 2907 sed
910 2854 1062 2909 lacus
1097 2854 1202 2909 iste
1231 2869 1421 2909 verum
1453 2870 1606 2911 mare
1640 2871 1748 2910 non
1786 2856 1922 2924 fuit;
1957 2858 2076 2921 sed,

499 2952 561 2996 ut
604 2941 848 2998 Hebraeis
876 2958 996 3000 mos
1037 2952 1144 3009 est,
1179 2946 1501 3018 συναγωγὴν
1532 2948 1710 3001 πᾶσαν
1756 2948 1962 3003 ὑδάτων
2003 2950 2077 3003 ita

490 3035 810 3103 nominare,
866 3035 1149 3108 Scriptura
1202 3054 1349 3093 mare
1396 3038 1618 3094 Salsum
1656 3054 1852 3105 vocat,
1897 3048 1958 3095 ut
2008 3042 2077 3097 ab

2192 569 2328 624 nihil
2374 581 2596 641 generet
2638 574 2836 639 alatve,
2898 591 3009 630 non
3051 576 3129 646 τῷ
3170 578 3482 649 ἀλμυρῶδει,
3517 583 3638 652 quod
3662 587 3701 639 ei

2193 660 2386 714 tribuit
2438 659 2730 733 Josephus,
2784 663 2879 720 sed
2929 664 3008 735 τῷ
3052 666 3404 735 ἀσφαλτώδει,
3444 686 3543 741 quo
3579 687 3701 742 aqua

2191 750 2312 818 ejus
2344 749 2559 806 infectae
2598 764 2745 822 sunt,
2785 756 2982 811 merito
3016 757 3291 813 tribuitur.

2263 841 2507 897 Tertium
2541 845 2719 900 critici
2749 856 3030 916 peccatum
3070 848 3257 903 eadem
3292 852 3494 920 pagina.
3531 851 3703 910 Salsum

2191 947 2301 987 non
2331 949 2453 989 esse
2486 935 2663 990 lacum
2702 937 2829 992 inde
2869 940 3081 1008 probat,
3125 942 3253 1010 quia
3299 942 3513 998 bitumen
3542 947 3703 1002 salsum

2190 1039 2294 1077 non
2341 1035 2442 1093 est,
2482 1043 2574 1081 nec
2623 1028 2754 1083 salis
2798 1039 3051 1085 naturam
3090 1032 3264 1088 habet.
3296 1035 3361 1087 At
3400 1036 3536 1092 lacus
3566 1040 3706 1095 illeea:

2192 1130 2334 1168 mero
2371 1115 2624 1172 bitumine
2662 1129 2759 1173 est.
2796 1119 2941 1192 Ergo
2980 1124 3140 1178 nullm
3192 1126 3247 1179 in
3285 1126 3571 1196 Asphaltite
3612 1132 3705 1185 lacu

2190 1219 2347 1275 aquae
2385 1218 2533 1274 sunt,
2565 1211 2661 1265 sed
2692 1223 2932 1282 quantus
2962 1225 3201 1285 quantus
3230 1228 3335 1282 est,
3373 1221 3500 1275 nihil
3528 1224 3619 1277 nisi
3642 1224 3705 1277 bi-

2191 1303 2375 1351 tumen
2426 1307 2529 1355 est.
2571 1299 2843 1372 Iosephus
2896 1305 2992 1362 lib.
3043 1322 3077 1362 v
3121 1306 3222 1378 τῆς
3248 1308 3639 1382 Ἀλώσεως,ειιρ.
3664 1315 3703 1379 5,

2188 1385 2550 1457 Asphaltitem
2589 1392 2793 1456 lacum,
2822 1396 3038 1463 qualem
3071 1398 3285 1453 viderat
3324 1415 3480 1471 sape,
3511 1418 3607 1457 non
3636 1419 3707 1457 cu-

2137 1476 2429 1556 .‘jusmodi
2477 1497 2546 1537 ex
2613 1485 2980 1543 vocabulariis
3041 1490 3343 1559 didicerat,
3408 1494 3705 1559 describens,

2199 1568 2706 1648 Ὑποκουφότητος,
2728 1577 2925 1647 inquit,
2966 1580 3060 1632 καὶ
3093 1581 3165 1634 τὰ
3203 1581 3475 1653 βαρύτατα
3512 1585 3607 1637 τῶν
3649 1587 3708 1649 εἰς

2187 1658 2349 1712 αὐτὸν
2407 1664 2671 1731 ῥιφέντων
2729 1669 3026 1740 ἀναφέρει’
3082 1674 3375 1727 καταδῦναι
3422 1675 3477 1728 δὲ
3527 1678 3596 1740 εἰς
3640 1678 3707 1730 τὸν

2192 1749 2373 1819 βυθὸν,
2412 1755 2536 1808 οὐδὲ
2583 1759 3014 1830 ἐπιτηδεύσαντα
3070 1765 3289 1833 ῥᾴδιον*
3332 1765 3508 1820 Nimia
3537 1768 3707 1824 levitate

2187 1843 2350 1895 etiam
2386 1861 2504 1914 qum
2539 1850 2855 1916 gravissima
2894 1864 3017 1906 sunt
3055 1857 3109 1908 in
3156 1872 3272 1909 eum
3309 1858 3457 1926 jacta
3494 1860 3706 1928 ﬂuitant:

2187 1932 2420 2005 demergi
2445 1948 2623 1990 autem
2665 1941 2783 2008 quis
2821 1942 2877 1994 in
2917 1943 3237 2011 profundum
3272 1963 3364 2000 nec
3403 1948 3463 2001 de
3491 1948 3708 2003 industria

2186 2022 2345 2090 facile
2394 2034 2583 2094 potest.
2650 2026 2904 2100 Subjieit,
2967 2031 3368 2104 Vespasianum
3420 2039 3707 2108 periclitandi

2186 2116 2360 2182 gratia
2389 2118 2657 2186 quosdam
2697 2122 2922 2176 natandi
2957 2123 3183 2189 inscios,
3211 2126 3415 2183 vinctis
3452 2139 3566 2198 post
3594 2136 3708 2199 terga

2184 2207 2461 2275 manibus,
2492 2209 2545 2263 in
2566 2210 2735 2263 altum
2771 2213 2963 2281 projici
2988 2214 3262 2283 jussisse;
3300 2220 3539 2273 evenisse
3565 2226 3705 2271 autem

2184 2296 2443 2353 omnibus
2482 2306 2744 2368 tanquam
2788 2302 2840 2353 vi
2891 2301 3179 2369 cujusdam
3223 2305 3472 2374 spiritus,
3509 2306 3579 2359 uti
3617 2321 3709 2359 sur-

2184 2400 2304 2440 sum
2343 2388 2547 2458 repulsi
2585 2387 2936 2447 fluctuarent.
2987 2390 3113 2447 Haec
3154 2392 3428 2465 Iosephus
3472 2412 3532 2451 ex
3568 2394 3707 2448 Rufini

2181 2477 2653 2547 interpretatione.
2685 2482 2872 2547 Addit,
2913 2485 3103 2541 multis
3146 2486 3286 2542 locis
3315 2488 3549 2544 eumdem
3571 2490 3707 2542 lacum

2174 2568 2370 2638 nigras
2402 2569 2687 2627 bituminis
2708 2573 2905 2642 glebas
2925 2589 3164 2641 vomere,
3205 2591 3305 2635 eas
3343 2594 3470 2634 vero
3511 2580 3709 2634 innatare

2183 2660 2353 2731 ﬁgura
2375 2670 2431 2717 et
2458 2665 2830 2735 magnitudine
2885 2668 3058 2725 tauris
3092 2670 3287 2740 capite
3327 2671 3578 2725 truncatis
3604 2669 3710 2723 assi-

2180 2753 2336 2809 miles
2368 2772 2381 2808 :
2409 2755 2521 2827 Τῆς
2554 2756 2735 2826 μέντοι
2761 2759 3039 2828 ἀσφάλτου
3072 2761 3215 2815 κατὰ
3255 2762 3426 2815 πολλὰ
3475 2763 3600 2833 μέρη
3626 2761 3707 2830 βὼ-

2178 2842 2304 2908 λους
2335 2844 2569 2915 μέλανας
2594 2847 2912 2903 ἀναδίδωσι·
2938 2852 2995 2904 αἱ
3023 2850 3079 2904 δὲ
3108 2854 3455 2924 ἐπινήχονται
3474 2853 3531 2905 τό
3549 2870 3598 2905 τε
3619 2852 3710 2922 σχῆ·

2181 2948 2276 3000 μα,
2312 2934 2406 2986 καὶ
2432 2933 2493 2986 τὸ
2524 2933 2757 3004 μέγεθος
2784 2938 3008 3008 ταύροις
3032 2940 3331 3009 ἀκεφάλοις
3365 2943 3707 3013 παραπλήσιαι.

2174 3020 2389 3076 Plinius
2414 3022 2506 3077 lib.
2526 3039 2689 3089 xxxv,
2706 3039 2826 3095 cap.
2848 3026 2934 3092 15,
2960 3027 3243 3085 bituminis
3268 3040 3513 3085 naturam
3532 3031 3640 3084 alibi
3662 3030 3705 3082 li-

497 3129 671 3183 altero
702 3129 821 3183 lacu
852 3128 1193 3186 Genezareth
1229 3130 1452 3188 differre
1499 3147 1624 3187 eum
1669 3132 2071 3204 intelligamus;
2103 3155 2148 3216 α
2182 3113 2503 3216 Ἶξυξηιδιίδί
2532 3124 2865 3172 urnales”
2886 3117 3036 3172 dic“-
3066 3117 3507 3216 LifluseJUdm
3535 3122 3708 3184 ¹³ουι¹¹ί

492 3223 611 3290 qui,
662 3229 722 3278 ut
770 3224 961 3280 eodem
1013 3224 1135 3279 loco
1177 3222 1449 3296 Iosephus
1494 3231 1705 3291 narrat,
1738 3225 1917 3283 dulcis
1970 3235 2075 3283 est.

494 3314 760 3370 Praeterea
788 3318 915 3386 quis
956 3318 1135 3373 nescit
1172 3330 1321 3373 mare
1347 3318 1497 3373 aliud
1537 3319 1646 3374 alio
1680 3320 1883 3375 salsius
1922 3322 2081 3376 esse?

494 3405 703 3463 Pontus
730 3408 974 3463 Euxinus
1009 3424 1200 3463 verum
1250 3422 1333 3465 est
1366 3425 1519 3465 mare
1548 3432 1561 3465 ;
1599 3411 1738 3464 idem
1770 3419 1951 3467 tamen
1984 3413 2083 3465 πό-

494 3517 653 3569 τιμος
682 3508 788 3561 est,
821 3510 875 3554 et
899 3499 1089 3555 dulces
1115 3501 1282 3554 habet
1308 3516 1500 3570 aquas,
1546 3511 1642 3553 aut
1673 3500 1857 3557 minus
1900 3501 2078 3557 salsas

493 3604 659 3657 quam
697 3590 906 3658 reliqua
938 3590 1139 3651 maria,
1174 3597 1234 3643 ut
1274 3592 1343 3644 iis
1372 3590 1536 3643 etiam
1569 3590 1830 3659 adaquari
1884 3606 2079 3660 pecora

495 3680 728 3742 soleant,
758 3688 816 3733 ut
850 3679 1119 3734 Arrianus
1156 3680 1211 3732 in
1257 3679 1470 3749 Periplo
1504 3682 1689 3745 tradit,
1720 3690 1775 3735 et
1812 3683 2080 3736 Aristote-

494 3772 575 3824 les
609 3770 686 3825 lib
736 3785 840 3833 xu,
869 3769 946 3823 De
969 3769 1095 3824 hist.
1143 3770 1523 3840 animal.,cap.
1553 3772 1639 3832 l5,
1674 3773 1743 3826 de
1790 3773 2078 3829 dulcedine

495 3863 747 3916 allirmat.
779 3862 1049 3927 Quocirca
1090 3861 1243 3915 lacus
1289 3861 1647 3930 Aspltaltites,
1679 3865 1825 3933 quod
1864 3866 2076 3920 cmteris

488 3953 695 4008 salsior
739 3954 836 4017 sit,
884 3952 1007 4008 ideo
1039 3968 1184 4005 mare
1233 3951 1602 4006 Salsissimum
1651 3954 1720 4008 ab
1780 3955 2077 4024 interprete

492 4050 686 4097 nostro
734 4042 938 4112 passim
982 4050 1233 4108 vocatur,
1273 4046 1433 4100 Num.
1485 4059 1670 4107 xxxiv,
1720 4045 1771 4108 5,
1807 4046 1963 4099 Deut.
1993 4062 2072 4110 ιιι,

488 4135 658 4189 Josue
700 4150 789 4192 xv.
838 4134 1065 4191 Tacitus
1108 4136 1204 4190 lib.
1232 4151 1266 4188 v
1331 4136 1477 4193 Hist.
1526 4136 1706 4191 lacum
1752 4137 1896 4191 hunc
1936 4139 2075 4192 mari

490 4228 639 4281 omni
667 4229 1258 4298 sapore'corruptiorem
1290 4227 1615 4295 facit.,Quid
1644 4244 1776 4301 ergo
1804 4228 2075 4284 Salmasio

490 4322 642 4377 venit
689 4322 742 4374 in
790 4331 1063 4387 mentem,
1105 4330 1166 4375 ut
1208 4337 1332 4376 eum
1380 4330 1605 4391 negaret
1651 4337 1775 4377 esse
1827 4322 2073 4378 salsum?

493 4412 639 4468 Sane
686 4412 827 4467 Beda
877 4413 1016 4467 libro
1049 4414 1117 4468 de
1165 4414 1302 4469 locis
1352 4415 1559 4469 sanctis
1592 4428 1714 4484 cap.
1755 4416 1839 4478 l5,
1889 4415 2069 4469 lacum

2185 3203 2450 3270 diximus,
2481 3221 2803 3278 emergens;
2843 3216 2991 3263 terra
3036 3210 3089 3264 in
3125 3210 3285 3283 Syria
3320 3215 3461 3268 circa
3500 3211 3705 3267 Sidouem

2181 3298 2451 3367 oppidum
2505 3300 2863 3353 maritimum.
2898 3299 2956 3353 Si
2997 3300 3149 3357 lacus
3198 3303 3530 3373 Aspbaltites
3552 3318 3708 3357 merum

2182 3388 2416 3444 bitumen
2447 3397 2547 3455 est,
2586 3390 2639 3443 id
2680 3401 2766 3445 est
2821 3391 3001 3446 nullas
3045 3408 3216 3461 aquas
3272 3395 3451 3461 habet,
3486 3392 3708 3464 quomodo

2181 3480 2421 3551 dentergi
2472 3483 2527 3536 in
2566 3497 2691 3535 eum
2733 3492 2911 3551 potest
2949 3483 3175 3553 aliquid,
3218 3497 3317 3540 aut
3349 3502 3379 3540 a
3416 3485 3574 3539 fundo
3613 3498 3708 3539 sur-

2180 3589 2305 3628 sum
2338 3575 2552 3629 occulta
2601 3573 2652 3628 vi
2704 3575 2933 3644 spiritus
2989 3578 3214 3645 repelli?
3254 3578 3490 3633 Fluitare
3523 3592 3632 3633 vero
3661 3588 3707 3626 ac

2180 3662 2449 3720 fluctuare
2495 3666 2548 3720 in
2590 3677 2849 3736 perpetua
2890 3667 3069 3738 gleba,
3107 3670 3193 3722 vel
3237 3670 3355 3724 luto
3398 3669 3707 3739 spississima,

2178 3757 2273 3828 qui
2324 3758 2533 3826 potest?
2562 3758 2778 3814 Clarius
2821 3758 3215 3815 absurditatem
3265 3761 3545 3817 Strabonis
3592 3761 3706 3813 locus

2172 3849 2411 3903 revincit
2435 3849 2528 3904 lib.
2557 3866 2667 3910 va,
2704 3850 2795 3905 ubi
2828 3852 2895 3905 de
2918 3851 3221 3920 Asphaltite
3252 3852 3377 3907 lacu
3408 3853 3506 3909 sub
3532 3850 3710 3905 nomine

2180 3938 2490 3998 Sirbonidis
2550 3942 2681 4012 agit,
2746 3957 3053 4013 perperam,
3117 3952 3175 3997 ut
3234 3955 3367 4000 ante
3425 3943 3707 3999 Salmasium

2178 4033 2564 4089 animadvertit
2600 4033 2840 4090 Ortelius
2886 4042 2941 4089 et
2985 4034 3375 4100 Casaubonus,
3409 4043 3462 4090 et
3490 4034 3573 4088 alii
3599 4043 3707 4102 pre-

2176 4132 2326 4180 terea
2361 4140 2468 4182 non
2513 4126 2694 4196 pauci.
2744 4124 2902 4179 Hune
2938 4140 3070 4196 ergo
3120 4126 3301 4179 lacum
3351 4125 3513 4181 refert
3552 4120 3709 4176 Strabo

2175 4232 2299 4272 esse
2328 4215 2623 4287 ἀγχιϐαθῆ,
2660 4214 2957 4285 βαθύτατον
2994 4215 3139 4286 ἔχειν
3178 4214 3345 4287 ὕδωρ,
3373 4231 3532 4284 aquas
3557 4210 3707 4264 habere

2174 4308 2646 4376 profundissimas,
2675 4307 2757 4362 sic
2782 4317 2841 4361 ut
2879 4307 3253 4361 urinatoribus
3282 4307 3465 4361 nullus
3494 4304 3560 4357 ibi
3588 4303 3707 4354 locus

2175 4401 2267 4461 sit,
2310 4400 2404 4453 sed
2436 4399 2527 4468 qui
2559 4398 2986 4453 utnbilicutenus
3014 4399 3068 4453 in
3124 4412 3249 4453 eum
3306 4395 3569 4468 procedit,
3610 4403 3705 4445 mox

486 4505 661 4557 istum
706 4503 873 4557 refert
899 4506 1254 4559 salsissimum
1281 4506 1468 4575 ejicere
1498 4505 1601 4571 sal,
1628 4515 1678 4558 et
1702 4506 1798 4560 hoc
1839 4507 1948 4561 sole
1973 4508 2072 4561 sic-

2180 4493 2475 4547 attollatur.
2502 4492 2752 4547 Bitumen
2785 4506 2951 4562 porro
2980 4491 3147 4546 certis
3166 4489 3503 4559 temporibus
3525 4502 3553 4541 e
3577 4481 3708 4538 fundo

490 4604 671 4646 calum
712 4597 903 4664 accipi,
934 4597 1111 4649 multis
1140 4597 1329 4665 ubique
1372 4597 1676 4651 nationibus
1705 4599 2066 4665 profuturum.

562 4686 804 4740 Alterum
833 4687 1060 4741 inscitiae
1081 4698 1242 4756 caput
1276 4689 1455 4742 lacum
1493 4689 1832 4757 Asphaltiten
1875 4692 2068 4746 eodem

485 4792 657 4834 sensu
700 4777 831 4831 dicit
868 4780 939 4847 (b)
974 4778 1235 4847 appellari
1288 4779 1516 4845 salsum,
1557 4794 1666 4849 quo
1702 4790 1898 4833 terram
1940 4782 2072 4835 salis

490 4868 652 4923 iidem
692 4869 901 4922 Hebrwi
945 4878 1246 4937 nuncupant
1281 4887 1419 4934 eam,
1460 4887 1577 4940 qua:
1616 4870 1826 4924 deserta
1878 4884 1955 4926 est
2008 4890 2070 4926 ar.

486 4961 753 5015 desolata.
792 4961 957 5015 Terra
999 4963 1151 5026 salis,
1199 4963 1283 5016 vel
1332 4963 1688 5032 salsuginosa,
1746 4964 1982 5035 ingrata,
2021 4972 2075 5019 et.

493 5053 783 5108 infecunda
835 5054 1057 5120 dicitur,
1108 5068 1171 5107 ac
1228 5053 1476 5124 frugibus
1533 5054 1754 5118 infelix,
1810 5057 2071 5125 quoniam

493 5150 712 5219 salsugo
744 5149 879 5203 satis
909 5149 1130 5201 inimica
1169 5156 1272 5203 est.
1316 5150 1389 5201 Ea
1418 5147 1721 5203 sterilitatis
1743 5156 1797 5203 et
1825 5148 2075 5205 infecun-

494 5240 680 5293 ditatis
710 5239 931 5309 propria
969 5254 1136 5293 causa
1182 5248 1285 5294 est.
1319 5238 1375 5291 ln
1407 5238 1544 5291 mari
1577 5239 1727 5293 nulla
1762 5238 2070 5296 fecunditas

489 5340 575 5385 est
600 5346 788 5385 earum
825 5346 1030 5391 rerum,
1060 5331 1279 5399 quibus,
1314 5337 1373 5383 ut
1408 5331 1463 5383 in
1490 5339 1658 5393 terra,
1703 5337 1897 5384 natura
1930 5333 2070 5395 salis

492 5422 691 5478 infesta
717 5430 821 5477 est.
850 5420 957 5475 Sed
978 5438 1098 5491 quae
1124 5423 1363 5477 indidem
1389 5424 1663 5488 oriuntur,
1692 5432 1785 5475 aut
1805 5424 2066 5492 gliscunt,

493 5516 770 5585 salsugine
802 5515 1085 5583 juvantur.
1119 5514 1299 5578 Quare
1325 5530 1432 5568 nou
1469 5521 1650 5584 potest
1681 5514 1886 5568 salsum
1913 5530 2069 5569 mare

492 5602 601 5660 dici
640 5622 737 5676 pro
784 5605 1080 5663 infecundo
1112 5622 1174 5662 ac
1200 5606 1396 5671 sterili,
1441 5622 1566 5662 cum
1604 5606 1909 5663 fecunditas
1942 5608 2063 5677 ipsa

560 5754 633 5823 (a)
659 5755 784 5825 Pag.
811 5760 927 5812 sit.

2174 4584 2404 4639 ebullire
2461 4585 2685 4647 scribit,
2736 4585 2802 4637 ad
2855 4584 2998 4652 quod
3049 4583 3373 4652 capiendum
3422 4577 3706 4635 arundinetis

2176 4686 2321 4732 rates
2358 4678 2641 4746 expeditas
2678 4678 2879 4731 habent
2912 4695 2922 4728 :
2963 4678 3120 4729 Ἔστι
3160 4676 3218 4728 δὲ
3260 4679 3293 4747 ἡ
3336 4674 3595 4744 ἄσφαλτος
3625 4666 3705 4734 γῆς

2179 4770 2345 4839 βῶλος
2377 4770 2741 4840 ὑγραινομένη
2776 4770 2869 4821 καὶ
2905 4768 3251 4838 διαχεομένη,
3288 4767 3449 4820 πάλιν
3485 4764 3539 4817 δὲ
3577 4773 3706 4831 μεταο

2174 4865 2441 4918 ϐάλλουσα
2477 4866 2556 4927 εἰς
2592 4863 2765 4931 πάγον
2788 4862 3005 4932 ἰσχυρὸν
3039 4860 3142 4913 ὑπὸ
3179 4859 3273 4912 τοῦ
3296 4856 3500 4929 ψυχροῦ
3528 4855 3705 4910 ὓδατος.

2175 4956 2286 5010 οἷόν
2315 4961 2428 5010 ἐστι
2452 4957 2511 5008 τὸ
2537 4956 2635 5023 τῆς
2664 4956 2857 5025 λίμνης
2892 4954 3056 5024 ὕδωρ,
3089 4952 3227 5005 ὥστε
3257 4952 3427 5021 τομῆς
3452 4949 3539 5000 καὶ
3569 4938 3707 5007 κοπῆς

2176 5049 2403 5101 δεῖσθαι·
2440 5047 2689 5101 Bitumen
2714 5056 2791 5100 est
2821 5056 2976 5099 terra:
3008 5044 3177 5114 gleba,
3212 5058 3328 5113 qua:
3379 5038 3638 5108 liquefacta
3660 5042 3707 5080 ac

2175 5139 2413 5212 diﬁluen‘s
2449 5157 2635 5193 rursus
2668 5142 2772 5193 coit
2806 5140 2859 5192 in
2891 5137 3124 5190 solidum
3156 5149 3343 5203 corpus
3377 5145 3520 5199 aqua:
3547 5125 3707 5195 [τίθονε

2176 5236 2505 5297 constricta;
2540 5232 2839 5302 cujusmodi
2875 5232 3021 5283 lacus
3053 5229 3199 5282 illius
3239 5236 3315 5280 est
3342 5239 3493 5294 aqua,
3528 5218 3643 5271 adeo
3665 5216 3707 5262 ut

2175 5324 2338 5379 incidi
2370 5324 2641 5392 securique
2683 5337 2813 5390 opus
2851 5320 3061 5373 habeat.
3098 5317 3320 5372 Tacitus
3368 5314 3458 5367 lib.
3497 5327 3526 5362 v
3566 5305 3704 5361 ιιίειη

2177 5418 2345 5487 cap.6
2382 5436 2392 5469 :
2432 5414 2656 5469 Incertis
2689 5414 2845 5466 unda:
2879 5411 3180 5479 superjacta
3207 5418 3260 5462 ut
3283 5405 3451 5461 solida
3482 5402 3703 5488 ferum":

2176 5511 2347 5565 Periti
2362 5510 2685 5579 imperitique
2700 5508 2862 5559 nandi
2879 5503 3093 5570 perinde
3110 5494 3589 5555 attolluntur.Crrto
3602 5494 3702 5584 antri

2178 5614 2405 5673 tempore
2440 5603 2670 5655 bitumen
2696 5600 2880 5669 egerit.
2921 5597 3036 5650 Mox
3084 5597 3179 5650 ait.
3212 5592 3462 5647 undantes
3490 5584 3701 5636 bitumine

2241 5763 2313 5834 (b)
2355 5762 2480 5831 Pag.
2515 5759 2637 5812 6M.
