3920 6406
161 367 280 430 (ἶθῦ

1200 362 1579 422 ADVERSUS
1623 361 1810 422 CLAU
1825 361 1993 422 DIUM
2037 361 2465 426 SALMASIUM.

3343 364 3454 432 646

164 494 340 548 moles
367 489 519 561 pelli,
562 503 823 560 manuque
849 487 990 542 trahi
1020 487 1090 542 ad
1140 487 1310 544 littus.
1357 487 1544 560 Aquas
1602 487 1771 560 igitur
1801 493 1845 550 Α
1873 488 2278 561 ὑπερτίθενται.
2306 488 2388 544 Ad
2419 489 2566 544 hunc
2591 487 2773 542 locum
2806 487 2864 542 in
2889 489 3452 548 Animadversionibus

164 582 339 635 habet
383 579 740 648 Aspballites,
782 594 959 649 neque
994 591 1197 634 merum
1243 577 1475 634 bitumen
1501 589 1577 634 est
1603 595 1622 633 :
1656 581 1752 635 sed

165 672 272 726 hoc
302 672 472 725 certis
497 670 839 740 temporibus
888 677 1102 724 eructat
1121 709 1136 734 ,
1165 669 1270 725 hoc
1299 677 1403 734 est,
1439 669 1754 740 quotannis,

164 768 228 815 ut
265 761 540 816 Diodorus
577 757 814 824 Siculus,
863 759 1074 816 Plinius
1116 761 1210 818 lib.
1270 776 1368 825 vlt,
1411 775 1532 832 cap.
1583 761 1671 826 15,
1704 768 1758 816 ει

163 853 398 907 Tacitus
446 853 717 922 produnt;
762 859 822 906 ut
868 852 982 917 alii,
1033 852 1268 906 triennio
1313 868 1552 922 quoque.
1603 851 1759 908 Unde

167 945 363 996 frivola
399 953 485 998 est
508 942 782 1012 argutatio
818 961 830 996 :
875 943 996 997 ideo
1041 944 1248 998 salsum
1294 958 1405 997 non
1448 959 1591 1011 esse,
1631 944 1759 1014 quia

166 1033 415 1086 bitumen
459 1047 667 1086 merum
703 1040 808 1099 est,
839 1034 983 1102 quod
1026 1049 1137 1088 non
1171 1035 1516 1088 est'salsum.
1551 1034 1760 1105 Legen-

165 1125 275 1179 dus
305 1133 362 1178 ct
400 1123 706 1190 Vitruvius,
765 1127 859 1194 qui
906 1126 1000 1182 lib.
1053 1142 1171 1190 vm,
1216 1142 1338 1196 cap.
1385 1129 1438 1193 5,
1476 1127 1571 1192 ait,
1615 1127 1761 1181 hunc

169 1215 351 1267 lacum
410 1215 647 1269 emittere
699 1217 975 1270 bituminis
1048 1219 1314 1271 maximas
1372 1217 1568 1283 moles,
1628 1235 1759 1289 quas

167 1306 430 1374 diripiunt
479 1308 571 1375 qui
627 1306 869 1360 habitant
930 1309 1094 1362 circa.
1150 1307 1237 1363 Uti
1297 1309 1558 1366 salscdini
1609 1310 1760 1365 lacus

169 1399 330 1454 istius
373 1399 616 1452 bitumen
643 1413 752 1453 non
781 1401 984 1466 obstat,
1013 1400 1141 1470 quia
1177 1416 1285 1455 non
1314 1416 1465 1456 mero
1497 1401 1762 1456 bitumine

168 1489 312 1553 ﬂuit,
350 1490 447 1544 sed
489 1505 660 1560 aquas
712 1491 963 1562 proprias
1011 1492 1194 1556 habet,
1251 1507 1481 1562 quarum
1524 1492 1579 1546 in
1612 1503 1789 1547 sum-‘

171 1596 324 1634 mum
352 1580 596 1635 bitumen
622 1583 792 1636 certis
832 1581 1172 1650 temporibus
1195 1582 1387 1636 ebullit
1424 1599 1438 1635 :
1467 1583 1548 1638 sic
1585 1597 1762 1650 neque

170 1685 368 1736 causa,
395 1685 495 1724 cur
525 1671 781 1726 immersa
809 1685 1042 1740 corpora
1068 1672 1400 1741 repellantur
1427 1686 1490 1726 ac
1528 1670 1760 1737 ﬂuitent,

172 1762 229 1816 in
258 1761 404 1816 idem
443 1761 687 1816 bitumen
723 1760 912 1816 referri
943 1761 1126 1825 debet,
1163 1763 1256 1816 sed
1289 1763 1342 1815 in
1383 1777 1538 1832 aqua:
1561 1778 1624 1817 ac
1656 1763 1760 1816 loci

1858 593 1914 648 p.
1971 577 2097 640 563,
2155 577 2518 633 observamus
2576 591 2738 631 usum
2787 577 2940 631 verbi
2990 578 3361 648 ὑπερτιθέναι,
3399 586 3454 635 ct

1861 668 2277 740 ὑπερτίθεσθαι,
2312 668 2456 738 quod
2487 677 2572 724 est
2597 668 2774 722 cibum
2795 669 3042 737 differre;
3074 685 3200 724 nam
3227 687 3291 726 ea
3320 686 3420 742 pro
3440 701 3452 712 -

1863 762 1980 833 pria
2009 770 2093 816 est
2126 775 2190 814 ac
2244 775 2508 830 germana
2551 761 2804 815 vocabuli
2849 761 3023 822 notio,
3065 769 3122 814 ut
3165 761 3238 816 sit
3269 779 3458 831 proro-

1861 867 2011 922 gare,
2049 850 2332 920 protelare,
2377 849 2614 920 diﬂ'erre.
2654 849 2792 904 Hinc
2821 850 3118 922 ὑπέρθεσις
3158 861 3242 906 εει
3271 868 3460 920 proro-

1859 943 2026 1012 gatio,
2082 941 2273 1010 utique
2319 941 2496 996 solita:
2550 941 2871 996 cibationis.
2924 941 3459 1013 llesycbius,bnsp-

1862 1032 2061 1097 Θέσεις,
2124 1032 2404 1096 ὰναόολαὶ,
2459 1033 2809 1104 ὑπερὸἁσεις.
2865 1030 3074 1088 ϐιοεειε
3098 1031 3456 1089 tit'aeco—Lats

1862 1123 2176 1194 ὑπέρθεσις,
2215 1123 2428 1189 dilatio,
2471 1126 2912 1193 procrastinatio.
2946 1125 3254 1194 frustratio,
3282 1143 3456 1190 mora,

1861 1217 2112 1280 immora,
2153 1218 2438 1270 cunctatio.
2492 1215 2559 1268 Et
2600 1216 2997 1286 ὑπερθετικός,
3057 1219 3414 1283 superlativus
3439 1257 3457 1281 ,

1863 1306 2170 1375 frustrator,
2203 1306 2483 1375 differens.
2541 1307 2672 1359 Item
2707 1307 2966 1377 ὑπέρθου,
3010 1308 3208 1376 profer.
3253 1307 3458 1373 Quant-

1864 1398 2052 1452 obrem
2095 1398 2428 1453 accusativis
2481 1398 2698 1452 duobus
2767 1399 2821 1452 in
2861 1401 3270 1454 constructione
3320 1415 3459 1468 pra:-

1866 1489 2037 1544 ditum
2087 1497 2172 1546 est
2228 1491 2332 1544 hoc
2384 1491 2612 1546 verbum
2664 1506 2948 1561 :quorum
3007 1492 3146 1544 alter
3199 1491 3460 1561 exprimi-

1864 1585 1988 1644 tur,
2045 1581 2182 1636 alter
2227 1582 2391 1636 tacite
2436 1581 2784 1636 subauditur.
2849 1579 2922 1635 Ut
2979 1583 3024 1637 si
3075 1581 3295 1646 dicam,
3362 1581 3458 1634 δύο

1864 1671 2081 1742 ἡμέρας
2129 1672 2520 1742 ὑπερτίθεται,
2579 1680 2778 1742 praeter
2850 1674 3222 1726 accusativum
3294 1673 3455 1742 spatii

1866 1777 1929 1816 ac
1981 1764 2264 1833 temporis,
2300 1765 2438 1817 alter
2479 1764 2789 1834 concipitur
2826 1763 2904 1817 rei
2943 1765 3025 1818 vel
3064 1764 3266 1834 negotii
3310 1765 3458 1833 quod

174 1852 325 1907 illius
347 1859 638 1919 naturam;
675 1867 800 1906 nam
823 1868 889 1907 ex
928 1853 1163 1908 occultis
1199 1852 1469 1907 meatibus
1497 1867 1760 1922 vaporum
1797 1825 1836 1882 Β
1865 1855 2118 1909 diﬂ‘ertur
2173 1875 2186 1909 :
2229 1855 2335 1911 hoc
2383 1857 2529 1911 enim
2583 1863 2696 1921 est,
2753 1855 2911 1910 biduo
2968 1867 3240 1927 prorogat.
3301 1855 3459 1923 Quod

173 1955 239 1995 ac
270 1942 566 2011 spirituum
612 1942 804 2012 ingens
843 1943 927 1998 vis
972 1943 1290 2009 ell'unditur,
1332 1949 1386 1997 et
1421 1956 1593 2013 aquas
1641 1945 1764 1999 illas

171 2039 438 2101 occupat;
472 2032 696 2102 quibus,
726 2041 787 2087 ut
818 2034 896 2087 ait
921 2033 1214 2105 Josephus,
1265 2049 1590 2104 repercussa
1644 2051 1764 2090 cor-

170 2139 308 2194 pora
352 2140 574 2179 sursum
616 2124 883 2179 feruntur.
921 2125 1077 2192 Quod
1109 2135 1162 2181 et
1206 2127 1336 2181 alibi
1386 2142 1604 2200 quoque
1633 2144 1764 2182 con-

169 2215 359 2284 tingit.
403 2215 468 2270 Ut
517 2214 573 2268 in
611 2213 795 2270 Sicilia
829 2216 895 2270 ad
935 2217 1288 2289 Agrigentum
1336 2218 1490 2274 lacus
1541 2218 1761 2289 quidam

168 2313 279 2368 est,
314 2305 370 2358 in
405 2320 568 2374 quem
606 2307 773 2359 nandi
813 2307 974 2362 etiam
999 2323 1229 2378 prorsus
1257 2309 1495 2380 imperiti
1521 2311 1756 2380 deprimi

170 2404 492 2463 nemneunt;
535 2403 595 2449 ut
631 2393 830 2449 Strabo
867 2396 1035 2452 refert
1079 2397 1171 2452 lib.
1211 2413 1287 2462 Vl,
1339 2408 1394 2454 et
1442 2399 1762 2455 Aristoteles

172 2485 318 2538 libro
361 2482 507 2551 Περὶ
555 2485 924 2554 θαυμασίων.
968 2483 1087 2540 Νοη
1128 2494 1310 2556 potest
1363 2487 1466 2543 hoc
1507 2488 1760 2542 bitumini

171 2575 372 2639 tribui,
408 2575 554 2645 quod
585 2577 797 2630 nullum
828 2577 882 2630 in
902 2577 995 2632 illo
1028 2578 1150 2633 lacu
1180 2586 1395 2634 scatere
1419 2587 1758 2636 memorant:

173 2665 398 2720 tametsi
433 2664 553 2719 [ous
586 2666 642 2719 in
670 2679 735 2720 eo
764 2673 939 2720 tractu
969 2667 1190 2736 quidam
1229 2679 1332 2733 est,
1365 2670 1454 2724 cui
1494 2670 1762 2740 liquidum

175 2756 426 2810 bitumen
488 2765 808 2826 supernatat
851 2775 863 2811 :
905 2756 974 2814 tle
1013 2773 1122 2828 quo
1175 2759 1523 2818 Dioscorides
1572 2764 1667 2818 lib.
1713 2779 1760 2830 I,

169 2849 392 2904 Plinius
419 2849 513 2905 lib.
544 2865 708 2917 xxxv,
741 2864 863 2920 cap.
909 2850 996 2905 15.
1041 2849 1174 2906 Vide
1208 2851 1525 2909 Cluverium
1571 2855 1663 2910 lib.
1698 2871 1760 2920 ll,

169 2941 382 2996 Sicilire
415 2955 538 3011 cap.
572 2941 626 3008 2,
659 2956 726 2996 ex
776 2955 886 3009 quo
917 2940 1220 2998 Salmasius
1271 2945 1476 3010 omnia,
1533 2961 1655 3016 quae
1696 2947 1764 3003 de

170 3033 279 3086 hoc
315 3031 471 3086 fonte
500 3046 565 3086 ac
592 3032 712 3085 lacu
746 3032 1104 3102 Agrigentino
1133 3033 1399 3103 disputat,
1431 3036 1486 3089 in
1513 3015 1763 3091 Solinia-

173 3139 305 3178 nam
354 3122 817 3178 Exercitationem
877 3125 1161 3179 transtulit
1190 3125 1288 3194 (α),
1330 3126 1473 3196 ejus,
1511 3135 1571 3181 ut
1603 3129 1760 3196 solet,
1789 3165 1832 3224 α

175 3231 480 3288 suppresso
520 3216 760 3280 nomine,
799 3216 946 3271 unde
979 3217 1080 3270 ista
1111 3225 1444 3272 corraserat.

247 3308 428 3375 Atque
459 3305 652 3360 eodem
679 3314 861 3360 tamen
893 3306 985 3359 illo
1026 3306 1168 3372 loco,
1196 3305 1264 3360 de
1293 3321 1395 3360 suo
1429 3306 1680 3377 imperite
1709 3307 1763 3361 id

190 3400 433 3460 attexuit,
467 3397 591 3451 ideo
623 3397 878 3451 immersa
910 3396 965 3450 in
1006 3396 1157 3449 illum
1195 3395 1374 3450 lacum
1416 3411 1648 3466 corpora
1679 3412 1764 3452 re-

190 3489 321 3557 geri,
355 3505 418 3543 ae
454 3487 694 3551 ﬂuitare,
720 3487 864 3557 quod
912 3487 967 3540 in
1006 3501 1073 3541 eo
1119 3486 1363 3540 bitumen
1414 3496 1762 3556 supernatet;

184 3581 440 3651 quoniam
469 3577 608 3632 idem
637 3578 691 3631 in
742 3577 1043 3648 Asphaltite
1084 3577 1205 3631 lacu
1261 3575 1467 3632 Judwa:
1501 3580 1762 3634 usuuenit.

180 3671 295 3725 Hoc
339 3685 532 3723 verum
580 3683 690 3723 non
738 3678 844 3724 est.
897 3667 1033 3722 Nam
1075 3679 1130 3724 et
1166 3670 1233 3724 de
1278 3668 1590 3739 Asphaltite
1643 3673 1766 3726 lacu

170 3765 336 3818 aliter
378 3761 556 3816 Grazci
603 3759 892 3831 Latinique
943 3776 1044 3818 nos
1092 3761 1314 3826 docent,
1350 3768 1410 3816 ut
1450 3764 1614 3833 paulo
1644 3774 1769 3820 ante

167 3855 647 3920 monstravimus;
703 3864 757 3910 et
806 3857 860 3908 in
922 3856 1278 3926 Agrigentino
1338 3855 1462 3910 lacu
1526 3857 1764 3922 nullum,

165 3950 324 4021 quod
364 3946 584 4016 quidem
621 3945 832 4002 idoneis
872 3948 1192 4004 auctoribus
1241 3957 1478 4014 constet,
1523 3950 1768 4006 bitumen

161 4042 428 4098 exsistit.
456 4037 591 4093 Nam
621 4039 841 4095 Solinus
873 4039 1048 4094 lacum
1089 4055 1190 4109 pro
1231 4040 1374 4109 fonte
1409 4056 1508 4112 per
1531 4043 1770 4097 oscitan-

1861 1945 1916 1998 in
1976 1943 2221 2016 Dionysii
2294 1945 2644 2001 Alexandrini
2711 1946 2834 1999 loco
2911 1946 3262 2016 perspicuum
3327 1954 3455 2011 est,

1863 2049 2022 2103 quem
2066 2035 2177 2089 illic
2234 2035 2564 2094 adduximus
2611 2054 2624 2089 :
2681 2037 2832 2088 Ἐπεὶ
2879 2037 3014 2106 μηδὲ
3074 2035 3176 2099 τὰς
3230 2035 3290 2100 ἒξ
3347 2035 3458 2088 τῶν

1861 2125 2124 2195 νηστειῶν
2151 2126 2369 2196 ἡμέρας
2409 2126 2562 2188 ἴσως,
2605 2125 2740 2196 μηδὲ
2784 2127 2990 2196 ὁμοίως
3027 2126 3227 2189 πάντες
3269 2123 3458 2196 διαμέ-

1861 2231 2042 2268 νουσιν
2063 2231 2077 2244 ο
2110 2214 2225 2267 ἀλλ’
2263 2215 2312 2267 οἱ
2359 2215 2459 2286 μὲν
2508 2216 2598 2268 καὶ
2628 2215 2809 2278 πάσας
2835 2216 3252 2286 ὑπερτιθέασιν,
3279 2216 3457 2270 ἄσιτοι

1860 2305 2260 2370 διατελοῦντες’
2317 2308 2365 2359 οἱ
2416 2307 2478 2360 δὲ
2513 2307 2625 2361 δύο.
2671 2307 2734 2359 Οἱ
2774 2307 2832 2360 δὲ
2881 2309 3032 2377 τρεῖς
3059 2324 3073 2338 ο
3125 2308 3176 2360 οἱ
3223 2307 3281 2361 δὲ
3327 2307 3454 2362 τέσ-

1863 2413 2036 2467 σαρας
2057 2413 2070 2426 ·
2113 2399 2162 2450 οἱ
2195 2397 2250 2449 δὲ
2285 2383 2558 2468 οὑδεμῖαν.

1933 2486 2033 2541 llic
2066 2489 2292 2543 verbum
2331 2489 2680 2561 ὑπερτιθέναι
2708 2505 2996 2560 prorogare
3030 2505 3094 2544 ac
3118 2490 3333 2560 differre
3366 2491 3451 2548 si-

1863 2579 2125 2650 gniﬁcat;
2182 2579 2485 2650 eodemque
2538 2581 2700 2635 modo
2731 2581 2935 2635 dicitur
2964 2583 3316 2654 ὑπερτιθέναι
3349 2584 3459 2638 πά·-

1865 2687 1984 2734 σας,
2017 2670 2104 2724 vel
2157 2669 2274 2734 δύο,
2303 2672 2386 2726 vel
2437 2674 2586 2743 τρεῖς
2629 2672 2869 2742 ἡμέρας,
2906 2688 3016 2742 quo
3048 2671 3327 2744 διαμένειν
3358 2674 3461 2738 τὰς

1863 2759 1922 2826 ἒξ
1953 2761 2188 2833 ἡμέρας.
2224 2761 2362 2815 Nam
2417 2763 2715 2833 utrobique
2761 2763 3093 2818 subauditur
3135 2765 3296 2819 κατά.
3331 2763 3461 2836 Epi~

1867 2853 2099 2922 pbanius
2131 2868 2232 2923 pro
2261 2853 2373 2919 δύο,
2398 2855 2570 2926 τρεῖς,
2605 2862 2658 2908 ct
2687 2854 2984 2928 τέσσαρας,
3035 2858 3220 2913 dicere
3266 2859 3463 2913 maluit

1862 2946 2080 3012 διπλᾶς,
2111 2947 2368 3019 τριπλᾶς,
2395 2947 2730 3020 τετραπλᾶς,
2768 2948 3089 3019 duplicatos,
3137 2951 3459 3020 triplicatos,

1863 3037 2306 3107 quadruplieatos
2355 3039 2492 3094 dies.
2531 3039 2827 3096 Possemus
2855 3049 2908 3095 et
2943 3043 3320 3096 accusativum
3374 3043 3460 3096 al-

1864 3134 2043 3182 terum
2079 3129 2406 3199 intelligere,
2432 3129 2693 3184 nimirum
2732 3129 3095 3202 ὑπερθέσεις;
3130 3147 3254 3184 nam
3286 3131 3461 3206 ὑπέρ-

1863 3216 2013 3281 θεσις
2034 3232 2134 3287 pro
2154 3218 2366 3287 jejunio
2397 3225 2448 3272 ct
2479 3219 2902 3286 superpositione
2936 3218 3174 3274 sumitur
3205 3237 3220 3273 :
3249 3219 3325 3272 ita
3355 3220 3462 3273 erit

1865 3306 2218 3375 ὑπερτιθέναι
2244 3306 2568 3378 ὑπερθέσεις
2617 3307 2844 3376 perinde
2888 3321 2952 3362 ac
2990 3307 3036 3362 si
3065 3305 3256 3362 Latine
3305 3306 3462 3363 dicas

1864 3415 2214 3468 superponere
2244 3401 2712 3470 superpositiones.
2747 3397 2839 3454 Sic
2873 3415 3110 3470 pugnare
3144 3415 3377 3470 pugnam
3405 3409 3464 3454 et

1867 3490 1921 3546 id
1957 3507 2131 3562 genus
2170 3492 2296 3545 alia.
2354 3490 2511 3560 Apud
2563 3489 2855 3559 Evagrium
2893 3490 2988 3544 lib.
3023 3506 3037 3544 ι
3073 3489 3218 3545 llist.
3247 3487 3463 3550 eccles.,

1867 3596 1917 3637 c.
1951 3582 2043 3646 2i,
2074 3581 2313 3653 insignis
2347 3581 2504 3635 locus
2541 3591 2646 3644 est,
2677 3579 2771 3634 ubi
2801 3580 2868 3634 de
2909 3580 3329 3648 monachorum,
3369 3579 3464 3650 qui

1869 3668 1924 3722 in
1950 3667 2243 3724 Palaestina
2292 3668 2586 3740 degebant,
2620 3667 3176 3739 institutoloquitur,
3211 3684 3274 3724 ac
3317 3685 3458 3739 prae-

1870 3761 2060 3817 sertim
2093 3761 2160 3816 de
2200 3762 2440 3816 mirabili
2471 3776 2664 3817 eorum
2705 3761 3066 3816 abstinentia:
3098 3762 3161 3815 Οἳ
3196 3761 3461 3826 πολλάκις

1873 3852 1974 3922 μὲν
2021 3852 2118 3905 καὶ
2163 3851 2264 3914 τὰς
2313 3850 2658 3922 καλουμένας
2708 3849 3092 3921 ὑπερθέσμους
3140 3850 3466 3922 πράττουσι,

1869 3942 2122 4013 διήμεροι
2176 3941 2271 3994 καὶ
2316 3943 2607 4014 τριήμεροι
2644 3941 2744 4003 τὰς
2783 3941 3040 4009 νηστείας
3077 3940 3426 4003 ἐκτελοῦντες
3448 3957 3465 3973 ·

1871 4035 1979 4088 εἰσὶ
2005 4034 2062 4087 δὲ
2091 4034 2140 4086 οἳ
2173 4033 2268 4087 καὶ
2294 4032 2600 4105 πεμπτῷοι,
2632 4033 2665 4104 ἥ
2705 4035 2801 4086 καὶ
2830 4033 2985 4103 πρός.
3039 4031 3114 4086 lbi
3160 4032 3260 4095 τὰς
3295 4032 3470 4103 ὑπερ-

163 4138 314 4190 tiam
347 4132 607 4201 scripsit;
642 4131 788 4201 quod
813 4145 922 4186 non
949 4139 1113 4202 negat
1137 4131 1284 4188 illius
1308 4139 1612 4188 enarrator.
1636 4133 1771 4190 Vide
1863 4127 2110 4198 θέσμους
2142 4126 2333 4182 eodem
2361 4141 2527 4182 sensu
2560 4140 2672 4194 quo
2695 4125 3026 4196 ὑπερθέσεις
3052 4125 3376 4194 usurpavit;
3403 4138 3470 4179 ac

163 4225 415 4283 cumino
480 4222 793 4278 Aristotelis
847 4223 1027 4278 locum
1078 4222 1147 4279 de
1199 4225 1561 4295 Agrigentino
1627 4225 1767 4280 lacu.

168 4318 465 4387 intelliges
498 4315 743 4386 proiecto
771 4331 881 4370 non
908 4329 1030 4370 eam
1055 4317 1165 4370 vim
1201 4317 1472 4372 innatanti
1505 4318 1773 4373 duntaxat

165 4411 346 4482 aquis
387 4409 509 4464 oleo
533 4407 700 4462 tribui
744 4422 927 4477 posse,
966 4413 1026 4462 ut
1056 4411 1110 4462 in
1149 4408 1313 4462 imam
1345 4410 1606 4480 depressa
1643 4425 1773 4465 cor--

167 4518 318 4575 pora
353 4515 576 4556 sursum
613 4499 847 4554 attollat.

809 4627 1038 4682 CAPUT
1081 4627 1124 4681 γ

174 4743 592 4817 Epiphaniame
610 4743 1132 4817 Animadversiones
1159 4761 1205 4817 a_
1225 4743 1482 4817 Salmasii
1509 4749 1776 4816 reprehen-

254 4813 412 4887 sione
452 4813 754 4887 vindicatur.
802 4815 943 4877 Quid
975 4816 1044 4887 s_it
1102 4815 1395 4884 ὑπέρθεσις
1424 4828 1471 4868 et
1505 4813 1774 4887 superpo-

253 4886 410 4940 sitio.
465 4881 720 4936 Salinas-ii
766 4900 934 4937 error.
981 4885 1105 4947 Βίος
1141 4881 1236 4952 pro
1278 4887 1385 4938 vita
1431 4881 1693 4940 sa’culari
1724 4899 1773 4942 et

259 4955 610 5034 ruatrimonio
667 4953 908 5023 illigata,
971 4965 1029 5007 ut
1087 4965 1136 5008 et
1199 4955 1417 5025 βιῶσαι.
1467 4957 1774 5012 Casauboni

258 5037 374 5093 laps
383 5041 467 5077 us.

261 5136 380 5190 Non
420 5135 646 5190 meliore
684 5149 947 5189 successu
992 5135 1100 5188 alio
1131 5135 1253 5189 loco
1281 5136 1336 5189 in
1376 5149 1477 5191 nos
1517 5139 1641 5208 styli
1687 5143 1769 5195 sui

187 5226 624 5281 maledicentiam
670 5227 914 5280 exercuit
945 5225 1038 5296 (b).
1082 5225 1420 5296 Epiphanius
1459 5230 1512 5283 in
1547 5229 1774 5300 Exposi-

179 5321 340 5374 tione
374 5317 520 5380 lidei,
558 5318 626 5371 de
644 5317 856 5386 jejunio
904 5326 1110 5372 sanctas
1139 5318 1492 5374 hebdomadas
1521 5323 1771 5391 loquens,

173 5413 260 5465 ait
279 5413 376 5479 (ε),
393 5411 734 5464 Christianos
763 5424 857 5477 per
873 5408 925 5462 id
944 5416 1159 5480 tempus
1181 5409 1393 5480 aliquos
1413 5412 1658 5478 biduum,
1679 5417 1774 5469 tri-

173 5506 453 5564 duumve,
477 5510 570 5555 aut
593 5499 948 5571 quatriduum
973 5500 1092 5556 sine
1117 5502 1240 5555 cibo
1269 5503 1606 5574 transigere:
1639 5506 1774 5561 ἀλλὰ

167 5595 280 5651 κκὶ
307 5595 358 5647 οἱ
390 5592 671 5645 σπουδαῖοι
700 5591 894 5654 διπλαῖς
945 5591 1042 5644 καὶ
1082 5591 1312 5662 τριπλᾶς
1344 5593 1438 5648 καὶ
1466 5597 1773 5667 τετραπλᾶς

251 5707 335 5775 (a)
382 5703 627 5775 Salinas.
647 5704 700 5775 in
740 5702 1084 5775 Plinrexerc.
1116 5719 1168 5773 p.
1204 5703 1326 5759 126.

256 5771 337 5847 (ὁ)
383 5774 528 5828 idem
562 5771 694 5828 ibid.
733 5772 930 5844 p,52-l.

1869 4219 2061 4274 nescio
2101 4234 2169 4273 an
2207 4217 2532 4290 ὑπερθέσεις
2561 4218 2726 4273 etiam
2759 4217 2862 4288 legi
2898 4217 3085 4271 verius
3136 4219 3226 4272 sit.
3276 4215 3471 4286 Neque

1873 4318 2056 4367 tamen
2091 4318 2298 4367 temere
2330 4311 2825 4375 commutaverim;
2866 4323 2991 4362 nam
3021 4307 3136 4363 ﬁeri
3179 4315 3381 4376 potest,
3407 4313 3467 4361 ut

1875 4401 2260 4472 ὑπερθέσμους
2283 4400 2679 4472 appellaverint
2705 4398 2916 4469 jejunia
2946 4399 3091 4452 ultra
3115 4412 3465 4453 communem

1806 4504 1848 4558 ι)
1881 4495 2420 4564 lcgem~moremque,
2455 4493 2539 4547 vel
2573 4491 2793 4547 solitum
2823 4489 3079 4560 capiendi
3114 4489 3220 4544 cibi
3249 4497 3472 4562 tempus

1875 4595 2124 4642 extensa.
2154 4585 2276 4641 llaec
2299 4585 2444 4641 verbi
2471 4599 2536 4639 ac
2566 4585 2862 4639 locutionis
2891 4583 3057 4651 hujus
3083 4582 3474 4653 interpretatio

1875 4680 2038 4749 digna
2064 4687 2296 4744 nonest,
2317 4678 2476 4749 cujus
2498 4693 2598 4733 nos
2618 4678 2886 4748 hodieque
2904 4677 3186 4748 pmniteat.
3207 4677 3310 4732 Sed
3331 4691 3469 4748 prae.

1873 4781 1959 4827 ter
1987 4771 2127 4825 hanc
2163 4779 2342 4825 tamen
2363 4771 2481 4825 alia:
2516 4776 2814 4839 suppetunt
2831 4769 2971 4836 dum,
2991 4783 3128 4839 quas
3153 4783 3260 4821 non
3285 4768 3470 4822 minus

1875 4863 2191 4934 probabiles
2240 4863 2449 4932 judico.
2503 4861 2706 4926 Prima,
2762 4861 2840 4914 uti
2896 4861 3124 4914 verbum
3182 4857 3467 4928 ὑπερτιθέ-

1875 4972 1962 5008 va:
1993 4955 2065 5009 sit
2095 4952 2485 5016 transcendere,
2519 4968 2790 5019 superare.
2824 4949 2962 5003 l‘linc
3000 4953 3146 5004 enim
3178 4950 3468 5024 superlati-

1877 5061 1996 5098 vum
2035 5045 2260 5114 gradum
2297 5043 2470 5096 ϐπ·ωεί
2500 5047 2698 5093 vocant
2736 5038 3129 5108 ὑπερθετικόν,
3157 5046 3211 5092 ει
3240 5037 3469 5111 ὑπέρθε-

1879 5155 1963 5197 mc
1995 5136 2266 5208 Hesycbio
2311 5143 2394 5191 est
2426 5133 2748 5204 ὑπέρϐασις.
2795 5131 2950 5187 Unde
2998 5130 3349 5202 ὑπερτιθέναι
3382 5143 3465 5186 εει

1838 5247 1847 5258 “
1876 5230 2231 5301 ὑπερϐαίνειν
2261 5229 2344 5284 vel
2376 5225 2760 5295 ὑπερϐάλλειν.
2789 5224 2974 5278 Altera
3004 5232 3109 5287 est,
3146 5229 3204 5277 ut
3239 5224 3465 5292 ὑπερτι-

1878 5325 2029 5378 θέναι
2063 5324 2135 5378 sit
2175 5322 2391 5387 addere,
2423 5321 2707 5381 imponere,
2751 5331 2816 5371 ac
2869 5326 3066 5386 praeter
3123 5314 3464 5369 ordinarium

1877 5429 2038 5469 usum
2089 5413 2384 5467 indicere:
2420 5409 2565 5480 quod
2617 5407 2796 5464 Latini
2845 5417 3194 5476 superponere
3242 5417 3463 5459 vocant.

1876 5506 2177 5560 Cassianus
2226 5503 2428 5558 Collat.
2462 5503 2503 5567 l,
2541 5519 2592 5557 c.
2621 5501 2712 5569 21,
2760 5499 2828 5555 de
2870 5499 3065 5552 abbate
3104 5495 3336 5561 Joanne,
3369 5496 3464 5564 qui

1878 5597 2073 5652 illusus
2105 5610 2134 5650 a
2159 5595 2406 5650 daemone
2432 5594 2671 5649 biduana
2699 5607 2756 5650 se
2777 5590 2956 5646 inedia
2981 5588 3296 5643 confecerat
3327 5604 3343 5645 :
3366 5583 3464 5638 In-

1951 5710 2023 5783 (c)
2057 5707 2120 5763 N.
2153 5707 2242 5763 2‘2.
2278 5726 2328 5778 p.
2359 5707 2513 5762 “05.
