3920 6416
519 344 625 398 ϐΠ

1865 334 2047 393 DION.
2092 334 2443 392 i'ETAVlUS

3634 352 3713 411 6l8

520 457 721 511 tellercit
754 472 808 511 se
837 456 898 509 ob
930 455 1026 509 hoc
1060 454 1358 509 calliditate
1389 453 1645 508 dwmonis
1670 454 2103 515 circumventum,
2135 455 2179 511 Α
2210 450 2395 507 Potest
2428 460 2610 508 tamen
2644 459 2698 507 ct
2732 452 2957 509 verbum
2998 452 3171 527 αἴρειν
3219 457 3272 511 in
3313 456 3562 528 ejusmodi
3599 465 3716 522 hicn-

521 547 716 621 talique
766 549 1054 601 distentum
1097 547 1328 616 jejunio,
1361 555 1416 599 ut
1448 544 1821 599 lassitudinem
1866 561 1969 597 non
2012 560 2104 596 ne-

518 642 832 705 cessariam,
878 640 983 693 imo
1031 642 1193 694 etiam
1246 639 1462 708 spiritui
1510 637 1830 700 nocituram,
1876 634 2105 704 fatigato

519 731 731 800 corpori
760 737 1155 799 superponeret.
1184 727 1304 782 Non
1337 728 1484 781 aliud
1515 727 1617 780 hoc
1651 727 1773 780 loco
1805 731 1889 779 est
1922 739 2106 793 saper-

518 836 736 890 ponere,
767 836 930 891 quam
981 821 1268 889 imponere,
1297 820 1378 872 vel
1412 818 1660 886 adjicere.
1699 815 1788 870 Sic
1816 816 1870 869 in
1904 814 2103 869 concil.

522 912 713 966 Aurel.
756 930 807 976 v,
858 928 982 965 can.
1018 912 1083 965 12
1115 910 1300 963 :Nulli
1332 911 1519 963 virenti
1554 910 1795 979 episcopo
1839 907 1977 960 alius
2020 922 2109 960 su-

522 1016 868 1075 perponatur,
908 1014 1000 1058 aut
1049 1004 1479 1073 superordinetur
1512 1003 1806 1071 episcopus.
1857 998 1971 1053 liae
2019 1012 2109 1051 ra-

527 1098 674 1150 tione
718 1098 925 1167 jejunia
978 1098 1260 1167 superponi
1315 1096 1604 1160 dicuntur,
1663 1093 1923 1163 quoniam
1980 1105 2108 1146 cum

529 1187 843 1240 communis
877 1187 1160 1241 hominum
1195 1187 1306 1239 vita
1333 1185 1654 1254 quotidiana
1693 1186 1838 1239 victu
1885 1198 1950 1236 ac
1986 1182 2111 1237 cibo

526 1275 884 1348 transigatur,
924 1285 1085 1332 certa:
1129 1276 1476 1331 abstinentia:
1527 1276 1673 1346 leges
1726 1277 2109 1343 imponuntur,

526 1367 729 1435 quibus
772 1368 915 1419 velut
964 1376 1265 1421 onerantur
1315 1367 1588 1421 homines.
1626 1366 1703 1419 Ita
1732 1365 2112 1421 Tertulliauus

525 1467 712 1510 contra
749 1457 967 1528 Psyclt.,
999 1474 1119 1527 cap.
1154 1458 1328 1513 2:Sic
1372 1467 1421 1512 et
1471 1457 1739 1528 apostolos
1787 1458 2111 1521 observasse,

526 1551 735 1604 nullum
768 1550 917 1603 aliud
946 1552 1268 1619 imponentes
1292 1550 1481 1619 jagum
1517 1558 1783 1601 certorum
1818 1564 1866 1600 et
1896 1548 1948 1600 in
1973 1563 2115 1600 com-

527 1663 683 1699 mune
716 1645 957 1698 omnibus
988 1642 1719 1711 obeundarumjejuniorum.
1753 1639 1867 1692 Hoc
1891 1640 1997 1694 erit
2022 1655 2117 1694 su-

529 1752 835 1807 perponere
861 1735 1053 1805 jugum
1088 1733 1241 1797 illud,
1280 1748 1343 1786 ac
1397 1733 1567 1802 legem
1595 1731 1931 1801 jejuniorum
1967 1729 2115 1783 indi-

530 1841 695 1887 cere;
738 1823 881 1877 unde
907 1823 1239 1891 jejuniorum
1274 1822 1623 1890 superpositio
1660 1821 1799 1874 idem
1842 1828 1926 1873 est
1954 1828 2117 1889 atque

532 1914 797 1984 impositio
834 1924 887 1966 et
933 1912 1213 1980 injunctio.
1263 1910 1485 1965 Solinus
1538 1925 1658 1978 cap.
1689 1910 1759 1962 27
1812 1910 1995 1964 leones
2042 1908 2117 1962 ait

532 2004 755 2058 alternis
783 2004 964 2056 diebus
995 2012 1200 2072 potum,
1225 2002 1444 2055 alternis
1470 2002 1646 2055 cibum
1671 2018 1856 2071 capere
1882 2018 1897 2054 :
1931 2018 1991 2053 ac
2011 2001 2118 2069 fre.-

531 2106 749 2165 quenter
787 2096 834 2149 si
866 2095 1088 2165 digestio
1117 2111 1219 2148 non
1260 2104 1337 2147 est
1369 2094 1627 2157 insecuta,
1667 2094 1838 2146 solita:
1866 2090 2117 2145 cibatiuni

531 2199 892 2258 superponunt
929 2188 1089 2241 diem.
1136 2186 1519 2256 Superponere
1546 2194 1630 2240 est
1664 2185 1881 2238 addere.

606 2282 742 2334 Cum
792 2280 961 2349 igitur
1007 2280 1181 2332 altero
1214 2293 1433 2348 quoque
1466 2277 1555 2331 die
1584 2276 1766 2331 cibum
1805 2291 2003 2346 capere
2030 2290 2119 2330 so-

534 2374 701 2435 leant,
752 2371 906 2425 crudi
938 2386 1060 2425 cum
1100 2378 1249 2433 sunt,
1289 2384 1458 2423 unum
1500 2368 1642 2423 diem
1675 2368 1740 2421 ad
1777 2383 1924 2429 eum,
1956 2382 2117 2437 quem

532 2464 881 2532 interponere
910 2477 1029 2516 mos
1059 2468 1143 2516 est
1174 2462 1303 2524 illis,
1348 2460 1635 2530 adjiciunt.
1675 2458 1752 2511 lta
1778 2459 2001 2512 biduum
2030 2474 2121 2513 so-

534 2554 705 2606 liilum
738 2553 858 2607 sine
899 2553 1023 2607 cibo
1054 2553 1455 2607 transmittunt.
1489 2549 1609 2605 Non
1638 2551 1824 2606 eadem
1860 2550 1969 2615 hic,
2004 2551 2122 2621 cpi-

536 2662 660 2710 nor,
697 2647 919 2701 notione
952 2647 1179 2702 verbum
1228 2645 1360 2700 illud
1407 2646 1666 2709 sumitur,
1695 2659 1803 2715 qua
1844 2644 1913 2699 ab
1939 2645 2123 2698 eccle-

536 2736 776 2793 siasticis
807 2736 1146 2801 auctoribus,
1180 2751 1306 2790 cum
1334 2736 1542 2806 jejunia
1566 2736 2010 2805 superpositiones
2034 2750 2125 2805 ap-

538 2832 764 2902 pellant,
797 2832 880 2887 vel
916 2831 1252 2902 jejuniorum
1290 2831 1755 2900 superpositiones,
1786 2844 1925 2899 quas
1962 2830 2126 2899 ὑπερ-

538 2921 794 2991 θέσμους,
827 2921 911 2976 vel
943 2919 1268 2991 ὑπερθέσεις
1299 2920 1473 2977 Grzeci
1513 2918 1702 2975 Patres
1733 2926 2020 2984 vocarunt,
2058 2932 2125 2972 eo

538 3028 702 3065 sensu
739 3027 901 3081 quem
936 3011 1205 3067 hactenus
1250 3012 1625 3081 exposuimus.
1662 3008 1769 3065 Sed
1812 3016 1996 3063 utrum
2028 3008 2124 3062 La-

2210 542 2359 595 tione
2389 542 2566 595 locum
2604 542 2805 598 habere
2838 563 2850 597 :
2878 546 3023 614 quod
3062 554 3145 600 est
3172 546 3327 615 ferre,
3354 549 3538 606 tollere.
3563 552 3715 619 Quam-

2207 631 2291 685 vis
2321 639 2502 685 autem
2536 632 2886 701 ὑπερτιθέναι
2913 642 2966 688 et
2998 634 3286 705 ὑπέρθεσιν
3311 636 3473 693 Gnaei
3501 642 3653 697 itidem
3676 656 3717 700 ut

2209 721 2390 777 Latini
2417 739 2761 793 superponere
2784 739 2848 778 ac
2877 728 3342 796 saperpositionem
3363 738 3618 799 usurpant.
3637 749 3718 788 non

2210 821 2392 870 tamen
2443 815 2633 869 eadem
2669 817 2962 886 utrobique
3010 822 3343 875 constructio
3384 831 3481 877 est.
3515 821 3575 875 Ut
3611 827 3719 880 enim

2211 906 2403 962 Latine
2434 905 2539 962 dici
2571 908 2767 977 possit,
2795 926 3140 979 superponere
3188 912 3349 964 alicui
3379 912 3631 967 biduanum
3658 918 3721 970 vel

2212 999 2522 1053 triduanum
2539 1000 2841 1069 jejunium;
2870 1003 2974 1063 vel,
3008 1010 3065 1055 ut
3092 1001 3309 1058 Solinus
3334 1004 3572 1073 loquitur.
3593 1008 3722 1061 solita

2210 1092 2468 1146 cibationi
2502 1092 2641 1146 diem
2666 1109 2830 1145 unum
2860 1109 3206 1163 superponere
3232 1111 3249 1148 :
3274 1111 3377 1149 non
3401 1107 3560 1150 tamen
3583 1098 3725 1153 Grece

2212 1183 2293 1237 sic
2328 1183 2407 1236 uti
2448 1183 2571 1238 licet
2608 1183 2992 1254 ὑπερτίθεσθαι
3042 1188 3108 1256 τῇ
3163 1188 3334 1257 τροφῇ
3387 1189 3505 1257 μίαν
3539 1188 3722 1259 ἡμέραν.

2212 1273 2332 1331 Non
2358 1277 2503 1330 enim
2529 1277 2913 1349 ὑπερτίθεσθαι
2941 1294 3066 1333 cum
3102 1279 3286 1334 dativo
3311 1282 3644 1351 conjungitur.

2216 1378 2231 1391 '
2285 1366 2404 1432 Qua
2450 1367 2504 1421 in
2541 1384 2601 1423 re
2652 1366 2933 1423 Pliuianus
2979 1371 3312 1424 exercitator
3345 1372 3491 1426 valde
3521 1372 3724 1438 deceptus

2214 1467 2297 1514 est
2333 1459 2411 1528 (a)
2435 1475 2449 1524 ;
2474 1460 2568 1529 qui
2601 1460 2941 1513 Solinianam
2980 1460 3139 1515 istam
3176 1461 3492 1516 locutionem
3524 1463 3593 1517 sic
3616 1462 3726 1529 ἐξελ-

2215 1549 2442 1618 ληνίζει,
2486 1550 2659 1603 solitte
2692 1548 2946 1603 cibationi
2974 1559 3331 1617 superponunt
3364 1549 3511 1613 diem,
3542 1553 3596 1621 τῇ
3636 1567 3728 1601 aw-

2218 1640 2337 1709 ήθει
2367 1643 2541 1711 τροφῇ
2565 1640 2778 1710 ἡμέραν
2802 1639 3206 1710 ὑπερ-τιθέασιν.
3235 1642 3392 1709 Atqui
3424 1640 3727 1710 ὑπερτιθέναι,

2219 1740 2280 1785 ut
2307 1739 2362 1785 et
2393 1732 2705 1802 pra-positio
2733 1732 2895 1800 ὑπέρ,
2927 1746 3051 1784 cum
3079 1732 3265 1785 dativo
3291 1732 3521 1800 c0pulari
3553 1748 3639 1784 non
3666 1747 3729 1784 so-

2147 1791 2190 1844 B
2224 1823 2319 1875 let.
2353 1791 2537 1892 A-page
2561 1838 2691 1892 ergo
2731 1791 2923 1877 sordes
2958 1823 3094 1876 istas
3144 1791 3413 1877 sermonis
3447 1822 3727 1891 ὑπερτιθέναι

2223 1913 2347 1977 τινί,
2375 1930 2720 1983 superponere
2768 1914 2952 1967 alicui.
2992 1913 3209 1967 Diceret
3260 1914 3434 1984 potius
3477 1911 3728 1973 ἐπιτιθέναι,

2225 2007 2308 2061 vel
2334 2006 2704 2076 προστιθέναι.
2731 2004 2960 2074 Reliqua
2987 2006 3396 2059 exercitationis
3417 2005 3629 2073 ejusdem
3651 2018 3731 2054 ma-

2222 2097 2436 2165 joribus
2464 2098 2627 2151 etiam
2657 2097 2878 2164 ineptiis
2903 2097 3185 2166 implicata
3210 2106 3355 2150 sunt.
3384 2096 3439 2148 In
3464 2095 3634 2162 quibus
3651 2092 3731 2145 sin-

2225 2189 2414 2258 gulare
2448 2187 2502 2241 id
2530 2196 2636 2251 est,
2668 2188 2812 2255 quod
2843 2204 2965 2242 cum
3001 2188 3331 2243 sententiam
3371 2195 3591 2240 nostram
3617 2198 3731 2237 vexa-

2228 2294 2307 2343 re,
2357 2285 2410 2331 et
2451 2277 2757 2331 conviciari
2790 2277 2950 2331 nobis
2984 2276 3308 2339 instituerit,
3342 2274 3395 2327 in
3438 2271 3566 2326 istud
3606 2271 3732 2339 ipsum

2229 2369 2462 2423 incurrit
2497 2378 2677 2423 tamen
2730 2368 2878 2438 quod
2924 2368 3277 2437 reprehendit
3310 2387 3323 2422 :
3352 2365 3616 2437 ὑπέρθεσιν
3637 2362 3734 2415 dixi-

2230 2477 2349 2515 mus
2372 2477 2494 2515 csse
2513 2460 2846 2523 dilationem,
2873 2471 2927 2515 et
2950 2460 3303 2532 ὑπερτιθέναι
3326 2458 3528 2527 di/ferre
3542 2472 3558 2519 ;
3580 2454 3735 2508 Salma-

2230 2554 2346 2609 sius
2396 2552 2578 2606 itidem
2626 2560 2685 2606 ut
2728 2568 2831 2607 nos
2878 2554 3406 2622 superpositionem,
3465 2560 3513 2607 et
3559 2546 3733 2617 ὑπέρθε-

2230 2662 2314 2698 σιν
2360 2645 2671 2699 dilationem
2719 2660 2843 2700 esse
2893 2645 3194 2715 pertendit.
3226 2644 3396 2712 Cujus
3441 2657 3560 2712 ergo
3600 2638 3735 2692 dilatio

2230 2738 2352 2793 est?
2407 2745 2501 2791 aut
2540 2736 2670 2807 quia]
2725 2735 2943 2790 tandem
3001 2734 3210 2790 diﬂ‘erri
3257 2733 3484 2789 dicitur?
3529 2731 3662 2799 Negat
3693 2726 3735 2777 ile

2230 2829 2382 2893 cibo;
2415 2830 2483 2884 ad
2539 2829 2686 2883 diem
2736 2827 2904 2883 refert
2934 2847 2947 2882 :
2982 2826 3164 2897 Neque
3209 2829 3369 2891 enim,
3410 2827 3499 2889 ait,
3526 2819 3737 2889 ὑπερτίθε-

2233 2920 2356 2974 σθαι
2380 2921 2606 2991 τροφήν,
2636 2920 2726 2973 sed
2758 2919 3148 2992 ὑπερτίθεσθαι
3174 2920 3387 2991 ἡμέραν
3419 2917 3596 2970 dixere.
3620 2912 3737 2981 igitur

2227 3014 2420 3084 jejunii
2452 3013 2702 3069 diﬁ‘ertur
2729 3015 2871 3072 dies.
2908 3016 2978 3070 At
3011 3032 3122 3070 non
3172 3016 3440 3079 diﬂ‘ertur,
3474 3014 3557 3069 sed
3594 3021 3737 3079 repra-

538 3103 779 3155 tinorusu
824 3103 1127 3158 imitatione
1158 3102 1354 3167 Graeci,
1393 3117 1461 3157 an
1488 3101 1801 3161 Graecorum
1832 3099 2032 3165 Latini,
2055 3100 2120 3154 ad
2152 3138 2194 3197 ο
2233 3111 2481 3160 sentatur
2509 3103 2718 3173 utique,
2760 3119 2885 3160 cum
2913 3105 2969 3159 in
2999 3120 3063 3160 ea
3094 3115 3349 3161 versetur
3386 3102 3610 3175 quisquis
3636 3100 3734 3153 illam

530 3192 871 3263 jejuniorum
901 3195 1184 3265 negotium
1222 3194 1272 3249 id
1306 3194 1559 3249 vocabuli
1591 3192 2002 3258 transtulerint,
2030 3191 2126 3261 ju—

538 3303 600 3341 re
627 3288 863 3342 dubitari
897 3295 1093 3357 potest.
1129 3289 1207 3341 Ac
1254 3288 1300 3343 si
1352 3287 1526 3358 prima
1561 3286 1677 3353 illa,
1710 3302 1876 3356 quam
1909 3285 1961 3337 in
1994 3284 2129 3338 Ani-

538 3378 992 3433 madversionibus
1022 3379 1256 3448 amplexi
1305 3394 1519 3444 sumus,
1554 3377 1640 3431 vel
1669 3392 1737 3431 ex
1771 3376 1987 3431 duabus
2024 3376 2127 3430 hoc

540 3466 721 3536 capite
771 3465 992 3519 traditis
1046 3466 1198 3533 prior
1248 3467 1424 3536 magis
1466 3466 1696 3529 arridet,
1733 3475 1795 3519 ut
1831 3464 2128 3535 ὑπέρθεσις

539 3555 731 3608 dilatio
778 3557 1183 3626 prorogatioque
1218 3556 1318 3621 sit,
1367 3558 1454 3611 vel
1501 3558 1827 3611 transcensio
1873 3565 1928 3612 et
1961 3557 2130 3628 ὑπέρ-

543 3646 724 3709 δασις,
763 3645 1026 3699 credibile
1050 3654 1132 3700 est
1164 3644 1480 3699 Graecorum
1516 3645 1767 3714 exelnplo
1791 3644 2015 3700 Latinos
2041 3662 2131 3698 sa-

536 3739 951 3808 perpositionem
998 3740 1339 3793 nominasse.
1368 3737 1503 3792 Nam
1559 3739 1667 3793 isto
1722 3754 1888 3795 sensu
1929 3739 2131 3793 (iratae

545 3832 664 3886 voci
694 3845 794 3886 sua
826 3840 881 3884 et
911 3830 1097 3884 nativa
1137 3830 1445 3899 preprietas
1478 3837 1734 3895 constat;
1764 3845 1886 3899 quae
1926 3833 1980 3882 in
2023 3827 2131 3881 La-

545 3926 660 3977 tina
693 3924 877 3979 minus
906 3924 1106 3987 elucet,
1143 3931 1200 3977 ut
1224 3924 1543 3977 translatam
1570 3925 2021 3994 peregrinamque
2044 3938 2132 3978 co-

532 4029 797 4084 gnoscas.
830 4012 925 4068 Sin
950 4022 1132 4076 cst,ut
1157 4015 1647 4085 superpositionem
1676 4032 1774 4086 pro
1798 4015 2131 4085 impositione

540 4106 966 4175 injunctioneque
993 4105 1099 4159 dici
1142 4106 1315 4176 magis
1354 4107 1602 4177 placeat;
1644 4114 1758 4161 tum
1799 4123 1928 4162 vero
1968 4107 2133 4178 ὑπερ-

541 4196 750 4249 τιθέναι
779 4206 833 4250 et
854 4195 1242 4267 ὑπερτίθεσθαι
1274 4197 1452 4251 minus
1474 4198 1659 4253 Graece
1681 4207 2004 4269 conceptum
2030 4198 2132 4253 hac

540 4287 942 4357 signiﬁcatione
967 4288 1242 4342 videbitur
1270 4327 1285 4352 ,
1317 4288 1563 4359 adeoque
1588 4288 1656 4344 de
1678 4289 2000 4345 Latinorum
2028 4304 2133 4345 usu

542 4379 900 4448 exemploque
949 4395 1219 4434 manasse.
1274 4377 1331 4431 lu
1374 4379 1506 4433 Vitis
1541 4379 1935 4443 Patrum,libro
1972 4397 2025 4445 v,
2060 4380 2131 4433 li-

544 4466 688 4521 bello
741 4467 830 4534 10,
868 4484 1021 4521 num.
1052 4470 1121 4522 53
1150 4476 1205 4523 et
1230 4468 1323 4533 44,
1355 4471 1491 4523 mira
1525 4472 1773 4539 quaedam
1802 4471 1905 4525 hac
1936 4471 2021 4526 vel
2059 4471 2136 4525 si-

546 4557 661 4609 mili
715 4558 770 4610 in
824 4572 957 4612 voce
1003 4557 1312 4612 Graecitatis
1364 4559 1638 4613 ali'ectatio
1667 4570 1785 4625 est;
1830 4576 1982 4613 num.
2015 4560 2129 4615 ὅδε

546 4648 671 4701 Alia
711 4650 963 4718 cogitatio
1004 4665 1120 4701 mea
1156 4658 1255 4713 est,
1302 4658 1359 4701 ut
1397 4649 1631 4717 jejunem
1665 4649 1927 4703 biduanas
1956 4651 2136 4704 levan-

545 4740 650 4805 do;
680 4756 830 4794 num.
865 4741 933 4794 Η
970 4759 982 4794 :
1019 4739 1158 4809 Ergo
1187 4742 1398 4809 quando
1435 4757 1552 4793 eras
1588 4742 1811 4804 iuuenis,
1859 4758 1961 4794 non
1988 4742 2135 4811 jeju-

546 4832 714 4886 nabas
753 4831 1013 4886 biduanas
1058 4833 1298 4886 levando.
1347 4832 1414 4885 Et
1470 4832 1606 4884 dixit
1657 4833 1704 4885 ei
1748 4832 2136 4886 senex:Crede

545 4923 674 4973 mihi
711 4924 836 4991 quia
870 4933 917 4976 et
964 4922 1248 4977 triduanas
1283 4932 1331 4977 et
1383 4921 1790 4977 hebdomadam.
1823 4922 2020 4977 Let'are
2066 4923 2136 4976 bi-

545 5017 753 5066 duanas
815 5015 991 5079 dixit,
1060 5021 1121 5069 ut
1171 5014 1506 5085 Epiphanius
1558 5014 1789 5085 τριπλᾶς
1849 5013 2136 5087 ὑπερτίθε-

548 5106 693 5159 σθαι.
725 5105 865 5161 Puto
900 5107 1070 5162 levare
1098 5109 1184 5163 hic
1206 5124 1348 5175 esse,
1375 5108 1521 5179 quod
1550 5112 1723 5164 tertia:
1748 5109 2135 5179 signiﬁcationi

546 5197 831 5264 congruit,
889 5200 1152 5267 imponere
1207 5200 1293 5255 vel
1346 5200 1624 5255 indicere:
1662 5201 2019 5256 translatione
2068 5202 2137 5255 ab

547 5288 813 5343 oneribus
839 5289 1024 5353 ducta,
1052 5307 1173 5359 quae
1202 5300 1261 5345 ut
1293 5292 1646 5363 imponantur
1672 5294 1953 5349 allevanda
1984 5302 2131 5349 sunt.

545 5377 657 5434 Nec
686 5382 832 5435 enim
864 5382 1082 5436 videtur
1113 5384 1284 5439 levare
1318 5384 1579 5440 biduanas
1607 5402 1730 5441 esse.
1768 5386 1993 5440 t0tidem
2022 5386 2137 5440 die~

550 5485 669 5523 rum
704 5471 977 5540 jejunium
1022 5475 1146 5529 cibo
1193 5477 1426 5543 solvere,
1460 5486 1520 5531 ut
1565 5478 1929 5533 subamliatur
1970 5477 2139 5532 absti-

551 5564 779 5625 nentias,
814 5564 959 5633 quod
1016 5566 1070 5618 in
1114 5566 1454 5624 hebdomade
1481 5568 1765 5624 subaudiri
1797 5586 1901 5624 n‘on
1937 5576 2135 5641 potest.

625 5736 701 5803 (a)
742 5738 868 5807 Pag.
902 5744 1024 5796 324.

2225 3195 2441 3265 jejunio
2467 3196 2814 3251 transmittit.
2847 3196 2989 3261 Quid
3019 3196 3328 3266 jocularius
3348 3207 3449 3262 est,
3477 3210 3615 3264 quam
3637 3186 3736 3259 quod

2230 3285 2359 3341 inde
2386 3301 2735 3355 consequens
2766 3285 2847 3350 ﬁt,
2884 3302 3007 3341 cum
3054 3287 3251 3341 scribit
3298 3286 3608 3356 Epiphanius
3628 3277 3739 3335 Clui-

2230 3379 2442 3435 stianos
2472 3378 2671 3441 διπλᾶς
2699 3379 2784 3434 vel
2813 3379 3051 3450 τριπλᾶς
3078 3378 3489 3450 ὑπερτίθεσθαι,
3516 3377 3604 3430 hoc
3639 3384 3737 3433 esse,

2230 3468 2455 3522 biduum
2505 3467 2821 3524 triduumve
2871 3468 3115 3534 diﬂ‘erre,
3160 3484 3274 3524 non
3327 3468 3521 3531 cibum,
3551 3463 3629 3520 sed
3667 3462 3737 3513 hos

2231 3557 2380 3628 ipsos
2405 3561 2546 3615 duos
2580 3568 2762 3617 tresve
2787 3561 2942 3616 dies?
2972 3560 3113 3627 Quid
3142 3561 3323 3616 isthoc
3352 3561 3566 3615 obsecro
3585 3565 3736 3611 sermo-

2231 3653 2319 3706 nis
2351 3660 2435 3708 est
2469 3671 2481 3706 :
2516 3652 2628 3707 Iste
2660 3652 2801 3707 diem
2846 3670 3032 3721 unum,
3064 3654 3141 3707 vel
3175 3654 3334 3720 duos,
3359 3655 3432 3707 vel
3461 3663 3554 3706 tm
3584 3646 3738 3714 diﬂ'erl.‘

2231 3751 2328 3797 aut
2387 3743 2618 3797 duorum
2680 3745 2901 3799 triumve
2951 3744 3269 3800 dilationem
3330 3745 3673 3811 suscipit;pr0
3695 3747 3739 3787 εο

2231 3833 2377 3904 quod
2405 3844 2509 3898 est,
2548 3835 2764 3889 biduum
2789 3835 3004 3905 jejunat
3040 3847 3133 3889 aut
3180 3837 3458 3892 triduum?
3497 3832 3596 3888 Nisi
3624 3826 3740 3885 enim.

2231 3925 2379 3995 quod
2415 3927 2693 3992 volumus,
2725 3928 2985 3997 quodque
3019 3928 3274 3996 imperite
3301 3936 3455 3998 negat
3487 3918 3741 3979 Salmasius.

2233 4014 2415 4069 cibum
2462 4029 2523 4069 ac
2577 4016 2784 4086 τροφήν
2834 4016 3158 4080 subaudias,
3190 4015 3521 4071 intoleranda
3558 4006 3741 4081 quadam

2233 4106 2500 4160 orationis
2553 4107 2814 4176 spurcitia
2869 4107 3155 4161 conﬂatur.
3189 4107 3363 4174 Quam
3415 4105 3609 4175 quidem
3650 4094 3741 4148 adeo

2234 4198 2337 4252 iste
2368 4198 2652 4261 combibit,
2683 4208 2743 4253 ut
2764 4214 2827 4253 ex
2861 4213 2927 4252 eo
2955 4199 3030 4252 ita
3064 4199 3439 4261 ratiocinetur,
3472 4208 3580 4250 cum
3625 4184 3743 4252 ὑπὲρ·

2235 4287 2385 4351 θεσις
2411 4289 2747 4353 dilationem,
2779 4298 2832 4344 et
2866 4287 3221 4360 ὑπερτιθέναι
3261 4290 3470 4357 di/ferre
3498 4278 3740 4353 signiﬁcet:

2226 4379 2563 4447 jejuniorum
2609 4379 3083 4448 superpositionem
3136 4392 3247 4432 non
3284 4391 3438 4447 posse
3477 4370 3571 4426 dici
3595 4389 3605 4421 :
3631 4370 3676 4418 ut
3707 4360 3743 4456 in

2167 4480 2214 4539 ι)
2240 4472 2459 4542 vulgata
2486 4471 2806 4526 Eliberitani
2838 4470 3063 4525 concilii
3088 4469 3323 4524 lectione
3351 4466 3597 4523 habetur;
3626 4469 3678 4509 ne
3698 4456 3743 4503 sti

2238 4563 2581 4633 jejuniorum
2617 4563 2972 4635 intelligenda
2998 4563 3209 4617 dilatio.
3248 4562 3415 4632 Igitur
3442 4572 3532 4628 par
3549 4553 3669 4609 illius
3688 4544 3745 4640 in:

2237 4656 2684 4724 terpretationem
2742 4658 3016 4711 sermonis
3066 4654 3379 4709 absurditas
3423 4648 3657 4718 sequitur.
3682 4647 3743 4724 ill"

2236 4752 2291 4799 et
2335 4723 2691 4815 ὑπερτιθέναι
2741 4745 2930 4799 eodem
2986 4759 3150 4798 sensu
3200 4743 3426 4811 accipit,
3462 4745 3512 4793 et
3554 4732 3610 4787 ad
3650 4723 3745 4797 ἠμέ-

2240 4853 2339 4905 ραν
2367 4837 2639 4905 pertinere
2674 4837 2891 4891 asserit.
2922 4834 3079 4900 Quod
3127 4842 3305 4888 autem
3348 4828 3646 4900 jejuniorum
3683 4830 3743 4868 εκ·

2238 4928 2647 4995 per-positionem
2690 4934 2743 4980 et
2776 4925 3068 4996 ὑπέρθεσιν
3092 4924 3200 4979 dici
3231 4938 3338 4978 non
3372 4922 3553 4975 debere
3576 4909 3743 4983 pugn-tl.

2240 5018 2365 5087 quia
2389 5024 2708 5087 Sequeretur
2734 5018 2947 5086 jejunia
2980 5014 3211 5081 dill‘erri,
3242 5008 3656 5084 ἀγραμμάτιστον
3674 5003 3741 5049 cst.

2240 5110 2321 5161 An
2356 5123 2479 5162 cum
2511 5109 2585 5162 ita
2614 5109 2889 5178 loquimur
2922 5127 2934 5162 :
2966 5106 3305 5171 Judworum,
3335 5106 3413 5161 vel
3440 5102 3662 5172 festorum
3685 5102 3747 5187 80"

2241 5201 2468 5269 criﬁcia,
2505 5210 2600 5253 aut
2629 5200 2992 5268 expiationes,
3039 5199 3258 5255 Iudaeos
3309 5199 3450 5266 ipsos
3487 5186 3744 5246 sacriﬁcari,

2242 5302 2335 5347 aut
2359 5295 2567 5364 expiari
2610 5294 2778 5349 festos
2823 5295 2947 5349 illos
2990 5294 3108 5348 dies
3139 5285 3524 5361 intelligimus?
3551 5273 3745 5373 ieiuniu'

2241 5402 2362 5440 rum
2410 5380 2952 5457 superpositionesﬁi
2983 5379 3159 5449 οὗτος,
3190 5394 3315 5440 sunt
3343 5395 3456 5452 qua:
3497 5376 3545 5429 in
3569 5369 3744 5440 jejunus

2243 5479 2516 5531 obeuutur
2558 5478 2851 5532 dilationes
2902 5476 3045 5542 cibi;
3090 5486 3147 5530 ut
3198 5477 3241 5531 si
3287 5481 3543 5528 certorqu
3583 5460 3743 5550 dierum

2244 5570 2583 5639 cpulatioues
2638 5570 2925 5641 appellem,
2970 5584 3063 5623 eas
3115 5565 3426 5638 significem,
3456 5544 3745 5629 quaeiisdie'
