3920 6416
214 391 337 449 619

1259 391 1634 451 ADVERSUS
1667 386 2031 450 CLAUDIUM
2073 385 2495 449 SALMASlUM.

3398 383 3510 442 650

224 509 336 567 bus
379 510 552 567 aﬂixae
581 510 905 584 illigataeque
936 510 1070 579 sint,
1099 526 1211 569 non
1261 519 1322 569 ut
1358 511 1632 584 epulanda
1674 510 1813 568 festa
1840 516 1891 575 Α
1919 506 2116 580 πικρός
2152 522 2222 563 ex
2258 506 2583 578 conjectura
2628 504 2993 565 substitutum
3029 514 3173 573 erat,
3221 504 3405 562 calces
3451 506 3508 561 in

228 601 353 672 ipsa
389 601 755 671 pra'bettntur.

297 691 574 756 Quocirca
608 700 720 746 tam
755 693 807 747 in
835 691 1123 764 Epiphanii
1144 693 1269 749 loco
1296 693 1426 771 isto,
1461 700 1515 750 et
1545 693 1651 749 hac
1686 691 1814 764 Epi—

224 782 506 853 phaniana
541 800 674 840 voce
722 785 1061 842 declaranda
1105 770 1445 865 infelix'iste
1485 787 1609 850 fuit,
1645 800 1813 857 quam

222 874 282 928 in
315 875 514 941 altera,
547 876 709 946 cujus
744 879 797 932 in
834 886 1072 935 mentem
1115 881 1277 947 modo
1312 880 1481 936 venit.
1520 878 1726 935 Scribit
1759 878 1813 933 in

156 1003 173 1049 )
223 966 426 1020 hzeresi
459 966 869 1034 Dositheorum,
913 986 1034 1043 pag.
1067 971 1159 1032 50.
1192 970 1560 1042 Epiphanius,
1594 987 1690 1027 eos
1719 973 1813 1041 ὲγ-

220 1058 597 1128 κμιτεὺεσθαι
632 1060 773 1131 μετὰ
801 1061 860 1114 τὺ
902 1061 1117 1133 βιῶσαι.
1148 1062 1258 1119 Nos
1292 1062 1488 1134 βιῶσαι
1531 1066 1612 1120 sic
1643 1065 1816 1135 expli-

220 1150 518 1214 cabamus,
558 1154 633 1205 ttti
663 1153 1061 1211 subaudiretur
1090 1158 1149 1211 ὲν
1177 1156 1256 1227 τῷ
1291 1157 1475 1228 γάμῳ.
1510 1155 1817 1211 Salmasius

218 1250 422 1295 contra
471 1241 823 1299 Kerkoetium
864 1248 1115 1303 scribens
1157 1248 1454 1303 ridiculum
1489 1248 1595 1303 hoc
1628 1249 1817 1319 appel-

221 1333 300 1385 lat
328 1332 431 1404 (a),
462 1344 518 1389 et
555 1335 754 1391 υξῶσαι
796 1339 925 1410 legit
957 1357 972 1395 :
1005 1358 1129 1411 qua:
1150 1352 1234 1397 est
1264 1342 1587 1398 Casauboni
1624 1342 1817 1413 conje-

221 1437 384 1480 ctura
432 1426 486 1481 in
521 1427 820 1484 Exercitat.
855 1433 877 1485 1
914 1432 983 1486 ad
1016 1434 1249 1489 Annales
1299 1434 1543 1489 Baronii.
1593 1434 1700 1491 Sed
1749 1452 1814 1491 ea

219 1518 531 1574 falsissima
597 1530 937 1594 estzneque
996 1525 1131 1596 quid
1198 1533 1349 1581 esset
1399 1524 1596 1596 βιῶσαι
1669 1525 1815 1597 apud

220 1608 598 1680 Epiphanium
658 1615 821 1670 ambo
887 1618 1416 1674 animadverterunt.
1460 1619 1665 1676 lizeresi
1722 1621 1812 1685 59,

219 1717 383 1755 num.
413 1702 468 1767 1,
500 1720 626 1776 pag.
658 1706 789 1774 496,
828 1707 1166 1780 Epiphanius
1183 1711 1325 1766 idem
1374 1720 1568 1767 contra
1613 1713 1817 1768 Catha-

218 1808 317 1848 ros
352 1809 526 1865 agens
550 1797 646 1866 (ὁ),
678 1814 819 1869 quos
851 1800 1159 1859 Salmasius
1193 1805 1429 1859 annulos
1468 1806 1521 1860 in
1555 1807 1812 1877 pedibus,

1918 614 2020 654 nos
2049 599 2208 655 elidit
2239 613 2304 655 ac
2333 607 2589 669 proterve
2622 598 2990 656 conviciator.
3035 598 3169 655 Item
3214 600 3396 671 capite
3429 597 3511 653 De

1921 690 2184 762 lyneurio,
2221 691 2353 763 quia
2389 706 2490 767 pro
2526 690 2771 763 λιγύριον
2810 676 3152 763 ἱιϊηιςηείυο
3180 691 3510 764 λυγκούριον

1918 780 2243 834 adnotatum
2269 780 2493 849 reperit,
2524 781 2717 837 eadem
2741 780 2793 835 id
2818 779 3087 836 modestia
3120 780 3504 852 persequitur:

1918 874 2065 946 quod
2109 881 2165 930 et
2217 873 2343 929 aliis
2394 874 2583 929 itidem
2618 874 2673 929 in
2714 872 2852 929 locis
2898 873 3081 930 facere
3110 874 3307 945 pergit.
3339 873 3504 943 Atqui

1917 974 2038 1023 erat
2072 967 2242 1032 illius,
2275 966 2371 1036 qui
2405 965 2715 1036 prudentia:
2741 965 2949 1038 aliquid
2981 964 3230 1029 haberet,
3261 962 3516 1017 animad-

1918 1068 2155 1124 vertere,
2194 1074 2303 1114 non
2344 1060 2482 1115 istas
2508 1061 2578 1113 ab
2600 1058 2817 1116 editore
2846 1060 3207 1128 conjecturas
3232 1070 3361 1113 esse
3386 1069 3519 1126 pro-

1917 1153 2129 1220 fectas;
2167 1154 2261 1209 sed
2299 1162 2585 1208 auctorem
2622 1150 2795 1207 fuisse
2824 1150 3142 1207 Conradum
3177 1148 3516 1204 Gesnerum.

1918 1247 2011 1315 qui
2048 1255 2177 1301 ante
2206 1261 2385 1301 annos
2424 1245 2567 1300 duos
2611 1252 2666 1300 et
2714 1248 3002 1315 sexaginta
3045 1243 3292 1298 libellum
3338 1242 3511 1300 istum

1919 1336 2222 1407 publicavit
2271 1352 2397 1392 cum
2446 1334 2643 1390 Latina
2702 1335 3161 1406 interpretatione
3231 1348 3297 1388 ac
3355 1333 3507 1389 notis

1904 1418 2341 1501 ’marginalibus,
2368 1445 2491 1501 qua:
2518 1430 2703 1485 omnia
2737 1429 2993 1493 totidem,
3020 1436 3081 1483 ut
3107 1434 3287 1494 erant,
3320 1426 3506 1482 verbis

1921 1519 2297 1592 typographus
2326 1520 2380 1574 in
2404 1527 2649 1575 nostram
2676 1519 2980 1575 editionem
3007 1517 3308 1573 transtulit.
3338 1514 3507 1587 quue

1918 1604 2150 1683 ipsemet
2175 1614 2229 1668 in
2259 1612 2589 1669 Przefatione
2618 1614 2751 1669 tomi
2780 1613 3007 1669 secundi
3025 1612 3198 1683 (nunc
3222 1611 3392 1683 tertii)
3421 1610 3504 1666 le-

1920 1706 2061 1760 ctori
2097 1706 2426 1777 signiﬁcavi.
2463 1707 2728 1763 Consulat
2762 1707 2873 1771 ille,
2902 1706 2949 1761 si
2985 1704 3506 1778 lubet,Tigurinam

1921 1782 2220 1853 editionem
2237 1797 2466 1853 Gesneri
2490 1798 2619 1852 anni
2644 1796 2802 1853 1568.
2823 1796 2898 1852 lbi
2915 1796 3103 1851 omnia
3120 1796 3225 1852 ista
3252 1795 3508 1866 reperiet,

216 1885 454 1952 pedules
484 1894 538 1941 et
570 1888 763 1945 bracas
788 1890 842 1943 in
877 1892 1134 1947 manibus
1160 1903 1408 1963 gestasse
1438 1894 1811 1968 κριτικώτατα

1918 1905 2039 1959 qua:
2066 1898 2176 1945 tam
2211 1890 2409 1945 acerbe
2439 1890 2790 1954 criminatur,
2827 1905 2954 1944 cum
2985 1889 3077 1944 illa
3106 1888 3226 1960 ipsa
3254 1889 3512 1945 cautione

215 1977 538 2045 divinabat,
576 1979 835 2037 Ecclesiae
876 1983 1163 2039 catholicae
1202 2002 1407 2041 morem
1453 1986 1647 2051 refert,
1691 2002 1814 2058 quae

217 2071 503 2152 nemiuem
544 2074 803 2142 conjugio
844 2075 1185 2146 implicatum
1234 2079 1302 2133 ad
1351 2095 1545 2135 sacros
1585 2081 1814 2135 ordines

215 2161 489 2228 admittit,
519 2166 623 2219 nisi
657 2166 725 2220 ab
748 2183 919 2223 uxore
940 2170 1220 2226 contineat
1246 2191 1259 2226 :
1303 2171 1463 2225 Ἀλλὰ
1490 2173 1584 2227 καὶ
1612 2173 1701 2227 τὸν
1726 2173 1806 2227 ἔτι

217 2254 470 2325 βιοῦντα,
511 2257 604 2309 καὶ
632 2261 1072 2329 τεκνογονοῦντα,
1108 2265 1237 2334 μιᾶς
1274 2264 1533 2333 γυναικὸς
1564 2265 1694 2319 ὄντα
1722 2264 1814 2319 ἄνα

214 2346 344 2418 δρα,
394 2347 454 2399 οὐ
493 2348 728 2418 δέχεται,
762 2351 899 2404 ἀλλά
949 2353 1055 2407 ἀπὸ
1106 2356 1235 2425 μιᾶς
1281 2356 1810 2428 ὲγκρατευσάμενον.

217 2438 358 2504 Quis
399 2441 503 2494 hoc
540 2442 662 2496 loco
696 2441 915 2512 βιοῦντα
963 2446 1017 2499 in
1065 2446 1286 2501 υἱοῠντα
1328 2450 1647 2503 convertat?
1674 2446 1813 2504 Nam

218 2532 463 2587 subinde
512 2536 933 2603 τεκνογονοῦντα
976 2539 1234 2607 subjecit.
1289 2539 1388 2595 ilic
1440 2541 1609 2611 igitur
1659 2542 1816 2598 locus

220 2624 523 2693 utriusque
550 2625 727 2678 critici
754 2627 1033 2698 ἁστοχίαν,
1072 2630 1244 2684 nostri
1280 2646 1411 2686 vero
1443 2632 1815 2689 temeritatem

218 2716 394 2770 etiam
439 2718 640 2787 arguit.
700 2718 994 2775 Enimvero
1044 2722 1194 2790 βιοῦν
1248 2723 1579 2795 simpliciter
1627 2735 1716 2781 est
1760 2726 1817 2781 in

219 2809 569 2863 matrimonio
588 2810 772 2881 degere
827 2823 877 2868 et
911 2815 964 2867 in
996 2815 1266 2878 sa'culari,
1302 2817 1448 2888 quod
1484 2818 1659 2885 aiunt,
1686 2820 1813 2872 vita.

222 2899 301 2953 ita
331 2898 453 2970 βίον
482 2915 583 2970 pro
607 2900 712 2955 hoc
737 2903 861 2957 vita:
892 2920 1112 2973 genere,
1148 2914 1203 2961 ct
1234 2906 1489 2983 βιωτικόν
1516 2924 1617 2981 pro
1639 2926 1817 2966 smcu-

220 2992 325 3046 lari
372 3001 432 3045 et
474 2993 774 3065 conjngato
813 2986 1021 3066 passim
1067 2998 1501 3071 Chrysostmnus
1557 3013 1812 3075 usurpat.

220 3083 300 3138 Ex
350 3083 568 3139 infinita
616 3087 774 3157 capia
809 3104 955 3143 unus
991 3089 1058 3145 ad
1093 3106 1317 3146 manum
1365 3093 1600 3166 insignis
1652 3098 1815 3161 modo

1916 1983 2273 2051 operisinilio
2286 1983 2505 2053 praefixa
2524 2003 2535 2038 :
2554 1982 2891 2055 Marginibus
2907 1982 3096 2055 (verba
3110 1982 3508 2049 suntGesneri,

1916 2087 2028 2127 non
2053 2074 2267 2145 nostra)
2297 2075 2542 2145 quwdam
2575 2091 2642 2131 ea:
2669 2076 2976 2146 conjectura
3010 2076 3399 2145 ascripsimus;
3424 2076 3511 2130 id-

1915 2181 2016 2235 que
2062 2182 2359 2229 monemus,
2397 2185 2462 2223 ne
2506 2171 2625 2239 quis
2660 2168 2925 2224 diversam
2966 2169 3241 2223 lectionem
3280 2169 3511 2223 aliorum

1917 2256 2157 2310 codicum
2191 2258 2476 2313 existimet.
2511 2258 2631 2313 Non
2680 2275 2782 2316 nos
2824 2259 3031 2331 itaque,
3064 2258 3162 2313 sed
3202 2258 3508 2315 Gesnerum

1918 2347 2230 2405 maledictis
2274 2358 2493 2420 onerat,
2526 2366 2558 2408 e
2602 2351 2767 2422 cujus
2804 2352 3047 2408 editione
3091 2352 3199 2407 ista
3238 2352 3511 2409 translata

1917 2447 2069 2495 sunt.

1988 2534 2060 2587 At
2100 2534 2266 2589 etiam
2316 2534 2383 2590 de
2437 2536 2729 2608 smaragdo
2774 2535 3129 2592 Kerltoetium
3191 2536 3512 2608 perstringit

1917 2627 2116 2693 obiter,
2167 2643 2331 2698 quem
2378 2628 2454 2682 ait
2478 2627 2557 2699 (d)
2610 2629 3021 2699 conchyliatum
3062 2628 3305 2683 colorem
3346 2628 3516 2698 lapidi

1919 2721 1997 2776 illi
2033 2722 2295 2778 tribuere.
2323 2720 2438 2777 lloc
2464 2737 2594 2776 vero
2639 2723 2917 2777 calumnia
2957 2730 3064 2779 est.
3095 2720 3218 2777 Non
3244 2721 3346 2777 hoc
3376 2724 3519 2779 scri-

1919 2818 2073 2881 ptum
2100 2810 2169 2865 ab
2205 2811 2299 2865 illo
2330 2820 2416 2865 est
2450 2811 2666 2881 uspiam
2696 2830 2710 2866 :
2748 2810 2845 2867 sed
2876 2826 3035 2867 error
3058 2818 3188 2866 tuus
3215 2811 3288 2865 ab
3318 2809 3515 2865 eodem

1902 2907 2118 2969 merito
2173 2904 2581 2975 reprehensus,
2636 2903 2732 2975 qui
2784 2919 3053 2974 pavonem
3098 2919 3129 2958 a
3169 2902 3517 2959 Tertulliano

1904 2994 2063 3075 libro
2092 2994 2171 3049 De
2208 2996 2375 3066 pallio
2401 2996 2667 3066 graphice
2698 2995 2980 3066 depictam
3014 3004 3127 3049 tam
3162 2994 3398 3050 feliciter
3424 2995 3515 3049 in-

1923 3087 2321 3157 terpretabare,
2360 3095 2421 3142 ut
2453 3086 2577 3157 ejus
2619 3088 2824 3141 collum
2873 3101 3119 3158 purpura
3165 3085 3426 3153 tinctum,
3456 3094 3514 3141 et

219 3174 383 3230 locus
415 3185 502 3231 est
525 3184 677 3231 tomo
709 3177 775 3231 Vl
805 3180 1068 3237 editionis
1102 3181 1395 3240 Savilianat
1422 3185 1570 3240 hom.
1606 3184 1657 3253 7,
1686 3201 1810 3256 pag.
1839 3216 1886 3277 ε
1921 3180 2144 3251 quidem
2195 3189 2387 3236 satura
2440 3196 2504 3235 ac
2551 3196 2699 3236 mera
2741 3196 2867 3237 esse
2906 3180 3155 3248 diceres,
3196 3182 3513 3250 cujusmodi

219 3266 349 3329 80l,
393 3282 540 3324 vers.
576 3268 680 3323 ὅδε
716 3267 1518 3343 Περὶμετανοίαςκαὶεὺχῆς.
1545 3272 1636 3329 Sic
1665 3274 1811 3329 enim

1920 3270 2081 3344 Tyria
2104 3282 2275 3328 cstac
2320 3272 2582 3343 dihapha.
2630 3270 3196 3343 Rccole,sodcs,quae
3230 3274 3285 3328 in
3324 3273 3515 3329 Masti-

225 3360 473 3428 loquitur
502 3380 515 3415 :
547 3355 718 3425 Οὗτος
757 3361 814 3414 δέ
858 3379 947 3433 μοι
979 3362 1008 3413 ὁ
1033 3362 1192 3432 λόγος
1223 3364 1283 3417 οὐ
1319 3366 1456 3437 πρὸς
1487 3367 1617 3429 τοὺς
1650 3368 1708 3421 ὲν
1735 3368 1815 3440 τῷ

234 3450 330 3521 βίῳ
356 3450 779 3523 ἐξεταζομένους
809 3453 968 3522 μόνον
998 3453 1164 3519 ἐστὶν,
1200 3454 1335 3508 ἀλλὰ
1378 3456 1475 3509 καὶ
1517 3458 1653 3531 πρὸς
1688 3462 1817 3525 τοὺς

226 3543 285 3596 ἐν
312 3544 426 3606 τοῖς
452 3543 603 3613 ὄρεσι
635 3542 732 3608 τὰς
771 3544 981 3615 ἑαυτῶν
1024 3542 1265 3607 καλύϐας
1306 3546 1675 3617 πηξαμένους.
1705 3548 1816 3604 Nec

219 3635 565 3690 omittendus
603 3635 670 3689 ad
721 3636 861 3690 idem
905 3639 1184 3707 negotium
1215 3636 1448 3695 Achillis
1482 3639 1626 3696 Tatii
1657 3642 1816 3698 locus

214 3736 326 3792 est,
357 3727 450 3780 ubi
478 3727 544 3781 de
566 3727 828 3783 Canicula
861 3748 873 3783 :
901 3730 1003 3782 Τὸν
1043 3728 1197 3785 Κύνα
1229 3732 1411 3801 μέντοι
1440 3733 1646 3806 ἀστέρα
1684 3734 1816 3790 ὅντα

216 3820 279 3871 ἐν
309 3816 393 3887 τῷ
425 3816 523 3887 βίῳ
548 3817 744 3889 ἄστρον
772 3818 1021 3889 λέγομεν·
1060 3820 1330 3875 Canicqu
1365 3822 1577 3876 stellam
1605 3826 1817 3893 proprie

215 3918 439 3963 astrum
468 3910 736 3975 nominari
764 3913 839 3964 ait
870 3913 921 3965 in
949 3912 1079 3977 vita,
1112 3912 1217 3967 hoc
1240 3922 1328 3968 est
1376 3916 1539 3986 vulgo
1560 3926 1614 3970 et
1641 3933 1816 3987 pupu-

216 4001 441 4054 iariter.
486 3998 543 4054 In
584 4001 710 4056 aliis
751 4000 1076 4072 fragmentis
1110 4018 1254 4074 qua},
1301 4012 1456 4074 puto,
1502 4015 1631 4061 sunt
1664 4008 1816 4076 ejus-

215 4094 350 4148 dem
387 4089 530 4145 Tatii
563 4112 575 4147 :
618 4094 777 4147 Ἀλλὰ
810 4094 915 4166 μὴν
942 4096 1035 4149 καὶ
1062 4098 1119 4149 ἐν
1148 4097 1226 4167 τῷ
1255 4096 1355 4168 βίῳ
1382 4100 1563 4170 φαμὲν
1594 4100 1685 4154 τὸν
1715 4101 1815 4156 Δία

216 4183 341 4237 ὕειν
364 4199 378 4212 ⁸
411 4184 688 4241 Communi
718 4188 857 4241 inter
884 4187 1119 4243 homines
1150 4206 1248 4244 usu
1280 4190 1527 4261 loquendi
1560 4192 1811 4263 dicimus,

212 4278 409 4347 pluere
441 4275 647 4332 Jovem.

836 4418 1073 4475 CAPUT
1117 4421 1199 4475 Vl.

215 4526 487 4613 Salpt‘asii
509 4528 689 4598 iniqua
720 4529 1031 4613 obtrectatio
1059 4530 1379 4613 discutitur;
1410 4534 1808 4613 ejusdem_rttttl-
1843 4558 1889 4613 ι)

298 4598 504 4665 tiplices
550 4616 777 4674 errores.
822 4602 906 4674 De
946 4605 1163 4670 pavonis
1211 4605 1371 4667 collo,
1421 4598 1692 4674 conchylio
1748 4624 1811 4662 ac

291 4684 552 4746 purpura.
605 4671 749 4746 Quid
782 4673 885 4746 sint
921 4674 1220 4746 (Alataclita;
1257 4692 1476 4746 eamque
1508 4671 1683 4731 vocem
1713 4678 1812 4731 ad-

281 4742 474 4808 jectire
506 4746 665 4795 sumi.
712 4742 852 4808 Quid
900 4744 969 4797 sit
1002 4744 1156 4808 πίνος
1189 4746 1243 4798 in
1276 4742 1537 4813 oratione,
1566 4749 1814 4803 declara-

296 4822 409 4863 tur.

294 4922 368 4978 Ut
416 4938 483 4979 ne
522 4924 795 4993 judicium
844 4927 1111 4984 duntaxat
1154 4938 1210 4986 et
1255 4933 1660 5002 eruditionem,
1713 4935 1811 4992 sed

218 5016 516 5071 candorem
549 5020 714 5071 etiam
746 5029 800 5074 et
828 5020 1151 5077 civilitatem
1193 5025 1560 5083 Salmasianis
1598 5043 1629 5082 a
1669 5030 1813 5085 scri-

227 5106 334 5174 ptis
357 5105 551 5169 abcsse
570 5110 801 5175 sentias,
827 5122 976 5165 certa
1001 5112 1104 5167 hoc
1124 5114 1178 5167 in
1199 5117 1380 5184 capite
1403 5118 1579 5172 morbi
1603 5120 1814 5175 utrius-

232 5212 335 5267 que
361 5210 683 5269 argumenta
719 5203 999 5273 colligam.
1037 5204 1478 5276 Epiphanianam
1510 5210 1809 5267 editionem

219 5298 470 5342 nostram
508 5294 716 5362 aliquot
752 5294 891 5348 locis
922 5297 1144 5350 vellicat
1174 5298 1245 5370 (c)
1286 5300 1338 5353 in
1382 5301 1521 5356 libro
1563 5302 1637 5357 De
1666 5319 1811 5373 gem-

218 5381 347 5443 mis,
387 5388 443 5432 ut
482 5381 536 5434 in
568 5384 744 5454 capite
795 5384 867 5438 De
896 5388 1205 5458 smaragdo.
1241 5388 1316 5445 lbi
1344 5392 1473 5463 quia
1501 5394 1809 5452 variantcm

212 5470 277 5525 in
308 5473 560 5542 margine
595 5473 889 5531 lectionem
933 5477 1182 5546 oﬂ'cndit,
1232 5481 1286 5537 in
1326 5499 1434 5556 qua
1477 5487 1674 5559 μικρός
1707 5503 1811 5559 pro

313 5680 369 5760 ὁ)
404 5680 558 5760 nsum.
592 5700 669 5749 Ix,
694 5704 814 5760 pag.
834 5680 923 5745 63.

311 5751 363 5828 ε)
402 5751 637 5828 §al_tnas.
663 5751 911 5828 pagt‘209
948 5764 1007 5819 Β.

311 5816 371 5876 dl
405 5816 796 5896 Salmasfpa'g.
836 5832 961 5890 195.

180 5930 215 5941 κ
466 5916 743 5981 Pn‘BOL.
778 5924 893 5986 Gn.
940 5928 1164 5997 XLIII.

287 5610 369 5753 ἔτι)
411 5610 470 5665 1η
501 5612 909 5683 Confulatione,
940 5638 994 5692 p.
1027 5624 1117 5680 50.

313 5680 369 5753 ὁ)
409 5680 558 5753 §ect.
592 5700 669 5749 Ix,
694 5704 814 5753 pag.
834 5690 923 5745 65.

1917 3362 2163 3433 gOphoro
2196 3362 2363 3418 tertio
2396 3365 2495 3419 tibi
2539 3363 2870 3421 Kerkoetius
2908 3365 3157 3435 reposuit
3179 3363 3286 3435 (e);
3318 3373 3513 3420 contra

1917 3472 2080 3528 quem
2124 3464 2464 3527 postremum
2504 3458 2703 3511 librum
2732 3458 2872 3512 nihil
2906 3459 3178 3515 hactenus
3208 3459 3423 3516 hiscere
3449 3476 3512 3516 cs

1918 3564 2108 3604 ausus.
2136 3549 2211 3603 Ex
2241 3565 2307 3605 eo
2332 3564 2635 3621 cognosces
2658 3566 2823 3622 quam
2848 3551 3077 3608 sinistre
3106 3550 3508 3607 Tertullianum

1918 3643 2205 3714 acceperis
2242 3643 2293 3697 in
2324 3643 2481 3699 Notis
2528 3644 2601 3698 ad
2643 3645 2766 3715 ejus
2814 3644 3075 3711 Pallium,
3124 3654 3180 3701 et
3219 3647 3336 3702 haec
3368 3648 3515 3702 illius

1910 3737 2085 3799 verba
2116 3756 2129 3791 :
2170 3737 2491 3809 Quanquam
2525 3748 2575 3793 et
2613 3754 2748 3807 paro
2776 3739 2962 3809 pluma
3001 3741 3181 3807 vestis,
3216 3750 3265 3795 et
3298 3741 3508 3810 quidem

1916 3830 1982 3884 de
2010 3830 2278 3885 cataclitis
2320 3848 2337 3885 :
2382 3833 2488 3886 imo
2536 3834 2684 3886 omni
2726 3833 3003 3903 conchylio
3045 3834 3365 3902 depressior,
3404 3851 3511 3905 qua

1917 3925 2057 3977 colla
2094 3924 2327 3992 ﬂorent:
2364 3934 2415 3978 et
2453 3927 2598 3978 omni
2620 3926 2833 3995 patagio
2864 3927 3187 3988 inauratior,
3228 3943 3335 3995 qua
3363 3936 3511 3995 terga

1917 4016 2141 4086 fulgent.
2174 4017 2307 4084 Quae
2354 4026 2411 4071 tu
2451 4018 2533 4072 sic
2582 4019 2635 4071 in
2684 4020 2833 4075 notis
2880 4036 2934 4090 p.
2975 4020 3079 4074 156
3119 4022 3385 4091 explicas,
3428 4023 3505 4075 uti

1904 4108 2060 4179 collo
2093 4109 2215 4177 pavi
2249 4124 2460 4163 merum
2499 4125 2762 4179 purpura:
2785 4111 3025 4166 colorem
3053 4127 3117 4173 ac
3151 4113 3335 4167 lumen
3368 4118 3509 4169 assi-

1917 4218 2070 4271 gnes.
2101 4200 2278 4256 Verba
2307 4210 2399 4255 tua
2430 4211 2562 4257 sunt
2598 4202 2665 4271 (Γ)
2697 4221 2711 4257 :
2740 4202 3089 4274 Cunchylium
3118 4203 3215 4259 hoc
3242 4204 3357 4259 loco
3388 4222 3508 4259 ma-

1915 4297 1998 4366 gis
2030 4304 2129 4357 est,
2176 4306 2233 4348 ut
2274 4295 2343 4348 sit
2389 4294 2664 4366 conchylia
2694 4298 2799 4350 sive
2826 4280 3166 4367 conchyliata
3206 4299 3384 4360 vestis,
3431 4298 3508 4351 vel

1917 4390 2289 4460 conchyliatus
2316 4391 2484 4452 color,
2523 4406 2677 4459 quem
2709 4407 2741 4442 a
2769 4405 3008 4457 purpura
3036 4405 3237 4457 seniper
3260 4400 3507 4465 auctores

1916 4484 2228 4537 distinxere.
2268 4484 2409 4536 Nam
2440 4484 2775 4554 conchylium
2809 4485 3003 4539 coloris
3038 4501 3199 4555 genus
3230 4496 3305 4541 est
3340 4485 3508 4539 multo

1919 4574 2176 4643 pallidius
2209 4574 2535 4645 dilutiusque
2565 4591 2823 4645 purpura.
2864 4576 2931 4630 Ut
2965 4578 3160 4631 mirum
3204 4594 3306 4631 non
3346 4579 3416 4631 sit
3462 4579 3510 4632 si

1912 4669 2053 4722 colla
2101 4686 2385 4738 pavonum,
2417 4688 2534 4739 qua:
2578 4688 2722 4727 mero
2767 4688 3018 4742 purpura:
3057 4672 3255 4728 lumine
3293 4675 3504 4743 ﬂorent,

1916 4760 2062 4813 omni
2103 4760 2381 4829 conchylio
2413 4765 2678 4833 vegetiora
2720 4764 2914 4820 dixerit
2954 4763 2998 4818 Τ
3000 4766 3359 4828 ertullianus;
3388 4781 3507 4817 cum

1916 4851 2193 4923 conchylia
2223 4855 2405 4908 omnia
2438 4856 2780 4910 saturitatem
2807 4856 2961 4910 illam
2997 4858 3150 4925 ﬂoris
3190 4874 3254 4910 ac
3288 4856 3506 4911 luminis

1916 4961 2022 4999 non
2049 4944 2298 5007 habeant,
2330 4963 2491 5017 quam
2539 4947 2695 5002 habet
2744 4964 3001 5019 purpura.
3056 4949 3228 5018 igitur
3268 4948 3322 5002 in
3363 4949 3507 5005 collo

1916 5040 2148 5109 pavonis
2185 5040 2367 5095 inesse
2404 5041 2581 5097 sentis
2616 5055 2727 5096 non
2758 5039 3193 5112 conchyliatum,
3242 5040 3347 5096 hoc
3396 5049 3503 5105 est,

1915 5130 2151 5186 dilutum
2189 5145 2253 5185 ac
2282 5131 2623 5202 pallidiorem
2648 5132 2912 5196 colorem,
2945 5132 3041 5189 sed
3069 5148 3405 5205 purpureum
3436 5149 3503 5189 ex

1914 5224 2007 5279 illa
2044 5240 2193 5280 mera
2226 5233 2281 5280 et
2314 5232 2504 5280 satura
2544 5242 2809 5297 purpura.
2840 5224 2955 5282 ltno
2984 5242 3116 5282 vero
3150 5227 3296 5283 hanc
3325 5227 3500 5297 ipsam

1915 5334 2216 5388 purpuram
2248 5319 2472 5389 Tyriam
2512 5336 2638 5376 esse
2671 5336 2735 5374 ac
2765 5319 3061 5390 dibapltam
3105 5320 3237 5375 alibi
3268 5318 3502 5374 demon-

1916 5417 2063 5465 stras
2084 5410 2227 5481 (pag.
2253 5411 2374 5469 i26.
2401 5412 2525 5483 127)
2545 5412 2642 5482 (g),
2678 5428 2802 5468 cum
2822 5411 3012 5468 llorem
3035 5412 3189 5469 illum
3207 5411 3505 5483 conchylio

1915 5503 2254 5573 pressiorcin
2284 5504 2341 5558 in
2366 5504 2509 5560 collo
2538 5505 2771 5576 pavonis
2793 5506 3143 5564 concolorcm
3165 5521 3289 5564 esse
3308 5506 3502 5579 dispu-

1987 5642 2058 5716 (ε)
2086 5642 2219 5716 Pes.
2255 5645 2322 5698 ’⁷2
2352 5661 2470 5716 sqq-

2096 5714 2239 5787 l_'3t_lit.
2274 5714 2585 5772 novissima:
2614 5734 2666 5787 p.
2698 5720 2821 5774 184.

1990 5784 2065 5855 (g)
2096 5784 2236 5840 Edit.
2276 5788 2587 5843 novissimae
2699 5790 2823 5845 175.
