3920 6412
474 399 569 454 (iiii

1850 403 2029 462 DION.
2074 403 2418 461 rmavms
2471 396 2498 407 ”
3615 399 3694 455 ea:

474 525 561 572 tas
609 516 964 587 Bahylonicis
1008 519 1256 574 vesribus
1299 519 1701 576 trieliniarihus
1733 531 1826 577 aut
1855 525 2077 579 accubi-
2109 534 2149 586 Α
2185 507 2348 578 modo
2380 534 2582 577 vexare
2631 521 2836 577 studet.
2887 516 3187 574 Verissima
3235 515 3420 571 scribit
3457 519 3581 579 es‘se,
3605 532 3695 585 qua

475 611 705 673 talibus,
752 627 892 682 quas
943 611 1220 683 dibaphas
1269 613 1470 685 Tyrias
1521 632 1643 671 esse
1688 617 1966 689 significas
2006 635 2070 674 ex

473 703 736 756 Cornelio
767 702 976 774 Nepote
1001 704 1145 775 apud
1179 705 1420 760 Plinium
1450 708 1544 761 lib.
1570 723 1649 773 ix,
1682 725 1803 780 cap.
1836 711 1926 766 39.
1956 712 2073 779 Qua

478 795 531 846 in
566 796 1032 865 interpretatione
1076 797 1275 868 duplex
1322 808 1406 853 est
1457 809 1673 869 stupor.
1716 801 1984 869 Primum,
2027 807 2073 860 si

478 885 604 939 ideo
632 885 1011 942 Tertullianus
1046 890 1247 943 collum
1287 893 1515 961 pavonis
1549 894 1797 963 quolibet
1829 898 2074 968 conchy-

479 976 554 1029 lio
587 979 837 1048 veg~~tius
867 994 989 1035 esse
1010 981 1168 1046 dicit,
1199 983 1327 1053 quia
1360 999 1664 1055 purpuram
1691 1004 1923 1051 meram,
1955 1005 2076 1058 qurc

482 1069 674 1140 utique
711 1072 1003 1143 conchylio
1039 1076 1286 1146 vegetior
1319 1090 1423 1142 est,
1461 1078 1566 1132 hoc
1599 1079 1807 1134 lumine
1838 1083 2077 1137 antecel-

481 1162 590 1219 lit:
637 1164 866 1232 pcrinde
916 1165 1067 1218 illum
1113 1167 1432 1236 loquentem
1474 1159 1726 1235 facis,'ac
1762 1171 1806 1226 si
1847 1172 2074 1234 diceret,

480 1251 744 1306 Helenam
801 1256 924 1310 nive
977 1271 1101 1312 esse
1157 1257 1558 1324 eandidiorcm,
1618 1263 1729 1317 imo
1791 1273 1946 1320 creta
1994 1267 2076 1321 vel

477 1361 669 1415 gypso.
705 1346 848 1411 Quid
878 1349 1022 1402 enim
1045 1348 1244 1403 mirum
1265 1358 1369 1411 cst,
1398 1352 1544 1422 quod
1572 1354 1642 1409 sit
1661 1371 1905 1426 purpura
1929 1373 2078 1411 mera

480 1445 780 1506 saturaque
824 1439 1141 1501 micantius,
1193 1441 1244 1494 id
1277 1444 1440 1498 etiam
1471 1448 1781 1518 conchylio,
1811 1452 1955 1520 quod
1986 1467 2082 1520 per

478 1543 540 1583 se
583 1529 814 1584 dilutius
879 1539 932 1585 et
979 1533 1235 1608 pallidius
1283 1544 1388 1599 est,
1436 1554 1557 1594 esse
1603 1541 1887 1611 vegetius‘!
1943 1542 2078 1598 Nam

477 1621 751 1689 particula
782 1623 886 1674 imo
912 1637 1110 1692 augere
1139 1640 1248 1682 rem
1279 1627 1462 1693 debet,
1497 1640 1550 1684 et
1577 1634 1756 1701 majus
1786 1634 1993 1704 aliquid
2026 1636 2081 1690 in

477 1711 672 1765 eodem
706 1727 906 1782 genere
950 1714 1442 1785 vehementiusque
1495 1721 1789 1788 subjicere.
1836 1729 1903 1777 At
1951 1741 2082 1779 con-

477 1804 666 1874 chylio
685 1818 884 1874 genere
910 1805 1028 1874 ipso
1061 1810 1220 1877 longe
1252 1825 1494 1879 purpura
1528 1813 1765 1869 vividior
1781 1826 1883 1882 est,
1919 1819 2082 1873 adco-

2182 617 2398 685 pzimus
2443 614 2510 669 de
2560 613 2811 668 vocabuli
2870 612 3028 665 πίνου
3077 607 3462 679 significatione
3508 609 3695 676 aperuit,

2179 709 2446 780 quidquid
2471 713 2666 762 contra
2698 706 2996 760 blatterent
3019 703 3131 756 alii.
3159 702 3269 770 Age
3299 714 3440 770 ergo,
3473 701 3698 754 rideamus

2179 798 2647 874 quemadmodum
2679 812 2918 868 purgare
2955 797 3045 848 illa
3089 794 3281 864 possit,
3317 807 3429 861 qua:
3457 805 3599 859 super
3622 791 3700 845 ista

2181 912 2310 950 voce
2328 892 2652 948 Kcrkoetius
2679 890 2728 945 ei
2749 889 2941 958 objicit
2964 889 3015 941 in
3031 887 3074 940 Μ
3087 886 3423 956 astigopboro
3435 885 3465 938 ὅ
3488 883 3548 951 (c)
3573 903 3583 936 :
3607 898 3700 935 nam

2182 987 2486 1042 Salmasius
2523 987 2575 1040 in
2624 983 3018 1038 Confutatione
3088 978 3439 1033 Animadverti.
3478 976 3701 1030 lierkoetii

2182 1089 2390 1142 censet,
2415 1079 2485 1133 ab
2509 1073 2985 1130 llalicarnasscnsi
3012 1072 3270 1143 Dionysio
3302 1072 3445 1123 πίνον
3473 1071 3701 1141 ἀρχαϊκόν,

2183 1170 2300 1224 sive
2358 1169 2547 1239 χνοῦν,
2606 1167 2808 1236 opponi
2867 1180 3094 1219 suorum
3135 1173 3434 1232 temporum
3478 1161 3706 1215 rhetorice

2183 1261 2438 1315 imbecilli
2503 1270 2557 1315 et
2605 1261 2816 1312 viribus
2855 1257 3084 1311 carenti.
3129 1253 3301 1315 Hanc,
3347 1253 3529 1322 inquit,
3558 1250 3706 1303 distin-

2184 1355 2294 1424 guit
2331 1353 2396 1406 ab
2427 1352 2520 1406 illo
2553 1353 2693 1422 πίνῳ
2726 1349 3002 1402 rhetor-ictu
3041 1347 3294 1416 antiqua',
3327 1361 3435 1412 qua?
3463 1343 3600 1412 fortis
3623 1353 3708 1396 erat

2184 1456 2230 1499 et
2266 1445 2506 1499 mascula
2566 1444 2892 1511 multumque
2924 1440 3030 1492 arti
3057 1448 3105 1492 et
3141 1437 3497 1492 exercitationi
3521 1434 3707 1494 debebat,

2184 1554 2301 1591 cum
2339 1537 2432 1590 illa
2471 1548 2683 1590 econtra
2721 1551 2895 1589 recens
2936 1530 3148 1585 dicendi
3198 1530 3355 1593 ratio,
3384 1545 3490 1597 qua:
3519 1527 3709 1596 Dionysii

2188 1631 2509 1702 temporibus
2559 1630 2782 1700 vigebat,
2829 1627 2979 1680 nulla
3041 1635 3155 1678 arte
3198 1632 3473 1684 constaret,
3508 1620 3586 1674 sed
3629 1623 3711 1674 solo

2187 1727 2380 1796 impetu
2404 1742 2423 1791 ;
2445 1741 2509 1779 ea:
2546 1723 2934 1790 temporalitate
2964 1720 3150 1788 quippe
3181 1729 3300 1770 tunc
3327 1715 3588 1784 plurimum
3613 1729 3712 1782 gan-

2179 1819 2380 1872 debant
2413 1816 2742 1885 :[undebant
2786 1814 2986 1878 itaque,
3030 1827 3134 1863 non
3176 1807 3448 1870 dicebant;
3486 1803 3712 1876 ἐμοῦντες.

479 1911 611 1967 que,
643 1899 788 1966 quod
822 1913 885 1955 ea
924 1910 1084 1968 putas
1121 1903 1386 1956 infectum
1414 1919 1556 1968 esse,
1590 1909 1790 1962 collum
1832 1911 2079 1980 pavonis.
2118 1889 2160 1943 Β
2194 1912 2294 1965 οὐκ
2322 1908 2699 1981 ἀκριϐοῦντες.
2724 1905 2837 1958 Hoc
2878 1919 3003 1958 cum
3042 1901 3308 1962 scriberet
3339 1897 3712 1957 Salmasius.ne-

484 1987 580 2046 Est
621 1991 789 2061 igitur
826 1993 1169 2063 ineptissima
1216 1998 1319 2053 ista
1360 1999 1648 2054 collectio:
1689 2003 1915 2070 perinde
1943 2020 2006 2058 ac
2038 2006 2082 2058 si

483 2085 607 2153 quis
650 2092 863 2154 poetam
915 2090 1230 2158 quempiam
1297 2091 1526 2151 laudans
1581 2104 1812 2158 asserat,
1861 2095 2086 2166 Virgilio

482 2178 916 2245 prmstautiorcm
965 2195 1121 2246 esse,
1167 2183 1275 2238 imo
1311 2183 1554 2238 Lucano.
1611 2183 1885 2253 Secundo,
1937 2188 2084 2257 quod

479 2273 712 2343 pavonis
742 2274 945 2327 collum
980 2275 1066 2328 vel
1116 2291 1264 2330 mera
1317 2284 1619 2347 saturaque
1671 2293 1942 2349 purpura,
1996 2282 2077 2335 vel

479 2360 672 2420 eadem
703 2361 864 2435 Tyria
895 2377 958 2419 ac
981 2365 1221 2435 dibapha
1253 2367 1494 2422 tinctum-
1514 2383 1637 2424 csse
1659 2370 1767 2431 vis,
1801 2371 2087 2439 pueriliter

485 2455 733 2510 aberras.
756 2455 892 2521 Quis
919 2471 1183 2525 pavonem
1214 2459 1352 2512 vidit
1377 2475 1621 2528 unquam
1650 2477 1774 2514 cum
1813 2477 2086 2532 purpureo

477 2548 629 2604 ‘eollo
662 2555 717 2601 et
750 2549 966 2603 coccini
1019 2550 1200 2603 instar
1238 2551 1502 2606 rubi-nte?
1537 2555 1965 2623 Concityliatum
2004 2565 2088 2608 est

488 2638 720 2706 pavonis
747 2640 972 2702 collum,
1009 2655 1072 2695 ac
1104 2641 1269 2695 simul
1308 2643 1471 2696 viridi
1513 2651 1567 2697 et
1609 2644 1964 2713 smaragdino
1995 2660 2085 2699 co-

489 2728 606 2782 lore
657 2736 1044 2798 temperatum,
1099 2742 1157 2786 ut
1208 2741 1272 2787 ex
1327 2733 1557 2789 Phredro
1605 2741 1659 2789 et
1706 2733 1860 2791 Phile
1899 2737 2089 2791 docuit

480 2817 940 2889 Mastigophoru‘s
967 2821 1076 2876 ille.
1120 2822 1233 2876 ltllO
1267 2824 1359 2894 qui
1403 2825 1593 2879 oculos
1618 2834 1692 2887 et,
1724 2841 1834 2894 quo
1868 2827 1935 2881 iis
1967 2838 2088 2881 uta-

488 2919 601 2975 tur,
635 2928 983 2968 communem
1022 2927 1246 2970 sensum
1282 2917 1470 2983 habet,
1507 2917 1580 2971 ita
1615 2902 1909 2988 iudicabit.
1941 2917 2092 2986 Quo-

483 3007 636 3060 circa
669 3021 778 3061 non
803 3009 1218 3079 smaragdinum
1249 3013 1490 3066 colorem
1515 3013 1922 3083 conchyliatum
1955 3013 2093 3068 dixit

483 3112 614 3155 csse
649 3098 1001 3165 Kerkoetius,
1042 3112 1102 3157 ut
1139 3105 1362 3174 nugaris
1388 3147 1402 3169 ,
1436 3105 1530 3159 sed
1573 3120 1706 3158 cum.
1735 3104 2091 3176 smaragditto

2190 2019 2294 2074 que
2311 2001 2640 2071 intelligrbat
2663 1997 2911 2067 proiecto
2929 1994 3060 2065 quid
3081 1994 3368 2055 scriberet,
3389 2000 3436 2046 et
3454 1987 3713 2071 Dionysium

2190 2096 2734 2149 llalicarnasmrnsem
2799 2087 2965 2142 nimis
2989 2087 3188 2156 raptim
3223 2086 3442 2155 legerat.
3460 2080 3587 2135 Nihil
3609 2078 3714 2133 enim

2189 2190 2364 2260 magis
2389 2195 2582 2242 contra
2612 2182 2898 2252 scriptoris
2927 2181 3077 2236 illius
3107 2191 3345 2234 mentem
3375 2176 3543 2232 aﬂerri
3566 2172 3715 2244 potuit.

2189 2300 2352 2356 quam
2393 2283 2538 2354 quod
2578 2282 2673 2335 illo
2709 2281 2888 2351 capite
2914 2277 3200 2333 disseruit.
3243 2274 3452 2345 Quippe
3486 2269 3717 2340 Dionysius

2177 2377 2461 2449 triplicem
2493 2375 2708 2429 dicendi
2757 2374 3133 2428 characterem
3173 2369 3371 2425 statuit
3403 2386 3416 2421 ι
3461 2365 3640 2436 primus
3660 2368 3716 2414 est

2191 2469 2490 2540 αὐστηρός,
2515 2477 2782 2526 austeras.
2807 2474 2854 2518 cl
2885 2464 3199 2523 archaicus,
3222 2461 3315 2532 qui
3342 2469 3392 2515 ct
3411 2458 3582 2514 scaber
3600 2462 3718 2522 atque

2193 2565 2479 2634 impolitus
2507 2570 2590 2616 est
2617 2579 2630 2615 :
2669 2561 2832 2628 cujus
2874 2557 3130 2628 proprius
3157 2563 3245 2608 est
3277 2554 3454 2616 πίνος,
3483 2552 3584 2606 sive
3603 2544 3718 2618 χνοῦς

2177 2647 2290 2723 ¹τῆς
2325 2650 2710 2722 ἀρχαιότητος,
2767 2647 3106 2717 antiquitatis
3156 2645 3252 2699 ille
3291 2645 3467 2707 situs;
3505 2634 3719 2696 secundus

2193 2753 2277 2799 est
2305 2741 2638 2812 γλαφυρδςῆ
2668 2739 2932 2813 ἀνθηρός.
2968 2737 3174 2808 politus
3213 2745 3272 2792 et
3312 2743 3570 2804 comptus,
3596 2744 3619 2782 a
3645 2740 3720 2797 quo

2196 2835 2353 2898 πίνος
2389 2825 2681 2899 abhorret;
2713 2831 2912 2887 tertius
2943 2829 3145 2894 κοινός,
3171 2827 3269 2897 qui
3309 2826 3574 2880 amborum
3607 2819 3721 2874 dotes

2172 2926 2252 2984 ,in
2287 2941 2348 2981 se
2375 2926 2644 2980 continet.
2672 2923 2750 2978 Ad
2784 2923 3022 2994 primum
3049 2935 3229 2990 genus
3263 2918 3572 2991 pertinente
3593 2908 3723 2982 poetis

2195 3015 2494 3083 Pindarus,
2533 3015 2833 3088 Eschylus
2859 3032 2874 3082 ;
2903 3029 2967 3069 ex
3001 3013 3295 3068 historicis
3323 3006 3648 3080 Thucydides.
3668 2999 3720 3054 Ad

2195 3111 2500 3167 secundum
2527 3108 2825 3168 Hesiodus.
2855 3107 3098 3178 Sappho,
3123 3107 3434 3166 Anacreon,
3457 3093 3722 3155 Simonides.

492 3194 672 3250 virore
703 3195 928 3252 mistum
955 3212 1079 3252 esse
1104 3198 1513 3269 conchyliatum
1541 3218 1552 3252 :
1581 3199 1724 3270 quod
1749 3199 2084 3269 scriptorum
2115 3195 2157 3256 C
2193 3201 2482 3275 Euripides
2501 3217 2565 3256 ex
2594 3202 2804 3272 poetis;
2839 3215 2902 3254 ex
2925 3197 3205 3254 historicis
3235 3195 3484 3266 Ephorus
3512 3205 3570 3245 ac
3596 3186 3722 3241 Theo-

491 3287 801 3344 auctoritas
832 3301 898 3343 ac
926 3305 1127 3346 sensus
1160 3290 1277 3361 ipse
1308 3289 1595 3346 discernit.

563 3377 620 3432 In
651 3380 844 3435 eodem
878 3379 1204 3438 Tertulliani
1247 3384 1367 3437 loco
1403 3384 1550 3437 aliud
1587 3391 1672 3438 est
1721 3381 2088 3438 Salmasiana:

491 3473 821 3528 temeritatis
858 3473 1150 3542 vestigium
1187 3471 1284 3542 (α).
1320 3471 1592 3527 Catactila
1624 3481 1788 3542 negat
1821 3472 1888 3527 de
1926 3488 2089 3527 accu-

493 3565 714 3621 bitoriis
743 3565 996 3620 vestibus
1039 3565 1320 3635 usurpari,
1345 3572 1398 3620 et
1423 3566 1514 3634 qui
1543 3565 1624 3620 sic
1658 3567 2091 3636 interpretentur

493 3671 749 3728 magnam
787 3670 900 3728 pm
939 3671 997 3711 se
1035 3643 1179 3712 ferre
1221 3657 1296 3711 ait
1331 3657 1506 3712 Graeci
1548 3657 1822 3711 sermonis
1870 3656 2093 3727 imperi-

493 3751 629 3804 tiam
659 3766 674 3804 :
708 3749 913 3820 quippe
947 3748 1085 3802 nihil
1117 3748 1267 3804 aliud
1301 3764 1425 3805 esse
1449 3747 1752 3802 κατάκλιτα
1781 3747 1890 3802 nisi
1924 3759 2091 3802 accu-

495 3841 635 3910 bita,
673 3842 790 3898 sive
837 3853 989 3897 toros
1032 3840 1207 3912 ipsos,
1244 3842 1584 3912 minimeque
1625 3849 1826 3901 vestes,
1859 3855 1981 3910 quae
2027 3840 2094 3895 iis

497 3933 733 3990 insterni
773 3933 972 3990 solent.
1008 3930 1116 3988 Sed
1151 3932 1205 3988 id
1239 3948 1365 3989 esse
1395 3931 1594 3989 falsum
1631 3948 1697 3987 cx
1730 3929 1870 3984 LXX
1921 3930 2096 3984 luter-

494 4037 713 4100 pretum
741 4027 928 4083 Graeca
955 4027 1209 4094 lectione,
1234 4035 1288 4083 et
1317 4025 1376 4081 S.
1400 4026 1586 4082 Basilii
1611 4026 1941 4080 auctoritate
1971 4039 2097 4080 con-

498 4134 626 4179 stat.
666 4122 823 4178 Isaite
855 4137 937 4185 tu,
984 4121 1078 4187 23,
1121 4119 1386 4192 Θέριστρα
1438 4119 1740 4173 κατᾱκλιτα
1793 4119 2094 4183 dicuntur;

499 4217 594 4271 ubi
622 4215 928 4270 κατάκλιτα
976 4215 1248 4286 adjective
1277 4213 1419 4269 sumi
1469 4227 1699 4269 necesse
1748 4224 1853 4276 est,
1887 4220 2099 4268 etsunt

499 4307 866 4364 accubitoria.
917 4305 998 4361 Ita
1045 4307 1282 4362 Basilius
1317 4306 1565 4376 exponit,
1608 4305 1701 4375 qui
1746 4305 1891 4360 haud
1936 4305 2098 4376 paulo

501 4399 692 4454 Greece
718 4399 950 4469 peritior
970 4397 1072 4454 fuit
1103 4413 1267 4468 quam
1299 4395 1628 4452 Salmasius.
1656 4397 1977 4451 Κατάκλιτα
2003 4396 2099 4451 νῦν

503 4490 656 4560 λέγει
681 4489 750 4543 τὰ
778 4492 837 4544 ὲν
867 4489 947 4560 τῷ
989 4487 1413 4544 κατακλίνεσθαι
1443 4489 1510 4542 δι’
1540 4487 1849 4560 ὑπερδολὴν
1887 4490 2100 4560 τρυφῆς

505 4585 624 4646 ταῖς
651 4582 860 4647 κλίναις
899 4582 1300 4652 ἐπιϐαλλόμενοι
1324 4598 1340 4612 ο
1396 4582 1653 4635 cataclitu
1692 4592 1864 4645 uocat,
1902 4599 2019 4652 qua:
2048 4585 2103 4635 iu

506 4673 888 4739 accumbendo,
934 4689 1049 4743 pm
1088 4674 1252 4726 nimio
1308 4673 1460 4736 luxu,
1506 4673 1656 4728 lectis
1709 4676 2101 4729 insternuntur.

508 4765 705 4823 Videat
733 4781 880 4819 nunc
907 4765 1237 4829 Salmasius,
1265 4780 1428 4834 quam
1457 4781 1516 4821 se
1549 4767 1746 4822 merito
1772 4766 1946 4821 Graeci
1981 4783 2100 4823 ser-

509 4859 692 4915 monis
721 4859 916 4930 pcritia
950 4858 1140 4929 iactet,
1185 4873 1249 4913 ac
1279 4858 1609 4914 Tertulliani
1657 4859 1986 4931 interpretes
2015 4877 2104 4916 rc-

497 4953 834 5024 tprehcndat,
867 4952 964 5023 qui
1014 4953 1231 5020 eodem,
1275 4969 1386 5025 quo
1429 4951 1690 5021 Basilius,
1728 4968 1895 5010 sensu
1945 4962 2100 5010 cata-

505 5048 636 5103 clita
672 5054 1051 5118 sumpserunt.

581 5141 726 5196 Nihil
752 5142 928 5212 magis
952 5141 1195 5199 hominis
1219 5143 1506 5202 intererat.
1530 5157 1696 5213 quam
1726 5140 1929 5199 veteris
1957 5143 2104 5199 illius

509 5233 623 5288 litis
653 5233 977 5287 memoriam
1005 5234 1284 5300 obterere,
1319 5248 1422 5288 nec
1451 5233 1842 5303 intempestiva
1872 5233 1995 5303 ejus
2020 5249 2106 5288 re-

501 5324 834 5380 cordatione
869 5324 1228 5395 insigniorem
1279 5341 1438 5382 suam
1480 5326 1698 5395 culpam
1755 5322 1956 5380 facere.
1997 5325 2106 5380 Sed

501 5435 621 5474 «non
661 5425 890 5489 potest:
942 5431 1068 5472 nam
1109 5433 1244 5473 ecce
1293 5419 1479 5475 denuo
1537 5419 1766 5475 alterius
1815 5419 1980 5472 errati
2021 5418 2108 5472 sui

505 5510 836 5569 memoriam
887 5509 1107 5566 refricat
1134 5510 1235 5580 (tt),
1277 5512 1408 5567 dum
1450 5511 1805 5570 Kerkoetium
1864 5525 2111 5582 quoquo-

585 5667 664 5737 (a)
716 5667 954 5740 Salinas.
994 5668 1050 5740 in
1085 5666 1370 5740 Notishadi
1412 5668 1636 5722 Tertull.
1688 5668 1830 5724 Pali.
1862 5683 1984 5740 cap.
2039 5670 2095 5736 ὅ,

515 5749 641 5808 pag.
681 5737 802 5805 1‘25,
827 5750 881 5794 et
914 5741 966 5794 in
996 5737 1213 5808 Confut.
1244 5737 1486 5794 Kerkoet.
1517 5755 1570 5810 p,
1608 5740 1706 5796 128
1741 5748 1794 5795 et
1831 5737 1951 5810 sqql

2194 3310 2466 3369 pompas;
2517 3310 2582 3349 ex
2625 3291 2946 3347 oratoribus
2987 3289 3306 3356 lsocrates;
3356 3285 3560 3342 tertium
3601 3288 3724 3369 genus

2198 3367 2448 3445 obtinent
2481 3394 2655 3458 poeta:
2688 3385 2910 3456 quidem
2955 3381 3257 3444 Homerus,
3294 3378 3632 3436 Stesichorus,
3659 3367 3725 3422 Al-

2202 3497 2370 3547 caeus,
2405 3479 2742 3550 Sophocles:
2779 3493 2846 3532 ex
2880 3474 3166 3530 historicis
3199 3470 3538 3534 Herodotus;
3562 3479 3616 3520 ex
3638 3471 3727 3514 οη·

2205 3574 2420 3628 toribus
2445 3569 2866 3626 Demosthenes.
2895 3563 3136 3622 Secundi
3165 3562 3387 3636 generis
3411 3559 3685 3628 scriptores,
3706 3559 3726 3598 ι

2203 3663 2405 3734 quibus
2458 3660 2613 3723 πίνος
2670 3660 2848 3723 abest,
2910 3654 3188 3728 prioribus
3245 3650 3573 3722 antiquiores
3615 3645 3726 3698 sum.

2201 3768 2437 3825 quorum
2475 3752 2729 3824 proprius
2779 3758 2863 3804 est
2902 3749 3075 3810 πίνος.
3125 3744 3268 3800 Nam
3321 3742 3579 3800 Hesiodus
3615 3736 3730 3802 longe

2201 3845 2422 3902 Pindari
2455 3853 2508 3900 et
2542 3843 2791 3914 .Eschyli
2847 3850 3063 3897 aetatem
3115 3838 3438 3894 antecessit.
3474 3833 3540 3888 At
3574 3827 3732 3884 Salma-

2202 3941 2320 3996 sius
2377 3938 2697 4010 Dionysium
2750 3936 2829 3990 ait
2878 3935 3032 3988 πίνον
3085 3932 3338 3987 tribuere
3394 3917 3733 3996 antiquioribus

2205 4031 2379 4084 multo
2430 4043 2596 4098 quam
2643 4035 2804 4083 erant
2856 4024 3087 4089 secundi
3121 4023 3369 4094 generis,
3403 4028 3456 4075 et
3496 4019 3585 4073 hos
3625 4011 3735 4081 ips"s

2202 4122 2434 4176 affirmat
2473 4119 2717 4192 Dionysii
2767 4127 3016 4189 tempore
3055 4117 3249 4172 fuisse.
3310 4115 3491 4184 Itaque
3526 4099 3734 4175 Dionysii.

2204 4215 2257 4270 id
2289 4222 2376 4271 est
2407 4213 2664 4285 Augusti,
2711 4213 2914 4267 saarulo
2943 4212 3200 4267 vixerunt
3233 4207 3521 4271 Hesiodus,
3547 4194 3734 4290 Sappho:

2203 4309 2514 4374 Anacreon,
2571 4304 2890 4376 Euripides.
2940 4303 3214 4359 Prmterea
3266 4302 3359 4372 qui
3412 4300 3464 4354 in
3504 4289 3734 4367 posteriori

2205 4410 2524 4468 censentur,
2555 4413 2608 4458 et
2646 4401 2788 4472 πίνῳ
2823 4407 3037 4463 carent,
3080 4399 3184 4454 hos
3227 4396 3427 4454 asserit
3464 4388 3600 4447 nulla
3638 4390 3735 4480 aut.

2207 4495 2297 4551 sed
2328 4495 2444 4551 solo
2472 4496 2689 4565 impetu,
2724 4503 2880 4565 atque
2901 4507 2966 4547 ex
3004 4502 3231 4560 tempore
3257 4489 3476 4543 dixisse.
3508 4482 3665 4549 Quare
3681 4488 3739 4527 nt-

2214 4589 2289 4642 hil
2323 4588 2391 4642 ad
2437 4587 2791 4643 scribendqu
2835 4600 3016 4655 neque
3050 4585 3206 4647 artis,
3250 4595 3429 4651 neque
3465 4576 3646 4632 cultus,
3673 4577 3738 4619 ηε·

2212 4699 2318 4753 que
2347 4681 2618 4752 temporis
2653 4679 2888 4735 contulit
2929 4678 3222 4740 Isocrates,
3257 4683 3354 4729 aut
3391 4661 3740 4753 Euripidesalli

2211 4743 2278 4823 de
2303 4743 2520 4825 caeteris
2551 4775 2788 4830 taceam,
2831 4782 2973 4836 quos
3004 4776 3224 4820 constat
3257 4755 3661 4818 laboriosissime
3683 4743 3741 4800 ἀί-

2210 4860 2680 4932 ligentissimeque
2715 4858 3028 4929 scripsisse.

2283 4953 2411 5008 Haec
2443 4922 2866 5022 sunt-portenta
2901 4963 3010 5004 non
3057 4946 3318 5003 meditate
3352 4937 3640 5000 scribentis,
3675 4922 3740 4983 πά

2211 5049 2491 5121 ἐμοῦντος,
2524 5045 2778 5101 vomentis
2827 5042 3109 5106 Salmasii,
3155 5054 3388 5111 quorum
3441 5035 3626 5122 pudere
3660 5024 3741 5122 itii.“

2215 5119 2395 5211 ipsum
2432 5139 2626 5204 debet;
2660 5136 2973 5192 instaurare
3001 5148 3133 5189 vero
3161 5128 3500 5191 memoriam,
3525 5130 3574 5178 ct
3601 5119 3742 5173 invitis

2215 5236 2403 5298 etiam,
2447 5243 2612 5304 atque
2667 5231 2815 5286 aliud
2869 5230 3159 5302 agentibus
3202 5224 3509 5284 obtrudere,
3546 5211 3744 5290 proiecto

2215 5343 2324 5382 non
2365 5326 2542 5382 decet.
2579 5325 2686 5381 Sed
2714 5341 2776 5380 ea
2803 5324 3086 5395 copiosius
3127 5323 3181 5377 in
3207 5320 3366 5376 tertio
3395 5305 3744 5382 Mastigol’hom

2217 5419 2574 5474 Aremoricus
2630 5417 2957 5474 Kerkoetius
3003 5415 3258 5486 exposuit
3291 5431 3302 5466 :
3341 5424 3457 5482 qua:
3499 5398 3695 5462 comiter
3724 5402 3744 5439 ³

2219 5511 2495 5568 Salmasio
2529 5513 2805 5584 prretcrita
2839 5509 3297 5580 dissimulataque
3329 5512 3472 5562 sunt.

2281 5669 2356 5740 (ὁ)
2393 5667 2640 5740 Salmas.
2667 5668 2857 5726 Exerc.
2895 5664 3132 5722 Plinian.
3166 5681 3222 5738 p.
3251 5661 3374 5721 859.

2280 5739 2351 5812 (c)
2381 5740 2512 5813 Pag.
2544 5739 2664 5794 175.
