3920 6408
1289 422 1664 482 ADVERSUS
1702 420 2064 480 CLAUDlUM
2107 425 2530 482 SALMASIUM.
3430 425 3536 479 (κει

459 595 3273 627 W~___
2983 623 3036 627 __
3042 623 3067 627 ._
3074 621 3150 627 __.
3157 621 3252 627 ____

1533 755 2262 862 EXCERPTUM

819 953 909 1007 EX
952 954 1248 1010 DIONYSII
1293 949 1569 1009 PETAVH
1630 948 2306 1008 DlSSERTATlONIBUS
2359 951 2940 1007 ECCLESIASTICIS.

1499 1094 1710 1154 LlBlll
1758 1093 1812 1151 ll
1859 1091 2117 1154 CAPUT
2163 1097 2274 1156 Ill.

228 1357 314 1412 De
359 1354 644 1431 Epiphanii
682 1355 1285 1431 locofalsa_trapezita2_
1316 1349 1752 1431 (Salmasiiuqui
1785 1351 1871 1431 _de
1908 1352 2218 1431 trapezitico
2264 1353 2591 1431 fenoretres
2644 1357 2834 1431 libros
2869 1371 3014 1410 anno
3058 1355 3194 1431 1640
3231 1359 3520 1431 emiserat)

307 1417 618 1495 conjectura
653 1417 947 1494 refellitur:
982 1417 1221 1494 idemque
1253 1417 1584 1476 deelarntur:
1623 1417 2003 1486 Ncgotiatores
2025 1419 2172 1474 haud
2201 1417 2336 1477 recte
2365 1424 2470 1495 dici
2495 1427 2557 1479 ab
2591 1427 2772 1481 eodem
2801 1425 3089 1480 damnatos
3137 1429 3201 1480 ab
3253 1417 3513 1485 Ecclesia:

308 1494 434 1560 Bia;
459 1498 866 1552 matrimonium
901 1497 1163 1550 interdum
1196 1495 1463 1566 signiﬁcat
1489 1509 1504 1555 ;
1533 1499 1722 1544 contra
1753 1505 1915 1557 quam
1942 1495 2204 1560 trapezita
2242 1494 2483 1550 credidit.

320 1724 406 1777 Ad
432 1725 763 1794 pmnitentia:
791 1724 954 1779 ritum
986 1726 1039 1779 in
1065 1723 1313 1778 Ecclesia
1339 1730 1520 1776 vetere
1548 1719 1833 1775 referenda
1864 1725 1911 1779 Α
2011 1719 2090 1774 Ad
2122 1720 2236 1774 huic
2271 1721 2502 1785 theatra,
2539 1740 2806 1793 equorum
2833 1725 3156 1787 certamina,
3188 1729 3527 1792 venationes,

231 1827 371 1875 sunt
403 1819 652 1888 quaedam
684 1830 866 1874 errata
901 1819 1180 1888 trapezita:
1208 1815 1384 1871 nostri
1417 1813 1745 1883 (Salmasii).
1772 1809 1832 1866 ln

233 1910 561 1980 praefatione
600 1911 666 1965 ad
727 1910 1009 1967 Lectorem
1076 1911 1358 1980 praemissa
1405 1906 1560 1960 libris
1609 1905 1680 1957 De
1722 1914 1836 1956 tra-

228 2004 460 2070 pezitico
493 2002 706 2070 fenore,
762 2019 815 2072 p.
853 2003 943 2062 57,
997 2001 1286 2072 Epiphanii
1333 1999 1511 2053 locum
1542 1997 1831 2067 quemdam

231 2095 440 2164 attigit,
486 2102 540 2147 et
567 2094 694 2148 dunt
727 2095 889 2149 nimis
924 2101 1152 2165 argutus
1192 2107 1315 2148 esse
1356 2090 1559 2155 studet,
1593 2089 1834 2160 pessime

232 2183 394 2237 illum
438 2183 670 2252 accepit.
706 2182 763 2235 ιιι
799 2183 949 2237 calce
987 2181 1167 2252 magni
1208 2181 1389 2250 aperis
1448 2179 1592 2248 quod
1626 2178 1693 2233 de
1725 2179 1833 2232 hae-

233 2274 457 2331 rcsibus
499 2275 725 2345 scripsit
763 2273 1126 2345 Epiphanius,
1175 2273 1459 2326 catholicae
1508 2270 1630 2324 fidei
1678 2286 1832 2323 sum-

233 2383 409 2429 mam,
438 2381 502 2420 ac
553 2381 766 2420 morum
814 2375 868 2419 et
922 2366 1304 2420 institutorum
1350 2363 1632 2428 Ecclesize,
1681 2363 1830 2416 brevi

231 2458 614 2527 disputatione
640 2457 959 2527 complexus
987 2466 1092 2524 est,
1135 2465 1195 2511 ut
1238 2456 1307 2509 iis
1337 2456 1480 2510 velut
1515 2455 1660 2508 notis
1703 2469 1831 2522 ger-

231 2566 457 2604 manam
482 2551 685 2605 Christi
715 2566 975 2619 sponsam
1005 2551 1074 2604 ab
1103 2550 1378 2604 haereticis
1403 2547 1828 2608 conventiculis,

228 2658 359 2712 qua:
391 2643 828 2695 concubinarum
872 2638 1039 2697 habet
1088 2626 1232 2706 loco,
1283 2642 1586 2696 discernat.
1620 2639 1694 2691 Ac
1728 2637 1831 2693 sub

233 2735 404 2789 finem
453 2735 724 2805 pri'ccipua
766 2735 1014 2804 quredam
1051 2735 1345 2792 criminum
1390 2733 1570 2800 capita
1601 2731 1828 2801 colligit,

230 2843 358 2896 qua:
411 2827 656 2896 ejusdem
702 2827 986 2880 catholica:
1033 2825 1292 2880 Ecclesia:
1337 2826 1585 2880 moribus
1617 2840 1832 2893 usuque

228 2920 590 2976 damnantur.
628 2920 920 2990 Ἀπέχεται
965 2920 1271 2985 κοινωνίας,
1328 2920 1528 2989 inquit,
1575 2920 1830 2973 ἁπάντων

228 3014 504 3082 αἱρέσεων
543 3012 708 3080 (forte
749 3009 1092 3082 αἱρετικῶν),
1142 3009 1515 3081 ἀποκηρύττει
1554 3009 1827 3080 πορνείαν,

230 3105 332 3158 καὶ
385 3103 657 3174 μοιχείαν,
710 3103 806 3157 καὶ
855 3101 1166 3171 ἀσέλγειαν,
1215 3103 1310 3154 καὶ
1360 3101 1828 3173 εἰδωλολατρείαν,
1868 3091 1907 3143 Β

230 3197 330 3251 καὶ
373 3197 557 3264 φόνον,
591 3195 684 3248 καὶ
715 3196 896 3247 πᾶσαν
944 3194 1314 3264 παρανομίαν,
1363 3201 1471 3246 etc.
1534 3192 1656 3246 Mox
1691 3211 1702 3246 :
1739 3193 1833 3244 καὶ

234 3286 579 3353 πλεονεξὶαν,
612 3285 708 3338 καὶ
728 3283 1081 3354 τοκοληψίαν·
1116 3283 1549 3355 πραγματευτὰς
1579 3283 1678 3334 οὐκ
1701 3282 1836 3333 ἀπο-

246 3380 455 3450 δέχεται
479 3396 492 3408 ο
519 3377 630 3431 ἀλλ’
661 3378 1085 3449 ὑποδεεστέρους
1127 3375 1347 3428 πάντων
1382 3376 1618 3446 ἡγεῖται.
1654 3373 1833 3444 Προσ-

253 3471 419 3542 φορὰς
464 3471 735 3542 λαμϐάνει
776 3471 928 3541 παρὰ
980 3470 1088 3522 τῶν
1139 3471 1240 3523 οὐκ
1305 3467 1670 3542 ἀδικούντων,
1715 3467 1836 3519 οὐδὲ

244 3565 732 3634 παρανομούντων,
780 3563 916 3616 ἀλλὰ
961 3561 1187 3625 δικαίως
1234 3561 1516 3631 βιούντων.
1557 3559 1671 3614 Hoc
1704 3567 1833 3614 est:

239 3656 320 3710 Ab
348 3659 587 3712 omnium
634 3658 1003 3712 communione
1032 3655 1402 3708 ha’reticorum
1435 3653 1660 3707 abstinet
1689 3669 1705 3706 :
1742 3651 1836 3704 ab-

227 3749 388 3802 dicat
423 3748 846 3814 fornicationem,
886 3747 1208 3800 adulterium
1267 3746 1645 3815 petulantiam,
1672 3745 1839 3798 idolo-

232 3843 491 3902 tatriam,
517 3841 856 3894 homicidium
885 3852 933 3893 et
954 3841 1288 3909 iniquitatem
1319 3855 1547 3899 onmem,
1573 3848 1678 3892 etc.
1703 3837 1837 3890 Tum

235 3932 545 4000 improbam
593 3933 957 4002 cupiditatem,
996 3943 1045 3986 et
1081 3933 1365 4002 avaritiam
1399 3942 1556 4000 atque
1595 3946 1833 3982 usuram.

241 4022 622 4095 Negotiatores
655 4043 758 4079 non
784 4026 1067 4080 admodum
1106 4024 1316 4093 probat,
1357 4023 1448 4077 sed
1487 4023 1721 4076 omnium
1761 4021 1839 4073 in-

237 4120 404 4188 fimos
435 4120 609 4172 habet.
640 4119 946 4175 Oblationes
992 4121 1185 4188 accipit
1237 4116 1300 4170 ab
1333 4117 1400 4169 iis
1451 4116 1542 4185 qui
1580 4113 1839 4182 injuriam

237 4215 373 4268 aliis
397 4231 501 4267 non
531 4214 756 4282 faciunt,
786 4231 948 4283 neque
969 4213 1138 4268 scelus
1163 4210 1377 4280 aliquod
1403 4212 1720 4275 admittunt,
1747 4207 1838 4261 sed

236 4309 386 4376 iuste
417 4308 614 4360 vivunt.
644 4305 742 4360 llic
775 4305 1114 4375 Epiphanius
1143 4302 1440 4374 prtecipua,
1471 4307 1529 4353 ut
1561 4300 1699 4363 dixi,
1725 4315 1840 4355 sce-

188 4381 198 4388 ’
239 4401 362 4464 lera
396 4407 449 4454 et
489 4398 692 4470 ﬂagitia
727 4405 1034 4468 percenset,
1108 4411 1138 4450 a
1189 4396 1393 4466 quibus
1429 4394 1690 4448 abhorret
1734 4393 1836 4446 Ee-

241 4491 442 4556 clesia,
465 4500 521 4546 et
551 4507 675 4561 qua:
705 4492 1038 4545 auctoritate
1069 4505 1169 4544 sua
1202 4488 1553 4546 condemnat.
1593 4486 1694 4541 Ubi
1729 4501 1836 4542 vox

239 4585 619 4656 ἀποκηρύττει
655 4600 762 4638 non
794 4583 896 4639 hoc
934 4583 1164 4654 praecise
1207 4581 1500 4652 significat,
1530 4596 1838 4636 excommu-

241 4679 450 4742 πίε-ατε,
477 4679 560 4732 vel
591 4693 622 4730 a
661 4677 1026 4730 communione
1058 4691 1234 4729 arcere
1263 4691 1325 4727 ac
1373 4690 1686 4744 segregare:
1719 4682 1839 4726 tan-

239 4787 417 4842 quam
450 4786 644 4825 onmes
675 4771 769 4840 qui
803 4770 856 4824 in
889 4786 976 4834 ea,
1014 4785 1136 4839 qua:
1168 4769 1367 4823 ibidem
1401 4775 1712 4832 enumerat,
1755 4768 1841 4819 iu-

241 4862 510 4925 ridcrint,
545 4863 614 4917 ab
652 4863 1034 4918 ecclesiastica
1079 4862 1471 4915 communione
1514 4859 1747 4928 rejiciat,
1785 4869 1844 4910 ιιι

237 4955 552 5010 arbitratur
598 4957 880 5025 trapezita.
919 4953 1023 5020 Qui
1063 4962 1120 5009 et
1164 4953 1409 5007 indidem
1455 4953 1686 5021 colligit,
1737 4965 1842 5003 non

243 5049 425 5103 solum
449 5050 539 5118 qui
570 5065 789 5100 usuram
814 5047 1107 5116 accipiunt,
1143 5046 1482 5099 abdicatione
1525 5043 1588 5097 ab
1623 5042 1844 5096 ecclesia

251 5142 484 5207 punitos,
506 5140 732 5193 scribere
757 5139 832 5191 ibi
856 5137 1238 5208 Epiphaniam,
1261 5136 1352 5190 sed
1373 5138 1533 5190 etiam
1561 5151 1736 5188 omnes
1766 5150 1848 5186 ne-

249 5236 564 5306 gotiatores,
600 5233 1054 5304 πραγματευτάς.
1103 5231 1209 5284 Sed
1261 5230 1486 5284 minime
1536 5227 1846 5282 audiendus

245 5337 354 5382 est.
387 5325 523 5379 Nam
552 5324 957 5394 ἀποκηρύττειν
993 5338 1103 5376 non
1140 5331 1249 5375 tam
1291 5321 1532 5383 illorum,
1567 5320 1660 5389 qui
1691 5319 1843 5389 ejus-

246 5419 404 5475 modi
434 5419 666 5473 crimina
709 5418 1100 5488 perpetrat-int.
1133 5431 1298 5485 quam
1349 5415 1642 5469 criminum
1699 5415 1835 5483 ipso-

245 5526 376 5566 rum
411 5509 815 5564 abdicationem
843 5509 1364 5578 damnationemquc
1394 5506 1669 5574 designat.
1697 5509 1842 5559 Alio-

243 5607 344 5678 qui
404 5619 568 5660 nemo
619 5619 731 5659 non
784 5601 1352 5658 excommunicandus
1408 5599 1622 5667 fuisset,
1671 5609 1725 5655 et
1775 5600 1846 5655 ab

249 5696 499 5754 Ecclesia
515 5692 954 5765 proscriliendus.
1005 5694 1142 5761 Quis
1188 5702 1274 5750 est
1310 5694 1455 5750 enim
1488 5693 1582 5763 qui
1615 5708 1724 5746 non
1761 5691 1845 5745 in-

251 5798 447 5844 currat
477 5785 772 5854 aliquando
813 5789 866 5839 in
918 5788 1382 5858 maledicentiam,
1416 5786 1838 5854 detractionem,

245 5881 687 5948 contentionem,
726 5879 1048 5934 avaritiam?

1936 1812 2146 1865 musica
2172 1815 2484 1882 spectacula
2504 1815 2856 1869 condemnat.
2877 1817 3157 1888 Ἀποκηρύ
3169 1835 3284 1870 sua:
3302 1818 3527 1889 Οέατρα.

1935 1901 2029 1953 καὶ
2063 1903 2339 1978 ἱππικοὺς,
2377 1906 2472 1957 καὶ
2496 1908 2750 1978 κύνήγια,
2784 1908 3077 1978 μουσικούς
3112 1926 3170 1962 τε
3227 1911 3322 1963 καὶ
3351 1913 3532 1966 πᾶσαν

1936 1993 2262 2062 κακολογίαν
2304 1997 2399 2050 καὶ
2454 1998 2804 2063 καταλαλιὰν,
2848 2001 2942 2053 καὶ
2986 2004 3165 2054 πᾶσαν
3229 2003 3408 2072 μάχην
3439 2005 3533 2058 καὶ

1934 2084 2308 2155 βλασφημίαν.
2342 2088 2594 2155 Damnat,
2630 2091 2828 2159 inquit,
2854 2091 3084 2156 theatra,
3104 2104 3369 2162 equestres
3401 2111 3532 2165 agor

1935 2192 2048 2239 nes,
2088 2181 2406 2244 venationes,
2447 2181 2652 2234 musica
2684 2183 3006 2251 spectacula,
3047 2194 3096 2237 et
3119 2201 3326 2240 onmem
3360 2187 3529 2241 male-

1933 2268 2219 2323 dicentiam
2241 2281 2290 2325 et
2316 2272 2769 2344 obtrectationem,
2818 2293 3126 2346 omnemque
3145 2279 3529 2338 contentionem

1925 2372 1983 2430 let
2015 2363 2372 2418 maledic-tum.
2418 2366 2498 2418 An
2542 2367 2634 2436 qui
2675 2368 3034 2438 theatralibus
3075 2372 3410 2438 spectaculis
3435 2380 3529 2426 aut

1935 2455 2314 2517 circensibus,
2367 2464 2462 2511 aut
2512 2443 2892 2530 venationibus
2943 2460 3305 2528 interfuerat,
3341 2465 3527 2525 statim

1933 2550 2501 2605 cxcommmicationc
2530 2552 2900 2620 plectebatur?
2937 2553 3049 2607 lloc
3077 2555 3122 2613 si
3155 2555 3211 2608 in
3244 2571 3348 2609 usu
3394 2556 3532 2612 [uis-

1934 2653 2039 2705 set,
2099 2652 2210 2694 tum
2263 2644 2510 2712 profecto
2548 2646 2899 2702 Christianus
2948 2663 3110 2713 neuio
3154 2648 3438 2718 plerisque
3471 2651 3526 2704 in

1933 2734 2252 2790 civitatihus
2289 2737 2342 2789 in
2389 2737 2680 2791 ecclesiam
2723 2747 2775 2794 et
2815 2739 2883 2792 ad
2945 2755 3106 2796 usum
3153 2752 3523 2797 sacramento.

1935 2840 2056 2878 rum
2090 2825 2289 2882 fuisset
2318 2828 2618 2892 admissus,
2645 2838 2737 2882 aut
2771 2831 2928 2900 pauci
2958 2832 3268 2888 admodum.
3312 2832 3530 2889 Crebra:

1933 2926 2065 2986 sunt
2107 2919 2253 2989 apud
2301 2918 2570 2976 Joannem
2606 2915 3065 2992 Chrysostomum
3107 2927 3366 2993 querelae,
3404 2941 3530 2981 cum

1935 3010 2239 3067 Antiochia:
2283 3012 2463 3067 adhuc
2527 3014 2815 3083 presbyter
2896 3016 3154 3084 populum
3205 3017 3426 3072 doceret
3465 3018 3534 3072 de

1937 3102 2211 3171 paucitate
2250 3104 2674 3158 commeantium
2729 3105 2798 3158 ad
2859 3106 3174 3172 ecclesiam,
3229 3122 3293 3162 ac
3343 3122 3532 3163 sacras

1939 3207 2174 3264 synaxcs
2223 3194 2585 3259 abeuntium;
2641 3196 2840 3266 quibus
2897 3201 3136 3253 maxime
3187 3199 3379 3254 diebus
3417 3200 3532 3256 ludi

1939 3299 2004 3337 ac
2057 3286 2373 3354 spectacula
2426 3286 2832 3355 praebebantur.
2880 3288 3053 3354 Quam
3089 3305 3232 3360 saepe
3269 3293 3531 3361 populum

1940 3376 1996 3430 iu
2026 3392 2121 3432 cas
2166 3392 2255 3432 res
2294 3377 2732 3448 intemperanter
2773 3379 3009 3436 cllusum
3041 3399 3166 3438 cum
3198 3384 3268 3439 ab
3297 3385 3404 3439 illis
3435 3386 3530 3440 de-

1941 3475 2148 3522 terrere
2182 3467 2392 3533 studet,
2444 3478 2557 3522 tum
2600 3469 2668 3524 ad
2703 3472 3082 3537 ecclesiamet
3117 3474 3357 3529 ﬁdelium
3400 3491 3531 3530 con-

1938 3569 2138 3615 ventus
2171 3559 2532 3615 celebrandas
2569 3561 2830 3617 allicere?
2883 3564 3018 3617 Cum
3053 3565 3218 3619 etiam
3252 3566 3534 3621 auditores

1940 3653 2194 3707 hortatur
2219 3668 2352 3708 suos
2373 3693 2388 3720 ,
2449 3661 2511 3708 ut
2543 3669 2706 3723 quam
2743 3662 3004 3723 poterunt
3034 3656 3301 3726 plurimos
3327 3660 3398 3713 ah
3429 3661 3534 3714 illis

1941 3747 2273 3814 speetaculis
2327 3763 2516 3802 secum
2571 3746 2638 3800 ad
2693 3749 2985 3803 ecclesiam
3051 3751 3348 3805 adducant.
3415 3751 3534 3806 Non

1941 3837 2105 3908 igitur
2144 3838 2215 3891 ob
2245 3837 2348 3892 ista
2390 3839 2778 3892 communione
2824 3840 3083 3896 Ecclesiae
3129 3843 3374 3912 privatos
3404 3844 3537 3899 tide-

1943 3928 2021 3981 les
2059 3927 2354 3981 verisimile
2402 3935 2515 3993 est,
2575 3930 2880 3996 prmsertim
2912 3946 3034 3984 cum
3073 3932 3142 3983 ah
3192 3933 3538 4002 imperatori-

1941 4019 2044 4072 bus
2073 4019 2404 4072 Christianis
2435 4027 2489 4072 et
2536 4019 2952 4090 magistratibus
3000 4025 3274 4080 solemnes
3331 4026 3403 4078 illi
3443 4041 3539 4096 ap-

1942 4119 2167 4180 paratus
2191 4127 2253 4164 ac
2281 4111 2390 4165 ludi
2420 4112 2569 4166 velut
2594 4130 2657 4166 ex
2683 4113 2859 4167 oilicio
2892 4123 3286 4183 praestarentur
3311 4121 3532 4187 populo.

1940 4203 2021 4257 Ad
2055 4204 2170 4256 haec
2193 4211 2415 4272 propter
2437 4203 2574 4256 levia
2600 4212 2653 4256 et
2677 4204 2912 4257 venialia
2943 4214 3167 4275 peccata
3198 4223 3359 4261 nemo
3386 4224 3538 4261 com-

1943 4296 2205 4350 munione
2246 4297 2508 4350 multatus
2543 4307 2645 4351 cst.
2703 4295 2943 4350 Possunt
2973 4306 3152 4350 autem
3200 4314 3263 4353 ex
3321 4301 3388 4355 iis
3415 4315 3537 4369 «prta!

1951 4387 2290 4458 Epiphanius
2336 4390 2613 4441 recensuit
2677 4389 2939 4442 nonnulla
2994 4381 3116 4443 esse
3176 4391 3336 4457 levia,
3393 4393 3537 4447 velut

1947 4481 2297 4536 maledictum
2357 4482 2581 4550 aliquod
2639 4490 2844 4536 temere
2902 4497 2968 4536 ac
3026 4483 3185 4536 facile
3241 4485 3534 4553 prolatum.

1943 4572 2077 4626 Nam
2104 4573 2464 4643 Augustinus,
2495 4589 2749 4627 sermone
2769 4574 2827 4626 41
2868 4572 2944 4628 De
2975 4575 3196 4641 sanctis,
3229 4575 3318 4629 ubi
3351 4577 3536 4646 gravia

1943 4674 2167 4736 peccata
2204 4665 2498 4734 distinguit
2533 4682 2561 4719 a
2611 4667 2844 4728 levibus,
2884 4668 3026 4721 inter
3077 4668 3212 4722 levia
3261 4680 3538 4731 numerat,

1939 4759 2154 4829 quando
2192 4776 2310 4812 cum
2359 4745 2796 4827 omnifacititate
2845 4778 2908 4814 ac
2949 4762 3241 4814 temeritate
3267 4762 3534 4816 maledici-

1945 4870 2084 4906 mus.
2135 4852 2415 4921 Ejusmodi
2447 4853 2640 4904 et'alia
2677 4856 3094 4907 commemorari
3131 4863 3382 4921 possunt,
3419 4868 3540 4921 que

1948 4943 2324 4998 Tertullianus
2374 4942 2568 4995 delicta
2618 4934 2776 4994 vocat
2817 4942 3147 5010 quotidiunw
3184 4943 3537 4995 incursionis:

1947 5051 2070 5105 (μιίυ
2100 5043 2280 5088 tamen
2316 5033 2455 5086 inter
2485 5047 2548 5086 ea
2580 5039 2935 5087 continentur
2979 5049 3100 5102 quae
3136 5017 3203 5084 ab
3235 5031 3564 5102 Epiphania

1950 5127 2228 5181 nbminata
2271 5135 2418 5180 sunt.
2474 5123 2593 5178 Non
2622 5127 2768 5178 enim
2824 5127 2941 5178 sola
2996 5127 3084 5178 illa
3125 5143 3245 5195 qua:
3281 5127 3460 5180 letalia
3489 5139 3541 5181 ct

1951 5221 2158 5274 atrocia
2185 5231 2313 5274 sunt
2348 5222 2398 5271 in
2421 5218 2614 5273 eodem
2639 5234 2858 5287 genere,
2896 5219 2990 5271 sed
3012 5221 3178 5272 etiam
3219 5220 3351 5271 levia
3386 5235 3538 5272 com-

1950 5314 2240 5386 prehcndit
2282 5315 2393 5376 ille,
2437 5313 2680 5382 quando,
2715 5313 2949 5380 exempli
2994 5326 3184 5372 causa,
3219 5311 3400 5363 πᾶσαν
3441 5327 3540 5362 κα-

1948 5408 2202 5469 κολογίαν
2228 5415 2278 5460 et
2302 5404 2654 5468 καταλαλιὰν,
2687 5406 2867 5457 πᾶσαν
2895 5405 3073 5475 μάχην
3103 5405 3196 5456 καὶ
3227 5403 3538 5468 πλεονεξίαν

1948 5479 2426 5573 ἀποκηρύττεσθαι
2447 5497 2586 5550 dixit
2611 5497 2680 5550 ab
2705 5491 2965 5550 Ecclesia.
2989 5493 3140 5549 Unde
3157 5495 3201 5548 si
3222 5495 3540 5566 ἀποκηρύτο-

1949 5592 2139 5648 τεο-θαι
2174 5592 2246 5647 sit
2282 5589 2756 5652 excommunicari,
2795 5597 2853 5641 ut
2885 5589 3164 5657 trapezitae
3195 5590 3391 5658 placet,
3429 5606 3538 5643 non

1951 5700 2131 5744 autem
2161 5685 2453 5756 improbari
2483 5695 2534 5740 et
2575 5683 2876 5753 abjudicari
2909 5691 3143 5748 tantum,
3203 5691 3261 5735 ut
3303 5699 3392 5738 res
3423 5685 3542 5754 ipsa

1951 5785 2134 5840 docet.
2159 5796 2382 5836 necesse
2411 5788 2516 5842 est,
2545 5780 2614 5833 ob
2642 5779 2779 5833 levia
2801 5794 3032 5846 qumque
3055 5777 3288 5832 crimina
3313 5793 3539 5833 excom-

1955 5877 2258 5935 municatos
2292 5872 2478 5939 fuisse,
2528 5872 2579 5926 id
2615 5879 2695 5927 cst
2763 5871 2828 5924 ab
2861 5868 3121 5926 Ecclesia:
3155 5871 3543 5926 communione
