3920 6456
413 311 515 373 671
1593 310 1876 370 NONNUS
1912 312 1961 368 P.

2104 312 2508 372 POLITANUS.
3565 326 3652 385 σῃ

413 451 534 490 rum
564 434 760 490 heroici
782 434 1059 500 carminis,
1084 432 1230 504 quod
1253 448 1283 488 a
1313 449 1373 490 se
1405 434 1737 491 recensitum
1768 450 1894 490 cum
1952 435 2124 492 variis
2168 436 2294 491 lect.
2331 442 2387 491 et
2419 435 2628 491 notulis
2682 435 2737 491 in
2776 435 3023 507 margine
3062 436 3294 508 vulgavit
3323 435 3547 497 Jacobus
3573 442 3658 499 Le.

413 528 559 582 ctius
591 526 795 583 Genev.
822 528 980 590 1606,
1013 528 1111 584 fol.
1189 529 1245 584 In
1274 530 1405 586 bibl.
1438 529 1584 585 Petri
1625 529 1844 585 Francii
1905 530 2060 591 fuere
2085 529 2263 587 Nonni
2291 531 2621 601 Dionysiaca
2646 545 2771 587 cum
2799 533 3245 604 castigationibus
3275 551 3377 592 ms.
3413 534 3521 591 Jos.
3550 536 3660 592 Sca-

425 622 604 694 ligcri,
643 624 777 679 Dan.
807 624 1038 691 lleiusii,
1065 626 1283 682 Claudii
1310 626 1564 681 Salmasii
1605 635 1657 681 et
1690 626 1927 682 Matthzei
1953 626 2123 682 Sladi.

560 718 875 790 Μεταϐολὴ
904 722 1011 776 τοῦ
1051 724 1204 779 κατὰ
1242 723 1531 793 Ἰωάννην
1558 724 1733 793 ἁγίου
1762 726 2108 795 Εὑαγγελία

1993 726 2159 779 ’λίου.
2204 722 2564 793 .‘Hetaphrasis
2602 725 2753 793 epiea
2794 722 3071 794 Evangelii
3112 722 3173 778 S.
3200 720 3426 777 Joannis
3450 723 3541 795 (a).

488 836 754 895 Eumdem
787 840 1009 910 quidem
1047 857 1173 897 esse
1210 843 1301 912 qui
1334 841 1659 911 Dionysiaca
1696 850 1752 896 et
1784 841 1877 911 qui
1914 842 2055 895 hanc
2084 840 2454 909 Hetapltrasin
2480 840 2755 905 condidit,
2789 838 3043 893 Nonnum
3072 836 3535 908 Paquolitanum,
3568 840 3666 893 col-

418 929 528 983 lata
562 928 703 984 inter
726 946 787 986 se
819 928 1006 986 Suida:
1038 941 1095 987 et
1120 932 1375 1003 Agathia:
1408 932 1746 997 testimonia,
1777 940 1832 986 et
1858 932 1999 986 idem
2035 932 2090 986 in
2120 939 2359 1002 utroque
2387 946 2559 1001 opere
2581 939 2754 1002 poetae
2781 931 2979 1001 genius
3009 928 3257 984 dubitare
3288 944 3392 984 nos
3412 944 3514 985 non
3537 931 3666 987 sinit.

420 1022 654 1079 Easdem
689 1040 907 1096 quoque
940 1027 995 1081 in
1023 1027 1125 1082 hac
1159 1028 1393 1083 virtutes
1431 1026 1763 1096 suspiciunt,
1789 1026 1919 1080 vitia
1942 1027 2134 1081 eadem
2183 1026 2591 1098 reprehendunt
2623 1025 2727 1080 viri
2766 1025 2940 1089 docti,
2985 1024 3200 1095 aliaque
3228 1024 3451 1095 insuper
3483 1036 3668 1094 notant,

419 1116 624 1188 quibus
658 1117 864 1186 placuit
898 1117 1169 1172 acerrimo
1194 1117 1404 1187 judicio
1433 1131 1498 1171 ac
1526 1132 1777 1173 censura:
1808 1133 1922 1173 sua:
1952 1119 2098 1173 hunc
2121 1127 2339 1189 poetam
2371 1118 2663 1187 subjicere.
2702 1117 2908 1174 Saltem
2957 1117 3081 1173 illos
3120 1117 3424 1172 audiendos
3455 1133 3556 1172 non
3576 1120 3673 1173 exi-

420 1212 659 1275 stimem,
692 1210 785 1279 qui
820 1210 1124 1266 haeresibus
1180 1208 1635 1273 Manichaeorum,
1673 1207 2135 1280 Origenistarum,
2167 1211 2497 1267 Arianorum
2528 1220 2583 1266 et
2624 1211 2814 1266 nescio
2838 1210 3041 1281 quibus
3073 1226 3180 1264 non
3219 1211 3606 1281 patrocinatum
3626 1213 3673 1269 in

422 1304 523 1359 hac
550 1300 883 1372 ΜειαρΙιταδί
918 1302 1172 1358 Nonuum
1209 1305 1479 1369 scribunt,
1526 1318 1652 1359 cum
1684 1305 1749 1358 ad
1781 1304 2126 1373 ejuscemodi
2168 1306 2589 1362 criminationes
2620 1308 2933 1376 cuicunque
2974 1306 3353 1376 impingendas
3378 1306 3676 1363 clarioribus

420 1404 473 1451 et
497 1394 969 1452 manifestioribus
1004 1399 1345 1467 argumentis
1391 1397 1463 1452 sit
1490 1412 1651 1467 opus.
1693 1396 1879 1454 Missis
1932 1399 2100 1467 igitur
2134 1401 2264 1467 illis,
2309 1399 2531 1455 codices
2560 1407 2616 1455 et
2653 1397 2926 1454 editiones
2952 1398 3073 1468 ejus
3115 1395 3506 1467 Hetapliraseos
3533 1397 3674 1453 Joan-

422 1504 542 1543 neae
571 1491 754 1558 potius
778 1488 985 1547 referre
1012 1491 1190 1562 juvat.
1600 1559 1621 1562 Α
1725 1561 1729 1562 ν
2103 1560 2109 1562 _
2173 1561 2178 1562 ν
2346 1556 2376 1562 _
2630 1502 2633 1503 ⁷

1581 1559 1751 1616 Codd.
1796 1577 1924 1615 mss.
1970 1570 2019 1615 et
2048 1560 2308 1615 editiones
2334 1556 2556 1615 Crwcw.

494 1652 512 1723 (
533 1649 718 1707 Roma:
746 1654 802 1709 in
833 1651 1097 1709 Vaticana
1119 1655 1251 1710 bibl.
1283 1654 1639 1724 Puraphrasis
1674 1657 1729 1709 in
1756 1654 1983 1722 Joann.,
2021 1664 2158 1711 teste
2194 1653 2494 1710 Montl‘auc.
2526 1654 2579 1709 in
2624 1653 2766 1709 Bibl.
2820 1653 2948 1708 bibl.
2988 1671 3118 1710 mss.
3164 1670 3203 1719 I,
3244 1667 3369 1724 pag.
3407 1653 3505 1708 155
3544 1651 3599 1707 C.
3626 1682 3680 1693 -

424 1743 628 1800 Oudin.
666 1747 703 1802 l.
737 1762 787 1803 c.
818 1764 874 1819 p.
902 1749 1027 1814 929,
1055 1749 1242 1815 tradit,
1276 1749 1328 1805 id
1348 1766 1488 1821 opus
1517 1759 1738 1808 exstare
1767 1748 1865 1807 Gr.
1892 1752 1946 1806 in
1980 1751 2113 1807 bibl.
2149 1750 2414 1806 Vaticana
2447 1767 2513 1805 ex
2553 1751 2677 1806 cod.
2725 1750 3069 1823 Heidelberg.
3106 1768 3161 1805 n.
3202 1752 3297 1807 9U.
3332 1781 3402 1790 —
3428 1748 3680 1805 Florentia:

423 1838 480 1892 in
514 1837 649 1892 bibl.
678 1838 936 1895 Laurent.
981 1840 1105 1896 cod.
1150 1840 1257 1909 Vll,
1300 1859 1356 1896 n.
1392 1843 1513 1907 145,
1548 1843 1685 1913 plut.
1721 1844 1774 1902 7,
1798 1842 1852 1897 in
1887 1861 1996 1914 quo
2030 1843 2261 1898 Bandin.
2317 1844 2369 1897 in
2407 1843 2527 1898 Cat.
2580 1842 2734 1897 codd.
2778 1841 2871 1898 Cr.
2918 1842 3082 1897 Laur.
3114 1842 3154 1907 I,
3193 1858 3318 1913 pag.
3353 1842 3478 1908 2‘25,
3500 1842 3679 1905 scribit,

436 1927 617 1984 Νοιιηί
646 1929 1017 2001 Paraphrasin
1050 1934 1389 1989 concordare
1447 1950 1572 1991 cum
1606 1935 1691 1989 ed.
1731 1935 1987 2006 Sylburg.
2019 1935 2181 1999 1596,
2221 1952 2249 1989 a
2279 1952 2441 1991 versu
2474 1935 2652 2006 primo
2693 1951 2867 2005 usque
2898 1937 2963 1989 ad
3003 1950 3056 1988 v.
3091 1935 3252 1998 1169,
3285 1936 3495 2006 reliqua
3527 1943 3677 1990 autem

424 2017 652 2090 deesse;
688 2020 981 2077 identidem
1006 2033 1184 2079 tamen
1216 2023 1339 2079 cod.
1367 2024 1431 2077 ab
1454 2025 1586 2080 edit.
1613 2023 1851 2087 dillerre,
1876 2041 1940 2079 ex
1962 2041 2136 2095 eoque
2166 2026 2383 2096 supplet
2406 2027 2678 2088 lacunam,
2712 2041 2831 2097 pag.
2862 2026 2953 2089 80,
2976 2040 3171 2080 versus
3196 2026 3397 2082 unius:

1302 2113 1472 2182 Ζωῆς
1506 2115 1617 2185 γὰρ
1654 2113 1841 2168 πέλεν
1872 2116 2037 2183 εἶδαρ
2072 2116 2371 2185 ἐτήτυμον
2407 2116 2662 2187 ἡμετέρη
2692 2116 2869 2184 σάρξ.

424 2203 601 2259 Paris.
642 2202 697 2257 in
730 2202 862 2258 bibl.
908 2204 1058 2273 publ.
1102 2204 1227 2261 cod.
1276 2206 1535 2272 MCCXX,
1572 2224 1626 2261 n.
1672 2206 1727 2267 9.
1767 2206 2147 2275 Parapltrasis,
2200 2216 2305 2263 etc.
2342 2206 2585 2278 Mosqum
2631 2208 2685 2262 in
2740 2208 2873 2263 bibl.
2925 2207 3123 2280 synod.
3187 2205 3373 2264 Nomii
3419 2209 3473 2262 in
3512 2207 3680 2265 Joam'.

428 2296 846 2358 Commentaria,
897 2305 1035 2353 teste
1092 2298 1328 2353 Schiada
1372 2300 1425 2354 in
1475 2300 1597 2356 Cat.
1642 2300 1799 2355 codd.
1847 2299 2021 2372 Mosq.
2078 2316 2201 2371 pag.
2246 2300 2546 2373 52.11am.)

500 2388 679 2445 Prima
714 2389 835 2444 Altli
868 2388 1115 2456 Mauutii,
1147 2389 1337 2448 Venet.
1381 2394 1536 2459 1501,
1571 2394 1625 2449 4.
1663 2393 1830 2450 ῈΛΒΒ.
1867 2424 1935 2433 ——
1963 2393 2121 2447 Hunc
2153 2410 2356 2448 annum
2388 2408 2675 2465 perperam
2738 2392 2969 2449 indicari
3004 2408 3232 2450 necesse
3276 2402 3381 2451 est.
3415 2391 3541 2449 Nam
3566 2393 3611 2448 in
3636 2396 3682 2446 li-

427 2495 497 2535 ne
522 2482 827 2535 canninum
869 2480 1114 2552 Gregorii
1154 2481 1508 2548 Nazianzeni,
1537 2500 1658 2554 qua:
1685 2500 1736 2540 a.
1777 2484 1936 2545 1504,
1968 2484 2022 2549 4,
2063 2484 2258 2548 edidit,
2324 2484 2541 2539 demum
2581 2485 2865 2554 pollicetur
2893 2485 3065 2539 Aldus
3099 2485 3397 2542 editionem
3430 2486 3609 2547 Nonni,
3637 2490 3681 2538 ul

430 2570 549 2640 ipse
578 2571 687 2624 vidi
724 2571 901 2626 oculis
926 2573 1082 2626 meis.
1111 2571 1287 2626 Hann.
1311 2601 1381 2611 —
1406 2574 1472 2627 Et
1505 2572 1709 2628 Veneta
1740 2585 1793 2630 et
1821 2573 2064 2627 Romana
2090 2575 2177 2629 ed.
2201 2574 2367 2629 dubia
2411 2583 2464 2629 et
2495 2592 2624 2629 vero
2648 2576 2953 2629 adulterina
2982 2592 3106 2631 esse
3143 2575 3381 2632 videtur.
3419 2576 3476 2631 ln
3502 2578 3680 2631 Arvnod

430 2666 756 2736 (llarwodii)
779 2665 1057 2736 Prospetto
1076 2667 1132 2720 di
1150 2670 1293 2722 varie
1314 2667 1451 2723 ediz.
1470 2669 1609 2741 degli
1625 2671 1802 2724 antori
1820 2670 2053 2729 classici.
2072 2686 2099 2723 a
2120 2668 2323 2724 Pincllo
2336 2671 2504 2733 edito,
2530 2669 2724 2725 Venet.
2752 2671 2906 2736 1780,
2924 2671 2976 2735 8,
2998 2686 3119 2741 pag.
3146 2672 3275 2735 158,
3302 2688 3475 2743 neque
3504 2669 3682 2725 Veneta:

430 2774 611 2827 neque
636 2756 896 2812 Enniana:
918 2759 1172 2814 editionis
1196 2759 1250 2813 lit
1270 2762 1514 2827 mentio;
1549 2769 1603 2814 at
1632 2760 1686 2814 in
1713 2761 2251 2817 recentissimaillius
2274 2762 2394 2816 libri
2428 2762 2514 2817 ed.
2537 2762 2798 2833 inscripta
2830 2783 2841 2817 :
2865 2763 3012 2835 Degli
3035 2764 3213 2817 autori
3228 2764 3441 2818 classici
3454 2763 3681 2816 ——Bibli0-

434 2853 584 2907 theca
612 2849 888 2917 portatfle,
919 2859 1058 2921 part.
1087 2867 1124 2915 ι,
1150 2852 1342 2906 Venet.
1366 2852 1525 2917 1795,
1560 2852 1615 2920 8,
1658 2860 1889 2923 utraque
1924 2853 2004 2908 sic
2045 2864 2381 2908 memoratur
2430 2873 2442 2908 :
2490 2854 2848 2925 Parapltrasis
2900 2856 2953 2909 in
2989 2854 3278 2923 Joannem,
3320 2854 3415 2910 Gr.
3441 2855 3492 2920 4,
3526 2855 3679 2909 Venet.

431 2944 559 3001 Ald.
596 2946 717 3000 sine
748 2959 915 3001 anno.
946 2963 965 2997 ‹
1017 2946 1325 3002 Asserindo
1352 2947 1492 3003 Aldo
1522 2946 1858 3003 nell’lndice
1886 2949 1954 3004 de
1986 2949 2128 3004 versi
2153 2949 2299 3019 greci
2324 2949 2377 3003 di
2413 2947 2473 3003 S.
2512 2948 2777 3019 Gregorio
2804 2948 3065 3003 Nazianz.
3104 2948 3171 3002 da
3202 2948 3281 3003 lui
3325 2956 3580 3018 stampata
3615 2946 3681 2999 uel

435 3036 595 3102 1504,
628 3039 681 3093 di
709 3053 838 3094 aver
866 3040 1143 3111 publicato
1167 3037 1363 3095 Nonne
1395 3049 1475 3096 tre
1546 3040 1678 3095 anni
1718 3041 1987 3104 addletro,
2035 3041 2224 3111 percio
2252 3041 2503 3096 edizione
2531 3041 2659 3107 dev’
2704 3056 2890 3096 essere
2918 3041 3003 3095 del
3051 3039 3211 3093 1501.
3251 3057 3270 3091 ι
3326 3037 3476 3117 -Ει
3514 3037 3677 3090 altera:

433 3160 506 3172 --
531 3130 721 3188 Graece
752 3132 807 3187 4.
839 3132 1010 3189 Aldus
1048 3134 1203 3189 1508.
1255 3154 1275 3187 ‹
1316 3131 1574 3189 Fabricio
1595 3134 1701 3189 cita
1734 3134 1826 3189 un‘
1857 3136 1996 3190 altra
2028 3134 2278 3189 edizione
2299 3134 2349 3188 di
2389 3133 2563 3189 Roma
2594 3134 2646 3188 di
2683 3133 2863 3207 quest’
2890 3147 3036 3186 anno
3065 3132 3394 3194 mcdesimo,
3429 3145 3510 3183 ma
3542 3126 3671 3182 aleuui

434 3223 681 3279 credono
710 3226 812 3280 che
838 3226 998 3281 abbia
1034 3225 1171 3282 fauo
1198 3227 1458 3298 equivoto
1496 3226 1621 3281 coll‘
1649 3226 1868 3280 Aldina.
1928 3244 1946 3278 ι
1992 3255 2041 3264 —-
2092 3222 2151 3279 In
2177 3226 2331 3281 Seria
2360 3225 2483 3279 dell‘
2512 3224 2748 3279 edizioni
2796 3223 3012 3290 Aldine,
3046 3222 3235 3276 Patav.
3274 3220 3432 3285 1790,
3462 3235 3561 3273 una
3588 3226 3669 3269 tan-

434 3324 553 3374 tum
580 3319 775 3373 Aldina
807 3318 937 3375 edit.
976 3328 1438 3376 commemoratur
1461 3339 1475 3374 :
1501 3320 1558 3375 in
1583 3320 1765 3374 indice
1784 3318 2004 3390 quidem
2039 3319 2152 3378 sic:
2191 3317 2375 3372 Νωιηὶ
2411 3317 2800 3388 Paraphrasis,
2843 3318 2964 3372 sine
3008 3330 3155 3369 anno
3187 3314 3354 3379 1508,
3417 3320 3468 3369 et
3498 3310 3556 3364 ad
3590 3310 3631 3361 li.
3656 3318 3679 3356 τι

436 3410 553 3465 sive
580 3425 635 3480 p.
665 3411 757 3477 ‘29,
788 3412 1115 3483 simpliciter
1145 3413 1391 3483 quidem,
1424 3412 1521 3468 sed
1555 3427 1609 3483 p.
1639 3411 1762 3467 152.
1800 3412 1856 3465 in
1888 3411 2089 3478 indice,
2138 3411 2401 3466 librorum
2435 3410 2616 3464 Aldin.
2654 3409 2777 3466 sine
2817 3409 2944 3463 anni
2975 3415 3126 3473 nota,
3164 3420 3490 3479 provocatur
3509 3411 3684 3475 quoque

439 3499 508 3555 ad
530 3501 790 3556 Aldinum
823 3503 1081 3566 indicem,
1113 3504 1299 3558 addita
1342 3502 1856 3557 animadversione:
1894 3521 1914 3553 ς
1956 3503 2138 3573 percio
2172 3503 2348 3573 quest’
2388 3503 2639 3557 edizione
2672 3502 2719 3558 si
2748 3516 2985 3556 conosce
3026 3500 3115 3555 del
3151 3500 3315 3558 I501.
3359 3520 3376 3554 ι
3413 3530 3481 3541 --
3505 3496 3597 3550 Nec
3623 3492 3683 3544 bi-

439 3608 637 3647 narum
670 3594 887 3649 illarum
922 3596 1242 3649 memoriam
1273 3594 1609 3665 deprehendi
1631 3596 1924 3649 excitatam
1966 3611 1995 3649 a
2027 3595 2300 3651 Maittario
2334 3613 2398 3651 ac
2422 3594 2669 3651 Panzero
2702 3595 2756 3650 in
2793 3595 2859 3648 Α.
2887 3593 2951 3653 Τ.
2990 3610 3089 3649 nec
3123 3610 3155 3648 a
3196 3592 3441 3657 Denisio,
3489 3604 3637 3658 nequc
3661 3601 3683 3635 ιι

440 3686 510 3739 de
533 3683 691 3752 Bure,
728 3693 782 3741 ct
819 3686 886 3740 ab
911 3685 1268 3753 Audill'redio,
1299 3702 1476 3756 neque
1506 3702 1537 3740 a
1568 3685 1773 3749 Lairio,
1810 3702 1990 3757 neque
2021 3687 2075 3742 iu
2110 3688 2199 3752 iis,
2226 3704 2367 3759 quos
2414 3687 2670 3758 equidem
2707 3686 2959 3742 consului
3020 3686 3402 3741 bibliothecar.
3444 3679 3684 3749 catalogis.

441 3788 673 3849 excepto
717 3779 883 3833 catal.
920 3779 1051 3834 bibl.
1087 3778 1219 3834 Leid
1249 3819 1263 3843 ,
1305 3780 1360 3833 in
1395 3795 1506 3849 quo
1540 3795 1662 3851 pag.
1695 3777 1767 3834 60
1820 3780 1902 3835 sic
1944 3788 2317 3835 Iuemoratur:
2352 3811 2425 3821 —-
2457 3778 2714 3849 Ejusdem
2751 3778 2980 3851 (Nonni)
3028 3779 3197 3833 versio
3222 3778 3429 3847 poetica
3457 3768 3685 3839 Evangelii

446 3872 700 3941 Joannis,
724 3874 907 3930 Greece
927 3893 947 3940 ;
980 3875 1077 3931 sed
1119 3875 1378 3942 cursivis,
1396 3875 1477 3929 uti
1508 3875 1617 3930 dici
1650 3875 1849 3937 solent,
1885 3874 2082 3929 litteris
2110 3888 2431 3944 expressum
2468 3873 2730 3927 additur:
2774 3871 3002 3927 Venetiis
3032 3870 3195 3936 1501,
3236 3880 3296 3923 ut
3336 3879 3413 3924 est
3439 3865 3687 3931 ascriptum

442 3984 478 4021 α
510 3964 803 4021 Fraucisco
837 3966 1071 4032 Nausia,
1093 3969 1207 4038 qui,
1242 3976 1299 4022 ut
1330 3966 1555 4033 videtur,
1577 3983 1693 4021 eam
1721 3966 1991 4021 nonnullis
2018 3966 2071 4019 in
2095 3966 2223 4021 locis
2252 3966 2504 4020 restituit.
2550 3963 2683 4031 Qua:
2733 3980 2858 4019 cum
2896 3965 2970 4018 ita
2994 3964 3124 4031 sint,
3144 3965 3333 4033 spuria
3355 3976 3482 4017 sane
3499 3970 3606 4013 esse
3626 3950 3689 4006 vi-

446 4061 609 4116 detur
648 4058 893 4114 llmuana
932 4060 1064 4116 edit.
1094 4078 1124 4116 a
1154 4063 1331 4116 Caveo
1351 4070 1405 4116 et
1436 4075 1467 4114 a
1494 4058 1793 4116 Posscvino
1824 4059 1877 4114 in
1910 4061 2187 4130 Apparatu
2217 4060 2271 4113 h.
2297 4076 2349 4115 v.
2378 4058 2565 4121 citata,
2612 4070 2703 4112 aut
2727 4057 2957 4113 confusa
2981 4073 3109 4112 cum
3142 4058 3249 4111 alia
3282 4056 3539 4115 Romana,
3569 4064 3595 4101 a
3618 4044 3689 4098 Pi-

446 4155 613 4209 nellio
665 4153 977 4212 llarwoodii
1014 4154 1183 4209 indici
1224 4155 1406 4210 addita
1450 4171 1503 4225 p.
1556 4154 1678 4212 158.
1704 4184 1774 4194 —
1801 4157 1978 4225 Atque
2005 4155 2075 4209 ab
2106 4154 2471 4222 Hambergero
2500 4169 2565 4208 ex
2613 4153 2781 4208 catal.
2818 4152 2955 4209 bibl.
2994 4152 3172 4208 Paris.
3207 4151 3485 4222 quondam
3517 4142 3684 4211 Regia.

443 4247 887 4313 Belles-Lettres,
916 4255 1049 4303 tom.
1076 4246 1116 4311 Ι,
1142 4263 1197 4317 p.
1226 4246 1356 4315 269,
1382 4256 1436 4302 et
1466 4246 1661 4302 Theol.
1697 4262 1820 4317 pag.
1846 4247 1951 4301 512
1984 4265 1991 4296 ι

844 4264 887 4313 s,
916 4255 1049 4303 tom.
1076 4246 1116 4311 Ι,
1142 4263 1197 4317 p.
1226 4246 1356 4315 269,
1382 4256 1436 4302 et
1466 4246 1661 4302 Theol.
1697 4262 1820 4317 pag.
1846 4247 1951 4301 512
1984 4256 2039 4299 et
2063 4246 2171 4301 555
2189 4245 2355 4299 citata
2381 4261 2392 4296 :

516 4340 955 4409 —Parapltrasis
1000 4338 1275 4411 Evangelii
1325 4339 1615 4394 secundum
1657 4337 1944 4403 Joannem,
1987 4336 2176 4391 Graeco
2217 4337 2481 4400 carmine,
2507 4333 2689 4389 studio
2712 4332 2973 4389 Demetrii
3027 4333 3212 4389 Duczc.
3250 4328 3543 4394 Cretensis,
3573 4323 3689 4378 cdila

447 4434 641 4490 Romae
676 4434 830 4498 I526,
861 4434 916 4488 4.
963 4435 1140 4503 Atque
1164 4431 1501 4503 Hamberger
1524 4433 1673 4490 illam
1702 4432 1836 4489 edit.
1863 4431 1989 4502 jure
2024 4430 2332 4504 principem
2360 4446 2485 4484 esse
2509 4427 2742 4497 judicat.
2778 4425 2954 4483 ιιω..

525 4528 771 4581 Romana
813 4528 972 4594 1508,
1008 4526 1190 4582 Caveo
1232 4535 1556 4582 memorata.

522 4621 900 4695 llageuocnsis
929 4621 1071 4692 apud
1091 4619 1360 4677 Joannem
1386 4620 1671 4677 Secerium
1707 4621 1863 4684 15'27.
1894 4623 1949 4677 8.
1982 4618 2150 4675 FABR.
2175 4651 2245 4661 —
2268 4619 2407 4675 Cum
2444 4616 2676 4688 epistola
2718 4615 2864 4671 Phil.
2902 4614 3362 4680 Melanchthonis,
3401 4611 3688 4705 nuncupaln

447 4734 516 4772 ex
546 4732 656 4788 qua
686 4724 833 4787 patet
858 4716 930 4771 ab
958 4717 1217 4772 eomulta
1265 4716 1383 4771 loca
1418 4732 1543 4772 esse
1589 4720 1898 4773 emendata.
1942 4716 2277 4786 Exemplari,
2331 4715 2476 4785 quod
2510 4720 2597 4770 est
2645 4714 2701 4767 in
2761 4712 2895 4769 bibl.
2943 4712 3098 4784 publ.
3136 4710 3413 4776 Leidensi,
3443 4705 3597 4762 multa
3628 4708 3690 4751 νη·

448 4809 649 4866 doctus
680 4809 954 4879 ascripsit,
996 4809 1300 4865 secundum
1323 4810 1485 4863 catal.
1530 4810 1677 4866 illius
1706 4811 1838 4865 bibl.
1878 4827 1932 4881 p.
1969 4813 1996 4864 0

1894 4827 1932 4879 ).
1969 4810 2060 4864 60.
2104 4808 2280 4863 11Αιιι..
3438 4812 3442 4819 ·

408 4924 417 4973 ι
521 4901 1003 4960 Francol‘urtensis
1034 4919 1064 4958 a
1100 4903 1261 4970 1541,
1289 4901 1431 4972 apud
1468 4900 1689 4957 Petrum
1720 4903 1954 4958 Brubacl

1904 4903 2113 4969 chium,
2142 4901 2197 4957 8.
2231 4899 2400 4955 [ἤδη.
2428 4928 2499 4938 -
2524 4896 2816 4955 Ρτῑειιιὶεεα
2844 4907 2974 4953 sunt
3023 4898 3450 4971 Ὅμηρόκεντρα.

406 4976 416 5046 ί
524 5000 856 5056 Parisiensis
885 5013 937 5056 a.
968 4999 1130 5063 1541,
1159 5000 1301 5070 apud
1321 4997 1593 5055 Jacobum
1634 4998 1970 5068 Bogardum.

524 5095 591 5146 A.
634 5091 774 5146 1556
807 5089 1140 5149 Parisieasis
1179 5094 1349 5147 altera
1387 5095 1529 5164 apud
1573 5093 1867 5150 Martinqu
1899 5093 2187 5163 iuvenem,
2226 5093 2552 5167 quibusdam
2589 5093 2644 5150 in
2685 5095 2823 5151 locis
2867 5090 3195 5158 correctior,
3248 5088 3340 5144 sed
3383 5100 3485 5140 non
3536 5071 3690 5151 paucis

456 5186 644 5251 etiam,
671 5194 896 5242 notante
934 5184 1161 5253 Nansio,
1195 5186 1369 5257 magis
1410 5194 1692 5258 corrupta.

459 5344 534 5398 les
570 5342 851 5415 l'oyages,_
874 5341 947 5396 les
962 5341 1209 5415 limatus
1250 5352 1298 5415 et
1337 5343 1408 5394 les
1452 5339 1770 5415 Conqaestes
1809 5340 2045 5415 de_Bac-
2151 5340 2286 5415 cais,
2306 5338 2520 5415 rétabli,
2546 5339 2752 5415 traduit
2766 5350 2815 5393 et
2833 5339 3124 5415 continente
3143 5335 3301 5415 parle
3317 5341 3478 5415 cogite
3498 5317 3683 5415 deligi"

456 5392 588 5468 Elius
960 5392 1484 5481 Tradnitesprec
1505 5392 2045 5481 blililts'raiio-
2151 5392 2335 5475 celius,
2357 5392 2553 5481 Δαηςίἑη
2592 5411 2833 5464 ministre
2860 5392 3331 5481 plénipoteritiaire.
3374 5392 3683 5481 {ng

461 5484 568 5548 nul.
603 5481 962 5555 Paris.1625,
994 5484 1048 5541 8,
1076 5470 1929 5555 ιιςρι-ᾙᾸιδιλειι..-Ρνυ-(ῑξρνυηι
1953 5482 2047 5555 de-
2156 5549 2188 5555 _
2226 5470 2619 5555 (ιφΊιιιΙίαὶυιιι
2663 5481 2783 5555 fert
2831 5470 2899 5535 d'e
2922 5552 2929 5555 _
2952 5470 3163 5555 Somno
3198 5478 3327 5530 Dan.
3378 5470 3684 5555 llei‘tj'sriugml'.’

464 5528 576 5609 iniu.)
600 5553 924 5622 Dimiysiaca
948 5528 1272 5613 itnnd1856,
1306 5550 1554 5612 Parisiis,
1575 5552 1714 5619 apud
1740 5551 1944 5604 Ftrmin
1969 5550 2047 5603 Di-
2156 5528 2576 5619 Prolcgomcnn.
2609 5552 2674 5604 atl
2702 5566 2862 5605 suum
2896 5550 3285 5610 Aristarcltum,
3314 5559 3428 5615 pag.

465 5608 559 5689 dot
580 5624 614 5675 1ι
633 5608 799 5685 aues,
827 5624 880 5676 in
900 5624 952 5685 1,
975 5639 1036 5675 ex
1059 5608 1377 5681 recensione
1410 5624 1507 5676 viri
1545 5608 1758 5676 clariss.
1787 5624 2048 5675 comitisa
2160 5622 2249 5674 ubi
2282 5608 2350 5675 uE
2376 5622 2521 5676 vitiis
2550 5624 2855 5675 carminum
2889 5624 3009 5686 ejus
3034 5608 3288 5689 copiosus
3312 5608 3411 5680 est;
3438 5608 3675 5689 οἰψιρξςξς

470 5674 1619 5763 Μὴ[ςυιιιίίΊἾ-ιμι-ιίέρδιιιίῥΫε-ᾒῖιῖρῃοέίιεές
1649 5674 2048 5759 Dionysiaqucs,
2160 5691 2278 5745 buit
2321 5674 2863 5763 han-esinArianam,
2898 5674 3074 5763 idque
3106 5674 3352 5760 'pluribus
3391 5674 3677 5752 argmncnlls

472 5775 537 5811 ou
563 5760 821 5816 Bacchus.
850 5761 1041 5818 Poe'mc
1063 5778 1122 5816 cn
1162 5761 1255 5817 XL
1274 5761 1413 5818 1³111
1448 5763 1655 5829 chants,
1679 5779 1796 5835 grcc
1824 5772 1869 5816 ct
1901 5762 2050 5831 ['ran-
2164 5762 2396 5829 probare
2424 5761 2624 5819 studet.
2653 5761 2828 5818 linum.

2740 5860 2753 5897 l
