3920 6412
229 439 342 495 675
1741 440 1838 499 [\0‘

1958 441 2042 497 le
3419 447 3531 505 674

296 559 655 622 Coloniensis
689 558 768 630 (a)
811 557 971 626 1566,
997 557 1142 629 apud
1179 559 1494 615 Maternum
1519 557 1836 625 Cholinum,
1865 573 1935 615 ex
1957 559 2226 619 auctiore.
2273 557 2435 623 Joan.
2481 557 2704 616 Bordati
2737 559 3000 628 editione,
3030 569 3086 617 et
3119 562 3278 628 1588,
3305 578 3371 619 ex
3401 565 3528 619 edi-

228 654 386 709 tione
418 651 639 708 Martini
676 650 924 707 Jttvenis.

301 748 698 813 Coslariensis,
753 747 1054 817 majoribus
1115 747 1260 819 typis
1311 763 1440 803 cum
1487 747 1717 820 copioso
1761 748 1948 807 indice
1977 748 2170 806 Cra-co
2201 733 2940 823 verborum,'Sylbttrgiante
2983 751 3231 823 vestigiis
3262 751 3529 812 insistens

237 839 403 905 1616.
439 841 614 897 forma
635 849 826 898 octava
855 840 1083 912 majore.

1607 956 1883 1013 Editiones
1921 956 2154 1014 Latium.

302 1066 695 1138 Cltristophori
728 1064 1171 1140 llegendorphini
1206 1069 1456 1140 prosaria
1504 1069 1888 1141 interpretatio
1937 1071 2256 1142 (admodum
2309 1070 2527 1142 infelix)
2573 1087 2698 1130 cum
2748 1072 2976 1129 homilia
3030 1070 3408 1144 Chrysostomi
3463 1071 3532 1127 de

231 1159 648 1230 magistratibus
677 1166 732 1214 et
756 1160 1147 1229 potestatibus,
1182 1159 1456 1233 Hagenoa:
1487 1176 1554 1216 ex
1617 1161 1853 1217 oliiciua.
1884 1161 2044 1218 Joan.
2073 1163 2281 1220 Secerii
2320 1165 2482 1231 1528,
2511 1164 2566 1231 8,
2599 1173 2654 1222 et
2677 1164 2858 1221 Paris.
2892 1165 3052 1230 1542,
3083 1164 3230 1237 apud
3263 1162 3532 1220 Jacobum

231 1247 565 1324 Bogardum.
595 1252 737 1324 (Hal.
765 1253 929 1310 Suev.
965 1254 1121 1322 1540,
1151 1255 1208 1320 4,
1236 1256 1292 1310 in
1318 1253 1437 1312 Cat.
1473 1255 1601 1310 bibl.
1637 1256 1846 1328 Tigur.,
1875 1259 2107 1326 tom.'ll,
2143 1276 2270 1332 pag.
2319 1259 2465 1330 186.)

301 1350 540 1405 Erhartli
574 1350 924 1416 lledeneccii,
956 1349 1181 1422 medici,
1211 1352 1592 1424 interpretatio
1623 1353 1808 1409 itidem
1833 1356 2104 1425 prosaria,
2130 1357 2184 1410 in
2225 1356 2565 1412 Bibliotheca
2583 1355 2810 1411 Patrum
2834 1364 2987 1411 tomo
3021 1355 3292 1427 Vl,_part.
3317 1371 3357 1420 t,
3389 1354 3527 1411 edit.

232 1440 432 1497 Colon.
462 1448 517 1498 et
550 1443 688 1497 edit.
719 1442 1043 1498 novissima:
1071 1442 1246 1513 Lugd.
1281 1450 1416 1500 tom.
1455 1442 1549 1512 1X,
1578 1459 1644 1499 ex
1674 1445 2137 1517 interpretatione
2165 1445 2398 1503 Joannis
2437 1446 2692 1503 Bordatis
2732 1458 2786 1503 et
2816 1445 3140 1503 Hcdencccii
3172 1442 3536 1502 a'Fraucisco

231 1538 447 1594 Nansio
480 1539 733 1610 plurimis
760 1539 814 1593 in
845 1539 982 1596 locis
1013 1539 1330 1596 emendata.

307 1632 481 1690 Ulrici
505 1630 800 1704 Bollingeri
831 1630 1186 1700 Memphi-asia
1223 1633 1468 1697 metrica,
1495 1649 1563 1690 ex
1598 1635 1924 1692 recensione
1953 1635 2105 1692 Pauli
2131 1636 2363 1702 Melissi,
2407 1636 2650 1693 Schedii.
2685 1635 2860 1708 Spirat
2891 1635 3052 1703 1596,
3085 1634 3142 1692 8.

1663 1772 2111 1830 Gnaeo—Latinae.

311 1884 366 1937 1.
406 1882 545 1939 Cum
599 1883 849 1953 prosaria
907 1883 1161 1940 versione
1211 1882 1403 1941 Jacobi
1425 1885 1670 1953 Bordati,
1712 1889 1995 1961 Biturigis,
2024 1889 2119 1961 qui
2149 1905 2220 1946 ex
2261 1906 2366 1947 ms.
2420 1891 2613 1946 codice
2649 1889 2838 1947 Jacobi
2867 1891 3179 1946 Salomonis
3207 1888 3532 1960 lntcraquad

231 1981 471 2031 testatur
503 1991 564 2031 se
593 1977 906 2047 complures
933 1993 1126 2034 versus
1157 1986 1318 2033 antea
1332 1980 1569 2037 omissos
1588 1996 1880 2037 revocasse
1914 1983 2010 2054 (ιι).
2043 1981 2222 2049 Paris,
2246 1983 2408 2049 1561,
2431 1981 2487 2038 4.
2511 1999 2579 2039 ex
2607 1981 2824 2038 ollicina
2856 1982 3040 2038 Caroli
3072 1980 3300 2045 Pcrieri,
3330 1979 3535 2035 additis

228 2069 304 2125 ..(1
339 2071 544 2124 calcent
580 2071 834 2140 pauculis
863 2071 1032 2126 variis
1079 2072 1208 2127 lect.
1240 2073 1520 2144 Praecipue
1566 2074 1728 2144 capiti
1764 2074 1830 2129 16
1861 2075 2072 2132 addidit
2096 2092 2292 2133 versus
2318 2076 2408 2145 58,
2443 2092 2585 2148 quos
2606 2086 2791 2131 tamen
2823 2076 2973 2132 Frid.
3001 2075 3331 2147 Sylburgius
3369 2083 3535 2146 negat

231 2178 296 2220 se
324 2164 382 2218 in
413 2163 663 2242 Palatin
690 2181 796 2220 ms.
821 2166 1117 2236 reperisse,
1155 2181 1333 2236 neque
1374 2167 1480 2222 sibi
1510 2167 1683 2222 videri
1712 2167 1893 2224 Nonni
1933 2169 2142 2226 referre
2187 2170 2428 2242 stylutn:
2493 2170 2660 2224 etiam
2701 2167 2944 2225 Nansius
2987 2171 3041 2224 itt
3065 2168 3216 2225 curis
3267 2165 3530 2222 secundis

233 2261 413 2316 multa
447 2260 500 2313 in
542 2257 655 2313 illi!
685 2269 948 2328 suspecta
974 2259 1080 2316 sibi
1111 2268 1166 2314 et
1199 2259 1385 2314 Nonni
1417 2261 1578 2331 genio
1610 2276 1719 2314 non
1749 2261 1886 2317 satis
1920 2263 2218 2318 convenire
2242 2268 2480 2317 testatus
2505 2269 2609 2316 est.

298 2353 358 2408 2.
398 2353 534 2409 Cum
565 2353 818 2410 versione
861 2353 1048 2410 itidem
1084 2355 1331 2425 prosaria
1366 2355 1594 2410 Erhardi
1625 2355 1974 2422 llcdeueccii,
2013 2357 2179 2414 Basil.
2217 2357 2348 2412 1571
2379 2365 2433 2412 et
2472 2357 2630 2422 1577,
2660 2357 2804 2428 apud
2837 2355 3057 2412 Petrum
3095 2353 3328 2410 Pernam
3367 2359 3534 2423 atque

232 2449 398 2506 1588.
444 2448 550 2506 Sed
583 2458 637 2505 et
674 2448 853 2506 Paris.
887 2451 1048 2518 1578,
1088 2451 1156 2518 8,
1187 2452 1331 2522 apud
1379 2450 1447 2507 ll.
1503 2450 1866 2522 Stephanum,
1903 2453 2000 2523 qui
2047 2454 2358 2509 versionem
2395 2453 2605 2524 aliquot
2649 2454 2784 2509 Ioeis
2822 2452 3158 2509 emendavit.
3201 2448 3342 2505 Tum
3387 2446 3534 2518 apud

227 2547 561 2602 Comntelin.
595 2547 757 2612 1596,
795 2548 850 2614 8,
884 2548 1098 2603 additis
1119 2546 1384 2604 Friderici
1421 2547 1700 2619 Sylbttrgii
1730 2548 1859 2619 (qui
1897 2565 2001 2605 ms.
2031 2549 2274 2604 codicem
2314 2547 2626 2602 Palatinum
2657 2547 2947 2616 contulit).
2979 2546 3129 2601 notis
3153 2555 3207 2601 et
3229 2545 3420 2600 Graeco
3447 2543 3536 2597 in-

228 2641 376 2694 dice.
410 2637 537 2694 llzec
578 2639 853 2712 Sylburgii
893 2641 1066 2696 editio
1093 2657 1294 2698 recusa
1328 2641 1478 2713 Lips.
1517 2641 1797 2714 [primum
1837 2639 2057 2711 Lipsiae,
2103 2642 2261 2705 1615,
2295 2643 2348 2706 8,
2379 2657 2546 2712 quam
2583 2641 2717 2697 edit.
2765 2642 2938 2696 habeo
2975 2648 3032 2694 et
3073 2640 3437 2707 Baumgartcn
3478 2636 3534 2692 in

229 2731 599 2787 Naclu'ichtcn
646 2750 744 2788 twn
785 2734 992 2789 merkw.
1033 2733 1225 2799 Btich.,
1264 2744 1396 2790 tom.
1434 2734 1548 2801 VII,
1590 2750 1715 2806 pag.
1754 2734 1856 2789 118
1895 2751 2006 2806 sq..
2033 2735 2272 2790 breviter
2298 2737 2599 2800 recensuit,
2633 2734 2765 2789 ibid.
2796 2733 2958 2797 1618,
2990 2733 3046 2797 8,
3071 2733 3126 2786 in
3154 2729 3394 2785 Menken.
3425 2739 3536 2784 cat.

228 2830 268 2894 Ι,
301 2845 425 2900 pag.
455 2829 525 2883 55
568 2827 637 2881 ll.
665 2827 979 2900 ]—Lipsi-.c
1012 2831 1169 2896 1629,
1212 2830 1268 2894 8,
1311 2831 1564 2887 Fabr.—
1591 2830 1851 2903 Sylburg.
1884 2848 1952 2888 ne
1990 2848 2056 2887 ex
2098 2830 2292 2887 Nansii
2344 2832 2627 2886 laboribus
2664 2829 2872 2900 aliquid
2917 2830 3265 2898 decerperet,
3314 2834 3540 2883 secutus

225 2921 530 2976 editionem
563 2929 622 2975 ttt
651 2937 681 2975 a
718 2920 891 2977 Perna
943 2931 999 2978 et
1023 2921 1306 2993 Stephano
1344 2939 1602 2994 expressa
1637 2931 1743 2990 est,
1781 2939 1938 2980 suam
1969 2924 2043 2978 ita
2085 2925 2372 2995 inscripsit
2411 2942 2424 2978 :
2460 2921 2981 2977 Νόννου--Νοηηί
3014 2919 3390 2991 Panopotitani
3423 2933 3536 2973 me-

225 3015 508 3081 taphrasi:
545 3013 822 3085 Evangelii
853 3015 1143 3070 secundum
1182 3014 1446 3072 Joannem
1483 3019 1734 3074 versibus
1761 3017 2002 3072 heroicis
2028 3032 2154 3071 eum
2193 3032 2304 3072 ms.
2339 3017 2462 3070 cod.
2499 3015 2615 3070 Pal.
2647 3015 2877 3080 collata;
2927 3014 3188 3069 brevibus
3227 3014 3377 3068 notis
3411 3011 3538 3066 illu-

228 3116 450 3173 Strata;
492 3108 786 3162 \‘erlzorum
821 3108 1005 3162 indice
1049 3118 1252 3173 aucta;
1297 3110 1504 3164 rectius
1552 3109 1764 3180 aliquot
1810 3109 1863 3162 in
1911 3109 2051 3163 locis
2085 3125 2265 3163 versa.
2311 3107 2488 3178 Opera
2531 3106 2680 3160 Frid.
2713 3105 3010 3176 Sylburgii,
3056 3104 3240 3160 Veter.
3280 3104 3338 3157 In
3376 3113 3538 3159 notas

229 3203 481 3270 cunjecit
511 3210 565 3256 et
603 3200 669 3256 V.
719 3200 782 3256 L.
818 3202 1042 3256 eodcis'
1063 3210 1117 3257 et
1156 3217 1287 3257 suas
1317 3201 1687 3271 conjecturas,
1720 3203 1846 3255 item
1870 3202 1992 3256 illos
2025 3202 2096 3255 58
2125 3217 2339 3261 versus,
2376 3215 2517 3270 quos
2553 3200 2824 3254 ltortlatus
2853 3214 2909 3252 In
2941 3213 3074 3268 cap.
3102 3214 3152 3252 vt
3200 3198 3532 3261 inseruerat,

231 3298 326 3352 sed
372 3312 551 3368 neque
581 3297 704 3352 cod.
746 3297 920 3351 Palat.
965 3298 1150 3362 habet,
1195 3311 1376 3366 neque
1415 3297 1597 3352 Nonni
1632 3297 1834 3367 stylum
1883 3296 2090 3351 referre
2133 3297 2212 3350 ait
2251 3297 2592 3367 Syllmrg.-
2617 3295 2883 3364 Stephan.
2921 3295 3054 3349 edit.
3095 3310 3124 3348 a
3167 3292 3440 3347 Maittario
3469 3292 3537 3348 Α.

238 3389 395 3454 t.lll,
441 3406 567 3462 pag.
620 3391 723 3446 773
769 3391 1014 3460 pleniore
1059 3390 1221 3443 titulo
1265 3389 1495 3444 refertur
1551 3408 1565 3445 :
1611 3388 1887 3442 Homerici
1937 3389 2194 3444 Ceutoues
2234 3397 2286 3442 et
2335 3387 2527 3442 Proba:
2579 3385 2858 3440 Falconia!
2897 3384 3155 3440 Centone:
3219 3383 3537 3454 Virgilium’,

245 3485 454 3556 utrique
489 3489 545 3544 in
574 3485 821 3557 quaedam
869 3485 1112 3540 historiae
1163 3499 1337 3539 sacra:
1378 3484 1560 3555 capita
1595 3483 1814 3555 scripti;
1855 3483 2035 3538 Nonni
2079 3483 2424 3552 paraphrasi:
2469 3483 2743 3552 Evangelii
2771 3480 3000 3534 Joannis
3040 3480 3223 3535 (ἔνατα
3243 3489 3291 3533 et
3317 3478 3540 3546 Latine;

235 3579 430 3632 excud.
469 3577 637 3633 Ilenr.
673 3577 1008 3648 Stephanus.
1041 3576 1202 3640 1578,
1244 3576 1330 3631 12.
1370 3577 1426 3632 In
1458 3579 1690 3648 epistola
1712 3579 2137 3648 nuncupatoria,
2167 3578 2328 3646 cujus
2361 3588 2567 3649 partem
2595 3576 2738 3632 ident
2776 3574 3049 3630 Maittaire
3073 3573 3272 3631 excudi
3306 3573 3458 3637 fecit,
3481 3571 3540 3628 in

233 3682 366 3728 nota
395 3673 452 3733 ά.
491 3675 566 3726 ait
600 3671 935 3742 Stephanus,
987 3687 1046 3728 se
1084 3669 1266 3726 Nonni
1315 3672 1555 3742 poemati
1606 3673 1934 3742 apposuisse
1975 3670 2230 3727 Erhardii
2275 3671 2593 3728 Aidcneccii
2624 3668 3330 3742 (sic)interprctationem,
3377 3664 3544 3737 paulo

229 3766 478 3823 fortasse
506 3769 783 3823 meliorem
812 3768 1022 3839 aliquot
1053 3767 1108 3823 iu
1150 3767 1290 3824 locis
1323 3767 1546 3822 factam.
1587 3765 1762 3820 llam"
3110 3773 3120 3783 ·

304 3889 362 3943 5.
408 3886 543 3943 Cum
596 3887 852 3943 versione
880 3887 1102 3942 Bordati
1128 3895 1182 3944 et
1211 3887 1562 3952 Hcdeneccii,
1590 3885 1685 3942 sed
1729 3900 1761 3940 a
1804 3884 2100 3942 Francier
2128 3885 2336 3941 Nausio
2385 3884 2695 3948 emendata,
2741 3891 2797 3939 et
2853 3895 3117 3954 perquam
3149 3877 3268 3933 utili
3291 3874 3544 3931 instituto

229 3983 444 4038 additis
480 3998 508 4037 e
541 3983 761 4052 regione
802 3979 1007 4038 Graecis
1067 3980 1290 4039 Joannis
1335 3981 1690 4052 evangelista:
1753 3981 1972 4047 verbis,
2020 3981 2530 4049 versiculorumque
2573 3979 2842 4041 numeris,
2897 3975 3069 4043 Lugd.
3120 3973 3237 4027 Bat.
3283 3971 3452 4034 1589,
3484 3968 3540 4028 8.

229 4076 398 4145 apud
424 4073 776 4132 Franciseum
817 4075 1270 4148 liaphclengium.
1305 4073 1406 4130 Hic
1431 4072 1673 4129 Nansius
1718 4081 1914 4144 praeter
1955 4089 2148 4128 versus
2193 4073 2264 4126 68
2290 4089 2318 4125 a
2349 4071 2584 4124 Bttl‘dulo
2615 4068 2864 4134 additos,
2899 4068 3018 4137 ipse
3061 4081 3128 4120 ex
3176 4063 3396 4134 ingenio
3437 4073 3542 4114 suo

232 4168 564 4222 inter-seruit
605 4183 803 4225 versus
834 4168 940 4223 569
984 4169 1146 4225 uncis
1183 4169 1433 4224 inclusos
1463 4167 1548 4222 vel
1578 4168 1776 4222 minori
1815 4167 2136 4221 charactere
2163 4178 2478 4236 expressos.
2519 4161 2690 4218 Notas
2735 4163 2902 4214 etiam
2944 4157 3195 4213 eruditas
3222 4164 3276 4210 et
3305 4154 3542 4222 castiga-

231 4259 420 4314 tiones
446 4259 675 4324 addidit,
708 4269 871 4333 atque
908 4261 961 4316 in
989 4262 1076 4318 his
1117 4261 1383 4316 Hadriani
1429 4259 1579 4316 Junii
1612 4260 1876 4332 pauculas
1900 4259 2291 4322 correctiones,
2318 4272 2456 4328 quas
2496 4254 2723 4310 editioni
2758 4251 3096 4322 llagenoeusi
3135 4264 3184 4302 a.
3217 4247 3351 4302 1627
3374 4259 3538 4299 manu

233 4369 340 4408 sua
385 4354 473 4408 ille
500 4356 852 4425 ascripserat.
895 4355 1071 4412 (Suras
1105 4354 1380 4411 secundas
1421 4355 1475 4408 in
1519 4352 1770 4408 Nomium
1805 4352 2047 4409 Nansius
2090 4352 2265 4407 edidit
2306 4349 2668 4420 sexagenario
2711 4347 2887 4416 major
2927 4360 2978 4398 a.
3013 4344 3172 4408 1595,
3206 4342 3261 4400 8.
3319 4341 3372 4395 ltt
3402 4340 3536 4397 bibl.

235 4443 411 4498 Pctrii
439 4441 653 4499 Francii
695 4444 758 4499 V.
790 4445 854 4501 C.
881 4447 982 4502 fuit
1018 4445 1207 4502 Nansii
1233 4447 1402 4502 editio
1421 4461 1545 4502 cum
1578 4463 1712 4501 mss.
1744 4446 1989 4518 Sopingii
2022 4443 2518 4500 emendationibus.
2559 4440 2721 4497 Fabr.
2753 4439 2993 4493 Nansius
3026 4439 3078 4492 in
3104 4434 3254 4508 praef.
3281 4434 3348 4489 de
3374 4433 3532 4489 editt~

241 4538 701 4594 antecedentibus
729 4539 1016 4608 judicavit,
1044 4548 1096 4594 et
1120 4541 1266 4595 notis
1297 4540 1414 4596 suis
1444 4540 1778 4611 peculiarem
1819 4541 2048 4612 prmlixit
2079 4538 2514 4609 inscriptionem.
2557 4535 2608 4590 Is
2633 4549 2948 4605 quanquam
2983 4533 3035 4587 in
3062 4531 3221 4585 titulo
3250 4527 3540 4604 gloriatur,

237 4631 604 4703 paraphrasin
637 4636 872 4689 antehac
901 4632 1060 4688 valde
1100 4644 1154 4687 et
1200 4640 1519 4704 corruptam
1549 4641 1604 4689 et
1639 4633 1909 4699 mutilam,
1955 4647 2103 4688 nunc
2143 4631 2378 4702 primum
2418 4627 2923 4685 emendatissimam
2957 4631 3014 4678 et
3052 4622 3344 4692 perfectam
3377 4629 3542 4690 atque

233 4728 510 4798 Integram
540 4743 882 4799 comparere,
905 4735 960 4783 et
987 4729 1040 4782 in
1065 4727 1212 4782 nolis
1237 4723 1403 4781 multa
1439 4741 1549 4782 non
1573 4728 1816 4799 vulgaria
1843 4728 2064 4782 tractari
2098 4742 2161 4781 ac
2190 4726 2374 4780 varios
2406 4735 2690 4780 auctorum
2719 4723 2874 4778 locos
2898 4718 3096 4788 corrigi
3125 4723 3218 4770 aut
3252 4713 3540 4771 illustrari.

233 4829 294 4876 et
315 4829 345 4874 a
373 4820 734 4890 quorumdam
768 4818 1207 4890 παραδιορθώσει
1239 4818 1531 4884 vindicari,
1565 4830 1727 4890 atque
1752 4819 1920 4876 editio
1945 4819 2063 4890 ipsa
2095 4819 2238 4874 haud
2275 4818 2424 4888 parvi
2456 4825 2541 4872 est
2569 4815 2887 4872 aestimanda
2916 4833 2928 4868 :
2955 4821 3134 4866 tamen
3163 4818 3218 4863 et
3241 4806 3334 4860 alii
3360 4804 3540 4858 critici

236 4913 414 4969 multa
445 4912 498 4966 in
525 4913 630 4968 ista
655 4911 1062 4974 desiderarunt,
1091 4919 1145 4965 ct
1169 4911 1285 4981 ipse
1305 4909 1547 4968 Nansius
1565 4923 1678 4967 tum
1710 4912 1765 4966 in
1814 4904 2238 4973 rttrissecundis,
2266 4909 2320 4963 in
2350 4909 2570 4979 quibus,
2591 4909 2688 4968 ait,
2707 4905 2956 4976 quaedam
2985 4917 3014 4955 a
3039 4899 3256 4956 nomine
3273 4899 3542 4951 hactenus

237 5010 536 5064 observata
587 5013 850 5061 notantur
884 5007 941 5061 itt
979 5007 1116 5062 alios
1147 5007 1310 5061 etiam
1345 5015 1634 5072 auctores,
1673 5005 1884 5059 addidit
1916 5004 2084 5058 ntulta
2117 5004 2207 5075 (ν.
2240 5001 2552 5072 Battmgart.
2602 4999 2917 5054 Nachricht.
2951 4997 2988 5050 l.
3019 5009 3092 5055 c.,
3119 5009 3172 5064 p.
3206 4991 3330 5058 115,
3366 4992 3538 5060 sqq.),

244 5110 357 5154 tum
389 5099 441 5153 in
478 5098 698 5154 scriniis
732 5097 975 5169 reliquit.
1008 5098 1064 5154 ltt
1096 5099 1350 5154 biblioth.
1400 5099 1546 5153 enim
1580 5095 1829 5153 Leidensi
1860 5105 1942 5153 est
1982 5113 2091 5152 non
2131 5096 2310 5151 solum
2335 5093 2613 5164 exemplar
2651 5091 2784 5147 edit.
2820 5088 2959 5144 1589
2993 5101 3117 5141 cum
3147 5083 3542 5154 ntanuscriptis

1947 5261 2127 5306 tamen
2166 5250 2383 5305 decimo
2427 5246 2594 5317 capiti
2635 5244 2858 5300 unicum
2906 5258 2934 5296 a
2981 5240 3221 5317 Bordato
3263 5238 3538 5310 adjectum

1946 5340 2166 5377 V’ct'su'tt
2207 5313 2542 5382 inseruisse;
2574 5317 2682 5371 vid.
2717 5325 2831 5368 not.
2868 5330 2983 5382 seq.
3022 5313 3194 5367 "MtL.

2023 5394 2097 5462 (ὁ)
2139 5391 2344 5460 Nempe
2379 5392 2449 5445 80
2478 5380 2669 5462 versus
2703 5405 2715 5441 :
2746 5387 2866 5449 sed,
2903 5380 3224 5438 notantibus
3250 5380 3457 5436 Nansio
3487 5388 3542 5436 et

315 5258 396 5326 (a)
449 5256 816 5328 Sylburgius,
863 5257 972 5328 Aqui
1025 5254 1079 5308 in
1135 5256 1370 5328 ,pistola
1431 5254 1834 5328 ntmcttpatoria

240 5326 627 5398 ntaguus’fuit
671 5326 874 5398 ingenii
922 5329 1158 5398 styliqttc
1197 5326 1376 5398 Noun.
1425 5326 1749 5398 admirator,
1784 5327 1836 5378 itt

242 5396 466 5454 Praél'at.
517 5396 809 5468 tliliget‘tt'cr
858 5396 1133 5453 recensuit
1181 5397 1339 5452 cditt.
1395 5396 1732 5468 superiores,
1786 5403 1841 5450 et

241 5471 460 5526 notavit
487 5469 781 5524 Martmum
816 5468 1070 5523 Colinum
1136 5468 1191 5522 in
1235 5468 1418 5537 priore
1449 5468 1582 5522 edit.
1615 5482 1841 5536 expres-

241 5544 390 5597 sisse
430 5542 565 5596 edit.
599 5539 846 5602 Bordati,
883 5541 978 5594 sed
1008 5538 1194 5594 Gtveca
1225 5541 1299 5594 ita
1339 5539 1674 5609 negligenter
1725 5546 1841 5609 tra-

242 5622 457 5674 ctasse,
501 5622 559 5666 ιιι
590 5612 758 5667 etiam
792 5618 972 5664 errata
1020 5605 1437 5681 typographica',
1476 5605 1598 5679 quae
1634 5605 1840 5681 Dorda-

241 5690 340 5739 ttts
378 5682 433 5734 itt
478 5697 576 5738 sua
607 5681 740 5736 edit.
775 5677 1066 5740 indicarat,
1084 5677 1454 5734 ini-intendam
1496 5677 1786 5747 reliquerit
1820 5694 1834 5732 :

245 5767 303 5808 a.
331 5762 517 5806 autent
546 5753 708 5814 1588,
735 5752 902 5806 missa
930 5751 1149 5806 Bordati
1178 5751 1437 5812 editione,
1468 5747 1836 5803 Parisiensem

248 5838 305 5877 a.
337 5822 483 5890 1551i
505 5831 781 5882 secutum.
812 5825 1033 5877 omissis
1063 5838 1235 5890 usque
1266 5821 1331 5874 ad
1365 5830 1529 5887 caput
1567 5819 1630 5872 16
1662 5817 1843 5873 omni-

251 5892 363 5948 bus
411 5885 519 5950 illis
546 5893 821 5959 versibus,
857 5909 998 5961 quos
1031 5885 1298 5949 Bordatus
1342 5885 1651 5958 addiderat,
1689 5896 1843 5945 sexto

1953 5459 2350 5532 Sylliurgio,’si
2404 5459 2969 5532 accuratius‘summa
3017 5463 3543 5532 computetur,“pro

1949 5523 2018 5589 8O
2065 5520 2279 5587 tantum
2321 5532 2386 5586 67
2427 5545 2618 5585 versus
2655 5544 2682 5581 a
2712 5527 2948 5580 Boi-dato
2980 5520 3178 5592 adjecti
3221 5532 3371 5578 sunt.
3404 5520 3539 5576 Nam

1950 5612 2107 5662 sexto
2147 5604 2311 5673 capiti
2366 5615 2478 5655 uno
2525 5601 2828 5673 eodemque
2873 5597 2928 5650 itt
2972 5593 3204 5673 loc_o_58
3237 5608 3429 5673 versus
3469 5592 3544 5646 ab

1949 5692 2017 5731 eo
2067 5664 2462 5737 sunt'additi;
2521 5664 2757 5739 septimo
2803 5667 3250 5739 unus,‘~ultimus
3290 5664 3540 5739 scilicet;

1948 5746 2296 5805 duodecimo,
2339 5733 2527 5796 decem
2555 5733 2827 5807 {decimo
2867 5735 3051 5796 tertio,
3095 5748 3274 5807 unus;
3321 5733 3540 5788 decimo

1950 5824 2149 5887 quarto
2183 5829 2313 5880 sex;
2344 5805 2575 5887 t_lecitno'_
2588 5810 2804 5887 quinto,
2830 5814 3102 5887 quatuor;
3135 5805 3350 5887 decimo
3379 5809 3536 5859 octa-

1953 5873 2042 5956 vo,
2085 5895 2230 5952 tres;
2267 5873 2496 5956 reliquis
2526 5873 2660 5936 niliil
2701 5873 2862 5950 plane
2892 5876 3157 5933 additum.
3194 5873 3369 5932 Han
