3982 6426
465 345 556 402 751

1700 337 1912 397 NONNI
1952 329 2462 391 PANOPOLITAM

3614 333 3701 388 73'»!

463 471 581 518 erat
607 461 915 529 intelligens
942 458 1151 519 lumen,
1184 458 1281 513 sed
1311 466 1372 515 ut
1403 457 1582 514 solum
1617 454 1887 512 Omnibus
1915 469 2045 524 ape-

2153 450 2328 502 Πᾶσιν
2351 449 2680 516 ἀναπτύξειε
2719 447 2980 519 οεηγόρον
3015 445 3344 520 ἀνθερεῶνα,

463 559 595 609 riret
636 553 1039 622 diviniloquum
1095 561 1340 606 mentum
1376 551 1457 627 [id
1497 560 1574 605 est
1606 548 1695 621 os]
1725 547 1790 602 Et
1826 547 2049 602 luminis

460 660 768 716 praecursor
787 660 894 698 non
927 643 1204 714 prmdicati
1230 653 1540 714 appareret,
1569 641 1873 696 Commune
1894 639 2049 693 testi-

463 736 707 789 monium
761 733 954 789 dicens
994 733 1162 788 Deum
1192 734 1476 804 recipienti
1504 733 1723 803 populo.
1759 731 1790 786 9
1833 728 2047 783 Etenim

463 837 564 876 suo
611 838 738 876 cum
782 823 945 878 Patre
989 839 1179 878 verum
1223 824 1560 894 primitivum
1611 821 1794 875 lumen
1846 817 2052 888 Unige-

461 915 636 968 nitum
671 913 909 970 Verbum
946 923 1086 982 erat,
1133 915 1280 985 quod
1319 915 1592 969 hominem
1629 926 1846 967 omnem
1890 925 2050 964 mun-

463 1005 578 1068 dat,
611 1003 1009 1074 Spiritualibus
1054 1005 1224 1059 radiis
1255 1005 1539 1059 illustrans
1578 1010 1832 1057 naturam
1867 999 2048 1055 homi-

462 1109 590 1148 num
651 1094 706 1165 4
736 1093 1083 1149 Venientium
1128 1095 1183 1148 in
1232 1101 1454 1148 terram.
1503 1094 1570 1148 10
1615 1091 1741 1146 Erat
1781 1100 1962 1146 autent
1993 1091 2049 1145 in

463 1185 751 1239 incredulo
786 1185 995 1240 mundo
1033 1185 1390 1256 Improvisus,
1432 1194 1486 1240 et
1524 1184 1766 1240 mundus
1802 1183 2050 1238 inﬁnitus

461 1285 581 1332 erat
607 1294 702 1348 per
731 1278 935 1348 ipsum,
971 1276 1038 1330 Et
1066 1275 1306 1331 Verbum
1345 1292 1454 1330 non
1491 1276 1749 1346 cognovit
1782 1274 2048 1329 advenam

463 1371 703 1426 mundus
729 1386 943 1427 errans.
981 1371 1044 1425 11
1079 1369 1256 1442 Prope
1281 1377 1400 1425 erat
1430 1368 1574 1440 apud
1599 1383 1767 1436 suos;
1801 1367 1887 1422 sui
1917 1381 2050 1422 vero

463 1467 640 1534 ipsum
686 1463 979 1532 insipiente
1023 1462 1177 1517 rabie
1228 1460 1298 1515 Ut
1341 1461 1613 1532 hospitem
1657 1475 1766 1515 non
1811 1459 2050 1514 honora-

459 1557 612 1611 bant.
649 1555 718 1608 12
751 1556 854 1622 Qui
889 1570 1022 1609 vero
1068 1555 1246 1625 ipsum
1289 1552 1542 1624 prudenti
1585 1552 1773 1606 animo
1804 1551 1923 1610 Non
1960 1566 2050 1607 er-

458 1657 649 1701 rantes
682 1652 1062 1716 susceperunt,
1103 1655 1158 1700 et
1210 1660 1318 1699 non
1364 1651 1601 1699 mentem
1638 1643 1914 1698 habebant
1960 1656 2053 1698 er-

459 1749 694 1800 rantem,
746 1738 1037 1792 Ctelestem
1077 1736 1341 1791 omnibus
1381 1751 1552 1790 unum
1597 1736 1820 1791 donavit
1867 1736 2048 1791 hono-

2153 542 2263 594 Kal.
2293 542 2460 610 φάεος
2492 538 2857 614 προκέλευθος
2888 538 3220 609 ἀκηρύκτοιο
3247 540 3459 611 φανείη,

2152 631 2328 702 Ξυνὴν
2366 633 2674 705 μαρτυρίην
2710 631 2920 684 ἐνέπων
2947 631 3411 704 θεοδέγμονιλαῷ.

2151 720 2186 776 9
2213 722 2322 774 Kal.
2351 721 2460 792 γάρ
2481 721 2572 775 ἐοῦ
2597 720 2734 792 μετὰ
2763 719 2976 791 Πατρὸς
2998 721 3270 790 ἐτήτυμον
3293 720 3582 792 ἀρχέγονον
3606 731 3706 793 φῶς

2149 809 2502 880 Μουνογενὴς
2535 810 2707 878 Λόγος
2731 806 2848 880 ἦεν,
2883 809 2942 873 ὃς
2971 808 3141 880 ἀνέρα
3175 809 3352 862 πάντα
3387 811 3645 882 καθαίρει,

2152 903 2566 972 Πνευματικαῖς
2588 902 2770 954 ἀκτῖσι
2797 916 2999 966 καταυγ
3011 899 3155 963 ἀζων
3179 899 3341 969 φύσιν
3371 901 3576 971 ἀνδρῶν

2151 989 2203 1062 5
2249 991 2588 1064 Ἐρχομένων
2622 991 2714 1044 ἐπὶ
2743 993 2924 1060 γαῖαν.
2950 990 3017 1046 10
3047 991 3183 1061 Ἔην
3216 990 3259 1042 δ’
3289 991 3348 1044 ἐν
3377 991 3590 1045 ἀπειθέῖ
3629 995 3705 1048 κό-

3513 1099 3649 1155 lci“?

2164 1178 2475 1251 ’Λπροῖδὴς,
2507 1177 2604 1233 xal.
2631 1177 2832 1248 κόσμος
2853 1176 3133 1249 ἀπείριτος
3159 1175 3286 1230 ἔσκε
3311 1177 3379 1230 δι’
3407 1177 3594 1242 αὑτοῦ,

2151 1270 2262 1322 Kal
2291 1266 2463 1336 Λόγον
2491 1268 2554 1321 ού
2585 1266 2855 1336 γίνωσκεν
2887 1264 3127 1337 ἐπήλυδα
3160 1265 3363 1335 κόσμος
3392 1264 3602 1336 ἀλήτης.

2153 1359 2214 1413 11
2263 1358 2464 1428 Ἐγγὺς
2495 1357 2590 1429 έην
2621 1356 2788 1420 ἰδίων,
2816 1355 2936 1409 ίδιοι
2968 1355 3026 1410 δέ
3064 1371 3154 1426 μιν
3182 1355 3378 1427 ἄφρονι
3396 1352 3584 1425 λύσσῃ,

2162 1451 2251 1515 Ὦς
2277 1451 2427 1518 ξένον
2452 1490 2468 1515 ,
2507 1449 2608 1503 οὐκ
2649 1447 2956 1520 ἐγέραιρον.
2998 1446 3064 1502 12
3100 1446 3255 1499 Ὅσοι
3284 1445 3341 1498 δέ
3377 1461 3466 1516 μιν
3504 1443 3706 1516 ἔμφρονι

3478 1536 3648 1610 [θυμῷ

2163 1635 2455 1698 Ἀπλανέες
2488 1633 2730 1701 δέξαντο,
2761 1633 2858 1686 καὶ
2888 1631 2950 1684 οὐ
2979 1631 3097 1685 νόον
3128 1623 3275 1702 εἶχον
3299 1630 3526 1703 ἀλήτην,

2152 1727 2425 1798 οὐρανίην
2455 1727 2717 1780 πάντεσσι
2743 1725 2874 1796 μίαν
2904 1723 3192 1796 δωρή-σατο
3231 1723 3419 1795 τιμὴν,

458 1846 597 1894 rem,
632 1828 756 1884 Filii
791 1828 884 1884 Dei
911 1829 1089 1882 Patris
1123 1842 1340 1898 semper
1367 1827 1476 1883 vivi
1514 1837 1574 1881 ut
1606 1828 1955 1895 dicerentur,
1978 1827 2048 1882 15

2153 1820 2331 1874 Τέκνα
2355 1818 2492 1872 Θεοῦ
2524 1817 2824 1888 Γενετῆρος
2853 1815 3171 1880 ἀειζώοντος
3195 1814 3436 1880 ἀκούειν,

459 1918 611 1986 Quos
654 1927 850 1974 natura
899 1933 1007 1974 non
1051 1919 1264 1990 peperit
1307 1933 1601 1988 puerpera,
1639 1933 1748 1973 non
1793 1919 1904 1973 vita
1949 1932 2044 1973 co-

460 2012 649 2085 gnovit
689 2011 955 2066 Humana:
996 2026 1221 2082 germen
1262 2011 1600 2074 voluntatis;
1646 2025 1826 2080 neque
1864 2010 2045 2082 ipsum

458 2105 656 2161 Carnis
703 2120 892 2160 amore
941 2103 1108 2176 geniti
1159 2104 1404 2175 nuptiale
1460 2104 1637 2158 aravit
1682 2104 1885 2170 cubile,
1941 2101 2048 2158 Sed

460 2198 556 2254 Dei
594 2198 706 2253 nati
742 2207 870 2252 sunt
901 2212 1010 2252 non
1044 2197 1186 2250 arati
1220 2197 1315 2251 lilii
1373 2195 1574 2252 Patris.
1611 2196 1679 2250 M
1713 2195 1781 2250 Et
1806 2195 2046 2251 Verbum

458 2306 556 2362 per
586 2306 646 2346 se
666 2293 945 2347 exsistens
974 2303 1106 2344 caro
1133 2289 1335 2344 factum
1369 2296 1474 2353 est,
1513 2288 1658 2343 Deus
1694 2288 1880 2352 homo,
1913 2286 2048 2343 Sero

457 2383 728 2452 genitum,
769 2383 925 2453 prius
953 2383 1222 2454 genitum,
1266 2379 1529 2436 ineffabili
1561 2380 1798 2452 quodam
1827 2380 2049 2435 vinculo

456 2477 803 2533 Consocians
855 2477 1099 2532 divinam
1155 2477 1374 2532 mortali
1419 2491 1736 2547 comparem
1790 2475 2044 2531 formam.

459 2571 525 2625 Et
555 2570 698 2626 Deus
739 2568 965 2623 domum
1015 2570 1252 2624 incoluit
1294 2585 1421 2625 cum
1465 2569 1803 2633 hominibus,
1844 2575 1899 2624 et
1932 2569 2050 2640 glo—

457 2663 596 2714 riam
629 2660 754 2729 ejus
781 2657 1038 2714 Vidimus
1066 2659 1326 2714 humanis
1357 2659 1554 2725 oculis,
1581 2659 1743 2729 quasi
1785 2659 2047 2714 honorem

460 2750 581 2804 Filii
611 2749 880 2821 unigeniti
914 2749 984 2804 ab
1011 2749 1285 2804 altissimo
1311 2748 1492 2806 Patre.
1518 2749 1583 2803 Et
1605 2749 1780 2820 gratia
1811 2751 2050 2822 repletus

458 2849 564 2906 est,
601 2849 656 2896 et
686 2841 914 2897 veritate
936 2839 1144 2897 Patris.

531 2935 600 2988 15
645 2934 717 2990 De
757 2936 1045 3006 earnigero
1111 2941 1293 2989 autem
1353 2933 1533 2991 Verbo
1584 2934 1925 3005 praenuntius
1965 2933 2050 2988 vir

457 3025 657 3082 Castus
696 3025 937 3082 Joannes
977 3026 1324 3082 conﬁrmavit
1369 3026 1756 3082 testiﬁcantem
1798 3041 1986 3082 vocem
2029 3045 2043 3081 :

2153 1911 2219 1965 lZ
2247 1907 2356 1973 Οὓς
2389 1906 2552 1978 φύσις
2571 1906 2671 1959 οὐκ
2705 1904 2862 1960 ὢδινε
2900 1904 3154 1976 λεχωῖὰς,
3178 1905 3242 1958 ού
3259 1903 3376 1974 βίος
3410 1903 3547 1972 ἔγνω

2163 1999 2488 2071 Ἀνδρομέου
2524 1995 2816 2068 βλάστημα
2849 1995 3176 2066 θελήματος,
3213 1993 3340 2046 οὐδὲ
3373 1993 3466 2048 καὶ
3493 1989 3621 2061 αὑτὴ

2151 2091 2359 2164 Σαρκδς
2385 2088 2737 2163 ἐρωτοτόκοιο
2771 2087 3042 2158 γαμήλιος
3071 2087 3270 2158 ἧροσεν
3295 2084 3446 2154 εὐνὴ,

2163 2177 2324 2238 Ἀλλὰ
2353 2183 2488 2236 Θεοῦ
2511 2180 2776 2251 γεγάασιν
2809 2179 3048 2250 ἀνήροτα
3077 2178 3248 2230 τέκνα
3268 2176 3495 2247 Τοκῆος.

2152 2279 2220 2334 14
2255 2278 2366 2332 Kal.
2401 2277 2574 2346 Λόγος
2604 2273 2986 2337 αύτοτέλεστος
3007 2271 3300 2344 ἐσαρκώθη
3327 2272 3458 2335 Θεὸς
3474 2269 3622 2342 ἀνὴρ,

2163 2367 2470 2437 Ὀψίγονος,
2510 2363 2894 2436 προγένεθλος,
2929 2363 2988 2414 ἐν
3017 2362 3243 2434 ﬁtﬁt“?
3261 2362 3369 2415 τινὶ
3400 2360 3574 2431 δεσμῷ

2150 2455 2408 2518 Ξυνὼσας
2441 2453 2643 2525 ζαθέην
2674 2451 2969 2524 βροτοειδέῖ
2991 2451 3202 2519 σύζυγα
3229 2452 3462 2522 μορφήν.

2151 2547 2261 2601 Kal.
2297 2545 2432 2608 Θεὸς
2469 2541 2618 2598 οἷκον
2648 2543 2794 2597 ἐναιε
2841 2543 2937 2596 σὺν
2967 2541 3218 2613 ἀνδράσι,
3262 2541 3356 2594 καὶ
3393 2540 3541 2604 κλέος
3566 2538 3706 2596 αὐτοῦ

2151 2637 2382 2708 Εζδομεν
2409 2635 2787 2706 ἀνδρομέοισιν
2821 2634 2878 2688 ἐν
2906 2633 3168 2704 ὄμμασιν,
3207 2627 3301 2686 οἷά
3323 2649 3381 2686 τε
3406 2632 3562 2703 τιμὴν

2152 2728 2284 2782 Υίοῦ
2319 2726 2666 2799 μουνογόνοιο
2704 2725 2834 2799 παρ’
2865 2725 3110 2794 ὑψίστοιο
3140 2724 3374 2793 Τοκῆος.

2151 2819 2264 2872 Kal
2291 2818 2512 2890 χάριτος
2545 2816 2813 2888 πέπληθε,
2845 2816 2938 2869 καὶ
2957 2815 3221 2886 ἀτρεκίης
3258 2813 3566 2884 Γενετῆρος.

2225 2911 2294 2966 15
2336 2911 2506 2982 Ἀμφὶ
2538 2909 2594 2964 δέ
2626 2890 3564 2980 σαρκοφόροιοΛόγουῖπρωτάγγελος
3589 2904 3706 2974 ἀνὴρ

2111 3046 2126 3066 ,.
2165 3004 2354 3073 ’Δγνὸς
2389 3003 2643 3074 Ἰωάννης
2671 3001 2982 3055 πιστώσατο
3015 3001 3276 3073 μάρτυρα
3303 2999 3488 3072 φωνήν
3508 3013 3522 3029 ⁶

458 3118 559 3173 llic
604 3124 689 3173 est
727 3131 892 3187 quem
936 3116 1050 3172 dixi
1085 3116 1553 3186 irreprehensibili
1603 3132 1858 3173 sermone
1899 3136 1915 3173 :
1967 3117 2048 3174 Me

2153 3087 2321 3160 Οὗτος
2354 3093 2448 3166 ἔην
2474 3093 2531 3147 ὃν
2558 3092 2738 3146 ἐειπον
2765 3091 3051 3164 ἀμωμήτῳ
3082 3090 3163 3146 ἐνὶ
3195 3090 3376 3162 μύθῳ·

458 3182 771 3273 antecessit,
803 3208 1073 3278 posterior
1102 3182 1383 3278 qui—venit,
1405 3207 1544 3275 Quia
1559 3225 1646 3264 me
1657 3211 1960 3281 priorerat.
1976 3210 2042 3267 16

2156 3187 2380 3260 Πρῶτος
2410 3188 2561 3258 ἐμεῖο
2591 3183 2844 3256 βέϐηκεν,
2873 3183 3160 3255 όπίστερος
3190 3184 3342 3248 ὅστις
3370 3182 3560 3245 ἱκάνει,

456 3301 592 3356 Nam
639 3315 832 3356 omnes
880 3301 952 3356 ab
1006 3301 1128 3372 ipso
1167 3300 1496 3370 Accepimus
1557 3301 1759 3358 divinae
1801 3303 2044 3374 plenitu-

457 3393 604 3448 dinls
631 3406 811 3447 seram
831 3391 992 3445 aliam
1014 3389 1335 3461 Oppositam
1361 3391 1531 3462 priori
1555 3393 1744 3462 gratia:
1763 3395 1996 3465 gratiam
2022 3415 2037 3451 :

458 3485 529 3538 17
570 3483 696 3553 quia
721 3483 856 3551 legis
888 3482 1112 3537 Librum
1137 3481 1309 3538 totius
1343 3480 1504 3538 Pater
1541 3499 1640 3553 per
1668 3484 1875 3541 Mosem
1904 3502 2042 3556 pra:—

459 3575 576 3630 huit
607 3575 832 3646 p0pulo,
870 3573 936 3628 Et
965 3574 1146 3645 gratia
1182 3589 1250 3630 ex
1293 3574 1537 3642 Christo,
1569 3585 1626 3634 et
1663 3579 1869 3634 veritas
1893 3580 2043 3634 venit

460 3665 688 3721 mundo.
723 3665 790 3720 18
837 3664 903 3718 Et
950 3663 1121 3720 Deum
1161 3681 1259 3737 per
1302 3681 1362 3724 se
1401 3670 1648 3739 genitum
1693 3677 1887 3726 contra
1918 3685 2045 3742 gra-

459 3757 741 3812 dientibus
765 3757 942 3813 oculis
973 3755 1264 3828 Nunquam
1305 3759 1507 3830 aliquis
1533 3760 1706 3830 vidit;
1749 3777 1854 3819 suo
1882 3779 2046 3819 enar-

459 3851 606 3904 rav-it
665 3865 917 3906 sermone
961 3850 1056 3908 Ille
1085 3853 1273 3908 divino
1308 3854 1637 3910 observatus
1677 3863 1948 3912 consueto
1991 3857 2046 3912 in

461 3941 610 4005 sinu,
639 3938 989 4011 Unigenitus,
1022 3943 1188 3998 simul
1216 3945 1510 4002 ambulans
1541 3961 1669 4002 cum
1697 3947 2048 4020 irreprehen~

459 4044 606 4099 sibili
659 4043 844 4101 Patre.
893 4045 961 4101 19
1007 4045 1330 4104 Testimonii
1379 4065 1510 4106 vero
1566 4051 1655 4107 hic
1703 4066 1791 4108 εει
1840 4068 2046 4120 sermo,

459 4167 620 4220 quem
667 4151 964 4208 immortali
999 4155 1238 4225 quadam
1271 4167 1406 4212 voce
1453 4155 1658 4214 Fidelis
1685 4155 1927 4217 Joannes
1954 4174 2051 4216 ve-

459 4257 709 4329 riloquus
740 4259 877 4316 dixit
905 4259 962 4332 6
993 4275 1194 4332 praeco,
1229 4255 1589 4318 Hebraeorum
1627 4263 1848 4336 quando
1876 4281 2052 4338 popu-

457 4361 545 4419 lus
585 4363 819 4422 desertae
859 4366 926 4422 ad
969 4367 1196 4424 dorsum
1230 4367 1383 4424 silvze
1415 4367 1636 4427 Levitas
1670 4373 1958 4442 praemisit,
1997 4385 2051 4432 et

2149 3280 2304 3332 Ὅττι
2335 3296 2436 3350 μευ
2465 3273 2534 3350 ἦν
2561 3276 2896 3349 πρώτιστος·
2916 3273 2976 3330 16
3017 3276 3100 3329 ὅτι
3134 3274 3450 3348 ξύμπαντες
3467 3273 3555 3328 ἀπ’
3570 3266 3706 3324 αὑτοῦ

2159 3369 2448 3442 Ἠράμεθα
2479 3368 2674 3434 ζαθέου
2710 3367 3076 3439 πληρώματος
3102 3367 3307 3440 ὄψιμον
3333 3367 3496 3438 ἀλλην

2159 3461 2460 3516 ’Λντίθετον
2479 3462 2751 3534 προτέρης
2764 3462 2985 3534 χάριτος
3012 3460 3199 3533 χάρινο
3228 3460 3295 3514 17
3339 3462 3453 3516 ὅττι
3475 3454 3707 3528 θεμίστων

2148 3554 2338 3607 Βίϐλον
2364 3553 2500 3607 ὅλων
2527 3553 2758 3625 Γενέτης
2784 3552 2871 3606 διὰ
2908 3551 3137 3616 Μωσέος
3172 3549 3370 3604 ὤπασε
3393 3548 3525 3620 λαῷ,

2147 3647 2259 3700 Kal.
2281 3645 2440 3717 χάρις
2471 3646 2535 3699 ἐκ
2566 3645 2844 3716 Χριστοῖο,
2883 3645 2979 3700 καὶ
3018 3642 3251 3716 ἀτρεκίη
3283 3642 3412 3696 πέλε
3440 3641 3632 3709 κόσμῳ.

2150 3739 2219 3794 18
2247 3739 2354 3792 Kal
2383 3737 2516 3797 Θεὸν
2546 3737 2929 3807 αὐτογένεθλον
2959 3738 3016 3792 ἐν
3048 3736 3421 3808 ἀντιπόροισιν
3449 3729 3669 3790 ὀπωπαῖς

2152 3829 2364 3884 Ούποτέ
2389 3847 2474 3894 τις
2508 3827 2840 3894 σκοπίαζενο
2871 3829 2945 3902 ἐῷ
2965 3827 3298 3899 διεπέφραδε
3329 3826 3485 3899 μύθῳ

2151 3924 2347 3988 Κεῖνος
2376 3924 2406 3976 δ
2432 3922 2707 3995 θεσπεσίῳ
2740 3919 3121 3995 μεμελημένος
3136 3920 3300 3992 ὴθάδι
3335 3920 3515 3989 κόλπῳ

2151 4015 2520 4088 Μουνογενὴς,
2557 4015 2844 4087 ὁμόφοιτος
2881 4013 3204 4086 ἀμωμήτοιο
3229 4014 3456 4085 Τοκῆος.

2153 4106 2220 4162 19
2253 4099 2578 4178 Μαρτυκρίης
2613 4105 2657 4159 δ’
2687 4104 2773 4160 ὅδε
2815 4103 3006 4176 μῦθος,
3041 4101 3102 4157 δν
3141 4102 3422 4174 ἀμϐροσίῃ
3451 4099 3553 4155 τινὶ
3575 4094 3704 4167 φωνῇ

2153 4199 2352 4264 Πιστὸς
2404 4199 2655 4269 Ἰωάννης
2679 4196 3008 4269 ἐτυμόθροος
3032 4195 3225 4252 ἔννεπε
3253 4193 3448 4267 κήρυξ,

2159 4291 2211 4361 7
2255 4289 2522 4360 Ἐϐραίων
2558 4289 2644 4342 ὅτε
2669 4288 2797 4352 λαὸς
2826 4287 3099 4361 ἐρημάδος
3126 4289 3204 4352 είς
3222 4287 3385 4358 ῥάχιν
3400 4284 3528 4355 ῦλης

2155 4383 2389 4447 Λευῖτας
2419 4380 2700 4452 προΐαλλε,
2727 4378 2818 4434 καὶ
2843 4379 3157 4451 ἀγρύπνους
3183 4378 3397 4451 ίερῆας,

1674 4544 1954 4607 TEXTUS
1992 4552 2527 4613 EVANGELISTIE.

533 4680 780 4776 9ξ11νμτὸ
803 4683 919 4753 φῶς
936 4685 996 4776 τὸ
1027 4683 1302 4776 ἀληθινὸν,
1327 4685 1358 4739 6
1384 4685 1607 4755 φωτίζει
1633 4689 1814 4746 πάντα
1840 4692 2051 4766 ἀνθρω-
2083 4719 2127 4776 D
2155 4698 2496 4770 Μονογενοῦς
2523 4698 2676 4772 παρά
2717 4699 2955 4772 Πατρὸς)
2985 4697 3200 4771 πλήρης
3235 4698 3458 4770 χάριτος
3484 4693 3570 4749 καὶ
3594 4689 3699 4758 ἀληο

461 4787 563 4824 πον
586 4769 885 4840 ἐρχόμενον
911 4769 992 4832 εις
1018 4768 1112 4822 τὸν
1139 4769 1370 4840 κόσμον.

531 4867 600 4922 10
644 4866 733 4918 Ἐν
763 4864 844 4936 τῷ
872 4865 1063 4936 κόσμῳ
1087 4860 1180 4936 ἦν,
1213 4865 1309 4919 καὶ
1340 4865 1370 4918 6
1404 4863 1610 4936 κόσμος
1636 4866 1704 4921 δι’
1731 4869 1902 4926 αὐτοῦ
1927 4873 2049 4942 ἐγέ-

462 4966 607 5003 νετο’
641 4950 736 5003 καὶ
763 4951 790 5002 ὁ
813 4949 1018 5019 κόσμος
1038 4950 1200 5004 αὐτὸν
1223 4951 1323 5005 οῦκ
1358 4952 1520 5022 ἐγνω.

531 5047 591 5099 11
616 5047 710 5110 El;
726 5045 792 5099 τὰ
812 5046 919 5100 ἴδια
933 5041 1087 5117 ἦλθε,
1113 5049 1209 5102 καὶ
1229 5049 1278 5102 oi
1303 5048 1424 5103 ἴδιοι
1452 5051 1616 5105 αὐτὸν
1638 5053 1699 5106 ού
1719 5051 2047 5126 παρέλαϐον’

531 5141 602 5196 12
637 5142 791 5195 Ὅσοι
818 5143 874 5196 δέ
903 5143 1095 5199 ἔλαϐον
1124 5145 1308 5210 αὐτὸν,
1351 5146 1552 5201 ἔδωκεν
1579 5148 1763 5214 αὐτοῖς
1795 5149 2051 5214 ἐξουσίαν

463 5224 630 5278 τέκνα
649 5225 784 5278 Θεοῦ
807 5225 1082 5293 γενέσθαι,
1132 5232 1246 5292 τοῖς
1286 5230 1638 5285 πιστεύουσιν
1674 5235 1762 5296 ἐἰς
1791 5233 1853 5286 τὸ
1881 5232 2054 5303 ὄνομα

461 5324 652 5360 αυτουο

533 5404 605 5458 15
633 5403 695 5457 Οἳ
729 5403 829 5458 οὐκ
859 5403 918 5468 ἐξ
943 5405 1213 5476 αἱμάτων,
1246 5407 1369 5461 ούδέ
1403 5373 1466 5463 ἐκ
1489 5409 1798 5482 θελήματος
1829 5413 2050 5484 σαρκὸς,

460 5487 581 5621 (ἐύδέ
631 5487 696 5575 ἐκ
745 5488 1050 5560 θελήματος
1112 5490 1324 5561 ἀνδρὸς,
1381 5492 1498 5547 ἀλλ’
1542 5496 1605 5547 ἐκ
1646 5494 1782 5548 Θεοῦ
1821 5497 2054 5569 ἐγεννή-

497 5587 658 5625 ησαν.

538 5587 658 5625 σαν.

497 5587 604 5718 η14
635 5668 744 5719 Kal.
785 5669 812 5720 6
860 5669 1031 5736 Λόγος
1062 5667 1198 5739 σὰρξ
1225 5669 1443 5738 ἐγένετο
1468 5713 1482 5737 ,
1535 5673 1630 5727 καὶ
1655 5675 1964 5745 ἐσκήνωσεν
1993 5678 2051 5730 ἐν

466 5745 599 5816 ἡμῖν
653 5749 769 5818 (καὶ
831 5751 1173 5823 ἐθεασάμεθα
1226 5755 1328 5826 τὴν
1364 5755 1522 5820 δόξαν
1557 5755 1746 5823 αὑτοῦ,
1776 5756 1934 5825 δόξαν
1976 5759 2052 5823 ὡς

2157 4783 2326 4848 θείας.

2231 4867 2300 4922 15
2346 4868 2601 4940 Ἰωάννης
2629 4870 2900 4940 μαρτυρεῖ
2928 4866 3061 4938 περὶ
3105 4865 3307 4932 αὑτοῦ,
3345 4863 3440 4920 καὶ
3472 4858 3696 4931 κέκραγε.

2157 4949 2332 5020 λέγων
2353 4966 2366 4980 '
2400 4946 2567 5015 Οὗτος
2591 4947 2659 5023 ἦν
2686 4951 2744 5003 ὃν
2777 4947 2932 5005 εἷπον
2949 4968 2964 4984 ο
3006 4950 3066 5004 Ὀ
3086 4951 3262 5004 ὀπίσω
3293 4965 3394 5020 μου
3423 4942 3695 5017 ἐρχόμενος,

2158 5033 2468 5106 ἔμπροσθέν
2510 5051 2612 5105 μου
2640 5035 2862 5104 γέγονεν
2889 5052 2903 5066 ο
2928 5035 3009 5089 ὅτι
3037 5033 3256 5106 πρῶτός
3287 5049 3388 5104 μου
3407 5025 3493 5100 ἦν.

2233 5100 2300 5173 Hi
2320 5118 2427 5172 Kal
2453 5100 2522 5172 ἐκ
2530 5119 2624 5172 τοῦ
2649 5100 3018 5190 πληρώματος
3035 5100 3199 5172 αύτοῦ
3222 5100 3382 5187 ἡμεῖς
3399 5113 3585 5171 πάντες
3605 5100 3698 5158 ἐλιὶ⁴

2160 5201 2348 5274 ϐομεν,
2371 5203 2465 5257 καὶ
2485 5203 2644 5274 χάριν
2675 5203 2798 5258 ἀντὶ
2825 5203 3064 5274 χάριτος.

2237 5267 2300 5339 17
2331 5286 2455 5340 Ὅτι
2483 5267 2694 5357 όνόμος
2725 5267 3091 5348 διὰ-Μωσέως
3118 5283 3303 5353 ἐδόθη’
3337 5277 3542 5353 ήχάρις
3567 5269 3647 5326 καὶ
3670 5267 3696 5334 ἡ

2157 5369 2384 5442 ἀλήθεια
2411 5369 2499 5422 διὰ
2541 5368 2716 5438 Ἰησοῦ
2745 5368 2982 5440 Χριστοῦ
3007 5369 3243 5436 ἐγένετο.

2231 5433 2294 5507 18
2315 5451 2446 5505 Θεὸν
2473 5433 2643 5515 οὐδείς
2669 5433 2882 5524 ἑώρακε
2924 5433 3141 5505 πώποτε
3159 5466 3172 5481 ο
3206 5451 3235 5500 6
3266 5441 3551 5524 μονογενὴς
3570 5433 3694 5494 Υἱὸς,

2155 5538 2184 5590 6
2218 5535 2292 5590 ὢν
2315 5538 2394 5599 είς
2413 5535 2508 5589 τὸν
2534 5535 2735 5588 κόλπον
2750 5523 2853 5589 τοῦ
2897 5536 3131 5606 Πατρὸς,
3161 5535 3366 5594 ἐκεῖνος
3407 5523 3692 5606 ἐξηγήσαξο·

2231 5619 2300 5674 19
2328 5598 2438 5672 Kal.
2471 5618 2609 5690 αῦτη
2653 5619 2802 5672 ἐστὶν
2844 5620 2877 5690 ἡ
2910 5598 3186 5690 μαρτυρία
3214 5613 3308 5668 τοῦ
3349 5609 3592 5690 Ἰωάννοξιν
3619 5598 3693 5690 δτξ

2157 5672 2486 5756 ἀπέστειλαν
2525 5704 2574 5754 οἱ
2600 5672 2609 5690 Ι
2633 5672 2877 5756 Ἰουδαῖοί
2910 5672 2976 5768 ⁸ἐξ
2993 5672 3004 5690 ⁸
3024 5672 3418 5773 Ἱεροσολύμων
3441 5687 3590 5761 ἱερεῖς
3611 5672 3692 5735 καὶ

2160 5787 2413 5852 Λευῖτας,
2440 5789 2525 5841 ἵνα
2563 5787 2911 5858 ἐρωτήσωσιν
2937 5771 3131 5841 αὑτόν-ο
3163 5783 3233 5837 Σὺ
3262 5781 3343 5846 τίς
3369 5771 3441 5843 Et;
