3982 6398
294 374 402 433 τοι
1263 383 1753 446 PARAPHRASIS
1789 389 1859 446 IN
1893 391 2310 452 JOANNEM.-
2340 400 2495 459 CAP.
2528 400 2592 459 ll.

293 494 334 551 5
355 493 466 550 Kal
483 494 672 569 Μαρίη
693 495 966 569 δμώεσσιν
991 500 1250 558 ἐκέκλετο
1281 503 1439 561 τοῦτο
1471 507 1744 577 τελέσσαι,

291 584 537 658 Χριστὸς
564 587 702 659 ὅπερ
730 588 953 656 λέξειεν.
979 592 1013 646 6
1051 594 1350 669 ’Λμοιὸαίῳ
1373 598 1420 652 δ’
1450 601 1534 655 ἐνὶ
1565 602 1730 675 τοίχῳ

3475 417 3586 476 7θὲ

1917 521 1962 578 Α
1992 530 2096 571 mae
2128 531 2329 575 cursus
2360 522 2506 575 venit
2531 522 2822 581 circularis
2849 528 3017 584 hora.
3050 529 3085 584 5
3110 529 3175 585 Et
3204 529 3373 589 Maria
3395 532 3578 593 famu-

294 676 631 749 Κεκλιμένοι
658 682 937 754 στοιχηδὸν
965 685 1234 756 όμόζυγες
1259 690 1611 763 ἀμφιφορῆες

299 767 404 834 Ἐξ
428 768 615 837 ἕσσαν,
645 772 773 842 τρία
804 773 981 848 μέτρα
1009 779 1330 848 κεχανδότες
1355 781 1508 854 εὐρέϊ
1539 783 1745 856 κόλπῳ,

305 861 402 914 ‘Hs
427 861 559 915 δύω-
594 864 690 918 καὶ
713 863 944 931 ἕκαστος
986 867 1289 926 Ἰουδαίοισι
1315 873 1609 941 φυλάσσων

289 951 509 1025 Δαῖνέῳ
544 944 772 1009 κενεῶνι
802 958 1100 1030 καθάρσιον
1126 962 1316 1016 ἔϐλυεν
1349 963 1516 1037 ὕδωρ,

301 1042 499 1112 Ἀγνὸν
532 1044 699 1117 ὕδωρ.
734 1046 764 1099 7
790 1048 903 1101 Kal
925 1050 1165 1121 Χριστὸς
1198 1054 1622 1129 ὑποδρηστῆρας
1651 1057 1888 1129 ἐπείγων

288 1134 526 1205 Διψάδος
545 1136 850 1209 εἰλαπίνης,
880 1141 1152 1197 οίνοσσόον
1188 1144 1308 1215 ἴαχε
1334 1148 1532 1218 φωνήν

304 1226 641 1299 Ἀρτιχύτων
673 1229 883 1284 ὑδάτων
907 1232 1221 1304 ἐγκύμονας
1243 1236 1607 1311 ἀμφιφορῆας

288 1320 550 1391 Πλήσατέ
585 1338 698 1393 μοι.
731 1324 844 1377 Καὶ
876 1324 1087 1388 πάντας
1114 1327 1408 1397 ἀμοιϐαδὶς
1438 1330 1598 1385 ἄλλον
1626 1332 1713 1386 ἐπ’
1741 1334 1887 1408 ἄλλῳ

287 1412 562 1480 Νάματος
590 1414 899 1486 ὲπλήσαντο
925 1416 1224 1490 διάκτοροι,
1256 1420 1468 1476 εἰσόκεν
1492 1423 1675 1478 αὐτῶν

302 1504 651 1575 Ἀκροφανὴς
682 1504 905 1576 εὔῦδρος
933 1508 1202 1579 ἐπέστεφε
1231 1511 1407 1582 χεῖλος
1435 1512 1624 1588 ἐέρση.

290 1598 487 1667 ’Ἄφνω
521 1597 566 1652 δ’
592 1598 787 1652 ἔπλετο
811 1599 1021 1671 θαῦμα,
1053 1603 1147 1658 καὶ
1174 1605 1257 1669 είς
1287 1605 1446 1676 χύσιν
1481 1608 1711 1675 αἴθοπος
1740 1612 1884 1666 οίνου

283 1688 525 1759 Χιονέην
554 1689 758 1762 ήμειψε
786 1692 954 1764 χρόην
977 1695 1298 1767 έτερόχροον
1331 1696 1477 1771 ὕδωρ

284 1780 544 1851 Χεύματι
576 1783 932 1851 φοινίσσοντι,
958 1787 1055 1841 καὶ
1079 1789 1365 1859 ὑδροδόκου
1396 1790 1485 1846 διὰ
1518 1792 1743 1861 κόλπου,

286 1872 529 1937 ’Υδατος
561 1874 826 1946 ἀκρήτοιο
854 1877 1094 1946 φιλεύῖος
1125 1879 1317 1935 ἔπλεεν
1342 1882 1507 1955 αὔρη.

285 1964 323 2018 8
354 1963 579 2040 Οἰνώπῃ
603 1966 647 2019 δ’
673 1966 961 2022 ἐκέλευσεν
990 1971 1161 2038 Ἀναξ
1189 1974 1492 2049 σημάντορι
1526 1980 1701 2051 φωνῇ’

283 2056 578 2128 Κρηναίης
601 2058 861 2129 ἀρύοντες
890 2061 1212 2134 ύπωροφίης
1245 2066 1355 2120 ἀπὺ
1381 2066 1567 2139 ληνοῦ,

286 2145 595 2219 Εἰλαπίνης
619 2148 863 2219 μεδέοντι
891 2152 1189 2223 κομίσσατε
1219 2156 1456 2228 νήδυμον
1486 2158 1653 2232 ὕδωρ.

285 2241 357 2294 Ol.
384 2240 444 2295 δὲ
491 2240 661 2314 χύδην
687 2243 919 2315 ἀρύοντο
951 2237 1355 2303 παλιννόστοισι
1386 2250 1698 2317 κυπέλλοις.

285 2332 324 2387 9
353 2331 460 2387 Καὶ
489 2335 695 2407 ταμίης
719 2336 809 2390 ὅτε
832 2336 1014 2403 δαιτὸς
1036 2340 1298 2409 ἐγεύσατο
1323 2342 1562 2418 μάρτυρι
1591 2345 1774 2418 λαιμῷ

288 2424 556 2497 Νάματος
587 2427 902 2494 οίνωθέντος
927 2431 1276 2502 ὲρευθιόωντι
1309 2434 1537 2508 ῥεέθρῳ,

291 2517 373 2571 Οὐ
405 2518 505 2589 μὲν
543 2518 684 2591 ἀνὴρ
722 2520 886 2575 πόθεν
916 2518 1015 2594 ἦεν
1034 2522 1315 2579 ἐπίστατο·
1348 2526 1646 2599 ὑδροφόρος
1668 2529 1727 2583 δὲ

293 2610 460 2682 ’ῌδεε
483 2609 673 2683 λάτρις
701 2612 911 2683 ὅμιλος,
933 2613 992 2679 ὃς
1011 2614 1327 2688 ύγροχύτων
1353 2618 1463 2672 ἀπὸ
1496 2619 1713 2674 κόλπων

292 2702 528 2771 Ἀγγεσι
564 2702 795 2768 λαῖνέοις
820 2707 1178 2777 μετανάστιον
1206 2709 1414 2780 ήφυσεν
1448 2710 1613 2783 ὕδωρ.

295 2793 368 2850 10
391 2794 692 2865 Εἰλαπίνης
721 2797 843 2851 τότε
872 2799 1091 2869 πομπὸς
1117 2798 1225 2854 ἔσω
1263 2802 1525 2875 μεγάροιο
1556 2802 1829 2870 καλέσσας

292 2882 553 2955 Νυμφίον
571 2886 981 2959 ἀμιχόρευτον,
1006 2889 1082 2962 έῷ
1104 2893 1489 2963 προσπτύξατο
1515 2895 1668 2967 μύθῳ
1685 2912 1702 2927 ο

294 2972 405 3046 18
423 2976 536 3039 Πᾶς
556 2976 657 3047 μὲν
677 2976 838 3049 ἀνὴρ,
863 2977 987 3050 πρώ
999 2997 1172 3036 τιστον
1192 2983 1421 3055 ὲΰχροον
1437 2980 1580 3041 οἶνον
1598 2987 1877 3058 ἀφύσσων,

288 3064 636 3136 Κιρνάμενος
661 3066 972 3140 προτίθησι,
1009 3068 1397 3142 βαρυνομένων
1422 3074 1479 3128 δὲ
1498 3077 1756 3149 καρήνων

293 3154 532 3227 Ἀνδρας
556 3154 680 3211 ἰδὼν
705 3157 1023 3228 μεθύοντας,
1052 3161 1318 3217 ἐλάσσονα
1343 3164 1596 3236 δεύτερον
1616 3163 1758 3222 οἶνον

302 3245 435 3317 Ὀψὲ
467 3246 641 3319 φέρει⁸
679 3249 745 3302 σὺ
784 3249 842 3303 δὲ
876 3251 1063 3306 τοῦτον
1095 3253 1397 3327 ὑπέρτερον
1425 3256 1639 3311 ἔνδοθεν
1670 3257 1823 3312 οἴκου

289 3329 449 3390 Οἶνον
478 3336 619 3408 ἔχων
643 3338 916 3408 ὲφύλαξας
942 3340 1048 3405 ἕως
1072 3342 1202 3398 πέλε
1240 3343 1476 3409 λοίσθιος
1504 3345 1647 3418 ὥρη.

289 3428 354 3482 il
390 3429 753 3502 Πρωτοφανὲς
784 3432 903 3487 τόδε
937 3433 1122 3506 θαῦμα
1155 3434 1481 3510 φιλακρήτῳ
1506 3440 1662 3511 παρὰ
1686 3439 1882 3512 παστῷ

302 3520 512 3590 Ἰησοῦς
548 3522 852 3589 ἐτέλεσσεν,
888 3526 995 3597 ὅπη
1022 3527 1333 3585 Καναναῖον
1361 3530 1549 3584 ἀκούει

292 3614 507 3668 Ἔνδιον
533 3615 875 3687 αίπύδμητον
905 3619 1297 3692 ἀκερσεκόμων
1325 3621 1650 3678 Γαλιλαίων.

301 3703 575 3775 Ἑϐραίοις
596 3705 641 3758 δ’
670 3706 937 3779 ἀνέφηνεν
961 3709 1056 3782 ἑὴν
1090 3711 1370 3783 ὑψαύχενα
1397 3715 1567 3786 τιμὴν

288 3797 559 3869 Διψαλέην
587 3801 739 3872 παρά
759 3803 936 3857 δαῖτασ
966 3802 1314 3877 διχοστασίην
1344 3806 1402 3860 δὲ
1428 3808 1682 3880 μενοινῆς

290 3887 519 3941 Ἤθεσιν
550 3888 887 3947 ἀκλινέεσσιν
919 3891 1291 3950 ἐπιστώσαντο
1322 3896 1579 3967 μαθηταί.

288 3979 359 4034 12
390 3981 467 4033 Οὐ
484 3980 585 4050 μὲν
617 3976 783 4050 Ἀναξ
811 3981 1005 4055 δήθυνσ
1029 3984 1191 4039 πέδον
1205 3987 1516 4041 Καναναῖον
1542 3986 1740 4042 ἀκοῦον

287 4065 606 4138 Νυμφιδίην
639 4069 779 4138 μετά
804 4070 962 4126 δαῖτα
993 4072 1381 4143 μεθυσφαλέων
1406 4075 1703 4146 ὑμεναίων,

301 4157 465 4211 Ἀλλά
492 4160 874 4233 Καφαρναοὺμ
905 4162 1239 4233 ἀλιγείτονος
1260 4166 1462 4239 ἕδρανα
1480 4166 1701 4238 βαίνων,

172 4228 178 4233 ”
288 4247 567 4318 Νόστιμον
600 4250 746 4320 ἴχνος
771 4228 1019 4323 ἔκαμψε,⁷
1042 4228 1367 4312 καταιδάτίν
1390 4228 1550 4331 οἶμον
1572 4228 1773 4314 ὁδεύων

289 4338 487 4403 Αὐτὸς,
518 4339 656 4412 ὁμοῦ
690 4343 888 4411 γνωτοί
917 4362 979 4398 τε
1007 4347 1322 4418 συνήλυδες’
1348 4349 1628 4421 αὐτογόνῳ
1650 4350 1709 4406 δὲ

289 4430 568 4497 Παρθένος
591 4433 891 4507 ὡμάρτησε
922 4437 1194 4509 Θεητόκος
1219 4439 1328 4494 υἱέϊ
1354 4442 1558 4514 μήτηρ·

293 4514 416 4574 Οἶσι
442 4521 880 4599 δυωδεκάριθμος
908 4528 1199 4600 ὁμόστολος
1216 4528 1362 4604 εἶχεν
1394 4533 1596 4589 ὁδεύων

306 4613 602 4686 ’Δγχιθέων
632 4619 760 4692 μίαν
797 4617 956 4693 οἷμον
985 4622 1273 4698 ὀπίστερος
1293 4628 1459 4700 ἐσμὸς
1480 4630 1733 4704 ἑταίρων.

1995 607 2080 662 los
2105 610 2316 665 vocavit
2343 618 2402 666 ut
2429 613 2533 669 hoc
2554 616 2902 685 perficerent,
2934 618 3190 678 Christus
3213 627 3582 701 quodcunque

1993 698 2245 757 dixisset.
2282 702 2316 757 6
2344 703 2611 775 Opposita
2639 717 2819 763 autem
2847 710 3139 782 in'paricte
3164 713 3456 774 Beclinatae
3486 698 3581 775 or-

1992 791 2121 848 dine
2159 796 2472 865 conjunctae
2493 801 2772 869 amphorae
2803 801 2907 857 Sex
2940 813 3117 870 erant,
3153 817 3264 863 tres
3289 825 3578 869 mensuras

1990 885 2272 955 capientes
2317 886 2426 942 lato
2464 889 2610 956 sinu,
2656 890 2751 948 Vel
2790 893 2962 950 duas;
2988 902 3042 951 et
3077 898 3331 967 quaelibet
3375 899 3578 961 Judaeis

1989 979 2311 1035 custodiens
2348 979 2617 1050 Lapidosa
2644 986 2879 1039 cavitate
2916 985 3199 1043 lustralem
3242 994 3579 1049 scaturiebat

1990 1082 2212 1139 aquam,
2249 1069 2448 1126 Puram
2477 1087 2698 1144 aquam.
2729 1076 2760 1130 7
2784 1075 2848 1130 Et
2885 1078 3143 1135 Christus
3174 1082 3460 1140 ministros
3485 1100 3580 1139 ur-

1988 1175 2125 1230 gens
2168 1161 2444 1219 Sitibnndi
2483 1166 2757 1233 convivii,
2790 1168 3075 1225 viniferam
3123 1174 3309 1228 sonuit
3339 1190 3533 1250 vocem
3561 1195 3576 1233 :

1990 1249 2205 1310 Recens
2240 1252 2363 1312 fusa
2394 1270 2536 1327 aqua
2581 1257 2814 1315 refertas
2843 1261 3137 1331 amphoras
3169 1263 3391 1334 lmplete
3420 1249 3576 1321 mihi.

1990 1341 2058 1397 Et
2088 1358 2278 1401 omnes
2305 1347 2616 1404 alternatim
2646 1364 2812 1405 unam
2853 1361 2976 1420 post
3005 1353 3166 1408 aliam
3192 1357 3345 1425 Aqua
3381 1356 3578 1428 imple-

1990 1444 2188 1491 verunt
2220 1438 2479 1507 ministri,
2519 1441 2696 1497 donec
2734 1443 2981 1512 ipsarum
3024 1444 3081 1499 ln
3128 1448 3441 1503 summitate
3482 1463 3579 1520 ap-

1987 1540 2190 1596 parens
2216 1543 2461 1598 aquosus
2499 1536 2798 1589 coronabat
2826 1535 2979 1589 labra
3008 1550 3120 1592 ros.
3156 1534 3350 1592 Subito
3391 1545 3574 1593 autem

1986 1624 2107 1671 erat
2153 1618 2517 1686 miraculum,
2550 1629 2605 1677 et
2647 1623 2702 1678 in
2748 1622 2974 1679 ﬂuorem
3008 1625 3150 1695 nigri
3189 1627 3300 1682 vini
3346 1626 3577 1683 Niveum

1986 1710 2222 1765 mutavit
2248 1712 2489 1767 colorem
2513 1713 2787 1770 diversam
2811 1730 3009 1786 aquam
3032 1715 3228 1773 Fluore
3247 1719 3576 1786 rubicundo,

1987 1807 2044 1856 et
2085 1815 2281 1871 aquam
2315 1804 2617 1873 capientem
2650 1819 2747 1876 per
2787 1806 2990 1873 sinum,
3029 1807 3198 1878 Aquae
3229 1824 3393 1864 merae
3437 1809 3575 1864 laeti-

1917 1857 1962 1914 Β
1990 1891 2169 1948 ficans
2206 1857 2433 1950 natabat
2467 1857 2684 1951 humor.
2717 1897 2753 1953 8
2779 1897 3031 1954 Convivii
3065 1857 3246 1953 ajutem
3268 1900 3577 1971 inspectori

1983 1985 2151 2055 jussit
2173 1985 2290 2041 Rex
2334 1987 2692 2059 signiticativa
2738 2006 2910 2047 voce:
2961 1989 3207 2047 Fontano
3258 1989 3578 2050 haurientes

1986 2076 2292 2135 domestico
2323 2093 2390 2134 ex
2417 2080 2562 2146 lacu,
2593 2080 2838 2138 Convivii
2869 2084 3199 2140 moderatori
3227 2084 3417 2140 afferte
3449 2100 3580 2140 sua-

1985 2185 2110 2227 vem
2144 2184 2361 2242 aquam.
2402 2172 2484 2227 illi
2528 2189 2658 2229 vero
2694 2174 2897 2229 affatim
2929 2175 3254 2232 hauriebant
3294 2177 3575 2234 redeunti-

1986 2264 2094 2319 bus
2141 2266 2376 2336 poculis.
2426 2266 2460 2321 9
2505 2265 2573 2319 Et
2659 2266 3005 2337 dispensator
3064 2269 3283 2339 quando
3335 2269 3576 2324 convivii

1988 2346 2267 2430 gustasset
2301 2359 2634 2416 testiﬁcante
2664 2367 2884 2431 gutture
2910 2365 3123 2433 Aquam
3152 2365 3206 2419 in
3239 2362 3423 2418 vinum
3453 2378 3577 2419 vcr-

1989 2465 2110 2507 sam
2142 2450 2452 2506 rubicundo
2492 2450 2683 2517 fluore,
2725 2451 2844 2507 Non
2880 2468 3013 2509 sane
3042 2455 3125 2509 vir
3154 2455 3427 2510 undenam
3458 2461 3577 2510 erat

1989 2545 2183 2613 scivit;
2219 2545 2485 2615 aquarius
2525 2554 2707 2602 autem
2738 2546 2913 2601 Scivit
2941 2546 3212 2602 famulans
3246 2556 3447 2613 coetus,
3480 2546 3576 2618 qui

1990 2649 2188 2707 aquam
2222 2635 2579 2692 fundentibus
2621 2653 2690 2692 ex
2727 2637 2940 2693 sinibus
2970 2635 3134 2693 Vasis
3172 2636 3402 2708 lapideis
3443 2637 3578 2693 alie-

1988 2742 2115 2782 nam
2154 2727 2340 2784 hausit
2378 2743 2602 2798 aquam.
2636 2729 2705 2784 l0
2730 2727 2977 2784 Convivii
3006 2735 3137 2782 tunc
3160 2728 3266 2783 dux
3299 2729 3442 2784 intra
3475 2729 3578 2784 do-

1988 2834 2137 2874 mum
2173 2834 2378 2875 vocans
2414 2817 2690 2890 Sponsum
2725 2821 2942 2875 naviter
2971 2819 3221 2881 ductum,
3249 2834 3352 2875 suo
3379 2819 3578 2877 all‘atus

1987 2916 2073 2967 est
2092 2910 2257 2966 verbo
2275 2928 2291 2965 ι
2311 2910 2418 2981 19
2435 2909 2626 2965 Omnis
2644 2910 2861 2980 quidem
2883 2910 2967 2965 vir
2979 2911 3211 2979 primum
3228 2910 3357 2965 boni
3377 2910 3579 2967 coloris

1985 3002 2176 3056 vinum
2206 3016 2485 3071 promens,
2513 2999 2735 3071 Eligens
2774 3001 3023 3081 apponit,
3063 3001 3307 3071 gravatis
3336 3015 3464 3057 vero
3490 3015 3579 3056 ea-

1987 3091 2193 3161 pitibus
2220 3090 2382 3146 Viros
2412 3091 2608 3145 videns
2633 3090 2836 3153 ebrios,
2865 3091 3027 3146 vilius
3057 3090 3205 3145 aliud
3231 3090 3420 3145 vinum
3442 3089 3576 3147 Sero

1987 3178 2125 3247 fert;
2167 3188 2227 3234 tu
2257 3194 2386 3235 vero
2422 3179 2525 3235 hoc
2565 3181 2916 3251 praestantius
2946 3181 3091 3235 intra
3119 3181 3341 3238 domum
3377 3182 3576 3240 Vinum

1985 3271 2214 3337 habens,
2258 3272 2492 3329 servasti
2533 3272 2708 3328 donec
2741 3280 2887 3329 esset
2918 3273 3112 3328 ultima
3154 3275 3310 3329 hora.
3345 3276 3406 3331 li
3448 3274 3575 3330 Pri-

1980 3377 2129 3417 mum
2161 3377 2435 3434 apparens
2463 3364 2571 3419 hoc
2601 3364 2927 3420 miraculum
2953 3366 3093 3421 meri
3133 3366 3335 3437 cupido
3362 3367 3416 3422 in
3443 3381 3576 3423 con-

1978 3455 2129 3509 vivio
2158 3453 2320 3511 Jesus
2358 3454 2610 3526 perfecit,
2656 3456 2749 3511 ubi
2782 3456 3117 3512 Cananaaum
3148 3458 3301 3513 audit
3330 3456 3421 3531 [id
3455 3466 3573 3523 est,

1979 3545 2619 3619 dicitur]Diversorium
2678 3548 2787 3604 alte
2838 3557 3180 3605 exstructum
3227 3549 3573 3606 intonsorum

1981 3638 2354 3695 Galilaeorum.
2426 3639 2672 3696 Hebraeis
2741 3651 2922 3697 autem
2985 3642 3360 3699 manifestavit
3410 3657 3574 3698 suum

1982 3731 2284 3801 gloriosum
2339 3731 2603 3788 honorem
2651 3731 2944 3789 Sitibnndo
2978 3735 3032 3788 in
3068 3734 3357 3791 convivio:
3400 3734 3575 3790 ambi-

1980 3819 2245 3891 guitatem
2294 3832 2476 3876 autem
2516 3825 2717 3878 mentis
2767 3822 3011 3879 Moribus
3061 3823 3233 3879 tinnis
3283 3822 3576 3879 conﬁrma-

1981 3918 2111 3963 runt
2154 3908 2429 3979 discipuli.
2471 3909 2538 3963 12
2575 3909 2693 3963 Non
2734 3924 2870 3964 sane
2898 3907 3013 3965 Rex
3042 3908 3488 3964 commorabatur
3514 3906 3574 3963 in

1981 4009 2128 4057 terra
2162 3999 2435 4057 Canam
2464 4000 2613 4056 dicta
2644 4001 2914 4072 Sponsale
2941 4010 3067 4072 post
3100 4000 3412 4056 convivium
3440 4000 3573 4055 vino

1980 4107 2287 4165 carentium
2311 4107 2655 4178 nuptiarum,
2688 4106 2793 4163 Sed
2819 4108 3166 4178 Capernaum
3198 4104 3461 4161 maritimi
3499 4103 3571 4159 ad

1980 4212 2301 4269 mansiones
2332 4212 2556 4280 vadens,
2589 4209 2830 4267 Rediens
2852 4209 3142 4281 vestigium
3183 4207 3353 4277 ﬂexit,
3395 4206 3570 4263 decli-

1983 4332 2101 4373 vem
2137 4317 2389 4373 semitam
2420 4314 2683 4372 incedens
2708 4313 2851 4387 Ipse,
2882 4313 3046 4371 simul
3073 4322 3129 4370 et
3157 4314 3356 4368 fratres
3389 4308 3571 4367 comi-

1983 4430 2101 4489 tes;
2138 4436 2234 4493 per
2262 4437 2324 4477 se
2347 4420 2594 4493 genitum
2617 4435 2748 4476 vero
2777 4418 2944 4492 Virgo
2974 4417 3305 4489 sequebatur
3334 4414 3571 4488 Dcipara

1913 4562 1957 4618 ο
1987 4526 2159 4583 illium
2187 4533 2394 4582 mater:
2422 4524 2762 4592 Quibuscum
2787 4523 3158 4581 duodenarius
3186 4536 3374 4578 comes
3400 4519 3572 4577 habe-

1985 4635 2081 4692 bat
2120 4632 2383 4690 incedens
2419 4629 2741 4688 Diviuorum
2776 4644 2943 4688 unam
2975 4628 3118 4685 viam
3150 4626 3424 4699 posterior
3452 4636 3571 4682 cm-

1498 4766 1784 4830 TEXTUS
1822 4770 2365 4831 EVAINGELISTJE.

360 4904 417 4959 5.
450 4904 613 4973 Λέγει
644 4906 677 4976 ή
712 4906 898 4977 μήτηρ
937 4905 1104 4961 αὐτοῦ
1140 4906 1256 4972 τοῖς
1300 4906 1592 4974 διακόνοις*
1629 4910 1700 4966 Ὅ
1730 4926 1785 4967 τι
1815 4914 1885 4968 ἄν
1980 4909 2407 4984 ἀρχιτρίκλινος·

287 4987 426 5060 λέγῃ
461 4989 610 5059 ὑμῖν,
635 4991 920 5061 ποιήσατε.

2057 4982 2123 5051 i0
2151 4982 2282 5047 Καὶ
2312 4990 2463 5059 λέγει
2513 4986 2684 5058 αὐτῷ·
2728 4986 2845 5050 Πᾶς
2891 4983 3175 5058 ἄνθρωπος
3213 4982 3432 5055 πρῶτον
3474 4983 3568 5041 τὸν

360 5070 414 5125 6.
447 5067 630 5126 Ἷισαν
671 5072 729 5126 δὲ
763 5074 882 5126 ἐκεῖ
913 5072 1093 5145 ὑδρίαι
1116 5072 1316 5129 λίθιναι
1350 5072 1432 5139 ἓξ,
1464 5074 1718 5145 κείμεναι
1740 5076 1886 5132 κατά
1980 5076 2146 5132 καλὸν
2177 5072 2318 5129 οἶνον
2366 5072 2570 5143 τίθησι,
2618 5070 2714 5124 καὶ
2760 5069 2887 5123 ὅταν
2935 5065 3267 5139 μεθυσθῶσι,
3316 5069 3436 5123 τότε
3472 5068 3567 5125 τὸν

294 5153 383 5207 τὸν
412 5153 757 5225 καθαρισμὸν
778 5155 888 5211 τῶν
926 5155 1216 5225 Ἰουδαίων,
1245 5155 1520 5229 χωροῦσαι
1548 5157 1655 5212 ἀνὰ
1683 5175 1888 5231 μετρη-

290 5238 389 5300 τὰς
419 5235 514 5291 δύο
540 5238 574 5309 ἢ
607 5240 777 5309 τρεῖς.

361 5320 393 5372 7
420 5322 585 5391 Λέγει
611 5323 796 5387 αὐτοῖς
817 5324 846 5377 ό
877 5320 1106 5395 Ἰησοῦςο
1131 5324 1400 5395 Γεμίσατε
1423 5323 1523 5390 τὰς
1545 5325 1733 5398 ὑδρίας
1755 5324 1885 5380 ὓδα-

286 5419 405 5469 τος.
441 5404 555 5459 Καὶ
582 5405 848 5475 ἐγέμισαν
868 5405 1039 5471 αὐτὰς
1070 5406 1176 5470 ἕως
1205 5407 1336 5464 ἀνω.

346 5488 398 5543 ‘8
423 5489 533 5543 Kal
554 5489 704 5558 λέγει
720 5491 925 5554 αὐτοῖς⁹
965 5490 1289 5561 Ἀντλήσατε
1317 5489 1433 5559 νῦν,
1463 5492 1557 5546 καὶ
1584 5491 1779 5565 φέρετε
1797 5492 1876 5564 τῷ

286 5573 702 5645 ἀρχιτρικλίνῳ.
740 5575 852 5629 Kal
880 5577 1136 5647 ήνεγκαν.

364 5656 400 5713 9
438 5657 526 5720 Ὦς
542 5656 600 5710 δὲ
620 5655 884 5724 ἐγεύσατο
899 5664 927 5714 ό
950 5657 1352 5731 ἀρχιτρίκλινος
1374 5659 1437 5713 τὸ
1460 5658 1605 5730 ὕδωρ
1619 5655 1762 5714 οἶνον
1785 5676 1878 5729 γε·

289 5742 599 5814 γενημένον
628 5742 745 5811 (καὶ
768 5742 870 5796 οὐκ
897 5742 1015 5814 ᾔδει
1048 5741 1214 5797 πόθεν
1258 5744 1428 5799 ἐστίν’
1458 5746 1508 5798 oi
1550 5744 1609 5799 δὲ
1640 5744 1880 5799 διάκονοι

287 5822 514 5893 ᾔδεισαν
538 5826 591 5881 οἱ
622 5825 948 5899 ἠντληκότες
980 5828 1040 5882 τὸ
1076 5826 1268 5901 ὕδωρ),
1295 5829 1464 5898 φωνεῖ
1486 5827 1578 5885 τὸν
1598 5827 1829 5901 νυμφίον
1856 5830 1886 5882 ὁ

1979 5161 2216 5215 ἐλάσσω
2240 5160 2304 5212 σὺ
2326 5156 2641 5228 τετήρηκας
2664 5152 2758 5205 τὸν
2790 5150 2957 5205 καλὸν
2984 5145 3125 5204 οἶνον
3146 5151 3251 5216 ἕως
3276 5151 3420 5223 ἄρτι.

2052 5245 2114 5298 11
2152 5241 2369 5313 Ταύτην
2402 5238 2628 5308 ἐποίησε
2668 5235 2768 5307 τὴν
2799 5233 2973 5307 ἀρχὴν
2999 5235 3108 5289 τῶν
3141 5236 3430 5307 σημείωνὸ
3459 5234 3568 5307 Ἰησ-

1987 5327 2115 5392 σοῦς
2147 5329 2205 5380 ὲν
2239 5326 2394 5396 Κανᾷ
2425 5324 2527 5393 τῆς
2560 5320 2871 5386 Γαλιλαίας,
2901 5319 2995 5373 καὶ
3022 5320 3335 5392 ὲφανέρωσε
3356 5319 3454 5393 τὴν
3474 5320 3566 5377 δό-

1983 5409 2080 5475 ξαν
2112 5409 2299 5465 αὑτοῦ·
2336 5408 2431 5462 καὶ
2462 5405 2787 5459 ἐπίστευσαν
2816 5404 2899 5468 είς
2931 5403 3091 5457 αὑτὸν
3121 5405 3168 5457 οἱ
3203 5403 3442 5476 μαθηταὶ⁵
3465 5403 3569 5458 αὐ-

1977 5511 2094 5547 του.

2051 5577 2117 5631 12
2149 5574 2302 5629 Μετὰ
2322 5573 2481 5628 τοῦτο
2503 5571 2708 5644 κατέϐη
2741 5572 2820 5636 είς
2846 5572 3243 5645 Καπερναοὺμ,
3271 5570 3432 5635 αὐτὸς
3463 5570 3561 5625 καὶ

1976 5664 2012 5734 ή
2046 5662 2229 5733 μήτηρ
2263 5658 2428 5714 αὐτοῦ
2458 5658 2553 5713 καὶ
2583 5659 2633 5711 oi
2658 5655 2878 5728 ἀδελφοὶ
2918 5656 3086 5710 αὐτοῦ
3122 5658 3217 5710 καὶ
3242 5658 3291 5711 οἱ
3324 5655 3566 5732 μαθηταὶ

1983 5744 2172 5800 αὐτοῦ’
2197 5745 2291 5800 καὶ
2316 5744 2435 5798 ἐκεῖ
2455 5742 2678 5817 ἔμειναν
2708 5740 2769 5795 οὐ
2796 5739 2999 5808 πολλὰς
3022 5739 3254 5815 ἡμέρας.
