3982 6400
512 381 618 436 765

1757 383 1964 437 ΝΟΝΝΙ
2000 383 2117 437 PAF

2223 381 2510 438 humum
2793 370 2799 376 ‘
3670 388 3752 446 τε,

511 505 602 549 tus
633 490 928 548 sociorum.
965 490 1150 563 Neque
1180 511 1314 552 sane
1356 496 1426 552 ibi
1469 508 1670 552 mansit
1710 514 1804 568 per
1841 500 1960 555 dies
1990 516 2112 556 cre-

2223 503 2288 554 υὺ
2326 499 2382 552 δὲ
2417 500 2514 569 μὲν
2541 498 2727 551 αὐτόοι
2760 497 2955 568 μίμνεν
2981 498 3038 562 ὲς
3068 499 3253 569 ήματα
3288 500 3464 554 πυκνὰ
3492 499 3722 574 θαμίζων·

513 587 641 639 ln-os
687 583 1042 652 frequentans
1068 604 1082 639 :
1109 584 1286 656 Prope
1331 589 1474 642 enim
1522 596 1653 643 tunc
1687 597 1807 644 erat
1840 590 2053 646 Pascha
2088 609 2102 644 :

455 680 461 715 ί
517 675 582 727 15
614 689 898 728 sacrorum
941 675 1322 730 tractationem
1373 693 1501 732 vero
1543 679 1841 744 bonorans,
1877 681 2106 736 Sancto-

513 781 634 821 rum
666 766 913 822 ascendit
943 767 1010 822 ad
1047 767 1206 822 sedes
1257 767 1758 840 Hierosolymorum
1795 771 1931 827 Cum
1979 790 2110 843 pru-

515 863 774 917 dentibus
796 862 982 918 sociis.
1024 863 1088 916 14
1130 862 1324 918 Divino
1352 872 1534 918 autem
1570 864 1624 917 in
1665 864 1867 933 templo
1893 864 2110 919 Cornu-

516 961 603 1008 tos
639 954 804 1009 boves
846 953 1094 1018 invenit,
1137 961 1191 1007 et
1229 953 1596 1024 lanigerarum
1635 953 1860 1009 ordines
1891 954 2105 1022 ovium,

521 1043 585 1098 Et
616 1044 796 1098 varias
831 1045 1094 1100 membris
1125 1044 1442 1109 columbas;
1484 1045 1762 1100 sedentem
1786 1061 1916 1099 vero
1945 1043 2110 1099 Num-

518 1139 809 1193 mularium
843 1146 1044 1193 emtum
1076 1139 1283 1193 invenit
1309 1138 1494 1192 divitis
1529 1153 1750 1202 mensze,
1787 1137 1852 1190 Et
1880 1139 2108 1194 multum

520 1237 726 1284 emtum
761 1229 894 1284 vidit
925 1229 1292 1299 negotiantem
1321 1243 1489 1298 supra
1524 1228 1735 1293 sedilia,
1771 1228 1974 1284 Venale
2011 1245 2109 1286 ne-

522 1323 728 1393 gotium
769 1322 1084 1376 habentem.
1117 1321 1183 1376 l5
1219 1320 1284 1374 Et
1315 1322 1367 1375 in
1400 1322 1658 1378 manibus
1697 1323 1922 1378 volvens
1947 1322 2111 1378 Com-

519 1415 734 1482 plexum
760 1431 825 1470 ex
851 1413 1077 1469 funibus
1109 1413 1356 1484 spurium
1401 1413 1529 1476 fecit
1563 1415 1832 1486 ﬂagellum
1855 1458 1868 1480 ,
1914 1415 1979 1470 Et
2009 1416 2110 1471 bo-

518 1507 705 1562 vinum
735 1521 949 1577 gregem
978 1505 1208 1577 expulit,
1237 1513 1291 1559 et
1320 1505 1542 1561 ordines
1575 1505 1783 1570 Ovium,
1822 1507 1986 1561 Extra
2012 1507 2112 1578 do-

519 1613 668 1652 mum
721 1598 1042 1665 odoratam;
1077 1597 1330 1652 crebrum
1376 1604 1557 1652 autem
1590 1598 1834 1662 volvens,
1862 1597 2111 1669 Pratceps

522 1691 864 1760 percutiebat
916 1704 1161 1744 eversam
1222 1698 1596 1759 qumst—uosam
1643 1689 1826 1744 sedem
1872 1689 1915 1743 E
1954 1706 2112 1745 sacro

523 1784 866 1853 pavimento;
891 1781 1153 1852 przecipiti
1169 1788 1350 1836 autem
1373 1782 1673 1835 vibratione
1688 1780 1892 1838 Ell'udit
1916 1782 1970 1835 in
1996 1790 2112 1837 ter-

2223 591 2448 660 Ἐγγύθι
2472 591 2582 661 γὰρ
2610 589 2732 642 τότε
2761 591 2970 660 Πάσχα·
3005 591 3071 645 15
3101 591 3398 662 θυηπολίην
3423 592 3477 646 δὲ
3501 596 3750 665 γεραίρων,

2209 681 2469 749 Εὐαγέων
2496 680 2781 733 ἀνέϐαινεν
2812 682 2869 742 ὲς
2893 679 3116 749 έδρανον
3154 681 3529 751 ’1ροσολύμων,

2210 773 2316 825 Σὺν
2350 774 2595 834 πινυτοῖς
2626 771 2891 842 ἑτάροισι.
2920 771 2988 828 14
3016 770 3306 842 Θεοκλήτῳ
3332 772 3376 824 δ’
3407 773 3485 825 ἐνὶ
3510 773 3616 844 νηῷ

2210 862 2521 935 Εύκεράους
2561 863 2690 932 βόας
2727 858 2874 934 εὗρε,
2905 861 2998 914 καὶ
3028 863 3330 933 εἰροπόκων
3363 865 3517 934 στίχα
3547 865 3724 935 μήλων,

2210 953 2321 1006 Καὶ
2351 953 2572 1016 στικτὰς
2602 952 2851 1023 μελέεσσι
2877 951 3160 1016 πελειάδας
3182 969 3194 980 ·
3225 953 3478 1024 ἑζόμενον
3510 955 3563 1007 δὲ

2210 1044 2561 1115 Κερμοδότην
2595 1045 2756 1115 χορὸν
2789 1038 2916 1115 εὗρε
2945 1043 3324 1114 φιλοπλούτοιο
3351 1046 3636 1117 τραπέζης,

2212 1137 2322 1190 Kal
2348 1135 2516 1189 πολὺν
2537 1135 2923 1206 ὲσμὸνόπωπε
2959 1135 3302 1208 φιλέμπορον
3327 1137 3482 1206 ὑψόθι
3506 1137 3694 1203 θὼκων,

2216 1229 2397 1281 Ὠνιον
2428 1223 2648 1297 ἔχοντα.
2675 1227 2744 1282 15
2766 1227 2876 1280 Kal
2901 1229 2958 1280 ὲν
2987 1227 3306 1300 παλάμῃσιν
3340 1227 3513 1292 ἑλίξας

2213 1321 2539 1391 Σύμπλοκον
2570 1322 2634 1373 ὲκ
2663 1321 2895 1390 σχοίνοιο
2923 1320 3085 1391 νόθην
3111 1322 3340 1391 ποίησεν
3371 1306 3645 1393 ἱμάσθλην,

2215 1413 2325 1468 Καὶ
2353 1412 2513 1484 βοέην
2545 1413 2753 1484 ἀγέλην
2780 1411 3035 1483 ἐξήλασε,
3066 1415 3160 1466 καὶ
3202 1413 3361 1484 στίχα
3395 1413 3590 1484 μήλων,

2213 1505 2388 1573 Νόσφι
2417 1505 2583 1575 δόμου
2619 1504 2872 1568 θυόεντος
2892 1521 2907 1536 ο
2963 1505 3348 1575 ἐπασσυτέρην
3377 1504 3434 1557 δὲ
3470 1502 3716 1569 κυλίνδων,

2213 1595 2512 1666 Κύμϐαχον
2537 1593 2791 1665 ὴκόντιζε
2817 1594 3160 1667 μετάτροπον
3183 1594 3425 1667 ἔμπορον
3447 1596 3598 1665 ἕδρην

2227 1686 2318 1752 Ἐξ
2347 1687 2492 1759 ἱεροῦ
2515 1687 2787 1741 δαπέδοιοο
2823 1682 3189 1760 κυϐιστητῆρι
3225 1689 3282 1741 δὲ
3311 1689 3504 1760 παλμῷ
3565 1690 3568 1692 ⁷

2229 1779 2444 1850 Ἐξέχεε
2486 1779 2637 1849 χθονὶ
2675 1779 2860 1850 κέρμα
2892 1779 3326 1849 πολυστρέπτοιο
3348 1780 3632 1852 τραπέζης.

524 1889 640 1928 ram
663 1874 948 1944 pecuniam
981 1873 1208 1926 multum
1225 1873 1492 1928 versatilis
1516 1888 1736 1928 mensre.
1757 1873 1866 1942 20
1894 1874 1958 1927 l6
1989 1872 2116 1928 Viro

2223 1871 2321 1940 21
2345 1871 2410 1924 16
2441 1872 2620 1941 Ἀνδρὶ
2650 1871 2706 1923 δὲ
2734 1871 3101 1942 πιπρήσκοντι
3133 1872 3425 1936 πελειάδας
3454 1873 3564 1944 ἴαχε
3593 1872 3756 1944 φωνήν·

525 1976 708 2020 autem
734 1966 988 2018 vendenti
1011 1964 1297 2019 columbas
1329 1964 1516 2018 sonuit
1539 1979 1725 2018 vocem
1748 1983 1760 2018 :
1787 1963 1910 2023 [Lee
1939 1974 2116 2022 trans-

526 2061 660 2112 ferte
699 2057 1002 2126 lapidosum
1037 2064 1190 2111 extra
1230 2057 1515 2125 templum,
1555 2055 1742 2126 Neque
1775 2056 1914 2112 lucri
1942 2056 2115 2111 avida:

524 2148 722 2200 mentis
752 2146 960 2214 gravati
1007 2145 1251 2210 stimulo,
1276 2143 1546 2202 Mercatus
1589 2147 1813 2202 domum
1865 2155 2113 2202 sanctam

524 2238 628 2291 mei
672 2236 886 2292 faciatis
927 2236 1150 2292 Patris:
1189 2237 1526 2293 Precationis
1555 2239 1700 2292 enim
1742 2239 1856 2293 haec
1893 2238 2112 2295 domus.

527 2330 592 2382 17
625 2329 688 2382 Et
719 2329 987 2384 recordati
1022 2338 1151 2384 sunt
1176 2329 1435 2400 discipuli
1464 2330 1620 2397 Quod
1642 2331 1906 2387 divinitus
1939 2331 2114 2401 inspi-

523 2436 641 2480 rato
663 2425 939 2496 signatum
966 2433 1086 2479 erat
1115 2425 1256 2480 libro
1291 2444 1302 2480 :
1341 2425 1504 2481 Zelus
1540 2441 1626 2481 me
1657 2426 1858 2481 divinae
1887 2433 1994 2480 tuae
2022 2440 2117 2480 co-

525 2520 695 2574 medit
737 2519 953 2574 domus.
999 2519 1066 2572 18
1100 2517 1164 2571 Et
1203 2517 1305 2588 ipsi
1339 2517 1684 2584 minatricem
1715 2516 1985 2573 ernctavit
2027 2531 2118 2586 po-

529 2613 690 2680 pulus
739 2625 968 2664 vocem:
1015 2609 1208 2676 Qualia
1238 2609 1382 2679 apud
1444 2609 1702 2664 llebrwos
1762 2607 1914 2662 varia
1959 2607 2117 2678 signa

504 2700 803 2772 ostendes,
835 2699 989 2764 Quod
1041 2709 1097 2752 tu
1144 2700 1259 2753 hanc
1309 2699 1622 2769 perfer-isti?
1662 2699 1724 2751 19
1759 2697 2116 2763 Contentioso

525 2796 708 2843 autem
749 2788 946 2860 populo
981 2787 1366 2842 Admirandam
1398 2787 1732 2858 incognitam
1766 2786 1875 2842 Rex
1899 2794 2116 2840 eructa-

527 2881 606 2935 vit
643 2896 825 2936 vocexn
859 2861 1105 2934 iSolvite
1153 2880 1290 2933 hanc
1341 2879 1588 2942 domum,
1630 2894 1731 2950 ego
1766 2895 1898 2934 vero
1942 2880 2114 2948 ipsam

527 2974 734 3044 erigam
767 2972 964 3027 Diebus
994 2973 1046 3026 in
1080 2972 1276 3026 tribus.
1305 2971 1376 3026 20
1403 2970 1708 3041 Respondit
1734 2979 1917 3026 autem
1948 2987 2118 3040 popu-

527 3067 616 3121 lus
645 3084 656 3119 :
687 3064 862 3131 Quam
903 3064 1161 3117 Solomon
1195 3063 1322 3117 fecit
1352 3061 1591 3132 lapidum
1631 3061 1783 3126 vario
1808 3074 2026 3126 ornatu,
2061 3061 2118 3114 In

2217 1962 2407 2028 Ταῦτα¹
2437 1961 2852 2034 μεταστήσασθε
2875 1961 3129 2026 λιθώδεος
3157 1962 3343 2016 ἔκτοθι
3375 1963 3524 2034 νηοῦ,

2215 2055 2367 2127 Μηδὲ
2395 2056 2766 2124 φιλοκτεάνοιο
2791 2055 2912 2108 νόου
2950 2054 3286 2127 βεϐαρηότες
3317 2055 3530 2127 οἴστρῳ,
3632 2056 3636 2060 ’

2231 2151 2533 2222 Ἐμπορίης
2565 2150 2728 2222 δόμον
2759 2151 2920 2220 ἁγνόν
2955 2150 3090 2222 ἐμοῦ
3115 2151 3376 2222 τελέσητε
3405 2150 3620 2220 Τοκῆος·

2224 2242 2406 2312 Εύχῆς
2429 2241 2537 2312 γὰρ
2561 2243 2676 2295 τόδε
2699 2241 2876 2312 δῶμα.
2912 2242 2974 2294 17
3010 2240 3114 2294 Καὶ
3147 2228 3457 2312 ε’μνήσαντο
3497 2240 3704 2311 μαθηταὶ

2219 2334 2375 2387 Ὅττι
2407 2332 2750 2402 θεοπνεύστῳ
2779 2333 3194 2404 κεχαραγμένον
3221 2321 3413 2385 ἔπλετο
3436 2333 3590 2402 βίϐλῳ
3611 2348 3622 2362 ·

2220 2424 2388 2494 Ζῆλος
2420 2423 2520 2494 ἐμὲ
2548 2423 2764 2488 ζαθέοιο
2796 2425 2922 2477 τεοῦ
2955 2424 3350 2477 καταδαίνυται
3382 2424 3550 2476 οἴκου.

2220 2514 2287 2568 18
2322 2515 2430 2568 Καί
2464 2516 2512 2568 οἱ
2537 2508 3212 2586 ’ἀπειλήτειρανάνήρυγε
3236 2515 3364 2577 λαὸς
3404 2515 3557 2585 ίωήν·

2219 2610 2354 2662 Ποῖα
2379 2609 2507 2679 παρ’
2548 2607 2820 2679 Ἑϐραίοις
2844 2607 3179 2678 έτερότροπα
3213 2611 3280 2679 σή
3291 2625 3429 2677 ματα
3447 2607 3641 2672 δείξεις,

2223 2699 2378 2751 Ὄττι
2411 2701 2475 2752 σὺ
2499 2699 2672 2764 ταῦτα
2706 2699 2998 2764 τέλεσσας;
3033 2699 3100 2753 19
3135 2699 3489 2770 Ἀμιλλητῆρι
3518 2699 3569 2751 δὲ
3595 2695 3689 2769 λαῷ

2217 2790 2542 2862 Θαμϐαλέην
2569 2792 2843 2858 ἄγνωστον
2867 2790 3035 2856 Ἀναξ
3058 2789 3332 2860 ήρεύγετο
3365 2790 3539 2861 φωνήν
3558 2806 3570 2820 ’
3616 2791 3620 2819 λ

2219 2881 2433 2936 Λύσατε
2462 2881 2934 2953 τοῦτομέλαθρον,
2968 2881 3080 2951 ἐγὼ
3110 2882 3169 2935 δέ
3205 2901 3302 2954 μιν
3328 2884 3484 2945 αὐτὸς
3505 2882 3677 2953 ὲγείρω
3730 2952 3733 2955 _

2224 2973 2467 3042 Ἰἰμασιν
2497 2973 2555 3024 ὲν
2589 2970 2910 3045 τρισσοῖσιν.
2945 2971 3015 3026 20
3056 2973 3492 3042 Ἐπεφθέγξαντο
3515 2973 3566 3026 δὲ
3590 2971 3704 3027 λαοί·

2227 3064 2323 3116 Ὃν
2355 3061 2607 3133 Σολομὼν
2633 3063 2828 3134 ποίησε
2851 3063 3016 3116 λίθων
3055 3066 3341 3138 έτερόχροῐ
3363 3067 3561 3137 κόσμῳ,
3613 3053 3615 3055 ’
3665 3058 3672 3062 ”

526 3158 749 3230 longum
765 3157 982 3212 initium
1016 3169 1291 3210 reversam
1324 3161 1514 3209 texens
1540 3151 1646 3208 Sex
1672 3162 1727 3207 et
1755 3153 2117 3224 quadraginta

2223 3155 2317 3219 Εἰς
2341 3153 2558 3225 δολιχὴν
2589 3153 2814 3223 βαλϐῖδα
2847 3153 3224 3226 παλινδίνητον
3262 3157 3500 3224 ὑφαίνων

510 3247 920 3320 mdilicationis
939 3246 1267 3318 cupidorum
1294 3259 1592 3314 annorum,
1632 3243 1907 3299 Aidiliciis
1935 3254 2120 3315 poste-

525 3342 765 3397 rioribus
804 3355 1002 3396 rursus
1027 3339 1282 3392 solutam
1319 3336 1543 3392 domum
1590 3336 1832 3406 erigeres
1885 3335 2119 3390 Tantam

527 3441 652 3504 post
698 3439 922 3496 metam,
973 3439 1094 3501 post
1129 3432 1304 3485 tertiae
1351 3445 1577 3485 cursum
1628 3429 1874 3484 aurorae?
1907 3429 1973 3495 2!
2027 3427 2122 3484 llle

530 3523 792 3592 templum
823 3521 962 3574 dixit
1000 3521 1085 3575 sui
1114 3521 1380 3590 corporis,
1420 3521 1566 3590 quod
1599 3521 1836 3590 quodam
1869 3536 2123 3577 sermone

531 3613 767 3667 llorrido
801 3613 1056 3666 Christus
1093 3620 1210 3666 erat
1238 3620 1360 3682 post
1393 3614 1614 3668 tertium
1653 3613 1797 3668 diem
1828 3614 2123 3668 resuscita-

533 3712 712 3758 turus.
746 3703 817 3757 2‘).
847 3703 952 3758 Sed
979 3704 1199 3772 quando
1224 3719 1354 3760 sane
1377 3712 1500 3774 post
1528 3705 1709 3760 sinum
1731 3705 2000 3775 irregradi
2029 3706 2124 3760 ba-

533 3795 705 3848 rathri
737 3791 929 3848 Redux
956 3809 1023 3849 ex
1048 3793 1240 3849 inl‘eris
1271 3809 1465 3850 rursus
1492 3794 1711 3850 vivente
1743 3795 1978 3863 quodam
1999 3793 2124 3851 lato

537 3884 786 3940 Veterem
824 3885 1352 3955 reciprocumsuum
1383 3887 1682 3957 resumpsit
1706 3887 1967 3942 honorem
1997 3886 2122 3941 Cm-

537 3977 746 4042 lcstem,
793 3985 926 4032 tunc
971 3977 1148 4032 solum
1196 3978 1470 4033 recordati
1513 3989 1642 4034 sunt
1679 3978 1933 4049 discipuli
1963 3978 2124 4045 Quod

535 4071 757 4126 domum
789 4084 989 4140 corpus
1023 4068 1290 4136 dixisset;
1331 4070 1570 4141 deiloqui
1605 4079 1786 4125 autem
1813 4069 1937 4125 libri
1975 4069 2124 4125 Divi-

522 4179 669 4241 .num
695 4147 1089 4233 conﬁrmarunt
1120 4177 1453 4228 sermonem,
1501 4173 1556 4218 et
1577 4163 1930 4237 crediderunt
1960 4163 2127 4218 verbo

537 4245 699 4310 Jesus
745 4253 890 4325 quod
928 4253 1084 4318 dixit.
1129 4253 1202 4309 2'5
1240 4253 1512 4311 Divinitus
1555 4265 1734 4309 autem
1776 4255 2042 4332 aediﬁcato
2072 4253 2127 4308 in

543 4347 742 4420 templo
770 4345 955 4417 Usque
977 4354 1114 4413 erat,
1141 4353 1195 4402 et
1223 4345 1413 4403 sedilia
1439 4331 2129 4417 trausivit'Hierosolymo-

2231 3244 2332 3309 Ἐξ
2358 3245 2452 3298 καὶ
2477 3243 2889 3314 τεσσαράκοντα
2919 3243 3286 3314 φιλοκτίστων
3318 3246 3586 3309 ἐνιαυτῶν,

2229 3334 2544 3403 Κτίσμασιν
2573 3331 2914 3399 όπλοτέροίσι
2945 3330 3274 3390 παλίλλυτον
3308 3332 3450 3390 οἷκον
3476 3335 3668 3407 ἐγείρῃς

2227 3425 2531 3495 Τοσσατίην
2564 3423 2705 3496 μετὰ
2729 3425 2932 3480 νύσσαν
2960 3426 3052 3478 ἐπὶ
3079 3429 3346 3499 τριτάτης
3364 3428 3550 3500 δρόμον
3569 3426 3704 3497 ήοῦςς

2229 3518 2291 3571 21
2329 3519 2521 3580 Κεῖνος
2537 3518 2667 3588 νηὸν
2695 3518 2875 3571 ἔειπεν
2896 3517 2986 3570 ἑοῦ
3007 3519 3190 3588 χροὸς,
3228 3523 3288 3574 ὃν
3316 3538 3421 3574 τινι
3464 3519 3604 3591 μύθῳ

2229 3607 2446 3680 Φρικτῷ
2471 3609 2706 3679 Χριστὸς
2733 3608 2958 3680 ἔμελλεν
2993 3610 3085 3663 ἐπὶ
3107 3611 3296 3680 τρίτον
3321 3609 3469 3684 ἦμαρ
3490 3611 3704 3680 ἐγείρειν.

2230 3699 2302 3753 ΕΞ
2343 3700 2482 3752 Ἀλλ’
2511 3701 2599 3752 ὅτε
2629 3700 2693 3771 δή
2727 3700 2865 3772 μετὰ
2895 3698 3444 3776 κόλπονᾶνοστήτοιο
3469 3702 3694 3775 βερέθρου
3723 3774 3726 3775 ν

2231 3791 2505 3862 Νόστιμος
2534 3791 2600 3858 ἐξ·
2619 3792 2782 3845 ἀΐδαο
2819 3793 3105 3865 παλινςώῳ
3125 3795 3239 3849 τινὶ
3280 3797 3468 3866 πότμῳ

2245 3885 2508 3955 Ἀρχαίην
2542 3883 2993 3955 παλίνορσον-ἑὴν
3017 3885 3320 3956 ἀνεδήσατο
3341 3888 3502 3958 τιμὴν
3567 3907 3570 3910 ·

2230 3976 2528 4048 Οὐρανίην,
2556 3975 2681 4028 τότε
2715 3974 2910 4047 μοῦνον
2941 3977 3322 4047 άνεμυήσαντο
3358 3976 3600 4048 μαθηταὶ,

2233 4067 2387 4120 Ὅττι
2408 4066 2570 4138 δόμον
2602 4067 2774 4138 δέμας
2798 4061 2922 4119 εἷπε
2945 4082 2958 4094 ·
2989 4066 3350 4136 θεογλώσσοιο
3375 4067 3429 4121 δὲ
3458 4066 3626 4136 βίϐλου

2230 4158 2385 4212 Θεϊον
2406 4155 2987 4225 ἐπιστώσαντο-λόγον,
3015 4157 3269 4216 πείθοντό
3291 4176 3350 4211 τε
3380 4158 3547 4229 μύθῳ,

2245 4248 2452 4320 Ἰησοῦς
2475 4249 2536 4303 ὃν
2556 4249 2727 4303 ἔειπε.
2755 4249 2830 4305 2'5
2849 4249 3141 4321 Θεοδμήτῳ
3171 4250 3218 4303 δ’
3250 4250 3344 4304 ἐπὶ
3367 4248 3476 4320 νηῷ

2238 4344 2434 4416 ¹Ἀχρις
2452 4343 2570 4414 ἔην,
2605 4343 2702 4397 καὶ
2728 4341 2920 4398 ἔδεθλα
2939 4343 3207 4414 διέστιχεν
3243 4341 3607 4415 Ἱροσολύμων,

1749 4455 2032 4562 ΤίῦΧΤυδ
2072 4503 2612 4562 ΕἾΑΝΟΕωδΤᾸΞ.

614 4639 681 4694 15
703 4637 812 4692 Kal
835 4635 1084 4712 ὲγγὺςῆν
1101 4641 1164 4694 τὺ
1187 4642 1377 4714 Πάσχα
1394 4642 1504 4696 τῶν
1542 4641 1830 4709 Ἰουδαίων,
1850 4644 1944 4698 καλ.
1964 4644 2130 4716 ἀνέϐη
2167 4652 2210 4707 D
2236 4645 2301 4700 Τί
2329 4648 2556 4719 σημεῖον
2583 4620 2852 4710 δεικνύεις
2875 4646 3037 4716 ἡμῖν,
3058 4645 3139 4698 ὅτι
3166 4645 3339 4700 ταῦτα
3371 4645 3562 4708 ποιείς;

545 4726 624 4788 εἰς
661 4723 1006 4793 Ἰεροσόλυμα
1040 4725 1067 4774 ὁ
1107 4724 1343 4794 Ἰησοῦς.

617 4807 684 4860 11
716 4806 825 4859 Kal
850 4799 1009 4877 εῦρεν
1038 4807 1094 4859 ὲν
1123 4807 1202 4876 τῷ
1226 4808 1356 4878 ἱερῷ
1380 4808 1509 4871 τοὺς
1535 4807 1850 4873 πωλοῦντας
1881 4809 2011 4879 βόας
2037 4811 2130 4865 καὶ

545 4890 791 4961 πρόϐατα
818 4891 912 4943 καὶ
933 4890 1397 4962 περιστερὰς,καὶ
1417 4892 1541 4955 τοὺς
1569 4893 1945 4963 κερματιστὰς
1999 4893 2132 4948 καθ-
2211 4925 2214 4930 -

546 4991 806 5046 ημενους.

595 5057 685 5119 ,ι
728 5057 838 5110 Καὶ
873 5059 1110 5127 ποιήσας
1146 5058 1482 5129 ,φραγέλλιον
1529 5060 1890 5133 ὲκὶσχοινίων,
1923 5062 2131 5128 πάντας

547 5141 800 5210 ἐξέϐαλεν
830 5144 894 5194 ἐκ
911 5142 1005 5194 τοῦ
1041 5142 1207 5212 ἱεροῦ,
1239 5144 1307 5196 τά
1333 5161 1394 5195 τε
1422 5142 1672 5214 πρόϐατα
1698 5146 1792 5198 καὶ
1823 5146 1950 5209 τοὺς
1979 5147 2129 5216 βόας,
2211 5184 2226 5188 --

548 5227 643 5280 καὶ
670 5224 787 5282 τῶν
811 5223 1173 5278 κολλυϐιστῶν
1207 5225 1389 5296 ἐξέχεε
1426 5228 1488 5280 τὸ
1517 5229 1718 5300 κέρμα,
1756 5230 1847 5283 καὶ
1875 5231 1975 5294 τὰς
2000 5249 2136 5303 τρα-

549 5307 721 5373 πέζας
761 5307 1073 5376 ἀνέστρεψε*
1817 5323 1820 5328 '

623 5391 690 5444 ’16
713 5389 822 5441 Kal
838 5392 949 5451 τοῖς
972 5389 1070 5451 τὰς
1091 5391 1422 5463 περιστερὰς
1441 5393 1711 5448 πωλοῦσιν
1729 5391 1902 5448 εἶπεν·
1927 5396 2131 5466 Ἄρατε

547 5475 720 5528 ταῦτα
748 5471 1016 5526 ἐντεῦθενο
1051 5475 1124 5545 μὴ
1159 5479 1362 5529 ποιεῖτε
1386 5479 1477 5532 τὸν
1499 5474 1648 5533 οἷκον
1671 5479 1763 5532 τοῦ
1791 5480 2003 5551 Πατρός
2031 5498 2132 5551 μου

549 5554 696 5610 οἷκον
727 5555 1013 5626 ἐμπορίου.
1311 5571 1316 5576 ·

566 5684 570 5689 .
623 5640 686 5690 17
729 5640 1108 5709 Ἐμνήσθησαν
1135 5639 1192 5692 δὲ
1215 5641 1264 5694 οἱ
1290 5642 1530 5713 μαθηταὶ
1554 5645 1739 5710 αὑτοῦ,
1769 5647 1851 5698 ὃτι
1879 5663 2127 5718 γεγραμ-

561 5718 719 5804 μένον
741 5721 916 5804 ἐστίν’
949 5723 1221 5802 ῘΟζῆλος
1251 5727 1346 5780 τοῦ
1379 5729 1528 5788 οἴκου
1558 5746 1649 5804 σου
1682 5731 1958 5801 κατέφαγέ
1997 5750 2085 5802 με.

631 5799 698 5853 18
739 5799 1136 5876 Ἀπεκρίθησαν
1169 5805 1257 5866 οἶν
1288 5811 1334 5864 οε
1369 5799 1634 5881 Ἰουδαῖοι,
1661 5815 1750 5868 καὶ
1781 5799 1930 5869 εἶπον
1961 5799 2130 5886 αῦτῴν

2301 4729 2368 4785 19
2415 4729 2712 4801 Ἀπεκρίθη
2745 4732 2775 4782 ό
2821 4728 3028 4800 Ἰησοῦς
3057 4729 3152 4781 καὶ
3185 4724 3342 4782 εἶπεν
3368 4729 3560 4788 αὐτοῖς’
3588 4720 3750 4776 Λύσατε

2226 4811 2318 4879 τὸν
2339 4812 2465 4865 ναὸν
2498 4813 2708 4879 τοῦτον,
2735 4813 2828 4866 καὶ
2861 4815 2918 4865 ὲν
2942 4813 3120 4882 τρισὶν
3151 4812 3385 4884 ἡμέραις
3415 4807 3578 4878 ἐγερῶ
3604 4801 3747 4884 αὑτὸνῖ

2299 4895 2371 4950 20
2423 4890 2592 4950 Εἶπον
2637 4893 2731 4950 οὖν
2781 4898 2829 4948 οί
2872 4879 3150 4948 Ἰουδαῖοι*
3173 4879 3590 4965 ’Τεσσαράκοντα
3620 4879 3751 4965 καὶ

2229 4979 2404 5032 ἐτεσιν
2427 4979 2754 5052 ᾠκοδομήθη
2781 4983 2807 5033 ὁ
2829 4979 2955 5043 ναὸς
2977 4971 3153 5046 οὗτος,
3186 4979 3280 5032 καὶ
3305 4964 3452 5032 σὺίὲν
3480 4973 3638 5046 τρισὶν
3652 4964 3751 5038 ήμέ·

2232 5081 2354 5134 ραις
2386 5065 2600 5134 ἐγερεῖς
2629 5061 2827 5128 αὖτ’όνς
2929 5065 2932 5068 ”
2967 5061 2973 5066 ’
3459 5072 3464 5079 .

2302 5148 2366 5202 21
2423 5148 2660 5213 Ἐκεῖνος
2698 5147 2756 5201 δὲ
2784 5147 2939 5216 ἔλεγε
2975 5148 3106 5219 περὶ
3137 5146 3232 5201 τοῦ
3265 5145 3390 5200 ναοῦ
3426 5141 3514 5196 τοῦ
3553 5137 3750 5223 σώματος

2231 5231 2417 5288 αὑτοῦ.
2605 5257 2608 5259 ’
3563 5239 3568 5250 “

2215 5350 2218 5352 -
2299 5315 2372 5369 22
2401 5316 2535 5369 Ὅτε
2561 5308 2654 5370 οὖν
2679 5315 2888 5388 ἠγέρθη
2919 5317 2982 5369 ὲκ
3007 5316 3237 5388 νεκρῶν,
3259 5310 3587 5385 ἐμνήσθησαν
3608 5303 3647 5355 οἱ
3674 5311 3751 5368 μοι·

2231 5399 2391 5470 θηται
2417 5398 2580 5453 αὐτοῦ
2609 5401 2690 5454 ὅτι
2717 5399 2878 5454 τοῦτο
2909 5399 3096 5468 ἔλεγεν
3127 5399 3327 5462 αὐτοῖς’
3361 5395 3450 5450 καὶ
3481 5389 3749 5444 ἐπίστευσαν

2229 5485 2295 5553 τῇ
2329 5483 2663 5554 Γραφῇ,’καὶ
2695 5482 2772 5552 τῷ
2803 5483 2946 5553 λόγῳ
2979 5476 3025 5550 ᾧ
3052 5479 3205 5535 εἶπεν
3236 5484 3264 5534 ὁ
3305 5477 3515 5550 Ἰησοῦςσ
3577 5503 3585 5507 ·
3636 5550 3645 5554 Α
3723 5542 3744 5554 ,

2302 5550 2384 5622 25-
2413 5550 2586 5630 Ὠξδι
2619 5563 2688 5638 ἦν
2716 5550 2772 5620 ἐν
2817 5550 3210 5637 Ἰεροσολύμοις
3243 5567 3298 5618 έν
3335 5563 3410 5633 τῷ
3436 5558 3606 5638 Edax}
3633 5550 3679 5638 ἦν
3698 5550 3746 5610 τῇ

2235 5651 2415 5722 ἑορτῇ,
2452 5629 2655 5704 πολλοὶ·
2676 5629 3008 5704 ἐπίστευσαν
3047 5629 3128 5712 είς
3156 5649 3218 5702 τὺ
3248 5629 3412 5717 δνομα
3442 5635 3608 5699 αὑτοῦ,
3641 5629 3748 5724 θευίη

2241 5735 2456 5805 ροῦντες
2483 5735 2643 5789 αὐτοῦ
2684 5734 2752 5790 τά
2782 5736 2986 5805 σημεῖα
3017 5733 3050 5789 ἃ
3078 5733 3267 5787 ἐποίει.
