3982 6402
267 408 383 464 Ἷῦ5

276 529 510 595 iegatng
541 529 623 583 gn
654 533 864 602 Πάσχα,
908 535 1002 587 καὶ
1037 535 1362 605 ἀρνοφάγων
1392 541 1591 610 ἱερήων

282 625 296 641 ³
316 623 491 692 Οργια
522 623 883 691 μυστιπὸλευε
917 625 1208 696 φιλόκροτα
1244 627 1397 691 θυιὰς
1429 632 1588 702 ἑορτή
1611 647 1624 659 ·

281 712 488 767 Πολλοὶ
516 713 721 766 λύσσαν
752 714 975 768 ἄπιστον
1015 717 1384 786 ἐπετρέψαντο
1417 720 1684 787 θυέλλαις,

280 803 515 874 Χριστῷ
546 805 730 857 πίστιν
764 805 977 874 ἔχοντες
1008 809 1064 870 ὲς
1089 807 1313 878 οὕνομα.
1347 809 1417 863 24
1445 812 1798 882 Πειθομένοις
1821 814 1877 866 δὲ

297 895 586 965 Ἀνδράσιν
617 896 675 947 ού
709 896 963 950 πίστευεν
995 899 1083 952 έὺν
1114 900 1258 955 νόον.
1292 901 1362 954 25
1402 904 1474 955 Ού
1519 903 1626 974 γὰρ
1660 905 1878 960 ἀκούειν

288 987 495 1039 Ἀλλου
526 987 923 1057 φθεγγομένοιο
949 990 1111 1060 νόθης
1143 991 1434 1045 ὲπεδεύετο
1459 994 1644 1064 φωνῆς

285 1081 403 1149 22
446 1081 630 1152 Ὀφρα
688 1079 832 1150 μάθῃ
880 1081 999 1134 νόον
1039 1081 1230 1152 ἀνδρὸς
1270 1083 1604 1156 ἀμάρτυρονσ
1647 1084 1787 1156 ἔργα
1826 1085 1880 1138 δὲ

1304 1188 1306 1191 ’
1570 1176 1584 1246 [
1614 1176 1808 1245 φωτῶν

292 1261 499 1330 ’ᾙδεεν
531 1261 925 1327 αὐτοδίδακτος,
966 1263 1066 1316 ὅσα
1099 1264 1294 1334 φρενὸς
1322 1263 1530 1318 ἔνδοθεν
1553 1267 1693 1338 ἀνὴρ

283 1346 478 1420 Εἶχειν,
513 1349 814 1420 ἀκηρύκτῳ
842 1351 1235 1422 κεκαλυμμένα
1262 1353 1426 1424 φάρεϊ
1456 1354 1632 1424 σιγῆς.

957 1465 1117 1519 ΚΕΦ.
1147 1465 1222 1518 I".

375 1573 401 1626 1
443 1567 548 1625 Ἦν
571 1573 628 1626 δέ
659 1591 740 1637 τις
776 1574 920 1645 ἱερὸν
946 1569 1084 1644 αἷμα
1108 1576 1449 1642 γοοπλανέων
1473 1577 1778 1647 Φαρισαίων

307 1665 504 1736 Ἀρχὸς
543 1665 830 1730 Ἰουδαίων,
866 1666 1176 1737 πολυλήϊοὲν
1205 1666 1426 1736 ἔννομος
1449 1669 1608 1739 ἀνήρ’
1865 1735 1869 1738 ·

292 1754 522 1825 Οῦνομά
553 1758 600 1807 οί
633 1756 962 1826 Νικόδημος.
991 1758 1026 1810 2
1064 1758 1405 1829 Ἀμάρτυρος
1433 1753 1584 1822 οὗτος
1614 1759 1795 1831 ὁδίτης

292 1845 521 1916 Χριστῷ
555 1847 748 1909 νυκτὸς
784 1846 954 1899 ἵκανεο
989 1848 1414 1918 φυλλασσομένῳ
1439 1849 1559 1900 ποδὶ
1593 1851 1812 1918 βαίνων,

297 1939 568 2007 Ἐννυχος
601 1940 680 2000 εἰς
706 1938 866 2008 δόμον
894 1935 1078 2008 ἦλθεν,
1108 1939 1214 2010 ὅπη
1240 1940 1394 2008 φάος.
1439 1939 1616 2010 Ἀνδρὶ
1635 1939 1689 1992 δὲ
1714 1939 1888 2010 πιστῷ

312 2031 524 2100 Ἰησοῦς
560 2031 773 2082 ἐνέπων
807 2030 1182 2101 βαπτίσματος
1214 2033 1391 2086 ἔνθεον
1415 2030 1631 2103 αἴγλην,

297 2122 629 2193 Νυκτιφανῆ
671 2123 984 2194 Νικόδημον
1010 2123 1084 2193 ἐῷ
1119 2124 1450 2196 φαιδρύνατο
1479 2124 1653 2194 μύθῳ.

296 2213 414 2265 Καί
441 2215 488 2265 οἱ
519 2214 687 2284 μῦθον
716 2214 863 2278 ἔλεξε
891 2215 1009 2286 Θεῷ
1030 2215 1305 2286 πειθήνιος
1327 2217 1486 2286 ἀνήρ’

309 2306 538 2359 Ῥαϐὅὶν
575 2307 949 2378 ποικιλόμυθε,
981 2307 1298 2379 θεοερραδὲς,
1330 2306 1480 2378 ἴδμεν
1515 2307 1766 2370 ὀπωπαῖς

299 2400 463 2451 ’Ὁττι
493 2399 626 2452 Θεοῦ
660 2403 913 2471 πομπῇσι
951 2400 1271 2462 διδάσκαλος
1301 2400 1417 2452 ἵκεο
1450 2399 1678 2469 κόσμου,

311 2491 640 2562 Ἀνδρομέου
675 2491 872 2560 βιότοιο
908 2491 1150 2561 βοηθόος·
1182 2491 1242 2544 ού
1269 2490 1491 2544 δύναται
1521 2491 1632 2559 γὰρ

297 2582 509 2653 Θνητὸς
529 2583 666 2655 ἀνὴρ
686 2584 812 2636 τάδε
839 2585 1014 2637 πάντα
1038 2582 1356 2654 πολύτροπα
1377 2581 1631 2652 θαύματα
1653 2581 1888 2651 τεύχειν,

301 2676 482 2726 ’Ὄσσα
505 2675 568 2726 σὺ
602 2674 874 2745 θεσπεσίῳ
899 2675 1103 2738 τελέεις
1132 2677 1352 2745 παιήονι
1387 2674 1562 2744 μύθῳ,

299 2768 369 2818 Εἰ
409 2768 480 2838 μή
510 2768 557 2818 οἱ
591 2767 882 2830 ’συνὰεθλος
909 2766 1233 2832 ἀλεξίκακος
1261 2769 1394 2831 Θεὸς
1428 2769 1538 2838 εἴη.

238 2873 244 2876 ·
300 2860 338 2911 3
381 2858 586 2930 Ἰησοῦς
613 2860 656 2914 δ’
685 2859 946 2931 ἀγόρευεν
974 2859 1273 2930 ὰσημὰντῳ
1301 2861 1406 2913 τινι
1441 2859 1614 2930 μύθῳ·

303 2953 369 3004 Εἰ
416 2953 485 3022 μή
521 2969 605 3016 τις
642 2952 779 3022 μετὰ
813 2953 1016 3022 κέντρα
1048 2952 1439 3020 τελεσσιγόνοιο
1465 2951 1682 3021 λοχείης

303 3042 512 3113 θνητὸς
536 3042 676 3113 ἀνὴρ
709 3042 942 3095 τίκτοιτο
965 3042 1025 3094 τὸ
1051 3041 1323 3113 δεύτερον,
1356 3041 1574 3111 αἰθέρος
1601 3041 1769 3111 αύλῆς

305 3133 383 3183 Ού
408 3131 627 3185 δύναται
657 3132 846 3202 βροτὸς
867 3124 1019 3195 οῦτος
1050 3133 1193 3204 ἔχειν
1218 3132 1434 3186 αἰώνιον
1456 3133 1650 3202 ἀρχήν.

306 3225 341 3276 4
374 3225 482 3276 Καὶ
504 3224 743 3294 κεράσας
762 3224 1071 3294 Νικόδημος
1096 3227 1193 3294 ἁνή
1205 3241 1334 3293 ρυγε
1364 3223 1602 3292 θαύματι
1631 3223 1837 3292 φωνήν·

312 3315 438 3378 Πῶς
460 3314 679 3368 δύναται
708 3314 843 3384 μετὰ
867 3317 1041 3384 γῆρας
1064 3314 1222 3384 ἀνὴρ,
1251 3313 1389 3384 μετὰ
1411 3313 1646 3366 λευκάδα
1675 3315 1896 3384 χαίτην,

315 3407 518 3476 ιἌλλην
543 3406 881 3476 ὀψιτέλεστον
904 3405 1045 3476 ἔχειν
1068 3407 1230 3461 ὠδῖνα
1249 3405 1506 3475 γενέθλης
1525 3423 1539 3469 ;

313 3501 408 3572 Μὴ
437 3501 800 3568 δύναται-δίχα
824 3499 1050 3570 πατρὸς,
1084 3500 1362 3565 ἁεξιτόκου
1391 3499 1479 3551 διὰ
1502 3497 1701 3550 κόλπου

315 3591 568 3661 Μητέρος
591 3591 823 3662 ἀρχαίης
843 3590 1124 3659 ἐγκύμονα
1150 3589 1394 3658 γαστέρα
1426 3587 1618 3650 δύνων,

317 3683 528 3752 Θεσμδν
563 3683 691 3734 ἰδεῖν
724 3681 978 3750 γονόεντα
1009 3680 1396 3734 παλλιννόστου
1431 3681 1703 3742 τοκετοῖο;

316 3777 351 3829 5
387 3775 595 3846 Ἰησοῦς
623 3774 667 3826 δ’
699 3773 1037 3843 ἀπάμειπτο,
1072 3771 1390 3826 διδάσκαλον
1421 3772 1590 3841 ἄνδρα
1617 3771 1901 3823 διδάσκων·

321 3868 383 3918 lit
415 3866 592 3936 μήτις
620 3863 906 3936 καθαροῖσι
937 3864 1107 3933 δέμας
1132 3863 1403 3934 λουτροῖσι
1421 3851 1721 3932 καθαίρων

321 3957 636 4028 Πνεύματος
665 3957 724 4021 ἐξ
747 3956 920 4024 ἁγίοιο
955 3956 1048 4010 καὶ
1076 3955 1265 4018 ὓδατος
1295 3957 1374 4008 εἰν
1410 3953 1491 4007 ἑνὶ
1519 3953 1726 4023 θεσμῷ,

336 4050 668 4120 Ὀπλοτέρην
695 4047 896 4113 δέξοιτο
924 4047 1198 4118 γενέθλιον
1232 4048 1470 4117 ἄσπορον
1504 4043 1712 4116 ἀρχὴν⁹

337 4139 653 4193 ’Λντίτυπον
679 4139 904 4211 μίμημα
925 4139 1236 4208 γυναικείου
1269 4140 1530 4203 τοκετοῖο,

327 4231 404 4285 Οὐ
431 4231 651 4285 δύναται
679 4231 864 4302 βροτὸς
891 4224 1045 4294 οὗτος
1074 4229 1460 4300 ὲπεσσομένοιο
1486 4227 1675 4298 νοῆσαι

330 4322 602 4393 υῦρανίην
634 4323 826 4386 αἰῶνος
859 4321 1156 4394 ἀτέρμονος
1181 4321 1348 4392 ἥλικα
1377 4321 1563 4391 τιμήν.

333 4413 443 4484 24
463 4414 496 4466 6
521 4415 630 4466 Kal.
645 4413 751 4486 γὰρ
768 4415 902 4487 ὅπερ
924 4415 1178 4485 μερόπων
1197 4413 1380 4485 χθονίη
1402 4410 1663 4465 διεώσατο
1677 4407 1910 4479 γαστὴρ,

333 4504 544 4572 Σαρκος
575 4505 686 4559 ’ἀπὸ
717 4505 941 4575 βροτέης
971 4504 1370 4575 μορφούμενον,
1403 4500 1677 4574 ἀνδρομέη
1709 4498 1846 4570 σὰρξ

337 4593 507 4648 Τοῦτο
531 4596 715 4650 πέλει·
747 4597 808 4650 τὸ
840 4596 895 4650 δὲ
924 4595 1085 4661 θεῖον,
1116 4595 1252 4666 ὅπερ
1277 4595 1533 4666 καθαροῖο
1559 4591 1776 4661 λοετροῦ

1249 418 1741 475 ΡΛῐὶΑΡΙῙΙὶΑΒΙΞ
1785 421 1847 474 ΙΝ
1889 421 2301 481 JO.\NNEM.'—
2333 425 2487 481 CAP.
2522 425 2605 478 lli.

3448 424 3553 480 766

1903 549 1944 602 Α
1976 559 2118 609 rum,
2149 542 2639 596 Celebransmlhuc
2673 541 2917 606 Pascha;
2960 549 3012 596 et
3049 544 3429 613 aguivurorum
3466 556 3555 594 sa-

1977 636 2260 691 cerdotum
2317 636 2568 704 Mysteria
2619 635 2885 709 tractabat
2942 636 3247 703 plausibilia
3315 637 3558 688 solemne

1979 725 2175 781 festum
2205 746 2216 780 :
2248 727 2398 779 Multi
2428 724 2606 796 [tum]
2632 724 2836 778 rabiem
2883 724 3217 778 inrrcdulam
3270 723 3558 777 commise-

1978 828 2109 872 runt
2138 820 2332 883 ventis,
2355 819 2556 872 Christi
2581 819 2734 872 ﬁdem
2758 815 3082 872 habentesin
3114 814 3414 867 uemen.9...i
3429 813 3560 866 Cre-

1979 910 2233 966 deutibus
2298 926 2426 964 vero
2454 909 2600 964 Viris
2658 926 2765 963 non
2825 909 3047 964 conﬁdit
3095 921 3252 960 suum
3292 905 3552 958 animum.

1979 1001 2050 1054 25
2088 999 2205 1054 Non
2238 1001 2380 1055 enim
2425 1001 2613 1054 audire
2640 1000 2818 1053 Alium
2854 1001 3162 1068 loquentem
3193 997 3377 1064 spuria
3413 994 3557 1048 iudi-

1981 1091 2140 1161 gebat
2160 1106 2312 1158 voce,
2325 1090 2430 1160 23
2452 1089 2517 1144 Ut
2537 1091 2771 1144 disceret
2796 1091 3035 1143 animum
3062 1089 3158 1141 viri
3184 1088 3298 1142 sine
3317 1087 3562 1141 testimo-

1982 1181 2108 1247 nio;
2149 1195 2312 1250 Opera
2350 1189 2531 1235 autem
2579 1182 2821 1235 virorum
2861 1181 3076 1235 Sciebat
3111 1195 3205 1250 per
3235 1195 3291 1234 se
3334 1179 3562 1242 ductus,

1982 1286 2322 1341 quaecunque
2359 1272 2500 1325 intra
2527 1279 2762 1326 mentem
2798 1272 2882 1324 vir
2920 1270 3180 1337 Habebat,
3224 1286 3331 1326 non
3369 1270 3565 1342 pradio

1985 1371 2108 1418 cato
2131 1364 2400 1418 occultata
2437 1364 2670 1435 tegmine
2705 1363 2930 1418 silentii.

2631 1477 2784 1533 CAP.
2828 1477 2918 1530 Ill.

2058 1590 2084 1642 l
2127 1591 2253 1643 Erat
2309 1597 2490 1645 autem
2531 1591 2752 1660 quidam
2805 1591 2949 1644 sacri
3006 1589 3220 1658 generis
3267 1587 3566 1658 luctivago-

1987 1695 2106 1732 rum
2154 1680 2574 1745 Phariszeorum,
2615 1680 2878 1748 Princeps
2919 1678 3254 1738 Jud:corum.
3301 1678 3564 1746 locuples,

1983 1773 2166 1841 justus
2197 1772 2315 1840 vir;
2345 1771 2551 1824 Nomen
2603 1771 2652 1824 ei
2701 1770 3048 1824 Nicodemus.
3097 1769 3132 1821 2
3181 1769 3386 1838 Expers
3422 1767 3573 1822 testi-

1918 1885 1961 1938 Β
1991 1863 2158 1916 monii
2210 1862 2296 1916 hic
2327 1862 2502 1915 viator
2537 1861 2617 1913 Ad
2651 1861 2932 1916 Christum
2979 1867 3144 1913 noctu
3188 1859 3368 1923 venit;
3408 1867 3571 1911 cauto

1997 1956 2135 2024 pede
2167 1954 2452 2017 incedens,
2483 1952 2799 2007 Nocturnus
2833 1953 2888 2006 in
2918 1952 3138 2006 domum
3171 1951 3319 2016 venit
3359 1952 3446 2004 ubi
3483 1953 3572 2004 lux

1999 2046 2182 2121 {erat}.
2211 2046 2337 2101 Viro
2388 2057 2565 2099 autem
2609 2043 2752 2098 ﬁdeli
2801 2042 2962 2098 Jesus
3009 2059 3274 2098 enarraus
3319 2041 3573 2109 baptismi

1996 2143 2242 2196 divinum
2304 2139 2675 2207 Splendorem,
2729 2135 2900 2189 Noctu
2952 2142 3300 2204 apparentem
3345 2133 3578 2187 Nicode-

1998 2250 2146 2288 altrm
2181 2247 2282 2289 suo
2325 2231 2622 2286 illustravit
2652 2229 2838 2282 verbo.
2869 2226 2935 2279 Et
2962 2227 3061 2294 ipsi
3098 2239 3403 2279 sermonem
3440 2224 3578 2277 dixit

1999 2327 2109 2381 Deo
2140 2325 2399 2380 credulus
2430 2323 2551 2374 vir:
2582 2319 2758 2372 Rabbi
2789 2318 3043 2380 facunde,
3071 2316 3342 2384 deiluque,
3370 2316 3578 2369 scimus

1999 2428 2224 2486 aspectu
2273 2413 2430 2480 Quod
2479 2412 2576 2464 Dei
2608 2410 2776 2464 ductu
2825 2409 3086 2478 magister
3119 2406 3314 2460 venisti
3364 2404 3574 2465 nuiudi,

1999 2510 2263 2563 Humana:
2307 2507 2428 2562 vitae
2473 2504 2688 2572 adjutor
2718 2521 2731 2556 :
2763 2517 2872 2555 non
2923 2509 3101 2569 potest
3150 2498 3293 2552 enim
3336 2496 3579 2554 Mortalis

2000 2603 2165 2654 homo
2207 2601 2323 2653 haec
2370 2596 2552 2650 omnia
2584 2596 2736 2648 varia
2787 2593 3050 2646 miracula
3104 2590 3300 2652 facere,
3344 2591 3474 2653 Quae
3523 2597 3581 2640 tu

2000 2692 2187 2746 divino
2229 2687 2444 2758 perﬁcis
2489 2686 2794 2739 medicante
2832 2683 3019 2743 verbo,
3055 2679 3171 2734 Nisi
3212 2680 3261 2732 ei
3297 2679 3585 2732 auxiliator

2002 2783 2143 2836 mala
2192 2779 2470 2850 depellens
2522 2776 2667 2830 Deus
2721 2774 2904 2827 fuerit.
2943 2770 3164 2826 3Jesus
3219 2776 3398 2822 autem
3449 2768 3587 2821 dixit

2003 2871 2240 2924 obscuro
2285 2866 2520 2936 quodam
2562 2865 2730 2918 verbo
2762 2861 2915 2917 :Nisi
2963 2861 3088 2930 quis
3138 2865 3262 2929 post
3303 2857 3585 2912 stimulum

2007 2961 2172 3015 letum
2207 2955 2543 3028 perﬁcientis
2587 2964 2780 3024 partus
2823 2951 3068 3006 Mortalis
3112 2951 3195 3002 vir
3231 2958 3394 3000 natus
3427 2946 3588 2999 fuerit

2004 3053 2224 3114 iterum,
2275 3048 2400 3101 creti
2452 3047 2591 3099 aula:
2639 3044 2760 3098 Non
2797 3049 2976 3112 potest
3026 3043 3191 3093 homo
3239 3039 3333 3090 ille
3387 3037 3588 3089 habere

2002 3147 2270 3194 mter-num
2329 3137 2714 3206 principatum.
2768 3132 2802 3185 4
2849 3131 2915 3184 Et
2969 3132 3210 3196 miscens
3259 3126 3589 3179 Nicodemus

1922 3237 1966 3295 (ζ
1998 3228 2270 3284 eructavit
2295 3241 2417 3278 eum
2445 3221 2807 3276 admiratione
2837 3233 3020 3272 vocem
3061 3236 3072 3268 :
3107 3215 3390 3280 Quomodo
3414 3220 3591 3282 potest

2009 3329 2132 3390 post
2182 3324 2458 3372 senectam
2491 3313 2596 3375 vir,
2650 3320 2771 3381 post
2803 3309 2954 3362 albos
3001 3307 3203 3369 crines,
3243 3305 3418 3356 Alium
3467 3319 3592 3358 sero

2011 3411 2312 3483 perfectqu
2358 3406 2563 3459 habere
2600 3411 2814 3473 partum
2870 3397 3281 3470 generationis?
3311 3395 3447 3448 Num
3499 3409 3595 3464 p0—

2009 3513 2110 3560 test
2153 3503 2271 3558 sine
2307 3507 2462 3569 patre
2498 3497 2664 3552 fetum
2700 3501 2989 3563 augentem
3025 3505 3122 3560 per
3175 3489 3354 3543 sinum
3405 3486 3594 3540 Matris

2013 3595 2249 3662 antiquae
2296 3589 2581 3660 gravidum
2612 3593 2856 3640 ventrem
2905 3582 3153 3642 subiens,
3206 3579 3377 3648 Leges
3413 3578 3599 3632 videre

2013 3682 2308 3752 genitrices
2357 3677 2624 3746 reciproci
2671 3672 2903 3744 partus?
2938 3670 3153 3726 SJesus
3188 3686 3317 3724 vero
3369 3685 3594 3738 respou-

2023 3775 2126 3836 dit,
2155 3773 2478 3842 magistrum
2503 3770 2679 3824 virum
2711 3768 2916 3822 docens
2942 3784 2953 3818 :
2981 3763 3098 3822 Nisi
3135 3766 3257 3834 quis
3293 3764 3451 3832 puris
3479 3778 3600 3817 cor-

2013 3879 2124 3935 pus
2147 3861 2379 3916 lavacris
2413 3873 2654 3929 purgans
2681 3855 2891 3926 Spiritu
2936 3871 3001 3909 ex
3035 3863 3228 3910 sancto
3259 3863 3311 3908 et
3350 3867 3489 3922 aqua
3546 3853 3600 3906 in

2015 3981 2125 4021 una
2156 3964 2460 4026 sanctione,
2490 3959 2787 4015 Recentius
2810 3957 3040 4026 recipiat
3074 3955 3449 4025 generativum
3481 3969 3592 4007 non

2017 4071 2346 4126 seminatqu
2407 4064 2742 4136 principium
2770 4101 2785 4127 ,
2825 4062 3180 4130 Expressam
3239 4055 3602 4109 imitationem

2019 4173 2304 4230 muliebris
2333 4179 2542 4242 partus,
2594 4165 2714 4220 Non
2747 4170 2927 4236 potest
2969 4162 3132 4216 homo
3182 4159 3271 4213 hic
3302 4159 3473 4212 futuri
3509 4173 3604 4212 eo-

2022 4291 2290 4348 gnoscere
2336 4275 2628 4330 Coalestem
2664 4269 2850 4325 saeculi
2883 4266 3080 4322 inﬁniti
3124 4273 3459 4320 coaetaneum
3505 4261 3605 4316 ho-

2024 4394 2236 4435 norem.
2291 4376 2398 4447 25
2433 4376 2466 4430 6
2512 4375 2732 4430 Etenim
2792 4369 2938 4442 quod
2987 4344 3607 4422 hominum'terrestris

1947 4503 1992 4558 ι)
2023 4485 2284 4559 pretrusit
2325 4489 2534 4546 venter,
2589 4479 2767 4534 Carne
2851 4477 2918 4531 ab
2973 4476 3213 4530 humana
3277 4473 3605 4537 formatum,

2026 4592 2264 4646 humana
2287 4603 2418 4644 caro
2453 4585 2567 4642 lloc
2611 4591 2736 4641 est:
2776 4583 3020 4639 divinum
3057 4588 3240 4634 autem
3269 4576 3425 4644 illud,
3465 4575 3611 4646 quod

1542 4747 1822 4803 TEX‘I‘US
1859 4745 2090 4802 EVANG
2102 4740 2396 4800 ELISTIE.

409 4889 480 4942 ‘24
510 4890 676 4952 Λύτδς
708 4889 763 4941 δὲ
781 4891 812 4942 ὁ
850 4888 1054 4958 Ἰησοῦς
1075 4888 1173 4939 οὐκ
1200 4887 1482 4939 ἐπίστευεν
1505 4885 1696 4939 ἑαυτὸν
1720 4885 1920 4950 αὐτοῖς,

336 4974 429 5028 ﬁt)
465 4973 524 5024 τὸ
549 4967 1018 5039 αύτὸνγινὼσκειν
1050 4970 1278 5032 πάιντας·

415 5057 485 5108 9.5
521 5056 627 5107 Καὶ
655 5057 736 5107 ὅτι
763 5055 823 5106 ού
851 5054 1039 5126 χρείαν
1068 5049 1211 5122 εἶχεν
1235 5053 1320 5104 ἵνα
1340 5068 1424 5114 τις
1453 5051 1774 5122 μαρτυρήσῃ
1802 5049 1929 5120 περὶ

341 5137 434 5190 τοῦ
467 5135 774 5207 ἀνθρώπου·
807 5137 968 5200 αὐτὸς
1001 5136 1108 5204 γὰρ
1151 5135 1415 5204 ἐγίνωσκε
1457 5133 1509 5185 τί
1541 5127 1608 5203 ἦν
1643 5135 1699 5185 ἐν
1727 5133 1806 5203 τῷ
1835 5135 1928 5186 ἀν-

344 5224 371 5274 θ
384 5221 554 5292 ρώπῳ
564 5261 575 5273 .

1003 5303 1160 5354 ΚΕΦ.
1198 5303 1272 5356 Γ’.

423 5387 447 5439 1
481 5373 586 5439 ⁷Ἢν
605 5385 666 5438 δὲ
698 5387 982 5457 ἅνθρωπος
1013 5386 1077 5438 ἐκ
1115 5384 1223 5437 τῶν
1253 5382 1592 5454 Φαρισαίων,
1633 5380 1936 5451 Νικόδημος

346 5469 520 5538 ὄνομα
548 5469 717 5540 αὐτῷ,
753 5471 934 5540 ἄρχων
962 5468 1068 5521 τῶν
1109 5467 1400 5521 Ἰουδαίων.

422 5553 458 5606 2
483 5547 651 5615 Οὗτος
682 5549 815 5621 ἦλθε
853 5551 988 5621 πρὸς
1024 5552 1114 5604 τὸν
1157 5551 1363 5620 Ἰησοῦν
1398 5549 1610 5612 νυκτὸς,
1663 5547 1757 5601 καὶ
1787 5543 1940 5600 εἶπεν

353 5635 532 5706 αὐτῷ·
584 5635 793 5697 Ῥαϐϐὶ,
842 5635 1061 5705 οἴδαμεν
1107 5636 1188 5687 ὅτι
1236 5633 1342 5686 ἀπὸ
1392 5631 1526 5685 Θεοῦ
1567 5631 1830 5702 ἐλήλυθας
1865 5630 1942 5682 δι-

352 5719 618 5780 δὲισκαλος
639 5733 651 5746 ⁸
687 5718 862 5781 οὐδεὶς
883 5718 990 5789 γὰρ
1013 5719 1179 5772 ταῦτα
1204 5717 1269 5770 τὰ
1304 5719 1503 5786 σημεῖα
1527 5715 1748 5770 δύναται
1770 5716 1942 5768 ποιεῖν

353 5803 388 5857 ἃ
423 5824 483 5859 συ
519 5802 712 5867 ποιεῖς,
750 5801 844 5855 ἐὰν
871 5800 946 5873 μὴ
977 5800 1064 5877 ᾗὸ
1089 5801 1221 5865 Θεὸς
1250 5801 1366 5871 μετ’
1397 5799 1582 5853 αὐτοῦ.

2099 4880 2132 4936 5
2156 4878 2458 4949 Ἀπεκρίθη
2475 4879 2501 4930 ὁ
2518 4875 2722 4946 Ἰησοῦς
2745 4875 2836 4928 καὶ
2863 4870 3016 4926 εἶπεν
3044 4867 3191 4938 αύτῷ
3213 4884 3227 4897 ⁸
3277 4865 3446 4935 Ἀμὴν
3467 4862 3613 4932 ἀμὴν

2030 4965 2172 5034 λέγω
2209 4981 2310 5024 σοι,
2365 4962 2460 5014 ἐὰν
2499 4961 2573 5030 μή
2625 4959 2706 5021 τις
2735 4957 2969 5026 γεννηθῇ
3021 4952 3246 5014 ἄνωθεν,
3288 4950 3347 5001 ού
3392 4949 3613 5000 δύναται

2031 5050 2160 5101 ἰδεῖν
2187 5046 2284 5116 τὴν
2315 5042 2592 5114 βασιλείαν
2621 5041 2713 5094 τοῦ
2746 5039 2898 5093 Θεοῦ.

2065 5125 2131 5184 "zi-
2172 5113 2337 5197 Λέγει
2369 5127 2505 5196 πρὸς
2542 5124 2705 5177 αὐτὸν
2754 5125 2781 5174 ὁ
2829 5119 3136 5188 Νικόδημος
3161 5133 3176 5148 ·
3215 5115 3341 5178 Πῶς
3392 5113 3616 5197 δύναται

2027 5195 2313 5283 ἅνθρωπος
2342 5195 2669 5279 γεννηθῆναι
2700 5201 2880 5275 γέρων
2909 5201 3017 5265 (ev;
3059 5201 3131 5271 μὴ
3157 5198 3381 5251 δύναται
3410 5197 3488 5258 είς
3520 5195 3617 5263 τὴν

2031 5277 2237 5348 κοιλίαν
2292 5277 2393 5362 τῆς
2441 5277 2647 5363 μητρὸς
2700 5286 2865 5341 αὑτοῦ
2915 5286 3168 5354 δεύτερον
3211 5278 3472 5332 εἰσελθεῖν
3523 5277 3618 5328 καὶ

2033 5377 2363 5447 γεννηθῆναι
2385 5393 2399 5442 ;

2103 5461 2137 5514 5
2169 5439 2466 5530 ’Ἀπεκρίθη
2499 5461 2526 5511 ὁ
2559 5453 2796 5525 Ἰησοῦς·
2842 5451 3014 5523 ’Δμὴν
3039 5449 3185 5519 ἀμὴν
3214 5446 3360 5530 λέγω
3390 5460 3493 5530 σοι,
3526 5439 3621 5495 ἐὰν

2040 5545 2115 5616 μή
2141 5561 2224 5607 τις
2257 5525 2490 5612 γεννηθῇ
2517 5541 2576 5605 ἐξ
2604 5539 2794 5600 ὕδατος
2819 5537 2913 5588 καὶ
2944 5531 3280 5616 Πνεύματος,
3312 5528 3371 5581 οὐ
3397 5525 3622 5578 δύναται

2037 5615 2300 5680 εἰσελθεῖν
2328 5629 2408 5689 εἰς
2441 5625 2538 5696 τὴν
2576 5621 2851 5694 βασιλείαν
2880 5617 2974 5672 τοῦ
3006 5615 3164 5669 Θεοῦ.
3301 5695 3308 5696 7
3392 5625 3397 5630 '

2112 5712 2147 5765 6
2172 5711 2244 5763 Τὸ
2281 5693 2644 5780 γεγενημένον
2682 5707 2746 5759 ὲκ
2778 5705 2877 5774 τῆς
2913 5700 3133 5772 σαρκὸς,
3187 5695 3329 5780 σαρξί
3351 5697 3500 5748 ἐστι·
3531 5693 3626 5748 καὶ

2041 5795 2104 5850 τὸ
2134 5795 2505 5868 γεγενημένον
2537 5795 2600 5847 ἐκ
2635 5791 2728 5846 τοῦ
2759 5787 3092 5859 πνεύματος,
3123 5779 3341 5854 πνεῦμα
3368 5780 3502 5835 ἐστι.
