3982 6400
219 337 324 396 769

1167 336 1658 396 PARAPHBASIS
1692 338 1761 398 ΙΝ
1797 339 2210 399 JOANNEM.—
2250 346 2402 404 CAP.
2445 347 2532 405 111.

3395 364 3500 423 770

216 457 286 510 16
313 456 474 511 Οὕτω
498 454 612 527 γάρ
639 453 995 528 πολύμορφον
1033 454 1258 526 ἐφίλατο
1287 457 1494 529 κόσμον
1526 458 1734 531 ἀλήτην

1907 462 2280 530 generationis
2328 465 2570 521 volvitur
2605 466 2823 526 ﬁrmum
2865 486 3062 529 aevum.
3103 475 3168 532 l6
3211 476 3306 534 Sic
3344 480 3496 537 enim

224 549 540 620 ’Υψιμέδων
567 549 932 620 σκηπτοῦχος,
962 547 1044 602 ὅτι
1074 551 1461 620 χραισμήτορα
1485 550 1681 619 φωτῶν

211 639 536 709 Μουνογενῆ
562 640 735 709 Λόγον
765 635 872 693 Υἵα
905 640 1070 712 πόρεν
1094 640 1388 711 τετράζυγι
1420 642 1628 712 κόσμῳ,

216 728 405 800 Ὅφρα
439 744 530 799 μιν
551 728 610 792 ὃς
634 729 859 795 δέξοιτο,
896 730 1238 802 μετάτροπον
1264 727 1398 801 ἦθος
1427 731 1689 802 ἀμείψας,

209 822 407 875 Πίστιν
441 823 500 885 ἐς
530 822 922 892 ἀστυφέλικτον
952 822 1197 876 ἑκούσιον
1223 823 1428 893 αὐχένα
1451 823 1742 896 κάμπτων,

206 914 368 984 Ζωῆς
396 913 655 986 οὐρανίης
680 913 896 968 αἰώνιον
923 917 1003 978 είς
1032 914 1192 988 χορὸν
1221 915 1374 988 ἔλθῃ,

205 1006 399 1059 Ναίων
430 1005 656 1075 ἄφθιτον
689 1002 835 1059 οἷκον
867 1007 925 1060 ἐν
957 1006 1222 1079 εὐδένδρῳ
1250 1009 1589 1080 παραδείσῳ.

207 1096 276 1149 Π
311 1097 386 1149 Οὒ
418 1096 530 1168 γὰρ
557 1095 647 1149 ἑὸν
674 1096 846 1165 Λόγον
869 1091 975 1151 Υία
995 1098 1185 1170 Πατὴρ
1207 1098 1341 1163 Θεὸς
1372 1099 1562 1154 ὤπασε
1587 1101 1800 1173 κόσμῳ,

201 1185 433 1256 Κόσμον
467 1186 554 1239 ἵνα
587 1186 793 1258 κρίνειε
823 1186 1114 1259 προώριον,
1142 1188 1277 1243 ἀλλά
1303 1189 1580 1244 πεσοῦσαν

215 1277 555 1350 Ἀνδρομέην
587 1279 676 1333 ῑνα
704 1281 886 1334 πᾶσαν
909 1282 1235 1354 ἀναστήσειε
1259 1283 1542 1356 γενέθλην.

204 1370 275 1426 18
307 1371 405 1433 Ὃς
432 1369 491 1424 δέ
525 1387 619 1441 μιν
649 1371 918 1437 ἀπλανέος
945 1373 1174 1444 κραδίης
1206 1375 1481 1446 μειλίξατο
1513 1375 1703 1447 θεσμῷ

212 1463 412 1533 Ῥίψας
438 1461 705 1534 ηερίοισιν
732 1463 962 1519 ἀπειθέα
991 1464 1196 1521 λύσσαν
1227 1465 1444 1538 ἀήταις,

213 1549 417 1621 Ὀρθὴν
449 1550 634 1605 πίστιν
658 1550 815 1622 ἔχων,
843 1554 904 1606 οὐ
930 1554 1174 1625 κρίνεται
1209 1573 1224 1588 ο
1259 1557 1309 1609 εί
1337 1557 1400 1610 δέ
1428 1574 1512 1622 τις
1535 1557 1677 1629 ἀνὴρ

209 1642 558 1714 Ἀνδρομὲην
587 1645 680 1698 ἐπὶ
719 1644 898 1717 σάρκα
927 1645 1224 1717 νοοσφαλὲς
1253 1648 1411 1720 όμμα
1440 1651 1714 1716 τιταίνων,

199 1733 480 1805 Τολμήεις
507 1735 780 1791 ἐπέτασσε
807 1735 902 1809 θεη
912 1738 1086 1810 μάχον
1109 1740 1443 1813 ἀνθερεῶνα,

209 1825 382 1897 Ἀνὴρ
411 1825 665 1898 κέκριται
694 1824 869 1894 οὗτος,
900 1832 983 1884 ὅτι
1014 1832 1364 1903 βραδυπειθέϊ
1392 1833 1550 1906 θυμῷ

191 1916 374 1971 υῦπω
401 1918 586 1973 πίστιν
618 1919 824 1987 ἔδεκτο,
851 1922 946 1977 καὶ
968 1924 1030 1977 οὐ
1062 1925 1330 1998 μετέθηκε
1355 1928 1628 2000 μενοινὴν,

200 2009 366 2073 Υίέος
395 2010 642 2080 ὑψίστοιο
669 2012 804 2067 Θεοῦ
829 2015 1059 2070 Γενέταο
1083 2017 1321 2089 πιθήσας

199 2101 520 2172 Τηλυγέτου
551 2104 817 2176 Βασιλῆος
845 2103 904 2170 ἐς
931 2105 1156 2180 οὔνομα.
1195 2110 1262 2165 19
1292 2109 1591 2177 Δυσσεσέος
1616 2112 1674 2166 δὲ

199 2194 432 2266 Κόσμον
465 2196 727 2265 σύγγονος
750 2198 845 2269 ἥδε
879 2198 1032 2253 πέλει
1061 2200 1266 2272 κρίσις.
1289 2204 1596 2275 Οὐρανόθεν
1630 2204 1740 2277 γάρ

192 2285 316 2356 28
357 2285 457 2350 Εἰς
493 2286 660 2357 χθόνα
707 2287 912 2358 φέγγος
961 2289 1114 2344 ἵκανε
1134 2306 1148 2321 ·
1182 2291 1276 2346 καὶ
1311 2292 1593 2346 ἀσταθέων
1640 2294 1797 2362 γένος

1481 2380 1726 2454 [ἀνδρῶν

192 2462 445 2534 Φέγγεος
475 2465 882 2539 ἀστράπτοντος
907 2469 1130 2539 ἐφίλατο
1152 2472 1351 2544 μᾶλλον
1376 2473 1628 2544 ὁμίχλην,

159 2556 314 2609 ’Καὶ
344 2555 484 2624 φάος
510 2559 572 2612 οὐ
603 2560 891 2614 ποθέουσιν
925 2563 1056 2616 ὅσον
1081 2563 1244 2634 ζόφον
1268 2579 1282 2594 ·
1320 2563 1460 2636 ἔργα
1483 2565 1592 2637 γάρ
1613 2563 1794 2620 αὐτῶν

195 2647 350 2715 mea
381 2649 556 2707 πέλει.
599 2651 669 2706 20
706 2655 814 2707 Καὶ
846 2656 956 2718 πᾶς
989 2673 1074 2719 τις
1105 2655 1246 2728 ἀνὴρ
1271 2657 1564 2727 ἀθεμίστια
1597 2657 1791 2728 ῥέζων,

200 2739 371 2806 ’Λξια
401 2742 593 2805 νυκτὸς
617 2742 776 2814 ἔχων,
814 2747 1030 2816 στυγέει
1062 2746 1221 2815 φάος,
1253 2746 1451 2802 οὔποτε
1479 2748 1656 2819 βαίνει

196 2830 299 2895 Εἰς
327 2833 465 2901 φάος
498 2835 906 2906 ἀγχικέλευθος,
942 2841 1092 2905 ὅπως
1124 2840 1198 2912 μὴ
1235 2843 1438 2912 φέγγος
1465 2844 1658 2916 ἐλέγξῃ

200 2923 408 2994 Ἔργα,
434 2925 612 2996 τάπερ
637 2927 810 2982 τελέει
841 2931 1047 3004 κρυφίῃ
1083 2933 1475 3005 κεκαλυμμένα
1510 2939 1659 3007 σιγῇ.

194 3017 265 3070 21
310 3018 408 3081 Ὃς
433 3017 491 3071 δὲ
515 3018 848 3093 θεουδείῃσιν
880 3023 1124 3096 ἐτήτυμα
1162 3025 1340 3080 πάντα
1369 3028 1652 3096 φυλάσσει,

197 3105 409 3170 Ἰξεται
437 3107 859 3175 αὐτοκέλευστος
880 3111 986 3182 ὅπη
1016 3115 1172 3183 φάος,
1205 3116 1349 3187 ὄφρα
1375 3118 1568 3188 φανείη

199 3199 409 3269 Ἔργα,
439 3198 615 3272 τάπερ
642 3203 837 3273 ποίησε
867 3203 1003 3257 Θεοῦ
1035 3206 1395 3278 τετελεσμένα
1424 3208 1611 3280 βουλῇ.

202 3291 462 3347 Ἔννεπε.
534 3293 606 3347 22
644 3295 752 3348 Καὶ
788 3296 1084 3366 μετέπειτα
1112 3299 1270 3354 πέδον
1293 3301 1578 3356 Γαλιλαῖον
1603 3301 1791 3369 ἐάσας,

210 3385 408 3454 ’Λγνὸν
443 3385 710 3440 Ἰουδαίων
740 3388 1044 3444 ὑπεδύσατο
1076 3390 1276 3444 κόλπον
1313 3392 1576 3466 ἀρούρης.

199 3474 316 3528 Καὶ
341 3474 474 3540 Θεὸς
496 3475 683 3529 αὐτόθι
711 3477 877 3549 μίμνε
904 3481 1002 3533 σὺν
1033 3479 1324 3535 ἀντιθέοισι
1358 3483 1648 3555 μαθηταῖς,

201 3563 489 3618 Ναιετάων
515 3564 722 3618 ὀθνεῖον
760 3567 1026 3624 ὲναύλιον.
1063 3570 1392 3642 Ἀγχιπὸρου
1416 3573 1474 3626 δὲ

203 3653 372 3725 Γαίης
399 3655 553 3709 αίόλα
578 3655 720 3725 φῦλα
743 3657 892 3729 σοφῷ
925 3657 1219 3729 βαπτίζετο
1246 3661 1470 3734 ῥείθρῳ,

203 3747 243 3799 Σ
249 3749 440 3818 μήκων
455 3747 760 3820 ἀνδρομέης
776 3750 1004 3822 κραδίης
1018 3751 1211 3822 ῥύπον.
1237 3752 1308 3806 ‘33
1320 3748 1426 3808 Ἦν
1438 3755 1494 3808 δὲ
1519 3755 1612 3810 καὶ
1631 3755 1794 3820 αὐτὸς

201 3837 362 3901 Θεῖος
406 3837 662 3909 Ἰωάννης
689 3838 975 3894 θεοπειθέα
1001 3841 1130 3895 λαὸν
1158 3841 1367 3913 ἀλήτην

206 3931 402 3985 ’Υόατι
443 3932 720 4003 βαπτίζων
752 3932 1130 4006 βαθυκύμονος
1163 3936 1356 4005 ἐγγύθι
1385 3937 1613 4007 Σαλείμ.

205 4024 365 4078 Κεῖθι
394 4025 503 4096 γάρ
535 4026 860 4099 εὐρυπόροιο
887 4025 1268 4098 κυλινδομένου
1315 4030 1580 4097 ποταμοῖο

206 4116 489 4188 Χεύμασιν
516 4118 735 4182 ἀενάοις
763 4117 1088 4189 κυμαίνεται
1120 4117 1350 4188 ἄφθονον
1386 4117 1531 4190 ὕδωρ

210 4210 441 4279 Ἂρκιον
469 4211 550 4264 είν
581 4211 661 4264 ἑνὶ
691 4211 876 4264 πᾶσιν.
916 4207 1324 4263 Ἐκυκλώσαντο
1348 4209 1406 4262 δὲ
1431 4208 1550 4262 λαοὶ

205 4302 476 4374 Εὑσεὸίης
503 4304 599 4358 ἕνα
625 4304 803 4375 φῶτα,
830 4303 924 4357 καὶ⁵
949 4302 1146 4373 ὀψινόῳ
1183 4301 1437 4374 μετανοίῃ

218 4393 562 4464 Ἀμπλακίας
590 4396 893 4461 νίπτοντες,
932 4394 1313 4466 ὲφαιδρύνοντο
1347 4393 1612 4466 ῥεέθροις.

204 4484 280 4539 24
303 4485 467 4540 Οὔπω
493 4487 601 4560 γάρ
627 4487 716 4542 διὰ
739 4487 966 4560 λέκτρον
995 4487 1379 4558 άμερσιγάμου
1411 4484 1666 4557 βασιλῆος

1912 555 2123 608 varium
2154 555 2348 610 dilexit
2391 558 2657 615 mundum
2688 573 2965 618 errantem
3005 557 3340 638 A'ltiregens,
3375 585 3499 627 sce-

1909 645 2238 714 ptritencns,
2261 655 2319 702 ut
2348 648 2656 719 adiutorem
2678 652 2961 711 hominum
2986 656 3338 731 Unigenitum
3363 663 3500 720 Ver-

1910 736 2039 790 bum
2072 735 2265 793 Filiqu
2296 739 2511 797 dederit
2552 744 2884 818 quadriiugo
2921 751 3148 816 mundo,
3179 752 3269 822 Ut,
3314 756 3494 826 ipsum

1909 828 2001 898 qui
2046 833 2335 901 receperit,
2381 836 2668 892 versatiles
2716 854 2899 896 mores
2947 841 3264 913 immutans,
3301 847 3496 914 Fidem

1906 921 1976 976 ad
2035 922 2248 978 firmam
2299 927 2663 983 voluntariam
2717 932 2988 988 cervicem
3065 934 3315 1004 ﬂectens,
3369 940 3500 994 Viue

1907 1012 2150 1069 caelestis
2179 1024 2440 1071 aeternum
2475 1019 2529 1073 in
2553 1028 2758 1076 emtum
2781 1025 2988 1088 veniat,
3016 1023 3282 1083 Habitans
3315 1029 3499 1084 incor-

1904 1112 2124 1174 ruptam
2178 1106 2400 1161 domum
2465 1109 2521 1164 in
2585 1112 2881 1168 arboribus
2947 1118 3166 1172 consito
3215 1119 3494 1187 paradiso.

1907 1193 1975 1246 47
2024 1193 2144 1249 Non
2191 1197 2339 1251 enim
2386 1197 2622 1255 Verbum
2671 1218 2836 1258 suum
2884 1203 3080 1260 Filium
3130 1207 3275 1264 Deus
3333 1208 3498 1266 Pater

1904 1285 2056 1341 dedit
2082 1288 2308 1354 nmudo,
2341 1288 2602 1346 Hundum
2626 1299 2688 1347 ut
2714 1292 2927 1363 iudicet
2960 1304 3088 1353 ante
3124 1305 3362 1369 tempus,
3396 1304 3493 1358 sed

1905 1377 2116 1447 lapsam
2147 1377 2451 1435 Humanam
2486 1389 2548 1437 ut
2585 1397 2802 1440 omnem
2849 1387 3145 1444 resuscitet
3182 1391 3494 1459 generatio-

1903 1483 2050 1524 nem.
2098 1471 2164 1526 l8
2207 1473 2310 1538 Qui
2353 1474 2520 1544 igitur
2545 1475 2724 1546 ipsum
2770 1478 2913 1533 firmi
2959 1482 3145 1538 cordis
3191 1484 3494 1553 placaverit

1903 1559 2042 1630 lege,
2091 1563 2374 1632 Abiicieus
2420 1567 2598 1623 aereis
2645 1568 2984 1625 incredulam
3031 1573 3245 1629 rabiem
3288 1575 3490 1644 ventis,

1902 1650 2130 1709 Rectam
2165 1656 2324 1712 fidem
2360 1658 2591 1727 habens,
2632 1677 2744 1718 non
2771 1663 3087 1733 iudicatur:
3123 1667 3171 1722 si
3201 1683 3334 1724 vero
3358 1669 3488 1739 quis

1901 1744 1987 1799 vir
2038 1745 2342 1803 Humanam
2388 1752 2443 1804 in
2492 1765 2717 1807 carnem
2764 1763 2950 1811 mente
2997 1767 3218 1827 capt-um
3267 1761 3492 1816 oculum

1831 1856 1874 1912 Β
1902 1833 2166 1906 dirigens,
2201 1838 2393 1893 Audax
2437 1844 2717 1912 aperuerit
2762 1844 2873 1900 Deo
2916 1861 3228 1918 repugnans
3273 1866 3358 1917 os,
3395 1851 3494 1908 Vir

1896 1927 2179 1997 iudicatus
2219 1940 2305 1986 est
2333 1932 2444 1995 hic,
2479 1935 2606 2003 quia
2631 1937 2788 1992 tarde
2829 1938 3091 1995 credente
3129 1940 3318 1996 animo
3345 1943 3492 1999 Nono

1899 2017 2032 2074 dum
2070 2020 2230 2076 fidem
2275 2023 2542 2092 suscepit,
2585 2035 2639 2079 et
2685 2040 2793 2081 non
2825 2033 3221 2087 transmutavit
3265 2043 3491 2090 senten-

1900 2110 2054 2175 tiam,
2085 2110 2209 2166 Filii
2245 2113 2502 2170 altissimi
2530 2114 2626 2171 Dei
2664 2116 2844 2174 Patris
2869 2119 3103 2176 credens
3143 2120 3317 2178 Unice
3342 2125 3490 2181 dile.

1899 2201 1974 2254 eti
2011 2201 2174 2274 Regis
2207 2203 2262 2258 in
2290 2218 2513 2260 nomen.
2549 2206 2616 2260 l9
2645 2207 2800 2278 lmpii
2843 2217 3025 2265 autem
3066 2198 3250 2267 Mundi
3287 2230 3490 2284 conge-

1899 2291 2072 2346 nitum
2110 2293 2214 2347 hoc
2257 2301 2341 2349 est
2366 2293 2660 2364 judicium.
2687 2295 2798 2366 29
2825 2294 3059 2354 Ctelitus
3096 2301 3240 2355 enim
3284 2300 3341 2354 ln
3380 2310 3488 2357 ter-

1897 2396 2014 2436 ram
2050 2383 2234 2438 lumen
2273 2385 2442 2449 venit,
2491 2392 2545 2440 et
2593 2385 2933 2442 instabilium
2985 2403 3159 2460 genus
3203 2390 3484 2448 hominum

1897 2469 2129 2526 Lumine
2170 2471 2412 2543 fulgente
2460 2473 2652 2531 dilexit
2703 2477 2879 2548 magis
2934 2479 3244 2550 caliginem,
3291 2479 3358 2536 Et
3408 2483 3488 2538 Ιιι-

1897 2577 2022 2616 men
2047 2577 2155 2616 non
2186 2564 2500 2620 desiderant
2531 2577 2795 2638 quantum
2829 2570 3082 2626 tenebras
3113 2586 3312 2641 :opera
3339 2574 3486 2630 enim

1897 2650 2144 2720 ipsorum
2185 2652 2364 2708 Curva
2391 2665 2572 2710 erant.
2605 2656 2676 2711 20
2706 2656 2773 2712 Et
2802 2660 3118 2730 quicunque
3161 2661 3246 2715 vir
3273 2662 3487 2722 nefaria

1897 2743 2312 2817 faciens,Digna
2347 2755 2510 2803 nocte
2540 2748 2772 2816 habens,
2817 2750 2932 2805 odit
2974 2751 3184 2816 lumen,
3229 2768 3332 2808 nec
3381 2770 3489 2813 un-

1894 2849 2061 2904 quam
2096 2836 2244 2891 venit
2271 2836 2328 2892 ln
2360 2838 2536 2894 lucem
2569 2839 2827 2905 vicinam,
2877 2856 2946 2897 ne
2979 2840 3160 2897 lumen
3195 2843 3488 2914 redarth

1895 2925 2077 2998 Opera
2111 2945 2234 3000 qua:
2262 2929 2402 2986 facit
2429 2930 2648 2987 occulto
2687 2939 2830 2987 tecta
2863 2933 3104 2990 silentio.
3132 2934 3197 2988 21
3224 2933 3328 3001 Qui
3354 2951 3488 2991 vero

1895 3019 2101 3089 pietate
2139 3037 2268 3076 vera
2299 3023 2484 3078 omnia
2508 3022 2772 3087 custodit,
2812 3022 3006 3079 Veniet
3032 3033 3224 3094 sponte
3267 3027 3360 3081 ubi
3403 3027 3490 3081 lu-

1899 3138 2047 3187 men,
2077 3130 2137 3177 ut
2179 3124 2602 3180 manifestentur
2637 3125 2814 3195 Opera
2857 3141 2977 3195 qum
3009 3125 3136 3180 fecit
3180 3126 3274 3182 Dei
3302 3125 3493 3198 perfe-

1897 3234 1986 3281 cta
2017 3227 2316 3283 voluntate.
2345 3226 2511 3282 Dixit.
2555 3228 2627 3282 22
2659 3228 2724 3282 Et
2753 3229 3014 3300 deinceps
3042 3244 3236 3300 campo
3260 3230 3488 3286 Galilzeo

1897 3331 2112 3395 relicto,
2148 3331 2408 3386 Sanctum
2448 3332 2761 3388 Judzeorum
2790 3334 2959 3389 subiit
2987 3334 3168 3388 sinum
3201 3344 3382 3390 terrae.
3417 3334 3486 3389 Et

1896 3434 2042 3492 Deus
2089 3436 2162 3490 ibi
2205 3437 2410 3492 mansit
2453 3453 2577 3493 cum
2623 3438 2824 3494 divinis
2870 3437 3180 3509 discipulis,
3216 3438 3484 3499 Habitari:

1895 3541 2136 3596 alienum
2169 3541 2536 3597 domicilium.
2584 3542 2914 3615 Propinquze
2944 3559 3074 3599 vero
3097 3543 3278 3599 Terra:
3301 3546 3485 3602 varias

1897 3643 2078 3700 tribus
2109 3644 2345 3714 sapienti
2383 3645 2694 3716 baptizabat
2723 3645 2898 3711 ﬂuxu,
2924 3646 3259 3718 Abstergens
3283 3649 3353 3702 ab
3385 3649 3487 3703 hu-

1895 3765 2062 3806 mano
2091 3751 2259 3808 corde
2293 3753 2508 3808 sordes.
2544 3753 2615 3807 25
2647 3752 2779 3806 Erat
2805 3761 2986 3808 autem
3019 3761 3074 3808 et
3109 3755 3228 3824 ipse
3256 3753 3486 3811 Divinus

1893 3852 2136 3910 Joannes
2181 3854 2293 3911 Deo
2339 3857 2654 3912 credentem
2693 3857 2954 3926 populum
3006 3864 3283 3911 errantem
3326 3859 3484 3929 Aqua

1895 3957 2204 4028 baptizans,
2242 3958 2500 4029 profundi
2546 3957 2727 4012 ﬂuxus
2755 3957 2914 4025 juxta
2963 3956 3166 4014 Salem.
3206 3958 3284 4014 lbi
3335 3961 3485 4016 enim

1894 4062 2085 4118 vadosi
2113 4062 2280 4118 veluti
2310 4061 2552 4118 ﬂuminis
2585 4059 2850 4116 Fluxibus
2882 4061 3163 4131 perpetuis
3183 4061 3484 4120 ﬂuctuabat

1895 4168 2046 4239 larga
2086 4182 2251 4239 aqua,
2305 4165 2592 4224 Sufﬁciens
2631 4181 2741 4223 una
2795 4167 3076 4223 omnibus.
3112 4168 3484 4226 Circumdedit

1895 4279 2076 4328 autem
2113 4271 2348 4342 papulas
2378 4269 2603 4327 Pietatis
2639 4271 2862 4326 unicum
2900 4271 3100 4338 virum,
3142 4281 3197 4327 et
3226 4288 3352 4328 sero
3391 4288 3482 4330 sa-

1893 4379 2075 4450 piente
2117 4377 2436 4449 poenitentia
2497 4377 2688 4433 Errata
2751 4378 2998 4435 lavantes
3051 4379 3483 4449 puriticabantur

1895 4484 2135 4540 ﬂuentis.
2183 4484 2254 4538 2i
2303 4482 2554 4539 Nondum
2593 4485 2738 4540 enim
2764 4491 2988 4556 propter
3032 4484 3331 4540 thalamum
3373 4499 3482 4540 nu-

1412 4602 1693 4659 TEXTUS
1733 4600 2262 4658 EVANGELISTIE.

280 4696 349 4751 16
382 4695 536 4749 Οὕτω
569 4695 678 4769 γὰρ
709 4696 998 4768 ἠγάπησεν
1033 4699 1062 4752 ό
1095 4698 1225 4762 Θεὸς
1259 4697 1351 4752 τὸν
1396 4697 1622 4768 κόσμον,
1649 4695 1789 4749 ὥστε
1825 4703 1872 4762 D
1894 4696 1994 4750 οὐκ
2033 4695 2250 4768 ἔρχεται
2281 4695 2417 4768 πρὸς
2447 4695 2510 4750 τὸ
2532 4695 2690 4766 φῶςο
2741 4695 2830 4749 ἵνα
2864 4694 2940 4766 μὴ
2972 4693 3201 4766 ἐλεγχθῇ
3228 4691 3298 4747 τὰ
3345 4689 3484 4765 ῑργλ.

200 4783 298 4837 τὸν
333 4781 463 4835 Υίὸν
511 4780 678 4834 αὑτοῦ
727 4781 824 4835 τὸν
881 4782 1143 4853 μονογενῆ
1194 4781 1416 4842 ἔδωκεν,
1476 4781 1564 4834 ἵνα
1609 4781 1718 4844 πᾶς
1765 4782 1795 4832 ὁ

202 4863 485 4919 πιστεύων
526 4867 607 4930 είς
647 4865 813 4919 αὑτὸν
860 4866 935 4939 μὴ
984 4865 1277 4936 ἀπόληται,
1325 4863 1447 4918 ’ἀλλ’
1495 4862 1594 4934 ἔχῃ
1648 4861 1793 4935 ζωὴν

204 4949 450 5005 αἰώνιον.

282 5034 350 5087 17
397 5033 472 5087 Οὐ
507 5033 618 5106 γάρ
651 5033 973 5089 ἀπέστειλεν
1007 5032 1036 5086 ὁ
1069 5029 1202 5096 Θεὸς
1233 5030 1323 5084 τὸν
1354 5029 1483 5084 Υἱὸν
1521 5028 1685 5084 αὑτοῦ
1714 5031 1795 5094 είς

210 5117 304 5169 τὸν
341 5119 568 5188 κόσμον,
605 5119 693 5173 ἵνα
729 5118 892 5190 κρίνῃ
920 5119 1012 5172 τὸν
1059 5117 1287 5187 κόσμον,
1324 5114 1441 5168 ἀλλ’
1478 5114 1566 5168 ἵνα
1592 5115 1737 5186 σωθῇ
1768 5117 1796 5169 ὁ

209 5200 415 5271 κόσμος
443 5201 510 5255 δι’
542 5201 732 5256 αὐτοῦ.

281 5287 348 5340 18
382 5287 439 5339 Ὀ
470 5285 740 5340 πιστεύων
779 5285 859 5349 εἰς
890 5283 1073 5348 αὐτὸν,
1117 5283 1178 5336 οὐ
1233 5282 1514 5354 κρίνεται·
1573 5283 1601 5335 ὁ
1626 5281 1682 5334 δὲ
1721 5281 1794 5353 μὴ

205 5369 504 5433 πιστεύων,
551 5371 651 5441 ἤδη
692 5369 968 5441 κέκριται,
1009 5368 1091 5421 ὅτι
1130 5367 1204 5438 μὴ
1237 5367 1602 5420 πεπίστευκεν
1630 5369 1709 5431 είς
1735 5367 1795 5420 τὸ

203 5454 384 5508 ὄνομα
416 5457 511 5506 τοῦ
542 5452 866 5524 μονογενοῦς
897 5449 1029 5505 Υίοῦ
1056 5449 1148 5504 τοῦ
1175 5449 1333 5503 Θεοῦ.

282 5535 353 5590 19
384 5535 531 5606 Αὕτη
567 5535 624 5588 δέ
659 5537 808 5589 ἐστιν
835 5536 870 5606 ἡ
908 5533 1112 5604 κρίσις,
1157 5534 1238 5586 ὅτι
1272 5532 1333 5585 τὸ
1377 5532 1494 5602 φῶς
1535 5531 1793 5602 ἐλήλυθεν

202 5619 293 5685 είς
329 5619 421 5673 τὸν
458 5621 686 5690 κόσμον,
723 5619 816 5672 καὶ
862 5617 1159 5688 ἠγάπησαν
1198 5617 1247 5668 oi
1278 5617 1557 5688 ἄνθρωποι
1593 5615 1792 5686 μᾶλλον

200 5703 272 5758 τὸ
298 5702 487 5766 σκότος
515 5703 549 5772 ἢ
575 5702 638 5755 τὸ
667 5702 782 5772 φῶς
803 5716 816 5732 ·
866 5695 936 5770 ἦν
962 5700 1070 5770 γὰρ
1095 5699 1309 5770 πονηρὰ
1332 5697 1511 5752 αὐτῶν
1541 5697 1610 5752 τά
1635 5698 1792 5772 ἔργα.

283 5787 354 5844 20
385 5789 500 5851 Πᾶς
535 5786 642 5859 γὰρ
671 5787 699 5838 ό
726 5785 905 5856 φαῦλα
941 5785 1226 5853 πράσσων,
1257 5786 1405 5854 μισεί
1433 5784 1491 5838 τὸ
1523 5783 1668 5853 φῶς·
1697 5785 1792 5838 καὶ

1901 4778 2087 4832 αὑτοῦ.

1971 4861 2114 4914 21⁸0
2137 4861 2196 4914 δὲ
2226 4861 2398 4914 ποιῶν
2416 4859 2514 4930 τὴν
2542 4859 2822 4931 ἀλήθειαν,
2847 4858 3064 4930 ἔρχεται
3090 4857 3226 4926 πρὸς
3255 4855 3316 4909 τὸ
3343 4855 3482 4924 φῶς,

1901 4946 1987 4998 ἵνα
2041 4945 2328 5017 φανερωθῇ
2381 4943 2545 4998 αὑτοῦ
2593 4943 2660 4997 τὰ
2724 4942 2884 5014 ἔργα,
2937 4943 3022 4994 ὅτι
3083 4943 3140 4993 ὲν
3177 4938 3296 5009 Θεῷ
3333 4940 3483 4992 ἐστιν

1894 5028 2252 5099 εἰργασμένα.

1965 5111 2035 5165 2‘2
2067 5112 2223 5166 Μετά
2273 5110 2446 5166 ταῦτα
2497 5105 2664 5182 ἦλθεν
2694 5111 2731 5162 ό
2771 5106 2980 5180 Ἰησοῦς
3012 5105 3106 5159 καὶ
3147 5106 3196 5158 ei
3237 5106 3481 5178 μαθηταὶ

1894 5194 2059 5248 αὑτοῦ
2092 5195 2173 5258 είς
2211 5195 2311 5265 τὴν
2348 5193 2609 5248 Ἰουδαίαν
2642 5193 2748 5264 γῆν
2767 5210 2779 5223 ·
2822 5192 2916 5246 καὶ
2947 5191 3065 5244 ἐκεῖ
3093 5188 3330 5259 διέτρισε
3360 5189 3482 5260 μετ’

1895 5279 2072 5333 αὐτῶν
2101 5277 2195 5332 καὶ
2228 5277 2541 5342 ἐϐάπτιζεν.

1963 5362 2035 5415 25
2062 5359 2171 5415 τΗν
2195 5361 2252 5415 δὲ
2279 5362 2373 5415 καὶ
2407 5360 2662 5431 Ἰωάννης
2698 5357 2974 5430 βαπτίζων
3006 5359 3063 5412 ἐν
3093 5355 3288 5417 Αἰνὼν,
3314 5355 3482 5424 ἐγγὺς

1893 5443 1986 5498 τοῦ
2016 5445 2241 5516 Σαλείμ,
2282 5445 2362 5498 ὄτι
2405 5444 2574 5498 ὕδατα
2616 5443 2790 5496 πολλὰ
2837 5438 2904 5513 ἦν
2935 5442 3082 5493 ἐκεῖ·
3120 5440 3214 5492 καὶ
3247 5437 3480 5508 παρεγί-

1890 5545 2044 5585 νοντο
2074 5523 2166 5582 καὶ
2197 5529 2576 5592 ἐϐαπτίζοντο.

1957 5611 2032 5666 24
2074 5611 2242 5666 Οὔπω
2283 5612 2393 5688 γὰρ
2429 5609 2498 5686 ἦν
2529 5611 2862 5685 βεϐλημένος
2903 5610 2984 5675 είς
3019 5611 3120 5682 τὴν
3164 5601 3411 5678 φυλακὴν
3437 5604 3469 5658 ό

1903 5693 2176 5768 Ἰωάννης.
