3982 6438
385 375 487 431 ’181

390 493 588 559 1Ἄλλος
614 491 903 568 άροτρεύει
929 492 1133 564 σπόρον
1158 489 1391 562 ὄμπνιον
1419 488 1620 544 αὔλακι
1652 489 1873 557 νείφων,

386 585 499 641 Kal
535 584 739 658 στάχυν
776 585 983 657 άμήσει
1013 583 1425 653 στεφανηφόρος
1451 581 1610 645 ἄλλος
1639 579 1867 642 άλωεύς.

384 679 456 735 38
497 677 683 732 Ἄλλοι
709 676 809 748 μὲν
839 674 1140 748 μογέεσκον
1167 673 1372 737 άλωέες
1404 671 1602 725 αὔλακι
1628 671 1832 741 φωνῆς’

387 775 621 850 Καρπὺν
647 773 752 836 έως
779 769 1043 842 Εσπειραν
1065 783 1081 798 ο
1113 763 1415 819 ἐπιστέλλω
1437 762 1494 817 δὲ
1521 761 1807 833 καμόντων

402 869 607 941 Ὑμέας
638 862 959 936 ἀκαμάτους
986 858 1267 932 ἀλλότριον
1295 856 1378 919 εἰς
1405 853 1568 910 πόνον
1604 852 1837 925 ἀνδρῶν,

403 961 641 1032 ’Δμῆσαι
669 956 1032 1028 στομάτεσσιν
1069 949 1435 1022 ὲτοιμοτάτων
1466 947 1627 1018 στίχα
1651 944 1905 1019 καρπῶν,

389 1053 559 1124 Λήῖον
587 1049 650 1103 ού
675 1047 1027 1120 σπείραντας,
1062 1042 1097 1115 ἦ
1125 1041 1496 1115 ἀρδεύσαντας
1531 1038 1736 1108 ἀλωήν.

390 1143 465 1197 59
501 1138 694 1196 Πολλοὶ
724 1139 823 1210 μὲν
853 1136 1044 1192 ναέται
1069 1130 1406 1204 ταχυπειθέα
1441 1127 1570 1183 λαὸν
1601 1127 1808 1198 ἀλήτην

393 1233 613 1296 Πίστιος
646 1226 1014 1302 appaream
1039 1220 1438 1295 ὲπυργὼσαντο
1465 1217 1773 1291 θεμέθλοις,

392 1322 720 1395 Μαρτυρίην
751 1320 962 1382 ἀΐοντες
997 1314 1330 1389 ὲγερσινόοιο
1357 1312 1616 1383 γυναικὸς

391 1414 804 1486 Φθεγγομένης,
834 1413 919 1466 ὅτι
951 1409 1142 1465 Πάντα
1178 1406 1361 1477 τάπερ
1393 1404 1594 1476 κάμον,
1618 1398 1741 1457 εἷπε
1770 1401 1988 1544 πρεοῇήη

1832 1488 1952 1543 της.

394 1576 469 1632 40
517 1573 657 1628 Ἀλλ’
678 1573 767 1627 ὅτε
795 1571 846 1626 οἰ
872 1569 1058 1641 σχεδὸν
1083 1562 1248 1640 ἦλθον
1270 1562 1607 1636 όμοφραδέες
1627 1562 1988 1634 Σαμαρεῖται,

396 1665 635 1739 Χριστὸν
658 1661 1013 1732 ὲγουνάζοντο
1038 1658 1377 1731 φιλοστόργῳ
1404 1656 1509 1711 τινὶ
1533 1653 1709 1727 μύθῳ,

396 1755 537 1813 Λῦθι
579 1755 762 1828 μένειν
780 1769 795 1784 ο
822 1753 920 1807 καί
943 1748 1151 1805 παῦσεν
1172 1746 1340 1812 Ἀναξ
1355 1745 1519 1828 ἱπαρὰ
1551 1744 1754 1813 γείτονι
1782 1741 1955 1812 πηγῇ,

1314 364 1798 424 PARAPHRASIS
1832 362 1901 420 IN
1934 356 2275 420 JOANNEM.
2307 389 2380 401 -—
2416 359 2572 416 CAP.
2613 357 2706 415 IV.

3556 348 3660 411 782

2011 493 2055 549 Α
2086 483 2235 555 quod
2266 482 2353 537 vir
2393 481 2548 536 Alius
2579 486 2700 534 arat
2731 491 2920 535 semen
2950 475 3163 533 cereale
3199 476 3257 532 in
3288 474 3473 531 sulcos
3510 486 3667 546 spar-

2083 587 2243 645 gens,
2304 569 2374 625 Et
2420 570 2631 641 spicam
2683 567 2922 623 demetet
2974 578 3237 621 coronam
3289 564 3473 621 ferens
3525 563 3666 619 alius

2082 674 2319 717 messor.
2344 658 2415 714 38
2442 657 2549 712 Alii
2574 654 2797 728 quidem
2830 654 3156 709 laborarunt
3179 653 3434 725 agricolae
3466 653 3527 708 in
3552 653 3669 710 sul-

2081 765 2181 806 eos
2235 749 2410 814 vocis,
2486 745 2750 801 Fructum
2810 741 2991 799 donec
3064 741 3443 807 seminarunt;
3512 741 3672 796 mitto

2082 858 2217 901 vero
2249 839 2620 898 laborantium
2654 837 2768 895 Vos
2799 851 2913 893 non
2959 836 3276 893 laborantes
3331 833 3571 888 alierum
3613 831 3671 886 in

2084 935 2326 990 laborem
2403 931 2650 987 virorum
2679 967 2695 993 ,
2765 918 3054 984 Demetere
3129 924 3320 981 oribus
3384 921 3673 993 paratissi-

2086 1039 2301 1082 morum
2345 1021 2573 1079 ordines
2640 1020 2957 1087 fructuum,
3027 1017 3296 1088 Campum
3358 1028 3469 1070 non
3509 1013 3674 1070 semi-

2086 1124 2306 1184 nantes,
2351 1122 2448 1171 aut
2509 1114 2806 1185 irriganles
2844 1120 3077 1185 segetes.
3126 1111 3198 1166 59
3260 1106 3414 1164 Multi
3453 1106 3673 1178 quidem

2088 1207 2237 1263 cives
2280 1204 2563 1261 credulum
2640 1203 2907 1275 populum
2980 1190 3257 1257 errantem
3311 1197 3464 1254 Fidei
3494 1194 3677 1275 ﬁrmis

2091 1297 2412 1355 munierunt
2484 1274 2904 1361 fulcimiuibus,
2972 1291 3372 1349 Testimonium
3450 1274 3680 1344 audien-

2091 1400 2176 1448 tes
2224 1388 2520 1447 excitantis
2570 1394 2811 1443 mentem
2866 1384 3141 1451 mulieris,
3207 1380 3478 1445 Dicentis,
3528 1379 3679 1451 quod

2091 1482 2288 1539 Omnia
2321 1497 2443 1553 qua:
2493 1479 2599 1536 feci
2638 1479 2778 1534 dixit
2824 1476 3113 1549 propheta.
3178 1474 3250 1529 40
3292 1473 3399 1530 Sed
3446 1484 3575 1528 curn
3610 1471 3681 1527 ad

2091 1589 2219 1631 cum
2240 1572 2537 1631 evenissent
2566 1571 2980 1628 consentientes
3013 1564 3373 1632 Samaritani,
3396 1565 3679 1621 Christum

2094 1666 2380 1737 supplices
2412 1664 2647 1721 orabant
2688 1662 2959 1719 benevolo
2995 1659 3239 1732 quodam
3282 1671 3557 1724 sermone,
3601 1654 3683 1711 ibi

2095 1770 2355 1824 manere;
2401 1763 2457 1811 et
2487 1756 2697 1826 quievit
2726 1753 2848 1809 Rex
2892 1752 3041 1824 apud
3067 1751 3311 1808 vicinum
3360 1749 3588 1814 fontem,
3615 1746 3684 1802 Et

1065 1802 1231 1910 ἦλθεν
1258 1802 1736 1909 όμῖόδτολονΙοῖμον
1769 1802 1990 1883 ὁδεύων.

2117 1802 2355 1824 .._-----,
2404 1802 2457 1811 --
2488 1802 2696 1826 νη-.-
2730 1802 2848 1809 ---κ
2893 1802 3041 1824 ,τη
3082 1802 3311 1808 .-πη-,η

2117 1848 2254 1905 velox
2288 1848 2346 1902 in
2378 1848 2658 1904 civitatem
2698 1846 2798 1902 ivit
2836 1845 3094 1901 comitem
3122 1843 3267 1898 viam
3300 1841 3583 1898 incedens.
3619 1839 3686 1894 Et

401 1937 516 1992 Kal
536 1935 668 1999 Θεὸς
698 1931 886 1986 αὐτόθι
918 1931 1137 2004 μίμνεν,
1165 1928 1271 1992 ἕως
1298 1926 1497 1999 δρόμος
1521 1925 1677 1989 ἄλλος
1702 1923 1789 1977 ἐπ’
1810 1920 1957 1992 ἄλλῳ

416 2028 600 2103 Ὀξείῃ
626 2025 986 2099 στροφάλιγγι
1019 2023 1317 2096 παρέστιχε
1343 2020 1560 2089 δίζυγος
1588 2017 1742 2090 ἠοῦς.

402 2215 481 2273 45
516 2213 630 2269 Kal
659 2210 800 2284 μετὰ
835 2208 1051 2264 διπλόον
1071 2203 1230 2280 ἦμαρ
1263 2204 1434 2273 Ἀναξ
1466 2203 1747 2259 σπεύδοντι
1771 2199 1991 2272 πεδίλῳ,

403 2304 521 2378 Μ
554 2303 725 2361 οὔασι
748 2300 1114 2373 πειθομένοισι
1141 2298 1429 2372 πεπηγότα
1461 2296 1629 2369 μῦθον
1663 2298 1854 2361 ἐάσας,

404 2397 605 2455 Κεῖθεν
631 2395 732 2468 ἕδη
757 2393 1099 2463 παλίνορσος,
1121 2391 1487 2463 άναινομένων
1519 2390 1818 2461 ναετήρων,

406 2489 523 2545 Kal
549 2487 712 2542 πάλιν
736 2487 817 2551 εἰς
850 2483 1009 2538 πέδον
1040 2479 1170 2555 ἦλθε
1206 2481 1568 2554 φιλοχρίστων
1603 2479 1924 2535 Γαλιλαίων.

407 2573 484 2631 44
518 2574 739 2644 Μούνην
763 2571 807 2625 δ’
834 2571 934 2626 οὐκ
956 2569 1230 2643 ὲπάτησεν
1255 2569 1352 2642 ἑὴν
1375 2568 1658 2642 ζηλήμονα
1690 2568 1926 2639 πάτρην,

409 2667 526 2721 Kal
552 2665 661 2736 γάρ
686 2665 1007 2736 όμογνήτων
1026 2661 1350 2735 δεδαημένος
1386 2661 1523 2733 ήθεα
1554 2662 1751 2731 φωτῶν

409 2757 685 2830 Μάρτυρα
713 2756 880 2828 μῦθον
911 2755 1094 2811 ἔειπεν
1122 2755 1414 2826 ἐτήτυμον,
1445 2755 1561 2808 ὅττι
1588 2753 1873 2826 προφήτης

412 2850 492 2904 υύ
518 2848 744 2903 δύναται
770 2847 1104 2919 περίπυστον
1135 2845 1279 2918 ἔχειν
1304 2846 1385 2901 ἐνὶ
1422 2846 1644 2917 πατρίδι
1669 2849 1857 2918 τιμήν.

412 2939 490 2996 45
538 2939 676 2993 Ἀλλ’
708 2940 800 2993 ὅτε
830 2939 895 3011 δὴ
922 2939 1204 2994 Γαλιλαῖον
1232 2939 1290 3003 ες
1323 2938 1546 3011 ἕδρανον
1583 2934 1747 3015 ἦλθε-ν
1776 2936 2003 3009 ἰησοῧςο

412 3032 494 3104 Δὴ
519 3031 638 3085 τότε
675 3048 766 3100 μιν
796 3030 1142 3104 προφανέντα
1165 3030 1563 3086 παλιννόστοισι
1589 3030 1864 3096 κελεύθοις

421 3125 690 3195 Ἀσμενος
724 3122 892 3193 ἐσμὸς
923 3123 1108 3177 ἔδεκτο
1141 3123 1479 3195 θεοστόργων
1509 3123 1827 3188 Γαλιλαίων,

417 3213 608 3269 Πάντα
633 3213 811 3285 τάπερ
836 3213 1061 3287 ποίησεν
1087 3216 1146 3269 ἐν
1178 3215 1396 3287 ἕρκεσιν
1439 3216 1798 3287 Ἱροσολύμων

420 3306 705 3378 Ὄμμασιν
730 3304 999 3376 ἀθρήσας,
1027 3306 1180 3378 ἰερῆς
1202 3307 1292 3361 ὅτε
1323 3306 1510 3377 κῶμον
1536 3307 1731 3378 ἑορτῆς

418 3397 675 3469 Μητέρες
698 3396 951 3466 εύσεϐίης
980 3398 1280 3462 θεασώδεες
1309 3398 1517 3469 ἡγαγον
1541 3393 1703 3471 ὧραι.

421 3488 538 3542 Kal
566 3488 678 3559 γάρ
714 3489 772 3551 ές
802 3486 945 3560 ἱερὸν
970 3483 1125 3561 ἦμαρ
1154 3489 1547 3559 ἐπεστιχόωντο
1576 3489 1671 3542 καί
1698 3486 1857 3543 αὐτοί

421 3577 498 3633 46
546 3577 754 3650 Ἰησοῦς
784 3579 883 3650 μὲν
915 3579 1089 3642 ἵκανε,
1122 3579 1217 3633 καὶ
1243 3578 1417 3651 ᾦκεεν
1444 3578 1634 3634 αύτόθι
1666 3578 1900 3651 μίμνων,

422 3660 564 3739 ἾςΙχι
591 3667 751 3721 πέδον
783 3669 1114 3734 Καναναῖον,
1144 3667 1252 3739 ὅπη
1285 3668 1458 3738 πάρος
1486 3669 1566 3732 εἰς
1596 3666 1752 3739 χύσιν
1780 3669 1923 3723 οἴνου

422 3757 630 3813 Ξανθδν
664 3758 809 3831 ὕδωρ
832 3758 1051 3830 ποίησε,
1086 3758 1250 3829 φύσιν
1280 3759 1537 3831 χιονωτδν
1564 3760 1826 3832 ἀμείψας.

503 3845 610 3903 Ἦν
639 3849 695 3903 δέ
724 3867 807 3914 τις
845 3848 1037 3904 ἰθύνων
1068 3850 1326 3922 στρατιὴν
1357 3851 1635 3924 βασιλήῖος
1664 3852 1827 3925 ἀνὴρ,

427 3934 510 3996 Οὗ
543 3940 671 4006 πάϊς
696 3940 978 4013 άγχιάλοιο
996 3942 1378 4014 Καφαρναοὺμ
1399 3942 1481 3995 ἐνὶ
1504 3942 1663 4014 δήμῳ

430 4031 685 4096 Κέκλιτο,
708 4031 890 4103 νωθρὰ
919 4033 1100 4104 φέρων
1134 4033 1343 4105 πεπεδη
1352 4032 1490 4105 μένα
1517 4032 1757 4103 γούνατα
1783 4035 1977 4107 νούσῳ.

430 4125 553 4179 Κατ
568 4125 794 4196 γενέτης
821 4123 1134 4195 φιλότεκνος
1163 4123 1263 4195 ἴσῳ
1293 4124 1584 4194 μαστίζετο
1612 4124 1809 4197 πυρσῷ

432 4215 632 4279 Παιδὸς
664 4213 1067 4286 ἱμασσομένοιο,
1079 4214 1222 4285 τάχα
1240 4214 1424 4268 πλέον.
1466 4215 1533 4270 47
1561 4210 1732 4279 Οὗτος
1759 4216 2023 4282 ἀκούσας,

437 4306 715 4377 Ἔδραμεν
743 4307 822 4369 εἰς
847 4306 1152 4360 Καναναῖον
1177 4302 1438 4360 ἐιδέθλιον⁸
1468 4306 1775 4379 άγχιφανὴς
1794 4308 1852 4362 δὲ

450 4396 656 4470 Ἰησοῦν
685 4397 921 4470 ἐρέεινεν
951 4398 1097 4462 ὅπως
1127 4396 1248 4453 νέον
1278 4394 1370 4453 υἷα
1403 4396 1613 4474 σαώσῃ,

2102 1939 2250 1997 Deus
2297 1939 2374 1996 ibi
2414 1939 2646 2006 mansit,
2697 1938 2876 1995 donec
2918 1951 3119 1993 cursus
3167 1935 3308 1993 alius
3352 1942 3475 2005 post
3516 1932 3684 1989 alium

2100 2032 2279 2089 Celeri
2308 2031 2583 2103 vertigine
2602 2030 2870 2102 preteriit
2899 2028 3107 2100 biiugis
3136 2041 3372 2083 aurorae.
3410 2025 3498 2098 [ιι
3533 2030 3589 2081 et
3616 2021 3688 2079 42

2101 2214 2173 2270 ιε
2201 2213 2268 2267 Et
2295 2220 2417 2283 post
2448 2211 2722 2282 duplicem
2751 2210 2896 2285 diem
2926 2209 3043 2266 Rex
3071 2208 3352 2266 festinanti
3385 2207 3544 2279 pede,
3575 2205 3686 2281 45

2105 2305 2353 2361 Auribus
2373 2304 2729 2361 credentibus
2757 2301 2985 2357 infixum
3017 2314 3326 2358 sermonem
3345 2299 3687 2370 relinquens,

2106 2396 2235 2453 lude
2262 2395 2400 2453 abiit
2424 2409 2721 2459 reversus,
2766 2394 3129 2450 renuentibus
3159 2390 3585 2456 habitatoribus,
3623 2389 3693 2444 Et

2105 2502 2304 2545 rursus
2331 2488 2389 2543 in
2420 2501 2675 2558 campum
2702 2487 2851 2543 venit
2879 2485 3163 2542 Christum
3194 2483 3496 2539 amantium
3538 2482 3691 2537 Gali-

2108 2578 2355 2633 laeorum.
2408 2575 2480 2631 44
2513 2576 2700 2631 Solam
2732 2588 2864 2631 vero
2909 2588 3022 2630 non
3056 2573 3193 2628 adiit
3227 2586 3386 2629 suam
3428 2571 3693 2627 aemulan-

2108 2679 2218 2727 tetn
2242 2669 2479 2742 patriam
2506 2686 2520 2723 ι
2559 2666 2776 2723 Etenim
2809 2665 3160 2738 popularium
3188 2663 3372 2721 sciens
3401 2677 3586 2718 mores
3615 2663 3697 2718 vi-

2110 2777 2320 2826 rorum,
2357 2758 2768 2815 Testiiicantem
2798 2770 3113 2812 sermonem
3141 2753 3281 2810 dixit
3308 2767 3523 2819 verum,
3547 2752 3696 2822 quod

2114 2851 2379 2922 propheta
2426 2848 2549 2905 Non
2603 2855 2789 2920 potest
2838 2847 3110 2902 illustrem
3159 2845 3363 2901 habere
3404 2843 3463 2898 in
3521 2844 3698 2913 patria

2115 2942 2405 2997 honorem.
2436 2941 2509 2996 45
2551 2936 2659 2995 Sed
2696 2937 2921 3009 quando
2947 2952 3082 2994 sane
3124 2936 3181 2991 in
3206 2934 3488 2991 Galilaeum
3521 2934 3699 2991 solum

2114 3033 2267 3089 venit
2296 3031 2483 3098 Jesus,
2516 3030 2674 3087 Tunc
2695 3031 2875 3101 ipsum
2904 3027 3264 3096 conspicuum
3305 3025 3581 3081 reversiva
3612 3023 3701 3078 via

2116 3124 2324 3181 Avidus
2351 3131 2533 3180 coetus
2560 3122 2805 3193 suscepit
2832 3121 3048 3190 piorum
3078 3118 3451 3186 Galilaeorum,
3504 3115 3703 3171 Omnia

2037 3234 2080 3290 ο
2114 3229 2237 3288 quae
2316 3214 2447 3271 fecit
2510 3214 2657 3269 intra
2723 3220 2880 3283 septa
2946 3208 3451 3280 Hierosolymorum
3514 3204 3709 3263 Oculis

2116 3304 2414 3378 aspiciens,
2463 3304 2608 3360 sacri
2655 3306 2879 3373 quando
2927 3301 3355 3357 celebrationem
3407 3299 3532 3356 festi
3591 3298 3705 3354 Ma—

2118 3407 2231 3454 tres
2262 3396 2484 3467 pietatis
2515 3397 2769 3466 choraga:
2801 3393 3165 3449 adduxissent
3191 3391 3363 3446 horae.
3395 3389 3608 3446 Etenim
3633 3390 3705 3445 ad

2117 3491 2265 3548 diem
2292 3488 2493 3547 festum
2525 3487 3018 3559 proﬁciscebantur
3047 3493 3103 3540 et
3131 3485 3259 3556 ipsi.
3290 3484 3359 3539 46
3387 3482 3552 3540 Iesus
3581 3483 3710 3554 qui-

2119 3586 2242 3641 dem
2276 3581 2449 3648 venit,
2501 3589 2558 3636 et
2594 3579 2859 3635 habitavit
2898 3578 2972 3634 ibi
3024 3591 3277 3643 manens,
3333 3574 3435 3630 Ubi
3477 3589 3708 3646 campus

2119 3676 2428 3735 Cananaaus
2457 3682 2564 3741 est,
2617 3673 2712 3729 ubi
2755 3682 2917 3728 antea
2959 3673 3016 3727 in
3065 3669 3294 3727 liuorem
3324 3669 3437 3725 viui
3484 3667 3707 3729 Flavam

2117 3782 2319 3839 aquam
2376 3773 2654 3833 mutarat,
2710 3773 2967 3820 naturam
3022 3764 3238 3820 niveam
3303 3769 3705 3818 transmutans.

2172 3858 2302 3913 Erat
2342 3864 2526 3913 autem
2560 3856 2782 3927 quidam
2816 3872 3014 3928 regens
3051 3856 3356 3912 exercitum
3384 3854 3566 3927 regius
3600 3856 3705 3921 vir,

2118 3949 2290 4019 Cujus
2327 3948 2475 4003 ﬁlius
2521 3948 2814 4004 maritimae
2857 3948 3203 4019 Caperuaum
3246 3947 3298 4001 in
3345 3949 3550 4018 populo
3608 3947 3710 4002 De—

2119 4039 2435 4103 cumbebat,
2473 4038 2729 4108 languida
2760 4038 2945 4095 ferens
2981 4039 3144 4110 ligata
3175 4052 3353 4109 genua
3380 4039 3592 4093 morbo.
3641 4038 3711 4093 Et

2127 4138 2281 4199 pater
2330 4142 2523 4183 amans
2578 4129 2787 4185 sobolis
2828 4129 3026 4199 aequali
3076 4129 3441 4200 torquebatur
3486 4130 3707 4184 flamma

2124 4218 2261 4278 Cum
2297 4222 2407 4276 lilio
2435 4219 2658 4287 aﬂlicto,
2700 4219 2887 4276 forsan
2929 4228 2984 4277 et
3017 4222 3160 4292 plus.
3197 4222 3262 4276 47
3302 4220 3401 4277 llic
3444 4236 3568 4277 cum
3616 4237 3715 4275 au-

2124 4311 2318 4377 disset,
2352 4309 2616 4385 Cucurrit
2654 4308 2711 4366 in
2737 4310 3068 4366 Cananzeum
3102 4313 3316 4377 solum;
3367 4313 3713 4384 prepinquus

2128 4419 2256 4460 vero
2303 4401 2493 4459 Jesum
2548 4402 2784 4475 rogavit,
2836 4411 2897 4458 ut
2937 4390 3196 4473 juvenem
3232 4403 3405 4459 filium
3451 4414 3717 4483 servaret,

1648 4513 1934 4575 TEXTUS
1968 4518 2498 4578 EVANGEUSTE.

508 4623 597 4708 58‘
626 4623 768 4695 Ἐγὼ
789 4620 1087 4680 ἀπέστειλα
1117 4626 1264 4697 ὑμᾶς
1290 4622 1525 4699 θερίζειν
1551 4627 1579 4681 ὃ
1606 4627 1704 4699 οὐχ
1734 4628 1893 4699 ὑμεῖς
1932 4647 2018 4684 κε·
2057 4636 2103 4691 D
2200 4630 2271 4686 43
2306 4632 2467 4685 Μετὰ
2504 4630 2562 4686 δὲ
2589 4594 2690 4697 τὰς
2733 4634 2829 4687 δύο
2875 4634 3089 4706 ἡμέρας
3117 4635 3341 4708 ἐξῆλθεν
3372 4636 3599 4704 ἐκεῖθεν,
3627 4639 3721 4692 καί⁵

435 4706 743 4763 κοπιάκατε
763 4726 776 4739 ·
804 4708 951 4762 ἄλλοι
981 4709 1369 4775 κεκοπιάκασι,
1396 4710 1489 4763 καί⁵
1522 4711 1680 4782 ὑμεῖς
1708 4713 1789 4776 εἰς
1816 4712 1910 4767 τὸν
1939 4713 2032 4767 κό-

436 4808 544 4847 πον
574 4791 753 4845 αὐτῶν
789 4790 1197 4863 εἰσεληλύθατε.
1498 4810 1501 4813 λ

511 4872 581 4929 59
631 4874 727 4928 Ἐκ
752 4872 811 4926 δὲ
840 4875 941 4945 τῆς
987 4874 1195 4938 πόλεως
1238 4874 1459 4946 ἐκείνης
1487 4875 1673 4931 πολλοί
1702 4877 2032 4933 ἐπίστευσαν

434 4957 523 5021 εἰς
548 4955 710 5010 αύτδν
741 4957 848 5010 τῶν
875 4957 1251 5029 Σαμαρειτῶν,
1291 4957 1379 5011 διά
1403 4957 1496 5011 τὸν
1529 4958 1687 5026 λόγον
1715 4960 1815 5030 τῆς
1844 4977 2031 5029 γυναι-

434 5040 557 5104 κὸς,
587 5041 975 5113 μαρτυρούσης
997 5057 1013 5071 ο
1039 5041 1163 5095 Ὀτι
1190 5035 1312 5093 εἶπέ
1339 5057 1429 5111 μοι
1451 5040 1631 5094 πάντα
1650 5042 1752 5095 ὅσα
1772 5043 2025 5115 ἐποίησα.

511 5122 583 5177 40
630 5122 719 5187 Ὠς
749 5119 844 5178 οὖν
869 5119 1033 5197 ἦλθον
1063 5123 1200 5195 πρὸς
1228 5123 1390 5177 αὑτὸν
1423 5126 1472 5177 οἰ
1502 5124 1860 5195 Σαμαρεῖται,
1887 5125 2035 5197 ἡρώ-

435 5223 549 5259 των
581 5202 743 5259 αὐτὸν
773 5209 953 5279 μεῖναι
997 5207 1122 5277 παρ’
1150 5207 1365 5272 αὐτοῖς’
1397 5208 1491 5261 καὶ
1521 5206 1737 5278 ἔμεινεν
1782 5209 1900 5263 ἐκεῖ
1941 5209 2036 5263 δύο

439 5289 679 5360 ἡμέρας.

513 5372 578 5425 41
623 5369 734 5424 Kal
755 5369 933 5443 πολλῷ
955 5370 1175 5436 πλείους
1194 5372 1522 5428 ἐπίστευσαν
1544 5372 1633 5428 διὰ
1649 5374 1739 5430 τὸν
1759 5375 1917 5445 λόγον
1940 5377 2038 5432 αύ-

440 5472 566 5509 του.

517 5539 588 5593 42
624 5541 703 5612 Τῇ
737 5557 797 5595 τε
826 5541 1045 5609 γυναικί
1075 5539 1287 5610 ἔλεγον·
1327 5542 1450 5596 Ὅτι
1480 5541 1665 5596 ούκέτι
1693 5541 1783 5598 διὰ
1807 5543 1907 5616 τὴν
1939 5545 2037 5615 σὴν

444 5623 636 5677 λαλιάν
660 5623 1016 5695 πιστεύομεν·
1051 5624 1204 5679 αὑτοί
1237 5624 1347 5695 γὰρ
1380 5625 1719 5696 ἀκηκόαμεν,
1766 5628 1861 5681 καὶ
1892 5627 2039 5681 οῖδα-

451 5723 555 5778 μεν
599 5705 681 5761 δτι
708 5700 863 5771 οὗτός
894 5707 1042 5762 ἐστιν
1068 5707 1281 5780 ἀληθῶς
1306 5710 1335 5763 6
1360 5706 1552 5780 Σωτὴρ
1600 5708 1694 5765 τοῦ
1746 5711 1973 5782 κόσμου,
2009 5713 2042 5765 6

450 5806 496 5858 K
505 5798 710 5873 ριστός.

2130 4713 2374 4784 ἀπῆλθεν
2400 4716 2480 4779 είς
2506 4714 2604 4787 τὴν
2637 4715 2952 4772 Γαλιλαίαν.

2197 4796 2269 4851 44
2305 4797 2480 4863 Αὐτὸς
2534 4798 2644 4871 γὰρ
2678 4799 2708 4852 ό
2744 4799 2953 4871 Ἰησοῦς
2981 4799 3364 4873 ἐμαρτύρησεν
3397 4802 3480 4856 δτι
3510 4803 3725 4874 προφή-

2125 4897 2226 4954 της
2250 4881 2309 4934 ὲν
2338 4883 2404 4952 τῇ
2440 4881 2547 4952 ἰδίᾳ
2580 4882 2804 4953 πατρίδι
2835 4883 3004 4955 τιμὴν
3035 4883 3137 4936 οὐκ
3164 4882 3297 4954 ἔχει.

2196 4962 2270 5017 45
2308 4963 2438 5017 Ὅτε
2468 4960 2562 5018 οὖν
2586 4959 2753 5036 ἦλθεν
2780 4964 2861 5029 εἰς
2888 4966 2988 5035 τὴν
3015 4964 3328 5029 Γαλιλαίαν,
3357 4965 3608 5034 ἐδέξαντο
3628 4969 3725 5021 αύ-

2126 5045 2220 5100 τδν
2252 5046 2303 5099 οἰ
2332 5047 2630 5111 Γαλιλαῖοι,
2663 5045 2845 5101 πάντα
2875 5048 3180 5117 ἑωρακότες
3209 5047 3246 5101 δι
3269 5049 3527 5120 ἐποίησεν
3550 5051 3607 5104 ἐν
3633 5051 3731 5105 Ὶε-

2137 5129 2455 5201 ροσολύμοις
2478 5131 2538 5186 ὲν
2566 5133 2633 5203 τῇ
2665 5132 2826 5205 ἑορτῇ
2847 5147 2862 5161 ο
2890 5131 2985 5185 καὶ
3013 5130 3168 5184 αὐτοὶ
3190 5131 3301 5203 γὰρ
3328 5128 3493 5205 ἦλθον
3516 5134 3599 5199 εἰς
3623 5135 3725 5206 τὴν

2132 5213 2354 5284 ἑορτήν.

2203 5294 2274 5350 46
2311 5291 2518 5349 τΗλθε.ν
2564 5291 2661 5350 οὖν
2709 5298 2737 5351 6
2775 5295 2984 5368 Ἰησοῦς
3018 5296 3181 5351 πάλιν
3209 5298 3292 5360 εἰς
3312 5298 3413 5369 τὴν
3446 5299 3606 5352 Κανᾶ
3632 5298 3735 5369 τῆς

2133 5378 2445 5443 Γαλιλαίας,
2479 5380 2612 5460 ὅπου
2658 5380 2886 5460 ἐποίησε
2943 5381 3004 5434 τὸ
3049 5380 3193 5453 ὕδωρ
3220 5378 3382 5436 οἶνον.
3419 5384 3530 5437 Kal
3555 5378 3625 5455 ἦν
3651 5399 3736 5447 τις

2139 5461 2440 5533 βασιλικὸς,
2474 5457 2536 5517 οὗ
2570 5465 2600 5515 6
2628 5463 2742 5528 υἱὸς
2771 5457 2990 5534 ἠσθένει
3016 5466 3073 5518 ὲν
3102 5466 3496 5537 Καπερναούμ.

2218 5546 2277 5600 67
2319 5538 2490 5611 Οὗτος
2541 5546 2781 5612 ἀκούσας
2827 5548 2908 5601 ὅτι
2953 5546 3161 5618 Ἰησοῦς
3184 5549 3309 5619 ἥκει
3349 5550 3412 5603 ὲκ
3456 5549 3557 5621 τῆς
3603 5551 3737 5606 Ἰου-

2140 5629 2297 5693 δαίας
2350 5632 2434 5692 εἰς
2479 5631 2580 5701 τὴν
2632 5631 2943 5698 Γαλιλαίαν,
2991 5631 3200 5702 ἀπῆλθε
3248 5632 3385 5704 πρὸς
3426 5633 3608 5704 αὐτὸν,
3639 5634 3745 5690 καὶ

2140 5712 2333 5784 ἠρώτα
2359 5712 2544 5779 αὐτὸν,
2578 5714 2667 5769 ἵνα
2692 5715 2903 5787 καταϐῇ
2938 5718 3027 5770 καί
3061 5716 3281 5789 ἰάσηται
3304 5716 3468 5773 αὑτοῦ
3489 5718 3582 5775 τὸν
3603 5718 3739 5775 υἱόν·

2145 5796 2350 5869 ἧμελλε
2380 5799 2489 5871 γάρ
2522 5798 2910 5872 ἀποθνήσκειν.
