3982 6410
384 452 489 508 735

443 607 457 621 .
500 607 515 620 .
561 607 573 621 .
619 607 632 621 .
711 567 824 640 48
894 566 926 621 ι
968 569 1112 640 Ὃπη
1140 571 1476 641 κεκαῦμένος
1500 573 1662 643 ἀνὴρ,

388 659 656 729 ’Ἂλμασιν
683 659 1070 729 αὐτομάτοισιν
1103 660 1224 714 ἰδὼν
1247 662 1576 736 ὀρχούμενον
1601 663 1764 735 ὕδωρ,

396 748 634 802 ὐππότε
663 750 980 820 κυμαίνοντι
1009 751 1178 822 δέμας
1207 752 1466 824 φαίδρυνε
1503 754 1730 826 λωτρῷ,

384 837 577 908 Θερμά
615 839 1024 909 πεπαινομένης
1062 840 1392 894 ἀπεσείσατο
1424 841 1648 913 κύματα
1684 844 1898 912 νούσου,

381 930 650 1002 Φέρτερον
686 930 908 1002 ἰητῆρος
940 930 1062 984 ἰδὼν
1091 932 1423 1003 ὀδυνήφατον
1455 932 1618 1006 ὕδωρ.

382 1020 418 1073 5
455 1013 566 1072 Ἦν
591 1019 648 1073 δέ
671 1038 754 1084 τις
782 1021 1186 1092 ἐμπεδόμοχθος
1209 1022 1348 1095 ἀνὴρ
1378 1025 1530 1097 παρά
1562 1027 1763 1094 γείτονι
1801 1033 1977 1103 πηγῇ,

383 1113 549 1183 Τρεῖς
574 1111 805 1175 δεκάδας
838 1112 1108 1183 δασπλῆτι
1133 1116 1528 1186 παριππεύσας
1563 1118 1645 1172 ἐνὶ
1672 1119 1868 1192 νούσῳ,

385 1202 498 1256 Καὶ
528 1202 691 1256 πάλιν
717 1201 879 1271 δγδοα
908 1201 1084 1258 κύκλα
1113 1204 1508 1277 κυλινδομένων
1531 1209 1815 1264 ἐνιαυτῶν.

385 1293 421 1347 6
459 1293 661 1349 Τοῦτον
691 1293 815 1349 ἰδὼν
839 1294 1128 1351 ἀτίνακτον
1161 1296 1386 1369 ἐθήμονι
1420 1299 1672 1371 κείμενον
1705 1302 1834 1375 εὐνῇ

401 1382 628 1458 Ἰησοῦς,
661 1386 884 1457 ἐνόησεν
912 1389 994 1441 ὅτι
1026 1389 1256 1461 χρονίων
1285 1390 1378 1444 ἐπὶ
1406 1390 1650 1463 λέκτρων

386 1473 517 1547 Εἶχε
544 1476 864 1548 δυσαθλήτφ
886 1480 1095 1550 πεπεδη
1105 1479 1241 1550 μένα
1264 1479 1500 1549 γούνατα
1531 1481 1726 1553 νούσῳ.

386 1567 498 1620 Καί
525 1584 620 1638 μιν
639 1568 808 1633 Ἀναξ
825 1569 1047 1641 ἐρέεινε,
1068 1571 1207 1642 χέων
1235 1572 1556 1644 οἰκτίρμονα
1583 1573 1768 1643 φωνήν
1784 1589 1798 1605 ο

402 1659 672 1730 Ἀσκηθὴς
691 1660 894 1724 ἐθέλεις
915 1661 1078 1716 πάλιν
1103 1661 1338 1733 ἔμμεναι
1357 1681 1372 1731 ;
1413 1664 1444 1716 7
1467 1664 1652 1735 Αὐτὰρ
1676 1665 1705 1716 6
1727 1665 1974 1735 κάμνων,

400 1751 496 1804 Ἐκ
515 1753 710 1824 φρενὸς
737 1753 996 1826 ἀδρανέος
1019 1754 1171 1826 βεϐιη
1181 1756 1339 1825 μένον
1361 1754 1464 1809 ἆσθ
1473 1773 1550 1826 μα
1571 1757 1847 1821 τιταίνων,

385 1842 672 1916 Λεπταλέη
708 1845 869 1915 μόγις
907 1842 1059 1902 εἶπεν
1091 1847 1232 1918 ἀνὴρ
1272 1846 1642 1918 βραδυπευθέῖ
1675 1850 1828 1919 φωνῇ
1852 1861 1866 1876 ⁸

386 1933 645 2003 Κοίρανε,
677 1936 1024 2007 νουσοκόμοιο
1051 1937 1425 2009 φιλοστόργοιο
1456 1937 1692 2007 χατίζωο

386 2025 464 2078 Ού
492 2024 601 2098 γάρ
625 2026 734 2096 ἔχω
762 2027 885 2081 τινὰ
913 2027 1069 2097 φῶτα
1100 2029 1404 2100 διάκτορον,
1430 2028 1574 2100 ὄφρα
1605 2046 1668 2082 κε
1699 2029 1883 2101 πηγῆς

382 2115 593 2181 Θυάδος
629 2118 972 2172 αὐτοέλικτον
1010 2120 1132 2174 ίδὼν
1161 2119 1529 2192 κυρτούμενον
1562 2119 1727 2192 ὕδωρ,

385 2204 485 2266 Εἰς
511 2205 662 2276 ἱερὴν
689 2205 992 2276 ἀσάμινθον
1020 2207 1330 2278 ἐλαφρίζων
1359 2225 1428 2279 με
1455 2208 1724 2280 χαλάσσῃ.

387 2297 573 2368 Ὄφρα
601 2297 701 2368 μὲν
725 2299 1055 2369 ἀστήρικτον
1084 2299 1217 2370 ἐμὸν
1249 2299 1386 2353 πόδα
1411 2300 1617 2371 νωθρὸν
1647 2300 1883 2372 ἐρέσσω,

382 2385 575 2458 Τόφρα
610 2387 668 2440 δέ
704 2388 902 2458 μᾶλλον
930 2391 1083 2461 ἐμεῖο
1113 2389 1378 2461 νεώτερος
1403 2391 1518 2455 ὀξέϊ
1546 2391 1750 2462 παλμῷ

384 2477 777 2549 Προφθάμενος
798 2480 989 2551 βροτὸς
1018 2481 1177 2546 ἄλλος
1205 2483 1570 2554 ἐλαφρότερος
1604 2483 1925 2538 καταϐαίνει

395 2569 596 2640 Ἀφρδν
628 2571 1023 2644 ἀερσιπότητον
1049 2575 1419 2646 ἐρευγομένης
1449 2576 1771 2646 ἀσαμίνθου.

380 2659 419 2713 8
458 2658 563 2712 Καί
597 2679 689 2731 μιν
716 2662 884 2729 Ἀναξ
913 2663 1180 2734 θάρσυνέν
1215 2667 1277 2736 ἐῇ
1305 2665 1548 2736 ζωαρκέῖ
1575 2669 1725 2737 φωνῇ
1745 2681 1761 2696 ⁸

386 2752 609 2823 Ἔγρεο,
640 2753 866 2825 λέκτρον
894 2755 1070 2827 ἄειρε,
1102 2756 1198 2810 καλ⁵
1243 2756 1402 2829 ἔρχεο
1436 2756 1638 2826 κοῦφος
1665 2758 1867 2829 ὁδίτης.

381 2845 420 2899 9
459 2845 758 2911 Νουσαλέος
781 2848 826 2901 δ’
846 2848 1135 2915 ἀνέπαλτο,
1168 2852 1263 2905 καὶ
1284 2853 1362 2915 είς
1388 2851 1548 2904 πέδον
1566 2852 1711 2920 ἴχνος
1731 2849 1972 2920 ἐρείσας,

383 2933 603 2987 ’Ἱστατο
622 2950 635 2964 ⁸
677 2936 773 2990 καὶ
797 2937 1063 3010 κλιντῆρα
1090 2938 1271 2993 λαϐὼν
1300 2939 1648 3009 ἐπικείμενον
1675 2937 1832 3009 ὤμῳ,

386 3024 611 3095 Ἔστιχε
635 3027 900 3081 πάνδοκον
925 3026 1095 3098 οἶκον,
1127 3030 1300 3102 ἀήθεα
1325 3030 1565 3099 γούνατα
1592 3029 1832 3094 πάλλων,

383 3116 497 3168 Καὶ
525 3117 757 3188 καμάτῳ
785 3118 1126 3190 βαρύφορτον
1153 3121 1404 3192 ἐπωμίδα
1434 3120 1660 3191 λέκτρον
1681 3119 1902 3190 ἀείρων.

381 3208 498 3260 Καὶ
524 3209 646 3262 τότε
675 3210 946 3265 σάϐϐατον
972 3207 1092 3282 ἦεν.
1173 3213 1240 3268 10
1293 3213 1382 3265 Ἐν
1408 3213 1657 3280 εύλάῖγγι
1679 3212 1737 3264 δέ
1759 3210 1874 3281 νηῷ

385 3299 496 3370 50
545 3301 738 3372 Ἀνέρα
771 3304 1168 3368 παπταίνοντες
1188 3345 1202 3368 ,
1238 3304 1297 3358 ὃν
1325 3305 1560 3375 ἀρχαίης
1591 3303 1700 3358 ἀπὸ
1735 3303 1928 3356 νούσου
1999 3289 2041 3348 C

385 3393 677 3464 Λυσιπόνῳ
703 3395 1004 3466 ταχυεργὸς
1031 3395 1200 3462 ’Λναξ
1222 3397 1413 3466 ἰήσατο
1439 3395 1613 3466 μύθῳ,

383 3482 597 3556 Εἴρεοψ
637 3485 826 3550 Ὅστις
863 3487 1073 3557 ἄνωγεν
1103 3489 1164 3558 ἑῇ
1200 3488 1502 3560 σημάντορι
1537 3491 1689 3559 φωνῇ

381 3577 626 3648 Λέκτρον
656 3579 994 3650 ἀερτάζοντα
1032 3581 1408 3651 παλινδίνητον
1442 3581 1649 3637 ὁδεύειν
1675 3598 1689 3647 ;

383 3671 449 3723 11
479 3671 588 3724 Καὶ
617 3671 900 3743 φθονεροίς
931 3673 1248 3744 ἀπάμειπτο
1284 3672 1434 3744 σοφῷ
1462 3673 1733 3728 θεοπειθέῐ
1776 3674 1932 3746 μύθῳ
1957 3691 1970 3704 ·

380 3762 577 3826 ’Ὅστις
609 3764 718 3816 ἀπὸ
749 3765 1039 3836 κλιντῆρος
1072 3765 1428 3838 ἀνεζώγρησε
1463 3768 1721 3836 πεσόντα,

379 3853 557 3919 Αὐτὸς
586 3857 711 3926 ἐμοὶ
734 3857 1024 3922 κατέλεξεν
1050 3857 1340 3928 ἀερτάξειν
1371 3859 1469 3912 καὶ
1496 3859 1720 3914 ὁδεύειν.

383 3948 458 4000 12
483 3949 592 4001 Καί
624 3966 718 4018 μιν
761 3951 1033 4004 Ἰουδαίων
1067 3951 1230 4004 πάλιν
1255 3951 1436 4022 εἴρετο
1466 3951 1593 4014 λαὸς
1622 3952 1876 4022 ἀγήνωρ·

383 4041 432 4091 Τ
439 4041 485 4104 ίς
515 4041 677 4096 πέλεν
708 4043 766 4107 ὃς
802 4059 868 4096 σε
893 4043 1148 4097 κέλευσεν
1175 4043 1484 4114 ἀδειμάντῳ
1510 4043 1616 4096 τινὶ
1644 4045 1794 4113 φωνῇ
1813 4059 1826 4072 ’

386 4131 612 4201 νΕρχεο,
641 4132 736 4186 σὸν
763 4133 1028 4206 κλιντῆρα
1057 4134 1238 4186 λαϐὼν
1266 4133 1650 4205 πεφορημένον
1677 4133 1846 4204 ῶμῳ;

385 4224 458 4276 13
483 4225 556 4278 Ού
582 4224 683 4294 μὲν
710 4225 850 4296 ἀνὴρ
877 4226 1141 4296 δεδάηκεν
1171 4226 1270 4295 ἐῆς
1300 4227 1490 4296 ίήτορα
1522 4223 1735 4279 νούσου.

387 4315 582 4370 14Καί
616 4334 710 4387 μιν
745 4317 868 4371 ἰδὼν
897 4318 1175 4389 στείχοντα
1203 4318 1453 4381 λιθώδεος
1478 4317 1651 4371 ἔνδοθι
1675 4318 1826 4388 νηοῦ,

385 4405 586 4478 ’Ὕϐριν
609 4408 930 4480 ἀναμνήσας
959 4409 1250 4480 προτέρην,
1287 4409 1584 4481 ποινήτορα
1612 4408 1826 4473 νούσου,

1352 451 1844 509 I’ARAPIIRASIS
1883 449 1948 506 IN
1991 450 2330 506 JOANNEM.
2371 480 2441 490 —
2477 449 2630 505 CAP.
2684 450 2742 505 V.

3549 455 3661 512 783'

2092 601 2104 615 ι
2139 611 2154 626 .
2201 613 2215 626 .
2258 610 2271 624 .
2318 611 2331 624 .
2369 569 2482 642 49
2504 567 2654 624 41]ὺί
2673 576 2912 624 aestuans
2939 568 3038 635 vir,
3073 569 3315 626 Saltibus
3340 579 3657 641 spontaneis

2084 664 2274 718 videns
2307 662 2590 718 salientem
2619 674 2841 730 aquam,
2878 657 3108 726 Quando
3127 661 3427 717 ﬂuctuante
3457 678 3659 732 corpus

2080 769 2368 833 purgasset
2387 761 2628 825 lavacro,
2643 758 2866 814 Calidos
2881 759 3132 813 concocti
3147 759 3448 828 expulisset
3463 759 3661 812 ﬂuctus

2080 853 2282 918 morbi,
2319 851 2762 907 Praestantiorem
2796 850 3009 906 medico
3045 848 3238 904 videns
3267 849 3659 918 mitigatoriam

2079 959 2297 1015 aquam.
2315 943 2350 998 5
2365 944 2493 998 Erat
2513 951 2695 998 autem
2707 942 2930 1012 quidam
2949 947 3212 1011 perpetuo
3229 939 3488 994 laborans
3501 940 3585 992 vir
3595 946 3662 992 ad

2079 1036 2320 1091 vicinum
2340 1035 2566 1099 fontem,
2587 1035 2725 1090 Tres
2741 1032 2974 1089 decades
2998 1033 3150 1102 gravi
3172 1031 3498 1101 obequitans
3521 1045 3666 1083 mor-

2079 1128 2184 1191 bo,
2217 1125 2286 1180 Et
2332 1141 2527 1180 rursus
2566 1133 2694 1180 octo
2725 1125 2968 1180 circulos
3009 1125 3320 1179 volutorum
3370 1137 3662 1177 annorum.

2079 1221 2115 1276 6
2141 1217 2302 1273 Hunc
2328 1217 2524 1273 videns
2557 1233 2667 1271 non
2704 1217 2969 1286 agitatum
3003 1222 3271 1270 consueto
3297 1212 3570 1282 iacentem
3608 1209 3664 1262 in

2079 1309 2222 1365 lecto
2251 1307 2432 1375 Iesus,
2474 1307 2860 1362 animadvertit
2891 1305 3041 1376 quod
3090 1303 3370 1360 diuturnis
3407 1303 3466 1356 in
3509 1299 3667 1356 lectis

2080 1399 2318 1456 Haberet
2364 1399 2656 1456 incnrahili
2704 1399 2870 1470 ligata
2907 1413 3086 1470 genua
3127 1395 3342 1452 morbo.
3370 1393 3439 1448 Et
3485 1393 3664 1463 ipsum

2080 1490 2194 1546 Rex
2245 1490 2640 1561 interrogabat,
2677 1487 2914 1544 fundens
2963 1485 3375 1542 misericordem
3427 1495 3664 1537 vocem:

2079 1581 2374 1638 Incolumis
2402 1583 2487 1638 vis
2514 1597 2712 1638 rursus
2737 1580 2904 1637 esse?
2935 1583 2965 1636 Ἰ
2985 1580 3093 1635 Sed
3131 1579 3410 1641 laborans,
3427 1575 3505 1628 Ex
3527 1589 3667 1644 prae-

2078 1675 2286 1730 cordiis
2313 1673 2587 1729 debilibus
2636 1679 2889 1727 coactum
2935 1671 3234 1725 anhelitum
3283 1668 3533 1732 trahens,
3563 1664 3669 1719 Te-

2079 1768 2176 1820 nui
2207 1765 2298 1819 vix
2337 1764 2476 1819 dixit
2503 1765 2588 1818 vir
2606 1763 2762 1817 tarde
2789 1761 2975 1816 audita
3003 1775 3136 1815 voce
3166 1775 3180 1810 :
3211 1757 3463 1821 Domine,
3494 1768 3669 1824 aegro-

2079 1871 2202 1909 rum
2242 1861 2499 1909 curatore
2543 1851 2811 1907 benevolo
2848 1849 3086 1920 indigeo.
3129 1847 3249 1902 Non
3308 1847 3454 1901 enim
3496 1844 3670 1898 habeo

2014 1936 2052 1990 Β
2083 1947 2322 2018 aliquem
2352 1945 2530 2000 virum
2562 1943 2900 2008 ministrum,
2933 1947 2996 1995 ut
3023 1939 3192 1995 fontis
3227 1936 3457 1991 Turbati
3485 1951 3582 2006 per
3612 1950 3672 1990 se

2076 2035 2320 2092 volutam
2351 2035 2544 2090 videns
2585 2035 2854 2090 elevatam
2897 2047 3130 2102 aquam,
3164 2032 3222 2085 In
3255 2045 3469 2085 sacram
3505 2028 3670 2098 pisci-

2077 2137 2202 2176 nam
2224 2121 2412 2176 levans
2433 2136 2520 2176 me
2549 2121 2815 2175 demittat.
2848 2119 2985 2174 Cum
3006 2119 3154 2174 enim
3182 2118 3458 2172 inﬁrmum
3488 2131 3671 2171 meum

2078 2213 2270 2284 pedem
2327 2213 2649 2283 languidum
2689 2227 2917 2278 moveo,
2948 2211 3106 2266 Tunc
3141 2226 3229 2264 me
3259 2209 3452 2279 jnnior
3498 2207 3670 2262 celeri

2078 2306 2384 2361 vibratione
2413 2304 2763 2360 Prazveniens
2808 2305 2972 2358 homo
3015 2303 3156 2356 alius
3188 2301 3359 2355 levior
3386 2297 3673 2355 descendit

2078 2397 2136 2452 In
2162 2411 2414 2467 spumam
2443 2397 2731 2452 sublimem
2751 2393 3051 2450 eructantis
3077 2392 3318 2463 piscinae.
3339 2392 3372 2446 8
3394 2389 3460 2443 Et
3488 2390 3670 2460 ipsum

2078 2489 2195 2546 Rex
2226 2488 2575 2544 conﬁrmavit
2623 2503 2722 2544 sua
2754 2487 2966 2542 viviﬁca
3006 2500 3141 2541 voce
3176 2499 3192 2537 :
3230 2475 3429 2553 Surge,
3470 2488 3669 2536 lectum

2079 2578 2229 2648 tolle,
2251 2588 2306 2637 et
2337 2580 2498 2647 vade,
2537 2581 2675 2634 levis
2700 2579 2902 2634 viator.
2932 2578 2966 2633 9
3010 2575 3457 2632 Valetudinarius
3488 2581 3670 2628 autem

2078 2673 2248 2738 saliit,
2287 2682 2342 2728 et
2371 2672 2430 2727 in
2463 2672 2641 2728 solum
2669 2669 2962 2740 vestigium
2988 2669 3239 2735 ﬁrmans,
3275 2666 3442 2721 Stetit
3475 2675 3569 2719 :et
3597 2664 3674 2718 le-

2080 2773 2230 2819 ctum
2285 2778 2512 2819 sumens
2568 2761 2888 2832 impositum
2945 2759 3192 2814 humeris
3246 2755 3541 2812 Incedebat
3577 2770 3674 2825 per

2081 2857 2505 2927 capacissimam
2538 2854 2796 2919 domum,
2843 2856 3169 2917 inconsueta
3217 2865 3395 2923 genua
3427 2849 3670 2911 vibrans,

2083 2948 2189 3019 51
2227 2946 2294 3002 Et
2345 2947 2536 3002 labore
2578 2946 2762 3016 gravis
2804 2943 3065 3014 ponderis
3098 2942 3436 2997 humeralem
3469 2942 3671 2997 lectum

2082 3050 2388 3105 tollens.Et
2423 3057 2557 3102 tunc
2579 3048 2869 3103 sabbatum
2896 3053 3036 3101 erat.
3077 3045 3150 3129 1Q
3174 3042 3234 3096 In
3265 3043 3512 3122 lapidoso
3541 3055 3672 3096 vero

2080 3155 2284 3225 templo
2333 3151 2522 3207 Virum
2565 3151 2851 3216 videntes,
2888 3164 3050 3219 quem
3095 3148 3323 3217 antiquo
3366 3162 3432 3201 ex
3480 3145 3672 3200 morbo

2081 3258 2424 3328 Dolorifrago
2467 3271 2634 3327 opere
2669 3263 2957 3326 promptus
2990 3255 3103 3310 Rex
3152 3259 3445 3308 sanaverat
3474 3249 3666 3314 verbo,

2081 3363 2527 3433 Interrogabant:
2555 3360 2818 3428 Quisnam
2843 3360 3010 3430 iussit
3029 3373 3129 3415 sua
3161 3355 3507 3428 signiﬁcante
3537 3368 3671 3410 voce

2082 3452 2310 3523 Lectum
2360 3467 2702 3522 attollentem
2737 3473 2792 3521 te
2822 3479 3107 3520 reversum
3152 3463 3484 3518 ambulare?
3507 3462 3569 3516 11
3605 3461 3670 3514 Et

2080 3574 2281 3630 invidis
2311 3573 2596 3644 respondit
2625 3571 2857 3642 sapienti
2887 3570 2998 3626 Deo
3035 3578 3260 3640 parente
3293 3568 3462 3624 verbo
3511 3586 3526 3622 :
3561 3566 3669 3633 Qui

2084 3694 2116 3734 e
2149 3680 2292 3734 lecto
2339 3679 2666 3734 instauravit
2700 3677 2939 3747 lapsum,
2974 3676 3067 3730 Ille
3097 3691 3182 3730 me
3208 3673 3382 3744 jussit
3421 3672 3672 3726 attollere

2082 3791 2138 3839 et
2170 3783 2474 3838 ambulare.
2515 3782 2582 3836 12
2621 3781 2686 3836 Ει
2714 3782 2894 3852 ipsum
2930 3779 3244 3835 Iudaeorum
3275 3792 3470 3833 rursus
3502 3777 3673 3831 inter-

2082 3888 2299 3957 rogavit
2349 3888 2585 3957 pOpulus
2637 3887 2913 3957 superbus
2944 3905 2957 3940 :
2993 3884 3129 3951 Quis
3167 3893 3252 3939 est
3292 3883 3386 3953 qui
3423 3892 3477 3936 te
3501 3881 3670 3952 jussit

2079 3988 2351 4057 intrepida
2387 3987 2620 4057 quadam
2645 4003 2812 4044 voce:
2835 3987 3002 4052 Vade,
3027 3995 3181 4040 tuum
3216 3987 3415 4042 lectum
3447 4000 3668 4040 sumens

2080 4099 2352 4160 gestatum
2384 4091 2655 4146 humero?
2687 4093 2753 4146 15
2778 4091 2896 4148 Νοη
2933 4107 3068 4147 sane
3110 4094 3196 4147 vir
3233 4092 3396 4148 scivit
3430 4091 3517 4145 sui
3552 4106 3669 4145 me-

2082 4195 2268 4250 dicum
2315 4196 2516 4250 morbi.
2552 4197 2620 4251 14
2655 4197 2719 4250 Ει
2763 4197 2945 4266 ipsum
2981 4197 3177 4253 videns
3205 4196 3550 4252 incedentem
3588 4195 3669 4247 Ia-

2081 4298 2274 4370 pidoso
2321 4300 2380 4355 in
2407 4301 2631 4372 templo,
2663 4301 3028 4358 Petulantiam
3065 4303 3121 4357 in
3157 4302 3476 4358 memoriam
3509 4315 3666 4355 revu-

2079 4420 2214 4462 cans
2255 4407 2518 4477 priorem,
2552 4408 2826 4466 vindicem
2861 4407 3071 4477 morbi,
3110 4408 3364 4465 Christus
3402 4419 3665 4463 coercens

1590 4525 1874 4583 TEXTUS
1912 4521 2442 4580 EVANGELISTAE.

381 4643 647 4710 νούντων,
673 4643 890 4715 τυφλῶν
912 4684 928 4709 ,
962 4644 1154 4716 χωλῶν
1172 4685 1188 4712 ,
1220 4646 1400 4719 ξηρῶν
1423 4687 1439 4714 ,
1469 4647 1842 4720 ἐκδεχομένων
1868 4645 1968 4717 τὴν
1999 4649 2046 4708 D
2072 4643 2236 4699 ϐατόν
2264 4661 2381 4708 σου,
2400 4645 2497 4698 καὶ
2530 4646 2846 4715 περιπάτει.

378 4727 479 4782 τοῦ
509 4727 698 4793 ὓδατος
723 4729 961 4801 κίνησιν.

455 4812 489 4865 4
527 4812 792 4881 Ἀγγελος
821 4812 930 4882 γάρ
958 4811 1100 4866 κατὰ
1130 4813 1320 4883 καιρὸν
1354 4813 1676 4868 κατέϐαινεν
1701 4814 1758 4866 ἐν
1779 4814 1846 4882 τῇ
1871 4830 1968 4865 κο-

379 4895 707 4967 λυμϐήθρᾳ,
760 4899 856 4951 καὶ
897 4897 1167 4968 ἐτάρασσε
1216 4898 1278 4949 τὸ
1327 4897 1509 4970 ὕδωρ·
1538 4900 1567 4951 6
1606 4893 1699 4951 οὖν
1751 4897 1968 4968 πρῶτος

377 4978 559 5048 ἐμϐὰς
596 4979 732 5049 μετά
756 4980 856 5050 τὴν
885 4980 1130 5050 ταραχὴν
1162 4979 1257 5033 τοῦ
1287 4979 1479 5044 ὓδατος
1497 5021 1512 5046 ,
1539 4979 1698 5052 ὑγιὴς
1735 4981 1966 5049 ἐγίνετο,

378 5056 432 5130 ᾧ
457 5061 656 5132 δήποτε
694 5063 980 5133 κατείχετο
1010 5064 1300 5133 νοσήματι.

454 5144 489 5198 5
513 5141 622 5198 Ἦν
651 5145 709 5198 δέ
751 5163 838 5208 τις
864 5140 1160 5217 ἄνθρωπος
1186 5147 1303 5200 ἐκεῖ
1350 5145 1646 5217 τριάκοντα
1689 5143 1833 5198 ὀκτὼ
1871 5143 1967 5216 ἔτη

380 5228 525 5300 ἔχων
553 5232 611 5283 ἐν
635 5232 702 5301 τῇ
734 5229 1012 5302 ἀσθενείᾳ.

455 5312 489 5366 6
511 5311 711 5366 Τοῦτον
745 5313 870 5366 ἰδὼν
899 5316 928 5368 ὁ
974 5312 1180 5385 Ἰησοῦς
1214 5312 1638 5383 κατακείμενον,
1683 5312 1775 5365 καὶ
1802 5311 1965 5380 γνοὺς

379 5397 468 5450 ὅτι
490 5397 656 5450 πολὺν
679 5397 783 5468 ἥδη
808 5397 999 5470 χρόνον
1023 5398 1136 5468 ἔχει
1158 5436 1174 5462 ,
1201 5396 1350 5464 λέγει
1376 5395 1556 5466 αὐτῷ’
1594 5393 1780 5459 θέλεις
1805 5394 1963 5466 ὑγιὴς

380 5479 637 5549 γενέσθαι
654 5497 670 5546 ;

455 5561 488 5615 7
536 5563 836 5634 Ἀπεκρίθη
865 5563 1015 5633 αὐτῷ
1059 5565 1088 5618 6
1117 5562 1358 5617 ἀσθενῶν
1377 5581 1391 5594 ο
1440 5561 1646 5632 Κύριε,
1680 5559 1964 5632 ἄνθρωπον

378 5643 486 5696 οὐκ
507 5644 645 5716 ἔχω,
678 5646 800 5714 ἵνα,
833 5647 962 5701 ὅταν
999 5648 1245 5718 ταραχθῇ
1290 5647 1350 5699 τὸ
1378 5645 1522 5717 ὕδωρ
1548 5685 1562 5709 ,
1591 5643 1758 5714 βάλλῃ
1791 5661 1860 5714 με
1884 5646 1963 5706 εἰς

379 5727 482 5801 τὴν
512 5729 899 5801 κολυμϐήθραν
919 5747 932 5761 ο
964 5732 1022 5785 ἐν
1064 5725 1107 5799 ᾧ
1136 5732 1194 5784 δὲ
1233 5730 1463 5802 ἔρχομαι
1497 5728 1636 5798 ἐγὼ,
1669 5727 1825 5792 ἄλλος
1857 5726 1964 5798 πρὸ

383 5811 520 5880 ἐμοῦ
549 5813 886 5868 καταϐαίνει.

457 5896 491 5950 8
516 5895 681 5969 Ᾱέῖει
717 5897 863 5972 αὖτῷ
889 5902 916 5953 6
956 5899 1187 5972 Ἰησοῦς’
1223 5902 1490 5972 Ἔγειραι,
1519 5893 1648 5971 ἆρον
1670 5898 1758 5954 τὸν
1790 5896 1960 5970 κράϐ-

2144 4727 2177 4782 9
2205 4728 2317 4780 Καὶ
2345 4727 2550 4791 εὐθέως
2592 4729 2810 4796 ἐγένετο
2841 4728 3001 4799 ὑγιὴς
3025 4729 3054 4782 6
3087 4727 3375 4799 ἄνθρωπος
3397 4744 3411 4759 ο
3443 4727 3536 4780 καὶ
3561 4723 3663 4796 ἦρε

2073 4810 2167 4864 τὸν
2193 4810 2506 4881 κράϐϐατον
2536 4811 2700 4864 αὑτοῦ
2724 4853 2739 4878 ,
2771 4813 2866 4865 καὶ
2886 4810 3233 4883 περιεπάτει.
3251 4806 3359 4863 Ἦν
3377 4809 3434 4862 δὲ
3453 4809 3659 4862 σάϐϐα-

2074 4911 2166 4948 τον
2197 4896 2254 4948 ἐν
2283 4895 2468 4965 ἐκείνῃ
2499 4897 2565 4964 τῇ
2591 4896 2794 4965 ἡμέρᾳ.

2147 4979 2217 5032 10
2262 4978 2490 5046 Ἔλεγον
2537 4973 2631 5031 οὖν
2679 4979 2726 5031 al
2774 4978 3014 5031 Ἰουδαῖοι
3044 4976 3124 5045 τῷ
3157 4975 3654 5047 τεθεραπευμένῳ·

2073 5059 2352 5114 Σάϐϐατόν
2381 5062 2550 5127 ἐστιν,
2581 5060 2681 5114 οὐκ
2711 5059 2887 5126 ἔξεστί
2918 5077 2999 5112 σοι
3033 5055 3164 5130 ἆραι
3195 5059 3286 5111 τὸν
3323 5059 3654 5130 κράϐϐατον.

2147 5143 2207 5196 11
2247 5142 2548 5213 Ἀπεκρίθη
2570 5143 2784 5205 αὐτοῖς·
2827 5143 2886 5196 '0
2921 5144 3154 5212 ποιήσας
3184 5159 3250 5212 με
3281 5143 3428 5213 ὑγιῆ,
3451 5143 3657 5206 ἐκεῖνός

2075 5244 2167 5298 μοι
2202 5225 2383 5280 εἶπεν·
2409 5222 2578 5295 τΛρον
2609 5227 2702 5278 τὸν
2738 5225 3044 5297 κραϐϐατόν
3078 5243 3194 5290 σου,
3219 5227 3313 5279 καὶ
3339 5226 3650 5298 περιπάτει.

2146 5311 2214 5364 12
2260 5309 2581 5382 Ἠρὼτησαν
2627 5305 2721 5363 οὖν
2753 5309 2950 5363 αὐτόν’
2989 5309 3087 5372 Τίς
3125 5311 3272 5363 ἐστιν
3313 5311 3342 5363 6
3368 5311 3653 5382 ἄνθρωπος

2071 5397 2099 5448 6
2129 5392 2298 5448 εἰπών
2338 5411 2420 5447 σοι
2445 5411 2458 5426 ·
2493 5389 2665 5465 τΑρον
2697 5394 2790 5446 τὸν
2829 5392 3143 5463 κράϐϐατόν
3186 5410 3315 5460 σου,
3360 5394 3454 5448 καὶ⁸
3495 5410 3651 5467 περι-

2072 5493 2233 5530 πατει
2257 5493 2271 5542 ;

2142 5561 2211 5616 15
2248 5561 2307 5614 Ὀ
2334 5559 2391 5612 δὲ
2423 5558 2592 5622 ἰαθεὶς
2615 5560 2716 5613 οὐκ
2742 5560 2859 5631 ᾔδει
2895 5561 2978 5624 τίς
3022 5562 3203 5614 ἐστιν’
3240 5562 3270 5614 6
3298 5561 3402 5632 γὰρ
3443 5560 3650 5632 Ἰησοῦς

2069 5643 2350 5709 ἐξένευσεν
2375 5642 2532 5712 ὄχλου
2563 5643 2716 5706 ὄντος
2738 5645 2796 5696 ἐν
2828 5642 2906 5713 τῷ
2931 5644 3108 5717 τόπῳ..

2146 5728 2212 5781 II
2247 5725 2401 5781 Μετά
2433 5727 2605 5780 ταῦτα
2649 5728 2893 5796 εὑρίσκει
2935 5729 3097 5782 αὐτὸν
3143 5730 3172 5782 6
3214 5728 3417 5800 Ἰησοῦς
3463 5729 3521 5781 ὲν
3572 5730 3651 5797 τῷ

2074 5811 2237 5882 ἱερῷ,
2272 5813 2364 5864 καὶ
2390 5808 2542 5864 εἶπεν
2574 5813 2756 5882 αὐτῷ’
2796 5813 2922 5876 Ἴδε,
2957 5814 3116 5884 ὑγιὴς
3152 5813 3412 5882 γέγονας·
3449 5813 3648 5886 μηκέτι

2071 5896 2372 5968 ἁμάρτανε,
2406 5897 2490 5952 ἵνα
2528 5898 2600 5969 μὴ
2635 5897 2814 5970 χεῖρόν
2844 5897 2894 5952 τί
2930 5914 3009 5952 σοι
3044 5898 3285 5972 γένητκι.
