3982 6424
418 446 519 500 ’787

1686 446 1897 504 ΝΟΝΝῙ
1930 447 2006 502 PA

2104 444 2438 503 iPOLlTANl
3586 448 3679 505 783

418 563 672 635 praecepit
706 562 1035 619 testiﬁcante
1066 562 1234 619 verbo
1260 581 1273 618 :
1308 562 1470 631 licce,
1502 562 1751 620 morbum
1777 565 2006 630 habens,

2114 564 2352 637 Χριστὸς
2380 560 2720 616 ἀναστέλλων
2746 557 3061 613 ἐπετέλλετο
3091 557 3325 630 μάρτυρι
3364 557 3548 629 μύθῳ’

418 672 589 714 sanus
623 658 799 713 factus
824 672 882 713 es
913 677 926 712 :
962 673 1029 712 ne
1055 658 1292 728 amplius
1320 656 1491 714 facias
1519 656 1810 713 Peccatum
1835 658 2005 721 aliud,

420 763 489 802 ne
531 746 688 817 pejus
718 747 849 817 quid
879 749 1109 804 sentias.
1144 749 1211 804 15
1234 747 1301 802 Et
1332 748 1510 803 audax
1550 747 1792 805 Hebraeis
1820 763 2008 804 recur-

420 853 549 893 rens
590 839 821 893 nuntius
860 840 1033 905 stetit,
1084 837 1405 895 Sermonem
1461 839 1713 894 renuenti
1761 837 2008 893 clamans

419 930 697 983 somnianti
728 932 955 1000 populo,
992 929 1151 996 Quod
1212 930 1394 999 ipsum
1434 938 1633 1000 sponte
1658 929 1889 984 illaesum
1921 927 2009 982 di-

419 1020 546 1075 vina
589 1035 720 1076 voce
743 1019 903 1077 Jesus
931 1021 1210 1091 iussisset,
1246 1029 1301 1076 et
1344 1022 1701 1092 serogradum
1741 1022 2007 1076 viatorem

420 1110 669 1165 Morbum
692 1110 919 1166 ferentis
940 1111 1065 1165 lecti
1090 1111 1475 1166 inconsuetum
1504 1111 1727 1167 fecisset
1755 1112 2005 1167 latorem.

422 1200 490 1255 16
526 1202 698 1271 Cujus
738 1202 914 1272 gratia
966 1200 1179 1257 Hebraei
1217 1201 1465 1260 furentes
1511 1204 1793 1275 insipienti
1825 1204 2010 1259 animo

418 1291 605 1347 Jesum
658 1293 1149 1363 persequebantur,
1196 1294 1345 1364 quod
1394 1295 1644 1350 divinum
1689 1296 1833 1366 apud
1866 1304 2008 1350 tem-

420 1382 590 1452 plum,
611 1382 750 1437 Cum
781 1382 1074 1437 sabbatum
1095 1390 1261 1449 esset,
1280 1394 1575 1439 conaretur
1599 1385 1703 1440 hoc
1725 1384 2005 1455 perficere,

421 1476 585 1532 Solus
614 1492 724 1532 non
754 1476 1060 1533 observans
1099 1477 1323 1548 quando
1369 1477 1627 1532 humanis
1653 1493 1684 1532 a
1725 1478 2007 1533 laboribus

417 1568 621 1625 Omnes
649 1569 844 1625 otiosis
878 1569 1294 1625 commisissent
1340 1583 1484 1641 opus
1511 1570 1708 1639 spinis.
1748 1570 1815 1622 l7
1846 1568 2009 1624 Jesus

419 1665 605 1714 autem
647 1659 808 1723 dixit,
841 1658 1075 1739 fundens
1106 1661 1402 1731 gloriosam
1432 1675 1646 1725 vocem,
1677 1659 1869 1715 Adhuc
1893 1660 2007 1730 jam

420 1747 582 1802 Pater
612 1755 873 1817 operatur
898 1748 953 1802 in
985 1758 1254 1805 consueto
1275 1748 1483 1803 mundo
1517 1748 1762 1804 Moribus
1784 1764 2009 1819 expres-

419 1838 519 1903 sis,
546 1846 603 1893 et
626 1853 729 1910 ego
748 1837 920 1895 Filius
947 1855 1088 1910 opus
1118 1848 1263 1898 texo.
1292 1841 1359 1895 18
1374 1840 1605 1912 Propter
1626 1842 1771 1912 quod
1795 1840 2007 1897 Hebraei

2114 656 2281 726 Ἤδη,
2310 654 2502 708 νοῦσον
2536 653 2696 723 ἔχων,
2732 650 2853 714 σόος
2880 649 3043 704 ἔπλεο
3068 667 3080 681 ·
3127 650 3322 720 μηκέτι
3357 649 3517 721 ῥέξῃς

2123 743 2470 815 Ἀμπλακίην
2502 743 2718 813 ἑτέρην,
2752 742 2829 812 μὴ
2858 740 3117 812 κύντερον
3145 741 3268 794 ἀλλο
3293 743 3514 811 νοήσῃς.

2112 835 2183 890 15
2212 834 2323 889 Καὶ
2346 833 2553 905 θρασὺς
2581 832 2883 903 Ἐϐραίοισι
2912 830 3265 902 παλίνδρομος
3289 832 3518 901 ἄγγελος
3539 831 3677 904 ἔστη,

2109 928 2296 984 Μῦθον
2324 926 2662 997 ἀναινομένῳ
2693 924 2860 995 βοόων
2886 924 3151 996 ζηλήμονι
3180 924 3317 994 λαῷ,

2113 1022 2273 1075 Ὀττι
2301 1037 2393 1091 μιν
2415 1018 2835 1081 αὐτοκέλευστος
2865 1018 3124 1087 ἀπήμονα
3158 1016 3369 1071 Θέσπιδι
3400 1019 3551 1088 φωνῇ

2100 1112 2336 1184 -Ίησοῦς
2361 1110 2637 1174 ἐκέλευσε,
2670 1109 2759 1162 καὶ
2800 1108 3149 1175 ὀψικέλευθον
3168 1107 3349 1177 ὁδίτην

2111 1200 2473 1271 Νουσοκὸμου
2503 1198 2793 1269 κλιντῆρος
2811 1196 2988 1268 ἀήθεα
3019 1197 3151 1269 θῆκε
3173 1198 3377 1269 φορῆα.

2116 1294 2182 1351 16
2214 1286 2289 1347 Οῦ
2322 1294 2483 1364 χάριν
2525 1292 2767 1363 Ἑϐραῖοι
2798 1289 3091 1362 μανιάδεες
3122 1291 3318 1362 ἄφρονι
3346 1289 3506 1361 θυμῷ

2127 1385 2336 1457 Ἰησοῦν
2364 1386 2588 1439 ἐδίωκον
2607 1423 2621 1448 ,
2656 1385 2738 1438 ὅτι
2769 1384 2947 1456 ζαθέῳ
2975 1383 3129 1455 παρά
3154 1382 3299 1454 νηῷ,

2122 1474 2362 1531 Ὁππότε
2388 1474 2663 1529 σάϐϐατον
2689 1470 2810 1545 ἦεν,
2842 1474 3092 1543 ἐπείγετο
3115 1474 3290 1529 ταῦτα
3317 1472 3584 1539 τελέσσαι,

2112 1567 2327 1630 Μοῦνος
2361 1565 2467 1619 ἐὼν
2498 1565 2809 1635 ἀφύλακτος
2836 1566 2926 1619 ὅτε
2959 1564 3192 1637 βροτέων
3220 1564 3331 1619 άπὸ
3379 1564 3586 1635 μόχθων

2112 1660 2323 1723 Πάντες
2350 1659 2697 1730 άεργηλοῖσιν
2730 1658 3031 1729 ἐπέτρεπον
3054 1657 3215 1729 ἔργον
3236 1656 3519 1719 ἀκάνθαις.

2113 1751 2177 1804 17
2222 1748 2435 1821 Ἰησοῦς
2484 1750 2528 1803 δ’
2560 1749 2789 1821 ἀγόρευε
2819 1748 2958 1819 χέων
2987 1747 3267 1819 ὑψαύχενα
3296 1747 3481 1817 φωνήν
3500 1762 3513 1775 ·

2112 1843 2294 1896 Είσέτι
2324 1842 2417 1895 νῦν
2448 1841 2677 1913 Γενέτης
2706 1840 2999 1913 ἐργάζεται
3025 1840 3183 1911 ηθάδι
3209 1840 3404 1910 κόσμῳ

417 1928 614 1985 doloso
642 1930 995 2001 inquirebant
1014 1933 1182 1987 exitio
1207 1932 1486 1988 Christum
1509 1934 1837 1998 interficere,
1859 1934 2005 2003 quod

2113 1934 2337 1988 Ἤθεσιν
2361 1933 2675 1996 άντσιτύποις
2698 1972 2713 1997 ,
2744 1933 2837 1986 καὶ
2864 1932 2974 2001 ἐγὼ
2998 1934 3134 1995 Πάῖς
3163 1932 3329 2002 ἔργον
3361 1929 3582 1999 ὑφαίνω.

425 2031 529 2073 non
553 2020 733 2076 solum
756 2021 975 2077 volebat
1003 2022 1214 2077 solvere
1240 2021 1567 2093 Legitimum
1597 2024 1789 2079 otiosae
1817 2024 2003 2094 splen-

418 2114 605 2166 dorem
631 2112 983 2168 observatum
1012 2128 1248 2181 aurorae,
1284 2116 1393 2172 Sed
1414 2117 1561 2187 quod
1594 2116 1842 2187 mysticae
1883 2122 2009 2185 post

419 2215 646 2257 cursum
693 2217 927 2269 aurora},
977 2204 1042 2257 Et
1101 2202 1270 2261 Deum
1310 2221 1407 2277 per
1454 2222 1515 2262 se
1557 2207 1801 2277 genitum
1846 2221 2006 2261 suum

417 2305 670 2353 vocasset
697 2296 1129 2369 Parentem,52
1152 2296 1441 2370 Equalem
1470 2299 1678 2354 faciens
1705 2314 1860 2354 suam
1891 2298 2009 2369 glo-

417 2388 555 2442 riam
586 2391 799 2447 caelesti
832 2390 987 2463 Regi.
1030 2393 1095 2448 19
1121 2392 1281 2449 Jesus
1316 2400 1499 2448 autem
1530 2391 1690 2456 dixit,
1711 2392 1884 2447 Amen
1925 2399 2009 2446 te-

416 2480 714 2536 stificatum
739 2483 812 2536 sit
833 2503 845 2539 :
864 2482 1006 2539 Nihil
1033 2501 1131 2540 sua
1162 2478 1443 2542 voluntate
1466 2483 1855 2555 poteritFilius
1880 2498 2003 2553 per-

418 2568 603 2634 licere,
620 2568 736 2624 Nisi
778 2570 1080 2641 inspexerit
1105 2590 1266 2629 suum
1295 2574 1666 2645 perlicientem
1693 2572 2004 2629 Parentem.

416 2656 596 2727 Opera
625 2663 771 2715 enim
802 2661 859 2716 in
897 2662 1217 2718 universum
1250 2664 1434 2720 omnia
1468 2678 1808 2734 quaecunque
1851 2678 2007 2718 meus

420 2748 581 2805 Pater
597 2750 748 2817 facit,
776 2751 901 2807 Haec
934 2752 1102 2808 Deum
1125 2751 1414 2811 Parentem
1441 2756 1667 2811 imitans
1688 2756 1858 2811 Filius
1879 2771 2007 2827 per-

417 2840 550 2895 ficit.
594 2841 667 2895 20
693 2842 891 2899 Filium
924 2845 1072 2899 enim
1118 2845 1294 2915 diligit
1331 2844 1493 2900 Pater
1534 2861 1696 2901 suum
1726 2865 1739 2901 :
1770 2853 1827 2901 et
1856 2862 2007 2915 qure-

416 2946 636 3002 cunque
662 2933 813 3000 facit,
833 2933 972 2991 Filio
1000 2950 1129 2991 caro
1166 2937 1411 2993 ostendit
1439 2955 1451 2991 :
1487 2946 1544 2993 et
1577 2936 1758 2992 adhuc
1796 2937 2005 3007 majora

415 3024 691 3091 ostendet,
716 3026 786 3082 Ut
824 3026 1099 3115 miremini
1130 3026 1517 3098 perfectiorum
1545 3029 1722 3099 gratia
1755 3042 2005 3099 operum.

414 3126 481 3181 2|
533 3126 688 3184 Sicut
723 3131 871 3185 enim
921 3130 1082 3187 Pater
1113 3140 1362 3187 mortuos
1394 3139 1520 3203 post
1568 3130 1738 3187 fatum
1780 3130 2005 3195 excitat,

416 3230 689 3305 Vegetans
724 3235 1106 3307 retrogradum
1162 3237 1524 3293 immobilium
1577 3251 1781 3307 corpus
1828 3235 2008 3290 homi-

415 3354 547 3394 num
578 3357 593 3395 :
628 3338 721 3396 Sic
751 3357 893 3413 quos
922 3344 1040 3398 vult
1083 3350 1137 3398 et
1179 3344 1377 3401 similis
1419 3342 1591 3398 Filius
1618 3342 1864 3406 excitat,
1898 3340 2007 3395 Re-

416 3455 615 3499 creans
654 3456 1041 3514 corruptorum
1076 3460 1276 3502 rursus
1303 3456 1636 3517 congregata
1670 3460 1904 3516 corpora
1936 3444 2011 3500 vi-

416 3559 634 3600 rorum.
656 3546 730 3600 22
764 3545 1049 3603 Neminem
1091 3549 1241 3604 enim
1262 3549 1595 3618 judicaverit
1626 3548 1787 3605 Pater
1814 3563 1971 3605 meus
1995 3566 2008 3605 :

416 3647 718 3705 humanum
766 3664 893 3705 vero
945 3648 1140 3705 Serum
1178 3650 1316 3706 Filio
1345 3651 1496 3707 dedit
1530 3666 1693 3707 omne
1717 3651 2011 3722 judicium,

415 3752 489 3809 25
509 3760 569 3808 ut
597 3768 789 3810 omnes
818 3754 1017 3810 Filium
1049 3756 1320 3813 honorent
1345 3756 1609 3828 aequalem
1636 3771 1739 3814 suo
1769 3755 2012 3823 Parenti,

418 3853 573 3912 Sicut
628 3867 682 3913 et
718 3858 1027 3927 glorificant
1079 3860 1454 3932 altiregentem
1503 3860 1748 3917 Patrem.
1791 3860 1851 3915 Si
1883 3876 2013 3917 vero

414 3960 541 4032 quis
563 3960 877 4019 instabilem
908 3963 1072 4021 habet
1108 3974 1370 4032 mentem,
1398 3981 1575 4035 neque
1603 3966 1853 4023 Parentis
1878 3966 2011 4023 Glo-

414 4062 592 4119 rificat
608 4063 848 4121 Verbum
868 4067 1087 4135 Filium,
1112 4084 1214 4125 nec
1242 4067 1532 4127 Parentem
1555 4071 1807 4127 honorat.
1826 4071 1898 4126 24
1916 4071 2013 4127 Te-

413 4170 663 4228 stificans
694 4170 1064 4244 firmiloquum
1095 4175 1294 4245 Amen,
1329 4176 1502 4232 Amen
1528 4192 1724 4234 rursus
1747 4177 1844 4245 sit,
1873 4174 2008 4242 Qui-

414 4290 636 4345 cunque
659 4276 743 4331 vir
771 4279 1044 4347 receperit
1070 4282 1272 4337 mentis
1304 4281 1529 4337 credula
1560 4282 1679 4354 lege
1715 4280 2011 4337 Sermones

414 4389 659 4446 nostros,
687 4389 743 4437 et
766 4398 890 4440 meo
918 4385 1216 4443 crediderit
1238 4384 1409 4454 Patri,
1433 4386 1493 4443 In
1509 4386 1781 4457 judicium
1812 4395 2010 4444 ventu-

416 4494 538 4533 rum
587 4493 701 4533 non
738 4483 911 4550 venit,
940 4486 1039 4541 sed
1076 4487 1147 4540 ad
1189 4488 1339 4542 illam
1387 4487 1571 4544 Vitam
1620 4490 2009 4555 immortalem,

2113 2026 2182 2081 18
2205 2022 2279 2081 Ob
2303 2026 2463 2097 χάριν
2508 2025 2748 2097 Ἑϐραῖοι
2773 2025 2933 2095 δολίῳ
2966 2026 3240 2096 μάστευον
3272 2022 3479 2095 ὀλέθρῳ

2111 2119 2347 2189 Χριστὸν
2377 2118 2728 2171 ἀποκτενέειν
2752 2159 2767 2183 ,
2800 2118 2884 2171 ὅτι
2914 2119 2990 2188 μὴ
3024 2116 3185 2187 μόνον
3212 2114 3378 2186 ἤθελε
3410 2112 3553 2166 λύειν

2115 2208 2378 2277 Ἔννομον
2402 2206 2706 2277 ἀπρήκτοιο
2733 2205 2890 2268 σέλας
2921 2204 3346 2275 πεφυλαγμένον
3376 2201 3525 2272 ἠοῦς,

2124 2296 2264 2349 Ἀλλ’
2290 2297 2374 2349 ὃτι
2406 2296 2758 2366 μυστιπόλοιο
2795 2297 2932 2366 μετὰ
2958 2295 3159 2366 δρόμον
3184 2293 3520 2366 ἠριγενείης,

2111 2382 2222 2436 Καὶ
2259 2382 2393 2435 Θεὸν
2427 2382 2809 2452 αὑτογένεθλον
2836 2384 2923 2438 ἐὸν
2958 2384 3218 2454 κίκλησκε
3258 2380 3460 2453 Τοκῆα,

2111 2472 2216 2544 53
2253 2473 2475 2539 Ἰσάζων
2500 2475 2587 2527 ἐὸν
2614 2470 2770 2545 εὖχος
2805 2476 3114 2547 ἐπουρανίῳ
3143 2474 3401 2544 Βασιλῆῖ.

2111 2557 2178 2619 19
2222 2565 2427 2637 Ἰησοῦς
2468 2565 2511 2618 δ’
2534 2565 2825 2637 ἀγόρευενο
2872 2566 3043 2637 Ἀμὴν
3072 2566 3457 2638 ἐπιμάρτυρον
3494 2562 3637 2624 ἔστω,

2110 2656 2277 2713 Οὐδὲν
2304 2658 2367 2729 ἑῇ
2404 2658 2575 2728 ἰότητι
2600 2656 2889 2728 δυνήσεται
2929 2658 3057 2722 Υἱὸς
3085 2657 3349 2723 ἀνύσσαι,

2110 2749 2173 2802 Εἰ
2209 2750 2285 2820 μὴ
2318 2748 2672 2820 ἐσαθρήσειεν
2700 2748 2789 2803 ἐὸν
2818 2748 3071 2803 τελέοντα
3099 2750 3313 2822 Τοκῆα.

2113 2842 2291 2911 Ἔργα
2327 2841 2435 2910 γάρ
2459 2843 2540 2895 είν
2573 2842 2654 2895 ἔνὶ
2682 2841 2861 2895 πάντα
2890 2841 3081 2912 Πατὴρ
3107 2842 3244 2911 ἐμὸς
3276 2841 3485 2896 ὁππόσα
3523 2836 3669 2910 ῥέζει,

2110 2933 2297 2988 Ταῦτα
2320 2933 2455 2987 Θεὸν
2484 2933 2716 3003 Γενέτην
2751 2933 3087 3003 μιμούμενος
3115 2934 3249 2998 Υἱὸς
3274 2936 3511 2989 ἁνύσσει.

2110 3023 2181 3078 20
2208 3023 2345 3078 Υίέα
2376 3024 2484 3095 7&9
2509 3024 2685 3093 φιλέει
2714 3024 2947 3094 Γενέτης
2974 3025 3061 3078 ἐόν
3087 3041 3101 3056 ο
3133 3026 3277 3080 ὄσσα
3306 3026 3361 3079 δὲ
3388 3024 3579 3093 τεύχει,

2110 3115 2271 3168 Παιδὶ
2296 3115 2435 3186 φίλῳ
2461 3115 2735 3179 δείκνυσι,
2765 3116 2860 3167 καὶ
2888 3116 3054 3169 είσέτι
3089 3117 3318 3186 μείζονα
3346 3116 3525 3182 δείξει,

2113 3206 2300 3279 Ὄφρα
2325 3224 2387 3260 κε
2418 3206 2739 3280 θαμϐήσητε
2768 3208 3116 3280 τελειοτέρων
3139 3210 3305 3281 χάριν
3339 3208 3523 3280 ἔργων.

2035 3296 2078 3354 C
2111 3300 2172 3354 2|
2207 3302 2418 3373 Ὥσπερ
2446 3302 2554 3373 7&9
2580 3301 2810 3373 Γενέτης
2842 3303 3039 3366 νέκυας
3068 3303 3209 3373 μετὰ
3240 3302 3444 3373 πότμον
3466 3302 3647 3372 ἐγείρει

2108 3394 2408 3464 Ζωγρήσας
2433 3394 2761 3467 παλίνορσον
2789 3395 3059 3464 ἀκινήτων
3082 3394 3258 3465 δέμας
3290 3394 3513 3467 ἀνδρῶν,

2111 3483 2300 3547 Οὕτως
2326 3484 2421 3549 οὒς
2448 3485 2623 3539 ἐθέλει
2647 3486 2743 3541 καὶ
2766 3487 2972 3557 ὁμοίῖος
3000 3487 3130 3551 Υἱὸς
3162 3489 3391 3560 ἐγείρει,

2110 3578 2411 3647 Ζωγρήσας
2439 3577 2716 3649 φθιμένων
2747 3580 3123 3652 παλινάγρετα
3145 3580 3378 3651 σώματα
3410 3575 3603 3649 φωτῶν.

2111 3667 2183 3721 ‘22
2215 3666 2415 3721 Οὖτινα
2440 3668 2548 3741 7&9
2576 3670 2781 3741 κρίνειε
2811 3671 3000 3739 Πατὴρ
3033 3670 3167 3740 ἐμός
3192 3686 3206 3701 °
3245 3669 3539 3741 ἀνδρομέην
3557 3663 3608 3716 δέ

2116 3757 2351 3828 Ὄψιμον
2376 3758 2496 3812 Υίέῐ
2522 3759 2693 3813 δῶκεν
2722 3760 2849 3831 ὅλην
2875 3761 3075 3832 κρίσιν,
3100 3761 3173 3815 25
3197 3761 3345 3832 ὄφρα
3386 3776 3448 3813 κε
3494 3756 3665 3813 πάντες

2113 3850 2248 3903 Υίέα
2269 3852 2577 3921 τιμήσωσιν
2606 3850 2851 3922 ίσόζυγον
2883 3846 2928 3920 ᾧ
2960 3852 2999 3904 Γ
3002 3852 3247 3922 ενετῆρι,

2112 3936 2216 3994 Οἷά
2239 3958 2298 3995 τε
2325 3941 2636 3997 κυδαίνουσι
2666 3944 2760 3996 καὶ
2782 3942 3113 4013 ὑψιμέδοντα
3140 3942 3349 4012 Τοκῆα.

2110 4033 2173 4086 Εί
2200 4032 2258 4086 δέ
2283 4050 2366 4098 τις
2384 4032 2819 4105 ἀλλοπρόσαλλον
2850 4033 2964 4104 ἔχει
2996 4033 3136 4095 νόον,
3165 4033 3289 4086 οὑδὲ
3312 4031 3509 4101 Τοκῆος

2110 4123 2368 4179 Κυδαίνει
2390 4124 2560 4193 Λόγον
2586 4120 2710 4189 Υἶα,
2737 4126 2832 4178 καὶ
2857 4125 2918 4178 οὑ
2939 4123 3219 4194 Γενετῆρα
3241 4121 3500 4193 γεραίρει.

2107 4215 2178 4271 24
2212 4217 2505 4287 Μάρτυρον
2531 4216 2908 4287 ἐμπεδόμυθον
2946 4217 3094 4288 ἀμὴν
3128 4217 3281 4289 ἀμὴν
3305 4214 3459 4269 πάλιν
3490 4209 3634 4269 ἔστων

2111 4308 2303 4371 Ὅστις
2336 4308 2477 4379 ἀνὴρ
2510 4308 2716 4373 δέξοιτο
2750 4309 2871 4363 νόου
2903 4309 3194 4381 πειθήμονι
3232 4306 3415 4378 θεσμῷ

2110 4397 2331 4463 Μύθους
2359 4399 2694 4470 ἡμετέρους,
2723 4407 2818 4454 καὶ
2845 4400 2967 4471 ἐμῷ
2996 4400 3239 4454 πείθοιτο
3257 4396 3445 4466 Τοκῆῖ,

2112 4491 2207 4555 Εἰς
2234 4492 2416 4564 κρίσιν
2444 4491 2748 4565 ἐρχομένην
2779 4493 2879 4546 οὐκ
2905 4491 3144 4565 ἔρχεται,
3180 4489 3295 4545 ἀλλ’
3329 4487 3413 4541 ἐπ’
3440 4482 3635 4550 ἐκείνην

1624 4641 1908 4698 TEXTUS
1946 4640 2482 4703 EVANGELISTAE.

482 4800 515 4854 Ι
520 4798 555 4853 5
595 4797 863 4869 Ἀπῆλθεν
884 4802 913 4854 6
937 4799 1246 4872 ἄνθρωπος,
1281 4802 1376 4856 καὶ
1405 4802 1695 4873 ἀνήγγειλε
1724 4806 1837 4868 τοῖς
1868 4805 2001 4859 ’ἰου-
2032 4807 2078 4864 D
2106 4805 2393 4860 ποιοῦντω
2421 4804 2459 4859 ἃ
2490 4806 2601 4877 γὰρ
2639 4805 2706 4859 ἂν
2741 4806 2946 4866 ἐκεῖνος
2979 4805 3105 4875 ποιῇ
3130 4843 3146 4870 ,
3177 4801 3348 4857 ταῦτα
3382 4796 3472 4851 καὶ
3493 4792 3520 4845 6
3552 4787 3659 4844 Υἱὸς

410 4883 580 4948 δαίοις
606 4884 690 4937 ὅτι
736 4885 944 4956 Ἰησοῦς
970 4887 1119 4938 ἐστιν
1142 4888 1170 4939 6
1198 4887 1431 4956 ποιήσας
1460 4887 1625 4941 αὑτὸν
1654 4889 1804 4958 ὑγιῆ.

482 4968 551 5022 16
600 4969 714 5023 Καὶ
760 4969 850 5023 διὰ
897 4970 1053 5024 τοῦτο
1101 4970 1323 5025 ἐδίωκον
1370 4970 1462 5024 τὸν
1515 4971 1724 5042 Ἰησοῦν
1772 4974 1821 5026 oi
1873 4974 2007 5026 ἰου-

410 5052 580 5117 δαῖοι,
641 5052 739 5105 καὶ
800 5053 1029 5123 ἐζήτουν
1078 5055 1241 5108 αὑτὸν
1282 5055 1643 5123 ἀποκτεῖναι,
1698 5056 1782 5109 ὅτι
1832 5057 2009 5111 ταῦτα

411 5133 584 5188 ἐποίει
607 5136 663 5187 ἐν
700 5135 975 5207 σαϐϐάτῳ.

482 5218 547 5271 17
590 5218 647 5271 ’0
700 5218 758 5270 δὲ
808 5218 1015 5289 Ἰησοῦς
1062 5222 1401 5295 ἀπεκρίνατο
1453 5224 1673 5285 αὐτοῖς’
1725 5224 1783 5275 '0
1815 5224 2007 5296 Πατήρ

415 5320 516 5368 μου
544 5302 650 5364 ἕως
678 5302 804 5373 ἄρτι
830 5305 1143 5374 ἐργάζεται,
1174 5308 1330 5375 κάγὼ
1361 5306 1688 5377 ἐργάζομαι.

483 5386 551 5440 18
586 5385 690 5439 Διά
725 5385 884 5439 τοῦτο
932 5383 1026 5441 οὖν
1080 5389 1279 5457 μᾶλλον
1308 5391 1534 5460 ἐζήτουν
1577 5390 1740 5443 αὐτὸν
1771 5390 1821 5442 οἱ
1876 5392 2003 5443 Ἰου-

407 5469 546 5522 δαῖοι
600 5472 921 5523 ἀποκτεῖναι
948 5513 962 5537 ,
1020 5472 1103 5524 ὅτι
1136 5474 1195 5525 οὐ
1251 5475 1411 5542 μόνον
1459 5474 1578 5526 ἔλυε
1608 5474 1669 5526 τὸ
1704 5472 1998 5540 σάϐϐατον,

412 5551 547 5605 ἀλλὰ
574 5555 668 5606 καὶ
702 5555 919 5626 Πατέρα
966 5555 1096 5607 ἴδιον
1130 5555 1283 5625 ἔλεγε
1314 5557 1402 5609 τὸν
1445 5557 1610 5625 Θεὸν,
1645 5556 1760 5609 ἴσον
1808 5557 2001 5611 ἑαυτὸν

415 5643 580 5688 ποιῶν
606 5636 682 5705 τῷ
707 5636 846 5706 Θεῷ.

484 5717 551 5770 19
592 5719 951 5790 ’Λπεκρίνατο
996 5717 1088 5774 οὖν
1122 5723 1150 5773 ὁ
1196 5722 1401 5792 Ἰησοῦς
1439 5723 1532 5774 καὶ
1580 5719 1735 5775 εἶπεν
1772 5721 1960 5784 αὐτοῖς
1984 5741 1999 5755 ο

425 5798 595 5869 ’Δμὴν
636 5800 783 5872 ἀμὴν
820 5804 962 5871 λέγω
1014 5806 1177 5874 ὑμῖν,
1205 5807 1265 5859 οὐ
1317 5806 1531 5860 δύναται
1587 5809 1615 5859 6
1652 5806 1779 5867 Υίδς
1829 5809 2001 5859 ποιεῖν

413 5885 501 5951 ἀφ’
536 5884 733 5938 ἑαυτοῦ
790 5887 982 5955 οὐδὲν,
1025 5891 1117 5944 ἐὰν
1173 5893 1247 5961 μή
1306 5907 1355 5944 τι
1411 5890 1581 5961 βλέπῃ
1633 5889 1723 5944 τὸν
1781 5889 1999 5960 Πατέρα

2110 4889 2312 4961 ὁμοίως
2345 4890 2509 4943 ποιεῖ.

2180 4974 2251 5027 20
2296 4972 2355 5026 Ὀ
2397 4971 2507 5044 γὰρ
2556 4971 2747 5043 Πατὴρ
2804 4972 2950 5041 φιλεῖ
3002 4970 3095 5024 τὸν
3144 4961 3455 5051 Υίὸνηκαὶ
3505 4954 3655 5051 πάντᾳ

2110 5056 2381 5110 δείκνυσιν
2417 5054 2567 5125 αὑτῷ
2602 5055 2639 5108 ἃ
2684 5053 2845 5119 αὑτὸς
2879 5057 3055 5107 ποιεῖ·
3096 5052 3193 5106 καὶ
3239 5047 3454 5121 μείζονα
3476 5047 3654 5094 τούτων

2110 5138 2274 5204 δείξει
2308 5140 2459 5210 αὐτῷ
2496 5139 2662 5209 ἔργα,
2699 5139 2787 5192 ἵνα
2810 5140 2967 5209 ὑμεῖς
2993 5133 3330 5206 θαυμάζητε.
3487 5208 3496 5213 μ
3634 5199 3643 5213 .

2181 5225 2245 5277 2i
2287 5208 2498 5293 ’Ὠσπερ
2522 5208 2631 5294 γὰρ
2658 5225 2687 5276 6
2714 5208 2905 5295 Πατὴρ
2933 5221 3136 5291 ἐγείρει
3164 5219 3287 5279 τοὺς
3329 5208 3540 5280 νεκροὺς
3572 5208 3651 5256 καὶ

2110 5308 2385 5371 ζωοποιεῖ,
2415 5307 2557 5360 οὔτω
2587 5308 2682 5360 καὶ
2712 5309 2740 5360 6
2760 5306 2884 5370 Υἱὸς
2910 5304 3004 5368 οὓς
3037 5304 3180 5357 θέλει
3202 5296 3462 5364 ζωοποιεῖ.

2177 5391 2250 5445 22
2278 5366 2412 5445 Οὐδὲ
2441 5391 2547 5463 γάρ
2571 5392 2600 5445 ὁ
2625 5390 2816 5461 Πατὴρ
2845 5366 3018 5461 κρίνει
3047 5387 3257 5453 οὐδένα,
3290 5379 3419 5436 ἀλλὰ
3438 5375 3527 5446 τὴν
3548 5366 3648 5441 κρί-

2110 5490 2193 5526 σιν
2222 5476 2401 5528 πᾶσαν
2438 5475 2637 5527 δέδωκε
2670 5473 2746 5543 τῷ
2773 5472 2909 5542 Υίῷ.
3568 5533 3590 5545 ⁴

2179 5559 2250 5612 25
2290 5560 2405 5611 Ἵνα
2450 5558 2650 5620 πάντες
2700 5557 2899 5627 τιμῶσι
2936 5556 3026 5608 τὸν
3059 5555 3214 5617 Υίὸν,
3269 5544 3442 5606 καθὼς
3469 5544 3643 5627 τιμέισι

2105 5642 2198 5695 τὸν
2219 5644 2455 5713 Πατέρα.
2497 5644 2554 5695 Ὀ
2592 5619 2665 5712 μὴ
2694 5619 2867 5710 τιμῶν
2894 5640 2983 5693 τὸν
3018 5639 3164 5699 Υίὺν,
3195 5635 3255 5688 οὐ
3282 5629 3412 5701 τιμᾷ
3437 5624 3519 5676 τὸν
3544 5619 3641 5671 Πα-

2106 5724 2241 5795 τέρα
2270 5726 2362 5779 τὸν
2392 5726 2683 5795 πέμψαντα
2711 5725 2893 5777 αὐτόν.
3290 5797 3300 5805 ⁸
3385 5792 3397 5805 .
3426 5790 3436 5805 ί

2175 5791 2247 5860 ἐξά
2288 5791 2634 5881 Ἀμὴν-ἀμὴν
2664 5808 2806 5876 λέγω
2852 5808 2979 5877 ὑμῖν
3004 5847 3017 5868 ,
3069 5806 3149 5857 ὅτι
3185 5804 3212 5855 6
3255 5797 3343 5850 τὸν
3374 5791 3636 5881 μλὸγυνννιὲξῇ

2182 5857 2243 5860 -“
2304 5857 2452 5881 ““Γ’Ὶ’
2494 5857 2626 5879 "VNI'
2667 5857 2800 5876 "'0"
2860 5857 2967 5877 'Y'V'
3007 5857 3017 5868 '

2106 5892 2348 5961 ἁκούων,
2386 5894 2477 5948 καὶ
2508 5893 2777 5949 πιστεύων
2813 5891 2890 5963 τῷ
2938 5886 3208 5959 πέμψαντί
3246 5899 3334 5955 με,
3372 5876 3473 5946 ἔχει
3511 5857 3633 5928 ζωὴν
