3982 6404
326 374 444 430 789

328 484 496 558 Ζωῆν
521 480 852 557 ἀμϐροσίην,
879 482 979 552 τὴν
1008 480 1074 536 οὐ
1096 480 1290 553 χρόνος
1326 476 1469 537 οἶδεν
1493 481 1734 548 ὀλέσσαι,

325 574 544 643 Ἶξεται
569 577 635 629 ἐκ
662 575 916 631 θανάτοιο
946 573 1311 647 μετάτροπος.
1341 574 1412 630 25
1453 576 1746 649 ’Δπροῖδὴς
1784 575 1894 647 γὰρ

330 669 495 723 Μαῖα
519 666 895 736 παλιγγενέων
934 666 1194 738 μερόπων
1246 667 1565 733 νεκυοσσόος
1597 666 1717 739 ὥρη

333 759 548 826 ’Ἱξεται
581 759 946 830 όψιτέλεστος,
974 757 1234 823 ἀναυδέες
1265 758 1472 813 ὁππότε
1500 758 1686 830 νεκροὶ

333 845 509 915 Αὗτις
532 848 879 921 ἀναζήσωσιν
913 849 1225 921 ἀνοστήτων
1264 848 1373 903 ἀπὸ
1405 847 1642 911 κόλπων,

333 943 552 1007 Πάντες
580 941 926 1014 ἀλεξιμόροιο
951 941 1093 1013 ἐμῆς
1123 942 1335 1005 ἀΐοντες
1367 939 1500 1011 ἰωῆς
1518 980 1538 1005 ,

333 1035 543 1099 Παιδὸς
566 1032 884 1105 τηλυγέτοιο
911 1031 1210 1106 φεροζώοιο
1233 1032 1464 1104 Τοκῆος.

335 1115 414 1168 26
452 1116 659 1185 ’Ὠσπερ
686 1120 794 1187 γὰρ
824 1117 1055 1188 Γενέτης
1088 1120 1312 1188 μεθεπει
1338 1122 1675 1194 παμμῆτόρα
1700 1131 1910 1196 κόσμου

337 1204 516 1274 Ζωήν,
546 1202 613 1280 ἧς
645 1204 752 1260 ἄπο
778 1207 910 1260 πᾶσι
944 1205 1188 1276 βιοσσόον
1216 1203 1403 1278 ἆσθμα
1434 1211 1698 1278 τιταίνει,

338 1291 498 1349 Οὕτω
524 1294 889 1364 παμμεδέοντι
916 1297 1010 1349 καὶ
1039 1293 1154 1348 Υἱέῖ
1184 1296 1325 1351 δῶκε
1354 1299 1602 1369 κομίζειν

332 1392 515 1464 Ζωὴν,
545 1390 616 1446 27
646 1393 741 1447 καὶ
763 1391 967 1466 ζαθέην
986 1392 1252 1465 ὕψίζυγον
1268 1392 1462 1451 ὤπασε
1493 1394 1683 1466 τιμὴν,

331 1484 447 1558 55.
477 1486 589 1540 Καὶ
627 1485 807 1558 κρίσιν
831 1478 907 1542 ὧν
929 1487 1108 1542 ἐθέλει
1136 1486 1343 1541 τελέειν
1372 1487 1580 1557 ίσόξυγι
1605 1483 1816 1558 θεσμῷ,
1927 1488 1931 1492 ’

332 1576 604 1651 Ὀττιπερ
632 1577 944 1650 ἀνθρώποιο
975 1579 1265 1651 φερέσϐιος
1292 1579 1422 1643 Υἱὸς
1452 1577 1663 1634 ἀκούει.

332 1669 406 1724 28
433 1671 545 1724 Καὶ
570 1670 645 1744 μὴ
669 1670 880 1743 θάμϐος
906 1670 1104 1744 ἔχοιτε,
1128 1672 1224 1726 καὶ
1252 1670 1308 1725 εί
1320 1689 1443 1726 τινα
1467 1667 1724 1725 θέσκελον
1746 1668 1926 1742 ὀμφὴν

333 1763 604 1817 Ἔννεπον
638 1763 967 1835 ἐσσομένην,
1000 1764 1084 1818 ὅτι
1116 1762 1353 1829 λοίσθιος
1380 1763 1602 1834 ἔρχεται
1630 1760 1783 1834 ὥρη,

329 1854 446 1908 Καὶ
471 1854 567 1909 νῦν
596 1854 1000 1927 ἀμφιϐέϐηκεν,
1029 1854 1250 1920 ἀολλέες
1283 1854 1490 1925 ὁππότε
1525 1853 1710 1926 νεκροὶ

329 1946 626 2001 Ζωοτόκων
651 1948 867 2013 ἀΐοντες
894 1949 1206 2020 ἀνοστήτων
1232 1946 1339 2002 ἀπὸ
1367 1946 1616 2018 τύμϐων,

328 2035 570 2109 Χριστοῦ
604 2036 1002 2110 φθεγγομένοιο
1031 2038 1348 2111 δεδεγμένοι
1382 2037 1567 2094 ένθεον
1594 2037 1743 2110 ἠχὼ,

327 2129 605 2185 Πάντοθεν
628 2131 899 2195 ἀΐσσουσι,
924 2130 995 2189 29
1018 2131 1112 2186 καὶ
1137 2130 1335 2202 όψιμος
1363 2129 1523 2195 ἄλλος
1552 2130 1642 2183 ἐπ’
1670 2130 1817 2203 ἄλλῳ

341 2221 572 2295 Ἀρχαίῃ
600 2223 855 2278 πελάσειε
891 2223 1217 2293 παλιγγενὲς
1247 2221 1393 2294 ἴχνος
1418 2222 1650 2296 ἀρούρῃ.

324 2314 396 2367 Οί
432 2315 531 2385 μὲν
556 2313 953 2379 ἀεθλεύσαντες
985 2313 1252 2387 ἀμεμφέα
1284 2315 1475 2369 πιστὸν
1502 2313 1712 2384 ἀγῶνα,

325 2404 487 2476 Ζωῆς
508 2404 787 2478 ἀθανάτης
817 2408 876 2470 ἐς
907 2405 1206 2461 ἀνάστασιν
1225 2422 1239 2438 ο
1274 2405 1325 2459 οἱ
1353 2405 1411 2459 δὲ
1438 2405 1711 2479 καμόντες

330 2497 514 2569 Ἔργα
545 2497 915 2563 πολυπλανέος
943 2497 1129 2570 βιοτῆς
1155 2497 1472 2569 ἐτερόφρονι
1504 2496 1678 2568 λύσσῃ
1698 2536 1717 2562 ,

324 2587 560 2659 Κρίσιος
585 2587 886 2660 ἐσσομένης
913 2590 972 2654 ἐς
1001 2588 1324 2644 ἀνάστασιν.
1351 2589 1420 2645 50
1453 2588 1721 2660 Οὐρανίου
1751 2586 1851 2658 μὲν
1938 2660 1945 2667 η

324 2680 407 2734 Οὐ
433 2679 668 2751 δύναμαι
697 2681 997 2752 Γενετῆρος
1040 2680 1355 2751 ἀπόπροθεν
1392 2679 1543 2734 οὐδὲν
1577 2679 1809 2735 ἀνύσσαι

323 2771 681 2841 Αύτόματος,
723 2771 931 2846 κρίνειν
962 2772 1020 2827 δὲ
1054 2772 1359 2845 δυνήσομαι
1390 2770 1582 2843 ὥσπερ
1606 2772 1812 2829 ἀκούω.

323 2860 623 2933 Νημερτῆς
645 2861 704 2916 δέ
736 2861 829 2932 μοί
853 2863 1001 2916 ἐστιν
1028 2862 1137 2935 ἐμὴ
1167 2861 1381 2934 κρίσις·
1417 2861 1478 2916 οὐ
1512 2862 1622 2935 γὰρ
1644 2863 1815 2918 ἱκάνω

326 2952 505 3017 Κῦδος
535 2953 670 3025 ἐμὸν
699 2953 905 3007 τελέειν
927 2953 1047 3026 διζή
1058 2971 1240 3025 μενος,
1278 2953 1416 3009 ἀλλά
1440 2954 1669 3027 Τοκῆος.

323 3044 508 3116 Τιμὴν
537 3045 814 3118 ήμετέρην
848 3045 909 3099 οὐ
945 3044 1277 3117 φθέγγομαι.
1307 3045 1372 3101 51
1416 3044 1518 3100 Ἦν
1541 3045 1652 3118 γὰρ
1679 3045 1848 3116 ἐνίψω

322 3136 651 3208 Μαρτυρίην
688 3136 827 3208 ἰδίην
846 3178 860 3204 ,
895 3137 958 3190 ού
987 3135 1237 3190 πείθεται
1265 3135 1425 3201 ἀλλος
1464 3135 1694 3191 ἀκούων.

323 3229 406 3282 Οὐ
430 3227 540 3299 γάρ
566 3227 700 3300 ἐμὸς
729 3227 859 3282 πέλε
893 3226 1063 3300 μῦθος
1090 3229 1365 3300 ἐτήτυμος
1389 3268 1405 3295 ,
1435 3228 1610 3302 ἥνπερ
1641 3227 1808 3295 ἐνίψω

320 3321 652 3393 Μαρτυρίην
688 3320 827 3392 ίδίην
853 3320 1167 3395 αύτόθροον.
1202 3320 1276 3376 52
1316 3308 1481 3392 Ἀμφ’
1503 3319 1700 3392 ἐμέθεν
1728 3320 1786 3375 δὲ

325 3409 524 3475 Ἄλλος
554 3411 697 3484 ἀνὴρ
741 3411 873 3466 πέλε
902 3412 1114 3485 μάρτυς
1135 3411 1404 3484 ἐπάρκιος
1423 3426 1438 3441 ο
1475 3407 1594 3466 οἶδα
1620 3411 1666 3465 δ’
1702 3411 1913 3466 ἐκείνου

321 3501 534 3573 Πιστὴν
569 3503 880 3575 μαρτυρίην
910 3504 1007 3557 καὶ
1038 3503 1332 3576 ἐτήτυμον.
1371 3503 1440 3558 55
1472 3501 1762 3575 Είρόμενοι
1786 3501 1846 3557 δὲ

333 3589 529 3659 Ἀγνὸν
567 3590 825 3662 Ἰωάννην
853 3590 1207 3661 θεοδέγμονος
1227 3592 1424 3663 ἔγκυον
1451 3592 1658 3664 ὀμφῆς,

333 3681 528 3752 Ὑμεῖς
560 3681 935 3754 οὑρεσίφοιτον
966 3684 1254 3757 ἐπέμψατε
1281 3683 1413 3739 λαὸν
1442 3683 1625 3756 ὁδίτην

335 3772 573 3846 Ἀνδρῶν
604 3774 951 3846 μυστιπόλων
969 3792 983 3807 ο
1012 3775 1106 3831 καὶ
1133 3775 1399 3848 ἀμεμφέα
1425 3774 1683 3839 θέσκελος
1711 3772 1853 3847 ἀνὴρ

320 3864 508 3920 Μῦθον
534 3865 796 3939 ἀληθείης
820 3866 1008 3940 ἀλύτῳ
1042 3867 1421 3940 σφρηγίσσατο
1450 3865 1630 3938 μύθῳ,

322 3958 622 4031 Μάρτυρος
640 3959 1037 4031 ὲμπεδόμυθος.
1060 3959 1132 4016 54
1153 3956 1499 4030 Ἐπιχθονίης
1518 3958 1566 4012 δ’
1593 3960 1702 4014 ἀπὸ
1734 3961 1920 4033 φωνῆς

324 4049 653 4123 Μαρτυρίην
687 4050 946 4123 μερόπων
966 4051 1031 4105 οὐ
1059 4050 1322 4123 δέχνυμαι
1343 4089 1359 4115 ,
1389 4049 1527 4105 ἀλλά
1555 4050 1825 4107 διδάσκων

335 4142 663 4216 Ἐϐραίους,
693 4144 821 4199 τάδε
863 4145 1044 4200 πάντα
1074 4143 1431 4216 μετέρχομαι,
1464 4141 1609 4216 ὄφρα
1651 4143 1924 4217 μαθόντας

337 4233 546 4305 Ὑμέας
567 4236 650 4291 είν
680 4236 764 4290 ἐνὶ
787 4237 998 4300 πάντας
1021 4237 1178 4307 ἐμοῖς
1198 4234 1422 4289 ἐπέεσσι
1450 4233 1669 4290 σαώσω.

325 4325 403 4381 55
434 4327 626 4392 Κεῖνος
665 4328 922 4399 Ἰωάννης
965 4327 1189 4400 νοεροὺς
1216 4325 1525 4400 σπινθῆρας
1561 4326 1776 4395 ίάλλων,

325 4418 601 4493 Εὐσεϐίης
628 4420 759 4497 πέλε
794 4420 989 4492 λύχνος
1018 4420 1290 4494 ἐτήτυμος
1317 4419 1543 4493 ἀνδράσι
1565 4420 1772 4490 φαίνων
1795 4438 1809 4453 ο

1323 366 1812 425 PARAPHRASIS
1846 366 1912 423 IN
1949 365 2293 424 JOANNEM.
2331 399 2404 413 —-—
2438 366 2592 423 CAP.
2629 365 2695 422 V.

1954 494 2002 548 Α
2033 494 2201 552 quam
2254 486 2474 551 tempus
2521 494 2632 535 non
2666 478 2817 535 novit
2844 478 3096 552 perdere,
3128 474 3322 532 Veniet
3347 489 3412 530 ex
3441 484 3619 533 morte

3512 361 3621 418 79}

2031 587 2309 630 reversus.
2359 572 2432 626 25
2460 570 2764 643 improvisa
2811 573 2958 629 enim
2997 569 3275 627 Obstetrix
3321 581 3620 624 renascen-

2031 665 2166 721 tium
2202 665 2489 721 hominum
2510 673 2758 722 mortuos
2792 665 3073 722 suscitans
3095 663 3229 718 liora
3267 660 3461 719 Veniet
3490 677 3618 719 sero

2032 756 2299 827 perfecta,
2343 757 2482 813 muti
2515 757 2736 829 quando
2779 756 2985 812 mortui
3026 754 3241 811 Rursus
3286 755 3619 811 reviviscent

2030 849 2241 907 reditus
2267 849 2586 921 expertibus
2613 864 2645 907 e
2664 849 2902 913 sinibus,
2927 846 3133 904 Omnes
3159 858 3387 899 mortem
3412 845 3619 916 pellen-

2029 950 2136 997 tem
2165 956 2342 997 meam
2374 942 2659 998 audientes
2681 956 2892 1006 vocem,
2910 938 3035 995 Filii
3062 939 3223 995 unice
3242 936 3428 993 dilecti
3447 936 3616 991 vitam

2028 1031 2256 1090 ferentis
2287 1033 2491 1091 Patris.
2522 1034 2593 1089 26
2622 1033 2777 1091 Sicut
2804 1034 2950 1089 enim
2993 1030 3154 1089 Pater
3178 1029 3344 1086 habet
3384 1036 3617 1084 matrem
3688 1105 3693 1108 ἡ

2028 1125 2275 1181 omnium
2309 1126 2367 1182 in
2420 1126 2625 1183 mundo
2669 1124 2876 1192 Vitam,
2900 1139 2931 1179 a
2967 1138 3077 1196 qua
3110 1122 3371 1179 omnibus
3394 1120 3619 1176 vitalem

2027 1216 2279 1287 spiritum
2313 1217 2542 1289 praebet,
2573 1217 2665 1273 Sic
2693 1217 2940 1274 omnium
2974 1214 3175 1272 rectori
3207 1221 3262 1270 et
3290 1212 3430 1269 Filio
3467 1210 3619 1267 dedit

2026 1305 2171 1362 ferre
2188 1305 2367 1362 Vitam
2398 1322 2412 1360 :
2441 1306 2509 1360 27
2532 1314 2586 1362 et
2610 1305 2855 1361 divinam
2877 1302 3159 1375 altijugam
3181 1300 3333 1358 dedit
3361 1299 3613 1370 gloriam,
3656 1352 3661 1357 .

2034 1395 2143 1468 55
2178 1395 2243 1452 Et
2259 1396 2529 1467 judicium
2555 1412 2791 1468 quorum
2819 1396 2935 1451 vult
2959 1393 3220 1466 perlicere
3252 1391 3452 1463 aequali
3473 1389 3613 1461 lege,

2026 1487 2167 1554 Quia
2193 1487 2436 1543 hominis
2462 1488 2632 1543 vitam
2659 1487 2843 1546 ferens
2862 1485 3038 1543 Filius
3078 1484 3303 1541 dicitur.
3338 1481 3410 1537 28
3443 1479 3511 1535 Et
3544 1496 3617 1535 ne

2026 1577 2301 1634 miremini
2335 1578 2383 1635 si
2415 1579 2656 1649 aliquam
2677 1579 2917 1634 divinam
2940 1586 3135 1633 vocem
3160 1574 3282 1630 Dixi
3304 1582 3614 1634 venturam.

2027 1669 2158 1739 quia
2178 1678 2426 1726 extrema
2449 1669 2599 1725 venit
2625 1669 2781 1733 hora,
2796 1668 2863 1722 Et
2878 1683 3025 1725 nunc
3038 1681 3207 1738 prope
3219 1665 3475 1729 accessit,
3487 1678 3616 1719 con-

2026 1759 2234 1829 gregati
2264 1758 2489 1829 quando
2515 1760 2746 1827 mortui,
2771 1757 2940 1817 Vivos
2966 1758 3310 1831 parientibus
3329 1754 3615 1811 audientes

1953 1850 1996 1908 B
2027 1851 2237 1907 reditus
2280 1851 2599 1921 expertibus
2623 1865 2655 1906 e
2684 1851 2971 1922 sepulcris,
2992 1847 3196 1905 Christi
3234 1847 3504 1918 loquentis
3524 1843 3637 1901 ιιι-⁸

2025 1943 2296 2013 cipientes
2329 1941 2577 1999 divinum
2613 1957 2833 2009 sonum,
2861 1940 3115 2012 Undique
3166 1939 3629 2000 concitabuntur,

2025 2033 2097 2089 29
2136 2040 2192 2089 et
2237 2047 2396 2088 serus
2429 2032 2573 2088 alius
2602 2040 2726 2103 post
2758 2032 2928 2087 alium
2956 2029 3139 2088 Veteri
3167 2031 3429 2101 adjunget
3453 2043 3618 2085 rena-

2026 2130 2141 2178 tum
2192 2123 2485 2194 vestigium
2533 2133 2692 2179 terrae
2728 2140 2743 2192 ;
2774 2122 2880 2191 Qui
2912 2122 3131 2194 quidem
3167 2132 3454 2179 certarunt
3489 2122 3632 2180 irre—

2025 2213 2393 2286 prehensibile
2439 2215 2597 2271 ﬁdele
2638 2222 2951 2280 certamen,
2985 2213 3126 2270 Vitae
3172 2214 3501 2271 immortalis
3545 2213 3616 2268 ad

2027 2307 2532 2375 resurrectionem;
2568 2307 2663 2379 qui
2706 2322 2835 2363 vero
2865 2307 3215 2379 perfecerunt
3261 2304 3440 2378 Opera
3471 2306 3613 2361 mul-

2024 2404 2140 2451 tum
2174 2399 2415 2455 errantis
2446 2399 2568 2454 vitae
2594 2399 2755 2455 aliter
2794 2399 3069 2456 sentiente
3093 2399 3267 2464 rabie,
3297 2397 3499 2454 Judicii
3537 2395 3622 2452 fu—

2024 2489 2135 2544 turi
2164 2490 2233 2545 ad
2270 2491 2759 2547 resurrectionem.
2782 2492 2854 2548 30
2896 2491 3121 2548 Ctelesti
3149 2490 3297 2547 enim
3337 2488 3459 2545 Non
3493 2504 3617 2559 pos-

2022 2596 2146 2638 sum
2176 2582 2296 2639 sine
2343 2582 2506 2639 Patre
2537 2583 2749 2654 aliquid
2797 2584 3059 2655 perlicere
3109 2583 3336 2656 Sponte,
3364 2583 3617 2655 judicare

2022 2688 2155 2729 vero
2203 2682 2397 2745 potero
2453 2676 2599 2732 sicut
2650 2677 2836 2733 audio.
2876 2676 3167 2734 lnl‘allibile
3208 2684 3392 2732 autem
3433 2690 3617 2732 meum

2021 2775 2108 2823 est
2136 2766 2447 2838 judicium;
2480 2784 2593 2825 non
2627 2770 2775 2825 enim
2803 2771 2966 2826 venio
2989 2770 3233 2827 Gloriam
3275 2784 3453 2825 meam
3491 2784 3617 2841 per-

2021 2857 2188 2913 licere
2205 2873 2482 2928 quaerens,
2516 2859 2611 2919 sed
2661 2858 2865 2917 Patris.
2903 2859 3179 2917 Honorem
3211 2869 3464 2917 nostrum
3506 2876 3617 2915 non

2023 2948 2237 3020 loquor.
2281 2950 2346 3006 51
2412 2949 2473 3007 Si
2518 2951 2666 3008 enim
2726 2952 2945 3011 locutus
3004 2953 3159 3009 l'uero
3219 2952 3617 3011 Testimonium

2020 3054 2331 3125 proprium,
2362 3069 2476 3111 non
2504 3056 2682 3113 credit
2701 3057 2845 3114 alius
2870 3057 3123 3117 audiens.
3140 3056 3269 3117 .Non
3289 3059 3438 3115 enim
3458 3072 3617 3115 meus

2020 3169 2109 3216 εει
2154 3173 2339 3214 sermo
2392 3174 2596 3226 verus,
2638 3159 2687 3217 si
2747 3160 2966 3218 locutus
3021 3161 3177 3219 fuero
3239 3162 3612 3219 testimonium

2022 3265 2304 3338 proprium
2333 3265 2403 3322 de
2430 3266 2646 3337 meipso
2686 3266 2916 3324 dictum.
2952 3267 3025 3324 52
3049 3266 3229 3325 Deme
3258 3279 3439 3325 autem
3459 3267 3611 3325 Alius

2023 3372 2109 3429 vir
2140 3384 2226 3428 est
2259 3372 2417 3429 testis
2438 3371 2751 3441 sulliciens;
2780 3372 2909 3429 novi
2940 3380 3123 3429 autem
3152 3373 3300 3429 illius
3329 3371 3517 3430 Fidele
3542 3378 3617 3429 to-
3722 3430 3749 3447 ,

2024 3475 2349 3533 stimonium
2395 3483 2452 3539 et
2488 3491 2701 3539 verum.
2731 3478 2803 3535 35
2836 3477 3243 3549 lnterrogantes
3285 3485 3466 3533 autent
3510 3477 3619 3534 Ca—

2027 3588 2174 3638 stum
2228 3577 2499 3637 Joannem
2538 3580 2723 3638 divina
2758 3583 3029 3653 repletum
3074 3598 3231 3649 voce,
3269 3581 3382 3640 Vos
3413 3583 3621 3638 monti-

2024 3702 2224 3758 vagum
2257 3686 2491 3745 misistis
2527 3690 2790 3762 populum
2818 3690 3085 3748 viatorem
3113 3688 3372 3747 Virorum
3406 3689 3615 3746 sacriﬁ-

2025 3808 2253 3861 corum;
2278 3802 2337 3852 et
2368 3794 2909 3867 irreprebensibilem
2931 3796 3152 3854 divinus
3182 3798 3267 3854 vir
3298 3796 3619 3854 Sermonem

2025 3899 2275 3956 veritatis
2316 3900 2600 3961 insolubili
2641 3901 2952 3974 obsignavit
2995 3903 3202 3970 verbo,
3238 3901 3416 3959 Testis
3445 3902 3623 3959 ﬁrmi-

2027 4001 2246 4073 loquus.
2292 4002 2365 4058 54
2403 4001 2674 4060 Terrestri
2724 4012 2908 4060 autem
2952 4018 2985 4057 a
3029 4017 3166 4060 voce
3216 4002 3620 4059 Testimonium

2025 4106 2312 4162 hominum
2352 4121 2465 4163 non
2503 4108 2732 4178 recipio,
2784 4108 2883 4165 sed
2920 4108 3128 4166 docens
3176 4108 3456 4175 Hebraeos,
3503 4111 3622 4163 haec

2023 4209 2211 4267 omnia
2234 4209 2476 4281 adduco,
2510 4217 2573 4266 ut
2605 4210 2804 4267 doctos
2830 4210 2941 4268 Vos
2971 4211 3029 4266 in
3061 4213 3381 4269 universum
3422 4226 3619 4268 omnes

2025 4314 2164 4371 meis
2188 4315 2373 4377 verbis
2402 4315 2727 4375 salvem."55
2747 4314 2843 4373 Ille
2868 4314 3114 4374 Joannes
3157 4317 3436 4388 sapientes
3469 4316 3619 4374 scin-

2026 4420 2175 4475 tillas
2211 4419 2493 4488 emittens,
2521 4418 2751 4476 Pietatis
2783 4427 2901 4477 erat
2935 4420 3162 4477 lucerna
3194 4437 3325 4478 vera
3355 4421 3491 4478 viris
3520 4438 3617 4493 ap-

1534 4534 1816 4593 TEXTUS
1856 4533 2393 4593 EVANGELISTIE.

325 4652 573 4708 αἰώνιον⁸
618 4657 713 4710 καὶ
738 4656 818 4720 είς
848 4654 1032 4728 κρίσιν
1064 4654 1167 4710 οὐκ
1194 4653 1417 4728 ἔρχεται
1443 4672 1458 4690 ι
1489 4656 1628 4711 ἀλλά
1677 4657 1916 4728 μεταϐέ-
1950 4660 1993 4716 D
2093 4657 2163 4713 '50
2201 4656 2278 4711 Οὐ
2329 4654 2567 4726 δύναμαι
2623 4655 2737 4724 ἐγὼ
2785 4657 2962 4711 ποιεῖν
3008 4656 3103 4711 ἀπ’
3145 4655 3387 4727 ἐμαυτοῦ
3436 4657 3611 4712 οὐδέν.

323 4737 499 4809 ϐηκεν
527 4738 594 4793 ἐκ
616 4738 712 4793 τοῦ
740 4738 977 4793 θανάτου
1001 4740 1083 4804 είς
1105 4738 1207 4811 τὴν
1233 4739 1402 4811 ζωήν.

292 4829 307 4896 ξ
398 4821 471 4876 25
512 4821 684 4895 Ἀμήν
717 4821 866 4895 ἀμὴν
890 4821 1035 4892 λέγω
1073 4822 1203 4893 ὑμῖν
1229 4863 1244 4887 ,
1270 4824 1353 4876 ὅτι
1382 4822 1602 4895 ἔρχεται
1634 4823 1785 4897 ὥρα,
1823 4825 1920 4880 καὶ

298 4906 424 4978 ,νῦν
456 4905 604 4962 ἔστιν
627 4948 644 4973 ,
687 4907 774 4961 ὅτε
806 4907 856 4961 oi
885 4908 1073 4978 νεκροὶ
1103 4904 1429 4960 ἀκούσονται
1471 4907 1572 4977 τῆς
1601 4909 1789 4981 φωνῆς
1820 4908 1918 4963 τοῦ

322 4990 459 5046 Υίοῦ
487 4989 776 5045 τοῦθεοῦ·
805 4991 900 5045 καὶ
928 4991 978 5045 οἱ
1003 4989 1339 5053 ἀκούσαντες
1366 4990 1644 5061 ζήσονται.

396 5076 469 5130 26
493 5075 706 5146 Ὠσπερ
731 5073 842 5147 γὰρ
878 5075 906 5128 ό
936 5075 1130 5145 Πατὴρ
1161 5074 1275 5145 ἔχει
1313 5073 1459 5145 ζωὴν
1484 5075 1542 5127 ἐν
1579 5073 1791 5145 ἐαυτῷ,
1829 5075 1919 5130 οὔ·

327 5177 434 5225 τως
462 5158 633 5213 ἔδωκε
672 5158 770 5213 καὶ
794 5159 875 5230 τῷ
897 5157 1013 5229 Υίῷ
1039 5158 1185 5230 ζωὴν
1214 5158 1360 5229 ἔχειν
1386 5159 1447 5211 ὲν
1466 5157 1668 5229 ἐαυτῷ.

395 5243 469 5297 27
498 5244 609 5298 Καὶ
643 5242 896 5311 ἐξουσίαν
943 5242 1145 5297 ἔδωκεν
1181 5241 1332 5313 αὐτῷ
1360 5241 1458 5296 καὶ
1503 5241 1685 5312 κρίσιν
1716 5245 1917 5308 ποιεῖν,

321 5328 409 5382 ὅτι
438 5326 566 5390 Υἱὸς
592 5326 884 5399 ἀνθρώπου
911 5326 1048 5382 ἐστί.

395 5410 469 5466 28
505 5410 598 5482 Μὴ
633 5409 945 5481 θαυμάζετε
990 5408 1178 5463 τοῦτο·
1222 5409 1305 5463 ὅτι
1348 5406 1567 5479 ἔρχεται
1612 5406 1731 5479 ὥρα
1779 5408 1837 5461 ἐν

318 5493 532 5561 ⁸πάντες
568 5497 620 5550 ot
648 5499 707 5551 ἐν
750 5500 864 5561 τοῖς
912 5497 1201 5569 μνημείοις
1237 5495 1564 5552 ἀκούσονται
1594 5496 1696 5566 τῆς
1734 5495 1920 5567 φωνῆς

324 5578 518 5635 αὐτοῦ.

398 5662 471 5718 29
495 5662 609 5716 Kal.
660 5662 1090 5734 ἐκπορεύσονται
1118 5663 1168 5717 οἱ
1219 5663 1290 5718 τὰ
1338 5663 1520 5734 ἀγαθά
1570 5666 1918 5738 ποιήσαντες,

326 5743 414 5809 εἰς
438 5745 739 5802 ἀνάστασιν
766 5747 914 5816 ζωῆς
934 5763 949 5778 ο
991 5748 1039 5801 οἱ
1071 5746 1128 5802 δὲ
1158 5747 1228 5802 τά
1263 5742 1442 5818 φαῦλα
1474 5749 1810 5821 πράξαντες,
1843 5751 1922 5813 εἰς

337 5828 640 5886 ἀνάστασιν
672 5831 926 5902 κρίσεως.
1021 5875 1027 5880 .

2028 4737 2229 4804 Καθὼς
2250 4739 2437 4793 ἀκούω
2459 4780 2475 4805 ,
2523 4740 2696 4811 κρίνω
2720 4755 2735 4771 σ
2782 4740 2881 4794 καὶ
2918 4742 2952 4811 ή
2999 4739 3181 4812 κρίσις
3224 4741 3258 4811 ή
3292 4741 3401 4811 ἐμὴ
3433 4741 3617 4795 δικαία

2025 4823 2179 4877 ἐστίν
2198 4840 2213 4856 ⁸
2246 4823 2330 4876 ὅτι
2359 4823 2421 4875 ού
2458 4821 2607 4891 ζητῶ
2637 4821 2698 4875 τὸ
2730 4821 2944 4893 θέλημα
2979 4823 3040 4876 τὸ
3071 4825 3203 4894 ἐμὸν
3222 4860 3238 4888 ,
3272 4824 3411 4877 ἀλλά
3437 4825 3500 4877 τὸ
3527 4825 3618 4878 θέ-

2022 4905 2179 4978 λημα
2203 4905 2298 4960 τοῦ
2330 4904 2646 4975 πέμψαντός
2672 4922 2741 4976 με
2770 4906 3006 4976 Πατρός.

2095 4990 2158 5044 51
2207 4989 2334 5043 Ἐὰν
2363 4987 2476 5056 ἐγὼ
2502 4986 2766 5060 μαρτυρῶ
2795 4989 2927 5059 περὶ
2951 4985 3216 5060 ἐμαυτοῦ,
3258 4989 3293 5059 ἡ
3338 4989 3616 5061 μαρτυρία

2028 5091 2134 5146 μου
2162 5073 2265 5127 οὐκ
2291 5072 2438 5126 ἐστιν
2463 5071 2691 5143 ἀληθής.

2097 5157 2169 5214 32
2201 5156 2395 5222 Ἄλλος
2418 5157 2566 5210 ἐστὶν
2595 5159 2623 5209 ό
2652 5154 2946 5228 μαρτυρῶν
2979 5156 3110 5228 περὶ
3157 5157 3290 5228 ἐμοῦ
3312 5197 3327 5223 ,
3371 5156 3468 5210 καὶ
3498 5153 3615 5212 οἶδα

2026 5242 2109 5295 ὅτι
2140 5240 2350 5312 ἀληθής
2383 5241 2529 5294 ἐστιν
2558 5241 2592 5311 ἡ
2616 5241 2892 5313 μαρτυρία
2913 5241 2982 5313 ἢν
3007 5243 3277 5313 μαρτυρεῖ
3297 5240 3426 5312 περὶ
3452 5241 3612 5313 ἐμοῦ.

2098 5325 2172 5381 53
2209 5324 2401 5396 Ὑμεῖς
2433 5324 2812 5380 ἀπεστάλκατε
2861 5325 3001 5397 πρὸς
3040 5325 3296 5397 Ἰωάννην
3321 5365 3337 5391 ,
3376 5326 3471 5379 καὶ
3515 5343 3613 5397 με-

2030 5408 2358 5482 μαρτύρηκε
2379 5412 2448 5481 τῇ
2481 5409 2731 5481 ἀληθείᾳ.
3155 5449 3158 5452 .

2104 5493 2176 5549 54
2221 5492 2362 5562 Ἐγὼ
2407 5493 2463 5546 δὲ
2506 5493 2567 5547 οὐ
2614 5492 2767 5565 παρὰ
2824 5493 3114 5566 ἀνθρώπου
3170 5492 3269 5564 τὴν
3308 5492 3613 5564 μαρτυρίαν

2034 5577 2300 5648 λαμϐάνω
2317 5596 2332 5610 ³
2365 5578 2502 5634 ἀλλά
2529 5577 2706 5632 ταῦτα
2731 5576 2875 5648 λέγω
2899 5578 2987 5632 ἵνα
3022 5579 3182 5650 ὑμεῖς
3213 5578 3443 5647 σωθῆτε.

2099 5663 2171 5718 55
2211 5663 2450 5726 Ἐκεῖνος
2483 5658 2551 5734 ἦν
2583 5663 2613 5715 ό
2644 5662 2837 5733 λύχνος
2858 5664 2888 5717 ό
2917 5662 3202 5733 καιόμενος
3234 5663 3331 5715 καὶ
3364 5659 3611 5731 φαίνων*

2032 5749 2190 5817 ὑμεῖς
2217 5747 2273 5801 δὲ
2308 5746 2611 5819 ἠθελήσατε
2643 5745 3070 5819 ἀγαλλιασθῆναι
3097 5745 3233 5819 πρὸς
3266 5744 3417 5820 ὥραν
3458 5752 3515 5806 ἐν
3540 5751 3617 5823 τις)

2036 5832 2174 5903 φωτὶ
2202 5831 2387 5887 αὐτοῦ.
2970 5852 2974 5856 ·
