3982 6396
313 375 419 432 793

1269 391 1762 458 PARAPHRASIS
1801 401 1870 459 IN
1907 405 2252 467 JOANNEM.
2293 443 2362 454 ——
2397 415 2552 473 CAP.
2589 416 2679 474 Vl.

3495 431 3598 486 794

299 493 460 608 Ξεῖρς
483 492 622 565 ἀνὴρ
645 492 886 569 ἔγραψεν
917 499 1207 572 ἐτήτυμος.
1243 505 1312 558 47
1339 507 1401 560 Ei
1432 508 1478 561 6’
1511 511 1620 579 ἄρα
1644 513 1824 568 κείνου

2000 521 2068 574 47
2097 520 2155 576 Si
2201 537 2336 578 vero
2369 525 2516 581 illius
2566 520 2798 599 Scriptis
2843 544 2952 585 non
3001 533 3248 601 creditis,
3288 555 3409 608 quae
3438 540 3581 597 Dens

301 585 634 678 Γράμμασιν
668 589 731 641 οὐ
757 589 1034 657 πείθεσθε,
1063 596 1243 666 τάπερ
1271 598 1405 662 Θεὸς
1430 599 1619 655 ὤπασε
1647 605 1860 678 κόσμῳ,

297 677 521 731 Μᾶλλον
547 679 873 750 ὰκηλήτοισι
903 684 1072 738 πόθεν
1101 686 1342 754 δέξοισθε
1376 698 1654 761 μενοιναῖς

299 767 588 910 ’ἔγραφον
611 769 903 842 ἡμετέρων
937 775 1226 846 στομάτων
1251 781 1464 848 ἀΐοντες
1497 787 1660 857 ίωήν;

298 857 324 877 ⁷
371 874 556 910 ννεπε.

371 874 556 915 ννεπε.

472 1087 652 1180 {AKail
688 1089 986 1161 μετέπειτα
1020 1094 1198 1168 πέρην
1227 1097 1548 1171 Τιϐεριάδος
1571 1106 1754 1180 ἀλμης

290 1176 410 1248 Νηῒ
441 1178 765 1252 πολυκλήϊδι
801 1182 994 1253 ταμὼν
1021 1185 1295 1242 ἀντώπιον
1319 1189 1487 1264 ὕδωρ,

293 1269 519 1324 Γείτονα
543 1275 708 1342 γαῖαν
742 1273 916 1329 ἔδυνε.
943 1277 979 1330 2
1007 1279 1402 1338 Συνεσσεύοντο
1432 1285 1491 1338 δὲ
1524 1287 1645 1342 λαοὶ

290 1361 562 1433 Θαύματα
591 1367 1016 1437 παπταίνοντες,
1050 1371 1194 1441 άπερ
1220 1375 1400 1446 κάμεν
1429 1378 1588 1448 ὴθάδι
1611 1381 1787 1455 μύθῳ,

303 1457 597 1529 Ῥυόμενος
627 1460 962 1535 βαρύνουσον
1003 1467 1390 1537 ίμασσομένων
1423 1472 1593 1544 δέμας
1619 1477 1850 1548 ἀνδρῶν.

290 1550 328 1602 3
356 1551 469 1602 Καὶ
489 1549 720 1605 δαπέδου
753 1553 1040 1624 λοφόεντος
1063 1561 1316 1632 ὲρημάδα
1343 1563 1514 1627 πέζαν
1551 1566 1777 1635 ὁδεύων,

294 1639 393 1703 Εἰς
422 1639 548 1710 ὅρος
580 1643 916 1716 ὑψικάρηνον
957 1649 1113 1720 ἀνήῖε
1134 1665 1148 1681 °
1179 1655 1495 1726 μεσσοφανῆ
1523 1656 1580 1709 δὲ

305 1732 598 1804 Ἐξόμενον
635 1739 969 1808 στεφανηδὸν
1002 1742 1380 1798 ἐκυκλώσαντο
1411 1748 1674 1818 μαθηταί.

290 1825 327 1878 4
353 1827 462 1878 Καὶ
497 1827 684 1896 σχεδὸν
719 1827 1020 1898 Ἑϐραίοισι
1046 1831 1326 1904 φιλόργιος
1355 1831 1453 1906 ἦεν
1488 1839 1675 1910 ἑορτὴ,

2005 614 2238 681 ρτωϋυῑι
2277 618 2504 683 mundo,
2533 618 2706 690 Magis
2742 621 3182 683 intractabilibus
3208 633 3479 691 quomodo
3512 649 3597 689 re-

2000 700 2220 766 cipietis
2260 705 2538 761 mentibus
2565 705 2684 762 Non
2714 711 2975 782 scriptam
3005 714 3181 771 nosui
3214 710 3329 770 oris
3366 719 3595 777 audiet!-

2002 799 2086 848 tes
2105 795 2338 850 vocem?
2367 794 2530 854 Dixit.

2643 1003 2796 1061 CAP.
2840 1004 2929 1061 Vl.

2069 1109 2094 1163 1
2141 1109 2206 1164 Et
2235 1111 2492 1183 deinceps
2523 1121 2677 1171 trans
2706 1115 3015 1173 Tiberiadis
3043 1134 3195 1176 mare
3223 1121 3355 1178 Navi
3384 1125 3588 1184 multo:

1994 1203 2181 1260 clavos
2221 1205 2455 1260 habente
2502 1222 2699 1262 secans
2728 1211 3035 1280 appositam
3070 1227 3300 1281 aquam,
3338 1214 3586 1272 Vicinam

1995 1303 2195 1350 terram
2238 1296 2430 1354 subiit.
2469 1296 2505 1349 2
2546 1297 2722 1352 Simul
2761 1300 3142 1355 concitabatur
3182 1311 3364 1358 autem
3409 1321 3588 1376 popu-

1993 1386 2080 1441 lus
2102 1427 2118 1453 ,
2152 1386 2416 1442 Miracula
2459 1389 2653 1446 videns
2682 1407 2805 1461 quae
2840 1391 2969 1447 fecit
3012 1404 3281 1450 consueto
3310 1410 3587 1461 sermone,

1990 1477 2258 1535 Liberalis
2284 1479 2524 1550 graviter
2553 1491 2828 1551 aegrotans
2856 1482 3182 1537 aﬂlictornm
3209 1499 3414 1555 corpus
3443 1487 3585 1542 viro-

1990 1585 2134 1624 rum.
2152 1570 2186 1624 5
2200 1569 2264 1622 Et
2277 1570 2380 1624 soli
2393 1571 2655 1624 tumulosi
2671 1569 2946 1626 desertam
2959 1573 3234 1641 regionem
3255 1575 3580 1643 pervadens,

1990 1658 2049 1713 ln
2091 1667 2334 1714 montem
2383 1660 2703 1729 alticipitem
2744 1661 3029 1726 ascendit;
3067 1663 3121 1716 in
3167 1663 3350 1716 medio
3397 1670 3580 1717 autem

1991 1759 2348 1820 apparentem
2390 1749 2681 1806 Sedentem
2724 1766 2947 1806 coronae
2986 1753 3161 1807 instar
3200 1755 3580 1810 circumdede-

1993 1848 2124 1892 runt
2150 1839 2431 1909 discipuli.
2463 1840 2498 1893 4
2536 1840 2603 1894 Ει
2637 1856 2805 1910 prope
2844 1840 3088 1897 Hebraeis
3127 1844 3404 1914 orgiorum
3432 1845 3584 1913 cupi-

287 1916 488 1986 Πάσχα
520 1917 694 1988 τόπερ
722 1918 996 1974 καλέουσι.
1033 1923 1066 1977 5
1095 1924 1176 1976 Δι’
1200 1925 1502 1998 εὐδένδροιο
1527 1928 1583 1981 δὲ
1606 1929 1817 2001 λόχμης

2000 1929 2123 1984 dum
2156 1939 2274 1984 erat
2314 1931 2535 1994 festum,
2568 1931 2782 1987 Pascha
2812 1934 2959 2004 quod
3006 1943 3222 1989 vocant.
3247 1935 3281 1988 5
3317 1935 3422 1988 Per
3449 1935 3585 1990 den-

299 2007 647 2080 Ὀφθαλμοὺς
675 2009 919 2082 ἀνάειρε,
956 2015 1052 2067 καὶ
1076 2015 1312 2070 ἄσπετον
1334 2019 1494 2073 ἄλλον
1521 2022 1607 2072 ἐπ’
1631 2022 1798 2093 ἄλλῳ,

287 2097 560 2167 Ἐδρακεν
587 2097 978 2168 ἀγχικέλευθον
1004 2105 1249 2176 ἐπήλυδα
1278 2107 1404 2162 λαὸν
1433 2110 1636 2181 όδίτην.

297 2188 594 2260 Ἐςόμενον
620 2191 678 2244 δὲ
703 2191 969 2248 Φίλιππον
991 2194 1065 2266 ἐῷ
1096 2197 1374 2267 μειλίξατο
1406 2202 1561 2273 μύθῳ
1579 2219 1594 2234 ο

280 2282 447 2346 Εἰπὲ,
484 2283 650 2338 πόθεν
677 2285 989 2356 πριόμεσθα
1018 2289 1414 2362 πολυσπερέων
1444 2294 1602 2364 χύσιν
1630 2295 1810 2366 ἄρτων

297 2374 554 2446 Ἀνδράσι
581 2377 982 2445 τοσσατίοισιν;
1010 2380 1044 2432 6
1079 2380 1206 2452 Ἐὴν
1233 2382 1277 2435 δ’
1307 2383 1550 2454 ἔκρυπτε
1572 2388 1843 2460 μενοινὴν,
1877 2451 1884 2458 ,

278 2467 397 2521 Καὶ
430 2467 549 2522 νόον
573 2468 949 2537 ἀγνώσσοντος
976 2472 1294 2546 ἐπειρήτιζε
1319 2477 1590 2531 Φιλίππου
1618 2495 1633 2510 ·

277 2559 458 2623 Αὐτὸς
487 2559 597 2632 γὰρ
623 2560 855 2632 δεδάηκε
884 2565 1058 2638 τόπερ
1087 2567 1291 2637 ἤμελλε
1319 2569 1593 2626 τελέσσαι.

279 2652 313 2704 7
352 2652 653 2723 Ἀσχολόων
684 2655 742 2707 δὲ
764 2656 1032 2722 Φίλιππος
1053 2659 1280 2730 ὲμίγνυε
1305 2659 1545 2732 θαύματι
1571 2665 1756 2735 φωνήν
1772 2680 1786 2695 ·

277 2742 429 2800 Λαδν
460 2745 577 2798 ἴσον
607 2745 911 2817 ψαμάθοισι
942 2747 1236 2819 διηκοσίων
1257 2751 1368 2806 τινὶ
1398 2752 1584 2824 μέτρῳ

282 2838 478 2909 ’Λρτοι
511 2838 804 2910 δηναρίων,
833 2841 935 2896 οὐκ
973 2843 1155 2914 άρκιοί
1178 2846 1286 2899 είσι
1311 2846 1594 2917 κορέσσαι,

282 2929 472 2999 Ὄφρα
494 2947 554 2983 κε
581 2930 736 3001 βαιὸν
756 2931 986 2996 ἕκαστος
1009 2933 1110 3006 ἔχῃ
1137 2936 1324 3008 μέρος.
1350 2937 1384 2992 8
1401 2931 1498 3000 Εἷς
1520 2939 1577 2991 δέ
1599 2955 1683 3003 τις
1699 2937 1872 2994 αὐτῶο,

292 3021 594 3092 Ἀγχιθέων
624 3024 838 3096 ἑτάρων
867 3025 1165 3096 εὐάγγελον
1197 3029 1318 3099 ἴαχε
1351 3029 1558 3101 φωνὴν,

290 3114 594 3187 Ἀνδρείας,
622 3117 854 3186 Βασιλῆῖ
885 3119 1026 3189 χέων
1056 3120 1408 3191 φερέδειπνον
1441 3123 1596 3193 ίωὴν,

275 3207 392 3276 60
427 3208 768 3280 Ὑγροπόρου
793 3210 1037 3282 Σίμωνος
1072 3213 1330 3283 ἀδελφεὸς
1360 3214 1677 3287 ίχθυϐολῆος
1697 3235 1711 3249 ·

277 3298 315 3352 9
345 3299 502 3352 Ἔστι
528 3317 613 3364 τις
638 3301 826 3355 ἐνθάδε
857 3304 1053 3374 κοῦρος
1097 3305 1236 3374 ἔχων
1259 3306 1562 3377 κριθώδεας
1592 3310 1792 3381 ἄρτους

278 3390 477 3456 Πέντε,
506 3393 602 3445 καὶ
627 3393 929 3465 ἀγχιπόρου
957 3395 1285 3467 διδυμάονας
1318 3398 1509 3468 ἰχθύας
1540 3400 1743 3472 ἅλμης,

294 3481 508 3552 Ἰχθύας
533 3484 831 3548 ὀπταλέους
855 3486 1205 3557 διδυμάονας·
1230 3489 1369 3542 ἀλλά
1397 3489 1449 3542 τί
1464 3475 1632 3563 ’ῥέξει

279 3573 474 3629 Ταῦτα
502 3576 878 3649 πολυγλώσσῳ
910 3581 1296 3653 μεμερισμένα
1324 3582 1519 3654 σύζυγι
1547 3585 1660 3657 λαῷ
1687 3602 1700 3652 ;

280 3663 353 3718 10
392 3665 598 3735 Ἰησοῦς
620 3667 664 3719 δ’
695 3669 983 3725 ἐκέλευσεν
1011 3672 1440 3743 ὲτοιμοτάτοισιν
1469 3676 1732 3747 ἑταίροις,

279 3756 519 3810 Κλίνατε
551 3757 895 3828 δαιτυμόνων
935 3762 1172 3831 μιγάδας
1197 3763 1388 3834 στίχας
1424 3764 1586 3835 ὑψόθι
1620 3767 1810 3838 γαίης.

279 3844 394 3902 Ἦν
423 3849 480 3902 δέ
508 3867 591 3914 τις
625 3851 814 3904 αὐτόθι
843 3852 1037 3924 χόρτος
1066 3854 1355 3927 ἀπείριτος
1373 3873 1386 3887 ⁸
1423 3857 1749 3928 ἀμφιλαφὴς
1777 3858 1834 3911 δὲ

279 3943 357 3996 Σύ
367 3943 611 4012 μπλοκος
645 3945 812 4016 ἐσμὸς
835 3945 932 4018 ἔην
963 3948 1290 4021 ὁμοδόρπιος
1314 3950 1474 4020 ὑψόθι
1502 3951 1690 4020 γαίης.

279 4032 456 4086 Πέντε
488 4033 544 4087 δὲ
571 4035 808 4104 χιλιάδες
841 4037 1150 4102 πολυειδέες
1175 4035 1316 4110 ἦσαν
1345 4040 1570 4113 ἀριθμῷ

283 4126 640 4197 Δαιτυμόνων
658 4170 674 4195 ,
701 4131 796 4182 καὶ
825 4130 1058 4195 ἕκαστος
1086 4132 1326 4203 ὲρείδετο
1355 4133 1559 4201 γείτονι
1593 4133 1778 4206 τοίχῳ,

281 4216 614 4289 Κεκλιμένοι
642 4223 924 4292 στοιχηδὸν
956 4225 1046 4276 ἐπ’
1070 4224 1394 4279 εὐπετάλοιο
1427 4227 1710 4298 τραπέζης

281 4312 632 4385 Μηκεδανῆς.
662 4314 722 4370 11
748 4316 858 4368 Καὶ
882 4316 1047 4371 πέντε
1073 4317 1258 4374 λαϐὼν
1284 4317 1590 4392 κριθώδεας
1617 4320 1816 4392 ἄρτους

1991 2037 2106 2077 sam
2125 2031 2306 2077 autem
2328 2023 2524 2078 silvam
2543 2022 2743 2079 Oculos
2766 2026 3012 2091 sustulit,
3035 2035 3090 2080 et
3113 2024 3388 2079 infinitum
3413 2025 3582 2080 alium

1991 2122 2114 2184 post
2143 2114 2310 2167 alium
2343 2112 2497 2168 Vidit
2523 2115 2764 2168 vicinum
2797 2116 3062 2170 advenam
3109 2115 3371 2184 populum
3402 2115 3583 2169 viato-

1992 2221 2127 2261 rem.
2170 2205 2463 2261 Sedentem
2495 2214 2677 2260 autem
2702 2205 3018 2276 Philippum
3049 2222 3151 2262 suo
3178 2206 3438 2260 demulsit
3467 2220 3586 2261 ser-

1991 2311 2178 2351 mone:
2217 2295 2336 2363 Dic,
2369 2296 2514 2351 unde
2539 2311 2786 2352 ememus
2818 2297 3116 2350 multorum
3151 2296 3421 2351 seminum
3447 2296 3585 2351 fluo-

1989 2403 2105 2443 rem
2156 2403 2358 2458 panum
2412 2385 2561 2442 Viris
2605 2387 2720 2441 tot?
2764 2387 2798 2441 6
2834 2387 3001 2441 Suam
3047 2393 3231 2442 autem
3284 2387 3584 2441 occultavit

1991 2479 2340 2545 sententiam,
2369 2479 2434 2533 Et
2457 2486 2693 2534 mentem
2725 2478 3030 2548 ignorantis
3058 2481 3290 2533 tentavit
3317 2478 3580 2550 Philippi;

1989 2568 2110 2638 Ipse
2155 2569 2301 2624 enim
2351 2571 2557 2625 sciebat
2606 2567 2739 2639 quid
2778 2575 2925 2624 esset
2970 2568 3244 2622 facturus.
3292 2567 3323 2620 7
3369 2569 3583 2622 Anxius

1988 2679 2120 2717 vero
2145 2660 2434 2732 Philippus
2459 2662 2724 2719 miscebat
2758 2659 3114 2715 admirationi
3142 2675 3369 2714 vocem:
3401 2661 3584 2730 Popu-

1989 2756 2103 2810 lum
2131 2756 2396 2826 aequalem
2431 2756 2615 2811 arenis
2647 2754 3011 2810 ducentorum
3042 2752 3281 2823 quadam
3322 2764 3585 2808 mensura

1987 2847 2166 2904 Panes
2196 2847 2550 2902 denariorum
2595 2863 2706 2902 non
2746 2846 3078 2902 sufﬁcientes
3120 2857 3252 2903 sunt
3299 2855 3581 2910 saturare,

1990 2938 2063 2995 Ut
2091 2941 2346 3010 exiguam
2379 2938 2608 3009 quilibet
2638 2939 2837 2993 haheat
2868 2948 3100 3008 partem.
3137 2939 3170 2993 8
3211 2935 3366 2993 Unus
3398 2947 3587 2992 autem.

1989 3033 2235 3102 ipsorum
2266 3031 2585 3085 Divinorum
2617 3031 2897 3086 sociorum
2936 3031 3042 3084 laeti
3065 3029 3244 3083 nuntii
3269 3028 3456 3083 sonuit
3483 3041 3583 3079 vo-

1988 3140 2130 3189 cem,
2163 3123 2432 3186 Andreas,
2469 3121 2602 3192 Regi
2659 3120 2897 3177 fundens
2954 3104 3170 3191 prandii
3203 3121 3448 3173 altricem
3480 3134 3582 3173 vo.-

1987 3231 2128 3279 cem,
2155 3216 2260 3286 61
2298 3215 2357 3268 ln
2385 3214 2544 3284 aquis
2575 3213 2850 3268 versantis
2873 3210 3118 3266 Simonis
3143 3211 3309 3265 frater
3341 3210 3585 3279 piscato-

1909 3284 1951 3341 ο
1986 3307 2100 3363 ris:
2125 3308 2158 3363 9
2175 3284 2288 3362 VEst
2309 3307 2529 3376 quidam
2554 3305 2642 3360 hic
2664 3320 2798 3376 puer
2820 3304 3027 3359 habens
3051 3303 3391 3358 hordeaceos
3414 3317 3585 3371 panes

1988 3400 2266 3469 Quinque,
2297 3410 2350 3454 et
2380 3398 2551 3453 vicini
2576 3397 2717 3452 duos
2749 3396 2930 3466 pisces
2969 3395 3160 3461 maris,
3196 3393 3383 3449 Pisces
3423 3407 3584 3448 assos

1989 3494 2272 3563 duplices;
2313 3492 2411 3548 sed
2451 3492 2584 3562 quid
2635 3490 2841 3545 facient
2885 3487 3011 3543 llaec
3053 3487 3378 3556 mnltiloquo
3407 3485 3586 3541 divisa

1991 3587 2289 3657 coniuncto
2315 3584 2556 3655 populo?
2589 3584 2656 3638 10
2683 3583 2846 3638 Jesus
2877 3590 3058 3635 autem
3089 3579 3258 3649 jussit
3283 3577 3586 3648 promptis-

1994 3693 2155 3750 simis
2184 3689 2649 3752 sociis,lnclinate
2691 3687 3108 3745 convivantium
3143 3685 3340 3740 mistos
3367 3684 3591 3739 ordines

1992 3812 2160 3869 super
2202 3804 2430 3850 terram.
2487 3793 2617 3848 Erat
2664 3799 2848 3846 autem
2891 3792 2966 3846 ibi
3012 3804 3237 3861 gramen
3280 3787 3588 3852 infinitum;

1985 3903 2248 3970 copiosus
2296 3913 2428 3955 vero
2473 3897 2851 3966 Complicatus
2897 3902 3079 3949 coetus
3134 3899 3256 3947 erat
3306 3893 3592 3947 convictor

1987 4017 2156 4072 super
2189 4008 2419 4056 terram.
2467 3999 2723 4068 Quinque
2762 4006 2946 4052 autem
2976 3996 3147 4050 millia
3179 3994 3345 4048 variae
3382 3993 3590 4063 speciei

1984 4114 2144 4160 erant
2171 4082 2401 4159 numero
2421 4103 2731 4158 Convivam
2756 4117 2868 4168 um,
2903 4109 2958 4156 et
2987 4099 3218 4170 quilibet
3244 4097 3588 4152 innitebatur

1985 4213 2238 4284 proximo
2272 4210 2495 4283 parieti,
2549 4207 2960 4263 Recumbentes
3001 4204 3196 4260 ordine
3236 4216 3405 4272 super
3439 4200 3588 4255 vire-

1988 4324 2235 4374 sccntem
2271 4329 2523 4372 mensam
2573 4313 2840 4384 Longam.
2894 4311 2956 4367 11
2998 4309 3064 4364 Ει
3091 4306 3336 4380 quinque
3363 4317 3588 4360 sumens

1500 4472 1788 4531 TEXTUS
1826 4472 2364 4530 EVANGELISTZE.

362 4587 435 4642 47
469 4588 532 4642 Εἰ
577 4588 633 4642 δὲ
681 4605 796 4654 τοις
846 4589 1058 4643 ἐκείνου
1090 4591 1416 4663 γράμμασιν
1463 4591 1524 4645 οὐ
1560 4590 1886 4660 πιστεύετε,
1925 4595 1966 4648 D
2065 4590 2098 4642 7
2158 4589 2461 4660 Ἀπεκρίθη
2513 4590 2578 4645 αὐ
2595 4589 2662 4662 τῷ
2710 4588 3010 4650 Φίλιππος’
3074 4582 3376 4637 Διακοσίων
3426 4581 3593 4651 δηνα-

288 4670 414 4736 πῶς
443 4675 555 4736 τοῖς
589 4673 744 4744 ἐμοῖς
782 4675 993 4746 ῥήμασι
1025 4676 1351 4729 πιστεύσετε
1377 4693 1392 4743 ;

943 4759 1102 4814 xm».
1147 4761 1236 4825 ς’.
1347 4828 1350 4833 ς

361 4839 393 4893 1
435 4839 592 4894 Μετά
616 4840 792 4894 ταῦτα
827 4841 1074 4912 ἀπῆλθεν
1099 4845 1128 4895 6
1166 4840 1377 4912 Ἰησοῦς
1426 4840 1603 4913 πέραν
1649 4843 1749 4914 τῆς
1791 4843 1893 4898 θα-

279 4923 497 4994 λάσσης
526 4925 626 4994 τῆς
657 4925 952 4989 Γαλιλαίας
983 4926 1081 4996 τῆς
1109 4924 1451 4997 Τιϐεριάδος.

361 5008 398 5061 2
439 5009 551 5060 Καὶ
596 5008 884 5078 ἠκολούθει
927 5009 1079 5080 αὐτῷ
1131 5007 1288 5079 ὄχλος
1332 5008 1532 5073 πολὺς,
1568 5009 1651 5062 ὅτι
1703 5009 1893 5081 ἐώρων

291 5091 459 5147 αὐτοῦ
494 5092 564 5146 τά
607 5096 812 5164 σημεῖα
836 5094 872 5148 ἃ
893 5095 1068 5148 ἐποίει
1091 5095 1185 5147 ἐπὶ
1214 5094 1325 5147 τῶν
1363 5093 1758 5148 ἀσθενούντων.

370 5176 404 5229 3
445 5176 675 5246 Ἀνῆλθε
711 5179 809 5231 καὶ¹
858 5180 940 5242 εἰς
987 5179 1048 5231 τὸ
1095 5178 1221 5250 ὅρος
1276 5181 1304 5232 6
1334 5177 1583 5249 Ἰησοῦς,
1625 5179 1723 5231 καὶ
1779 5179 1899 5232 ἐκεῖ

287 5258 530 5329 ἐκάθητο
563 5260 703 5330 μετά
737 5262 845 5315 τῶν
880 5262 1142 5332 μαθητῶν
1172 5261 1393 5332 αὐτοῦρ

355 5342 395 5396 4
425 5339 536 5396 τΗν
560 5345 617 5397 δὲ
643 5347 812 5413 ἐγγὺς
848 5345 908 5399 τὸ
933 5347 1142 5416 πάσχα,
1173 5347 1205 5416 ἡ
1229 5345 1392 5416 ἑορτὴ
1417 5344 1526 5399 τῶν
1563 5346 1852 5401 Ἰουδαίων.

363 5427 400 5481 5
444 5429 690 5500 Ἐπάρας
741 5425 834 5483 οὖν
887 5432 916 5482 6
968 5430 1174 5500 Ἰησοῦς
1225 5433 1353 5492 τοὺς
1396 5428 1753 5500 ὀφθαλμοὺς.
1799 5430 1896 5483 καὶ

288 5511 633 5583 θεασάμενος
674 5513 758 5566 ὅτι
821 5513 990 5576 πολὺς
1037 5513 1196 5583 ὄχλος
1243 5512 1465 5584 ἔρχεται
1511 5513 1650 5582 πρὸς
1692 5513 1886 5580 αὐτὸν,

287 5592 447 5664 λέγει
478 5593 618 5666 πρὸς
642 5595 735 5648 τὸν
762 5596 1034 5650 Φίλιππον
1053 5613 1066 5628 ·
1102 5596 1274 5650 Πόθεν
1303 5597 1650 5669 ἀγοράσομεν
1671 5597 1891 5669 ἄρτους,

289 5676 385 5731 ἵνα
415 5678 666 5749 φάγωσιν
699 5672 844 5734 οὗτοι
866 5697 880 5746 ;

369 5767 402 5819 6
438 5761 653 5833 (Τοῦτο
699 5763 756 5816 δὲ
807 5763 964 5832 ἔλεγε
1015 5764 1533 5840 πειράζων-αὐτόν·
1576 5765 1737 5830 αὐτὸς
1784 5765 1890 5836 γὰρ

306 5839 427 5913 ᾔδει
450 5845 504 5900 τί
539 5847 731 5919 ἔμελλε
759 5850 993 5918 ποιεῖν.)

2000 4674 2134 4746 ρίων
2166 4673 2325 4744 ἄρτοι
2357 4675 2459 4727 οὐκ
2501 4673 2764 4746 ἀρκοῦσιν
2802 4672 3008 4737 αὐτοῖς,
3037 4668 3125 4723 ἵνα
3154 4667 3385 4733 ἕκαστος
3413 4663 3591 4720 αὐτῶν

1998 4755 2176 4828 βραχύ
2214 4774 2266 4810 τι
2295 4755 2459 4830 λάϐῃ.

2069 4841 2102 4895 8
2141 4841 2308 4910 Λέγει
2329 4840 2480 4911 αὐτῷ
2507 4838 2589 4904 εἷς
2619 4841 2684 4893 ἐκ
2707 4839 2817 4893 τῶν
2843 4835 3100 4909 μαθητῶν
3123 4831 3311 4899 αὐτοῦ,
3340 4831 3595 4902 Ἀνδρέας

1995 4926 2024 4979 6
2056 4924 2288 4993 ἁδελφὸς
2318 4924 2565 4992 Σίμωνος
2598 4922 2843 4991 Πέτρου⁹

2067 5010 2101 5064 9
2138 5009 2296 5060 Ἔστι
2327 5007 2616 5075 παιδάριον
2646 5003 2704 5058 ἓν
2730 4997 2834 5056 ὧδε
2861 5000 2888 5052 6
2910 4999 3023 5069 ἔχει
3047 4998 3212 5050 πέντε
3243 4996 3446 5066 ἄρτους
3475 5012 3596 5067 κρι-

1999 5091 2180 5156 θίνους
2207 5091 2302 5145 καὶ
2341 5090 2436 5144 δύο
2465 5088 2669 5160 ὀψάρια
2689 5104 2701 5117 °
2738 5084 2875 5140 ἀλλά
2904 5081 3082 5135 ταῦτα
3111 5081 3164 5135 τί
3207 5083 3360 5134 ἐστιν
3393 5081 3474 5143 είς
3501 5096 3595 5134 τος

1999 5191 2224 5238 σουτους
2245 5191 2261 5238 ;

2071 5260 2139 5312 10
2177 5255 2314 5310 Εἷπε
2341 5256 2398 5310 δὲ
2432 5257 2459 5310 6
2511 5253 2753 5325 Ἰησοῦς
2802 5251 3076 5323 Ποιήσατε
3110 5249 3238 5312 τοὺς
3273 5244 3595 5317 ἀνθρώπους

1997 5344 2318 5397 ἀναπεσεῖν.
2339 5337 2450 5393 τΗν
2493 5338 2551 5392 δὲ
2585 5339 2778 5410 χόρτος
2820 5335 2988 5399 πολὺς
3022 5335 3080 5388 ὲν
3121 5333 3200 5403 τῷ
3245 5333 3418 5402 τόπῳ.
3477 5329 3598 5385 Ἀν-

2000 5427 2198 5480 έπεσον
2238 5421 2332 5480 οὖν
2379 5425 2426 5478 οἱ
2458 5423 2649 5495 ἄνδρες
2680 5422 2774 5475 τὸν
2811 5418 3046 5492 ἀριθμὸν
3072 5417 3205 5472 ὡσεὶ
3244 5410 3597 5479 πεντακισχι-

1996 5510 2122 5566 λιοι.

2073 5595 2132 5649 11
2174 5593 2375 5648 Ἕλαὸε
2406 5592 2462 5646 δὲ
2503 5592 2632 5657 τοὺς
2665 5589 2866 5662 ἄρτους
2892 5589 2921 5642 6
2967 5584 3195 5657 Ἰησοῦς,
3246 5584 3341 5637 καὶ
3373 5581 3599 5654 εὐχαρισ-

2001 5678 2463 5750 στήσας,διέδωκε
2498 5679 2610 5739 τοῖς
2666 5673 2938 5747 μαθηταῖς
2958 5711 2974 5736 ,
3009 5672 3085 5756 oi”
3101 5670 3156 5723 δὲ
3188 5666 3444 5756 μαθηταὶ
3475 5669 3588 5756 τοῖς

2001 5761 2422 5834 ἀνακειμένοιςν
2477 5761 2679 5834 ὁμοίως
2737 5758 2832 5813 καὶ
2889 5759 2953 5810 ὲκ
3019 5754 3126 5808 τῶν
3177 5751 3422 5824 ὀψαρίων
3475 5751 3596 5796 ὅσον

2003 5847 2068 5918 ἤθ
2077 5847 2211 5902 ελον.
