3982 6400
216 404 327 462 797

215 516 335 614 *ῌν
361 521 485 578 τότε
502 542 515 554 ·
552 527 649 582 καὶ
679 526 840 586 πέλεν
863 531 1054 603 ὅρμος,
1081 533 1203 589 ἐπεὶ
1229 537 1453 594 θεοδινέῖ
1477 541 1679 614 παλμῷ

215 612 331 668 Οἷα
361 616 479 683 νόος
506 620 780 691 πτερόεις,
805 624 1021 695 ἀνέμων
1045 626 1190 698 δίχα,
1221 630 1410 701 νόσφιν
1438 612 1709 706 ἐρετμών,

215 706 564 779 Τηλεπόροις
588 709 899 783 λιμένεσσιν
920 716 1137 786 ὀμίλεεν
1162 721 1444 795 αὐτομάτη
1480 725 1633 796 νηῦς.

211 799 294 894 22
341 800 480 854 Ἀλλ’
513 802 602 894 ὅτε
627 804 924 879 πορφύρων
956 809 1282 882 Τιϐερήτιδα
1312 815 1532 882 γείτονα
1558 820 1767 894 πέτρην

228 891 582 984 Ἀκροφανὴς
609 895 844 968 ἐχάραξε
887 900 1169 963 λιπόσκιον
1197 905 1395 979 ὄρθρος
1421 891 1674 984 ὀμίχλην,

219 983 367 1046 Aab;
394 984 749 1056 ἐῦκροκάλοιο
779 989 957 1061 πέρην
988 992 1291 1069 ἀντώπιδος
1317 996 1502 1071 ἅλμης

226 1074 549 1167 ξξστάμενος
581 1079 900 1167 σκοπίαζεν,
925 1083 1011 1137 ὅτι
1032 1084 1208 1159 ζαθέῃ
1241 1090 1393 1161 παρά
1422 1090 1589 1167 λίμνῃ

226 1165 524 1239 Ἰκμαλέης
557 1170 659 1225 οὐκ
682 1166 823 1244 ἦσαν
860 1175 1236 1250 ίμασσομένης
1270 1182 1441 1247 πέλας
1466 1165 1643 1252 ἀκτῆς

218 1257 510 1328 Στοιχάδες
538 1260 833 1337 ἀλλήλῃσιν
858 1266 1129 1338 όμόζυγες
1152 1271 1378 1339 ὁλκάδες
1399 1276 1578 1345 ἄλλαι,

222 1346 289 1399 Εἰ
316 1346 392 1418 μὴ
421 1347 556 1420 νηῦς
582 1350 682 1422 μία
707 1351 905 1425 μοῦνον
933 1356 1264 1430 ἀνέμπλοος,
1293 1364 1408 1419 ὅττι
1436 1369 1532 1421 καὶ
1559 1370 1722 1435 αὑτὸς

219 1436 298 1490 Οὑ
324 1438 444 1492 τότε
472 1441 827 1512 ποντοπόροιο
856 1446 987 1518 μιῆς
1014 1449 1110 1503 ἐπὶ
1142 1452 1269 1523 νηὸς
1307 1455 1518 1527 Ἰησοῦς

222 1527 341 1625 94
381 1529 956 1625 ἰ’ξγχιθέοιςέτάροισι
981 1540 1293 1609 συνέπλεεν,
1322 1547 1440 1601 ἀλλ’
1468 1551 1549 1606 ὅτι
1584 1552 1771 1625 μοῦνοι

224 1619 395 1673 Γαῖαν
423 1621 483 1684 ἐς
508 1622 889 1680 άντικέλευθον
909 1628 1283 1687 ἐναυτίλλοντο
1312 1636 1567 1710 μαθηταί,

219 1710 291 1764 25
318 1711 519 1777 ’Δλλας
545 1713 679 1786 νῆας
701 1715 935 1782 ἑλόντες,
966 1720 1077 1792 ὅπη
1107 1723 1460 1796 Τιϐερήτιδες
1489 1730 1672 1798 ἀκταὶ,

221 1800 424 1856 Πόντον
451 1805 836 1874 ἐπεσσεύοντο,
862 1810 960 1864 καὶ
986 1811 1183 1881 ἤλυθον
1205 1817 1400 1885 ἐγγύθι
1430 1819 1632 1893 χώρου,

218 1894 363 1958 Aab;
387 1896 496 1967 ὅπη
524 1898 791 1970 νήριθμος
816 1901 903 1955 ἐπ’
930 1903 1212 1976 εύχόρτοιο
1234 1910 1520 1983 τραπέζης

216 1984 489 2078 θέσκελον
512 1988 702 2060 ἢσθιεν
723 1992 909 2064 ἄρτον,
933 1994 993 2048 ὃν
1020 1996 1252 2054 ἔκλασεν
1277 2001 1555 2075 ἀμϐροσίη
1581 2005 1707 2078 χεὶρ

216 2076 480 2147 Χριστοῦ,
512 2082 883 2151 παμμεδέοντι
907 2084 1071 2156 χάριν
1094 2088 1357 2162 Γενετῆρι
1376 2092 1630 2165 διδόντος.

213 2168 289 2222 24
318 2170 433 2223 Καὶ
460 2172 535 2242 μὴ
560 2172 795 2244 Χριστὸν
826 2174 1038 2229 ἄνακτα
1072 2177 1385 2250 φερέσϐιον,
1408 2182 1532 2236 οὐδὲ
1562 2184 1811 2256 μαθητὰς

227 2259 599 2332 Ἑσπομὲνους
626 2264 879 2335 εὑρόντες
907 2266 1216 2338 ἀμοιϐαίων
1248 2271 1341 2324 ἐπὶ
1365 2272 1533 2344 νηῶν,

215 2351 445 2406 Πόντιον
468 2355 865 2426 ἀφροκόμοισιν
892 2357 1036 2431 ὕδωρ
1060 2359 1344 2417 λεύκαινον
1372 2364 1649 2437 ἐρετμοῖς,

219 2442 393 2495 "Aa-ru
422 2444 804 2518 Καφαρναοὺμ
833 2449 1245 2522 μετανεύμενοι.
1276 2452 1348 2507 25
1380 2454 1683 2526 Ἀγχιφανῆ
1713 2456 1769 2510 δὲ

228 2534 555 2607 Ἀπιπὲρην
588 2538 842 2608 εὑρόντες
879 2541 1161 2615 ἁσιγήτοιο
1187 2543 1466 2615 θαλάσσης

214 2628 474 2698 Χριστὸν,
506 2628 912 2696 ἐκυκλώσαντο,
943 2635 1039 2689 καὶ⁵
1063 2634 1285 2689 ἔννεπον
1304 2636 1423 2707 ήδέῐ
1457 2637 1641 2708 μύθῳ·

222 2720 448 2775 Ῥαϐϐὶν
473 2720 628 2790 ἄναξ,
651 2724 782 2778 πότε
805 2725 963 2797 δεῦρο
982 2727 1316 2801 παρέπλεες;
1339 2729 1410 2783 26
1426 2730 1734 2804 Ἀρπαλέης
1750 2730 1810 2786 δέ

214 2813 518 2886 Είλαπίνης
557 2816 852 2888 μνηστῆρα
885 2820 1159 2891 μετήλυδα
1182 2820 1310 2876 λαὸν
1334 2822 1576 2894 ἐλέγχων

220 2905 437 2978 Ἰησοῦς
453 2908 707 2979 ἀγόρευε,
737 2911 1089 2983 μινυνθαδίης
1118 2914 1227 2968 ἀπὸ
1246 2914 1456 2986 φορϐῆς

214 3001 315 3065 Εἰς
342 3001 534 3073 θαλίην
558 3002 817 3077 ζείδωρον
839 3006 1116 3078 ἀλήμονας
1141 3008 1344 3080 ἀνέρας
1371 3008 1545 3064 ἕλκων
1568 3023 1583 3040 ·

213 3090 348 3148 Οἶδα
373 3095 427 3147 τί
459 3096 825 3167 μαστεύοντες
852 3098 1085 3155 ίκάνετε.
1109 3100 1433 3155 Νουσαλέων
1461 3100 1570 3172 γάρ

214 3183 293 3237 Ού
323 3182 414 3237 διὰ
437 3183 692 3256 θαύματα
724 3189 881 3243 κεῖνα
912 3188 1093 3261 τάπερ
1126 3190 1303 3260 κάμον
1334 3189 1494 3260 ηθάδι
1525 3189 1703 3262 μύθῳ,

223 3271 479 3326 ὐππόσα
512 3273 821 3346 θηήσασθεο
849 3278 1013 3342 πόθος
1034 3277 1093 3331 δέ
1116 3296 1201 3342 τις
1226 3279 1399 3350 ὑμέας
1428 3277 1577 3343 ἕλκει

216 3362 439 3435 ’Ᾱρτων
470 3363 774 3420 θεσπεσίων
797 3367 1215 3440 παλινάγρετος,
1241 3369 1359 3423 ὅττι
1384 3370 1649 3438 φαγόντες

214 3455 519 3527 Είλαπίνην
544 3457 702 3529 νήριθ
711 3474 810 3529 μον
836 3460 974 3531 ἐμῆς
998 3459 1301 3532 κεκόρησθε
1328 3460 1631 3532 τραπέζης.

219 3549 293 3602 27
333 3548 499 3603 Ἀλλά
526 3549 992 3605 πολυπλανέεσσιν
1017 3552 1216 3606 ἐάσατε
1249 3551 1549 3625 σύνδρομον
1577 3551 1778 3625 αὔραις

216 3642 391 3693 Δαίτα
417 3641 556 3712 ταχὺ
593 3640 885 3713 φθιμένην,
911 3645 1007 3697 καὶ
1025 3644 1304 3699 ἀνύσσατε
1335 3644 1534 3716 μᾶλλον
1558 3643 1777 3715 ἐκείνην

216 3728 517 3800 Εἱλαπίνην
553 3730 857 3802 μίμνουσαν
883 3730 1136 3796 ἀειζώοιο
1163 3734 1464 3805 τραπέζης,

223 3822 329 3875 Ἦν
364 3821 524 3892 μόνος
557 3822 868 3897 ἀνθρώποιο
898 3824 1186 3895 φερέσϐιος
1214 3824 1340 3889 Υἱὸς
1363 3827 1614 3893 ὀπάσσει,

217 3912 423 3967 Τοῦτον
453 3914 535 3968 ὅτι
564 3915 869 3990 σφτήγισσε
905 3915 1097 3989 Πατὴρ
1123 3917 1277 3979 Θεός.
1307 3916 1379 3971 28
1398 3917 1695 3989 Είρὸμενος
1719 3918 1779 3973 δι

216 4004 365 4069 Aab;
398 4004 667 4059 Ἰουδαίων
696 4005 1028 4075 φιλοπευθέα
1061 4007 1265 4080 ῥήξατο
1298 4009 1515 4080 φωνήν·

220 4097 381 4161 Είπέ,
414 4097 467 4150 τί
492 4114 586 4152 κεν
613 4098 880 4169 ρέξωμεν,
902 4098 1053 4177 όπως
1086 4098 1371 4169 θεοτερπὲί
1395 4097 1584 4169 θεσμῷ

225 4180 405 4260 Ἔργα
432 4187 571 4243 Θεοῦ
600 4189 949 4262 τελέσοιμενς
977 4190 1046 4263 29
1073 4190 1241 4265 ’ᾼναξ
1264 4190 1310 4244 δ’
1336 4189 1594 4261 ἠμείϐετο
1614 4187 1804 4261 μύθῳ⁹

233 4278 432 4353 Ὄρθην
460 4282 644 4336 πίστιν
668 4282 904 4353 ἔχοντες,
932 4284 1081 4347 ὅπως
1102 4282 1328 4354 δέξησθε
1361 4282 1599 4351 φανέντα

221 4370 452 4426 Ὀντινα
477 4375 655 4437 κεῖνος
682 4375 952 4446 ἔπεμπεν.
983 4374 1054 4428 50
1086 4373 1522 4444 Ἐπεφθέγξαντο
1549 4373 1608 4428 δέ
1633 4372 1783 4427 λαοίο

222 4463 391 4518 Ποῖον
416 4464 750 4537 ἐελδομένοις
785 4468 1020 4538 σημήϊον
1056 4465 1206 4537 ἄμμι
1231 4466 1526 4529 τελέσσεις,

1190 418 1679 480 PARAPHRASIS
1717 425 1784 482 IN
1823 425 2165 489 JOANNEM.
2206 464 2276 473 —
2313 431 2467 490 CAP.
2508 433 2592 489 Vl.

3405 442 3517 503 708

1844 552 1890 610 Α
1923 548 2005 604 vis
2032 549 2203 606 maris
2240 548 2371 604 Erat
2412 558 2575 615 tunc;
2614 556 2668 605 et
2710 558 2829 607 erat
2857 560 3066 622 portus,
3104 567 3391 632 postquam
3420 563 3513 620 ili-

1914 641 2049 695 vina
2083 640 2381 712 agitatione
2410 639 2696 711 Tanquam
2743 656 2898 700 mens
2926 646 3089 713 alata,
3132 650 3250 706 sine
3288 657 3468 712 ventis
3489 694 3508 725 ,

1822 782 1848 796 ,
1923 732 2045 788 sine
2073 731 2263 799 remis,
2296 733 2379 787 Ad
2409 732 2769 803 longinquum
2794 745 3007 804 portum
3032 743 3313 809 appulerat
3341 762 3511 817 spon-

1920 831 2081 879 tanea
2107 826 2287 882 navis.
2317 824 2390 879 22
2428 823 2535 880 Sed
2557 826 2775 895 quando
2794 826 3141 887 rubefaciens
3163 831 3508 894 Tiberiadem

1912 916 2157 971 vicinam
2189 924 2401 988 petram
2435 916 2493 971 in
2530 932 2745 972 summo
2774 933 3043 989 apparens
3093 923 3364 995 signasset
3391 945 3513 983 um-

1920 1006 2142 1062 brosam
2185 1021 2385 1061 aurora
2428 1007 2739 1078 caliginem,
2776 1007 3016 1080 Populus
3057 1013 3269 1082 pulchri
3311 1016 3514 1073 littoris

1914 1106 2074 1153 trans
2125 1097 2439 1169 oppositum
2487 1114 2640 1154 mare
2690 1096 2878 1164 Stans,
2930 1101 3322 1174 circumspexit
3364 1109 3512 1178 quod

1921 1204 2142 1244 sacrum
2167 1190 2310 1261 apud
2342 1191 2517 1244 lacum
2550 1187 2847 1246 Humidum
2879 1208 2986 1247 non
3022 1205 3209 1249 essent
3244 1197 3513 1270 agitatum

1916 1295 2089 1351 prope
2110 1281 2266 1337 littus
2287 1280 2565 1338 Ordinatae
2588 1282 2820 1338 invicem
2844 1284 3150 1353 conjuncta:
3174 1302 3339 1343 naves
3365 1290 3514 1356 aliae,

1916 1371 2033 1428 Nisi
2068 1373 2224 1428 navis
2268 1387 2376 1427 una
2431 1371 2548 1428 sola
2592 1387 2703 1427 non
2756 1373 3041 1443 navigans,
3090 1375 3345 1447 quodque
3392 1380 3514 1450 ipse

1916 1463 2036 1519 Non
2071 1474 2202 1520 tunc
2236 1464 2557 1536 pontigrada
2578 1464 2639 1518 in
2656 1476 2794 1520 nave
2813 1462 2976 1520 Jesus
3006 1465 3115 1537 65
3152 1466 3358 1525 Divinis
3381 1484 3507 1524 cum

1914 1556 2085 1612 sociis
2125 1555 2439 1627 navigaret;
2480 1554 2573 1610 sed
2606 1554 2752 1626 quod
2786 1555 2887 1610 soli
2918 1555 3144 1612 Terram
3191 1559 3247 1613 in
3290 1561 3511 1630 opposi-

1915 1651 2025 1699 tam
2056 1646 2406 1716 navigassent
2432 1644 2686 1716 discipuli
2714 1664 2727 1699 :
2755 1646 2826 1701 25
2858 1645 3008 1702 Alias
3036 1663 3202 1705 naves
3239 1652 3509 1721 accipien-

1918 1742 2021 1796 tes,
2057 1732 2150 1787 ubi
2182 1731 2489 1786 Tiberiadis
2518 1730 2710 1803 [sunt]
2736 1733 2949 1795 littora,
2986 1734 3132 1790 Mare
3160 1739 3509 1794 concitarunt

1914 1831 1971 1878 et
2014 1831 2283 1878 venerunt
2321 1838 2489 1893 prope
2520 1816 2699 1877 locum
2724 1860 2738 1885 ,
2777 1821 3018 1893 Populus
3049 1827 3139 1879 ubi
3186 1829 3510 1885 innumerus

1844 1895 1890 1951 Β
1917 1916 2467 1984 supergraminosam
2490 1930 2735 1971 mensam
2760 1915 3014 1972 Divinum
3033 1919 3268 1974 comedit
3291 1936 3508 1990 panem,

1912 2019 2076 2075 quem
2104 2005 2263 2075 fregit
2299 2005 2622 2062 immortalis
2655 2023 2852 2063 manus
2879 2007 3110 2073 Christi,
3146 2012 3392 2069 omnium
3428 2028 3510 2069 re-

1911 2097 2054 2150 ctori
2079 2098 2284 2167 gratias
2320 2095 2470 2151 Patri
2503 2099 2733 2168 agentis.
2764 2097 2837 2152 24
2874 2098 2986 2155 Nec
3021 2099 3299 2157 Christum
3325 2119 3507 2175 regem

1912 2185 2082 2241 vitam
2132 2185 2417 2251 ferentem,
2464 2202 2642 2257 neque
2671 2188 2972 2259 discipulos
3005 2189 3311 2261 Seque‘ntes
3351 2194 3507 2249 inve-

1912 2276 2150 2341 nientes,
2186 2275 2485 2346 reciprocis
2511 2276 2565 2331 in
2600 2279 2833 2334 navibus
2876 2279 3205 2335 Maritimam
3253 2297 3506 2353 spumam

1913 2367 2214 2423 terentibus
2256 2383 2453 2438 aquam
2499 2366 2827 2423 dealbarunt
2869 2370 3060 2436 remis,
3102 2372 3185 2426 Ad
3230 2374 3511 2429 civitatem

1912 2460 2258 2531 Capernaum
2291 2460 2649 2530 appellentes.
2679 2459 2752 2515 25
2789 2459 3163 2532 Propinquum
3200 2472 3383 2519 autem
3416 2467 3508 2519 ln-

1910 2548 2194 2603 venientes
2221 2554 2378 2604 trans
2423 2548 2725 2618 inquietum
2759 2564 2910 2607 mare
2933 2552 3232 2617 Christum,
3268 2552 3514 2607 circum-

1909 2638 2197 2706 dederunt,
2237 2645 2294 2693 et
2320 2639 2579 2694 dixerunt
2616 2640 2772 2694 suavi
2816 2653 3070 2697 sermone
3109 2659 3122 2695 :
3152 2640 3326 2698 Rabbi
3374 2658 3469 2698 rex
3492 2686 3509 2709 ,

1911 2729 2136 2801 quando
2180 2728 2294 2783 huc
2326 2728 2629 2799 navigasti?
2673 2728 2747 2783 26
2786 2727 2984 2800 Rapidi
3028 2738 3211 2786 autem
3259 2730 3512 2789 Convivii

1912 2834 2209 2875 memorem
2232 2818 2499 2875 advenam
2523 2820 2784 2891 populum
2805 2821 3145 2890 redarguens
3166 2821 3328 2879 Iesus
3349 2822 3510 2889 dixit,

1913 2910 2205 2981 temporali
2239 2924 2271 2963 a
2303 2910 2428 2965 cibo
2458 2910 2543 2964 Ad
2582 2911 2897 2967 convivium
2935 2912 3211 2968 vivincum
3257 2922 3509 2971 errantes

1911 3002 2064 3059 viros
2086 3001 2349 3057 trahens:
2378 3000 2506 3057 Seio
2545 3002 2678 3073 quid
2704 3011 3014 3073 querentes
3045 3004 3305 3072 venistis;
3337 3021 3513 3076 aegro-

1804 3084 1813 3091 ’
1916 3102 2099 3153 torum
2127 3095 2272 3150 enim
2300 3093 2419 3149 Non
2444 3103 2668 3165 propter
2696 3096 2960 3151 miracula
2986 3097 3077 3151 illa
3104 3112 3227 3167 quae
3250 3096 3355 3153 feci
3382 3113 3519 3154 con-

1838 3239 1885 3301 ο

1876 3382 2075 3439 -gans,
2121 3366 2269 3437 quod
2315 3368 2664 3424 comedentes
2711 3367 2766 3422 In
2812 3368 3065 3424 convivio
3119 3367 3336 3424 inﬁnito
3386 3384 3511 3424 mea

1914 3195 2074 3243 sueto
2106 3185 2297 3252 verbo,
2345 3185 2478 3251 Quae
2509 3186 2757 3253 vidistis;
2806 3187 3141 3244 desiderium
3188 3196 3373 3245 autem
3409 3191 3511 3245 ali—

1915 3276 2063 3347 quod
2095 3291 2193 3331 vos
2224 3275 2394 3330 trahit
2427 3275 2640 3331 Panum
2687 3277 3000 3334 divinorum
3041 3292 3239 3334 rursus
3280 3292 3513 3350 congre-

1916 3459 2100 3515 satiati
2153 3458 2275 3513 sitis
2308 3473 2341 3511 a
2391 3472 2601 3513 mensa.
2635 3458 2708 3512 27
2757 3457 2865 3514 Sed
2910 3460 3145 3514 multum
3192 3458 3512 3517 errantibus

1915 3548 2244 3605 committite
2272 3549 2533 3604 comitem
2574 3550 2753 3605 ventis
2790 3548 2989 3604 Cibum
3032 3551 3145 3605 cito
3183 3550 3513 3619 corruptibi-

1915 3641 2048 3708 ιω,
2081 3648 2138 3695 et
2161 3638 2406 3711 perﬁcito
2432 3639 2610 3710 magis
2631 3640 2783 3694 illum
2808 3638 3006 3694 Cibum
3030 3648 3342 3695 manentem
3369 3653 3516 3693 sem-

1918 3731 2155 3803 pervivte
2187 3745 2411 3795 mensae,
2446 3729 2620 3795 Quem
2665 3730 2817 3786 solus
2859 3729 3097 3785 hominis
3131 3732 3299 3783 vitam
3334 3728 3515 3785 ferens

1918 3836 2091 3893 Filius
2137 3836 2323 3900 dabit,
2373 3833 2533 3889 llune
2588 3835 2719 3905 quia
2782 3834 3091 3905 obsignavit
3138 3833 3283 3889 Deus
3328 3831 3513 3911 Pater.

1915 3939 1988 3995 28
2041 3938 2390 4008 Interrogans
2437 3947 2617 3992 autem
2672 3937 2908 4007 populus
2959 3935 3271 3992 Judacorum
3323 3936 3516 3992 scisci-

1917 4052 2124 4098 tantem
2177 4041 2324 4111 rupit
2363 4056 2581 4096 vocem:
2620 4039 2719 4095 Dic
2770 4041 2902 4111 quid
2953 4042 3243 4106 iaciemus,
3294 4051 3353 4096 ut
3402 4040 3515 4096 Deo

1915 4152 2069 4219 g’rato
2095 4148 2203 4201 ritu
2236 4140 2427 4218 Opera
2450 4145 2545 4202 Dei
2588 4146 2976 4218 perﬁciamus?
3011 4147 3081 4203 29
3111 4146 3226 4203 Rex
3255 4162 3386 4203 vero
3423 4163 3514 4203 rc-

1919 4253 2142 4323 spondit
2185 4267 2473 4308 sermone:
2500 4251 2725 4307 Rectam
2772 4253 2930 4308 (idem
2976 4254 3258 4320 habentes,
3284 4261 3343 4307 ut
3369 4253 3514 4307 seci-

1921 4357 2089 4428 piatis
2131 4364 2508 4427 apparentem,
2544 4356 2717 4423 Quem
2764 4356 2856 4412 ille
2894 4357 3064 4413 misit.
3108 4357 3180 4412 50
3214 4356 3522 4427 Respondit

1925 4469 2106 4516 autem
2142 4462 2415 4531 populus:
2444 4461 2617 4528 Quale
2671 4462 3024 4533 cupientibus
3085 4463 3304 4535 signum
3353 4460 3522 4518 nobis

1434 4578 1720 4640 TEXTUS
1757 4577 2294 4636 EVANGELISTE.

292 4705 367 4760 22
403 4705 484 4776 Τῇ
527 4702 790 4776 ἐπαύριον
830 4702 860 4755 6
906 4701 1062 4773 ὄχλος
1110 4703 1141 4755 ό
1191 4701 1440 4775 ἑστηκὼς
1487 4702 1667 4775 πέραν
1714 4702 1816 4772 τῆς
1847 4705 1894 4765 ι)
1987 4699 2060 4754 26
2103 4696 2401 4769 Ἀπεκρίθη
2445 4697 2628 4761 αὑτοῖς
2668 4697 2697 4751 ό
2737 4695 2945 4769 Ἰησοῦς
2977 4695 3071 4751 καὶ
3112 4690 3268 4749 εἶπεν
3288 4710 3305 4729 ο
3347 4694 3527 4765 Ἀμὴν

218 4789 524 4860 θαλάσσης,
562 4786 686 4842 ίδὼν
727 4789 811 4842 ὅτι
855 4787 1137 4858 πλοιάριον
1178 4786 1307 4842 ἀλλο
1345 4787 1447 4840 οὐκ
1487 4781 1557 4857 ἦν
1608 4787 1727 4839 ἐκεῖ
1763 4787 1815 4838 εί

222 4874 302 4948 μὴ
329 4873 410 4939 ἓν,
442 4874 618 4926 ἐκεῖνο
644 4872 726 4938 εἰς
752 4870 782 4924 ὃ
814 4869 1082 4942 ἐνέϐησαν
1120 4870 1171 4923 οἱ
1207 4869 1452 4941 μαθηταὶ
1482 4867 1670 4932 αὑτοῦ,
1718 4868 1815 4922 καὶ

218 4952 303 5013 ὅτι
330 4958 394 5010 οὐ
425 4955 740 5028 συνεισῆλθε
770 4958 882 5019 τοῖς
928 4953 1196 5026 μαθηταῖς
1237 4952 1403 5005 αὑτοῦ
1424 4954 1453 5005 6
1490 4950 1697 5022 Ἰησοῦς
1733 4952 1815 5014 εἰς

222 5041 295 5094 16
312 5038 629 5110 πλοιάριον,
675 5037 813 5093 ἀλλά
858 5038 1011 5109 μόνοι
1050 5038 1098 5090 oi
1150 5035 1392 5109 μαθηταὶ
1429 5034 1597 5088 αὑτοῦ
1631 5034 1812 5106 ἀπῆλ-

228 5122 366 5261 0°25
396 5205 565 5259 ’Δλλα
609 5205 667 5259 δέ
696 5200 830 5277 ἦλθε
876 5202 1134 5275 πλοιάρια
1174 5203 1238 5257 ὲκ
1295 5198 1614 5271 Τιϐεριάδος
1657 5199 1822 5269 ἐγγὺς

215 5289 317 5383 τοῦ
352 5292 520 5344 τόπου
557 5290 693 5343 ὅπου
733 5289 939 5360 ἐφαγον
982 5287 1075 5342 τὸν
1113 5287 1298 5358 ἀρτον,
1327 5285 1822 5356 εὐχαριστήσαντος

215 5374 317 5427 τοῦ
348 5374 579 5445 Κυρίουο

290 5455 366 5509 24
400 5456 532 5509 Ὅτε
564 5450 658 5509 οῦν
703 5449 843 5508 εἶδεν
883 5454 914 5507 6
956 5451 1111 5523 δχλος
1157 5452 1242 5506 ὅτι
1276 5449 1483 5523 Ἰησοῦς
1528 5451 1629 5505 οὑκ
1670 5450 1817 5505 ἐστιν

215 5539 360 5604 ἐκεῖ,
391 5538 515 5592 οὑδὲ
544 5539 595 5591 οἱ
632 5537 873 5609 μαθηταὶ
905 5535 1091 5601 αὑτοῦ,
1124 5536 1388 5607 ἐνέϐησαν
1421 5532 1518 5588 καὶ
1550 5534 1704 5587 αὑτοὶ
1738 5534 1818 5597 εἰς

211 5620 295 5676 τὰ
324 5622 508 5689 πλοῖα,
540 5624 637 5679 καὶ
663 5619 826 5696 ἦλθον
851 5624 933 5688 εἰς
970 5622 1366 5692 Καπερναοὺμ,
1404 5617 1692 5692 ζητοῦντες
1725 5617 1817 5674 τὸν

229 5707 505 5846 ngat
534 5791 786 5862 εὑρόντες
811 5792 972 5845 αὑτὸν
1000 5790 1175 5861 πέραν
1198 5790 1295 5861 τῆς
1341 5787 1639 5860 θαλάσσης,
1670 5785 1820 5842 εἷπον

220 5874 407 5940 αὐτῷ·
452 5876 662 5937 Ῥαϐϐὶ,
698 5875 827 5930 πότε
853 5869 952 5931 ὧδε
981 5874 1249 5940 γέγοναςὶ

1921 4781 2071 4853 ἀμὴν
2108 4781 2253 4849 λέγω
2285 4781 2434 4852 ὑμῖν,
2471 4780 2686 4852 ζητεῖτέ
2724 4798 2791 4851 με
2821 4781 2920 4849 οὐχ
2952 4780 3034 4833 ὅτι
3075 4777 3246 4831 εἴδετε
3292 4777 3515 4847 σημεῖα.

1920 4865 2039 4920 ἀλλ’
2072 4864 2154 4919 ὅτι
2187 4864 2421 4934 ἐφάγετε
2452 4866 2516 4917 ἐκ
2540 4863 2647 4917 τῶν
2678 4864 2878 4934 ἀρτων,
2904 4862 3002 4915 καὶ
3027 4858 3414 4931 ἐχορτάσθητε.

1990 4947 2060 5001 27
2107 4946 2435 5018 Ἐργάζεσθε
2472 4945 2547 5018 μὴ
2587 4947 2688 5016 τὴν
2728 4945 2929 5016 βρῶσιν
2975 4943 3071 5013 τὴν
3116 4939 3518 5011 ἀπολλυμένην,

1919 5031 2059 5085 ἀλλά
2082 5030 2184 5103 τὴν
2217 5029 2419 5101 βρῶσιν
2442 5030 2546 5101 τὴν
2579 5029 2847 5100 μένουσαν
2887 5028 2969 5090 εἰς
2998 5025 3143 5095 ζωὴν
3177 5023 3415 5088 αἰώνιον,
3451 5022 3521 5093 ην

1919 5116 1950 5168 6
1985 5115 2114 5178 Υἱὸς
2141 5113 2236 5166 τοῦ
2270 5110 2558 5183 ἀνθρώπου
2595 5113 2724 5183 ὑμῖν
2758 5109 2948 5165 δώσει’
2981 5107 3170 5162 τοῦτον
3197 5107 3306 5179 γὰρ
3343 5106 3372 5158 ό
3404 5105 3521 5159 llo.-

1921 5198 2027 5272 τὴρ
2054 5197 2411 5266 ἐσφράγισεν,
2434 5197 2467 5249 6
2498 5195 2651 5258 Θεός.
3040 5214 3045 5217 ‘

1992 5280 2062 5335 28
2087 5277 2255 5334 Εἶπον
2293 5274 2387 5333 οὖν
2427 5278 2564 5351 πρὸς
2604 5276 2806 5331 αὑτόν·
2845 5276 2912 5329 Τί
2946 5274 3193 5345 ποιῶμεν
3227 5274 3314 5327 ἵνα
3350 5274 3521 5344 ἐργα-

1920 5362 2144 5434 ζώμεθα
2176 5363 2244 5417 τὰ
2268 5362 2408 5433 ἔργα
2437 5362 2534 5416 τοῦ
2571 5358 2708 5415 Θεοῦ
2734 5377 2751 5427 ;

1986 5448 2058 5502 29
2104 5445 2406 5516 Ἀπεκρίθη
2449 5447 2479 5499 6
2518 5443 2726 5515 Ἰησοῦς
2769 5440 2867 5496 καὶ
2914 5437 3066 5494 εἶπεν
3109 5441 3313 5503 αὐτοῖς·
3349 5434 3525 5491 Τοῦτό

1916 5533 2033 5586 ἐστι
2080 5530 2143 5584 τὸ
2195 5530 2352 5601 ἔργον
2381 5527 2478 5583 τοῦ
2522 5527 2681 5596 Θεοῦ,
2723 5528 2811 5581 ἵνα
2859 5524 3184 5595 πιστεύσητε
3216 5525 3294 5587 εὶς
3321 5519 3380 5574 ὃν
3408 5520 3523 5575 ἀπο

1922 5614 2163 5668 ἔστειλεν
2194 5614 2424 5677 ἐκεῖνος.
3248 5608 3253 5611 ’

1996 5700 2066 5754 50
2093 5694 2261 5751 Εἶπον
2293 5693 2386 5751 οὖν
2411 5695 2590 5767 αὐτῷ·
2623 5696 2689 5749 Τί
2726 5690 2821 5749 οὖν
2854 5694 3027 5757 ποιεῖς
3057 5692 3123 5746 σὺ
3153 5692 3403 5762 σημεῖον,
3431 5683 3519 5737 ἵνα

1931 5783 2131 5854 ἴδωμεν
2164 5784 2257 5838 καὶ
2294 5781 2675 5854 πιστεύσωμέν
2702 5794 2809 5836 cat:
