3982 6466
474 428 576 483 799

1791 416 2005 472 NONNI
2047 413 2558 473 PANOPOLITANI
2939 409 2957 421 ’
3690 427 3773 481 κου

475 544 747 617 perﬁcies,
778 543 850 599 Ut
894 538 1205 599 credamus.
1242 536 1489 592 divinum
1521 551 1661 606 opus
1696 537 2073 605 accipientes?

2211 537 2363 605 Οφρα
2404 553 2467 589 κε
2492 535 2872 606 πειθοίμεσθα,
2901 536 3214 589 θεόσσυτον
3248 534 3421 606 ἔργον
3452 536 3690 602 ἐλόντεςς

476 638 587 709 66
626 635 766 702 Quid
817 634 985 688 facies
1028 630 1305 702 prioribus
1342 629 1558 684 simile?
1596 628 1659 681 51
1698 626 1883 683 Nostri
1921 630 2067 683 enim

2211 629 2278 697 ς7
2296 627 2360 680 Τί
2390 628 2620 700 πρήξεις
2642 629 2984 701 προτέροισιν
3006 628 3231 699 ὁμοίϊον
3249 644 3264 693 ;
3285 628 3350 681 51
3385 628 3670 699 Ἠμέτεροι
3687 640 3774 706 γάρ

474 732 616 785 Caeli
638 738 903 783 aeternum
936 726 1119 780 cibum
1151 724 1426 778 desertam
1460 720 1605 790 apud
1635 730 1844 790 petram
1874 719 2069 775 Manna

2211 722 2401 793 ,ἱθὲρος
2426 722 2653 792 ἄφθιτον
2681 716 2834 792 εἶδαρ
2854 720 3141 791 ἐρημάδος
3175 717 3388 787 ἐγγύθι
3424 720 3634 791 πέτρης

480 822 641 876 valde
691 820 1029 875 celebratum
1095 821 1414 884 spectarunt
1469 820 1750 882 parentes,
1823 811 2073 882 Scriptor

2211 814 2370 867 Ιάννα
2402 813 2795 885 πολυκλήῖστον
2824 813 3139 884 ἐθηήσαντο
3174 812 3413 883 τοκῆες,

481 915 632 985 quod
674 913 1035 981 multiloquus
1078 908 1346 961 immenso
1389 904 1666 975 quondam
1700 905 1902 976 populo
1946 904 2073 960 Cm-

487 1010 623 1063 litus
655 1006 887 1078 praebuit
921 1018 1116 1074 panem
1145 1002 1371 1072 copioso
1406 1000 1729 1056 eonvictori.

558 1097 630 1151 52
662 1096 824 1150 Jesus
855 1102 1037 1147 autem
1071 1090 1229 1155 dixit,
1264 1090 1563 1159 superbum
1587 1090 1854 1161 populum
1887 1088 2077 1146 redar-

2175 906 2427 977 Γραπτὸς
2453 906 2591 976 ὅπερ
2629 904 2939 975 πολύμυθος
2971 904 3291 975 ἀμετρήτῳ
3317 903 3455 956 ποτὲ
3487 900 3600 974 λαῷ

2180 998 2256 1050 Οὐ
2265 996 2488 1068 ρανόθεν
2514 997 2683 1068 πόρεν
2713 996 2879 1067 ἄρτον
2903 995 3123 1063 ἀφειδέῖ
3160 993 3529 1064 δαιτυμονῆῖ.

2249 1090 2321 1144 52
2359 1088 2564 1160 Ἰησοῦς
2592 1089 2637 1142 δ’
2668 1088 2907 1159 όάριζεν,
2944 1088 3203 1159 ἀγήνορα
3243 1085 3383 1139 λαὸν
3417 1084 3683 1156 ἐλέγχων

487 1202 697 1261 guens:
736 1184 915 1240 Moses
945 1199 1054 1238 non
1086 1191 1247 1237 antea
1286 1182 1463 1248 vobis,
1489 1181 1764 1238 desertam
1796 1184 1941 1254 apud
1984 1200 2078 1254 pe-

2211 1182 2383 1253 Ιωσῆς
2409 1182 2469 1236 οὐ
2504 1180 2680 1251 πάρος
2711 1180 2909 1251 ὔμμιν,
2942 1179 3204 1252 ἐρημαίῃ
3240 1178 3404 1250 παρὰ
3436 1177 3652 1249 πέτρῃ,-

489 1289 656 1339 tram,
690 1274 984 1330 Coalestem
1024 1288 1221 1343 panem
1257 1272 1485 1343 prmbuit
1520 1271 1841 1328 mellilluum
1886 1273 1955 1328 ad
1986 1288 2080 1329 co-

494 1366 828 1423 medendum
859 1383 872 1419 :
910 1362 1018 1419 Sed
1055 1362 1219 1418 Pater
1257 1379 1412 1419 meus
1444 1373 1581 1426 erat,
1612 1365 1705 1434 qui
1745 1365 1923 1420 adhuc
1950 1381 2082 1435 pra:-

2180 1274 2408 1345 Αίθέρος
2437 1274 2600 1345 ἄρτον
2629 1272 2803 1337 ὄπαζε
2833 1273 3167 1343 μλίρρυτον
3201 1268 3615 1333 είλαπινάζεινο

2194 1365 2357 1420 Ἀλλά
2391 1366 2583 1437 Πατὴρ
2608 1366 2739 1437 ἐμὸς
2770 1362 2891 1437 ἦεν,
2924 1366 2982 1428 ὃς
3012 1363 3194 1417 εἰσέτι
3220 1362 3498 1434 φέρτερον
3533 1362 3655 1431 ὑμῖν

490 1460 814 1513 stantiorem
850 1455 1006 1510 vobis
1045 1454 1281 1509 C(Blitus
1334 1455 1639 1525 sapientem
1686 1454 1855 1509 alium
1893 1472 2081 1511 verum

2211 1458 2492 1531 )ὺρανόθεν
2532 1459 2694 1527 σοφὸν
2719 1458 2878 1513 ἀλλον
2908 1459 3191 1528 ἐτήτυμον
3222 1456 3399 1526 ἄρτον
3426 1454 3665 1508 ὀπάσσει.

492 1567 687 1625 panem
724 1550 1009 1622 praebebit.
1047 1549 1117 1603 55
1158 1546 1259 1602 Hic
1298 1551 1445 1603 enim
1472 1554 1558 1601 est
1597 1548 1756 1617 panis
1796 1548 1891 1617 qui
1929 1549 2084 1603 ereti-

492 1655 584 1701 tus
613 1643 955 1700 descendens
983 1640 1163 1695 Vitam
1186 1640 1446 1696 omnibus
1474 1640 1703 1693 charam
1736 1640 1833 1694 toti
1857 1640 2085 1695 donavit

2186 1552 2257 1607 55
2291 1545 2461 1614 Οὗτος
2498 1550 2608 1620 γὰρ
2634 1550 2795 1603 πέλεν
2823 1550 2985 1621 ἄρτος
3017 1549 3077 1613 ὃς
3110 1546 3425 1619 οὐρανόθεν
3469 1543 3766 1599 καταϐαίνων

2188 1640 2344 1711 Ζωὴν
2372 1642 2506 1693 πᾶσι
2539 1640 2810 1711 μέλουσαν
2853 1640 2959 1710 ὅλῳ
2989 1639 3297 1710 δωρήσατο
3328 1637 3543 1707 κόσμῳ.

495 1736 719 1792 mundo.
770 1735 839 1788 54
885 1732 951 1785 Et
996 1746 1193 1785 rursus
1246 1732 1328 1785 sic
1365 1731 1505 1785 dixit
1543 1730 1858 1785 Judteorum
1907 1738 2086 1787 castus

2211 1733 2257 1786 ἱιι
2284 1733 2395 1786 Καὶ
2422 1733 2583 1786 πάλιν
2613 1728 2702 1787 ὧδ’
2730 1732 2993 1802 ἀγόρευεν
3030 1730 3324 1784 Ἰουδαίων
3368 1728 3531 1799 χορὸς
3560 1726 3761 1797 ἀνδρῶν,

495 1829 741 1882 virorum
786 1842 800 1879 :
844 1823 983 1878 Vita:
1026 1822 1278 1888 Domine,
1304 1822 1464 1876 hunc
1505 1836 1668 1892 quem
1697 1823 1885 1878 dixisti
1915 1825 2090 1878 stabi-

2194 1824 2353 1893 Ζωῆς
2384 1824 2643 1895 Κοίρανε,
2674 1824 2865 1877 τοῦτον
2898 1823 2956 1876 ὃν
2982 1822 3224 1884 έννεπες
3260 1820 3503 1890 ἔμπεδον
3530 1813 3656 1870 εἶναι

498 1919 607 1972 lem
634 1931 759 1972 esse
792 1914 1083 1971 Caelestem
1116 1927 1311 1982 panem
1342 1912 1526 1982 praebe
1553 1928 1745 1967 verum
1772 1913 2082 1968 comedere.

2211 1912 2417 1982 UOépo;
2438 1913 2601 1981 ἄρτον
2635 1912 2877 1966 ὄπασσον
2906 1913 3184 1983 ἐτήτυμον
3212 1907 3607 1973 εἰλαπινάζειν.

500 2008 575 2063 55
614 2006 778 2062 Jesus
828 2012 1009 2060 autem
1041 2005 1259 2073 aperuit
1291 2003 1696 2073 diviniloquum
1740 2018 1825 2069 os,
1864 2003 1930 2057 Et
1963 2020 2090 2074 gra-

503 2101 578 2153 tia
609 2100 876 2169 repletam
914 2096 1183 2153 eructavit
1213 2095 1374 2149 labiis
1407 2109 1636 2149 vocem:
1676 2094 1813 2151 Vita:
1849 2104 2091 2153 aeternus

504 2192 663 2262 panis
700 2204 802 2261 ego
850 2205 995 2255 sum,
1033 2189 1189 2257 nigra
1238 2187 1382 2242 fame
1432 2186 1725 2255 Nunquam
1772 2189 1982 2243 esuriet
2009 2190 2093 2244 vir

504 2280 752 2333 mortalis
780 2278 847 2333 ad
877 2294 964 2333 me
993 2278 1247 2343 veniens,
1284 2275 1351 2330 Et
1379 2277 1562 2332 omnis
1600 2284 1849 2332 nostram
1896 2278 2095 2333 immo-

504 2379 614 2424 tam
653 2369 811 2424 ﬁdem
862 2383 1092 2440 augens,
1141 2366 1431 2437 Nunquam
1467 2368 1641 2433 sitiet,
1687 2369 1864 2425 donec
1913 2371 2095 2426 adhuc

501 2476 735 2517 curvum
779 2476 980 2531 repens
1017 2460 1219 2514 Aivum
1252 2461 1377 2514 lata:
1419 2462 1794 2531 generationis
1824 2462 2095 2517 inﬁnitam

505 2560 708 2609 metam
740 2560 1033 2623 permutat.
1078 2553 1147 2607 '56
1177 2551 1284 2607 Sed
1313 2552 1470 2607 vobis
1502 2552 1614 2606 dixi
1642 2568 1779 2608 mea:
1811 2554 1960 2624 quod
1992 2554 2099 2608 mi-

506 2645 699 2698 racula
726 2645 877 2699 vocis
911 2643 1099 2699 Oculis
1134 2644 1375 2709 vidistis,
1409 2653 1465 2699 et
1495 2661 1604 2700 non
1649 2647 1874 2702 creditis
1918 2648 2097 2701 Patri.

506 2737 578 2792 5⁸7
622 2735 814 2791 Omnis
852 2737 1016 2790 homo
1048 2752 1210 2806 quem
1243 2736 1378 2789 mibi
1411 2737 1563 2793 dedit
1609 2736 1774 2793 Pater
1804 2754 1980 2803 meus,
2028 2739 2097 2794 ad

510 2844 598 2883 me
644 2827 825 2883 ﬂectet
853 2826 1160 2899 Vestigium
1204 2843 1391 2893 suum,
1439 2844 1470 2882 a
1514 2828 1627 2883 Deo
1661 2830 1953 2885 adductus.
1992 2829 2099 2884 Ne-

508 2936 617 2991 que
656 2921 773 2990 ipse
822 2918 981 2975 Viros
1032 2920 1316 2975 venientes
1365 2935 1558 2976 recens
1606 2922 1899 2978 credentes
1952 2922 2099 2977 foras

512 3016 809 3085 expellam,
849 3012 957 3068 Sed
993 3022 1178 3068 mente
1217 3013 1489 3084 gaudente
1515 3014 1838 3082 suscipiam.
1875 3014 1946 3069 58
1978 3016 2100 3071 Non

507 3108 656 3161 enim
695 3104 1028 3161 desiderium
1080 3104 1216 3160 Veni
1261 3106 1483 3161 coalitus
1535 3107 1827 3176 perliciens
1877 3124 2097 3175 meum,

509 3197 606 3253 sed
639 3195 840 3253 Patris.
875 3197 943 3253 59
974 3196 1091 3253 Hoc
1116 3206 1298 3252 autem
1330 3197 1578 3251 omnium
1615 3199 1847 3254 rectoris
1881 3202 1988 3255 mei
2012 3207 2098 3257 est

2191 2004 2263 2058 55
2303 2004 2511 2075 Ἰησοῦς
2536 2006 2579 2058 δ’
2609 2006 2879 2059 ἐπέτασσε
2915 2005 3191 2075 θεηγόρον
3222 2000 3563 2073 ἀνθερεῶνα,

2193 2098 2304 2151 Καὶ
2342 2099 2562 2170 χάριτος
2595 2098 2905 2170 πλήθουσαν
2934 2099 3186 2169 ἀνήρυγε
3209 2095 3424 2167 χείλεσι
3455 2093 3652 2162 φωνήν·

2194 2190 2352 2261 Ζωῆς
2379 2191 2605 2259 ἄφθιτος
2633 2192 2797 2263 ἄρτος
2822 2192 2933 2260 ἐγὼ
2964 2191 3118 2244 πέλω
3137 2207 3151 2220 ·
3187 2189 3384 2243 αἴθοπι
3412 2184 3556 2257 λιμῷ

2196 2282 2409 2336 Οὓποτε
2444 2285 2752 2354 πεινήσειεν
2783 2284 2922 2355 ἀνὴρ
2957 2283 3158 2355 βροτὸς
3191 2283 3277 2345 είς
3310 2281 3413 2351 ἐμὲ
3449 2277 3650 2349 βαίνων»

2196 2376 2306 2428 Ka‘t
2334 2376 2442 2440 πᾶς
2470 2376 2750 2448 ἡμετέρην
2784 2377 3073 2445 ἀστεμφέα
3102 2376 3301 2430 πίστιν
3322 2373 3519 2438 ἀέξων,

2197 2466 2411 2520 Οὕποτε
2436 2466 2738 2537 διψήσειεν,
2769 2467 2874 2530 ἓως
2905 2467 2985 2519 ἔτι
3019 2466 3327 2538 καμπύλος
3357 2467 3542 2537 ἕρπων

2196 2557 2342 2611 Αίὼν
2369 2559 2717 2630 εὐρυγένειος
2743 2560 3022 2631 ἀτέρμονα
3048 2560 3268 2613 νύσσαν
3288 2559 3527 2630 ἀμείϐει.

2199 2650 2267 2706 56
2312 2650 2448 2704 Ἀλλ’
2485 2652 2612 2722 ὑμῖν
2638 2652 2923 2723 ἀγόρευον,
2956 2653 3099 2722 ἐμῆς
3125 2652 3214 2705 ὅτι
3244 2651 3500 2721 θαύματα
3531 2649 3685 2720 φωνῆς

2203 2745 2453 2814 Ὀμμασι
2486 2744 2786 2816 θηήσασθε,
2822 2745 2917 2797 καὶ
2946 2746 3005 2797 οὺ
3037 2744 3309 2798 πείθεσθε
3338 2744 3526 2813 Τοκῆῖ.

2199 2836 2267 2890 57
2282 2838 2399 2900 Πᾶς
2412 2836 2601 2909 βροτὸς
2612 2837 2672 2890 ὃν
2687 2854 2778 2906 μοι
2789 2836 2997 2889 ὄπασσε
3011 2837 3174 2908 Πατὴ
3184 2854 3215 2909 ρ
3229 2837 3386 2908 ἐμὸς,
3402 2838 3480 2899 είς
3492 2836 3582 2906 ἐμὲ
3594 2828 3750 2902 κάμψει

2205 2930 2380 2999 Ἰχνος
2412 2929 2522 2995 ἐὸν,
2548 2927 2734 2981 θεόθεν
2764 2946 2977 2999 πεφορη
2988 2928 3158 2998 μένος
3178 2945 3194 2960 ·
3224 2929 3351 2982 οὐδὲ
3380 2928 3474 2981 καὶ⁹
3500 2925 3642 2987 αὑτδς

2204 3019 2335 3097 ΧἈνέ
2346 3035 2445 3089 ρας
2479 3018 2808 3089 ἐρχομένους
2841 3018 3170 3083 νεοπειθέας
3206 3019 3365 3082 ἐκτὸς
3404 3018 3621 3078 ἐλάσσω,

2216 3112 2376 3167 Ἀλλά
2404 3112 2509 3184 νόῳ
2535 3111 2782 3183 χαίροντι
2803 3111 3110 3181 δεδέξομαι.
3153 3111 3226 3166 58
3258 3111 3336 3164 Οὐ
3366 3109 3473 3180 γάρ
3496 3106 3667 3174 ἐέλδωρ

2212 3206 2446 3260 Ἤλυθον
2484 3203 2779 3276 οὐρανόθεν
2812 3203 3012 3257 τελέων
3036 3202 3201 3274 ἐμὸν,
3235 3202 3375 3256 ἀλλά
3405 3200 3614 3269 Τοκῆος.

510 3289 691 3345 Patris
722 3289 1081 3355 desiderium,
1107 3290 1177 3346 Ut
1202 3305 1394 3343 eorum
1424 3305 1566 3359 quos
1605 3289 1768 3345 Pater
1810 3307 1966 3349 meus
1998 3293 2099 3350 de-

2211 3301 2273 3356 59
2295 3298 2465 3351 Τοῦτο
2483 3297 2541 3350 δὲ
2572 3295 2978 3367 παμμεδέοντος
3002 3294 3145 3366 ἐμοῦ
3176 3294 3311 3348 πέλε
3347 3291 3551 3363 Πατρός
3580 3286 3747 3355 ἐέλδωρ,

511 3382 615 3447 dit,
660 3382 873 3435 nullum
912 3381 1157 3450 perdam,
1206 3381 1315 3435 Sed
1365 3380 1547 3450 ipsum
1589 3381 1896 3452 caliginoso
1934 3399 2100 3438 exsu-

513 3467 709 3523 scitem
736 3484 804 3522 ex
842 3468 1125 3532 barathro,
1173 3466 1452 3523 Reducem
1488 3484 1556 3525 ex
1586 3471 1842 3535 mortuis,
1879 3472 2104 3541 quando

515 3559 712 3613 ultima
747 3562 880 3613 hora
922 3560 1091 3615 venit.
1120 3560 1193 3614 4t)
1236 3558 1363 3614 Haec
1389 3561 1536 3614 enim
1568 3560 1703 3614 clari
1749 3565 1856 3618 mei
1896 3571 1983 3618 est
2016 3580 2109 3619 vo-

516 3651 701 3704 luntas
730 3650 932 3714 Patris,
960 3651 1073 3721 68
1097 3650 1165 3704 Ut
1188 3652 1368 3710 omnis
1392 3652 1487 3720 qui
1514 3650 1665 3706 videt
1692 3668 1797 3718 me,
1831 3655 2108 3725 placidum

514 3741 736 3795 oculum
772 3741 1039 3809 tendens,
1088 3741 1226 3797 Viue
1262 3741 1463 3798 futura;
1494 3750 1761 3798 aeternum
1801 3746 1869 3801 ad
1903 3756 2110 3803 emtum

517 3832 701 3887 veniat
728 3850 741 3885 :
778 3833 845 3885 Et
876 3833 1055 3903 ipsum
1083 3835 1442 3892 exsuscitabo
1474 3852 1670 3893 rursus
1692 3849 2107 3911 congregatum,

517 3925 740 3994 quando
769 3927 919 3982 illius
954 3927 1171 3983 Ultima:
1194 3928 1379 3984 lumen
1410 3929 1592 3985 veniet
1621 3946 1855 3991 auroraa.
1893 3933 1977 4006 (41
2005 3943 2108 3990 etc.

521 4034 695 4090 usque
728 4020 795 4075 ad
821 4020 938 4091 55.)

2211 3390 2394 3459 Ὄφρα
2427 3404 2522 3440 κεν
2551 3378 2627 3440 ὧν
2655 3385 2888 3456 Γενέτης
2918 3385 3050 3455 ἐμὸς
3076 3383 3278 3439 ὤπασε
3312 3385 3477 3455 μηδὲν
3502 3380 3690 3440 ὀλέσσω,

2220 3478 2384 3531 Ἀλλά
2408 3494 2499 3547 μιν
2526 3477 2849 3546 ἀχλυόεντος
2880 3476 3257 3547 ἀναστήσοιμι
3282 3474 3536 3547 βερέθρου

2209 3572 2483 3641 Νόστιμον
2510 3572 2575 3623 ἐκ
2607 3570 2836 3634 νεκύων,
2871 3571 2959 3623 ὅτε
2987 3568 3232 3623 λοίσθιον
3258 3564 3413 3639 ἦμαρ
3446 3564 3619 3618 ἱκάνει.

2210 3660 2280 3715 40
2313 3660 2485 3713 Τοῦτο
2510 3662 2618 3732 γὰρ
2642 3660 2960 3731 αἰγλήεντος
2987 3658 3122 3730 ἐμοῦ
3161 3659 3295 3714 πέλε
3321 3658 3493 3728 νεῦμα
3515 3651 3702 3719 Τοκῆος.

2211 3754 2325 3826 69
2354 3754 2535 3825 Ὅφρα
2559 3771 2621 3807 κε
2642 3755 2750 3818 πᾶς
2770 3753 2943 3833 ὁρόων
2961 3771 3050 3824 με,
3076 3753 3347 3807 πανίλαον
3364 3752 3513 3822 ὄμμα
3528 3742 3741 3802 τιταίνων.

2214 3846 2370 3917 Ζωῆς
2400 3845 2704 3916 ἐσσομένης
2734 3843 2953 3899 αἰώνιον
2984 3846 3043 3908 ἐς
3071 3845 3239 3916 χορὸν
3274 3844 3434 3912 ἐλοῃο

2212 3935 2323 3988 Καί
2355 3951 2448 4005 μιν
2474 3934 2765 4005 ἀναστήσω
2792 3932 3222 4004 παλινάγρετον,
3253 3931 3456 3986 ὁππότε
3488 3923 3650 3991 κείνης

2221 4026 2513 4099 ’Υστατίης
2532 4033 2558 4086 ὅ
2572 4048 2630 4085 τε
2652 4030 2852 4099 φέγγος
2888 4022 3173 4081 ὲλευσεται
3204 4022 3531 4098 ἠριγενείης.

2215 4251 2229 4265 ο
2312 4250 2327 4265 ο
2418 4247 2435 4263 ο
2514 4247 2531 4261 ο
2606 4248 2622 4263 ι
2705 4246 2720 4262 ο
2816 4245 2833 4263 ο
2913 4248 2929 4264 ο
3010 4248 3026 4263 ο
3116 4246 3131 4263 ο
3209 4245 3224 4261 ι
3306 4247 3319 4261 ο
3399 4242 3415 4259 ο
3488 4239 3503 4255 ο
3585 4234 3599 4250 ⁶
3661 4229 3673 4245 ⁸
3727 4222 3738 4239 ⁸

1729 4410 2017 4469 ΤΕΧΤΗΞ
2051 4410 2601 4482 EVANGELISTAEJ

588 4618 651 4672 51
682 4619 744 4669 υἱ
773 4616 1007 4689 πατέρες
1029 4618 1185 4689 ἡμῶν
1214 4619 1276 4672 τὸ
1307 4621 1480 4690 μάννα
1502 4619 1703 4689 ἔφαγον
1725 4621 1783 4673 ἐν
1802 4623 1868 4691 τῇ
1896 4622 2112 4692 ἐρήμῳ,
2147 4628 2191 4682 ι)
2222 4619 2526 4673 πιστεύετε.

521 4699 701 4762 καθώς
752 4700 867 4751 ἐστι
916 4701 1333 4771 γεγραμμένον⁹
1372 4704 1569 4774 Ἀρτον
1616 4706 1681 4756 ἐκ
1734 4703 1829 4757 τοῦ
1879 4704 2111 4776 οὐρανοῦ

521 4782 721 4836 ἔδωκεν
752 4785 938 4848 αὐτοῖς
966 4787 1182 4854 φαγεῖν.

588 4866 657 4922 52
687 4863 854 4921 Εἶπεν
880 4863 974 4941 οὖν
1004 4869 1188 4931 αὐτοῖς
1224 4869 1252 4920 6
1298 4868 1525 4940 Ἰησοῦςο
1571 4869 1741 4940 ’Λμὴν
1783 4869 1932 4941 ἀμὴν
1968 4870 2113 4939 λέγω

518 4950 681 5022 ὑμῖν·
727 4952 802 5004 Οὐ
846 4953 1087 5021 Μωῦσῆς
1131 4953 1359 5008 δέδωκεν
1401 4955 1531 5024 ὑμῖν
1566 4953 1657 5006 τὸν
1697 4955 1858 5024 ἄρτον
1906 4957 1971 5008 ἐκ
2016 4955 2112 5009 τοῦ

516 5034 746 5106 οὐρανοῦ
768 5076 783 5101 ,
831 5035 945 5088 ἀλλ’
970 5038 998 5089 ὁ
1036 5037 1229 5108 Πατήρ
1269 5055 1372 5108 μου
1411 5036 1623 5092 δίδωσιν
1665 5037 1793 5110 ὑμῖν
1828 5038 1920 5092 τὸν
1948 5038 2113 5109 ἄρτον

518 5120 586 5173 ἐκ
616 5118 707 5170 τοῦ
738 5119 966 5189 οὐρανοῦ
995 5120 1088 5175 τὸν
1122 5121 1394 5189 ἀληθινόν.

590 5201 659 5254 55
700 5201 757 5252 ’U
788 5202 893 5271 γὰρ
925 5202 1090 5273 ἄρτος
1126 5205 1221 5257 τοῦ
1262 5204 1397 5259 Θεοῦ
1425 5205 1572 5260 ἐστιν
1606 5206 1636 5257 6
1678 5205 2023 5261 καταϐαίνων
2048 5207 2113 5259 ἐκ

518 5288 613 5342 τοῦ
637 5290 889 5362 οὐρανοῦ,
916 5290 1009 5342 καὶ
1032 5290 1177 5360 ζωὴν
1198 5290 1377 5354 διδοὺς
1400 5290 1479 5361 τῷ
1513 5292 1725 5361 κόσμῳ.

590 5374 661 5427 54
685 5370 850 5427 Εἶπον
912 5367 1007 5426 οὗν
1065 5373 1201 5443 πρὸς
1246 5374 1440 5428 αὐτόν·
1499 5371 1693 5444 Κύριε,
1739 5373 1970 5427 πάντοτε
2023 5372 2113 5437 δὺς

526 5456 652 5529 ἡμῖν
683 5458 774 5510 τὸν
808 5458 970 5529 ἀρτον
997 5455 1203 5510 τοῦτον.

590 5540 660 5594 55
706 5534 843 5593 Εἴπε
874 5540 930 5592 δὲ
955 5540 1136 5603 αὐτοῖς
1170 5540 1198 5591 6
1245 5539 1450 5610 Ἰησοῦς
1496 5556 1508 5570 ·
1556 5538 1700 5607 Ἐγώ
1736 5539 1852 5609 είμι
1888 5540 1917 5591 6
1950 5538 2113 5609 ἄρτος

522 5622 619 5687 τῆς
649 5623 794 5690 ζωῆς
813 5641 826 5654 ⁸
858 5625 888 5676 ό
916 5622 1210 5695 ἐρχόμενος
1236 5623 1371 5693 πρός
1404 5640 1492 5693 με,
1518 5625 1580 5676 οὐ
1617 5624 1691 5692 μὴ
1724 5622 1953 5693 πεινάσῃ
1972 5635 1986 5651 ’
2021 5621 2115 5675 καὶ

528 5703 556 5752 6
587 5707 850 5760 πιστεύων
883 5710 960 5770 είς
996 5708 1115 5777 ἐμὲ,
1148 5708 1207 5759 οὐ
1247 5707 1321 5778 μὴ
1347 5707 1549 5779 διψήσῃ
1586 5706 1828 5761 πώποτε.

598 5784 666 5837 56
705 5788 839 5841 Ἀλλ’
874 5786 1028 5845 εἷπον
1060 5793 1187 5861 ὑμῖν
1227 5794 1305 5845 ὅτι
1344 5793 1433 5844 καὶ
1479 5790 1761 5859 ἑωράκατέ
1804 5807 1891 5857 με,
1931 5786 2021 5841 καὶ
2054 5787 2113 5840 οὐ

2292 4705 2361 4758 57
2393 4704 2508 4756 Πᾶν
2537 4702 2566 4755 ὃ
2595 4699 2775 4754 δίδωσί
2811 4717 2902 4771 μοι
2934 4700 2964 4752 6
2997 4697 3205 4770 Πατὴρ,
3239 4696 3373 4769 πρὸς
3403 4688 3495 4761 ἐμὲ
3526 4685 3651 4757 ἦξειο
3673 4676 3741 4730 καὶ

2218 4788 2312 4842 τὸν
2339 4788 2632 4860 ἐρχόμενον
2670 4785 2809 4856 πρός
2841 4802 2907 4855 με
2934 4785 2995 4837 οὐ
3033 4784 3109 4855 μὴ
3138 4782 3351 4836 ἐκϐάλω
3378 4776 3494 4841 ἔξω.
3714 4860 3730 4871 ς

2289 4893 2360 4948 58
2392 4894 2514 4944 Ὅτι
2538 4889 2893 4959 καταϐέϐηκα
2930 4890 2995 4941 ἐκ
3022 4887 3116 4941 τοῦ
3139 4883 3385 4958 οὐρανοῦ,
3417 4880 3506 4948 οὐχ
3535 4875 3735 4959 ἵναβττοιω

2217 4975 2281 5030 τὸ
2304 4975 2515 5047 θέλημα
2534 4974 2596 5027 τὺ
2623 4974 2777 5045 ἐμὸν,
2799 4950 2935 5026 ἀλλά
2953 4973 3013 5025 τὸ
3033 4950 3244 5043 θέλημα
3262 4968 3352 5021 τοῦ
3378 4950 3652 5033 πέμψαντός

2291 5091 2360 5148 59
2403 5089 2573 5145 Τοῦτο
2620 5089 2679 5143 δέ
2731 5090 2850 5142 ἐστι
2895 5088 2956 5141 τὸ
2999 5088 3209 5159 θέλημα
3250 5083 3340 5137 τοῦ
3380 5066 3731 5165 πέμψοξντόξῃξε

2222 5175 2455 5247 Πατρὸς,
2485 5175 2571 5229 ἵνα
2601 5175 2709 5228 πᾶν
2730 5173 2758 5226 ὃ
2790 5172 2990 5225 δέδωκέ
3019 5155 3231 5243 μοιξμὴ
3251 5164 3484 5223 ἀπολέσω
3509 5155 3563 5219 ἐξ
3589 5155 3729 5205 αὐτους

2221 5260 2357 5315 ἀλλά
2383 5259 2673 5328 ἀναστήσω
2696 5257 2830 5310 αὐτὸ
2851 5258 2907 5310 ἐν
2931 5258 2998 5327 τῇ
3024 5256 3226 5327 ἐσχάτῃ
3253 5250 3442 5329 mli???
3483 5321 3493 5329 _
3600 5312 3635 5329 ,ᾗ

2292 5312 2361 5399 ιο
2408 5312 2590 5395 Τοῦτο.
2630 5341 2688 5394 δέ
2735 5343 2851 5395 ἐστι
2897 5312 3323 5409 ιδ’ὸέλῆμοῖτὸὒ
3362 5312 3724 5409 male”???

2220 5427 2309 5480 ἵνα
2333 5388 2442 5489 πᾶς
2480 5428 2507 5479 6
2534 5423 2757 5497 θεωρῶν
2787 5423 2879 5476 τὸν
2911 5422 3060 5487 Υίὸν,
3088 5388 3179 5474 καὶ
3220 5411 3473 5497 πιστεύωγ
3497 5404 3565 5497 εἷς

2219 5510 2319 5581 ἔχῃ
2369 5480 2513 5579 ξιθὴν
2568 5480 2811 5562 αἰῶνιονι
2872 5507 2966 5559 καὶ⁵
3022 5480 3309 5574 ἀναστήσω
3356 5490 3501 5548 αὑτὸν
3540 5480 3631 5548 ἐγὼ
3669 5480 3719 5535 τι

2221 5594 2429 5666 ἐσχάτῃ
2460 5592 2665 5663 ἡμέρᾳ.

2292 5699 2355 5753 41
2394 5695 2722 5765 Ἐγόγγυζον
2759 5689 2853 5748 οὖν
2878 5696 2926 5746 οἱ
2968 5691 3205 5746 Ἰουδαῖοι
3240 5684 3357 5757 περὶ
3393 5678 3452 5733 αὑ

2226 5802 2355 5837 πεν·
2400 5782 2538 5847 Ἐγώ
2567 5785 2679 5851 εἰμι
2726 5783 2755 5834 6
2804 5780 2966 5852 ἄρτος
2998 5780 3025 5831 ὁ
3060 5774 3293 5835 καταϐὰς
3328 5772 3386 5822 ὲκ
3413 5779 3464 5818 το

3456 5668 3551 5732 τοῦ,
3570 5666 3634 5718 ὅτι
3656 5649 3711 5706 εἷ’

3469 5759 3493 5812 ὖ
3521 5733 3711 5821 οὐρανοῦ.
