3982 6408
1165 331 1648 391 ΡΑΠᾹΡΙΙΜΞΙΞ
1684 328 1752 385 IN
1785 323 2127 403 JOANNEM.
2165 356 2234 368 —
2271 324 2425 382 CAP.
2460 324 2552 382 Vl.

180 496 206 512 ο
300 501 314 514 ο
391 491 423 512 ιο
502 493 517 510 ο
598 492 612 507 α
693 491 708 506 ο
794 490 812 509 ο
891 491 906 506 ο
993 494 1006 509 ο
1087 493 1100 506 ο
1191 493 1204 506 ο
1286 495 1300 510 ο
1391 493 1402 506 ι
1484 494 1498 508 ο
1586 491 1601 506 ο
1681 487 1698 504 ο
1777 488 1790 500 ο

181 552 310 622 7o
332 549 403 603 55
433 545 554 617 Ζωὴ
579 546 691 617 γὰρ
715 545 878 600 πέλεν
911 544 932 618 [
1006 545 1027 618 ]
1061 547 1328 617 ἐτήτυμον
1357 545 1605 615 ἡμετέρη
1639 542 1796 613 σὰρξ,

184 637 352 711 Αἷμα
380 640 424 693 δ’
448 638 581 710 ἐμὸν
603 639 874 710 νημερτὲς
899 639 1000 708 ἔφυ
1024 640 1204 697 ποτόν.
1237 639 1305 694 56
1328 638 1428 702 ’ος
1453 637 1511 690 δέ
1538 653 1631 690 κεν
1659 637 1797 708 ἀνὴρ

181 730 413 800 Σαρκὺς
438 729 581 801 ἐμῆς
611 728 884 798 γεύσαιτο,
913 731 1010 783 καὶ
1036 731 1269 801 αἵματος
1298 731 1378 783 εἰν
1412 731 1492 782 ἐνὶ
1519 728 1728 800 θεσμῷ,

183 817 374 886 Οὗτος
405 821 546 892 ἀνὴρ
573 822 632 874 ἐν
651 822 775 890 ἐμοὶ
800 821 1001 892 μενέει,
1025 821 1119 874 καὶ
1147 822 1416 892 δμόζυγος
1439 821 1588 892 αὐτῷ

188 917 502 984 Ἔσσομαι,
527 912 762 983 ἔμπεδος
793 907 962 979 οἶκος,
993 914 1310 984 ἀειρόμενος
1333 913 1426 967 καὶ
1459 913 1677 984 ἀείρων.

187 1004 275 1058 51
311 1007 404 1068 Ὠς
428 1004 486 1058 δὲ
512 1003 702 1074 Πατὴρ
732 1002 888 1068 ζώων
917 1021 984 1074 με
1015 1004 1238 1074 βοηθόον
1262 1005 1452 1058 ὤπασε
1487 1004 1678 1074 κόσμῳ
1696 1021 1710 1036 ο

190 1098 342 1152 Ζώω
367 1098 415 1150 δ’
449 1096 807 1167 ὑψιμέδοντος
835 1095 971 1166 ἐμοῦ
999 1097 1087 1150 διά
1113 1095 1290 1167 νεῦμα
1315 1096 1525 1166 Τοκῆος

189 1188 380 1252 Αὐτὸς
407 1187 520 1257 ἐγώ
538 1202 553 1217 ·
584 1188 677 1241 καὶ
703 1189 911 1251 ἐκεῖνος
939 1189 1080 1259 ἀνὴρ
1109 1188 1316 1258 ἰσόζυγι
1346 1186 1534 1258 θεσμῷ

205 1278 310 1343 Ἐξ
339 1279 538 1349 ἐμέθεν
562 1278 799 1349 ζήσειεν,
830 1279 964 1349 ἐμὸν
986 1280 1157 1350 δέμας
1186 1278 1567 1341 εἰλαπινάζων.

196 1367 275 1421 58
308 1367 464 1430 Ζωῆς
491 1365 716 1434 ἄφθιτος
746 1367 912 1437 ἄρτος
937 1367 1205 1437 ἐτήτυμος
1233 1360 1386 1428 οὗτος
1408 1363 1595 1418 ἀκούει
1617 1381 1630 1394 ·

195 1458 320 1528 Οὐχ
360 1453 472 1510 οἷον
497 1457 824 1529 τοπάροιθεν
861 1458 1103 1530 ἐρημαίῃ
1133 1458 1286 1530 παρὰ
1316 1458 1494 1528 λόχμῃ

207 1550 504 1620 ’Υμέτεροι
525 1548 730 1618 γλυκὺν
759 1549 924 1621 ἄρτον
951 1549 1251 1620 ἐθηήσαντο
1277 1549 1495 1618 τοκῆες.

198 1643 314 1712 72
345 1642 457 1694 Καὶ
499 1641 662 1700 θάνον
706 1642 767 1694 ἐν
814 1640 1157 1694 σκοπέλοισιν
1203 1639 1524 1712 ὀριπλανέες
1564 1638 1797 1709 μετανά-

1550 1729 1722 1801 [σται.

199 1818 409 1873 Τοῦτον
434 1820 574 1892 ἀνὴρ
602 1820 906 1892 ἐπάρουρος
933 1820 1202 1892 ἐτήτυμον
1234 1821 1397 1892 ἄρτον
1425 1821 1692 1893 ἐρέπτων,

197 1911 362 1982 Ζωήν
389 1911 579 1980 ὄψεται
608 1907 782 1976 οὗτος,
811 1911 916 1976 ἓως
946 1913 1172 1983 δολιχοῖο
1199 1913 1415 1980 γενείου

214 2001 570 2074 ’Δμφιλαφὴς
602 2003 819 2074 πολιῇσι
845 2003 1021 2074 κόμην
1046 2003 1390 2058 λευκαίνεται
1411 2003 1566 2058 αἰών.

201 2091 275 2147 59
304 2090 492 2145 Ταῦτα
527 2091 888 2164 βαθυκρήπιδι
917 2094 1300 2164 Καφαρναοὺμ
1328 2093 1409 2147 ἐνὶ
1445 2094 1578 2164 γαίῃ

203 2181 499 2248 Ἔννεπεν,
528 2177 813 2250 εὐλάῖγγος
836 2181 942 2234 ἔσω
965 2185 1114 2254 νηοῖο
1149 2183 1437 2238 διδάσκων.

200 2269 276 2325 60
304 2270 500 2324 Πολλοὶ
525 2271 572 2325 δ’
593 2271 910 2337 εἰσαΐοντες,
939 2273 1253 2343 ἀμερσινόῳ
1284 2272 1389 2326 τινὶ
1413 2271 1587 2344 λύσσῃ

202 2362 303 2425 Εἰς
341 2362 500 2432 χόλον
535 2363 937 2434 οἰστρηθέντες,
978 2365 1320 2436 ἐμυθήσαντο
1350 2364 1630 2435 μαθηταί·

205 2453 452 2525 Σκληρὸς
483 2453 606 2525 ἐμοὶ
626 2455 783 2523 λόγος
812 2450 965 2518 οὗτος
1001 2455 1059 2508 ὃν
1087 2454 1274 2508 ἔννεπε
1293 2472 1307 2486 ·
1339 2456 1434 2508 καὶ
1464 2455 1549 2518 τίς
1580 2455 1798 2508 ἀκούειν

204 2535 387 2598 Δῦτοῦ
422 2545 820 2616 φθεγγομένοιο
852 2546 1140 2617 δυνήσεται
1165 2563 1181 2613 ;
1208 2547 1270 2601 61
1301 2547 1618 2618 Αὑτόματος
1647 2547 1705 2600 δέ

205 2636 500 2692 Γινώσκων
528 2639 610 2693 ὅτι
642 2638 770 2702 λαὸς
800 2639 1040 2710 ὑποδρὴς
1075 2637 1235 2692 ἔσκεν
1263 2639 1519 2711 ἑταίρων,

205 2729 506 2801 Δαθριδίην
533 2730 785 2801 ἀχάλινον
820 2731 1252 2794 ὑποκλέπτοντες
1284 2730 1432 2803 ἰωὴν,

207 2822 447 2894 Χριστὸς
473 2823 879 2894 ἁμαρτινόοισιν
908 2823 1038 2887 ἔπος
1067 2823 1274 2890 ξύνωσε
1305 2823 1606 2894 μαθηταῖς·

219 2913 462 2983 ’Υμείων
485 2914 570 2967 ὅδε
599 2913 769 2986 μῦθος
798 2914 1030 2968 ἀπειθέα
1054 2915 1224 2986 θυμὸν
1245 2913 1514 2985 ἀμύσσει·

209 3006 283 3060 62
315 3007 379 3058 Εἰ
415 3006 472 3059 δέ
495 3024 588 3062 κεν
618 3007 896 3078 ἀθρήσητε
925 3006 1406 3077 συναστράπτοντα
1439 3006 1611 3077 Τοκῆῖ

210 3097 501 3167 Δίθερίων,
530 3097 654 3151 ὅθεν
685 3093 871 3168 ἦλθεν,
902 3097 1008 3150 ἐῶν
1036 3097 1338 3168 ἐπιϐήτορα
1367 3096 1559 3150 θώκων

223 3187 541 3262 ⁹Δνθρώπου
570 3189 735 3245 πάλιν
760 3185 887 3254 Υία,
909 3187 964 3242 τί
1001 3186 1186 3260 ρέξετε
1207 3186 1365 3241 τοῦτο
1395 3187 1692 3258 μαθόντες;

1903 539 2006 609 71
2041 537 2112 591 55
2140 535 2264 590 Vita
2301 535 2450 590 enim
2494 543 2578 590 est
2607 533 2626 606 [
2770 535 2791 607 ]
2822 550 2946 591 vere
2977 545 3166 593 nostra
3217 555 3371 610 caro,
3418 546 3488 599 Et

1901 643 2128 714 sanguis
2157 656 2312 696 meus
2351 638 2660 695 infallibilis
2701 645 2787 694 est
2822 648 3004 708 potus.
3056 639 3124 694 56
3161 640 3489 714 Quicunque

1900 752 1985 803 vir
2025 746 2261 801 Carnem
2307 759 2484 799 meam
2531 744 2852 815 gustaverit,
2901 752 2956 798 et
3001 747 3324 816 sanguinem
3378 763 3487 802 una

1898 852 2211 916 sanctione,
2235 849 2334 904 llic
2355 852 2439 904 vir
2467 848 2522 903 in
2548 865 2635 904 me
2667 855 2872 914 manet,
2906 855 2961 904 et
2994 853 3329 918 conjunctus
3358 867 3487 906 cum

1899 956 2023 1028 ipso
2051 956 2178 1019 Ero,
2216 956 2373 1010 ﬁrma
2396 955 2616 1020 domus,
2643 962 2888 1026 gestatus
2904 961 2958 1008 ct
2987 961 3231 1024 gestans.
3266 955 3334 1009 57
3370 955 3491 1010 Sic-

1897 1066 1961 1112 nt
2013 1065 2195 1113 autem
2236 1056 2398 1112 Pater
2443 1057 2634 1113 vivens
2685 1073 2772 1113 me
2809 1058 3200 1128 epitulalorem
3255 1060 3490 1130 praebuit

1899 1163 2129 1229 mundo,
2160 1161 2300 1217 Vivo
2334 1169 2515 1216 autem
2541 1162 2886 1232 altiregentis
2911 1163 3016 1217 mei
3044 1163 3115 1217 ob
3144 1164 3485 1217 voluntatem

1898 1268 2079 1324 Patris
2111 1267 2231 1339 lpse
2258 1283 2360 1339 ego
2387 1286 2399 1322 :
2430 1276 2484 1322 et
2511 1267 2601 1321 ille
2622 1267 2702 1321 vir
2726 1267 2924 1336 a‘quali
2955 1267 3073 1337 lege
3101 1266 3177 1319 Ex
3203 1281 3289 1320 me
3317 1267 3486 1328 vivet,

1895 1385 2076 1424 meum
2126 1383 2331 1439 corpus
2373 1368 2688 1423 comedens.
2737 1366 2806 1422 58
2857 1365 2998 1420 Vita:
3049 1367 3490 1436 incorruptibilis

1896 1474 2056 1544 panis
2089 1491 2255 1530 verus
2283 1475 2372 1528 hic
2407 1474 2612 1528 dicitur
2641 1491 2654 1527 :
2693 1471 2813 1526 Non
2848 1471 3086 1542 qualiter
3115 1481 3276 1524 antea
3305 1470 3498 1524 descr-

1896 1587 2004 1634 tam
2046 1580 2189 1650 apud
2239 1580 2434 1634 silvam
2479 1578 2664 1634 Vestri
2720 1579 2939 1634 dulcem
2991 1592 3188 1648 panem
3235 1577 3488 1631 admirati

1895 1687 2031 1738 sunt
2068 1689 2274 1754 patres,
2306 1682 2412 1752 73
2444 1681 2510 1735 Et
2548 1682 2754 1736 mortui
2795 1689 2927 1737 sunt
2971 1684 3026 1735 in
3059 1682 3306 1751 scopulis
3339 1695 3488 1734 mon-

1824 1807 1866 1862 Β
1896 1786 2009 1840 tani
2038 1786 2250 1840 exules.
2288 1785 2447 1840 Hunc
2480 1785 2566 1839 vir
2608 1786 2892 1840 terrestris
2925 1800 3115 1840 verum
3166 1799 3362 1855 panem
3393 1800 3490 1840 co-

1899 1890 2148 1955 medens,
2189 1890 2371 1945 Vitam
2421 1890 2630 1946 videbit
2679 1890 2792 1956 hic,
2839 1891 3016 1946 donec
3077 1890 3271 1960 prolixi
3315 1891 3488 1946 menti

1897 1995 2202 2051 Abundans
2244 1996 2400 2052 canis
2434 1979 2648 2050 comam
2682 1995 2904 2051 dealbat
2933 1995 3218 2052 saeculum.
3253 1995 3323 2050 59
3367 1993 3491 2051 Haec

1896 2100 2158 2172 profundi
2193 2101 2540 2157 fundamenti
2566 2101 2910 2172 Capernaum
2945 2103 2999 2157 in
3036 2110 3183 2158 terra
3214 2101 3383 2168 Dixit,
3416 2103 3490 2156 la-

1897 2205 2096 2277 pidoso
2136 2206 2192 2260 in
2224 2205 2427 2276 templo
2471 2207 2702 2262 docens.
2739 2205 2806 2262 60
2849 2205 3003 2261 Multi
3039 2217 3223 2262 autem
3260 2206 3489 2261 audien-

1898 2320 2003 2376 tes,
2028 2327 2170 2368 caaca
2197 2313 2435 2383 quadam
2471 2313 2624 2368 rabie
2653 2312 2712 2367 1n
2749 2313 2885 2367 iram
2916 2313 3199 2379 concitati,
3231 2313 3489 2368 dixerunt

1897 2417 2154 2488 discipuli
2190 2435 2204 2472 :
2257 2417 2439 2474 Durus
2488 2419 2624 2472 mihi
2667 2433 2853 2474 sermo
2895 2417 2985 2472 hic
3027 2433 3191 2487 quem
3237 2417 3393 2482 dixit,
3435 2425 3491 2474 et

1898 2522 2022 2592 quis
2043 2522 2234 2576 audire
2254 2523 2440 2594 Ipsum
2465 2524 2777 2594 loquentem
2801 2523 3043 2594 poterit?
3063 2525 3126 2579 61
3156 2523 3268 2578 Sua
3290 2533 3491 2594 sponte

1900 2634 2084 2680 autem
2117 2625 2475 2696 Cognoscens
2519 2628 2667 2696 quod
2699 2629 2935 2698 populus
2969 2629 3313 2698 suSpiciosus
3341 2637 3492 2684 esset

1901 2731 2203 2796 sociorum,
2231 2730 2514 2786 Occultam
2549 2732 2809 2789 efl‘rcnem
2837 2734 3244 2804 supprimentes
3273 2749 3488 2800 vocem,

1899 2820 2156 2876 Christus
2198 2829 2382 2876 mente
2429 2823 2744 2877 errantibus
2787 2825 3016 2879 verbum
3057 2805 3492 2880 commu’nicavit

1901 2913 2221 2980 discipulis:
2257 2911 2504 2967 Vestram
2536 2913 2625 2967 hic
2657 2929 2840 2968 sermo
2876 2914 3215 2970 incredulam
3250 2924 3492 2970 mentem

1902 3005 2120 3060 cruciat
2148 3023 2162 3058 :
2200 3003 2270 3058 62
2299 3003 2442 3070 Quid
2471 3019 2602 3058 vero
2636 3005 2680 3060 si
2717 3005 2966 3060 videritis
2995 3005 3158 3060 simul
3195 3005 3492 3076 fulgentem

1903 3111 2031 3150 cum
2057 3097 2219 3150 Patre
2244 3095 2588 3158 leestium,
2619 3096 2763 3150 unde
2788 3097 2955 3159 venit,
2985 3111 3209 3152 suarum
3237 3112 3492 3153 ascenso-

1827 3176 1874 3238 C
1905 3203 2020 3243 rem
2064 3189 2276 3244 sedium
2326 3187 2580 3244 Hominis
2613 3203 2807 3246 rursus
2841 3187 3064 3256 Filium,
3114 3189 3246 3262 quid
3281 3188 3492 3247 facietis

1421 3342 1705 3399 TEXTUS
1741 3341 2273 3404 EVANGELISTAS.

285 3463 358 3519 42
380 3462 489 3517 Καὶ
519 3461 733 3532 ἔλεγον·
765 3461 878 3532 Οὐχ
901 3454 1056 3527 οὗτός
1083 3460 1228 3514 ἐστιν
1259 3456 1468 3529 Ἰησοῦς
1495 3459 1524 3512 6
1549 3457 1662 3522 υἱὸς
1691 3459 1806 3512 Ἰω-

216 3549 349 3621 σὴφ,
383 3540 442 3601 οὗ
475 3547 636 3617 ἡμεῖς
676 3545 895 3615 οἴδαμεν
925 3544 1017 3596 τὸν
1045 3544 1257 3613 πατέρα
1297 3543 1393 3595 καὶ
1423 3542 1522 3613 τὴν
1555 3541 1798 3614 μητέρα;

217 3634 341 3696 Πῶς
368 3627 462 3686 οὖν
489 3631 638 3702 λέγει
681 3624 860 3694 οὗτος·
895 3629 1018 3683 Ὀτι
1065 3629 1127 3681 ἐκ
1154 3626 1250 3680 τοῦ
1293 3624 1523 3697 ούρανοῦ
1570 3625 1802 3678 καταϐέ-

217 3717 361 3782 ϐηκα
382 3732 399 3782 ;

253 3734 361 3854 Ἢ
385 3759 694 3870 ’Ἀπεκρίθη
729 3789 821 3850 οῦν
851 3797 880 3848 6
922 3793 1126 3866 Ἰησοῦς
1164 3793 1258 3849 καὶ
1285 3787 1438 3849 εἶπεν
1468 3793 1683 3857 αὐτοῖς·
1711 3792 1804 3864 Μὴ

221 3881 514 3951 γογγύζετε
552 3882 668 3952 μετ’
706 3879 972 3950 ἀλλήλων.
1701 3873 1712 3882 κ

288 3966 357 4020 44
386 3965 574 4028 Οὐδεὶς
602 3963 823 4017 δύναται
849 3961 1023 4015 ἐλθεῖν
1050 3961 1186 4032 πρός
1210 3977 1300 4030 με,
1328 3958 1423 4012 ἐὰν
1454 3957 1529 4029 μὴ
1556 3959 1584 4011 6
1613 3956 1806 4028 Πατὴρ

219 4050 250 4104 6
280 4048 499 4119 πέμψας
529 4064 596 4117 με
623 4045 824 4117 ἐλκύσῃ
851 4045 1035 4111 αὐτὸν,
1066 4043 1162 4098 καὶ
1193 4042 1303 4112 ἐγὼ
1328 4041 1618 4111 ἀναστήσω
1644 4039 1809 4094 αὐτὸν

222 4135 289 4203 τῇ
318 4131 519 4202 ἐσχάτῃ
547 4130 748 4201 ἡμιιέρξι
1453 4159 1463 4170 ·
1553 4204 1556 4206 γ

295 4215 362 4270 45
396 4217 550 4268 Ἔστι
597 4211 986 4284 γεγραμμένον
1045 4213 1104 4265 ἐν
1149 4212 1264 4276 τοῖς
1305 4209 1644 4281 προφήταις·
1695 4205 1811 4261 Καὶ

221 4298 434 4353 ἔσονται
456 4299 654 4361 πάντες
681 4297 920 4350 διδακτοὶ
944 4295 1036 4364 τοῦ
1066 4295 1224 4348 Θεοῦ.
1252 4295 1368 4357 Πᾶς
1394 4288 1488 4349 οὖν
1513 4295 1542 4346 6
1570 4289 1811 4354 ἀκούσας

221 4383 375 4454 παρὰ
401 4381 493 4435 τοῦ
529 4380 765 4450 Πατρὸς,
798 4379 894 4434 καὶ
922 4379 1129 4450 μαθὼν,
1157 4377 1376 4449 ἔρχεται
1409 4375 1546 4448 πρός
1578 4391 1666 4445 με.

1980 3461 2051 3517 55
2082 3457 2250 3517 Εἶπεν
2283 3457 2376 3518 οὖν
2405 3463 2590 3526 αὐτοῖς
2616 3464 2644 3516 6
2684 3461 2922 3533 Ἰησοῦς·
2962 3462 3135 3536 ’Λμὴν
3170 3465 3318 3538 ἀμὴν
3353 3465 3494 3536 λέγω

1909 3546 2057 3615 ὑμῖν,
2090 3545 2188 3600 ἐὰν
2226 3548 2301 3620 μὴ
2351 3548 2563 3618 φάγητε
2603 3548 2702 3620 τὴν
2747 3548 2926 3618 σάρκα
2974 3548 3068 3600 τοῦ
3111 3549 3240 3602 Υίοῦ
3274 3551 3365 3602 τοῦ
3401 3553 3494 3605 ἀν-

1907 3627 2148 3698 θρώπου,
2174 3631 2270 3683 καὶ
2295 3630 2456 3702 πίητε
2480 3630 2646 3686 αὑτοῦ
2683 3629 2744 3683 τὸ
2772 3627 2933 3702 αἷμα,
2959 3630 3060 3684 οὐκ
3088 3630 3237 3702 ἔχετε
3268 3632 3412 3703 ζωὴν
3442 3635 3497 3687 ἐν

1910 3712 2145 3776 ἑαυτοῖς.

1981 3795 2050 3849 54
2097 3795 2154 3848 '0
2190 3793 2420 3865 τρώγων
2461 3813 2565 3867 μου
2595 3797 2696 3868 τὴν
2743 3797 2938 3867 σάρκα,
2971 3797 3066 3851 καὶ
3104 3798 3276 3852 πίνων
3307 3815 3410 3868 μου
3441 3801 3502 3854 τὸ

1909 3873 2071 3947 αἷμα,
2105 3877 2218 3949 ἔχει
2245 3879 2390 3950 ζωὴν
2431 3878 2647 3934 αἰώνιον
2671 3893 2685 3909 ·
2729 3881 2826 3932 καὶ
2864 3879 2975 3948 ἐγὼ
3013 3881 3303 3952 ἀναστήσω
3339 3882 3500 3936 αὑτὸν

1908 3963 1976 4031 τῇ
2006 3961 2207 4032 ἐσχάτῃ
2237 3962 2450 4032 ἡμέρᾳ·

1981 4041 2051 4097 55
2089 4041 2153 4096 Ἥ
2177 4043 2286 4114 γὰρ
2321 4043 2458 4115 σάρξ
2497 4061 2601 4114 μου
2647 4043 2865 4115 ἀληθῶς
2896 4045 3012 4097 ἐστι
3046 4044 3270 4116 βρῶσις,
3303 4047 3396 4100 καὶ
3445 4050 3514 4100 τὸ

1908 4121 2051 4196 αἷμά
2077 4142 2178 4196 μου
2206 4126 2424 4197 ἀληθῶς
2450 4129 2568 4180 ἐστι
2595 4127 2775 4190 πόσις.

1977 4209 2046 4262 56
2079 4209 2137 4263 Ὀ
2166 4208 2398 4281 τρώγων
2439 4227 2540 4280 μου
2580 4211 2680 4281 τὴν
2709 4211 2910 4281 σάρκα,
2953 4210 3050 4264 καὶ
3087 4211 3260 4265 πίνων
3297 4229 3399 4283 μου
3441 4214 3500 4268 τὲ

1905 4282 2068 4362 αἷμα,
2094 4293 2152 4344 ὲν
2183 4293 2308 4362 ἐμοὶ⁹
2341 4293 2516 4363 μένει,
2541 4292 2698 4362 κάγὼ
2722 4295 2779 4347 ἐν
2804 4293 2969 4364 αὐτῷ.

1979 4374 2046 4428 57
2070 4374 2266 4438 Καθὼς
2295 4375 2581 4429 ἀπέστειλέ
2628 4394 2696 4448 με
2738 4379 2766 4430 6
2817 4375 2926 4441 ζῶν
2976 4375 3187 4448 Πατὴρ,
3229 4375 3383 4445 κάγὼ
3425 4377 3502 4444 ζῶ

297 4453 367 4518 46
391 4465 500 4535 Οὐχ
531 4465 611 4517 ὅτι
641 4463 733 4516 τὸν
767 4461 988 4533 Πατέρα
1024 4479 1108 4525 τις
1141 4461 1406 4532 ἑώρακεν,
1451 4459 1500 4511 εἰ
1542 4457 1619 4529 μὴ
1663 4457 1693 4509 6
1735 4453 1810 4509 ὢν
1841 4521 1884 4535 λ
1910 4454 2001 4509 διὰ
2025 4456 2116 4511 τὸν
2146 4458 2400 4532 Πατέρα·
2431 4460 2528 4513 καὶ⁹
2562 4461 2592 4513 6
2618 4459 2849 4531 τρώγων
2878 4477 2969 4531 με,
2998 4459 3248 4525 κάκεῖνος
3279 4461 3504 4532 ζήσεται

227 4547 383 4619 παρά
407 4547 499 4600 τοῦ
530 4547 663 4601 Θεοῦ
686 4564 700 4578 ·
726 4541 880 4609 οὗτος
910 4545 1122 4616 ἑώρακε
1155 4544 1246 4598 τὸν
1273 4544 1514 4614 Πατέρα.

299 4631 367 4686 47
402 4631 569 4703 Ἀμὴν
595 4630 744 4702 ἀμὴν
786 4629 931 4698 λέγω
977 4629 1126 4699 ὑμῖν,
1170 4629 1200 4681 6
1244 4626 1517 4682 πιστεύων
1559 4625 1640 4689 εἰς
1685 4623 1808 4696 ἐμὲ,

223 4715 342 4787 ἔχει
370 4715 515 4786 ζωὴν
540 4714 778 4785 αἰώνιον.

295 4800 366 4854 48
405 4800 547 4868 Ἐγώ
571 4801 683 4870 εἰμι
710 4801 740 4852 6
759 4797 924 4870 ἄρτος
949 4797 1049 4866 τῆς
1077 4794 1240 4864 ζωῆς.

296 4882 366 4938 ιθ
386 4884 448 4936 Ol
482 4881 715 4955 πατέρες
737 4880 892 4954 ὑμῶν
921 4879 1122 4950 ἔφαγον
1141 4877 1204 4930 τὸ
1228 4874 1404 4947 μάννα
1429 4875 1487 4930 ἐν
1506 4876 1573 4946 τῇ
1597 4875 1811 4947 ἐρήμῳ,

227 4965 323 5018 καὶ
343 4963 628 5018 ἀπέθανον.
795 4956 799 4960 ’

303 5048 370 5103 50
388 5041 558 5112 Οὗτός
585 5049 732 5102 ἐστιν
757 5048 786 5101 6
808 5048 971 5118 ἄρτος
1015 5043 1045 5099 6
1079 5045 1144 5098 ἐκ
1167 5041 1257 5097 τοῦ
1289 5039 1520 5114 οὐρανοῦ
1549 5039 1815 5094 καταϐαί-

237 5133 358 5194 νων,
384 5133 470 5186 ἵνα
492 5149 578 5196 τις
606 5132 668 5197 ἐξ
694 5129 858 5184 αὑτοῦ
888 5129 1040 5203 φάγῃ
1077 5128 1174 5182 καὶ
1198 5127 1273 5200 μὴ
1303 5125 1569 5198 ἀποθάνῃ.

307 5213 364 5268 51
407 5215 550 5283 Ἐγώ
592 5216 708 5285 εἰμι
751 5215 780 5266 6
825 5213 988 5280 ἄρτος
1028 5213 1057 5264 6
1094 5209 1225 5276 ζῶν,
1269 5212 1300 5264 6
1341 5209 1407 5264 ἐκ
1450 5209 1546 5263 τοῦ
1584 5205 1813 5280 οὐρανοῦ

232 5299 501 5361 καταϐάς·
532 5297 628 5352 ἐάν
656 5315 739 5362 τις
774 5297 923 5366 φάγῃ
958 5296 1024 5349 ἐκ
1064 5295 1258 5349 τούτου
1288 5293 1384 5346 τοῦ
1431 5293 1620 5364 ἄρτου,
1652 5291 1815 5364 ζήσε-

228 5399 321 5434 ται
359 5383 438 5445 εἰς
474 5381 566 5436 τὸν
603 5379 803 5434 αἰῶνα·
831 5381 927 5434 καὶ
954 5380 984 5432 6
1025 5379 1188 5449 ἄρτος
1218 5377 1276 5429 δέ
1321 5375 1380 5430 ὃν
1423 5375 1534 5444 ἐγὼ
1579 5374 1814 5448 δώσω,ή

232 5464 370 5535 σάρξ
405 5463 506 5534 μού
541 5466 710 5529 ἐστιν,
738 5462 806 5534 ἢν
847 5461 959 5532 ἐγὼ
1002 5460 1158 5515 δώσω
1201 5459 1340 5531 ὑπὲρ
1360 5459 1458 5530 τῆς
1485 5458 1579 5512 τοῦ
1610 5458 1816 5528 κόσμοι,

231 5547 398 5617 ζωῆς.

301 5605 373 5684 δέ
411 5630 707 5701 Ἐμάχοντο
738 5621 827 5683 οῦν
873 5625 1006 5697 πρὸς
1041 5625 1304 5696 ἀλλήλους
1345 5623 1395 5677 οί
1438 5605 1698 5688 Ἰουδαῖοι,
1730 5621 1820 5676 λέ-

233 5725 448 5783 γοντες·
488 5713 612 5778 Πῶς
655 5711 874 5769 δύναται
917 5704 1071 5774 οὗτος
1115 5710 1242 5780 ἡμῖν
1273 5707 1456 5764 δοῦναι
1496 5707 1598 5778 τὴν
1641 5707 1819 5779 σάρκα

237 5797 427 5867 φαγεῖν
447 5813 465 5866 ;

1841 4521 1888 4580 D
1913 4540 1980 4594 δι’
2010 4543 2133 4612 ἐμέ.

1983 4624 2052 4679 58
2084 4619 2254 4689 Οὗτός
2281 4626 2428 4681 ἐστιν
2452 4627 2481 4680 6
2506 4626 2672 4698 ἄρτος
2699 4627 2728 4681 6
2761 4628 2825 4680 ἐκ
2848 4625 2943 4680 τοῦ
2968 4626 3198 4698 ούρανοῦ
3229 4627 3474 4691 καταϐάς
3491 4644 3506 4659 ·

1911 4708 1973 4761 οὐ
2017 4708 2202 4772 καθὼς
2253 4708 2458 4778 ἔφαγον
2499 4712 2547 4763 οἰ
2595 4711 2832 4782 πατέρες
2873 4710 3031 4781 ὑμῶν
3078 4709 3140 4763 τὸ
3178 4712 3373 4781 μάννα,
3415 4711 3506 4764 καὶ

1913 4791 2205 4846 ἀπέθανον.
2241 4792 2301 4846 '0
2337 4792 2568 4864 τρώγων
2600 4793 2788 4848 τοῦτον
2814 4793 2906 4848 τὸν
2939 4793 3125 4866 ἄρτον,
3165 4794 3390 4865 ζήσεται
3427 4794 3506 4854 εἰς

1911 4874 2004 4928 τὸν
2039 4874 2230 4930 αἰῶνα.

1983 4957 2054 5012 59
2078 4957 2266 5012 Ταῦτα
2292 4954 2446 5012 εἶπεν
2477 4959 2537 5012 ἐν
2569 4961 2880 5030 συναγωγῇ,
2903 4958 3170 5013 διδάσκων
3195 4959 3254 5013 ἐν
3282 4960 3509 5029 Καπερ-

1914 5040 2045 5096 ναού
2053 5059 2113 5112 μ.

1985 5124 2053 5179 60
2081 5123 2272 5177 Πολλοί¹
2299 5118 2394 5177 οῦν
2424 5123 2754 5186 ἀκούσαντες
2782 5125 2847 5177 ἐκ
2882 5121 2990 5176 τῶν
3021 5123 3280 5194 μαθητῶν
3315 5123 3504 5189 αὑτοῦ,
3553 5182 3560 5189 _

1915 5201 2096 5261 εἶπον·
2137 5209 2378 5280 Σκληρός
2411 5210 2558 5262 ἐστιν
2583 5202 2737 5272 οὗτος
2765 5210 2793 5261 6
2818 5207 2973 5276 λόγος
2991 5225 3008 5240 ·
3032 5209 3112 5272 τίς
3145 5208 3366 5262 δύναται
3403 5208 3505 5262 αὐ-

1915 5291 2010 5344 τοῦ
2043 5290 2265 5345 ἀκούειν
2284 5309 2300 5358 ;

1987 5373 2050 5428 61
2089 5374 2260 5438 Εἰδὼς
2299 5373 2356 5427 δὲ
2389 5375 2420 5427 6
2457 5372 2664 5444 Ἰησοῦς
2713 5373 2772 5428 ἐν
2818 5371 2996 5445 ἑαυτῷ
3041 5373 3123 5432 ὅτι
3175 5371 3508 5442 γογγύζουσι

1919 5459 2048 5531 περὶ
2073 5458 2267 5512 τούτου
2291 5460 2341 5511 οἰ
2375 5457 2614 5530 μαθηταὶ
2651 5457 2837 5526 αὑτοῦ,
2878 5452 3032 5512 εἶπεν
3075 5457 3284 5522 αὐτοῖς·
3336 5457 3506 5512 Τοῦτο

1918 5543 1948 5595 ύ
1957 5544 2066 5613 μᾶς
2101 5540 2445 5605 σκανδαλίζει
2467 5559 2482 5607 ;

1989 5623 2058 5679 6')
2101 5615 2228 5678 Ἐὰν
2253 5621 2346 5679 οὖν
2367 5625 2609 5696 θεωρῆτε
2636 5625 2729 5679 τὸν
2757 5625 2887 5681 Υίὸν
2925 5624 3020 5680 τοῦ
3056 5622 3346 5696 ἀνθρώπου
3370 5623 3506 5680 ἀνασ-

1919 5707 2169 5764 ϐαίνοντα
2192 5709 2328 5764 ὅπου
2354 5705 2423 5781 ἦν
2442 5709 2502 5763 τὸ
2523 5707 2793 5782 πρότερον
2817 5727 2831 5777 ;
