3982 6398
566 306 689 362 863'

1841 296 2053 355 NONNI
2092 293 2603 353 PANOPOLITANI
3718 306 3792 365 80‘

576 426 676 478 hec
719 416 1223 490 intelligentes?65
1268 416 1511 487 Spiritus
1556 421 1642 472 est
1668 414 1957 472 viviﬁcans
2005 431 2148 486 prte-

2272 413 2325 469 35
2354 415 2578 485 Πνεῦμα
2610 414 2765 467 πέλει
2799 413 3043 487 ζωαρκὲς
3072 417 3406 490 ὑπέρτερον⁸
3436 419 3697 490 ἀλλογενὴς
3714 424 3761 475 δὲ

571 515 848 570 stantior:
902 510 1211 581 alienigena
1252 520 1436 564 autem
1477 508 1677 565 Carnis
1727 508 2008 564 terrestris
2058 507 2160 560 hu-

572 619 735 659 mana
764 611 964 657 natura
1012 600 1152 655 nihil
1200 600 1467 670 proderit.
1513 597 1843 653 Sermonum
1888 612 2018 652 vero
2055 612 2160 651 no-

578 702 821 750 strorum
858 695 1038 748 ﬂuxus
1064 694 1286 748 divinus
1317 708 1455 763 quos
1489 689 1766 756 dico,Vita
1789 690 1954 744 simul
1979 698 2029 744 et
2052 690 2163 759 spi-

574 787 717 841 ritus
755 795 860 848 est,
897 795 951 841 et
989 800 1118 840 vera
1154 799 1281 839 vox.
1320 784 1389 838 6t
1435 782 1538 838 Sed
1580 781 1800 852 quidam
1828 789 1959 837 sunt
1987 780 2166 834 incre-

574 874 691 929 duli
722 875 1007 946 insipienti
1049 875 1223 929 rabie.
1268 868 1489 927 Scieb'at
1522 873 1666 928 enim
1714 872 1937 941 quinam
1982 877 2167 925 essent

578 968 675 1036 qui
709 975 947 1021 mentem
977 966 1253 1021 habebant
1287 972 1589 1027 errantem,
1618 961 1803 1017 Fidem
1835 960 1889 1015 in
1916 961 2053 1014 mari
2082 976 2165 1016 er-

575 1059 831 1113 rantibus
858 1058 1270 1112 committentes
1306 1056 1505 1119 ventis,
1530 1054 1598 1108 Et
1623 1054 1848 1125 quinam
1881 1053 1966 1106 vir
1986 1054 2167 1122 ipsum

582 1157 732 1207 esset
783 1148 989 1204 Judaeis
1048 1150 1390 1219 proditurus,
1448 1146 1703 1218 Argentei
1752 1145 1927 1199 morbi
1985 1152 2168 1199 mente

579 1244 826 1313 agitatus
855 1241 1106 1295 stimulo.
1147 1240 1218 1294 65
1250 1240 1314 1293 Et
1347 1240 1481 1310 ipsis
1515 1237 1632 1294 Rex
1663 1234 1802 1292 dixit
1832 1255 1845 1290 :
1885 1236 2010 1291 Ideo
2040 1243 2170 1289 ante

577 1334 691 1387 rlixi
726 1332 885 1387 vobis
914 1350 928 1385 :
966 1330 1086 1385 Non
1122 1341 1301 1401 potest
1329 1331 1613 1384 hominum
1646 1328 1846 1398 aliquis
1882 1328 2071 1381 volens
2100 1325 2167 1380 ad

579 1436 668 1474 me
687 1420 893 1485 venire,
923 1419 1037 1473 Nisi
1062 1436 1092 1473 e
1117 1429 1308 1473 nostro
1332 1420 1535 1474 charus
1564 1418 1675 1472 Deo
1711 1418 1792 1471 vir
1818 1415 1932 1470 Hoc
1968 1430 2170 1470 munus

578 1508 856 1577 receperit
894 1508 1134 1562 donante
1168 1506 1350 1562 Patre.
1390 1507 1459 1562 66
1494 1507 1667 1575 Cujus
1699 1507 1871 1576 gratia
1915 1504 2168 1559 infirmus

577 1599 902 1670 retrogrado
933 1600 1068 1669 pede
1102 1598 1386 1664 incedens,
1425 1598 1678 1652 Recessit
1710 1596 1901 1667 procul
1946 1597 2170 1650 venien-

579 1690 716 1744 tium
766 1690 1092 1760 peregrinus
1138 1698 1318 1744 coetus
1370 1689 1649 1742 sociorum
1697 1704 1710 1741 :
1763 1686 1884 1740 Non
1934 1684 2170 1753 amplius

2266 505 2478 575 Σαρκδς
2500 505 2811 576 ὲπιχθονίης
2840 506 3038 578 βροτέη
3064 508 3229 576 φύσις
3264 510 3417 563 οὐδὲν
3440 511 3632 581 ὀνήσει.

2265 598 2470 654 Μύθων
2496 600 2540 653 δ’
2574 599 2860 671 ἡμετέρων
2889 600 3010 671 ῥόος
3041 601 3222 665 ἔνθεος
3251 602 3347 665 οὓς
3379 603 3634 674 ἀγορεύω,

2268 691 2392 762 Ζωὴ
2420 690 2555 761 ὁμοῦ
2587 692 2682 744 καὶ
2705 691 2922 761 πνεῦμα
2954 693 3125 757 πέλει,
3156 693 3255 747 καὶ
3284 695 3549 765 ἐτήτυμος
3575 697 3718 768 ὀμφή.

2267 782 2336 835 64
2374 782 2533 836 Ἀλλά
2559 799 2706 845 τινες
2738 784 3002 851 γεγάασιν
3028 784 3284 849 ἀπαθέες
3317 786 3508 857 ἄφρονι
3536 787 3707 861 λύσςῃ.

2271 874 2436 945 ’ᾘδεε
2467 873 2577 947 γὰρ
2604 875 2748 938 τίνες
2774 870 2915 946 ἦσαν
2940 877 3055 929 ὅσοι
3083 879 3201 931 νόον
3236 872 3384 948 εἶχον
3413 878 3628 950 ἀλήτην,

2268 963 2461 1019 Πίστιν
2494 966 2909 1021 ἀλιπλανέεσσιν
2948 969 3346 1039 ἐπιτρέψαντες
3377 970 3608 1034 ἀέλλαις.

2269 1056 2379 1108 Καὶ
2404 1058 2491 1120 τίς
2520 1059 2659 1129 ἀνήρ
2694 1076 2786 1129 μιν
2816 1058 3041 1130 ἔμελλεν
3080 1062 3361 1125 Ἰουδαίοις
3392 1061 3722 1131 παραδώσειν,

2282 1148 2585 1221 Ἀργυρέης
2624 1150 2834 1203 νούσοιο
2857 1152 2978 1204 νόον
3009 1153 3191 1223 δεδονη
3202 1153 3365 1223 μένος
3391 1153 3601 1225 οἴστρῳ.

2270 1238 2339 1293 65
2352 1240 2460 1293 Καί
2476 1258 2599 1309 σφιν
2622 1241 2790 1307 ’Λναξ
2802 1242 3084 1315 ἀγόρευεν·
3101 1244 3269 1297 Ὅθεν
3286 1246 3459 1316 πάρος
3475 1246 3672 1303 ἔννεπον
3686 1247 3787 1317 ὑμῖν

2271 1332 2345 1385 Ού
2375 1331 2598 1385 δύναται
2632 1332 2889 1402 μερόπων
2918 1351 3000 1396 τις
3038 1333 3289 1399 ἑκούσιος
3323 1336 3402 1398 είς
3430 1335 3528 1405 ἐμὲ
3559 1335 3745 1405 βαίνειν,

2272 1425 2334 1477 Ei
2373 1424 2447 1495 μὴ
2476 1424 2566 1492 ἀφ’
2597 1424 2890 1494 ἡμετέροιο
2921 1425 3042 1495 Θεῷ
3076 1426 3447 1496 πεφιλημένος
3474 1426 3606 1497 ἀνὴρ

2272 1516 2445 1569 Τοῦτο
2473 1516 2642 1586 γέρας
2670 1516 2884 1582 δέξαιτο
2913 1516 3300 1588 χαριζομένοιο
3328 1519 3547 1588 Τοκῆος.

2272 1608 2340 1663 66
2370 1603 2445 1662 υῦ
2476 1608 2637 1679 χάριν
2668 1608 2996 1680 ἀστήρικτος
3024 1609 3376 1680 όπισθοπόρῳ
3405 1610 3520 1663 ιιτοδλ⁸
3546 1610 3727 1679 βαίνων,

2272 1700 2485 1764 Χάζετο
2514 1700 2831 1771 τηλεπόρων
2863 1702 3226 1772 μετανάπιος
3258 1701 3423 1772 ἐσμὸς
3452 1703 3686 1773 ἑταίρωνο

580 1789 764 1835 autem
801 1790 860 1834 ut
910 1788 1094 1843 antea,
1128 1781 1446 1834 mutabilem
1478 1793 1687 1833 morem
1730 1778 1973 1840 varians,
2002 1776 2167 1831 Citri-

2275 1762 2473 1846 ούιιέτι
2515 1762 2664 1854 δ”ὼς
2708 1762 3021 1864 τοπάροιθε,
3068 1762 3419 1865 μετάτροπον
3451 1762 3576 1864 ἦθος
3594 1794 3786 1865 ἀμείόας,

583 1879 731 1925 stum
767 1869 1104 1939 sequebatur
1139 1870 1359 1923 iterum.
1398 1868 1467 1921 67
1506 1864 1809 1934 lnspiciens
1848 1871 2029 1917 autem
2064 1861 2174 1933 74

583 1959 849 2016 Dominus
901 1961 1241 2015 instabilium
1304 1960 1466 2013 aliter
1519 1957 1846 2029 sentientem
1908 1954 2171 2025 populum

582 2052 867 2105 sociorum
916 2049 1133 2106 Rursus
1188 2057 1540 2104 revocantem
1591 2048 1859 2101 advenam
1908 2047 2171 2116 populum

580 2151 883 2209 errantem,
917 2140 1064 2196 Dixit
1099 2141 1277 2211 magis
1306 2140 1559 2195 ﬁdelibus
1599 2137 1888 2193 duodecim
1916 2135 2172 2190 omnibus

580 2233 911 2304 discipulis:
962 2232 1108 2288 Num
1155 2249 1283 2288 cum
1328 2232 1606 2288 extraneis
1654 2231 1733 2285 ire
1793 2228 2067 2284 festinatis
2115 2232 2170 2281 et

584 2324 691 2396 ipsi
726 2326 1021 2397 Legitimi?
1048 2340 1179 2380 num
1213 2326 1421 2395 spuriis
1460 2325 1670 2380 similes
1706 2330 1837 2378 sunt
1863 2319 2163 2390 discipuli?

582 2419 653 2473 68
685 2418 751 2471 Et
780 2419 829 2473 ei
863 2419 1058 2474 Petrus
1089 2418 1249 2481 dixit,
1279 2426 1509 2473 vocatus
1551 2416 1773 2472 nomine
1814 2413 2004 2468 Simon
2033 2431 2046 2467 :
2091 2412 2173 2467 Ad

580 2526 747 2579 quem
785 2511 954 2565 alium
987 2511 1421 2580 praestantiorem
1461 2508 1790 2565 veniemus?
1827 2507 1998 2562 habes
2026 2505 2173 2561 enim

584 2600 723 2657 Vitae
747 2610 965 2658 αξιοι-ηδε
988 2603 1277 2658 melliﬂuos
1299 2602 1480 2657 ﬂuxus
1497 2602 1786 2656 verborum
1814 2617 1826 2651 :
1858 2598 1927 2653 69
1946 2598 2011 2652 Et
2031 2598 2176 2669 prio-

584 2692 742 2745 ribus
766 2692 1008 2748 scientes
1031 2709 1142 2747 non
1169 2693 1463 2748 silentibus
1487 2708 1554 2747 ex
1587 2691 1741 2747 libris
1769 2690 1888 2745 Non
1926 2697 2175 2746 errantes

584 2783 868 2839 credimus
904 2798 1012 2839 una
1047 2792 1101 2839 et
1136 2786 1519 2839 consentiente
1546 2784 1851 2847 voluntate,
1880 2780 2038 2847 Quod
2080 2781 2175 2837 Dei

583 2883 644 2929 tu
681 2875 835 2931 solus
873 2884 1104 2932 sanctus
1141 2892 1224 2932 es.
1262 2875 1332 2929 70
1368 2874 1737 2945 Suaviloquus
1775 2889 1907 2929 vero
1948 2874 2178 2943 Expres-

584 2982 709 3021 sum
737 2967 875 3021 dixit
899 2982 1209 3023 sermonem
1234 2966 1350 3023 Rex
1378 2966 1605 3022 credulo
1630 2965 1794 3020 Petro
1818 2983 1833 3021 :
1858 2963 1970 3020 Vos
1996 2979 2178 3020 nonne

583 3065 824 3114 mentem
868 3074 1085 3116 omnem
1120 3075 1222 3132 ego
1266 3075 1449 3115 solens
1475 3059 1718 3114 virorum
1760 3055 1840 3111 Ex
1880 3056 2065 3111 multis
2095 3070 2176 3110 se—

582 3164 730 3236 legi?
756 3174 812 3221 et
855 3182 1000 3222 unus
1033 3174 1433 3220 annumeratus
1465 3163 1622 3219 vobis
1664 3160 1917 3227 Hostilis,
1949 3160 2177 3215 mutabi-

583 3274 676 3340 lis,
706 3274 1046 3330 domesticus
1074 3283 1160 3331 est
1182 3273 1494 3344 discipulis,
1528 3272 1793 3327 Diabolus
1821 3285 2000 3341 novus
2032 3267 2174 3340 apud

583 3384 842 3448 posteros
867 3377 962 3446 qui
987 3375 1240 3431 dicetur?
1261 3375 1321 3429 7t
1350 3375 1518 3438 Dixit,
1544 3374 1866 3445 signiﬁcans
1891 3371 2177 3426 convicto-

583 3496 700 3535 rem
750 3479 1097 3544 lscariotam,
1143 3478 1329 3534 Miseri
1371 3478 1615 3533 Simonis
1662 3477 1956 3532 subdolum
2007 3474 2175 3527 (ilium

582 3583 807 3638 ludam.
838 3581 939 3637 llic
971 3582 1119 3638 enim
1160 3583 1342 3652 ipsum
1369 3582 1678 3637 traditurus
1705 3590 1822 3636 erat
1851 3578 2005 3634 vitali
2042 3578 2175 3642 fato,

584 3689 736 3742 Auro
762 3687 1074 3752 insaniens,
1105 3686 1464 3741 fraudulentae
1494 3686 1734 3740 delatum
1764 3686 1819 3740 in
1853 3693 1969 3745 rete
1992 3695 2179 3756 captu-

585 3804 681 3857 m,
715 3789 867 3845 Unus
891 3791 1171 3847 exsistens
1201 3789 1479 3845 sociorum
1505 3788 1818 3845 duodecim.

1218 3963 1375 4021 CAP.
1418 3964 1530 4020 Vll.

655 4126 679 4180 1
728 4125 793 4181 Ει
834 4136 966 4181 tunc
999 4124 1256 4179 habitans
1306 4122 1571 4177 Dominus
1615 4121 1690 4177 ibi
1742 4121 1966 4187 mansit,
2004 4123 2178 4177 malo-

580 4236 703 4275 rum
752 4218 1118 4274 tolerantibus
1145 4215 1378 4287 pedibus
1412 4213 1638 4269 Terram
1685 4214 1753 4269 ad
1790 4229 1942 4269 mare
1977 4213 2176 4268 funda-

582 4323 690 4367 tam
744 4312 1046 4382 pervadens
1092 4309 1347 4364 Galilteat.
1382 4306 1501 4362 Non
1564 4307 1710 4362 enim
1750 4304 2067 4361 Iudaeorum
2117 4306 2172 4360 in

581 4405 700 4457 solo
728 4402 949 4457 volebat
994 4408 1190 4457 sancto
1240 4398 1549 4463 ambulare,
1594 4399 1735 4467 Quia
1771 4400 1950 4471 ipsum
1990 4399 2173 4454 fallaci

2272 1883 2495 1956 Χριστῷ
2529 1885 2893 1956 ἐφωμάρτησε
2918 1886 2979 1939 τὸ
3011 1885 3284 1957 δεύτερον.
3321 1886 3387 1939 67
3419 1886 3661 1955 Είοορόων
3682 1886 3725 1937 δὲ

2274 1972 2381 2043 75
2419 1974 2687 2047 Κοίρανος
2721 1974 3000 2030 ἀπαθὲων
3025 1977 3361 2051 ἑτερόφρονα
3388 1976 3509 2029 λαὸν
3541 1975 3727 2046 ἑταίρων

2277 2066 2385 2135 ’Ὰψ
2411 2066 2844 2138 ἀνασειράζοντα
2876 2067 3151 2140 μετήλυδα
3180 2067 3310 2120 λαὸν
3333 2068 3549 2139 ἀλήτην,

2278 2154 2511 2208 Ἐννεπε
2542 2154 2907 2226 πιστοτέροισι
2945 2154 3193 2209 δυώδεκα
3221 2157 3355 2209 πᾶσι
3387 2156 3648 2227 μαθηταῖς,

2272 2240 2352 2299 Ἦ
2382 2248 2450 2316 ῥα
2482 2248 2579 2301 σὺν
2609 2247 2955 2301 ἀλλοδαποῖσι
2997 2247 3182 2318 μολεῖν
3217 2247 3510 2319 σπέρχεσθε
3534 2247 3747 2300 καὶαύτοὶ

2272 2339 2491 2409 Γνήσιοι
2515 2356 2530 2406 ;
2565 2334 2600 2409 ἦ
2626 2342 2697 2409 ῥα
2724 2339 2956 2393 νόθοισιν
2985 2340 3187 2410 ὁμοίῖοί
3215 2341 3321 2393 είσι
3347 2339 3568 2411 μαθηταί
3590 2357 3603 2404 ;

2274 2431 2344 2487 68
2374 2432 2483 2486 Καί
2506 2433 2555 2485 οἱ
2583 2432 2789 2504 Πέτρος
2819 2430 2989 2497 ἔλεξε,
3024 2432 3302 2504 βοώμενος
3322 2432 3518 2504 οὕνομα
3547 2432 3716 2500 Σίμων’

2274 2523 2421 2593 Πρὸς
2450 2524 2570 2577 τίνα
2605 2524 2867 2595 φέρτερον
2909 2523 3067 2577 ἄλλον
3104 2524 3401 2595 ἱκάνομεν;
3431 2523 3686 2594 ἀμφιέπεις
3707 2521 3778 2589 γὰρ

2276 2616 2430 2686 Ζωῆς
2462 2616 2679 2670 ἀενάοιο
2711 2616 3011 2688 μελίρρυτα
3041 2616 3297 2687 χεύματα
3329 2616 3504 2686 μύθων

2276 2705 2344 2761 69
2371 2705 2481 2760 Καὶ
2515 2708 2795 2778 προτέρων
2820 2707 3082 2769 δεδαῶτες
3116 2708 3396 2779 ἀσιγήτων
3419 2705 3520 2761 ἀπὸ
3544 2705 3701 2776 βίϐλων

2289 2798 2581 2862 Ἀπλανὲες
2613 2799 2919 2871 πιθόμετθα
2952 2802 3048 2870 μιῇ
3080 2801 3181 2853 καὶ
3213 2801 3467 2872 ὁμόφρονι
3497 2799 3654 2869 βουλῇ,

2277 2890 2432 2942 Ὅττι
2458 2889 2593 2943 Θεοῦ
2631 2890 2696 2943 σὺ
2725 2890 2883 2961 μόνος
2911 2892 3067 2959 ἆγιος
3092 2894 3277 2958 πέλες.
3307 2895 3374 2947 70
3402 2892 3640 2959 Ἣδυεπὴς
3660 2887 3701 2940 δὲ

2288 2979 2604 3033 Ἀντίτυπον
2634 2980 2771 3049 φάτο
2801 2981 2969 3051 μῦθον
2990 2984 3163 3047 ’Δναξ
3189 2984 3470 3054 πειθήμονι
3492 2980 3679 3050 Πέτρῳ·

2202 3105 2244 3161 c
2284 3071 2495 3142 "Tlléa;
2523 3072 2584 3125 οὐ
2616 3072 2790 3142 φρένα
2818 3076 2997 3127 πᾶσαν
3027 3073 3137 3143 ἐγὼ
3168 3075 3483 3146 δεδαημένος
3506 3069 3676 3141 ἀνδρῶν

2292 3163 2386 3215 Ἐκ
2412 3162 2617 3216 πολέων
2648 3162 2871 3233 ἔκρινας
2902 3164 2996 3217 καὶ
3024 3162 3105 3229 εἷς
3134 3166 3444 3237 ἐναρίθμιος
3473 3164 3587 3232 ὑμῖν

2278 3256 2455 3326 Δήϊος,
2486 3255 2937 3333 ἀλλοπρόσαλλος,
2965 3257 3222 3326 όμέστιός
3242 3260 3357 3310 ἐστι
3392 3253 3644 3326 μαθηταῖς,

2287 3344 2543 3409 Διάϐολος
2564 3346 2683 3407 νέος
2711 3343 2869 3408 ἄλλος
2906 3346 2964 3397 ὲν
2988 3346 3323 3414 ὀψιγόνοισιν
3353 3345 3579 3407 ἁκούωνς

2282 3436 2344 3490 71
2380 3438 2631 3499 Ἕννεπε,
2668 3437 2951 3509 σημαίνων
2980 3437 3309 3509 ὁμοδόρπιον
3350 3433 3678 3507 Ἰσκαριώτην,

2279 3529 2568 3581 Αίνοτόκου
2596 3529 2841 3599 Σίμωνος
2872 3529 3169 3584 ἐπίκλοπον
3202 3532 3315 3585 υἱὸν
3349 3529 3549 3583 Ἰούδαν.

2279 3619 2455 3682 Αὐτὸς
2483 3620 2589 3690 γάρ
2621 3638 2711 3691 μιν
2747 3621 2939 3691 ἔμελλε
2967 3625 3154 3694 πορεῖν
3193 3622 3427 3694 ζωαρκέῖ
3451 3620 3633 3688 πότμῳ,

2279 3709 2639 3781 Χρυσομανὴς
2666 3710 2844 3781 δολίης
2878 3712 3255 3783 πεφορημένον
3288 3715 3343 3777 ἐς
3376 3712 3507 3766 λίνον
3536 3709 3689 3777 ἄγρης.

2280 3794 2378 3863 Εἷς
2410 3798 2627 3869 γεγαὼς
2658 3800 2868 3871 ἑτάρων
2961 3804 3299 3860 δυοκαίδεκα.

2935 3976 3090 4029 ΚΕΦ.
3138 3976 3214 4033 Ζ’.

3268 4132 3293 4185 1
3331 4130 3434 4185 Καὶ
3471 4126 3576 4181 τότε
3600 4120 3723 4175 ναίων

2278 4215 2546 4287 Κοίρανος
2574 4216 2759 4272 αὐτόθι
2795 4220 3013 4291 μίμνεν,
3044 4222 3409 4287 ἀνεξικάκοισι
3438 4217 3640 4277 πεδίλοις

2279 4309 2447 4362 Γαῖαν
2481 4308 2817 4382 ἀλικρήπιδα
2851 4311 3171 4383 διαστείχων
3201 4314 3239 4365 Γ
3243 4310 3494 4379 αλιλαίης.

2278 4402 2352 4454 Οὐ
2381 4401 2489 4471 γὰρ
2532 4400 2798 4455 Ἰουδαίων
2826 4402 2988 4456 πέδον
3010 4403 3199 4475 ἤθελεν
3219 4402 3377 4472 ἀγνὸν
3401 4396 3603 4461 ὁδεύειν,

1794 4550 2077 4608 TEXTUS
2111 4551 2643 4608 EVANGELISTA‘}.

652 4694 723 4749 65
746 4694 820 4747 Τὸ
842 4694 1059 4765 πνεῦμά
1090 4695 1207 4747 ἐστι
1231 4695 1292 4749 τὸ
1317 4694 1635 4759 ζωοποιοῦν,
1664 4697 1697 4765 ἡ
1730 4694 1867 4764 σάρξ
1900 4695 1999 4748 οὐκ
2037 4696 2179 4765 ὠφε-
2212 4704 2256 4758 D
2352 4697 2421 4751 68
2463 4698 2761 4770 Ἀπεκρίθη
2780 4694 2875 4753 οῦν
2897 4701 3045 4772 αὐτῷ
3066 4702 3247 4772 Σίμων
3263 4698 3474 4768 Πέτρος
3495 4689 3655 4759 Κύριε,
3674 4676 3762 4749 πρκ

580 4777 664 4831 λεί
690 4777 863 4832 οὐδέν.
892 4778 972 4830 Τὰ
1005 4778 1227 4849 ῥήματα
1247 4776 1284 4832 ἃ
1306 4776 1420 4846 ἐγὼ
1455 4776 1602 4829 λαλῶ
1632 4778 1785 4846 ὑμῖν,
1814 4777 2033 4849 πνεῦμά
2058 4780 2177 4833 ἐστι

581 4862 677 4917 κοιλ¹
708 4863 819 4932 ζωή
850 4864 1019 4916 ἐστιν.

652 4947 723 5001 64-
757 4947 895 5000 Ἀλλ’
910 4949 1046 5001 είσὶν
1074 4946 1133 5011 ἐξ
1158 4947 1186 4999 ύ
1195 4946 1312 5017 μῶν
1334 4964 1479 5009 τινες
1495 4945 1545 4999 οἳ
1559 4946 1621 5000 οὐ
1640 4946 2176 5020 πιστεύουσιν.ᾜδει

579 5027 690 5099 γὰρ
720 5027 779 5092 ἐξ
804 5031 980 5101 ἀρχῆς
1015 5033 1043 5084 6
1080 5031 1286 5101 Ἰησοῦς
1310 5031 1455 5094 τίνες
1501 5032 1638 5084 εἰσιν
1680 5032 1731 5084 οἱ
1778 5032 1854 5103 μὴ
1897 5032 2179 5086 πιστεύον-

580 5127 691 5176 τες,
722 5112 819 5164 καὶ
845 5113 928 5176 τίς
951 5116 1098 5167 ἐστιν
1122 5115 1153 5167 6
1178 5113 1517 5186 παραδώσων
1545 5114 1729 5169 αὐτόν.

652 5194 720 5247 65
764 5196 874 5247 Καὶ
920 5196 1108 5265 ἔλεγε·
1153 5198 1252 5251 Διά
1304 5197 1463 5251 τοῦτο
1500 5197 1701 5270 εἴρηκα
1732 5198 1862 5268 ὑμῖν
1890 5198 1971 5252 ὅτι
2008 5198 2183 5263 οὐδεὶς

579 5275 804 5331 δύναται
832 5278 1004 5331 ἐλθεῖν
1044 5280 1179 5352 πρός
1214 5299 1281 5351 με
1313 5282 1405 5335 ἐὰν
1441 5278 1574 5353 μ.ὴῇ
1613 5280 1897 5351 δεδομένον
1932 5281 2082 5353 αὐτῷ
2116 5283 2181 5334 ἐκ

579 5361 674 5413 τοῦ
705 5361 918 5431 Πατρός
954 5378 1077 5430 μου.

652 5443 721 5496 66
762 5444 858 5497 Ἐκ
883 5443 1073 5495 τούτου
1103 5445 1286 5499 πολλοὶ
1312 5446 1554 5516 ἀπῆλθον
1590 5447 1699 5500 τῶν
1730 5446 1988 5517 μαθητῶν
2014 5446 2176 5500 αὐτοῦ

582 5527 663 5591 εἰς
691 5526 758 5578 τὰ
788 5526 982 5587 ὀπίσω,
1008 5528 1103 5581 καὶ
1124 5528 1307 5580 οὐκέτι
1349 5532 1464 5598 μετ’
1493 5530 1657 5582 αὐτοῦ
1688 5530 2076 5601 περιεπάτουν.

652 5608 720 5663 67
760 5605 925 5661 Εἶπεν
951 5605 1045 5662 οὖν
1073 5612 1102 5664 6
1136 5609 1345 5680 Ἰησοῦς
1366 5614 1477 5675 τοῖς
1506 5611 1737 5665 δώδεκα·
1768 5612 1861 5683 Μὴ
1890 5612 1985 5664 καὶ
2010 5612 2169 5683 ὑμεῖς

586 5682 766 5742 θέλετε
798 5692 1031 5761 ὑπάγειν
1052 5711 1067 5761 ;

2286 4781 2408 4835 τίνα
2428 4781 2872 4852 ἀπελευσόμεθα;
2904 4785 3124 4854 ῥήματα
3155 4784 3295 4855 ζωῆς
3325 4776 3527 4834 αἰωνίου
3547 4773 3682 4841 ἔχεις
3712 4844 3728 4857 _

2356 4862 2425 4919 69
2466 4866 2577 4920 Καὶ
2608 4867 2770 4936 ἡμεῖς
2802 4868 3249 4939 πεπιστεύκαμεν
3276 4865 3365 4920 καὶ
3408 4858 3681 4929 ἐγνώκαμεν
3709 4857 3762 4894 οτι

2287 4948 2351 5001 σὺ
2381 4944 2435 5002 εἶ
2454 4951 2483 5002 6
2502 4950 2737 5021 Χριστὸς
2758 4952 2786 5003 6
2812 4952 2940 5016 Υἱὸς
2968 4952 3061 5006 τοῦ
3083 4951 3217 5006 Θεοῦ
3236 4951 3326 5004 τοῦ
3352 4947 3551 5012 ζῶντος.
3624 5018 3641 5021 ᾼ
3724 5009 3731 5019 ι

2355 5034 2426 5087 ⁷ο
2470 5018 2767 5106 Ἀτέεκρίοη
2794 5036 2976 5099 αὐτοῖς
2995 5038 3024 5089 ὁ
3056 5035 3281 5109 Ἰησοῦς·
3306 5032 3412 5086 οὐκ
3430 5018 3762 5109 assii”???

2283 5114 2492 5171 δώδεκα
2520 5098 2874 5190 ἐξελεξάμην,
2908 5098 3000 5173 καὶ
3030 5118 3089 5185 ἐξ
3109 5098 3261 5190 ύμῶν
3291 5111 3367 5177 εἷς
3404 5102 3616 5193 διάϐολός

2357 5201 2416 5253 7|
2460 5183 2655 5269 Ἔλεγε
2688 5183 2759 5255 δὲ’
2789 5183 2881 5256 έδν
2935 5183 3158 5257 Ἰούδαν
3184 5202 3415 5271 Σίμωνος
3460 5183 3755 5271 hiemi

2281 5277 2435 5347 οὗτος
2457 5284 2566 5357 γὰρ
2595 5257 2831 5356 ἤμελλεν
2856 5286 3020 5341 αὐτὸν
3050 5257 3407 5359 παραδιδόναι,
3432 5268 3503 5336 εἷς
3523 5268 3588 5321 ὢν
3614 5264 3664 5314 ἐκ
3686 5257 3757 5307 τῶν

2280 5367 2515 5422 δώδεκα.

2522 5456 2527 5462 ‘
2938 5456 3097 5509 ΚΕΦ.
3137 5457 3208 5509 z'.
3437 5526 3459 5531 _
3553 5519 3564 5531 .

2356 5535 2378 5587 1
2426 5534 2535 5588 Καὶ
2565 5538 2888 5609 περιεπάτει
2918 5541 2945 5593 6
2976 5540 3182 5612 Ἰησοῦς
3217 5533 3345 5608 μετά
3370 5526 3521 5583 ταῦτα
3549 5526 3596 5569 ἐν

2278 5616 2479 5688 maia."
2512 5619 2572 5671 οὐ
2601 5619 2711 5691 γὰρ
2740 5621 2930 5691 ἤθελεν
2959 5625 3017 5675 ὲν
3046 5627 3110 5695 τῇ
3154 5617 3368 5685 Ἰουδαίᾳ
3398 5614 3621 5679 περιπατε

2277 5698 2506 5771 ιζήτουν
2532 5702 2695 5758 αὑτὸν
2720 5706 2770 5757 oi
2813 5706 3057 5761 Ἰουδαῖοι
3088 5703 3411 5761 ἀποκτεῖναι.

3614 5511 3663 5579 τῇ
3684 5502 3753 5556 Γα·

3626 5597 3679 5657 ἰν,
3696 5584 3752 5638 ὅτι
