3982 6402
301 330 415 390 805

291 444 455 499 Ὅττι
480 459 575 513 μιν
598 443 880 518 ἠπεροπῆῖ
908 445 1046 519 δόλῳ
1079 448 1365 519 μενέαινον
1391 453 1610 507 ὀλέσσαι

290 529 430 600 Υἷες
463 535 751 605 Ἰουδαίων,
773 539 905 610 ὁσίῳ
931 540 1215 611 χαίροντες
1236 542 1359 597 όλέθ
1369 562 1466 616 ρῳ.

289 623 331 679 2
358 621 471 680 Ἦν
492 626 550 681 δέ
577 627 699 700 Θεῷ
726 630 1006 703 πάνδημος
1035 633 1251 704 ἐτήσιος
1285 637 1453 705 ἐγγὺς
1473 637 1658 711 ἐορτὴ,

293 717 683 789 Πηγνυμέναις
703 721 976 796 κλισίῃσιν
999 724 1308 792 ἐπώνυμος.
1339 728 1374 783 5
1420 729 1733 802 ’Δγχίμολοι
1765 731 1823 785 δὲ

293 806 501 863 Γνωτοὶ
531 809 815 880 ψευδαλέοι
847 813 1184 885 τετράζυγες
1205 812 1322 884 υἷες
1356 819 1578 894 Ἰωσὴφ,

291 899 536 972 Χριστὸν
559 904 1004 977 ἐπισπέρχοντες,
1034 906 1299 980 όμόθροον
1324 910 1475 982 ἴαχον
1504 912 1675 984 αὐδήν
1702 928 1717 945 ο

305 989 592 1048 Ἐντεῦθεν
618 994 906 1065 μετάϐηθι,
932 996 1049 1065 καὶ,
1071 997 1277 1052 ὁππότε
1302 1000 1493 1072 κῶμος
1525 1002 1741 1074 ἑορτῆς,

292 1082 543 1138 Σπεῦσον
582 1084 842 1156 ἰουδαίης
866 1088 1211 1160 όμοτέρμονα
1232 1092 1399 1158 γαῖαν
1420 1091 1644 1158 ὁδεύειν,

297 1176 488 1246 Ὄφρα
515 1177 992 1248 μεταστρέψαντες
1020 1181 1249 1235 ἀπειθέα
1269 1182 1399 1237 λαὸν
1422 1184 1649 1256 ἀλήτην,

308 1264 571 1338 Ἀρχαίην
602 1266 695 1320 σέο
723 1268 906 1322 πίστιν
929 1270 1321 1344 ἀνακτήσοιντο
1349 1275 1614 1346 μαθηταὶ,

295 1357 351 1427 7
366 1358 426 1428 Β
449 1358 776 1430 Δερκόμενοι
810 1360 967 1416 σέθεν
985 1362 1122 1436 ἔργα
1150 1365 1303 1438 σοφῷ
1324 1368 1687 1439 τετελεσμένα
1712 1368 1891 1441 μύθῳ.

293 1447 331 1501 4
357 1448 436 1503 οὐ
467 1446 580 1519 γάρ
601 1465 689 1513 τις
719 1450 978 1522 μερόπων
1005 1453 1340 1510 ύποκόλπιον
1365 1456 1528 1530 ἔργον
1551 1459 1790 1529 ὑφαίνει,

297 1536 370 1589 νε
380 1553 512 1608 ργον
537 1536 762 1609 ἀθηήτῳ
783 1540 1205 1613 κεκαλυμμένον
1234 1546 1398 1617 ἀχλύῖ
1426 1548 1607 1620 σιγῆς,

307 1629 622 1701 Ἀμφαδίην
649 1631 695 1684 δ’
717 1630 895 1686 ἐθέλει
929 1634 1139 1707 θρασὺς
1172 1638 1430 1711 ἔμμεναι,
1466 1642 1529 1695 Ei
1560 1642 1686 1697 τάδε
1714 1642 1893 1714 ῥέξεις

292 1722 528 1777 Ποικίλα
560 1722 837 1795 θαύματα,
867 1725 1045 1794 δεῖξον
1070 1729 1325 1803 ὁρώμενα
1352 1732 1610 1805 θαύματα
1639 1735 1853 1806 κόσμῳ.

296 1812 333 1866 5
362 1814 498 1868 Τοῖα
526 1814 706 1887 μάτην
737 1818 1026 1890 ἀγόρευον,
1055 1821 1313 1887 ἀπειθέες
1335 1818 1535 1896 οἷάπερ
1563 1824 1737 1880 ἄλλοι·

294 1905 539 1976 Χριστοῦ
568 1908 1278 1983 παμμεδέοντος’ἀόελφειοί
1306 1932 1413 1985 περ
1441 1915 1644 1981 ἐόντες,

295 1995 524 2061 Πίστιος
549 1997 793 2061 ἀπλανὲς
819 1994 955 2071 ἦθος
976 2001 1374 2075 ἀπηρνήσαντο
1406 2005 1501 2060 καὶ
1533 2006 1710 2060 αὐτοί.

293 2086 332 2143 6
360 2086 470 2143 Καί
499 2105 629 2160 σφιν
657 2090 826 2158 Ἀναξ
845 2092 1109 2165 ἀγόρευεν
1140 2095 1419 2168 ἀμοιϐαίφ
1438 2098 1544 2153 τινὶ
1575 2097 1750 2170 μύθῳ’

293 2179 471 2235 Οὔπω
492 2182 707 2255 καίριος
736 2179 902 2256 ἦλθεν
925 2186 1058 2257 ἐμὸς
1083 2186 1295 2260 χρόνος·
1328 2188 1595 2262 ὑμέτερος
1620 2191 1680 2244 δὲ

292 2272 579 2328 Πέπταται
610 2273 731 2329 αίέν
753 2275 990 2348 ἑτοῖμος,
1024 2277 1331 2350 ἐλεύθερος.
1354 2279 1386 2332 7
1416 2280 1491 2333 Οὐ
1521 2279 1745 2335 δύναται
1780 2278 1891 2355 γάρ

291 2364 623 2436 Ζηλομανής
647 2381 783 2421 ποτε
817 2367 1025 2439 κόσμος
1054 2369 1282 2443 ἐθήμονι
1316 2369 1545 2425 λαίλαπι
1573 2369 1784 2443 λύσσης

306 2455 519 2526 Ὑμέας
553 2458 852 2530 ἐχθαίρειν·
876 2461 979 2532 ἐμὲ
1012 2461 1070 2515 δὲ
1095 2461 1316 2531 στυγέει
1339 2462 1434 2517 καὶ
1460 2461 1677 2516 ἐλαύνει

290 2550 594 2622 Θαρσήειςσ
633 2551 717 2605 ὅτι
752 2549 953 2623 μοῦνος
977 2551 1191 2622 ἀφειδέῖ
1219 2553 1457 2624 μάρτυρι
1491 2555 1644 2625 φωνῇ

305 2641 535 2706 Ἦθάδος
563 2642 886 2714 ἀμπλακίης
913 2644 1195 2720 ἐγκύμονα
1231 2646 1438 2716 κόσμον
1466 2644 1696 2717 ἐλέγχω,

295 2734 484 2804 Ἔργα
508 2733 686 2805 τάπερ
711 2733 888 2788 τελέει
919 2734 1091 2806 βοόων
1111 2734 1369 2807 ἀλλότρια
1394 2735 1602 2808 θεσμῷ.

292 2825 329 2881 8
364 2824 557 2896 Ὑμεῖς
584 2824 897 2880 εύκελάδοιο
932 2826 1219 2899 μετέλθετε
1248 2826 1436 2899 κῶμον
1462 2826 1677 2899 ἑορτῆς*

292 2912 470 2968 οὔπω
494 2912 607 2983 ἐγὼ
630 2914 851 2979 κλισίας
877 2915 1187 2985 νεοπηγέας
1215 2915 1343 2987 ἄρτι
1372 2914 1675 2986 γεραίρων,

290 3007 397 3071 Ek
414 3005 636 3078 τελετὴν
658 3006 817 3079 όσίην
842 3007 1198 3079 ἐπιϐήσομαι⁸
1228 3006 1504 3079 ἡμετέρου
1530 3005 1643 3078 γάρ

294 3096 470 3152 Οὔπω
486 3114 576 3168 μοι
592 3097 876 3152 τετέλεστο
892 3098 1089 3170 χρόνου
1117 3098 1339 3169 δρόμος.
1358 3097 1392 3152 9
1414 3098 1508 3161 Ὣς
1527 3099 1555 3151 ό
1575 3098 1675 3168 μὲν
1692 3095 1886 3164 εἰπὼν,

299 3189 561 3261 Ἔστιχεν
587 3190 750 3259 ἀγνὺν
781 3189 996 3244 έδεθλον
1022 3191 1122 3244 ἀκε
1132 3189 1415 3265 ρσεκόμων
1438 3189 1757 3245 Γαλιλαίων.

293 3281 368 3337 10
394 3282 657 3337 Γνιινιοὶδ⁹
682 3282 760 3348 ὡς
782 3282 1065 3337 ἀνέϐαινον
1095 3284 1157 3347 ἐς
1188 3281 1352 3354 ἱερὸν,
1378 3281 1479 3352 όψέ
1509 3283 1607 3335 καὶ
1636 3282 1806 3347 αὐτὸς

297 3372 529 3428 Ἐνθεον
557 3372 704 3445 ίχνος
736 3375 980 3446 ἔκαμψεν
1018 3374 1078 3439 ἐς
1108 3373 1498 3447 ἀρτιχόρευτον
1524 3374 1740 3447 ἑορτήν.

295 3466 361 3521 il
396 3466 506 3521 Καί
538 3483 632 3538 μιν
670 3466 914 3521 Ἰουδαῖοι
939 3467 1092 3539 φιλίῃ
1126 3467 1395 3538 μαστευον
1418 3467 1655 3541 ἀνάγκη

292 3560 382 3632 ml
415 3576 505 3631 μοι
527 3559 667 3632 ἔϐης
699 3563 792 3615 ποῖ
816 3562 1031 3628 κεῖνος;
1059 3560 1130 3615 12
1166 3560 1560 3632 ’Υποτρύζοντι
1589 3562 1648 3615 δὲ
1667 3559 1783 3634 λαῷ

290 3650 504 3723 Μυρίος
531 3651 690 3724 ερρεε
722 3650 892 3725 μῦθος
915 3653 1194 3725 ἀσιγήτων
1220 3653 1329 3708 ἀπὺ
1349 3652 1585 3726 λαιμῶν.

292 3744 410 3798 Καὶ
444 3743 635 3809 πολέες
668 3744 976 3815 φθέγξαντο
1009 3745 1230 3801 θεουδέα
1258 3745 1514 3819 μάρτυρα
1553 3746 1760 3819 φωνὴν,

292 3835 455 3889 ὀττι
489 3835 651 3906 σοφὸς
675 3836 904 3904 τελέθει,
928 3839 1023 3894 καὶ
1055 3838 1332 3912 ὑπέρτερα
1362 3839 1620 3912 θαύματα
1639 3839 1845 3912 τεύχει.

293 3927 483 3981 Ἀλλοι
513 3926 558 3980 δ’
585 3928 951 4001 ἀντερίδαινον
979 3930 1348 4001 ὁμογλώσσων
1378 3931 1488 3985 ἀπὸ
1521 3930 1762 4002 λαιμῶνο

288 4019 370 4073 οὗ
404 4019 588 4088 σοφὸς,
623 4020 686 4074 ού
717 4020 881 4091 σοφὸς
901 4014 1057 4086 οὗτος
1087 4024 1376 4093 ἐτήτυμονο
1409 4023 1717 4095 ἀγρομένου
1751 4022 1809 4076 δὲ

288 4109 464 4175 Λαοῦ,
494 4109 820 4181 κλεψινόοισι
856 4113 1207 4185 παραπλάζει
1234 4114 1407 4186 φρένα
1431 4113 1643 4185 μύθοις.

288 4201 428 4255 Τοῖα
464 4200 565 4272 μὲν
589 4201 901 4275 ἀλλήλοισιν
926 4204 1165 4277 όμίλεονδ
1197 4205 1267 4260 15
1305 4205 1475 4277 Ἀμφὶ
1500 4205 1546 4259 δ’
1577 4205 1669 4277 ἀρ’
1700 4202 1871 4260 αὐτοῦ

286 4291 369 4345 Οὐ
392 4291 519 4345 τότε
544 4291 825 4365 τολμήσας
856 4312 944 4359 τις
976 4294 1290 4367 ἀδειμάντῳ
1317 4296 1427 4351 τινὶ
1457 4298 1609 4369 φωνῇ

302 4383 610 4456 ’Δμφαδίην
631 4382 872 4459 όάριζεν,
903 4387 1018 4459 78
1040 4387 1300 4462 ἐλεύθερα
1329 4389 1517 4460 χείλεα
1539 4389 1730 4457 λύσας,

1216 333 1708 397 PARAPHRASIS
1746 336 1815 393 ΠΝ
1851 336 2192 402 JOANNEM.
2214 378 2284 389 —
2320 345 2475 405 CAP.
2514 346 2629 405 VII.

3480 330 3591 409 suo

1924 465 1970 524 Α
2002 458 2129 515 dolo
2160 461 2419 518 volebant
2447 462 2677 536 perdere
2714 460 2838 518 Filii
2865 463 3200 533 Iudaeorum,
3229 470 3419 521 sancta
3443 478 3583 537 gau-

1994 550 2186 609 dentes
2222 555 2483 624 pernicie.
2517 556 2554 609 2
2583 554 2714 609 Erat
2756 563 2939 612 autem
2974 556 3084 612 Deo
3112 558 3390 628 publicum
3423 558 3584 612 anni-

1993 644 2296 699 versarium
2340 661 2514 718 prope
2545 647 2768 710 festum,
2820 649 2866 700 A
2906 647 3028 704 ﬁxis
3080 649 3450 704 tabernaculis
3496 647 3582 704 di-

1993 741 2164 789 ctum.
2216 737 2251 791 5
2275 734 2575 809 Propinqui
2623 748 2802 794 autem
2838 737 3059 797 Fratres
3090 740 3212 796 falsi
3261 741 3584 811 quadruplta

1994 842 2088 883 ces
2129 826 2223 883 filii
2265 827 2490 902 Ioseph,
2537 830 2816 887 Christum
2866 831 3199 896 incitantes,
3253 832 3582 888 concordem

1994 930 2300 976 sonuerunt
2352 937 2542 979 vocem
2577 943 2590 978 :
2623 921 2764 977 "inc
2805 923 3051 985 discede,
3074 933 3128 979 et
3173 922 3397 995 quando
3448 921 3586 978 cele-

1994 1013 2175 1068 bratio
2210 1013 2332 1070 festi
2369 1015 2520 1088 (est,)
2548 1013 2776 1071 Festina
2812 1014 3017 1072 Judarat
3046 1015 3334 1069 finitimam
3379 1020 3582 1070 terram

1994 1102 2286 1168 accedere,
2352 1101 2423 1158 Ut
2488 1111 2876 1160 convertentes
2920 1103 3264 1158 incredulum
3318 1102 3584 1173 pepulum

1993 1202 2290 1260 errantem,
2317 1193 2564 1251 Veterem
2596 1196 2651 1250 in
2684 1205 2737 1251 te
2760 1195 2920 1251 fide‘m
2953 1201 3279 1266 recuperent
3300 1191 3582 1263 discipuli.

1995 1285 2104 1357 77
2139 1284 2397 1343 Videnles
2458 1294 2550 1342 tua
2593 1301 2759 1357 opera
2806 1287 3042 1358 sapienti
3101 1286 3341 1357 perfecta
3389 1284 3579 1339 verbo.

1992 1376 2027 1431 4
2056 1375 2174 1431 Non
2215 1377 2360 1432 enim
2397 1378 2598 1449 aliquis
2632 1378 2912 1432 hominum
2942 1377 3221 1432 occultum
3252 1389 3392 1446 Opus
3423 1373 3584 1437 texit,

1993 1464 2143 1539 Opus
2183 1467 2443 1526 invisibili
2472 1471 2810 1525 occultatum
2841 1469 3076 1541 caligine
3103 1467 3332 1531 silentii,
3377 1466 3585 1536 Aperte

1992 1573 2123 1614 vero
2147 1559 2263 1614 vult
2307 1560 2488 1614 audax
2543 1567 2704 1627 esse;
2750 1559 2797 1615 si
2828 1559 2943 1614 haec
2995 1557 3166 1615 facies
3203 1556 3368 1612 Varia
3414 1557 3583 1611 mira-

1992 1649 2138 1716 cuia,
2187 1649 2417 1705 ostende
2455 1659 2746 1721 perspecta
2787 1649 3054 1704 miracula
3101 1646 3325 1702 mundo.
3365 1647 3399 1701 5
3430 1645 3583 1701 Talia

1996 1738 2204 1793 frustra
2253 1737 2531 1804 dicebant,
2578 1738 2849 1793 increduli
2902 1738 3047 1794 sicut
3097 1746 3151 1792 et
3197 1736 3336 1791 alii:
3375 1734 3585 1789 Christi

1923 1822 1966 1882 Β
1996 1829 2240 1884 omnium
2269 1829 2503 1886 rectoris
2536 1827 2736 1885 fratres
2758 1830 2890 1886 licet
2928 1829 3279 1892 exsistentes,
3306 1826 3458 1882 Fidei
3487 1827 3583 1880 fir-

1995 1932 2142 1972 mum
2166 1932 2374 1974 morem
2398 1918 2743 1992 abnegarunt
2767 1929 2822 1975 et
2852 1918 2983 1991 ipsi.
3017 1918 3050 1973 6
3069 1918 3133 1972 Et
3156 1918 3291 1990 ipsis
3312 1915 3425 1972 Rex
3445 1916 3585 1970 dixit

1993 2008 2318 2079 responsivo
2372 2009 2611 2078 quodam
2664 2024 2963 2065 sermone:
2993 2007 3245 2063 Nondum
3307 2015 3586 2078 opportuc

1991 2115 2124 2154 num
2171 2101 2324 2156 venit
2373 2116 2557 2157 meum
2608 2108 2864 2172 tempus;
2906 2110 3148 2157 vestrum
3198 2109 3379 2154 autem
3422 2096 3585 2152 Volat

1991 2196 2211 2262 Semper
2251 2202 2589 2263 promptum,
2644 2192 2899 2248 liberum.
2950 2191 2986 2245 7
3033 2191 3152 2247 Non
3206 2197 3385 2261 potest
3434 2189 3584 2246 enim
3674 2254 3681 2259 η

1991 2279 2274 2338 Insaniens
2302 2298 2544 2354 unquam
2575 2281 2813 2341 mundus
2847 2289 3112 2338 consueta
3136 2280 3374 2352 procella
3400 2279 3581 2342 rabiei

1995 2372 2104 2428 Vos
2133 2373 2349 2443 odisse;
2385 2388 2473 2430 me
2505 2381 2686 2430 autem
2722 2374 2837 2430 odit
2864 2382 2919 2429 et
2948 2374 3169 2445 expellit
3197 2372 3412 2438 Audax,
3454 2371 3585 2441 quia

1990 2466 2144 2521 solus
2184 2482 2291 2521 non
2323 2475 2585 2537 parcente
2612 2467 2942 2523 testificante
2965 2481 3101 2522 voce
3140 2464 3420 2521 Consueto
3452 2479 3583 2534 per,

1991 2565 2113 2613 cato
2144 2558 2409 2614 refertum
2447 2560 2713 2614 mundum
2756 2560 3050 2630 redarguo,
3078 2556 3257 2630 Opera
3296 2571 3419 2628 quae
3451 2554 3585 2610 facit

1997 2650 2247 2707 clamans
2295 2652 2471 2717 aliena
2506 2666 2535 2705 a
2584 2652 2723 2723 lege.
2772 2652 2805 2707 8
2838 2650 2952 2707 Vos
3005 2651 3193 2707 sonori
3224 2648 3472 2705 accedite
3514 2647 3583 2701 ad

1990 2740 2412 2796 celebrationem
2460 2740 2583 2798 festi
2617 2761 2631 2797 :
2662 2740 2917 2797 Nondum
2964 2756 3067 2811 ego
3111 2740 3347 2796 tentoria
3391 2752 3584 2795 recens

1991 2830 2233 2901 ﬁxajam
2268 2832 2568 2894 honoratis,
2615 2832 2698 2887 Ad
2737 2833 2936 2888 festum
2980 2846 3200 2889 sacrum
3247 2830 3583 2897 ascendam;

1990 2922 2168 2979 nostri
2198 2922 2347 2978 enim
2382 2922 2636 2979 Nondum
2684 2924 2819 2978 mihi
2849 2925 3158 2995 completus
3195 2933 3281 2980 est
3319 2923 3585 2993 temporis

1991 3029 2208 3070 cursus.
2246 3014 2280 3069 9
2314 3013 2406 3069 Sic
2445 3015 2535 3070 ille
2581 3015 2772 3071 dicens
2810 3013 3060 3070 Pervasit
3104 3022 3352 3070 sanctum
3401 3015 3583 3070 solum

1992 3104 2758 3160 intonsorum'GaIiiazorum.
2815 3107 2882 3160 10
2925 3104 3148 3162 Fratres
3218 3115 3398 3160 autem
3454 3121 3586 3164 cum

1992 3197 2374 3253 ascendissent
2418 3196 2486 3252 ad
2538 3198 2822 3268 templum,
2871 3212 2997 3252 sero
3046 3204 3102 3253 et
3163 3199 3282 3269 ipse
3323 3197 3583 3253 Divinum

1989 3288 2281 3357 vestigium
2313 3287 2464 3343 ﬂexit
2486 3287 2556 3341 ad
2590 3303 2767 3358 nuper
2804 3287 3137 3343 celebratum
3171 3289 3390 3345 festum.
3425 3290 3485 3344 11
3516 3288 3582 3342 Et

1989 3380 2172 3451 ipsum
2225 3377 2396 3434 Judaei
2445 3380 2615 3433 chara
2670 3379 2989 3450 quaerebant
3039 3379 3415 3435 necessitate:
3458 3379 3582 3446 Quo

1989 3472 2131 3529 ivit?
2155 3471 2247 3528 ubi
2297 3471 2430 3528 ille?
2459 3471 2528 3526 12
2567 3470 2878 3528 Mussitanti
2910 3487 3041 3528 vero
3075 3472 3277 3543 populo
3327 3470 3581 3527 lnfinitus

1992 3564 2194 3620 fluebat
2220 3578 2402 3618 sermo
2428 3579 2539 3618 non
2567 3563 2876 3620 tacentibus
2904 3577 2935 3618 a
2966 3565 3303 3635 gutturibus.
3334 3562 3400 3618 Et
3423 3565 3582 3621 multi

1991 3666 2250 3724 dixerunt
2286 3667 2432 3738 piam
2481 3665 2863 3725 testificantem
2908 3684 3119 3749 vocem,
3148 3668 3307 3738 Quod
3356 3670 3582 3742 sapiens

1990 3779 2096 3835 est,
2143 3779 2198 3826 et
2248 3769 2452 3826 eximia
2498 3770 2767 3831 miracula
2804 3771 2955 3832 facit.
3002 3773 3109 3828 Alii
3150 3782 3332 3831 autem
3385 3783 3583 3835 contra

1990 3869 2396 3930 contendebant
2445 3871 2829 3929 consentiente
2882 3887 2953 3928 ex
3001 3880 3262 3946 gutture:
3320 3872 3442 3933 Non
3487 3891 3580 3933 sa-

1988 3977 2171 4048 piens,
2207 3991 2319 4031 non
2351 3975 2574 4047 sapiens
2616 3976 2706 4032 hic
2750 3993 2925 4045 vere;
2960 3978 3178 4035 collecti
3221 3994 3356 4035 vero
3382 3980 3580 4053 Populi

1984 4088 2229 4137 mentem
2269 4079 2590 4136 fallentibus
2639 4080 2845 4152 decipit
2889 4082 3134 4137 anitum
3163 4084 3371 4143 verbis.
3421 4085 3579 4142 Talia

1984 4183 2206 4256 quidem
2237 4184 2384 4239 inter
2409 4197 2469 4240 se
2498 4182 2879 4239 conterebant.
2912 4185 2987 4240 15
3014 4184 3090 4242 De
3126 4200 3196 4242 eo
3233 4195 3413 4242 autem
3453 4188 3577 4246 Non

1986 4294 2119 4343 tunc
2151 4286 2333 4342 audax
2367 4286 2569 4357 aliquis
2615 4285 2889 4358 intrepida
2922 4288 3159 4361 quadam
3198 4304 3333 4346 voce
3371 4290 3579 4363 Aperte

1983 4390 2210 4446 locutus
2240 4397 2349 4456 est,
2389 4387 2561 4445 libera
2584 4388 2733 4446 labia
2757 4391 2998 4458 solvens,
3029 4392 3145 4465 79
3174 4392 3462 4452 Terrorem
3480 4395 3578 4454 ιιι·

1420 4561 1433 4575 ,
1507 4508 1790 4568 TEXTUS
1827 4488 2358 4567 EVANGELISTE.

362 4597 400 4654 2
426 4594 535 4656 Ἦν
564 4600 622 4656 δὲ
667 4602 838 4673 ἐγγὺς
879 4605 914 4676 ἡ
947 4602 1110 4677 ἐορτὴ
1152 4603 1262 4659 τῶν
1305 4604 1581 4661 Ἰουδαίων
1609 4607 1645 4660 ἢ
1680 4623 1882 4679 σκηνο-
1913 4612 1959 4668 ι)
2057 4606 2096 4661 8
2130 4606 2323 4678 Ὑμεῖς
2336 4604 2578 4677 ἀνάϐητε
2601 4604 2683 4669 εἰς
2700 4604 2804 4677 τὴν
2817 4603 3013 4677 ἑορτὴν
3039 4605 3267 4678 ταύτηνο
3290 4605 3402 4677 ἐγὼ
3423 4606 3580 4663 οὔπω

288 4682 605 4823 πέιὲίπον
629 4763 726 4825 οὖν
753 4770 895 4841 πρὸς
936 4767 1100 4824 αὐτὸν
1132 4771 1185 4826 οι
1223 4772 1444 4842 ἀδελφοὶ
1475 4772 1667 4827 αὐτοῦ’
1697 4773 1881 4830 Μετά-

287 4851 421 4915 ϐηθι
456 4852 730 4920 ἐντεῦθεν,
767 4855 864 4909 καὶ
891 4853 1074 4925 ὕπαγε
1103 4855 1185 4918 είς
1204 4855 1306 4927 τὴν
1348 4855 1631 4921 Ἰουδαίαν,
1662 4858 1749 4912 ἕνα
1782 4859 1879 4914 καὶ

289 4938 346 4994 oi
370 4934 612 5007 μαθηταί
635 4954 729 4991 σου
757 4937 1079 5011 θεωρήσωσι
1103 4938 1173 4993 τὰ
1194 4939 1333 5012 ἔργα
1354 4956 1447 4993 σου
1476 4938 1515 4994 ἃ.
1537 4942 1731 5005 ποιεῖς’
1876 4978 1879 4981 η

358 5017 395 5072 4
426 5018 616 5084 Οὐδεὶς
640 5020 757 5093 γάρ
775 5022 835 5075 ἐν
861 5021 1087 5094 κρυπτῷ
1119 5040 1175 5076 τι
1206 5026 1371 5088 ποιεῖ,
1401 5022 1499 5079 καὶ
1530 5024 1689 5096 ζητεί
1711 5025 1876 5092 αὐτὸς

292 5102 349 5154 ἐν
371 5102 657 5175 παρρησία
676 5100 835 5160 εἶναι’
858 5105 908 5158 εί
935 5104 1107 5160 ταῦτα
1135 5110 1331 5172 ποιεῖς,
1361 5108 1677 5180 φανέρωσον
1706 5125 1874 5163 σεαυο

297 5183 383 5238 τὸν
408 5184 493 5257 τῷ
513 5187 721 5259 κόσμῳ.

359 5268 396 5323 5
423 5269 565 5324 om
590 5272 705 5343 γάρ
725 5272 778 5324 oi
808 5271 1030 5343 ἀδελφοὶ
1056 5271 1222 5327 αὑτοῦ
1260 5273 1547 5327 ἐπίστευον
1577 5274 1660 5337 είς
1686 5274 1871 5330 αὐτόν.

358 5353 393 5409 6
424 5355 591 5424 Λέγει
609 5351 702 5410 οὖν
724 5357 914 5421 αὐτοῖς
940 5358 970 5411 ό
1009 5357 1240 5429 Ἶησοῦςο
1276 5358 1333 5412 '0
1356 5357 1553 5428 καιρὸς
1575 5360 1605 5412 ό
1631 5359 1765 5429 ἐμὸς
1788 5358 1877 5413 οὗ·

288 5456 378 5495 πω
399 5440 687 5511 πάρεστιν·
714 5441 820 5496 ὁδε
847 5441 1042 5514 καιρὸς
1070 5443 1104 5495 ό
1136 5441 1403 5515 ὑμέτερος
1447 5443 1679 5498 πάντοτέ
1722 5446 1875 5501 ἐστιν

281 5528 527 5595 ἕτοιμος.
1850 5580 1860 5591 .

356 5605 390 5657 7
414 5607 489 5660 Οὐ
513 5605 737 5662 δύναται
759 5610 786 5663 6
806 5608 1012 5681 κόσμος
1043 5611 1222 5680 μισεῖν
1257 5610 1423 5681 ὑμᾶς⁹
1467 5610 1570 5683 ἐμὲ
1604 5610 1662 5665 δὲ
1701 5613 1869 5683 μισεῖ,

285 5697 369 5752 εει
391 5689 505 5759 ἐγὼ
529 5691 795 5765 μαρτυρῶ
824 5691 956 5763 περὶ
987 5690 1177 5760 αὐτοῦ,
1200 5692 1283 5748 ότι
1314 5694 1385 5749 τά
1419 5692 1557 5766 ἔργα
1578 5695 1746 5751 αὐτοῦ
1772 5713 1870 5752 πο-

293 5773 435 5843 νηρά
458 5771 627 5829 ἐστιν.

1982 4691 2259 4747 ἀναϐαίνω
2287 4691 2368 4755 είς
2390 4690 2490 4762 τὴν
2513 4688 2708 4763 ἑορτὴν
2741 4689 2970 4765 ταύτην,
3004 4691 3089 4744 ὅτι
3109 4693 3138 4745 ό
3167 4691 3361 4763 καιρὸς
3387 4694 3419 4747 ό
3442 4694 3579 4766 ἐμὸς

1980 4775 2141 4831 olm»
2170 4775 2555 4847 πεπλήρωται.

2051 4885 2089 4940 9
2118 4884 2306 4939 Ταῦτα
2326 4884 2383 4938 δὲ
2412 4883 2584 4937 είπὼν
2612 4881 2821 4944 αὐτοῖς,
2855 4882 3071 4952 ἔμεινεν
3096 4881 3155 4935 ἐν
3179 4883 3247 4953 τῇ
3284 4880 3571 4954 Γαλιλαίᾳ.

2052 4970 2123 5024 10
2162 4970 2251 5032 Ὠς
2283 4967 2341 5020 δέ
2381 4966 2656 5036 ἀνέϐησαν
2699 4965 2748 5017 oi
2797 4963 3016 5034 ἀδελφοὶ
3063 4964 3252 5028 αὑτοῦ,
3305 4965 3428 5018 τότε
3477 4967 3575 5021 καὶ

1980 5053 2145 5117 αὐτὸς
2176 5050 2344 5123 ἀνέϐη
2377 5051 2457 5116 είς
2497 5050 2595 5122 τὴν
2630 5047 2845 5122 ἑορτὴν,
2878 5048 2937 5101 οὐ
2962 5047 3235 5120 φανερῶς,
3267 5046 3384 5104 ἀλλ’
3408 5048 3485 5115 ὡς
3510 5051 3576 5105 ἐν

1982 5136 2236 5210 κρυπτῷ.

2055 5243 2118 5297 11
2152 5241 2220 5298 Οἱ
2240 5238 2333 5296 οὖν
2367 5238 2613 5295 Ἰουδαῖοι
2633 5238 2871 5311 ἐζήτουν
2893 5236 3060 5292 αὐτόν
3082 5237 3143 5291 ἐν
3170 5240 3238 5313 τῇ
3266 5238 3451 5312 ἑορτῇ,
3475 5238 3575 5294 καὶ

1982 5325 2190 5396 ἔλεγον*
2226 5325 2343 5380 Ποῦ
2372 5327 2520 5380 ἐστιν
2555 5325 2802 5389 ὲκείνος;

2053 5431 2123 5485 12
2152 5432 2265 5486 Καὶ
2302 5430 2621 5501 γογγυσμος
2669 5429 2841 5494 πολὺς
2884 5430 3016 5503 περὶ
3051 5428 3220 5484 αὐτοῦ
3257 5425 3328 5502 ἦν
3363 5428 3424 5483 ἐν
3455 5430 3575 5494 τοῖς

1977 5513 2179 5585 ὄχλοις.
2205 5515 2270 5569 Oi
2299 5514 2399 5586 μέν
2419 5513 2628 5582 ἔλεγον,
2658 5514 2743 5568 ὅτι
2772 5512 2976 5581 ἀγαθός
2999 5515 3166 5567 ἐστιν·
3195 5511 3348 5566 ἄλλοι
3370 5512 3428 5565 δὲ
3452 5510 3573 5566 ἔλε-

1978 5615 2097 5669 γονο
2138 5597 2237 5653 Οὓ⁸
2264 5599 2405 5653 ἀλλά
2435 5597 2618 5670 πλανᾷ
2646 5598 2739 5653 τὸν
2765 5597 2944 5669 ὄχλον.

2048 5695 2115 5750 15
2143 5695 2329 5759 Οὐδεὶς
2365 5694 2547 5767 μέντοι
2577 5696 2861 5769 παρρησίᾳ
2886 5693 3067 5750 ἐλάλει
3095 5691 3227 5765 περὶ
3251 5690 3445 5761 αὐτοῦ,
3478 5689 3577 5751 διὰ

1975 5777 2069 5832 τὸν
2093 5778 2257 5849 φόϐον
2283 5777 2389 5833 τῶν
2426 5777 2718 5833 Ἰουδαίων.
2864 5810 2869 5814 -
