3982 6434
337 293 448 349 813

339 407 664 481 ἰιειθόμενοι
693 405 892 460 κείνοιο
922 402 1188 475 νοήμασι;
1212 401 1280 456 48
1307 403 1399 475 Μή
1426 419 1511 467 τις
1538 403 1597 467 ἐς
1624 402 1787 456 αὐτὸν

354 497 671 570 Ἦγεμόνων
704 495 1011 558 πίστευσεν,
1046 493 1079 565 ἢ
1108 493 1372 564 ἀγχινόων
1403 491 1749 565 Φαρισαίων;

341 591 417 648 49
450 592 515 644 Εί
549 590 623 661 μὴ
651 589 845 661 δήμιος
877 580 1031 652 οὗτος
1062 586 1365 651 ἀτάσθαλος
1397 587 1566 658 ἐσμὸς
1592 587 1821 660 ἀλήτης,

348 686 451 747 ’⁸ος
488 681 652 752 νόμον
677 678 974 749 ἀγνώσσων
1015 678 1362 751 βακχεύεται,
1406 678 1641 750 ἕμπλεος
1676 678 1834 749 ἀρῆς.

340 775 418 831 50
468 775 687 845 Ἀφνειῇ
710 773 767 827 δέ
802 773 1042 843 φάλαγγι
1066 772 1204 843 χέων
1239 773 1586 843 νεμεσήμονα
1609 772 1793 843 φωνήν

356 866 694 937 Ἀγχιφανὴς
717 865 1028 937 Νικόδημος
1055 864 1333 935 ἀμείϐετο,
1359 866 1565 928 πάντας
1585 864 1824 936 ἐλέγχων
1843 883 1856 896 ⁸

338 960 462 1031 86
498 959 560 1013 51
602 959 697 1032 Μὴ
730 958 841 1031 γὰρ
881 957 1156 1012 Ἰουδαίων
1201 957 1364 1029 νόμος
1409 956 1591 1022 ἔνθεος
1625 957 1740 1023 όξέῖ
1776 958 1934 1029 θυμῷ

340 1048 473 1105 Οἵδε
494 1051 869 1122 κατακρίνειν,
895 1050 944 1102 εί
971 1047 1046 1121 μὴ
1084 1048 1259 1119 πάρος
1280 1048 1471 1120 ἀνδρὸς
1494 1047 1709 1103 ἀκούων

337 1141 721 1212 Φθεγγομένου
754 1140 956 1212 κρίνειε
978 1138 1302 1204 δικασπόλος
1329 1138 1520 1211 ἵδμονα
1544 1140 1751 1212 φωνὴν,

344 1232 529 1301 Ἔργα
549 1230 727 1301 τάπερ
743 1229 917 1283 τελέει
939 1227 1108 1284 νοέων
1130 1227 1236 1283 ὑπὸ
1258 1229 1494 1303 μάρτυρι
1528 1229 1682 1301 μύθῳ
1702 1247 1718 1297 ;

340 1322 419 1376 52
455 1322 564 1375 Καὶ
588 1321 750 1394 χορὸς
772 1322 1069 1394 ἀντιάχησε
1096 1321 1500 1394 θεμιστοπόλων
1527 1324 1859 1396 Φαρισαίων,

339 1413 712 1484 Μεμφόμενος
739 1412 1052 1484 Νικόδημον
1075 1415 1340 1485 ἀμεμφέα
1362 1432 1376 1446 ⁸
1425 1414 1517 1488 Μὴ
1556 1416 1620 1471 σὺ
1651 1417 1747 1470 καὶ
1773 1416 1935 1483 αὐτὸς

341 1501 501 1577 Αἷμα
523 1504 712 1577 φέρεις
735 1504 1046 1572 Γαλιλαῖον;
1079 1506 1349 1577 ἀμοιὸἀδα
1372 1506 1554 1578 βίϐλον
1582 1507 1812 1566 ἑλίσσων

342 1597 514 1662 Ἕζεο
553 1595 860 1667 μαστεύων,
896 1596 990 1651 καὶ
1017 1597 1257 1667 γνώσεαι
1286 1597 1403 1652 ὄττι
1432 1599 1691 1672 προφήτῃ

343 1680 519 1736 Οὔπω
548 1682 932 1757 ποικιλόμυθπ
960 1683 1232 1755 ἐγείρεται
1258 1688 1323 1741 ἐκ
1345 1687 1657 1759 Γαλιλαίης.

426 1900 442 1916 ο
515 1900 531 1917 ο
609 1901 628 1918 θ
706 1902 723 1918 Ο
803 1903 820 1919 ο
900 1903 916 1919 ο
994 1904 1010 1920 Ι
1090 1905 1105 1920 ο
1185 1902 1201 1921 ο
1283 1909 1295 1922 ι
1376 1907 1388 1919 ι
1469 1906 1482 1920 ο
1563 1909 1576 1921 ι
1659 1906 1675 1923 ο
1755 1906 1769 1922 ο
1846 1908 1861 1923 ι

346 2352 470 2425 88
517 2353 584 2409 12
633 2355 842 2426 Ἰησοῦς
864 2358 909 2412 δ’
934 2358 1187 2431 ἀγόρευε,
1212 2363 1352 2433 χέων
1373 2366 1629 2422 λαοσσόον
1650 2369 1819 2441 αὐδήν
1839 2388 1852 2400 ⁸

349 2446 488 2517 Εἰμὶ
516 2447 651 2517 φάος
679 2450 906 2520 κόσμοιο
935 2451 1257 2523 λιπαυγέος⁸
1284 2456 1343 2521 ὃς
1364 2457 1421 2511 δέ
1448 2477 1537 2530 μοι
1561 2459 1699 2532 ἀνὴρ

351 2537 553 2593 Πιστδν
576 2541 944 2613 ὁμαρτήσειεν
966 2544 1104 2616 ἔχων
1131 2545 1271 2614 νόον,
1295 2547 1490 2605 οὔποτε
1516 2550 1687 2621 βαίνει

351 2628 559 2684 Ποσσὶν
582 2631 913 2702 ἀλωομένοις
941 2638 1210 2694 σκιοειδέα
1240 2642 1410 2694 κῶνον
1442 2642 1693 2713 ὁμίχλης,

367 2718 536 2773 Ἀλλά
568 2724 980 2792 καταυγάζειεν,
1017 2726 1156 2797 ἔχων
1185 2729 1472 2800 ὁμόφοιτον
1500 2734 1559 2785 ἐν
1589 2733 1737 2804 αὐτῷ

357 2807 521 2879 Ζωῆς
545 2809 819 2876 ἀπλανέος
851 2813 989 2882 φάος
1014 2814 1267 2886 ἔμπεδον.
1300 2817 1366 2871 15
1404 2817 1707 2891 Ἀπτοεπὴς
1732 2819 1789 2872 δὲ

352 2899 506 2965 Δαδς
541 2902 812 2958 Ἰουδαίων
838 2905 1141 2978 ἐπεϐόμ6εε
1170 2908 1322 2963 θυάδι
1346 2912 1496 2981 φωνῇ
1519 2926 1535 2943 ⁸

353 2994 685 3067 Μαρτυρίην
718 2997 855 3069 ίδίην
887 2999 1096 3063 ἐνέπεις
1124 3001 1384 3072 ὑψαύχενι
1419 3001 1572 3073 μύθῳ
1591 3018 1606 3034 ⁸

1234 280 1720 339 PARAPHRASIS
1761 279 1825 336 fN
1862 275 2207 337 JOANNEM.
2247 305 2315 317 -
2348 274 2502 331 CAP.
2540 274 2677 330 Vill.

1957 404 2002 462 Α
2032 395 2259 452 tentiis?
2290 393 2361 450 48
2406 392 2544 449 Num
2577 390 2776 462 aliquis
2830 390 2882 445 in
2907 402 3030 445 eum
3063 387 3380 459 Principum
3417 389 3613 451 credit,

3506 277 3613 332 8H

2030 503 2116 558 vel
2143 499 2542 574 perspicacium
2566 494 3011 552 Pharisaeorum?
3060 493 3130 548 49
3164 491 3283 548 Nisi
3332 494 3619 564 popularis

2032 594 2121 650 hic
2172 592 2456 664 improbus
2506 598 2685 645 coetus
2722 602 2938 648 errans.
2980 585 3084 652 Qui
3132 586 3304 658 legem
3357 586 3621 659 ignorans

2033 685 2257 749 insanit,
2298 684 2494 754 plenus
2525 677 3024 737 exsecrationibus.
3075 677 3143 731 50
3173 677 3489 733 Abundanti
3518 692 3621 731 au-

2032 784 2140 831 tem
2169 774 2375 846 agmini
2422 772 2658 829 fundens
2702 767 3131 841 objurgatricem
3173 784 3361 823 vocem
3394 767 3621 825 Vicinus

2035 869 2363 923 Nicodemus
2426 864 2710 930 respondit
2741 903 2755 929 ,
2818 878 3012 918 omnes
3058 863 3391 933 redarguens
3443 881 3457 916 :
3509 861 3620 933 87

2033 960 2094 1015 5|
2122 958 2262 1014 Num
2285 973 2415 1015 vero
2431 954 2745 1012 Iudaeorum
2765 955 2852 1010 lex
2876 953 3059 1008 divina
3083 954 3244 1009 celeri
3263 954 3445 1007 animo
3465 952 3628 1008 Novit

2033 1047 2421 1111 condemnare,
2459 1044 2569 1102 nisi
2614 1052 2773 1100 antea
2802 1044 2979 1099 virum
3020 1043 3249 1099 audiens
3288 1040 3625 1118 Loquentcm

2030 1139 2359 1212 judicaverit
2388 1137 2558 1211 judex
2598 1138 2807 1193 sciente
2835 1151 2990 1204 voce,
3025 1136 3203 1208 Opera
3251 1150 3374 1206 quae
3417 1133 3630 1205 perficit

2035 1246 2375 1302 cognoscens
2430 1229 2763 1287 testificante
2829 1226 3145 1283 sermone?
3195 1226 3265 1286 52
3323 1225 3391 1281 Et
3451 1235 3630 1281 caelus

2037 1323 2323 1395 respondit
2366 1323 2809 1394 legisperitorum
2851 1319 3279 1384 Pharisaeorum,
3311 1316 3630 1389 Repreheno

2035 1413 2172 1472 dens
2217 1413 2575 1471 Nicodemum
2632 1413 3172 1484 irreprehensibilem
3209 1430 3221 1466 :
3280 1409 3421 1467 Num
3469 1418 3523 1466 et
3569 1417 3629 1465 tn

2036 1508 2155 1578 ipse
2201 1505 2538 1578 Sanguinem
2590 1504 2704 1561 fers
2739 1503 3068 1561 Galilaeam?
3108 1504 3380 1560 alternum
3427 1503 3627 1567 librum

2036 1600 2262 1655 volvens
2297 1598 2441 1655 Sede
2496 1598 2799 1669 inquirens,
2857 1604 2912 1653 et
2959 1610 3262 1667 cognosces
3309 1594 3455 1666 quod
3503 1610 3632 1665 pro-

2038 1691 2200 1761 pheta
2230 1687 2521 1760 Nunquam
2555 1689 2801 1745 disertus
2827 1687 3098 1744 excitatur
3127 1702 3195 1743 ex
3234 1686 3476 1742 Galilaea.
3503 1685 3632 1758 [Re-

2040 1781 2185 1847 liqua
2214 1780 2631 1854 desiderantum]

2675 2022 2826 2079 CAP.
2872 2021 3006 2076 Vlll.

2109 2364 2223 2436 89
2260 2364 2328 2418 12
2367 2362 2528 2421 Iesus
2552 2370 2733 2419 autem
2757 2362 2913 2425 dixit,
2953 2361 3190 2418 fundens
3219 2360 3478 2432 populum
3518 2374 3638 2418 ser-

2041 2469 2257 2517 vantem
2289 2471 2510 2512 vocem:
2547 2455 2678 2511 Sum
2709 2457 2802 2511 lux
2826 2455 3014 2510 mundi
3035 2454 3287 2511 obscuri:
3323 2455 3639 2524 quicunque

2043 2562 2131 2604 me
2160 2549 2245 2603 vir
2300 2547 2543 2603 Fidelem
2600 2557 2826 2603 secutus
2889 2546 3054 2611 fuerit
3110 2546 3319 2600 habens
3376 2551 3637 2609 mentem,

2046 2653 2326 2711 nunquam
2388 2639 2594 2694 incedit
2651 2638 2890 2694 Pedibus
2938 2638 3252 2693 errantibus
3318 2636 3639 2691 umbrosum

2047 2747 2145 2803 per
2176 2745 2376 2786 conum
2412 2730 2686 2802 caliginis.
2726 2727 2833 2785 Sed
2874 2727 3203 2800 splendebit,
3229 2727 3439 2785 habens
3470 2727 3644 2783 comi-

2049 2829 2157 2876 tem
2191 2821 2245 2875 in
2296 2822 2416 2892 ipso
2459 2820 2599 2875 Vitae
2638 2835 2750 2875 non
2784 2821 3022 2895 errantis
3076 2820 3255 2875 lucem
3290 2816 3523 2873 ﬁrmam.
3574 2817 3644 2872 15

2052 2910 2352 2967 Maledicus
2401 2918 2585 2967 autem
2642 2909 2885 2981 Populus
2929 2908 3243 2965 Iudaeorum
3290 2908 3646 2981 obstrepebat

2054 3002 2269 3059 furente
2309 3017 2484 3059 voce:
2535 3001 2935 3058 Testimonium
2976 3001 3260 3072 proprium
3291 3001 3434 3058 dicis
3467 3001 3646 3072 iacta-

353 3085 656 3157 Μάρτυρος
677 3086 737 3140 οὐ
764 3087 853 3141 σέο
877 3088 1047 3158 μῦθος
1068 3092 1357 3163 ἐτήτυμος.
1385 3092 1449 3146 14
1471 3088 1608 3146 Εἷπε
1633 3094 1727 3147 καὶ
1746 3089 1942 3158 αὐτὸς·

2066 3096 2238 3150 mndo
2267 3095 2470 3162 verbo;
2522 3092 2852 3149 Testiﬁcans
2895 3099 3025 3149 tuus
3057 3108 3240 3148 sermo
3278 3108 3391 3149 nor.
3439 3102 3526 3149 est
3551 3108 3647 3149 ve-

351 3178 618 3249 Γλώσσης
646 3180 863 3234 ἀενάοιο
892 3180 1180 3253 θεόρρυτον
1203 3183 1408 3254 ὄμϐρον
1434 3183 1652 3250 ίάλλων,

356 3272 429 3325 ΕΞ
455 3272 549 3326 καὶ
579 3273 941 3347 μαρτυρίῃσιν
976 3274 1110 3345 ἐμὸν
1140 3275 1296 3338 κλέος
1317 3275 1477 3340 αὐτὸς
1502 3274 1665 3343 ἀέξω,

366 3362 636 3435 ’Δψευδὴς
661 3365 790 3419 πέλε
819 3366 1029 3439 μάρτυς
1066 3366 1197 3438 ἐμὸς
1217 3368 1376 3437 λόγος
1410 3384 1423 3398 ⁸
1446 3367 1754 3440 ἀμφότερον
1779 3367 1837 3423 δέ

355 3456 572 3523 Μούνος
594 3456 704 3528 ἐγὼ
734 3458 869 3513 νοέω
900 3460 1061 3513 πόθεν
1085 3459 1301 3530 ήλυθον,
1329 3460 1363 3530 ἢ
1388 3459 1514 3513 πόθι
1547 3459 1713 3530 βαίνω
1734 3475 1748 3491 ⁸

2055 3202 2169 3243 rns.
2214 3186 2281 3241 14
2314 3185 2463 3240 Dixit
2500 3192 2680 3241 autem
2711 3187 2801 3241 ille
2839 3185 3103 3256 :Linguae
3131 3193 3351 3240 aeternae
3388 3184 3645 3241 ﬂuentem

2055 3293 2086 3333 a
2141 3277 2250 3334 Deo
2298 3277 2527 3334 imbrem
2584 3277 2843 3343 mittens,
2907 3278 3025 3331 Etsi
3083 3276 3416 3334 testimoniis
3467 3291 3646 3335 meam

2054 3369 2285 3441 gloriam
2340 3369 2459 3441 ipse
2495 3384 2721 3431 auxero,
2779 3366 2958 3423 Verus
2995 3376 3081 3423 est
3133 3367 3438 3426 testiiicans
3491 3382 3649 3424 meus

2053 3475 2237 3517 sermo
2283 3466 2575 3532 utrumque
2610 3476 2737 3516 vero
2760 3459 2925 3516 Solus
2957 3475 3059 3531 ego
3086 3458 3236 3525 novi,
3259 3459 3405 3515 unde
3440 3460 3567 3515 veni
3593 3467 3650 3516 et

1569 3569 1852 3628 TEXTUS
1893 3561 2426 3625 EVANGELIST/E.

435 3686 506 3742 48
542 3688 632 3757 Μή
658 3704 742 3751 τις
775 3688 840 3741 ἐκ
866 3686 976 3740 τῶν
1004 3687 1280 3759 ἀρχόντων
1312 3688 1635 3742 ἐπίστευσεν
1663 3689 1744 3753 είς
1770 3688 1954 3756 αὐτὸν,

358 3769 400 3840 ἢ
441 3771 509 3824 ἐκ
547 3770 655 3824 τῶν
683 3770 1024 3840 Φαρισαίων;

446 3854 517 3908 49
567 3854 707 3907 ’Λλλ’
767 3856 795 3907 6
833 3856 991 3926 ὄχλος
1030 3848 1186 3919 οὗτος
1214 3857 1242 3909 6
1293 3856 1368 3927 μὴ
1416 3852 1701 3925 γινώσκων
1725 3854 1816 3907 τὸν
1868 3854 1959 3908 νό-

364 3953 496 4011 μον,
529 3938 920 4011 ἐπικατόῳατοί
948 3941 1073 3993 είσι.

443 4019 514 4075 50
549 4021 711 4090 Λέγει
738 4023 1047 4093 Νικόδημος
1078 4023 1214 4094 πρὸς
1238 4023 1456 4086 αὐτοὺς,
1491 4024 1521 4076 6
1558 4020 1728 4076 ἐλθὼν
1757 4023 1953 4086 νυκτὸς

364 4102 511 4177 πρὸς
534 4105 716 4169 αὐτὸν,
745 4102 825 4168 εἷς
851 4105 926 4160 ὢν
959 4106 1019 4170 ἐξ
1045 4106 1226 4159 αὐτῶν
1247 4123 1260 4135 ⁸

443 4187 511 4241 51
555 4187 640 4259 Μὴ
667 4188 696 4241 6
723 4188 886 4259 νόμος
912 4189 1071 4261 ἡμῶν
1098 4189 1275 4259 κρίνει
1296 4190 1387 4242 τὸν
1418 4187 1727 4259 ἄνθρωπον,
1764 4182 1857 4242 ἐάν
1884 4184 1959 4257 μὴ

364 4268 586 4342 ἀκούσῃ
618 4272 751 4343 παρ’
780 4271 946 4326 αὐτού
981 4273 1268 4344 πρότερον,
1295 4272 1391 4326 καὶ
1417 4270 1531 4342 γνῷ
1558 4270 1609 4324 τί
1638 4272 1816 4335 notet;

448 4352 519 4408 52
566 4353 970 4425 Ἀπεκρίθησαν
1007 4356 1104 4409 καὶ
1132 4353 1285 4410 εἶπον
1316 4353 1500 4425 αὐτῷ’
1537 4353 1630 4424 Μὴ
1669 4355 1765 4407 καὶ
1806 4353 1869 4406 σὺ
1897 4355 1960 4406 ἐκ

2066 3688 2396 3759 κατηγορεῖν
2416 3686 2605 3742 αὑτοῦ.
2647 3687 2709 3742 ’0
2737 3687 2794 3742 δὲ
2833 3686 3043 3759 Ἰησοῦς
3060 3687 3213 3741 κάτω
3233 3687 3435 3757 κύψας,
3466 3684 3543 3756 τῷ
3564 3686 3654 3740 δα-

2067 3770 2249 3841 κτύλῳ
2274 3771 2513 3841 ἔγραφεν
2541 3772 2623 3834 εἰς
2651 3770 2751 3840 τὴν
2782 3771 2908 3842 γῆν.

2141 3855 2173 3907 7
2221 3855 2309 3918 Ὠς
2356 3855 2415 3907 δέ
2467 3855 2731 3923 ἐπέμενον
2779 3856 3092 3927 ἐρωτῶντες
3139 3854 3321 3917 αὐτὸν,
3373 3853 3655 3924 ἀνακύψας

2068 3931 2189 3989 εἷπε
2224 3936 2361 4006 πρὸς
2400 3936 2631 4000 αὐτούς·
2689 3937 2747 3989 'O
2785 3938 3169 4008 ἀναμάρτητος
3216 3936 3398 4007 ὑμῶν,
3437 3937 3655 4007 πρῶτος

2061 4018 2153 4071 τὸν
2177 4017 2323 4071 λίθον
2358 4019 2445 4070 ἐπ’
2481 4018 2618 4089 αὐτῇ
2652 4018 2880 4088 βαλέτω.

2134 4101 2167 4154 8
2206 4100 2316 4153 Καὶ
2355 4100 2516 4154 πάλιν
2542 4101 2693 4154 κάτω
2720 4101 2918 4171 κύψας,
2946 4101 3185 4172 ἔγραφεν
3219 4103 3298 4164 εἰς
3321 4100 3420 4171 τὴν
3451 4102 3578 4171 γῆν.

2134 4183 2168 4236 9
2206 4185 2271 4236 Ol
2317 4182 2393 4247 δέ,
2446 4182 2781 4246 ἀκούσαντες
2830 4184 2926 4237 καὶ
2975 4182 3080 4235 ὑπὸ
3133 4182 3233 4253 τῆς
3295 4183 3655 4253 συνειδήσεως

2065 4265 2435 4337 ἐλεγχόμενοι,
2481 4265 2775 4337 ἐξήρχοντο
2818 4260 2899 4330 εἷς
2939 4264 3060 4319 καθ’
3087 4259 3189 4328 εἷς,
3217 4264 3514 4335 ἀρξάμενοι
3546 4265 3657 4319 ἀπὸ

2067 4348 2173 4404 τῶν
2203 4348 2589 4427 πρεσϐυτέρων
2614 4348 2721 4411 ἓως
2750 4347 2858 4401 τῶν
2886 4348 3129 4419 ἐσχάτων
3153 4367 3166 4380 ⁸
3197 4347 3294 4400 καὶ
3323 4348 3654 4419 κατελείφθη

365 4434 475 4529 τῇς
498 4435 786 4540 ἱαλιλαίμς
815 4434 899 4503 ei;
929 4437 1223 4511 ἐρεύνησον
1248 4438 1345 4492 καὶ
1371 4437 1447 4491 ῐδε
1472 4437 1555 4490 ὅτι
1590 4438 1874 4508 προφήτης
1898 4437 1961 4490 ἐκ
1994 4482 2042 4540 D
2071 4434 2233 4540 μόνρὶς
2259 4449 2304 4540 ’o‘
2330 4432 2561 4540 Ἱησρβς,
2713 4433 2913 4540 ήῐγυνξη
2948 4433 3004 4484 ἐν
3043 4430 3201 4540 {recip
3207 4432 3457 4540 16611;)“.

368 4518 480 4587 τῆς
515 4512 805 4585 Γαλιλαίας·
836 4523 938 4575 οὐκ
973 4523 1292 4593 ἐγήγερται.

450 4599 517 4656 53
553 4603 665 4657 Καὶ
701 4604 974 4677 ἐπορεύθη
999 4604 1229 4669 ἕκαστος
1264 4607 1346 4669 εἱς
1369 4606 1462 4660 τὸν
1488 4602 1635 4660 οἷκον
1667 4602 1852 4657 αὐτοῦ.

1028 4730 1188 4787 ΚΕΦ.
1232 4735 1314 4786 H'.

449 4844 476 4898 1
532 4845 742 4917 Ἰησοῦς
786 4849 842 4902 δέ
885 4849 1156 4919 ἐπορεύθη
1192 4852 1272 4913 εἰς
1303 4849 1366 4904 τδ
1410 4849 1535 4921 ὅρος
1563 4850 1673 4903 τῶν
1715 4848 1961 4902 Ἐλαιῶν.

448 4927 486 4982 2
525 4929 758 5001 Ὀρθρου
801 4932 859 4985 δέ
900 4933 1062 4987 πάλιν
1096 4933 1430 5003 παρεγένετο
1463 4935 1542 4996 εἰς
1576 4932 1635 4986 τὸ
1672 4932 1835 5002 ἱερὸν,
1874 4932 1969 4985 καὶ

367 5012 491 5075 ad;
519 5014 547 5065 6
587 5012 716 5078 λαὸς
762 5015 961 5086 ἤρχετο
989 5015 1126 5087 πρὸς
1164 5016 1327 5070 αὐτόν
1348 5033 1361 5046 ⁸
1404 5016 1499 5069 καὶ
1529 5014 1764 5078 καθίσας
1796 5015 1970 5068 ἐδίδα-

370 5111 512 5147 σκεν
539 5095 756 5160 αὐτούς.

449 5178 484 5232 5
525 5179 754 5244 ’Λγουσι
778 5179 835 5234 δέ
861 5181 910 5247 οί
937 5180 1289 5253 Γραμματεῖς
1317 5181 1412 5235 καὶ
1437 5183 1488 5235 οἱ
1514 5184 1801 5255 Φαρισαῖοι
1830 5183 1968 5253 πρὸς

373 5260 544 5314 αὺτὸν
576 5265 808 5330 γυναῖκα
839 5266 898 5318 ἐν
945 5265 1163 5337 μοιχείᾳ
1205 5265 1653 5338 κατειλημμένην
1677 5282 1688 5294 ⁸
1720 5264 1815 5319 καὶ
1841 5265 1971 5336 στή-

375 5359 577 5408 σαντες
599 5345 770 5417 αὐτὴν
797 5346 857 5400 ἐν
894 5347 1045 5417 μέσῳ
1064 5386 1079 5407 ,

452 5424 490 5480 d-
526 5426 787 5495 Λέγουσιν
816 5430 965 5501 αὐτῷ
983 5447 997 5461 ⁸
1027 5429 1346 5498 Διδάσκαλε,
1390 5431 1529 5503 αὓτη
1560 5432 1593 5503 ή
1619 5430 1757 5503 γυνὴ
1782 5447 1968 5485 κατει-

373 5507 563 5580 λήφθη
594 5511 968 5585 ἐπαυτοφὼρῳ
1004 5515 1398 5586 μοιχευομένη⁸

458 5590 494 5644 5
541 5592 632 5646 Ἐν
653 5593 711 5648 δέ
739 5594 818 5666 τῷ
843 5597 992 5667 νόμῳ
1022 5598 1227 5665 Μωσῆς
1255 5600 1388 5668 ἡμῖν
1420 5599 1722 5652 ἐνετείλατο
1751 5601 1849 5664 τὰς
1869 5617 1973 5653 τοι·

374 5673 555 5739 αὐτας
588 5675 979 5735 λιθοϐολεῖσθαι
1000 5697 1014 5713 ⁸
1046 5682 1113 5735 σὺ
1141 5678 1236 5736 οὖν
1262 5682 1314 5735 τί
1340 5682 1555 5751 λέγεις;

454 5753 493 5814 6
530 5758 702 5816 Τοῦτο
750 5764 811 5818 δὲ
843 5761 1041 5833 ἔλεγον
1081 5764 1436 5837 πειράζοντες
1467 5765 1651 5830 αὐτὸν,
1685 5767 1772 5821 ἵνα
1806 5764 1971 5837 ἔχωσι

2142 4515 2209 4569 10
2259 4514 2566 4583 ’Λνακύψας
2591 4514 2648 4568 δέ
2671 4516 2699 4567 6
2732 4513 2959 4585 Ἰησοῦς,
2979 4514 3073 4568 καὶ
3097 4513 3299 4583 μηδένα
3321 4513 3660 4585 θεασάμενος

2067 4597 2206 4669 πλὴν
2232 4600 2332 4670 τῆς
2356 4597 2635 4667 γυναικὸς,
2670 4594 2824 4651 εἶπεν
2853 4597 3026 4669 αὐτῇ⁸
3070 4595 3137 4650 Ἦ
3176 4597 3334 4668 γυνὴ,
3383 4599 3486 4653 ποῦ
3522 4602 3661 4654 εἰσιν

2069 4685 2267 4736 ἐκεῖνοι
2299 4684 2346 4734 οἱ
2377 4681 2675 4752 κατήγοροί
2703 4698 2833 4743 σου;
2862 4681 3037 4745 οὐδείς
3069 4698 3128 4733 σε
3160 4681 3518 4753 κατέκρινεν;

2144 4765 2201 4818 11
2259 4764 2325 4817 Ἥ
2367 4764 2425 4817 δὲ
2476 4760 2657 4818 εἶπεν·
2712 4765 2922 4831 Οὐδεὶς,
2959 4765 3152 4836 Κύριε.
3196 4761 3332 4818 Eine
3371 4766 3427 4819 δέ
3456 4767 3595 4838 αὐτῇ
3633 4770 3663 4821 6

2082 4845 2322 4919 ’ῐησοῦςο
2377 4848 2514 4900 Οὐδὲ
2571 4846 2682 4915 ἐγώ
2721 4865 2781 4900 σε
2834 4848 3179 4917 κατακρίνω·
3243 4848 3502 4917 πορεύου,
3562 4851 3702 4905 καὶ·

2073 4932 2273 5003 μηκέτι
2299 4932 2604 5003 ἁμάρτανε.

2143 5015 2211 5075 12
2250 5013 2422 5067 Πάλιν
2465 5010 2559 5067 οὖν
2605 5016 2634 5066 6
2690 5011 2897 5083 Ἰησοῦς
2942 5014 3128 5079 αὐτοῖς
3160 5013 3415 5086 ἐλάλησε,
3444 5015 3656 5086 λέγων·

2085 5096 2227 5165 Ἐγώ
2259 5098 2375 5169 εἰμι
2412 5097 2474 5150 τὺ
2504 5096 2622 5167 φῶς
2649 5096 2743 5149 τοῦ
2776 5096 2983 5167 κόσμου
3003 5114 3016 5127 ⁸
3054 5099 3082 5150 6
3111 5098 3420 5153 ἀκολουθῶν
3448 5100 3572 5170 ἐμοὶ
3597 5101 3659 5153 οὐ

2076 5179 2151 5252 μὴ
2174 5182 2541 5252 περιπατήσει
2589 5180 2647 5232 ἐν
2674 5181 2739 5250 τῇ
2784 5177 2995 5251 σκοτίᾳ,
3018 5179 3132 5233 ἀλλ’
3183 5180 3293 5247 ἔξει
3322 5182 3383 5237 τὸ
3417 5182 3532 5253 φῶς
3561 5183 3662 5252 τῆς

2073 5262 2239 5332 ζωῆς.

2145 5347 2214 5402 15
2252 5343 2420 5401 Εἶπον
2443 5343 2536 5402 οὖν
2568 5345 2717 5418 αὐτῷ
2738 5347 2787 5400 οἱ
2816 5348 3101 5420 Φαρισαῖοι
3121 5366 3135 5380 ⁸
3168 5350 3242 5402 Σὺ
3271 5349 3403 5418 περὶ
3432 5348 3663 5403 σεαυτοῦ

2078 5434 2406 5503 μαρτυρεῖς·
2446 5434 2478 5501 ἡ
2510 5432 2782 5504 μαρτυρία
2824 5448 2917 5485 σου
2954 5433 3055 5486 οὐκ
3081 5432 3228 5486 ἐστιν
3256 5431 3485 5505 ἀληθής.

2146 5514 2213 5568 14
2266 5515 2560 5586 Ἀπεκρίθη
2600 5515 2813 5583 Ἰησοῦς
2846 5516 2940 5569 καὶ
2977 5511 3130 5569 εἶπεν
3164 5516 3378 5591 αύτοῖςς
3410 5514 3530 5568 Κᾶν
3553 5513 3667 5584 ἐγὼ
3739 5544 3746 5591 τ

2078 5598 2339 5669 μαρτυρῶ
2378 5600 2508 5670 περὶ
2557 5599 2818 5670 ἐμαυτωΰ,
2856 5600 3061 5673 ἀληθής
3104 5604 3253 5654 ἐστιν
3307 5586 3668 5672 ήμαρτυρία
3744 5586 3754 5597 ’

2079 5698 2182 5754 μου
2204 5698 2217 5711 ⁸
2259 5683 2341 5735 ὃτι
2373 5679 2490 5736 οἶδα
2527 5684 2691 5738 πόθεν
2728 5681 2914 5753 ἦλθον,
2950 5686 3042 5738 καὶ
3083 5684 3187 5738 ποῦ
3237 5684 3467 5747 ὑπάγω⁸
3505 5685 3667 5757 ὑμεῖς

2074 5764 2129 5819 δέ
2164 5764 2265 5820 οὐκ
2289 5764 2468 5820 οἴδατε
2498 5767 2663 5823 πόθεν
2694 5767 2946 5841 ἔρχομαι,
2974 5767 3068 5822 καὶ
3100 5768 3202 5823 ποῦ
3234 5768 3449 5841 ὑπάγω.
