3982 6408
314 441 427 499 3.1

327 566 606 636 ⁴υττιπερ
639 565 699 618 οὐ
734 566 830 619 νέα
868 567 1033 620 τέκνα
1064 566 1317 638 βιαρκέος
1342 570 1464 622 ἐστὲ
1495 569 1722 638 Τοκῆος.

401 655 472 712 48
494 654 822 727 Καὶθρασὺς
845 653 1113 726 ἰ”ὅραίων
1136 659 1488 728 ὲπεπάφλασε
1513 660 1644 722 λαὸς
1682 658 1918 723 ἀκούων,

332 750 589 817 ’Ἂφρονα
630 747 908 818 λωϐητῆρι
941 748 1081 818 χέων
1109 750 1222 802 ἕπε’
1257 750 1584 822 ἀνθερεῶνι·

329 838 416 891 υῦ
454 858 514 892 σε
545 841 729 903 κακῶς
769 841 1044 911 κρίνοντες
1072 842 1367 913 ἐλέγχομεν
1403 844 1576 912 ἶδμονι
1615 841 1795 912 βουλῇ,

330 933 501 984 "Uni
541 932 674 996 Θεὸς
713 935 938 1004 ποιητὸς
973 935 1208 1004 ἀεξήθης
1245 935 1632 1006 Σαμαρείταιςν

333 1023 607 1093 Δαίμονος
633 1025 922 1096 ἀμφιέπων
953 1025 1222 1094 μανιώδεα
1256 1025 1428 1096 ῥοῖζον
1461 1025 1746 1095 ἱμάσθλης.

385 1117 458 1173 49
491 1115 698 1185 Ἰησοῦς
710 1121 756 1174 δ’
773 1117 1002 1188 ἀγόρευε
1015 1117 1174 1172 πάλιν
1187 1116 1246 1168 δυ
1254 1133 1354 1168 σπε
1362 1115 1463 1168 ιθέϊ
1488 1114 1603 1184 λαῷ
1619 1130 1632 1143 °

333 1209 459 1278 98
520 1207 781 1277 Δαίμονος
841 1211 900 1262 οὑ
937 1206 1162 1277 μεθέπει
1191 1207 1573 1277 μελανίφρονος
1605 1201 1737 1276 ἦχος
1774 1203 1930 1274 ἱμάσ-

352 1299 518 1352 ⁹Αλλά
546 1299 678 1352 Θεὸν
707 1298 959 1370 ζείδωρον
983 1300 1114 1369 ἐμὸν
1145 1299 1413 1368 Γενετῆρα
1442 1297 1685 1368 γεραίρω
1751 1295 1923 1368 [θλης,

337 1394 546 1462 ἰἰμαῖς
578 1392 896 1458 εὐαγέεσσιν
916 1406 928 1418 °
964 1390 1156 1461 ἀτιμίῃ
1179 1391 1236 1442 δέ
1270 1407 1336 1460 με
1369 1389 1537 1460 πολλῇ

350 1481 546 1549 ’Υμεῖς
574 1479 933 1550 ἀφραδέοντες
967 1479 1213 1548 ἐλέγχετε
1245 1479 1458 1550 κέντορι
1490 1478 1662 1549 μύθῳ.

340 1570 417 1622 50
457 1567 632 1638 Τιμὴν
659 1567 703 1619 δ’
727 1567 1004 1638 ἡμετέρην
1032 1569 1091 1620 ού
1132 1568 1346 1638 δίζομαι
1367 1583 1380 1596 ’
1411 1567 1674 1638 ὑψινεφὴς
1705 1567 1812 1636 γὰρ

342 1661 538 1712 ’Ἔστιν
566 1661 594 1711 ὁ
629 1658 930 1728 μαστεύων,
956 1658 1049 1710 καὶ
1078 1658 1206 1728 ἐμὸν
1233 1659 1386 1722 κλέος
1417 1660 1533 1712 αἰὲν
1563 1658 1755 1722 ἀέξων,

340 1751 461 1804 Καὶ
480 1749 680 1821 κρίνων
700 1749 821 1800 τότε
848 1749 1068 1818 μᾶλλον.
1135 1749 1194 1803 51
1242 1750 1296 1800 ’Λ
1308 1750 1410 1819 μὴν
1433 1749 1638 1820 δ’ἀμὴν
1663 1746 1931 1819 ἀγορεύω,

345 1844 541 1902 ’Ὅστις
570 1839 717 1910 ἐμῶν
746 1839 946 1902 δέξοιτο
981 1838 1325 1909 θεοφραδέων
1355 1839 1516 1908 στίχα
1548 1838 1753 1909 μύθων,

341 1931 458 1983 Καί
488 1948 581 1983 κεν
611 1931 955 2000 ἀσυλήτοισιν
991 1931 1095 1982 ὑπὸ
1130 1929 1460 2000 πραπίδεσσι
1495 1929 1743 1998 φυλάξοι,

342 2021 560 2074 Οὖτιοτε
589 2022 782 2092 πικρὸν
813 2021 1032 2092 ὄλεθρον
1056 2023 1309 2092 ἐσόψεται
1340 2022 1516 2075 εἰσόκε
1553 2022 1728 2093 μίμνῃ

343 2111 496 2165 AEth
532 2113 929 2176 πουλυέλικτος.
1007 2113 1076 2167 52
1125 2113 1560 2182 Ἐπειρθέγξαντο
1589 2113 1644 2166 δὲ
1674 2113 1818 2167 λαοί·

346 2204 468 2257 Νῦν
505 2204 584 2257 ἔτι
617 2204 712 2258 νῦν
736 2206 969 2276 ὲδάημεν
995 2207 1261 2276 ἐτήτυμον
1295 2207 1408 2259 ὅττι
1445 2224 1503 2258 σε
1539 2206 1746 2276 λύσσης

347 2295 620 2366 Δαίμονος
654 2295 974 2366 ἡερὸφοιτος
1006 2296 1304 2368 ἀλάστορος
1332 2293 1544 2368 οἶστρος
1572 2297 1804 2351 ἐλαύνει.

349 2387 581 2457 ’Ἃϐραμ
627 2386 819 2457 ἔδρακε
870 2389 1074 2458 πότμον
1112 2390 1139 2440 ό
1167 2389 1407 2459 τηλίκος,
1444 2388 1562 2441 οὐδὲ
1593 2389 1869 2460 προφῆται

354 2479 616 2532 Ἔσθενον
639 2480 930 2550 ἀτρέπτοιο
959 2483 1149 2549 φυγεῖν
1178 2480 1372 2544 ώδῖνας
1398 2481 1618 2552 ὀλέθρου
1638 2496 1650 2510 '

350 2572 466 2624 Καὶ
500 2573 562 2623 σὺ
595 2574 692 2642 τεῇ
730 2574 978 2644 προχέων
1012 2573 1292 2644 ὑψαύχενα
1325 2573 1533 2643 κόμπον
1561 2573 1781 2644 ἀπειλῇ,

350 2663 646 2735 Τολμήσας
674 2664 957 2734 ἀγόρευες,
998 2666 1077 2717 ὅτι
1108 2651 1308 2735 Ϊέροτδς
1338 2667 1460 2717 αἴκε
1493 2665 1700 2737 φυλάξῃ

351 2753 574 2816 Μύθους
606 2755 926 2826 ἡμετέρους,
957 2757 1016 2808 οὐ
1045 2757 1296 2823 γεύσεται
1332 2756 1495 2820 αὐτὸς
1533 2757 1784 2828 ὀλέθρου;

352 2845 430 2898 55
472 2844 721 2917 Ἀϐραὰμ
755 2845 828 2916 μὴ
860 2847 923 2899 σὺ
956 2847 1135 2910 πέλεις
1165 2846 1467 2910 θεοπειθέος
1501 2847 1659 2913 αὐτὸς
1695 2847 1907 2918 ἀρείων,

369 2935 671 3007 Ἧμετέρου
700 2939 990 3008 γενετῆρος
1011 2979 1024 3002 ,
1060 2938 1117 3002 ὃς
1148 2939 1398 3011 ἀτρέπτῳ
1435 2938 1560 2993 θάνε
1596 2923 1815 3011 crispe);

355 3028 470 3082 Καὶ
501 3028 731 3082 θανάτου
761 3029 1072 3100 ξύμπαντες
1097 3031 1458 3100 ἐπειρήσαντο
1489 3031 1785 3102 προφῆται.

356 3122 520 3182 Εἰπὲ,
559 3121 662 3174 τίνι
698 3124 980 3190 προτέρων
1008 3138 1063 3172 σε
1098 3120 1416 3174 πανείκελον
1449 3121 1609 3175 αὐτὸν
1639 3121 1876 3193 sviti/ag;

436 3208 504 3261 PS4
546 3208 1023 3286 Ἰησοῢςδ’ὸὰριζε,
1040 3213 1300 3268 θεόσσυτα
1321 3214 1503 3283 χείλεα
1531 3214 1700 3281 λύσας
1721 3233 1744 3274 ·.

363 3305 542 3359 Αῖκεν
572 3285 979 3377 ἐπαινήσω,καὶ
1012 3307 1252 3376 ἀγήνορα
1289 3305 1455 3376 μῦθον
1483 3306 1668 3376 ἐνίψω,
1767 3285 1798 3312 ’1

375 3396 628 3466 ἰ’ψώσας
660 3395 790 3466 ἐμὸν
818 3390 992 3464 εὖχος.
1024 3395 1156 3464 ὲμδς
1191 3396 1347 3463 λόγος
1375 3395 1526 3448 οὐδὲν
1553 3397 1753 3467 ὀνήσει.

362 3481 558 3539 ’Ἑστιν
588 3489 615 3538 ὁ
642 3487 906 3539 κυδαίνων
940 3503 1005 3556 με
1038 3487 1229 3557 Πατὴρ
1261 3487 1412 3556 ἐμὸς,
1445 3488 1498 3552 ὃς
1534 3504 1600 3557 με
1634 3487 1867 3560 γενέθλῃ

379 3575 677 3646 ’Λνδρομέῃ
706 3575 940 3645 προέηκε
971 3575 1148 3645 μολεῖν
1183 3576 1431 3649 ἰθύντορα
1460 3577 1686 3648 κόσμου,

369 3669 472 3719 Ὃν
497 3666 628 3718 Θεὸν
659 3667 866 3736 ὑμείων
893 3667 1063 3736 ἀδίκῳ
1103 3668 1428 3738 κικλήσκετε
1464 3668 1639 3741 μύθῳ.

362 3756 436 3809 ὺῦ
477 3753 660 3824 Αὐτὰρ
688 3754 796 3822 ἐγὼ
824 3755 968 3824 μάλα
991 3755 1176 3808 τοῦτον
1203 3757 1535 3827 ἐπίσταμαι·
1567 3758 1632 3828 ἣν
1661 3759 1770 3831 γὰρ
1790 3760 1959 3830 ἐνίψω

366 3851 529 3903 Ὀττι
562 3868 652 3921 μιν
681 3849 1026 3920 οὐδεδάηκα,
1059 3850 1371 3921 φανήσομαι
1397 3851 1520 3922 ἄρτι
1552 3853 1644 3904 καὶ
1671 3851 1834 3916 αὐτὸς

380 3941 542 4010 Ὑμῖν
575 3940 926 4010 ψευδομένοις
962 3940 1262 4011 ἀπατήλιος
1289 3937 1406 4004 ἶσος
1432 3941 1665 3995 ἀκούων.

382 4032 547 4086 Ἀλλά
571 4050 682 4103 μιν,
716 4031 852 4085 ἀλλά
884 4048 976 4102 μιν
1004 4029 1120 4086 οἶδα
1142 4051 1155 4063 ·
1193 4035 1288 4086 καὶ
1315 4033 1389 4095 ὡς
1415 4032 1664 4085 ἐπέτελλε
1688 4033 1956 4096 τελέσσαι,

370 4125 559 4188 οὕτως
592 4124 928 4178 ἀκλινέεσσιν
963 4126 1022 4178 ἐν
1049 4125 1235 4196 ἡθεσιν
1261 4125 1472 4195 ἔμπεδα
1510 4125 1673 4191 ῥέζω.

309 4282 326 4290 _
374 4215 442 4268 56
493 4216 728 4285 Ὑμείων
755 4216 980 4286 γενέτης
1012 4217 1399 4286 πρωτόσπορος
1426 4216 1605 4278 ἔνθεος
1632 4216 1857 4286 ’Ἀϐραμ

379 4303 538 4372 100
576 4301 772 4376 Ἦμαρ
793 4305 925 4376 ἐμὸν
955 4305 1286 4358 πολύευκτον
1319 4305 1445 4358 ίδεῖν
1471 4306 1734 4376 ἠγάλλετο
1765 4308 1921 4378 θυμῷ
1946 4325 1956 4336 ·

380 4392 526 4460 Εἷδε,
560 4397 654 4450 καὶ
688 4397 1029 4467 εὐφροσύνης
1062 4398 1388 4468 ἐπεϐήσατο.
1451 4399 1519 4452 57
1557 4399 1876 4468 Θαμὸαλέος
1906 4399 1962 4451 δὲ

380 4486 522 4550 Λαὸς
565 4489 832 4542 Ἰουδαίων
862 4487 1141 4559 ἀντίθροον
1173 4487 1406 4558 ἔϐρεμεν
1445 4487 1581 4558 ἡχὼ,

379 4581 560 4651 Μήπω
586 4582 951 4652 ἑλισσομένοιο
988 4580 1180 4652 χρόνου
1211 4581 1557 4654 πολυκαμπέῖ
1585 4581 1756 4654 νύσσῃ

1191 445 1682 502 PARAPIIRASIS
1719 445 1786 500 IN
1825 443 2162 502 JOANNE—M.
2212 477 2276 490 --
2316 445 2472 500 C.\P.
2521 444 2650 500 Vill.

3499 439 3605 492 δῑξίὶ

1958 573 2004 628 Α
2031 582 2170 630 cem,
2207 567 2345 632 Quia
2379 583 2486 620 non
2519 566 2640 621 nati
2717 566 2869 619 liberi
2910 565 3089 618 vitalis
3145 561 3276 615 estis
3333 557 3602 615 Parentis.

2093 663 2160 716 48
2202 662 2266 715 Et
2304 662 2478 715 audax
2514 661 2861 715 llebrzeorum
2888 657 3219 713 exaestuabat
3246 656 3473 726 pepultts
3510 670 3606 708 au-

2026 760 2203 824 diens,
2229 759 2548 830 lnsipientes
2568 759 2907 813 etmviciante
2924 756 3155 810 fundens
3180 767 3458 807 SL‘I‘IHOIICS
3474 767 3569 806 ore
3587 768 3604 808 ε

2027 855 2142 909 Non
2179 864 2231 908 te
2262 857 2399 910 male
2427 855 2736 924 judicantes
2775 849 3223 923 reprehendimus
3254 849 3457 902 sciente
3485 863 3608 902 scn-

2026 955 2227 1016 tentia,
2285 952 2438 1018 Quod
2499 952 2639 1006 Deus
2690 950 2866 1005 lactus
2934 947 3155 1003 crevisti
3227 945 3606 1007 Samaritanis,

2029 1049 2299 1103 Daemonis
2341 1049 2544 1102 habens
2579 1049 2840 1101 furentem
2875 1047 3132 1115 impetum
3162 1042 3402 1096 scuticat.
3506 1027 3512 1032 ’

2089 1144 2157 1198 49
2190 1142 2346 1198 Jesus
2388 1153 2566 1197 autem
2603 1144 2736 1196 dixit
2793 1158 2986 1196 rursus
3033 1139 3312 1194 ineredulo
3374 1135 3606 1205 populo:

2029 1240 2141 1311 99
2175 1239 2442 1295 Dalmonis
2485 1258 2592 1294 non
2635 1239 2805 1293 habeo
2850 1240 2952 1291 atri
2995 1255 3187 1291 suuum
3229 1235 3467 1293 scutica}.
3505 1231 3609 1285 Sed

2037 1338 2206 1391 Deum
2235 1337 2360 1391 vita:
2393 1335 2634 1389 datorem
2661 1349 2838 1386 meum
2870 1330 3177 1386 Genitorem
3197 1331 3405 1383 honoro
3440 1324 3615 1378 llono-

2036 1434 2191 1486 ribus
2229 1432 2418 1501 puris;
2458 1429 2755 1498 ignominia
2810 1438 2940 1478 vero
2989 1437 3075 1477 me
3121 1421 3291 1476 multa
3325 1419 3431 1474 Vos
3478 1419 3615 1473 insi-

2035 1530 2247 1600 pientes
2277 1527 2512 1597 culpatis
2556 1523 2865 1580 stimulanti
2900 1520 3083 1575 verbo.
3125 1518 3193 1573 50
3223 1517 3496 1570 Honorem
3523 1530 3612 1570 ve-

2035 1642 2098 1679 ro
2128 1634 2375 1680 nostrum
2406 1638 2512 1675 non
2537 1635 2742 1690 quzero;
2771 1617 3022 1672 sublimis
3045 1617 3189 1670 enim
3221 1612 3313 1668 Est
3339 1625 3610 1682 qumrens.

2035 1731 2090 1777 ct
2125 1735 2300 1776 meam
2334 1715 2560 1787 gloriam
2609 1729 2823 1782 semper
2851 1727 3078 1780 augens,
3107 1711 3172 1763 Et
3202 1711 3456 1779 judicans
3483 1716 3616 1762 tunc

2041 1818 2229 1888 magis.
2257 1815 2317 1868 5i
2358 1814 2552 1872 Amen,
2611 1811 2781 1861 Amen
2828 1809 2973 1869 dico,
3017 1807 3339 1875 Quicunque
3373 1818 3617 1858 meorum

1969 1898 2010 1953 Β
2042 1913 2305 1982 receperit
2337 1908 2807 1974 diviniloquorum
2845 1901 3060 1971 agmina
3091 1903 3404 1955 verborum.
3445 1899 3506 1952 Et
3538 1900 3621 1952 in—

2042 2013 2242 2065 violato
2280 2012 2334 2063 in
2363 2013 2584 2077 pectore
2629 1999 2974 2063 custodierit,
3022 1997 3312 2067 Nunquam
3374 2009 3620 2048 amarum

2038 2110 2266 2162 exitium
2293 2103 2548 2175 inspiciet
2570 2100 2744 2155 donec
2777 2095 3040 2151 manserit
3071 2093 3340 2148 Βωουιιιιιι
3365 2092 3619 2146 volubile.

2042 2207 2109 2260 5‘2
2137 2201 2437 2274 Respondit
2467 2206 2648 2254 autem
2673 2194 2904 2266 populus
2935 2211 2948 2248 :
2980 2191 3133 2244 Nune
3160 2191 3390 2258 amplius
3420 2189 3623 2243 scimus

1963 2327 1979 2341 ο
2046 2312 2167 2348 vere
2199 2293 2342 2364 quod
2375 2301 2425 2345 te
2458 2287 2628 2344 rabiei
2666 2284 2934 2338 [)annonis
2962 2297 3156 2336 aereus
3183 2280 3396 2333 exitiosi
3431 2279 3624 2332 stimu-

2047 2387 2130 2441 lus
2155 2383 2400 2454 impellit.
2441 2380 2712 2433 Abraham
2740 2377 2875 2430 vidit
2910 2373 3075 2426 fatum
3108 2381 3213 2425 tam
3252 2386 3500 2439 magnus.
3538 2386 3625 2422 ne-

2046 2493 2151 2547 que
2184 2473 2458 2544 prophetae
2486 2469 2785 2523 Potuerunt
2816 2462 3177 2518 immutabilis
3199 2461 3387 2530 fugere
3409 2459 3624 2515 dolores

2049 2571 2263 2635 mortis;
2305 2566 2386 2620 Tu
2424 2580 2553 2620 vero
2587 2562 2697 2616 tuis
2748 2561 3084 2629 prol'umlens
3120 2539 3514 2628 iactabundum
3550 2558 3626 2608 fa-

2049 2670 2193 2717 stum
2233 2659 2419 2720 minis,
2452 2656 2639 2710 Audax
2675 2652 2884 2715 dixisti,
2917 2648 3062 2720 quod
3104 2651 3201 2704 Vir
3231 2650 3276 2706 si
3310 2647 3631 2702 custodierit

2053 2753 2343 2806 Sermones
2394 2755 2632 2809 nostros,
2674 2759 2782 2798 non
2837 2742 3078 2811 gustabit
3113 2741 3230 2810 ipse
3267 2737 3530 2792 exitium?
3564 2735 3630 2788 55

2053 2842 2324 2896 Abraham
2381 2855 2512 2894 num
2545 2845 2604 2890 tu
2649 2851 2730 2899 es,
2784 2834 2879 2904 qui
2935 2834 3042 2888 Deo
3066 2832 3318 2895 credidit,
3357 2832 3471 2898 ipse
3505 2842 3633 2897 pra:-

2055 2933 2310 2995 slantior,
2337 2929 2537 2984 Nostro
2578 2937 2764 2997 patre,
2800 2927 2892 2996 qui
2916 2924 3237 2979 innnnlabili
3269 2929 3519 2973 mortuus
3551 2926 3633 2970 Cal

2059 3022 2209 3076 fato?
2231 3019 2295 3072 Et
2325 3027 2554 3073 mortem
2583 3031 2776 3070 onmes
2803 3013 3008 3084 experti
3036 3019 3163 3067 sunt
3191 3009 3482 3079 prephetac.
3517 3005 3631 3066 Dic,

2055 3113 2142 3166 cui
2172 3127 2236 3165 ex
2272 3109 2548 3179 prioribus
2578 3107 2812 3176 teipsum
2844 3104 3066 3156 ontnino
3092 3101 3324 3155 similem
3353 3097 3500 3149 dices
3519 3100 3540 3146 ’ξ

2121 3203 2188 3256 Si
2207 3199 2366 3254 Jesus
2390 3205 2570 3250 autem
2593 3197 2801 3262 dixil,'a
2840 3195 2944 3248 Deo
2964 3193 3195 3261 impulsa
3219 3188 3360 3241 labia
3380 3187 3594 3240 solvens
3620 3202 3630 3234 :

2056 3292 2111 3347 Si
2147 3291 2439 3345 laudavere
2463 3303 2568 3353 me,
2596 3294 2649 3341 et
2687 3291 3034 3355 praastantem
3073 3294 3378 3334 sermonem
3423 3277 3636 3329 loeutus

2056 3383 2513 3448 fuero,Attollens
2534 3395 2708 3434 meam
2730 3377 2978 3449 gloriam,
3004 3390 3158 3428 meus
3189 3387 3369 3426 sermo
3400 3369 3532 3423 nihil
3556 3367 3638 3436 ju-

2057 3476 2238 3528 vabit:
2274 3474 2367 3526 Est
2391 3472 2703 3541 gloriﬁcans
2737 3484 2822 3522 me
2848 3467 3202 3527 Patermeus,
3235 3464 3326 3534 qui
3346 3478 3428 3515 me
3452 3460 3637 3531 generi

2058 3566 2307 3620 llumano
2360 3563 2620 3633 pra-misit
2672 3544 2858 3615 venire
2903 3566 3173 3611 rectorem
3227 3551 3436 3614 mundi,
3467 3549 3637 3614 Quem

2061 3661 2228 3716 Deum
2259 3667 2499 3712 vestrum
2527 3654 2731 3724 injusto
2757 3649 2963 3706 vocatis
3003 3661 3278 3703 sermone.
3409 3640 3512 3696 Sed
3541 3653 3642 3710 ego

2059 3753 2215 3808 valde
2240 3751 2387 3804 hunc
2422 3747 2586 3810 novi;
2621 3744 2668 3799 si
2691 3743 2838 3798 enim
2881 3739 3070 3794 dixero
3110 3737 3266 3803 Quod
3297 3736 3479 3806 ipsum
3529 3746 3639 3785 non

2063 3842 2332 3904 noverim,
2366 3838 2641 3910 apparebo
2667 3833 2830 3887 modo
2861 3843 2914 3886 et
2940 3834 3058 3901 ipse
3091 3829 3261 3884 Vobis
3285 3824 3644 3882 mendacibus

2061 3937 2319 4002 deceptor
2341 3929 2568 3999 aequalis
2616 3936 2863 3980 vocatus.
2904 3921 3008 3977 Sed
3050 3923 3249 3990 ipsum,
3283 3919 3524 3987 inquam,
3554 3931 3644 3968 no-

2063 4024 2142 4089 vi;
2173 4033 2220 4077 et
2246 4025 2388 4076 sicut
2415 4019 2668 4090 prwcepit
2701 4019 2979 4084 perlicere,
3004 4014 3093 4066 Sic
3118 4010 3502 4065 constantibus
3538 4023 3626 4059 mo

2063 4115 2216 4171 ribus
2241 4114 2391 4166 ﬁrma
2411 4111 2569 4164 facio.
2590 4108 2656 4162 56
2688 4106 2878 4160 Vester
2897 4115 3047 4174 pater
3079 4101 3394 4171 progenitor
3424 4098 3645 4152 divinus

2064 4205 2340 4262 Abraham
2409 4201 2562 4270 101
2604 4200 2752 4252 Diem
2795 4211 2974 4249 meum
3021 4193 3246 4245 multum
3277 4189 3645 4244 desideratum

2067 4299 2246 4352 videre
2263 4295 2528 4364 gestiebat
2553 4291 2734 4344 animo
2752 4310 2764 4344 :
2783 4287 2949 4348 Vidit,
2965 4294 3018 4339 et
3039 4283 3102 4337 ad
3121 4283 3359 4337 laetitiam
3380 4279 3645 4334 ascendit.

2066 4390 2132 4444 57
2161 4385 2514 4458 Stupel‘aetus
2544 4394 2719 4436 autem
2744 4380 2985 4449 Populus
3005 4375 3336 4436 Judteorum,
3356 4371 3646 4424 adversum

2070 4482 2332 4535 fremebat
2368 4493 2586 4540 sonum,
2623 4473 2868 4529 Nondum
2907 4469 3073 4524 voluti
3112 4465 3371 4534 lctnporis
3407 4461 3649 4516 ﬂexuosa

1999 4582 2045 4636 ι)
2076 4583 2216 4629 meta
2242 4571 2520 4626 Ambitum
2559 4565 2955 4638 quinquaginta
3001 4562 3093 4631 qui
3145 4556 3439 4628 implevisti
3481 4569 3656 4606 anno-

1583 4735 1865 4792 TEXTUS
1898 4729 2460 4792 ΕἻΛΝΟΕΙᾹΞΤΑΞ..

456 4852 524 4907 48
571 4853 972 4925 Ἀπεκρίθησαν
995 4849 1086 4907 οὗν
1111 4853 1160 4906 οἱ
1197 4851 1460 4913 Ἰουδαῖοι,
1481 4853 1575 4905 καὶ
1594 4847 1746 4904 εἷπον
1779 4852 1927 4921 αὑτῷ
1948 4869 1959 4880 ·

379 4937 456 4990 Οὐ
493 4937 673 4999 καλῶς
704 4937 935 5006 λέγομεν
967 4938 1149 5008 ἡμεῖς,
1177 4935 1258 4988 ὅτι
1294 4935 1643 5006 Σαμαρείτης
1676 4930 1726 4987 εἷ
1760 4935 1846 4996 σὺ,
1875 4934 1970 4988 καὶ

375 5021 658 5089 δαιμόνιον
683 5021 825 5090 ἔχεις
847 5038 861 5086 ;

455 5102 524 5156 49
579 5103 872 5174 Ἀπεκρίθη
916 5101 1156 5170 Ἰησοῦς·
1208 5099 1348 5169 Ἐγὼ
1372 5099 1644 5170 δαιμόνιον
1688 5100 1792 5152 οὐκ
1837 5099 1964 5168 ἔχω,

379 5187 524 5240 ἀλλὰ
555 5186 704 5256 τιμῶ
731 5185 821 5238 τὸν
850 5186 1066 5253 Πατέρα
1092 5202 1216 5256 μου,
1247 5185 1341 5238 καὶ
1368 5184 1522 5252 ὑμεῖς
1552 5183 1848 5252 ἀτιμάζετέ
1879 5199 1968 5252 με.

457 5272 527 5325 50
578 5270 717 5339 Ἐγὼ
744 5271 801 5324 δὲ
840 5270 898 5322 οὐ
941 5268 1088 5341 ζητῶ
1121 5270 1218 5340 τὴν
1262 5267 1419 5332 δόξαν
1464 5281 1600 5338 μου·
1635 5266 1781 5318 ἔστιν
1820 5268 1848 5318 ὁ
1876 5265 1972 5336 ζη-

381 5355 496 5408 τῶν
521 5355 615 5408 καὶ
644 5354 864 5425 κρίνων.

459 5439 523 5492 51
581 5438 774 5509 Ἀμὴν,
801 5437 946 5506 ἀμὴν
980 5435 1125 5502 λέγω
1145 5434 1296 5505 ὑμῖν·
1335 5433 1460 5485 Ἐάν
1489 5450 1570 5494 τις
1589 5432 1682 5484 τὸν
1708 5431 1863 5499 λόγον
1881 5430 1973 5484 τὸν

383 5521 522 5594 ἐμὸν
550 5526 787 5594 τηρήσῃ,
833 5520 1060 5573 Θάνατον
1088 5519 1147 5571 οὐ
1178 5518 1252 5587 μὴ
1287 5516 1539 5586 θεωρήσῃ
1568 5515 1647 5578 εἰς
1669 5515 1758 5567 τὸν
1781 5514 1972 5567 αἰῶνα.

463 5604 532 5659 59.
568 5601 735 5657 Εἶπον
778 5599 871 5658 οὖν
923 5600 1073 5670 αὑτῷ
1115 5601 1164 5653 oi
1204 5599 1476 5652 Ἰουδαῖοι·
1509 5596 1619 5650 Νῦν
1659 5596 1978 5666 ἐγνώκαμεν

385 5693 409 5741 'c
429 5705 474 5740 ει
513 5688 790 5758 δαιμόνιον
839 5686 1001 5757 ἔχεις,
1020 5682 1272 5754 Ἀϐραὰμ
1301 5683 1537 5735 ἀπέθανε
1565 5681 1658 5733 καὶ
1690 5683 1736 5733 οἱ
1768 5679 1980 5751 προφῆ-

391 5788 508 5827 ται.
537 5772 632 5825 καὶ
661 5774 725 5825 σὺ
752 5771 929 5840 λέγεις
948 5787 962 5801 ·
1003 5767 1129 5821 Ἐάν
1171 5783 1254 5828 τις
1297 5765 1387 5818 τὸν
1411 5763 1570 5832 λόγον
1603 5782 1702 5835 μου
1741 5764 1974 5835 τηρήσῃ,

387 5860 455 5910 οὐ
490 5859 564 5930 μὴ
599 5855 847 5920 γεύσεται
880 5853 1109 5908 θανάτου
1143 5851 1218 5912 εἰς
1245 5849 1330 5901 τὸν
1359 5848 1548 5902 αξῶνα.

2139 4850 2206 4902 55
2244 4848 2335 4914 Μὴ
2374 4844 2436 4896 σὺ
2483 4839 2684 4911 μείζων
2728 4833 2777 4887 εἴ
2818 4833 2909 4886 τοῦ
2950 4821 3650 4914 πατρὸςῼὴμώνζᾼὸραάμ,

2065 4933 2213 4993 ὅστις
2245 4905 2517 4988 ἀπέθανες
2558 4923 2652 4973 καὶ
2670 4920 2716 4970 οἱ
2743 4915 3018 4986 προφῆται
3041 4908 3329 4962 ἀπέθανον.
3345 4905 3478 4956 Τίνα
3501 4921 3652 4956 σεαυ-

2070 5015 2158 5067 τὸν
2186 5015 2249 5066 σὺ
2279 5011 2450 5070 ποιεῖς
2473 5022 2486 5070 ;

2143 5096 2211 5149 5i
2263 5069 2561 5160 Ἀπεκρίθη
2593 5081 2830 5154 Ἰησοῦς·
2873 5077 2998 5130 Ἐὰν
3029 5073 3138 5160 ἐγὼ
3163 5069 3654 5160 δοξάζω-ἐμαυτὸν,

2073 5181 2105 5248 ἡ
2136 5178 2260 5242 δόξα
2290 5192 2391 5246 μου
2423 5152 2576 5225 οὐδέν
2601 5152 2780 5219 gmw
2810 5163 2960 5214 εστιν
2984 5160 3012 5209 δ
3036 5157 3228 5226 Πατήρ
3250 5171 3351 5225 μου
3373 5155 3401 5206 ὀ
3421 5152 3656 5216 δοξάζων

2074 5240 2163 5333 με.
2197 5240 2254 5313 ὃν
2285 5240 2442 5328 ύμεῖς
2475 5255 2660 5320 λέγετε
2689 5250 2770 5301 ὅτι
2802 5245 2935 5305 Θεὸς
2959 5240 3112 5333 ύμών

2143 5315 2213 5399 5'5
2252 5315 2362 5395 Κάι
2402 5315 2503 5391 οὐκ
2541 5315 2816 5404 ἐγνώκατε
2845 5325 3036 5381 αὐτόν’
3065 5319 3175 5391 ἐγὼ
3206 5321 3262 5373 δὲ
3301 5315 3419 5372 οἶδα
3460 5318 3618 5370 αὐτόν
3650 5338 3662 5351 ·

2074 5429 2169 5482 καὶ
2197 5426 2292 5479 ἐὰν
2314 5423 2458 5477 εἴπω
2480 5423 2562 5474 ὃτι
2583 5400 2692 5470 ὀὐκ
2710 5411 2827 5467 οἶδα
2853 5409 3036 5473 αὑτὸν,
3061 5405 3256 5476 ἔσομαι
3275 5404 3460 5473 ὅμοιος
3483 5400 3656 5470 ὑμῶν,

2073 5508 2333 5580 ψεύστης.
2353 5505 2491 5558 Ἀλλ’
2521 5498 2637 5556 οἶδα
2660 5497 2842 5561 αὑτὸν,
2873 5491 3077 5546 καὶτὸν
3110 5488 3267 5555 λόγον
3291 5483 3454 5538 αὑτοῦ
3486 5483 3657 5551 τηρῶ.

2148 5592 2216 5647 56
2267 5566 2518 5660 ςᾸὸραθιμ
2535 5588 2564 5639 ὁ
2586 5583 2766 5653 πατὴρ
2788 5579 2942 5648 ὑμῶν
2965 5568 3437 5660 ἠγαλλιάσατο-ἴνα
3562 5567 3659 5636 τὴν

2083 5677 2296 5748 ἡμέραν
2323 5657 2421 5743 τήν
2449 5657 2606 5741 ἐμὴν,
2633 5667 2728 5720 καὶ
2759 5661 2887 5724 εἶδε,
2915 5660 3021 5748 καὶ.
3041 5657 3233 5748 ἐχάρη..

2156 5735 2218 5812 ὕῆ
2263 5735 2429 5809 Εἶπον
2458 5735 2555 5807 οὗν-
2576 5754 2623 5804 οἱ
2665 5747 2905 5802 Ἰουδαῖοι
2931 5742 3064 5812 πρὸς
3091 5738 3282 5791 αὐτόν·
3317 5735 3661 5805 Πεντήκοντα

2081 5845 2173 5913 ἔτη
2210 5840 2360 5894 οὔπω
2389 5839 2547 5909 ἔχεις,
2579 5836 2669 5889 καὶ
2707 5828 2955 5901 ’Λϐραέιμ
2982 5824 3233 5895 ἑώρακας
3253 5860 3268 5888 ,
