3982 6406
206 482 332 540 89.3

205 603 426 673 Ἐρχεό
458 619 569 672 μοι,
604 604 699 658 καὶ
727 604 883 658 νίπτε
916 606 1038 660 τεὸν
1064 607 1219 677 ῥέθος
1252 603 1344 681 ᾗχι
1374 607 1598 679 Σιλωὰμ

199 693 415 763 Πηγῆς
439 695 757 764 ἀγχιπόροιο
788 697 898 766 ῥέει
929 698 1230 770 πανδήμιον
1265 699 1428 771 ὕδωρ,

203 784 409 859 Ἳ’δωρ
437 786 812 856 στελλομένοιο
846 789 1171 860 προώνυμον
1203 793 1270 845 ἐκ
1302 792 1392 845 σέο
1419 794 1666 864 πομπῆς.

202 878 459 948 Χριστὸς
484 877 588 949 ἔφη
613 895 626 908 ·
656 879 750 934 καὶ
782 879 983 948 τυφλὸς
1010 882 1282 950 ἐπείγετο,
1309 884 1405 936 καὶ
1439 883 1592 955 παρὰ
1624 885 1774 954 πηγῇ

201 971 396 1040 Χερσὶ
422 968 822 1042 βαθυνομένῃσι
851 972 1159 1044 φαεσφόρον
1190 975 1398 1043 ἥφυσεν
1433 973 1599 1045 ὕδωρ,

206 1062 420 1114 ”Υδασι
451 1063 734 1133 πηγαίοισι
767 1063 1023 1117 λιπόσκια
1057 1064 1200 1133 φάεα
1231 1064 1456 1118 νίπτων.

205 1153 446 1223 Σμήξας
480 1153 528 1207 δ’
558 1155 855 1226 ἀρτιτύπου
891 1157 1199 1226 τροχοειδέα
1227 1158 1423 1212 κύκλον
1471 1157 1720 1226 ὀπωπῆς,

223 1244 526 1314 Ἐξαπίνης
551 1246 684 1312 φάος
711 1245 857 1316 ἔσχε,
898 1246 957 1299 τὸ
994 1248 1080 1318 μὴ’
1101 1248 1265 1316 φύσις
1289 1245 1430 1302 οἶδεν
1455 1249 1712 1314 ὀπάσσαι,

224 1335 506 1407 Ἀθρήσας
537 1336 828 1404 φαέθοντος
857 1338 1052 1409 ἀήθεος
1084 1339 1278 1410 ὄψιμον
1307 1340 1526 1410 αἴγλην.

209 1429 436 1497 Νίψατο
457 1445 471 1458 ·
506 1429 600 1481 καὶ
623 1429 783 1483 πάλιν
810 1427 963 1502 ἦλθε,
995 1434 1087 1485 καὶ
1113 1433 1297 1486 ίστατο
1325 1435 1498 1490 πάντα
1522 1433 1775 1487 δοκεύων.

211 1522 250 1573 8
291 1520 406 1574 Καί
439 1537 534 1590 μιν
566 1521 971 1594 ὲσαθρήσαντες
996 1524 1262 1594 ἐπήλυδες
1294 1525 1484 1596 ἄνδρες
1520 1527 1691 1578 ὁδῖται

210 1614 612 1689 Μαρμαρυγὴν
641 1614 928 1685 πέμποντα
955 1615 1262 1687 νεογλήνοιο
1287 1615 1603 1686 προσώπου,

211 1705 467 1769 Γείτονες
492 1707 822 1775 ἐφθέγγοντο
843 1708 938 1760 καὶ
962 1708 1155 1779 ἀνέρες
1190 1707 1363 1778 ίδμονι
1394 1706 1506 1777 λαῷ
1526 1723 1540 1737 ·

214 1799 296 1850 Οὐ
332 1798 495 1851 πέλεν
527 1792 684 1862 οὗτος
713 1800 920 1863 ἐκεῖνος
949 1801 1005 1853 ἐν
1036 1799 1190 1852 ἄστεϊ
1214 1799 1408 1867 τυφλὸς
1436 1798 1638 1868 ὁδίτης,

220 1891 325 1952 Ὃς
359 1890 530 1959 πάρος
557 1891 884 1954 αίτίζεσκεν,
921 1891 1161 1962 ὲθήμονα
1195 1893 1352 1960 χεῖρα
1385 1889 1642 1943 τιταίνων

213 1979 510 2051 Δεξιτερὴν
539 1980 816 2050 προϐλῆτα
847 1982 1332 2052 παρερχομένοισιν
1360 1979 1593 2042 ὁδίταις;

213 2073 252 2127 9
291 2071 478 2124 Ἀλλοι
505 2071 550 2123 δ’
568 2073 904 2142 ἀντιάχησαν
931 2073 1204 2142 ἀμοιϐαίῳ
1236 2072 1345 2125 τινὶ
1376 2071 1532 2142 μύθῳ
1550 2088 1564 2102 ’

217 2163 299 2216 Οὐ
333 2163 518 2227 πέλεν,
551 2164 611 2215 ού
644 2165 806 2216 πέλεν
845 2160 1019 2228 οὗτος,
1048 2165 1190 2217 ἔοικε
1216 2163 1274 2216 δὲ
1307 2163 1503 2230 μοῦνον
1526 2159 1738 2230 ἐκείνῳ.

217 2256 292 2309 10
330 2257 523 2318 Κεῖνος
553 2255 690 2327 ἀνὴρ
714 2257 1006 2327 ἀγόρευεν·
1050 2251 1190 2322 Ἐγὼ
1229 2252 1664 2313 πέλον.Είσαῖων
1692 2250 1750 2304 δὲ

215 2347 366 2410 Λαὸς
403 2347 689 2408 Ἰουδαίων,
725 2346 1058 2414 φιλοπευθέα
1091 2346 1294 2417 ριἡξατο
1323 2346 1533 2416 φωνήν⁶

216 2439 349 2500 Πῶς
379 2439 435 2490 δὲ
453 2439 575 2492 τεαὶ
596 2438 900 2509 προϐλῆτες
932 2438 1278 2507 ἀνωῒχθησαν
1313 2435 1567 2499 ὀπωπαί;

297 2529 457 2600 104
504 2531 562 2583 11
616 2530 886 2601 Ἑϐραίοις
935 2530 980 2583 δ’
1018 2528 1247 2600 ἀγόρευε
1288 2526 1408 2597 Θεῷ
1447 2525 1814 2596 πεφιλημένος

219 2622 415 2684 Κεῖνος
443 2620 582 2692 ἀνὴρ
605 2622 663 2684 ὃς
689 2623 922 2693 Χριστὸς
946 2621 1221 2682 ἀκούεται,
1237 2622 1419 2674 ὅντινα
1450 2617 1569 2672 λαοὶ
1628 2617 1809 2689 [ἀνήρ’

225 2708 443 2780 ἰησοῦν
480 2711 782 2775 καλέουσιν,
821 2711 959 2781 ὲμάς
988 2709 1144 2774 ὤϊξεν
1173 2711 1421 2773 ὀπωπάς.

211 2797 450 2856 Χείλεσι
475 2803 584 2874 γὰρ
615 2803 777 2871 σοφὸν
802 2803 975 2873 ἀφρὸν
1001 2803 1275 2873 ἀνήρυγεν
1296 2819 1310 2832 °
1342 2802 1400 2853 ἐν
1429 2801 1642 2870 δαπέδῳ
1664 2799 1724 2853 δὲ

235 2893 586 2963 Ἀκροτάτοις
613 2893 866 2963 ὀνύχεσσι
901 2893 1272 2963 πολύστροφον
1306 2892 1508 2962 ίκμάδα
1537 2891 1778 2956 πάλλων,

222 2985 512 3054 Πτύσματι
541 2985 708 3054 πηλὸν
739 2984 975 3048 ἔτευξεν,
1007 2985 1146 3054 ὲμάς
1176 2984 1220 3036 δ’
1251 2983 1468 3056 ἔχρισεν
1494 2983 1748 3046 ὀπωπάς,

224 3077 338 3130 Καί
371 3094 436 3146 με
467 3076 645 3145 μολεϊ)
668 3075 950 3128 ἐκέλευσεν
979 3075 1082 3145 ὅπη
1108 3074 1230 3146 ῥόος
1259 3076 1376 3127 ἐστὶ
1403 3073 1644 3142 Σιλωάμ.

227 3169 417 3239 Πηγὴς
449 3168 490 3221 δ’
515 3169 681 3236 ἐγγὺς
711 3168 894 3221 ίκανον
916 3184 930 3198 ο
963 3166 1269 3237 ἀλεξικάκῳ
1297 3166 1355 3218 δὲ
1385 3165 1594 3236 ῥεέθρῳ

223 3259 540 3328 Νιψάμενος
572 3259 807 3326 σκιεροῖο
831 3255 1150 3326 περίτροχον
1179 3255 1426 3325 ὄμματος
1451 3252 1603 3324 ὓλην,

237 3350 532 3419 Ἐξαπίνης
562 3350 697 3418 φάος
729 3344 887 3409 εἶδον,
927 3348 956 3400 ὃ
988 3349 1062 3418 μὴ
1094 3348 1268 3418 πάρος
1297 3341 1440 3416 εἶχον
1469 3345 1709 3402 ὀπωπαί.

227 3440 299 3494 12
350 3440 586 3510 Ἑϐραῖοι
617 3439 661 3492 δ’
693 3438 929 3510 ἐρέεινον
961 3437 1205 3500 ἀναιδέες
1239 3436 1436 3508 ἄφρονι
1465 3434 1618 3506 μύθῳ
1638 3452 1652 3465 ·

224 3530 313 3600 lli}
353 3530 476 3582 τέλε
495 3569 510 3594 ,
541 3529 619 3598 πῆ
646 3528 776 3581 πέλε
803 3532 1012 3594 κεῖνος;
1053 3529 1110 3581 Ὀ
1135 3527 1180 3580 δ’
1203 3527 1353 3596 ἴαχεν
1377 3524 1604 3596 ἔμφρονι
1629 3522 1817 3594 μύθῳ·

241 3618 530 3689 Ἀγνώσσω
558 3618 682 3672 πόθι
715 3621 911 3680 κεῖνος.
986 3618 1054 3672 15
1103 3615 1493 3670 Ἐπεσσεύοντο
1513 3615 1572 3666 δὲ
1601 3614 1743 3678 λαοὶ,

226 3711 336 3763 Τόν
368 3727 498 3764 ποτε
525 3710 726 3780 τυφλὸν
753 3709 979 3778 ἄγοντες
1005 3710 1063 3773 ἐς
1090 3708 1370 3771 ἀντιθέους
1403 3707 1609 3778 ίερῆας.

229 3799 301 3852 11
348 3799 649 3870 Ἐϐδομάτη
678 3799 724 3852 δ’
746 3800 1025 3869 ἄπρηκτος
1057 3798 1152 3869 ἔην
1183 3799 1304 3850 τότε
1335 3797 1588 3860 θέσκελος
1615 3795 1746 3867 ἠὼς,

229 3889 311 3959 Τῇ
346 3887 423 3942 ἔνι
447 3887 616 3959 πηλὸν
650 3887 852 3953 ἔτευξε,
884 3887 977 3940 καὶ
997 3886 1198 3940 ἔπλασε
1229 3885 1432 3955 φέγγος
1463 3885 1713 3946 ὀπωπαῖς

229 3977 486 4050 Χριστὸς,
521 3978 630 4031 ἀπὸ
653 3978 937 4051 βλεφάρων
965 3978 1163 4041 ἐλάσας
1196 3976 1449 4031 ἀλαωπὸν
1475 3974 1725 4046 ὁμίχλην.

233 4069 304 4123 15
341 4069 450 4122 Καί
485 4086 576 4138 μιν
599 4069 846 4141 ἀνείρετο
871 4069 999 4133 λαὸς
1025 4069 1402 4123 ἀπιστοτάτων
1430 4067 1762 4140 Φαρισαίων,

234 4159 360 4221 Πῶς
378 4158 660 4230 βλεφάρων
677 4159 807 4228 λάχε
831 4158 1031 4228 φέγγος
1052 4175 1064 4187 ·
1088 4161 1116 4212 ὁ
1137 4159 1195 4212 δὲ
1222 4160 1428 4230 θρασὺς
1453 4157 1602 4227 ἴαχεν
1635 4157 1776 4226 ἀνήρ
1801 4170 1817 4187 ο

235 4249 498 4303 Θέσκελον
531 4249 830 4320 ἡμετέραις
857 4251 1164 4320 ἐπεθήκατο
1197 4250 1368 4319 πηλὸν
1395 4249 1674 4311 όπωπαῖς,

249 4339 591 4411 Ὀφθαλμοὺς
619 4340 662 4393 δ’
685 4339 978 4411 ἐχάραξεν
1011 4340 1122 4409 ἐγὼ
1153 4340 1197 4393 δ’
1223 4339 1328 4394 ὑπὸ
1363 4340 1565 4408 γείτονι
1594 4341 1746 4409 πηγῇ

237 4430 432 4482 ’Υδατι
461 4431 633 4500 πηλὸν
663 4431 839 4501 ἔνιψα,
871 4432 966 4484 καὶ
995 4431 1223 4501 ἵσταμαι
1251 4430 1378 4500 ἄρτι
1403 4428 1658 4483 δοκεύων.

240 4521 312 4575 16
348 4521 456 4576 Καὶ
483 4523 730 4594 φθονεροί
757 4541 899 4586 τινες
927 4518 1082 4577 εἶπον
1104 4521 1381 4596 ἀσιγήτων
1403 4521 1711 4593 Φαρισαίων
1730 4537 1744 4550 ·

238 4609 314 4663 οὐ
339 4609 520 4665 θεόθεν
559 4614 720 4667 πέλεν
749 4609 925 4679 οὗτος,
953 4614 1010 4678 ὃς
1050 4613 1170 4684 ἱερά
1198 4612 1376 4684 θεσμά
1401 4613 1675 4683 πατήσας,

1091 485 1581 542 l‘AltAPHRASlS
1619 486 1686 542 IN
1722 484 2066 543 JOANNEM.
2108 518 2175 528 —-
2214 489 2366 546 CAP.
2409 490 2499 546 IX'.

3383 498 3484 556 8'3‘3

1839 614 1886 671 Δ
1913 609 2050 664 ciem
2077 609 2168 664 ubi
2205 610 2409 665 Siloam
2437 610 2626 668 Fontis
2651 610 2816 668 vicini
2839 612 2958 668 tluit
2983 616 3292 672 communis
3323 632 3488 686 aqua,
3513 613 3516 616 ’

1827 779 1830 781 ἓ
1912 701 2068 770 Aqua
2099 701 2255 758 missi
2288 705 2682 772 praenominata
2725 719 2791 760 ex
2831 713 2925 758 tua
2949 705 3296 761 deductione.
3323 707 3492 762 Chri-

1914 801 2034 848 stus
2068 792 2230 860 dixit;
2261 801 2313 848 et
2343 809 2523 850 caecus
2548 795 2862 860 festinabat,
2896 795 2963 848 Et
2983 797 3126 865 apud
3148 796 3352 852 fontem
3379 797 3494 854 Ma-

1921 881 2090 954 nibus
2111 883 2264 938 cavis
2301 883 2589 939 luciferam
2618 884 2804 939 hausit
2842 900 3064 954 aquam,
3106 886 3279 955 Aquis
3319 886 3494 940 tenta--

1917 973 2007 1028 nis
2032 987 2178 1027 caeca
2217 975 2428 1029 lumina
2461 976 2668 1030 lavans.
2700 977 3033 1046 Abstergens
3069 984 3251 1032 autem
3285 979 3496 1034 noviter

1913 1065 2160 1134 expressi
2199 1065 2494 1120 rotundum
2533 1067 2796 1121 ambitum
2851 1069 3020 1132 oculi,
3069 1067 3264 1124 Statim
3319 1070 3498 1124 lucem

1915 1155 2171 1220 habebat,
2215 1172 2380 1226 quam
2427 1165 2626 1211 natura
2651 1174 2760 1212 non
2792 1156 3020 1214 noverat
3046 1161 3304 1229 prmberc,
3338 1159 3503 1231 Aspi-

1914 1246 2068 1301 ciens
2095 1248 2230 1302 solis
2261 1249 2571 1304 inconsueti
2600 1265 2783 1304 serum
2825 1251 3197 1320 splendorem.
3225 1251 3410 1318 Lavit;
3441 1261 3499 1306 et

1915 1353 2110 1394 rursus
2167 1340 2338 1403 venit,
2373 1349 2428 1395 et
2477 1341 2628 1396 stetit
2668 1343 2850 1395 omnia
2909 1343 3116 1396 videns.
3151 1341 3184 1396 8
3216 1343 3284 1396 Et
3319 1343 3498 1412 ipsum

1917 1431 2250 1500 aspicientes
2283 1433 2506 1488 advena:
2529 1433 2632 1488 viri
2671 1432 2910 1487 viatores
2938 1432 3294 1502 Splendorem
3339 1434 3499 1490 emit-

1915 1531 2126 1578 tentem
2165 1539 2196 1578 a
2247 1539 2446 1580 recens
2495 1525 2674 1580 visum
2722 1533 3084 1593 recuperante
3116 1527 3274 1589 faeie,
3328 1526 3500 1580 Vicini

1917 1614 2173 1669 dixerunt
2207 1625 2260 1670 et
2286 1615 2390 1669 viri
2420 1616 2616 1670 scienti
2663 1615 2898 1683 populo:
2937 1613 3130 1669 Nonne
3159 1623 3242 1670 est
3274 1616 3363 1670 hic
3411 1617 3502 1672 ille

1919 1707 1975 1760 in
2003 1707 2228 1760 civitate
2263 1721 2443 1761 caecus
2473 1706 2672 1766 viator,
2711 1705 2815 1769 Qui
2872 1714 3030 1758 antea
3069 1706 3303 1774 petebat,
3367 1720 3501 1760 con-

1919 1803 2132 1850 suetam
2173 1811 2396 1849 manum
2440 1795 2743 1850 extendens
2798 1795 3051 1848 Dextram
3104 1796 3500 1863 prominentem

1913 1887 2378 1956 praetereuntibus
2409 1887 2751 1941 viatoribus?
2781 1888 2815 1940 9
2847 1888 2948 1941 Alii
2994 1895 3172 1940 autem
3195 1895 3385 1940 contra
3411 1901 3503 1940 so—

1839 1985 1882 2039 B
1914 1984 2152 2031 nuerunt
2181 1979 2502 2046 responsivo
2531 1976 2768 2046 quodam
2796 1991 3082 2031 sermone:
3111 1975 3228 2029 Non
3261 1981 3364 2040 est,
3392 1990 3502 2028 non

1912 2074 1998 2122 est
2035 2066 2154 2120 hic:
2191 2067 2392 2122 similis
2444 2075 2529 2122 est
2575 2074 2786 2120 tantum
2821 2067 2920 2119 illi.
2955 2067 3020 2120 10
3055 2065 3147 2118 Ille
3194 2064 3278 2117 vir
3324 2064 3501 2118 dixit:

1914 2159 2028 2230 Ego
2054 2175 2198 2216 sum.
2237 2159 2484 2215 Audiens
2505 2168 2686 2218 autem
2717 2159 2960 2228 Populus
2994 2157 3330 2220 Judteorum,
3364 2157 3503 2211 scis-

1913 2251 2269 2305 citabundam
2313 2251 2459 2319 rupit
2499 2266 2689 2305 vocem
2724 2269 2737 2305 :
2781 2249 3068 2316 Quomodo
3099 2265 3229 2304 vero
3261 2253 3337 2301 tui
3367 2263 3503 2318 pra:-

1913 2341 2186 2395 minentes
2220 2340 2395 2410 aperti
2432 2349 2564 2394 sunt
2593 2339 2778 2394 oculi?

1919 2510 2075 2581 105
2108 2511 2168 2565 11
2200 2511 2406 2566 Iudaeis
2433 2519 2616 2566 autem
2642 2510 2781 2566 dixit
2811 2508 2920 2564 Deo
2943 2509 3147 2565 charus
3170 2509 3274 2564 vir:
3313 2508 3405 2562 Ille
3420 2508 3505 2562 vir

1916 2603 2012 2672 qui
2049 2603 2307 2659 Christus
2342 2603 2568 2665 dicitur,
2607 2618 2768 2672 quem
2808 2603 3043 2671 populus
3080 2599 3266 2655 Jesum
3322 2609 3502 2663 vocat,

1915 2711 2069 2751 meos
2123 2695 2340 2765 aperuit
2386 2694 2599 2750 oculos.
2633 2693 2822 2750 Labiis
2859 2694 3001 2750 enim
3037 2693 3334 2761 sapientem
3374 2707 3506 2761 spu-

1917 2805 2060 2842 mam
2086 2789 2295 2858 expuit;
2328 2787 2384 2854 jn
2420 2787 2732 2857 pavimento
2761 2796 2938 2844 autem
2967 2784 3208 2842 Summis
3233 2783 3508 2853 unguibus

1917 2883 2238 2935 versatilem
2289 2880 2578 2934 humorem
2622 2879 2898 2947 quatiens,
2929 2876 3108 2947 Sputo
3148 2877 3318 2935 lutum
3358 2873 3506 2938 fecit,

1917 2979 1974 3026 et
1997 2987 2149 3027 meos
2181 2972 2341 3025 unxit
2376 2971 2589 3025 oculos.
2635 2971 2699 3024 Et
2752 2985 2837 3027 me
2872 2969 2952 3022 ire
2978 2968 3149 3036 jussit
3187 2967 3276 3022 ubi
3324 2965 3508 3020 ﬂuxus

1916 3071 2002 3117 est
2025 3063 2252 3124 Siloam.
2291 3063 2370 3116 Ad
2418 3062 2620 3116 fontem
2665 3069 2847 3114 autem
2873 3073 3044 3128 prope
3098 3061 3238 3119 veni,
3277 3057 3507 3110 malum-

1919 3168 2024 3222 que
2045 3153 2276 3222 pellente
2299 3153 2447 3206 ﬂuxu
2472 3152 2687 3206 Lavans
2711 3150 2956 3206 umbrosi
2978 3149 3337 3205 orbiculatam
3366 3163 3502 3201 ocu-

1920 3244 1956 3297 li
1991 3245 2295 3310 materiam,
2340 3244 2537 3304 Statim
2573 3245 2757 3298 lumen
2811 3241 2944 3306 ridi,
2999 3240 3146 3310 quod
3200 3255 3306 3294 non
3347 3247 3506 3293 antea

1839 3338 1882 3396 C
1917 3331 2190 3387 habebant
2241 3333 2409 3386 oculi.
2461 3331 2532 3385 12
2588 3331 2804 3386 Hebraei
2856 3337 3040 3386 autem
3098 3327 3508 3396 interrogarunt

1921 3425 2268 3494 impudentes
2301 3423 2580 3492 insipienti
2618 3421 2815 3476 verbo:
2856 3419 2958 3475 Ubi
2989 3429 3098 3485 est,
3134 3420 3226 3474 ubi
3255 3428 3338 3474 est
3381 3418 3509 3472 ille?

1919 3519 2012 3573 Ille
2039 3527 2220 3572 autem
2246 3517 2434 3572 sonuit
2464 3514 2716 3585 prudenti
2745 3528 3030 3568 sermone:
3074 3512 3268 3582 Ignoro
3298 3511 3388 3571 ubi
3420 3512 3509 3565 ille

1921 3610 2013 3665 sit.
2050 3609 2117 3662 15
2151 3606 2544 3662 Concitabatur
2573 3615 2751 3659 autem
2786 3605 3043 3674 populus,
3070 3603 3206 3657 Eum
3234 3604 3326 3672 qui
3357 3601 3510 3671 prius

1919 3715 2099 3755 caecus
2123 3707 2245 3755 erat
2272 3699 2480 3756 ducens
2501 3697 2568 3752 ad
2597 3695 2704 3752 Deo
2731 3696 3041 3750 contrarios
3071 3695 3408 3750 sacerdotes.
3442 3693 3512 3746 14

1922 3789 2167 3860 Septima
2190 3806 2322 3845 vero
2348 3790 2526 3843 otiosa
2557 3795 2676 3842 erat
2704 3795 2834 3841 tunc
2861 3787 3045 3842 divina
3073 3801 3291 3846 aurora,
3322 3783 3376 3838 In
3401 3799 3508 3854 qua

1919 3883 2098 3936 lutum
2135 3881 2286 3941 fecit,
2319 3886 2374 3934 et
2425 3878 2684 3932 formavit
2732 3877 2909 3931 lucem
2949 3876 3124 3930 oculis
3167 3871 3444 3937 Christus,
3478 3887 3510 3925 a

1918 3972 2196 4042 palpebris
2235 3970 2515 4040 expellens
2543 3985 2742 4024 caecam
2777 3970 3090 4038 caliginem.
3131 3968 3198 4022 15
3232 3966 3297 4020 Ει
3329 3967 3509 4036 ipsum

1919 4061 2278 4132 interrogavit
2304 4069 2485 4116 cmtus
2527 4059 2936 4116 incredulorum
2970 4059 3398 4138 Pharisaeorum,
3437 4059 3505 4110 Ut

1919 4156 2206 4211 oculorum
2235 4159 2434 4207 nactus
2458 4163 2606 4206 esset
2655 4151 2863 4206 lucem:
2917 4151 3006 4206 ille
3041 4165 3169 4204 vero
3198 4147 3377 4202 audax
3421 4161 3512 4200 so-

1921 4245 2043 4300 nuit
2079 4244 2185 4298 vir:
2218 4241 2470 4296 Divinum
2494 4239 2912 4309 meisimposuit
2942 4240 3114 4297 lutum
3146 4237 3342 4298 oculis,
3374 4234 3511 4289 Ocu-

1920 4338 2006 4392 los
2057 4317 2114 4391 et
2160 4333 2434 4405 signavit;
2488 4348 2590 4402 ego
2648 4341 2829 4386 autem
2883 4331 2953 4385 ad
3003 4330 3244 4384 vicinum
3307 4328 3510 4382 fontem

1929 4428 2085 4498 Aqua
2110 4427 2283 4481 lutum
2320 4426 2491 4490 ablui,
2527 4434 2583 4480 et
2629 4431 2715 4480 sto
2747 4441 2896 4478 nunc
2928 4424 3141 4478 videns.
3181 4421 3247 4476 16
3275 4420 3342 4474 Et
3371 4417 3512 4473 invi-

1921 4519 1977 4574 di
2027 4519 2248 4589 quidam
2307 4518 2566 4574 dixerunt
2618 4516 3016 4586 impudentium
3070 4515 3498 4570 Pharisaeorum:

1922 4609 2042 4663 Non
2081 4624 2146 4664 ex
2180 4608 2290 4664 Deo
2319 4616 2405 4664 est
2431 4607 2544 4673 hic,
2569 4606 2666 4676 qui
2696 4620 2911 4666 sacram
2947 4606 3120 4676 legem
3160 4603 3513 4659 conculcans.

1439 4747 1721 4803 TEXTUS
1762 4745 2294 4804 EVANGELISTE.

308 4893 344 4946 8
381 4892 446 4945 Oi
469 4885 562 4944 οὗν
592 4893 830 4960 γείτονες
860 4894 954 4946 καὶ
982 4893 1032 4946 οἱ
1055 4891 1387 4964 θεωροῦντες
1414 4893 1576 4948 αὐτὸν
1599 4893 1660 4946 τὸ
1680 4891 1816 4964 πρό-
1849 4895 1894 4952 D
1924 4891 2039 4943 Οὐκ
2065 4886 2205 4943 οἶδα.

235 4992 392 5047 τερον
425 4976 508 5028 ὅτι
547 4975 745 5045 τυφλὸς
775 4972 864 5048 ἦν,
896 4976 1108 5046 ἔλεγον·
1141 4977 1253 5048 Ούχ
1287 4971 1440 5048 οὗτός
1461 4978 1609 5030 ἐστιν
1629 4977 1656 5029 ὁ
1679 4975 1814 5030 καθ-

239 5059 440 5130 ἡμενος
470 5057 565 5111 καὶ
588 5060 932 5129 προσαιτῶν;

311 5141 343 5196 9
381 5141 566 5194 ’Δλλοι
600 5141 783 5212 ἔλεγον
803 5161 816 5174 ·
853 5144 974 5196 Ὀτι
1007 5135 1160 5212 οὗτός
1189 5141 1337 5194 ἐστιν
1356 5157 1370 5170 °
1401 5139 1548 5194 ἄλλοι
1569 5140 1629 5195 δέ
1648 5157 1662 5172 ·
1696 5140 1819 5193 Ὅτι

239 5225 422 5294 ὅμοιος
454 5225 605 5296 αὐτῷ
643 5227 809 5282 ἐστιν.
827 5226 1063 5289 Ἐκεῖνος
1096 5225 1279 5294 ἔλεγεν
1301 5241 1314 5254 ·
1354 5224 1477 5276 Ὀτι
1502 5225 1611 5292 ἐγώ
1645 5225 1779 5293 είμι.

310 5307 377 5361 10
417 5309 640 5378 Ἔλεγον
685 5305 778 5364 οὖν
820 5308 1001 5379 αὐτῷ·
1061 5309 1186 5372 Πῶς
1241 5307 1592 5382 ἀνεῴχθησαν
1641 5325 1723 5361 σοι
1772 5307 1822 5360 οἱ

236 5389 508 5463 ὀφθαλμοί
533 5409 548 5456 ;

314 5475 374 5529 11
423 5475 722 5547 Ἀπεκρίθη
753 5477 960 5546 ἐκεῖνος
990 5474 1082 5527 καὶ
1109 5469 1291 5528 εἶπεν·
1326 5472 1644 5544 Ἀνθρωπος
1668 5473 1826 5542 λεγόν

241 5576 402 5631 μενος
441 5559 648 5630 Ἰησοῦς
699 5560 870 5628 πηλὸν
895 5558 1140 5629 ἐποίησε,
1169 5557 1262 5611 καὶ
1292 5555 1549 5627 ὲπέχρισέ
1575 5573 1674 5626 μου
1700 5558 1824 5620 τοὺς

236 5640 573 5711 ὀφθαλμοὺς,
599 5643 692 5695 καὶ
713 5640 838 5696 εἶπέ
893 5657 1010 5712 μοι’
1049 5641 1269 5708 ’Ύπαγε
1316 5641 1394 5702 είς
1419 5638 1518 5709 τὴν
1547 5638 1824 5711 κολυμϐή-

236 5725 378 5797 θραν
405 5724 501 5777 τοῦ
533 5724 778 5796 Σιλωὰμ,
813 5725 906 5779 καὶ
934 5723 1105 5793 νίψαι.
1157 5720 1433 5776 Ἀπελθὼν
1463 5721 1519 5774 δὲ
1553 5722 1647 5776 καὶ
1669 5721 1825 5792 νιψά-

243 5823 424 5878 μενος,
455 5806 747 5878 ἀνέϐλεψα.

319 5891 381 5943 l2
407 5889 573 5948 Εἶπον
612 5889 704 5949 οὖν
752 5893 933 5965 αὐτῷ*
992 5890 1101 5945 Ποῦ
1149 5892 1298 5945 ἐστιν
1347 5891 1582 5957 ἐκεῖνος;
1622 5889 1782 5959 Λέγει
1809 5906 1822 5919 ο

1997 4985 2064 5038 15
2097 4983 2358 5050 ’Ἄγουσιν
2385 4980 2548 5035 αὐτὸν
2573 4979 2710 5053 πρὸς
2741 4977 2868 5040 τοὺς
2887 4975 3238 5047 Φαρισαίους,
3262 4972 3354 5030 τόν
3386 4990 3508 5029 ποτε

1924 5066 2144 5137 τυφλόν.

1999 5170 2068 5224 14
2095 5166 2204 5223 Ἦν
2234 5168 2292 5221 δὲ
2326 5167 2596 5221 σάϐϐατον
2622 5166 2712 5218 ὅτε
2737 5164 2830 5217 τὸν
2858 5161 3027 5232 πηλὸν
3058 5159 3314 5230 ἐποίησεν
3347 5161 3376 5212 ό
3409 5160 3515 5231 Ἰη-

1929 5255 2077 5319 σοῦς,
2113 5252 2208 5306 καὶ
2241 5251 2477 5320 ἀνέῳξεν
2507 5248 2672 5304 αὑτοῦ
2711 5248 2834 5309 τοὺς
2863 5244 3196 5315 ὀφθαλμούς.

2002 5358 2071 5412 15
2110 5356 2280 5410 Πάλιν
2305 5351 2397 5408 οὖν
2423 5354 2655 5426 ἠρώτων
2690 5351 2852 5406 αὐτὸν
2884 5353 2979 5404 καὶ
3004 5353 3053 5404 οἱ
3086 5352 3367 5419 Φαρισαῖοι
3399 5346 3512 5410 πῶς

1931 5440 2246 5508 ἀνέϐλεψεν.
2305 5438 2360 5490 Ὁ
2389 5437 2445 5489 δέ
2477 5433 2630 5488 εἶπεν
2657 5435 2868 5496 αὐτοῖς’
2927 5433 3102 5504 Πηλὸν
3133 5433 3398 5502 ἐπέθηκεν
3421 5428 3512 5482 ἐπὶ

1931 5526 2056 5588 τοὶς
2086 5520 2400 5592 ὀφθαλμούς
2437 5537 2560 5590 μου,
2602 5519 2696 5572 καὶ
2725 5517 3017 5589 ἐνιψάμην,
3051 5515 3143 5569 καὶ
3173 5515 3371 5586 βλέπω.

2002 5639 2068 5694 16
2099 5637 2326 5705 Ἔλεγον
2356 5630 2449 5690 οὖν
2492 5636 2556 5689 ἐκ
2587 5633 2696 5688 τῶν
2723 5631 3032 5705 Φαρισαίων
3061 5629 3204 5693 τινές
3224 5647 3238 5660 °
3290 5621 3455 5691 Οὗτος
3483 5627 3513 5680 ό

1931 5723 2216 5795 ἄνθρωπος
2256 5721 2358 5772 οὐκ
2385 5718 2498 5772 ἔστι
2535 5717 2687 5789 παρά
2723 5715 2816 5769 τοῦ
2850 5714 3007 5780 Θεοῦ,
3042 5713 3207 5768 ὅτιτὸ
3247 5711 3513 5765 σάϐϐατον

1931 5808 1990 5859 οὐ
2043 5807 2218 5876 τηρεῖ.
2270 5803 2450 5857 ’Ἄλλοι
2495 5801 2719 5868 ἔλεγονο
2781 5798 2906 5861 Πῶς
2943 5798 3166 5851 δύναται
3231 5795 3514 5867 ἄνθρωπος

1933 5887 2254 5962 ἁμαρτωλὸς
2282 5884 2502 5940 τοιαῦτα
2534 5886 2734 5956 σημεῖα
2764 5883 2964 5948 ποιεῖν,
