3982 6414
167 279 298 337 833

171 393 435 465 Χριστὸς
457 393 764 466 ἀσημάντῳ
793 398 968 468 τάπερ
992 397 1180 455 ἔννεπε
1207 404 1418 459 Θέσπιδι
1444 409 1618 478 φωνῇ.

261 483 297 533 7
339 481 547 554 Ἰησοῦς
568 482 614 535 δ’
642 483 903 556 ἀγόρευεν
933 487 1173 562 ἀριζήλῳ
1201 493 1307 546 τινὶ
1337 493 1514 566 μύθῳ·

173 574 474 637 navem;
498 577 613 644 εἰμι
638 575 776 646 θύρη
800 577 1091 648 προϐάτων
1135 581 1493 654 πολυκανδέος
1519 587 1708 656 αὐλῆς.

171 666 214 716 8
258 665 475 728 Πάντες
505 665 618 718 ὅσοι
651 666 828 738 πάρος
853 664 1016 739 ἦλθον
1042 671 1435 729 ύποκλέπτοντι
1466 676 1684 750 πεδίλῳ,

172 756 387 828 ψῶρες
411 757 540 810 ἔσαν
571 758 844 823 δολόεντες
867 777 880 789 ·
909 761 1032 816 ὅθεν
1056 761 1300 838 ληΐστορι
1333 770 1483 839 φωνῇ

173 847 391 900 Αὐτῶν
423 847 811 921 φθεγγομένων
837 853 939 907 οὑκ
964 855 1123 910 ἔκλυε
1155 857 1310 913 πώεα
1339 857 1594 930 ποίμνης.

175 939 217 990 9
263 938 545 1003 Πάνδοκός
572 942 688 1012 εἰμι
717 942 856 1014 θύρη
891 945 1188 1014 μηλοσσόος
1206 965 1219 979 ·
1250 950 1522 1022 ἡμετέρης
1548 951 1604 1003 δὲ

179 1028 294 1090 ,νος
330 1047 428 1083 κεν
455 1030 547 1084 mw
569 1032 634 1084 δι’
662 1034 816 1104 ἐμεῖο
844 1035 1014 1106 θύρην
1047 1039 1372 1093 ὑποδύσεται
1400 1042 1601 1110 αὐλῆς,

177 1113 371 1183 Οὗτος
405 1119 515 1174 ἔσω
547 1123 766 1194 στείχει,
799 1126 893 1179 καί
918 1127 1226 1199 ὑπότροπος
1250 1127 1403 1196 αὖτις
1429 1133 1620 1197 ὁδεύει,

180 1209 307 1263 Καὶ
339 1211 503 1281 νομὸν
537 1214 778 1284 εὑρήσει,
817 1216 909 1270 καὶ
938 1218 1151 1282 ἀείσοος
1178 1220 1393 1275 ἔσσεται
1423 1223 1582 1292 ἀνήρ.

188 1300 264 1354 10
293 1303 548 1374 Ληῖστὴρ
574 1303 620 1356 δ’
649 1305 865 1376 ἀΐδηλος
893 1309 950 1371 ὲς
973 1307 1150 1362 αὔλιον
1182 1310 1375 1365 οῦποτε
1408 1309 1600 1380 βαίνει,

185 1393 258 1445 Εἰ
292 1392 370 1463 μὴ
398 1392 482 1446 ἵνα
504 1394 754 1465 κλέψειεν
792 1397 1131 1470 ἀμάρτυρος,
1163 1399 1195 1471 ἢ
1232 1402 1324 1454 καὶ
1350 1400 1564 1472 ὀλέσσῃ,

199 1481 302 1535 Ἦὲ
324 1483 674 1553 διατμήξειεν
703 1487 911 1554 ἀφειδέῖ
952 1489 1094 1560 μῆλα
1129 1490 1392 1565 μαχαίρῃ.

185 1573 390 1644 Αὐτὰρ
417 1573 528 1640 ἐγὼ
554 1575 702 1647 παρὰ
729 1577 958 1649 Πατρός,
991 1580 1141 1644 ὅπως
1172 1579 1281 1651 ὲμά
1308 1581 1453 1652 μῆλα
1486 1581 1701 1648 σαώσω,

191 1663 437 1717 Ἤλυθον
462 1683 476 1697 ·
518 1666 663 1738 ὄφρα
689 1669 903 1740 λάχοιεν
931 1670 1201 1744 ἀλωφήτῳ
1223 1675 1330 1727 τινὶ
1360 1678 1491 1746 τιμῇ

192 1754 357 1825 Ζωὴν
383 1757 708 1828 ὲσσομένην,
733 1761 832 1831 τὴν
861 1762 920 1814 οὑ
955 1764 1146 1834 χρόνος
1174 1757 1312 1818 οἶδεν
1336 1765 1573 1829 ὀλέσσαι,

1171 242 1652 344 PABAPIIRASIS
1689 287 1755 344 lN
1794 285 2134 350 JOANNEM.
2172 321 2240 334 —-
2268 291 2421 348 CAP.
2461 293 2532 351 Χ.

3355 305 3464 363 836

1815 413 1857 467 Α
1953 409 1984 462 7
2012 400 2171 466 Iesus
2194 417 2375 466 autem
2402 409 2540 466 dixit
2568 411 2764 468 illustri
2787 415 3020 485 quodam
3048 433 3331 476 sermone:
3358 419 3464 478 llo-

1884 501 2077 574 spitale
2093 521 2212 560 sum
2231 506 2432 562 ostium
2449 507 2631 562 ovium
2650 510 2993 578 capacissimi
3013 514 3194 571 ovilis.
3210 513 3244 569 8
3257 514 3460 573 Omnes

1882 609 2148 672 quotquot
2187 610 2348 660 antea
2398 614 2666 660 venerunt
2710 608 3021 662 occultante
3072 609 3230 678 pede,
3286 610 3463 668 Fures

1881 703 2037 750 erant
2054 696 2249 762 dolosi,
2263 699 2408 754 unde
2423 701 2723 769 praedatitia
2740 717 2874 758 voce
2889 701 3036 772 Ipsos
3054 703 3338 772 loquentes
3349 719 3459 760 non

1881 790 2206 846 audiverunt
2241 808 2451 864 greges.
2491 795 2523 849 9
2549 793 2750 850 Omnes
2783 795 3055 866 recipiens
3085 812 3205 850 sum
3234 799 3457 864 ostium,

1879 902 2009 944 oves
2041 876 2295 956 servans;
2327 895 2506 949 nostri
2562 900 2744 946 autem
2772 891 3098 962 Quicunque
3126 891 3332 949 vadens
3365 911 3462 963 per

1879 997 1966 1036 me
2013 984 2214 1037 ostium
2246 985 2686 1048 suliierit'ovilis,
2740 985 2839 1039 llic
2879 986 3067 1049 intrat,
3110 993 3165 1040 et
3209 1004 3463 1045 reversus

1879 1081 2075 1134 iterum
2099 1081 2318 1146 incedit,
2338 1081 2403 1134 Et
2427 1097 2628 1150 pascua
2656 1083 2915 1146 inveniet,
2943 1091 2997 1137 et
3024 1095 3242 1152 semper
3272 1085 3463 1141 vivens

1879 1177 1983 1232 erit
2011 1179 2113 1234 vir.
2146 1180 2214 1234 10
2240 1179 2429 1234 Prme
2457 1187 2638 1235 autem
2670 1191 2884 1234 nocuus
2915 1180 2971 1234 in
3001 1180 3144 1234 ovile
3178 1195 3461 1250 nunquam

1879 1273 2112 1340 scandit,
2133 1274 2248 1330 Nisi
2271 1283 2331 1329 ut
2360 1274 2572 1330 furetur
2605 1274 2726 1330 sine
2755 1281 2892 1330 teste
2921 1274 2994 1346 [id
3013 1282 3126 1339 est,
3161 1274 3348 1346 clam],
3375 1277 3463 1328 vel

1880 1369 2107 1434 perdat,
2153 1368 2247 1424 Vel
2303 1370 2579 1440 discerpat
2621 1385 2732 1424 non
2779 1377 3039 1440 parcente
3081 1383 3212 1424 oves
3255 1367 3459 1438 gladio.

1879 1462 1985 1518 Sed
2031 1482 2133 1536 ego
2161 1483 2192 1521 a
2223 1467 2402 1532 Patre,
2437 1476 2498 1522 ut
2529 1482 2679 1524 meas
2722 1485 2853 1524 oves
2901 1482 3138 1532 servem,
3193 1465 3354 1532 Veni,
3402 1477 3462 1521 ut

1875 1563 2159 1630 acquirant
2201 1563 2551 1622 indesinente
2592 1567 2826 1636 quadam
2868 1565 3041 1635 gloria
3084 1563 3265 1617 Vitam
3313 1562 3462 1618 futu—

1877 1671 2018 1724 ram,
2050 1674 2215 1730 quam
2250 1670 2468 1733 tempus
2505 1663 2682 1718 nescit
2723 1663 2971 1733 perdere,
3007 1662 3164 1731 115
3190 1661 3257 1715 Et
3285 1663 3463 1716 abun-

1807 1759 1849 1812 B
1878 1752 2100 1812 dantius
2139 1758 2375 1812 habeant
2409 1759 2604 1830 magis.
2652 1758 2713 1812 11
2751 1755 2882 1811 Sum
2926 1764 3108 1810 autem
3143 1767 3330 1826 pastor
3361 1758 3465 1810 Bo-

193 1845 430 1917 11411
455 1847 548 1900 Ἦὲ
568 1851 826 1918 περισσὸν
840 1851 1012 1922 ἔχοιεν
1035 1853 1351 1926 ὑπέρτερον.
1365 1857 1495 1927 Εἰμί
1507 1857 1562 1910 δὲ
1581 1853 1750 1927 ποιμὴ

1886 1865 1994 1907 nus
2023 1868 2158 1923 ego;
2193 1862 2383 1924 pastor
2426 1860 2606 1907 autem
2650 1853 2828 1906 bonus
2854 1866 2984 1906 oves
3013 1853 3352 1916 custodiens,
3398 1851 3468 1904 Et

188 1934 376 1999 Καλὸς
399 1931 512 2004 ἐγώ
532 1953 548 1968 ·
575 1954 665 1990 ποι
673 1938 778 2010 μὴν
798 1939 855 1993 δὲ
883 1941 1045 2006 καλὸς
1077 1943 1204 2014 περί
1229 1943 1373 2014 μῆλα
1402 1945 1709 2015 φυλάσσων,

189 2025 306 2078 Καὶ
341 2025 520 2096 ψυχῆς
554 2028 691 2099 ἰδίης
715 2031 776 2084 ού
805 2032 1063 2100 φείδεται,
1087 2033 1224 2089 ἀλλά
1253 2035 1280 2088 ὲ
1312 2033 1467 2106 θήσει

187 2115 405 2187 Λύτρον
425 2116 529 2186 ἐῶν
550 2118 696 2173 ὀΐων.
717 2121 806 2184 12,
833 2122 902 2177 15
922 2123 1049 2178 Ὀδὲ
1072 2125 1281 2196 μίσθιος
1301 2127 1362 2180 οὐ
1395 2125 1520 2180 πέλε
1545 2132 1747 2204 ποιμὴν
1763 2145 1776 2161 ·

187 2205 356 2274 Δήῖον
385 2205 771 2276 ἀγχικέλευθον
799 2209 922 2264 ἰδὼν
950 2209 1112 2267 λύκον
1139 2214 1364 2286 ἀρπαγα
1397 2215 1601 2287 μήλων,

190 2297 457 2367 Κρυπτδς
480 2299 802 2366 ἀλυσκάζων
824 2302 1132 2369 ὑποδύεται,
1166 2305 1292 2370 ὀξὺς
1319 2307 1485 2371 ἐάσας

192 2391 550 2462 Βοσκομένων
575 2392 862 2462 ἀφύλακτα
895 2395 1212 2452 πολύπλανα
1243 2397 1394 2452 πώεα
1429 2399 1641 2469 μήλων·

191 2483 452 2552 Κρυπτὺς
472 2483 791 2550 ἀλυσκάζων
824 2487 1138 2542 ὑποδύεται·
1174 2489 1274 2544 οὑκ
1298 2490 1479 2559 ἀλέγει
1508 2492 1564 2544 δὲ

191 2572 398 2642 Μήλων
422 2573 734 2646 ἀλλοτρίων,
763 2577 844 2630 ὄτι
881 2578 1090 2649 μίσθιος
1114 2579 1274 2643 αὑτὸς
1303 2580 1508 2636 ἀκούει,

191 2664 304 2716 Καὶ
330 2663 490 2728 λύκος
520 2665 888 2738 ἀγκυλόμητις
913 2668 1201 2741 ἐπέρχεται
1232 2669 1441 2742 ἀρπαγι
1469 2673 1650 2744 λαιμῷ

190 2752 355 2824 Μήλα
375 2753 752 2819 διασκεδάσας,
784 2758 1122 2830 σημάντορος
1151 2759 1210 2812 ού
1239 2761 1553 2831 παρεόντος.

198 2845 285 2908 14,
312 2844 378 2898 15
402 2845 611 2918 Ποιμήν
641 2845 806 2910 καλὸς
834 2847 990 2917 ἔφυν,
1018 2849 1112 2902 καὶ
1137 2850 1288 2903 πώεα
1310 2849 1448 2904 καλά
1479 2851 1710 2922 νομεύω.

194 2935 234 2986 Γ
241 2934 451 2988 ινώσκω
481 2935 527 2988 δ’
551 2933 660 3006 ἑμά
685 2937 848 3008 μῆλα,
879 2940 973 2992 καὶ
999 2939 1171 3011 ἠθάδα
1198 2940 1542 3012 μηλοϐοτῆρα

193 3021 382 3077 Ταῦτά
413 3040 479 3093 με
507 3024 867 3092 γινώσκουσιν
892 3029 991 3098 ἴσῳ
1019 3028 1296 3100 διδυμάονε
1320 3031 1505 3101 θεσμῷ
1523 3049 1535 3061 ·

203 3113 294 3176 Ὣς
315 3112 544 3184 Γενέτης
564 3115 700 3168 νοέει
725 3131 812 3186 με,
844 3119 938 3170 καὶ
965 3118 1040 3181 ὡς
1066 3118 1201 3172 νοέω
1220 3119 1508 3190 Γενετῆρα.

195 3203 388 3274 Ψυχὴν
411 3205 457 3256 δ’
480 3206 755 3276 ἡμετέρην
777 3207 906 3260 ὀΐων
945 3207 1086 3280 ὑπερ
1107 3203 1302 3263 αὐτίκα
1335 3211 1514 3281 θήσω.’

195 3291 267 3346 16
285 3294 438 3347 Ἔστι
466 3294 712 3364 μὲν,έστι
738 3298 829 3349 καὶ
859 3294 991 3352 ἄλλα
1021 3299 1331 3369 πολύτροπα
1348 3299 1498 3353 πώεα
1522 3300 1773 3372 ποίμνης,

193 3382 414 3456 Ταύτης
443 3385 503 3438 οὐ
529 3387 784 3456 γεγαῶτα
813 3388 940 3459 μιῆς
971 3388 1319 3460 θεοδέγμονος
1346 3391 1536 3461 αὐλῆς,

206 3474 491 3548 ’Λλλογενῆ
515 3495 529 3508 ·
555 3477 649 3531 καὶ
676 3478 848 3532 ταῦτα
875 3479 1026 3532 πέλει
1055 3480 1214 3551 χρέος
1245 3480 1320 3544 ὥς
1345 3497 1439 3533 κεν
1460 3481 1663 3552 ἀγείρω

191 3564 449 3635 Φθογγῆς
477 3567 756 3639 ἡμετέρης
791 3570 1054 3640 ἀριήκοα⁶
1088 3574 1180 3624 καὶ
1209 3572 1304 3641 μία
1329 3573 1530 3642 ποίμνη

196 3654 454 3708 Ἐσσεται
487 3656 876 3728 ἀμφοτέρωθεν
900 3658 1020 3719 ἑνὸς
1045 3659 1336 3714 τελέθουσα
1361 3661 1583 3731 νομῆος.

193 3747 265 3801 17
291 3746 442 3800 Τοῦδ’
475 3747 658 3800 ἕνεκεν
685 3747 856 3816 φιλέει
908 3767 974 3818 με
1003 3750 1187 3821 Πατὴρ
1212 3752 1363 3820 ἐμὸς,
1393 3752 1590 3805 οὔνεκα
1625 3751 1774 3824 θήσω

188 3835 385 3906 Ψυχὴν
412 3835 683 3906 ἡμετέρην
715 3835 840 3890 ὀΐων
871 3834 1031 3907 ὓπερ,
1057 3835 1201 3908 ὄφρα
1227 3854 1317 3906 μιν
1340 3839 1479 3907 αῐρω

189 3927 290 3988 Εἰς
310 3924 410 3994 ἐμὲ
443 3923 796 3994 νεισσομένην
817 3926 1210 3996 παλινάγρετον
1225 3942 1239 3956 ο
1265 3926 1332 3980 18
1349 3926 1472 3978 οὑδέ
1496 3941 1580 3988 τις
1601 3925 1771 3996 αὐτὴν

187 4016 404 4088 Θεσμὸς
429 4017 738 4087 ἀφαιρεῖταί
773 4035 841 4089 με
874 4017 1166 4092 γενέθλιος,
1197 4018 1256 4072 οὑ
1287 4017 1476 4089 χρόνος
1510 4018 1715 4090 ἕρπων,

1883 1945 2009 2001 vita:
2039 1949 2274 2017 propriae
2306 1963 2415 2003 non
2449 1948 2648 2018 parcit,
2683 1947 2777 2001 sed
2812 1947 2988 2016 ipsam
3023 1954 3186 2016 ponet
3218 1944 3464 2001 Pretium

1880 2041 2272 2113 redemptionis
2300 2059 2401 2116 pro
2432 2044 2550 2100 suis
2581 2043 2794 2098 ovibus.
2854 2041 2942 2108 12,
2977 2037 3042 2096 15
3086 2041 3466 2098 Merccnarius

1880 2145 2062 2193 autem
2103 2155 2212 2193 non
2244 2144 2331 2194 est
2387 2134 2877 2212 pastor;ﬂostilem
2892 2133 3254 2206 propinquum
3275 2137 3465 2193 videns

1879 2230 2068 2304 lupum
2115 2243 2389 2306 raptorem
2423 2231 2630 2299 ovium,
2663 2236 2930 2291 Occultus
2961 2234 3176 2305 fugiens
3207 2234 3464 2289 subducit

1878 2345 1959 2393 se,
2016 2331 2161 2385 celer
2217 2333 2535 2401 relinquens
2592 2331 2942 2387 Pascentium
2995 2347 3105 2384 non
3155 2329 3464 2384 custoditos

1877 2426 2108 2479 multum
2153 2435 2402 2482 errantes
2445 2443 2638 2498 greges
2687 2428 2892 2482 ovium.
2936 2427 3198 2482 Occultus
3248 2424 3464 2494 fugiens

1877 2523 2136 2578 subducit
2183 2539 2278 2589 se;
2316 2539 2423 2578 non
2475 2533 2632 2579 curat
2681 2531 2808 2578 ante
2861 2523 3003 2578 Oves
3052 2523 3284 2586 alienas,
3334 2521 3463 2590 quia

1876 2619 2255 2674 mercenarius
2300 2621 2417 2690 ipse
2469 2620 2690 2674 dicitur.
2739 2618 2805 2672 Et
2843 2619 3007 2688 lupus
3058 2626 3316 2671 versutus
3371 2630 3464 2684 ag-

1875 2715 2124 2782 greditur
2179 2716 2363 2785 rapaci
2409 2725 2631 2786 gutture
2681 2714 2826 2769 Oves
2875 2713 3186 2783 dissipans,
3237 2717 3465 2781 pastore

1874 2827 1984 2866 non
2015 2821 2307 2882 praesente.
2337 2813 2427 2874 14,
2462 2812 2531 2866 15
2557 2812 2752 2867 Pastor
2783 2813 2963 2867 bonus
2995 2826 3138 2876 sum,
3182 2817 3237 2864 et
3269 2823 3466 2879 greges

1873 2907 2053 2962 bonos
2084 2923 2274 2976 pasco.
2305 2907 2593 2978 Cognosce
2645 2914 2828 2962 autem
2872 2921 3022 2962 meas
3063 2919 3216 2969 oves,
3247 2911 3302 2960 et
3331 2919 3466 2958 con-

1875 3011 2091 3058 suetum
2136 3003 2431 3073 epiiionem
2475 3003 2581 3056 Illa:
2623 3017 2709 3057 me
2742 3008 3084 3070 cognoscunt
3129 2999 3324 3068 :equali
3369 2998 3465 3053 duo

1811 3106 1854 3162 (ι
1889 3096 2016 3165 plici
2049 3098 2165 3166 lege
2192 3117 2205 3152 :
2237 3096 2392 3152 Sicut
2419 3099 2578 3152 Pater
2608 3097 2759 3150 novit
2794 3112 2902 3162 me,
2942 3104 2996 3149 et
3021 3095 3166 3149 sicut
3198 3092 3324 3147 novi
3361 3093 3465 3146 Pa-

1881 3200 2042 3250 trem.
2073 3193 2250 3248 Vitam
2287 3205 2468 3247 autem
2502 3203 2746 3248 nostram
2784 3208 2884 3260 pro
2918 3193 3115 3246 ovibus
3151 3191 3337 3245 statim
3371 3205 3464 3260 po-

1877 3305 2030 3344 nam.
2065 3291 2132 3344 16
2157 3289 2298 3344 Sunt
2326 3304 2460 3344 vero
2487 3297 2540 3343 et
2564 3291 2655 3342 alii
2689 3291 2827 3342 varii
2859 3303 3068 3358 greges,
3100 3290 3177 3342 Ex
3220 3287 3322 3341 hoc
3349 3302 3458 3342 non

1876 3394 1983 3448 orti
2016 3409 2125 3449 uno
2151 3393 2319 3448 Deum
2362 3393 2662 3463 recipiente
2692 3393 2855 3458 ovili,
2885 3391 3237 3461 Alienigeme;
3278 3399 3333 3444 et
3360 3391 3461 3446 hos

1875 3505 1962 3552 est
1994 3513 2223 3552 necesse
2256 3506 2315 3550 ut
2338 3510 2664 3568 congregem
2690 3495 2891 3551 Vocem
2927 3502 3116 3550 nostra
3157 3503 3313 3550 acute
3363 3510 3462 3548 au-

1877 3598 2122 3663 dientes;
2157 3606 2211 3653 et
2244 3613 2391 3653 unus
2415 3609 2543 3668 grex
2570 3597 2686 3651 Erit
2713 3598 2970 3667 utrinque
3003 3598 3164 3651 unius
3187 3598 3463 3652 exsistens

1875 3703 2138 3773 pastoris.
2175 3702 2240 3755 17
2290 3701 2520 3772 Propter
2564 3701 2670 3756 hoc
2716 3699 2894 3772 diligit
2945 3717 3032 3756 me
3077 3699 3239 3755 Pater
3281 3716 3457 3764 meus,

1879 3809 2025 3878 quod
2054 3822 2249 3876 ponam
2287 3804 2468 3861 Vitam
2510 3815 2753 3860 nostram
2798 3819 2897 3875 pro
2939 3805 3155 3868 ovibus,
3192 3811 3250 3856 ut
3284 3804 3460 3872 ipsam

1879 3913 2142 3981 accipiam
2167 3911 2246 3965 Ad
2271 3925 2357 3964 me
2379 3911 2695 3966 redeuntem
2717 3923 2912 3965 rursus
2940 3910 3221 3964 collectam
3247 3928 3260 3964 :
3283 3909 3346 3964 l8
3364 3925 3458 3966 ne-

1877 4031 1984 4087 que
2007 4013 2293 4085 nllaipsam
2313 4013 2440 4068 mihi
2455 4011 2564 4068 Lex
2582 4012 2987 4083 anfertnatalis,
3005 4031 3112 4071 non
3129 4026 3346 4081 tempus
3371 4030 3457 4070 re-

1386 4191 1666 4248 TEXTUS
1703 4186 2234 4246 EVANGELISTIE.

265 4351 299 4406 7
330 4345 494 4405 Εἶπεν
531 4346 621 4407 οῦν
652 4351 814 4409 πάλιν
853 4353 1034 4418 αὐτοῖς
1068 4353 1096 4406 6
1137 4349 1344 4425 Ἰησοῦς
1365 4370 1378 4384 ·
1417 4353 1586 4423 Ἀμὴν
1625 4353 1769 4425 ἀμὴν
1800 4355 1847 4414 D
1873 4353 1934 4407 οὑ
1965 4351 2116 4422 μέλει
2145 4350 2296 4421 αὐτῷ
2327 4351 2454 4422 περί
2484 4350 2592 4406 τῶν
2622 4349 2930 4422 προϐάτων.

185 4436 340 4502 λέγω
370 4437 516 4504 ὑμῖν,
546 4437 628 4490 ὅτι
650 4436 758 4505 ἐγώ
788 4438 902 4507 εἰμι
937 4438 968 4508 ή
1003 4437 1140 4507 θύρα
1173 4439 1280 4490 τῶν
1319 4437 1626 4507 προϐάτων.

266 4519 299 4573 8
327 4518 527 4582 Πάντες
555 4521 669 4572 ὅσοι
716 4520 823 4591 πρὸ
865 4519 998 4590 ἐμοῦ
1035 4516 1216 4590 ἦλθον,
1247 4519 1476 4572 κλέπται
1528 4520 1633 4572 εἰσὶ
1679 4521 1772 4574 καὶ

185 4603 420 4673 λῃσταί·
455 4605 568 4658 ἀλλ’
593 4606 692 4659 οὐκ
720 4606 958 4676 ἤκουσαν
987 4605 1165 4657 αὐτῶν
1193 4603 1262 4656 τὰ
1290 4602 1558 4673 πρόϐατα.

265 4686 299 4740 9
335 4685 474 4755 Ἐγώ
512 4687 624 4758 εἰμι
671 4689 705 4759 ή
757 4687 929 4756 θύρα·
983 4684 1049 4739 δι’
1087 4681 1222 4755 ἐμοῦ
1275 4684 1369 4737 ὲάν
1401 4699 1484 4746 τις
1520 4683 1732 4755 εἰσέλθῃ
1756 4725 1770 4746 ,

187 4769 526 4840 σωθήσεται·
579 4771 674 4824 καὶ
719 4769 1079 4823 εἰσελεύσεται
1125 4769 1218 4822 καὶ
1271 4767 1630 4834 ἐξελεύσεται,
1678 4769 1770 4821 καί

188 4852 363 4921 νομὴν
396 4853 636 4924 εὑρήσει.

261 4935 331 4987 1υ
368 4935 427 4987 Ὁ
459 4936 699 5006 κλέπτης
734 4935 837 4989 οὑκ
869 4935 1088 5005 ἔρχεται
1131 4934 1180 4986 εἰ
1217 4929 1290 5003 μὴ
1339 4932 1424 4984 ἵνα
1459 4930 1635 5006 κλέψῃ
1678 4932 1774 4985 καὶ

193 5014 331 5089 θύσῃ
372 5016 467 5070 καὶ
500 5018 770 5089 ἀπολέσῃ·
804 5017 914 5086 ἐγὼ
949 5012 1112 5086 ἦλθον
1157 5015 1244 5068 ἵνα
1273 5012 1418 5082 ζωὴν
1459 5011 1644 5082 ἔχωσι,
1679 5014 1774 5066 καί

200 5100 450 5166 περισσὸν
485 5100 702 5170 ἔχωσιν.

269 5180 327 5235 11
372 5181 512 5250 Ἐγώ
535 5185 652 5253 εἰμι
677 5184 706 5235 6
737 5180 939 5253 ποιμὴν
975 5182 1003 5235 6
1036 5181 1219 5244 καλός.
1255 5176 1316 5234 Ὅ
1354 5180 1557 5251 ποιμὴν
1600 5176 1630 5232 6
1670 5194 1774 5231 κα-

189 5261 283 5326 λὸς
309 5261 407 5334 τὴν
439 5264 809 5336 ψυχὴν“αὐτοῦ
843 5265 1054 5334 τίθησιν
1084 5265 1222 5335 ὑπὲρ
1246 5264 1355 5318 τῶν
1393 5262 1701 5336 προϐάτων.

266 5344 336 5396 12
365 5346 423 5397 Ὁ
457 5346 723 5415 μισθωτὸς
747 5347 825 5411 δὲ,
857 5347 952 5400 καὶ
980 5345 1079 5399 οὐκ
1102 5346 1176 5400 ὢν
1211 5348 1432 5418 ποιμὴν,
1460 5340 1522 5399 οὗ
1546 5344 1644 5398 οὑκ
1667 5341 1775 5396 εἰσὶ

182 5427 264 5480 τὰ
297 5427 542 5498 πρόϐατα
588 5429 715 5494 ἴδια,
755 5429 952 5500 θεωρεῖ
993 5427 1086 5482 τὸν
1129 5428 1291 5482 λύκον
1328 5429 1641 5502 ἐρχόμενον,
1682 5425 1775 5478 καὶ

187 5508 388 5579 ἀφίησι
415 5511 486 5565 τά
513 5512 782 5582 πρόϐατα,
813 5513 909 5565 καὶ
947 5511 1168 5581 φεύγει·
1205 5514 1298 5566 καὶ
1336 5513 1366 5567 6
1404 5513 1568 5576 λύκος
1600 5505 1777 5582 ἁρπά-

185 5593 277 5660 ζει
306 5593 466 5657 αύτά,
500 5595 594 5648 καὶ
626 5594 910 5668 σκορπίζει
937 5594 1006 5648 τὰ
1031 5595 1298 5666 πρόϐατα.

141 5743 151 5756 ι
264 5675 334 5732 15
369 5676 428 5734 Ὀ
455 5676 514 5732 δὲ
553 5677 822 5751 μισθωτὸς
851 5677 1061 5748 φεύγει,
1091 5679 1173 5733 ότι
1213 5679 1476 5750 μισθωτός
1507 5681 1644 5744 ἐστι,
1683 5679 1777 5732 καὶ

1943 4451 2010 4506 11
2050 4448 2189 4517 Ἐγώ
2223 4449 2336 4518 εἰμι
2374 4451 2402 4501 6
2437 4449 2639 4518 ποιμὴν
2680 4451 2708 4501 ό
2747 4448 2928 4510 καλὸς,
2965 4446 3056 4500 καί
3091 4445 3343 4514 γινώσκω
3386 4447 3456 4500 τὰ

1877 4534 2000 4608 ἐμὰ,
2031 4534 2124 4586 καὶ
2161 4530 2500 4601 γινώσκομαι
2527 4531 2632 4583 ὑπὸ
2658 4531 2766 4584 τῶν
2790 4531 2959 4602 ἐμῶν.
3005 4554 3012 4558 ν

1942 4630 2011 4684 15
2042 4628 2238 4690 Καθὼς
2279 4626 2535 4696 γινώσκει
2581 4644 2647 4697 με
2688 4629 2716 4679 6
2755 4627 2976 4698 Πατὴρ,
3013 4626 3167 4695 κάγὼ
3203 4627 3460 4695 γινώσκω

1871 4713 1962 4766 τὸν
1995 4712 2245 4783 Πατέρα·
2292 4713 2386 4765 καὶ
2433 4711 2533 4782 τὴν
2571 4709 2749 4782 ψυχήν
2793 4728 2893 4782 μου
2928 4709 3120 4780 τίθημι
3166 4710 3306 4780 ὑπὲρ
3349 4711 3458 4764 τῶν

1873 4794 2181 4866 προϐάτων.

1945 4891 2012 4946 16
2041 4890 2146 4945 Καὶ
2173 4890 2306 4944 ἄλλα
2331 4890 2577 4960 πρόϐατα
2608 4888 2736 4959 ἔχω,
2769 4889 2804 4942 ἀ
2840 4889 2940 4941 οὐκ
2965 4888 3111 4941 ἔστιν
3143 4887 3208 4940 ὲκ
3240 4886 3338 4956 τῆς
3360 4886 3457 4938 αὑ-

1872 4974 1970 5045 λῆς
1992 4974 2194 5045 ταύτης
2213 4990 2226 5004 ο
2261 4972 2488 5026 κάκεῖνά
2518 4987 2584 5042 με
2612 4971 2693 5025 δεῖ
2723 4972 2978 5038 ἀγαγεῖν·
3011 4969 3105 5022 καί
3142 4969 3240 5037 τῆς
3272 4967 3457 5036 φωνῆς

1877 5074 1977 5128 μου
2005 5056 2357 5110 ἀκούσουσιν·
2393 5055 2486 5108 καὶ
2525 5055 2808 5126 γενήσεται
2845 5052 2945 5122 μία
2977 5051 3202 5121 ποίμνη,
3238 5045 3316 5113 εἷς
3339 5065 3455 5102 ποι-

1877 5140 2004 5212 μήν.

1945 5237 2010 5290 17
2035 5233 2136 5288 Διά
2166 5234 2324 5288 τοῦτο
2363 5235 2391 5287 6
2432 5234 2623 5303 Πατήρ
2655 5249 2720 5302 με
2758 5231 2966 5302 ἀγαπᾷ.
2996 5231 3078 5284 ὅτι
3124 5227 3236 5297 ἐγὼ
3264 5227 3456 5300 τίθημι

1873 5319 1972 5390 τὴν
1995 5319 2172 5387 ψυχήν
2203 5334 2305 5386 μου
2332 5317 2418 5370 ἶνα
2454 5316 2616 5371 πάλιν
2637 5315 2790 5368 λάϐω
2811 5314 3008 5384 αὑτήν.

1945 5415 2012 5469 18
2043 5415 2230 5478 Οὐδεὶς
2266 5414 2406 5485 αἴρει
2444 5411 2612 5482 αὐτὴν
2649 5412 2744 5465 ἀπ’
2775 5408 2942 5481 ἐμοῦ·
2976 5407 3091 5463 ἀλλ’
3115 5405 3225 5476 ἐγὼ
3264 5404 3454 5476 τίθημι

1875 5499 2043 5571 αὑτὴν
2071 5497 2165 5552 ἀπ’
2187 5497 2449 5568 ἐμαυτοῦ.
2488 5495 2765 5561 Ἐξουσίαν
2795 5492 2902 5565 ἔχω
2931 5489 3105 5545 θεῖναι
3141 5489 3331 5561 αὐτὴν.
3359 5486 3454 5540 καὶ

1877 5581 2122 5649 ὲξουσίαν
2150 5581 2260 5652 ἔχω
2289 5581 2448 5633 πάλιν
2471 5580 2655 5634 λαϐεῖν
2684 5579 2874 5648 αὐτὴν.
2915 5574 3130 5646 Ταύτην
3167 5572 3266 5644 τὴν
3308 5572 3463 5626 ivra.

1877 5667 1976 5736 λὴν
2006 5666 2194 5720 ἔλαϐον
2221 5664 2369 5736 παρά
2397 5663 2491 5718 τοῦ
2526 5661 2737 5734 Πατρός
2765 5676 2890 5732 μου.
3277 5665 3286 5669 ’
