3982 6432
295 344 399 400 8-H

298 460 373 514 I2
397 458 504 513 Καὶ
530 455 686 525 λόγον
707 455 1078 524 άγνώσσοντες
1109 455 1456 526 ἐμυθήσαντο
1480 453 1744 526 μαθηταί·

297 553 550 622 Λάζαρος
581 551 630 602 εί
654 552 912 612 κνώσσει,
950 547 1069 611 σύος
1091 547 1330 602 ἔσσεται.
1361 549 1426 602 15
1467 545 1757 618 Ἀρτιθανῆ
1788 544 1887 616 μὲν

312 640 522 711 Ἰησοῦς
559 639 814 710 ἀγόρευε,
848 637 1158 710 φιλοθρήνῳ
1188 636 1341 709 παρὰ
1367 636 1560 707 τύμϐῳ

296 731 512 796 Εὕδειν,
540 729 754 801 νεκρὸν,
777 729 1025 796 ἄναυδον,
1056 729 1355 801 άνήγρετον
1382 729 1550 782 ὕπνον
1570 727 1814 800 ὀλέθρου.

295 825 366 875 υί
393 823 452 876 δὲ
483 821 662 894 μάτην
685 820 908 875 ἔλποντο
945 821 1098 890 φίλον
1135 821 1296 876 νέκυν
1320 821 1530 875 ἔνδοθεν
1559 823 1712 876 οίκου

307 913 474 966 Ἢδῦν
506 911 649 983 ὑπὲρ
679 910 882 982 λοχέων
912 910 1308 983 παλινάγρετον
1341 912 1509 966 ὕπνον
1543 911 1734 967 ίαύειν.

299 1000 372 1054 14
413 998 716 1071 Ἀμφαδίην
735 999 780 1054 δ’
809 999 1076 1071 ἀγόρευεν
1110 999 1280 1068 Ἀναξ
1304 1001 1611 1073 οίκτίρμονι
1643 1000 1830 1073 μύθῳο

295 1090 550 1162 Λάζαρον
575 1088 768 1144 εὕνασε
793 1089 1000 1162 πότμος
1034 1089 1264 1161 ὁμοίῖος,
1291 1091 1483 1163 άγριον
1514 1091 1671 1146 ἄλλον

298 1183 511 1236 ’Ύπνον
535 1181 685 1251 άγιυν
709 1199 722 1213 °
756 1182 825 1238 15
879 1181 1056 1254 χαίρω
1086 1183 1143 1237 δὲ
1175 1182 1242 1237 δι’
1274 1182 1466 1254 ὑμέας,
1507 1183 1583 1248 ὡς
1615 1183 1697 1238 ἑνὶ
1724 1183 1888 1257 χώρῳ

297 1275 378 1328 Οὐ
411 1273 649 1346 γενόμην
671 1274 762 1328 ὅτε
789 1277 967 1338 κεῖνος
999 1274 1184 1346 ὀμίλεε
1212 1273 1414 1345 γείτονι
1444 1275 1640 1347 πότμῳ
1658 1291 1672 1306 ο

302 1368 490 1438 Ὄφρα
521 1383 586 1418 κε
632 1365 815 1420 πίστιν
847 1366 1044 1438 ἔχοιτε,
1083 1366 1247 1421 νέκυν
1277 1368 1418 1438 μετὰ
1459 1366 1667 1438 πότμον
1707 1366 1888 1436 ὁδίτην

296 1456 631 1530 Δερκόμενοι
659 1455 886 1524 ζώοντα,
917 1456 1081 1512 πάλιν
1105 1456 1349 1527 ψαύοντα
1377 1456 1663 1529 τραπέζης

296 1548 611 1605 Ξεινοδόκον
642 1550 899 1621 Χριστοῖο
916 1548 1254 1622 τοδεύτερον.
1311 1551 1472 1605 ama
1491 1551 1628 1623 πρὸς
1655 1549 1818 1604 αὐτὸν

301 1644 510 1714 Ἰομεν.
536 1643 604 1698 16
631 1643 869 1697 Εἰσατων
899 1643 956 1698 δὲ
987 1643 1259 1716 διώνυμος
1287 1643 1479 1700 ἔννεπε
1506 1645 1729 1716 Θωμᾶς,

303 1738 405 1791 Ὃν
429 1735 660 1806 Δίδυμον
683 1734 970 1789 καλέουσι·
998 1736 1425 1809 συναγρομένοις
1457 1736 1514 1790 δὲ
1548 1736 1818 1808 μαθηταῖς

299 1824 547 1897 Δάκρυον
579 1823 871 1878 ὠδίνουσαν
893 1826 1135 1897 άνήρυγε
1169 1825 1409 1880 πενθάδα
1431 1827 1618 1897 φωνήν
1635 1844 1650 1857 ·

302 1916 488 1986 ’Ἰορεν
514 1914 717 1969 ὁππόθι
744 1917 922 1980 κεῖνος
948 1915 1090 1990 ἀνὴρ
1118 1916 1349 1987 γλυκὺς,
1371 1917 1516 1989 ὄφρα
1543 1919 1640 1973 σὺν
1666 1919 1818 1991 αὐτῷ

303 2005 469 2078 124
493 2007 588 2059 Είν
613 2005 804 2081 ἀγάπῃ
831 2007 1161 2080 θνῄσκοιμεν
1198 2009 1282 2064 ἑνὶ
1318 2010 1534 2083 ξυνήονι
1565 2010 1779 2083 πότμῳ.

301 2097 370 2150 17
401 2095 601 2150 Ἐλθὼν
624 2097 669 2151 δ’
695 2097 1042 2168 ὀψικέλευθος
1071 2101 1243 2168 Ἀναξ
1273 2103 1333 2167 ἐς
1363 2101 1605 2177 ἕθήμονα
1631 2104 1847 2176 κώμην,

297 2185 553 2256 Λάζαρον
578 2187 775 2241 ἇπνοον
813 2182 941 2259 εὗρε
969 2191 1110 2262 χυτῇ
1149 2192 1463 2264 στρωθέντα
1494 2193 1673 2265 κονίῃ,

297 2274 576 2346 Τέτρατον
602 2269 763 2347 ἦμαρ
784 2275 978 2347 ἔχοντα
1010 2279 1280 2350 γοήμονος
1307 2280 1478 2336 ἔνδοθι
1513 2281 1746 2354 τύμϐου.

302 2366 635 2438 1815τ,θανίη
661 2368 706 2422 δ’
732 2369 866 2434 ἑκάς
897 2365 994 2443 ἦεν
1025 2371 1124 2426 ἀπ’
1154 2371 1346 2438 ἄστεος
1388 2373 1749 2447 Ἰροσολύμων

311 2458 407 2521 Ὠς
449 2459 687 2530 τρισσῶν
736 2460 967 2516 σταδίων
1017 2463 1110 2517 καὶ
1153 2463 1380 2520 δώδεκα.
1442 2464 1510 2521 19
1563 2467 1674 2522 Καὶ
1721 2464 1890 2532 πολὺς

1601 2557 1815 2632 [ἕρπων

301 2641 447 2706 Aab;
475 2643 747 2698 Ἰουδαίων
778 2644 1080 2700 ὑπεδύσατο
1101 2649 1319 2715 γείτονα
1346 2648 1561 2722 κώμην,

303 2733 463 2788 Κεῖθι
485 2734 805 2804 φιλοξείνοιο
833 2741 1022 2809 μετήῖε
1054 2738 1280 2810 δώματα
1299 2741 1533 2814 Μάρθης

301 2827 417 2882 Καὶ
440 2827 678 2900 Μαρίης,
715 2832 940 2896 γνωτοῖο
963 2833 1404 2904 κατευναστήρια
1430 2834 1661 2906 πότμου,

297 2919 450 2976 Ξυνὰ
483 2921 866 2993 παρηγορέων,
894 2922 1075 2996 τάπερ
1103 2924 1264 2995 ήθάδι
1289 2925 1518 2982 πολλάκι
1553 2928 1710 3001 μύθῳ

299 3011 511 3083 ίἔθρικτά
538 3013 945 3086 πεπαινομένης
981 3015 1312 3072 ἀπεσείσατο
1353 3018 1555 3091 κέντρα
1582 3015 1881 3094 μερίμνης.

301 3102 539 3166 Πένθεος
558 3104 858 3175 άγρύπνοιο
881 3105 1134 3178 λυτήρια.
1160 3109 1231 3162 20
1264 3111 1586 3183 Πευθομένη
1615 3114 1674 3168 δὲ

300 3196 498 3266 Φήμης
523 3197 883 3270 σπειρομένης
909 3200 991 3254 ὅτι
1009 3198 1273 3272 Κοίρανος
1299 3204 1641 3273 είσαφικάνει

300 3287 528 3361 Μάρθα,
553 3290 678 3344 ποσὶ
702 3290 1024 3362 φθαμένοισι
1048 3294 1353 3366 συνήντεεν,
1378 3297 1436 3350 ἐν
1467 3297 1525 3350 δὲ
1562 3298 1817 3373 μελάθρῳ

301 3380 631 3452 Ἐνδόμυχος
657 3383 844 3455 Μαρίη
872 3384 1165 3455 μαστίζετο
1203 3388 1428 3444 πενθάδι
1452 3393 1600 3462 σιγῇ.

301 3474 369 3528 2f
400 3473 634 3545 Χριστοῦ
655 3474 700 3527 δ’
721 3473 888 3543 ἐγγὺς
907 3477 1059 3530 ίοῦσα
1081 3478 1411 3551 βαρύστονος
1434 3481 1626 3537 ἔννεπε
1655 3485 1885 3560 Μάρθα·

300 3560 378 3618 Ὦ
405 3566 624 3635 μάκαρ,
659 3563 815 3636 εἴπερ
841 3564 937 3637 ἕης
967 3567 1057 3620 ὅτε
1085 3568 1337 3641 Λάζαρος
1365 3570 1552 3625 αἴθετο
1579 3571 1777 3645 νούσῳ,

301 3655 422 3707 Οὐκ
452 3652 517 3706 ἂν
551 3653 684 3723 ἐμὸς
717 3651 980 3723 τέθνηκεν
1021 3655 1308 3726 ἀδελφεός·
1362 3656 1435 3711 22
1473 3653 1593 3712 οῖδα
1635 3659 1693 3713 δὲ
1727 3661 1886 3734 θυμῷ

304 3746 418 3798 Καὶ
432 3744 526 3800 νῦν
553 3745 630 3809 ὡς
651 3745 766 3816 ἅμα
787 3746 967 3801 πάντα
997 3747 1186 3820 Πατὴρ
1211 3748 1331 3813 τεὺς
1365 3750 1676 3819 ἐγγυαλίξει

305 3837 488 3890 Ὄσσα
523 3854 614 3908 μιν
654 3838 955 3909 αίτήσειας.
999 3839 1069 3895 25
1115 3840 1284 3908 ’Λναξ
1310 3840 1356 3895 δ’
1399 3841 1658 3913 ἠμείϐετο
1690 3844 1879 3916 μύθῳ·

303 3927 520 3993 Γνωτὸς
546 3927 637 3994 σὸς
675 3929 1002 4004 παλίνορσος
1031 3929 1326 4000 ἐγείρεται,
1358 3931 1430 3985 24
1463 3931 1793 4005 ’Δμόροσίης
1825 3935 1884 3990 δὲ

300 4019 492 4090 Φωνῆς
517 4021 814 4086 είσαῒουσα,
835 4021 1146 4095 τοδεύτερον
1178 4022 1368 4078 ἔννεπε
1400 4023 1602 4095 Μάρθα
1621 4042 1634 4055 ν

301 4105 458 4175 Οἶδα,
489 4112 582 4166 καὶ
611 4110 671 4165 οὕ
700 4129 767 4182 με
802 4111 1037 4186 λέληθεν⁶
1067 4113 1381 4178 ἀνάστασις,
1409 4110 1484 4179 ὡς
1510 4117 1568 4168 ὲν
1593 4115 1778 4187 ἐκείνῃ

307 4201 572 4274 Ἐγρεται
603 4203 964 4274 ὀψιτέλεστος,
997 4207 1087 4261 ὅτε
1113 4205 1311 4278 δρόμος
1343 4205 1568 4278 ἔσχατος
1588 4208 1737 4278 ἠοῦς.

297 4289 376 4348 25
406 4291 512 4346 Καί
540 4294 589 4347 οί
623 4293 856 4366 Χριστὸς
882 4294 1030 4363 ἔλεξε
1059 4292 1304 4366 βιοσσόος
1336 4293 1518 4349 ἔνθεον
1556 4296 1739 4366 ὀμφήν
1760 4311 1773 4326 ·

1251 336 1735 394 PARAPIIIIASIS
1771 336 1836 392 IN
1875 334 2212 394 JOANNEM.
2251 366 2322 376 ---
2350 335 2502 392 CAP.
2543 333 2633 391 XI.

1919 453 2064 518 A19.
2109 451 2178 507 Et
2220 465 2526 508 sermonem
2579 451 2895 522 ignorantes
2953 447 3212 503 dixerunt
3265 444 3570 515 discipuli:

3469 331 3575 386 ριν

1993 544 2233 599 Lazarus
2259 543 2307 600 si
2334 543 2561 605 dormit,
2589 556 2762 597 sanus
2793 541 2918 596 erit.
2950 541 3020 595 15
3046 538 3258 594 Recens
3293 547 3573 592 mortuum

1989 635 2136 690 enim
2166 633 2328 690 Iesus
2356 634 2495 690 dixit
2534 632 2700 689 ﬂebili
2732 632 2786 687 in
2831 631 3084 703 sepulcro
3123 629 3394 692 Dormire,
3425 643 3575 682 mor-

1991 737 2167 790 tuum.
2222 733 2458 791 mutum,
2508 724 2924 780 irrevocabilem
2958 737 3214 779 somnum
3257 720 3451 776 exitii:
3490 716 3573 773 Illi

1989 831 2120 872 vero
2157 815 2368 871 frustra
2399 817 2702 886 sperabant
2738 812 2968 868 charum
3008 817 3286 866 mortuum
3317 809 3375 864 in
3408 807 3574 864 domo

1991 905 2226 962 Suavem
2286 907 2343 961 in
2407 906 2548 962 lecto
2595 904 2914 960 mutabilem
2979 917 3240 961 somnum
3301 901 3570 957 dormire.

1994 999 2060 1055 14
2088 1001 2289 1071 Aperte
2327 1005 2512 1054 autem
2545 997 2686 1053 dixit
2731 996 2848 1053 Rex
2878 994 3230 1052 misericordi
3274 1007 3572 1050 sermone:

1989 1090 2258 1147 Lazarum
2274 1091 2585 1162 consopivit
2604 1103 2752 1146 mors
2769 1089 3026 1144 omnibus
3041 1087 3292 1160 aequalis,
3308 1085 3575 1141 immitem

1990 1183 2160 1238 alium
2204 1183 2472 1238 Somnum
2515 1182 2730 1249 ferens;
2777 1181 2847 1237 15
2892 1181 3106 1250 gaudeo
3137 1188 3320 1236 autem
3354 1185 3578 1251 propter

1989 1289 2112 1343 vos,
2135 1275 2284 1346 quod
2313 1275 2369 1330 in
2399 1275 2521 1332 loco
2553 1273 2674 1331 Non
2714 1273 2913 1330 fuerim
2942 1271 3164 1344 quando
3207 1271 3300 1328 ille
3337 1285 3577 1327 conver~

1989 1366 2219 1422 sabatur
2246 1381 2372 1422 cum
2405 1366 2585 1422 vicina
2613 1375 2813 1430 morte,
2837 1364 2909 1421 Ut
2933 1364 3094 1420 ﬁdem
3124 1361 3394 1428 habeatis,
3425 1375 3578 1416 mor-

1990 1464 2144 1512 tuum
2174 1465 2301 1528 post
2340 1458 2515 1513 fatum
2546 1459 2810 1514 viatorem
2838 1455 3101 1513 Videntes
3130 1455 3428 1520 viventem,
3457 1468 3578 1510 ωτι

1989 1564 2089 1606 sus
2121 1557 2435 1620 tangentem
2464 1564 2714 1606 mensam
2752 1548 3035 1620 Hospitem
3063 1547 3268 1604 Christi
3303 1546 3576 1602 secunda-

1989 1639 2107 1706 rio;
2168 1641 2266 1698 sed
2317 1642 2386 1696 ad
2446 1641 2624 1706 ipsum
2677 1642 2903 1696 Eamus.
2964 1640 3034 1695 l6
3089 1639 3332 1696 Audiens
3387 1649 3573 1694 auiam

1991 1732 2294 1792 binominis
2335 1733 2477 1788 dixit
2503 1731 2764 1798 Thomas,
2795 1733 2969 1798 Quem
3013 1730 3307 1802 Didymum
3350 1740 3571 1794 vocant.

1919 1813 1964 1873 Β
1991 1824 2242 1881 collectis
2282 1833 2466 1879 autem
2506 1823 2798 1894 discipulis
2835 1821 3255 1894 Lacrymantem
3297 1820 3576 1878 dolentem

1990 1915 2265 1972 eructavit
2315 1914 2623 1971 luctuosam
2672 1929 2903 1970 vocem:
2952 1901 3158 1971 Eainus
3209 1913 3302 1970 ubi
3350 1913 3444 1970 ille
3491 1913 3577 1968 vir

1991 2007 2268 2073 amabilis,
2297 2015 2360 2063 ut
2400 2021 2526 2062 cum
2567 2006 2688 2077 ipso
2723 2005 2883 2076 125
2921 2006 2981 2061 In
3026 2005 3324 2062 dilectione
3366 2005 3575 2061 moria-

1991 2115 2117 2155 mur
2149 2115 2260 2155 uno
2311 2099 2594 2154 communi
2641 2098 2774 2154 fato.
2827 2098 2896 2153 17
2927 2096 3170 2155 Veniens
3218 2108 3400 2154 autem
3447 2112 3576 2154 sero

1991 2189 2106 2246 Rex
2147 2190 2204 2245 in
2247 2200 2572 2246 consuetum
2613 2189 2924 2255 castellum,
2973 2188 3242 2246 Lazarum
3289 2197 3573 2244 mortuum

1988 2281 2198 2337 invenit
2236 2280 2532 2351 sepulcrali
2562 2286 2796 2336 stratum
2831 2281 3078 2350 pulvere,
3115 2277 3386 2346 Quartum
3423 2279 3572 2335 diem

1997 2371 2291 2427 habentem
2326 2370 2544 2442 lugubri
2580 2371 2634 2425 in
2671 2370 2946 2440 sepulcro.
2984 2369 3052 2426 18
3093 2369 3352 2425 Bethania
3387 2378 3572 2426 autem

1989 2461 2234 2517 distabat
2277 2477 2310 2517 a
2362 2463 2584 2518 civitate
2633 2461 3141 2535 Hierosolymorum
3188 2461 3357 2529 Quasi
3403 2462 3572 2516 trium

1989 2553 2298 2610 stadiorum
2327 2560 2384 2610 et
2423 2554 2739 2610 duodecim.
2787 2553 2854 2609 19
2887 2555 2954 2610 Et
2991 2554 3196 2611 multus
3236 2570 3436 2626 repens
3467 2555 3573 2611 Po-

1989 2645 2155 2717 pulus
2195 2645 2532 2711 Iudaeorum,
2569 2646 2739 2702 subiit
2769 2647 3010 2702 vicinum
3042 2649 3354 2713 castellum,
3387 2647 3575 2719 ibique

1992 2737 2281 2808 hospitalis
2307 2737 2550 2795 accessit
2589 2738 2812 2794 domum
2855 2737 3083 2795 Martha:
3112 2739 3178 2794 Et
3218 2739 3426 2805 Mariae,
3462 2740 3577 2796 fra-

1991 2829 2092 2882 tris
2127 2829 2195 2884 ad
2217 2829 2605 2886 dormitorium
2639 2831 2858 2898 mortis,
2888 2831 3238 2902 Conjunctim
3272 2831 3414 2906 [eas]
3441 2849 3576 2891 con-

1994 2920 2204 2988 solans,
2243 2922 2391 2992 quod
2426 2932 2696 2980 consueto
2725 2925 2924 2995 saepius
2951 2925 3118 2982 verbo
3147 2923 3415 2984 Horridos
3441 2942 3576 2983 con-

1989 3021 2160 3068 cocta:
2215 3014 2462 3071 excussit
2521 3017 2776 3072 stimulos
2843 3031 3011 3080 cum,
3065 3015 3297 3073 Luctum
3353 3020 3575 3091 vigilem

1991 3103 2276 3160 solvendo.
2328 3105 2402 3161 20
2459 3105 2704 3163 Audiens
2755 3118 2937 3164 autem
3002 3110 3227 3165 Famam
3291 3112 3572 3182 Vulgatam

1990 3195 2139 3266 quod
2199 3195 2464 3252 Dominus
2513 3199 2775 3265 venisset,
2825 3199 3038 3255 Martha
3086 3201 3318 3272 pedibus
3366 3219 3574 3274 praevm

1990 3286 2274 3342 trientibus
2317 3289 2603 3358 occurrit;
2646 3291 2702 3345 in
2734 3290 2898 3347 domo
2930 3301 3112 3347 autem
3156 3291 3358 3348 Abdita
3397 3294 3571 3352 Maria

1990 3377 2335 3449 aﬂligebatur
2361 3379 2617 3438 luctuoso
2645 3382 2885 3439 silentio.
2923 3383 2988 3437 ill
3029 3383 3111 3439 Ad
3141 3384 3424 3441 Christum
3471 3401 3573 3442 ana

1991 3479 2099 3526 tem
2128 3473 2399 3529 accedens
2429 3475 2590 3532 valde
2621 3491 2846 3547 gemens
2871 3477 3008 3532 dixit
3034 3477 3243 3533 Martha
3271 3498 3283 3533 :
3320 3477 3366 3536 0
3391 3481 3571 3545 beate,

1990 3562 2038 3618 si
2066 3561 2340 3621 adfuisses
2373 3565 2592 3638 quando
2626 3567 2869 3624 Lazarus
2903 3569 3166 3625 urebatur
3203 3571 3418 3638 morbo,
3451 3571 3574 3630 Non

1995 3669 2130 3712 sane
2164 3671 2323 3713 meus
2353 3668 2607 3714 mortuus
2641 3658 2838 3716 fuisset
2878 3658 3086 3718 frater:
3132 3661 3204 3716 22
3241 3663 3358 3719 scio
3391 3674 3573 3720 autem

1992 3747 2180 3802 animo
2212 3744 2280 3802 Et
2317 3764 2466 3804 nunc
2499 3751 2645 3820 quod
2674 3751 2837 3807 simul
2867 3753 3051 3807 omnia
3084 3754 3248 3808 Pater
3275 3763 3398 3811 tuus
3432 3771 3575 3827 prae.

1990 3835 2142 3894 bebit
2170 3837 2524 3915 Quaecunque
2545 3843 2614 3897 ab
2654 3843 2775 3914 ipso
2805 3840 3190 3913 postulaveris.
3222 3843 3292 3900 25
3323 3836 3441 3902 Rex
3471 3862 3571 3901 au-

1989 3935 2098 3983 tem
2143 3932 2428 4001 respondit
2465 3947 2720 3988 sermone
2748 3951 2762 3988 :
2811 3925 3002 3989 Frater
3034 3939 3165 3990 titus
3194 3943 3390 3992 rursus
3422 3935 3572 3993 exclo

1989 4020 2218 4076 tabitur.
2261 4022 2334 4076 Ἡ
2391 4021 2760 4079 Immortalem
2813 4032 2996 4080 autem
3041 4024 3248 4081 Vocem
3313 4028 3570 4093 audiens.

1991 4113 2187 4167 iterum
2225 4113 2364 4169 dixit
2397 4113 2610 4170 Martha
2642 4134 2656 4170 :
2701 4116 2858 4181 Novi,
2893 4133 2994 4172 nec
3029 4133 3116 4174 me
3146 4119 3278 4175 latet
3319 4135 3571 4176 resurre-

1991 4205 2124 4271 ctio,
2150 4205 2298 4277 quod
2320 4206 2375 4262 in
2401 4207 2490 4262 illa
2513 4205 2855 4263 Excitabitur
2881 4224 3004 4265 sero
3027 4209 3323 4279 perfectus,
3347 4215 3572 4282 quando

1989 4311 2187 4353 cursus
2211 4297 2439 4354 ultimus
2465 4313 2698 4354 aurorae.
2739 4299 2810 4354 25
2837 4298 2903 4354 Et
2927 4300 2977 4356 ei
3003 4300 3259 4357 Christus
3287 4299 3425 4358 dixit
3449 4319 3570 4361 ser-

1503 4409 1784 4467 TEXTUS
1817 4410 2349 4468 EVANGELISTIE.

381 4521 448 4576 I2
479 4518 644 4579 Εῐπον
673 4519 768 4580 οὖν
797 4523 848 4578 οί
889 4524 1130 4597 μαθηταὶ
1171 4524 1367 4580 αὐτοῦ·
1399 4524 1596 4597 Κύριε,
1627 4526 1676 4580 εί
1698 4525 1882 4582 κεκοί-
1913 4533 1960 4589 D
2059 4527 2126 4583 19
2150 4527 2262 4581 Καὶ
2301 4525 2484 4580 πολλοὶ
2508 4527 2572 4581 ὲκ
2594 4527 2704 4580 τῶν
2743 4527 3010 4583 Ἰουδαίων
3039 4523 3394 4599 ἐληλύθεισαν
3432 4529 3569 4600 πρδς

304 4623 498 4679 μηται.
529 4606 852 4679 σωθήσεται.

379 4688 447 4742 15
478 4685 700 4762 Είρήκει
729 4685 787 4743 δὲ
820 4690 850 4742 6
904 4687 1110 4762 Ἰησοῦς
1136 4688 1265 4761 περὶ
1289 4687 1384 4744 τοῦ
1409 4690 1638 4748 θανάτου
1677 4690 1844 4746 αὐτοῦ
1863 4709 1878 4724 ο

295 4773 500 4825 ἐκεῖνοι
537 4772 594 4827 δὲ
622 4772 807 4839 ἔδοξαν
833 4772 913 4828 ὅτι
949 4773 1078 4846 περὶ
1108 4773 1208 4844 τῆς
1234 4773 1546 4846 κοιμήσεως
1581 4773 1676 4827 τοῦ
1709 4768 1880 4830 ὕπνου

296 4854 473 4923 λέγει.

373 4937 444 4992 14
465 4935 598 4990 Τότε
615 4930 709 4992 οὖν
740 4927 894 4993 εἶπεν
924 4937 1103 5002 αὐτοῖς
1122 4938 1150 4992 6
1182 4937 1388 5008 Ἰησοῦς
1417 4938 1699 5011 παρρησίᾳ
1717 4955 1732 4970 ο
1773 4939 1882 4994 Λάο

296 5022 466 5092 ζαρος
490 5021 728 5075 ἀπέθανε
745 5037 765 5053 ο
1602 5074 1604 5076 τ

371 5103 440 5158 15
472 5105 582 5159 Καὶ
618 5103 792 5175 χαίρω
830 5102 896 5158 δι’
933 5102 1077 5173 ὑμᾶς
1123 5104 1232 5173 (ἵνα
1277 5103 1628 5175 πιστεύσητε)
1657 5105 1738 5159 ὅτι
1781 5105 1880 5158 οὐκ

300 5185 450 5257 ἢμην
485 5187 602 5239 ἐκεῖ
623 5201 636 5216 ·
680 5185 796 5240 ἀλλ’
844 5186 1068 5257 ἄγωμεν
1098 5187 1235 5258 πρὸς
1266 5187 1452 5241 αὐτόν.

372 5267 441 5322 16
481 5265 652 5322 Εἶπεν
687 5263 781 5322 οὖν
835 5268 1038 5339 Θωμᾶς
1083 5269 1112 5322 6
1160 5268 1450 5340 λεγόμενος
1494 5270 1726 5338 Δίδυμος
1764 5269 1878 5334 τοῖς

294 5351 719 5422 συμμαθηταῖςο
749 5353 1008 5422 ’Ἄγωμεν
1045 5351 1140 5407 καὶ
1171 5351 1356 5423 ἡμεῖς,
1395 5351 1483 5405 ἵνα
1513 5349 1874 5426 ἀποθάνωμεν

341 5436 422 5487 ετ⁹
451 5434 635 5489 αὐτοῦ.

295 5453 420 5504 μετ
451 5453 635 5489 αυτου.

366 5516 434 5570 17
491 5516 692 5570 Ἐλθὼν
730 5509 824 5570 οὖν
858 5517 888 5572 6
939 5515 1148 5586 Ἰησοῦς
1195 5510 1354 5590 εὗρεν
1395 5518 1557 5572 αὑτὸν
1603 5518 1878 5589 τέσσαρας

293 5597 509 5671 ἡμέρας
534 5599 634 5670 ήδη
667 5598 866 5670 ἔχοντα
893 5600 950 5652 ὲν
987 5599 1066 5669 τῷ
1097 5601 1365 5673 μνημείῳ.

364 5681 434 5735 18
472 5677 602 5750 (Ἦν
621 5682 679 5734 δὲ
703 5684 738 5752 ἡ
767 5681 1010 5752 Βηθανία
1041 5684 1208 5751 ἐγγὺς
1226 5683 1334 5738 τῶν
1371 5682 1781 5755 Ἰεροσολύμων,
1799 5681 1876 5748 ὡς

289 5761 402 5819 ἀπὸ
435 5765 668 5821 σταδίων
703 5764 1048 5836 δεκαπέντε.)

613 5860 887 5921 Ρλτιιοι.
916 5859 1039 5922 Gn.
1083 5859 1305 5924 XLIII.

1979 4610 2080 4675 τὰς
2102 4611 2228 4684 περὶ¹
2259 4609 2490 4688 Μάρθαν
2525 4612 2619 4666 καὶ
2653 4611 2895 4688 Μαρίαν,
2931 4612 3019 4666 ἵνα
3058 4613 3582 4688 παραμυθήσωντας

1983 4692 2158 4757 αὐτὰς
2179 4687 2308 4764 περῖ
2327 4693 2419 4748 τοῦ
2439 4687 2670 4764 ἀδελφοῦ
2701 4687 2902 4752 αὐτῶν.

2058 4789 2129 4844 20
2180 4790 2243 4842 'I-l
2277 4785 2372 4844 οὖν
2422 4789 2620 4862 Μάρθα
2651 4792 2725 4854 ὡς
2770 4793 3005 4863 ἤκουσεν
3048 4793 3129 4846 ὅτι
3161 4794 3190 4845 6
3227 4792 3436 4864 Ἰησοῦς
3473 4798 3555 4849 ἐο-

1986 4874 2161 4940 χεται,
2194 4869 2504 4946 ὑπήντησεν
2535 4873 2686 4944 αὐτῷ
2703 4890 2716 4904 ’
2767 4874 2956 4945 Μαρία
2978 4872 3036 4926 δὲ
3064 4874 3122 4926 ὲν
3149 4873 3228 4944 τῷ
3249 4875 3384 4946 οἴκῳ
3403 4878 3566 4934 sxa)-

1982 4954 2153 5018 έζετο.

2050 5051 2110 5131 2|
2156 5047 2323 5131 ξῖπεν
2352 5047 2444 5131 οὖν
2476 5054 2510 5124 ἡ
2547 5049 2747 5124 Μάρθα
2781 5050 2918 5122 πρὸς
2946 5051 3038 5104 τὸν
3091 5049 3328 5120 Ἰησοῦν
3364 5053 3560 5131 Κύριε,

1981 5136 2030 5188 εἰ
2061 5129 2128 5206 ἦς
2155 5128 2277 5199 ὧδε,
2303 5138 2332 5190 6
2352 5129 2578 5205 ἀδελφός
2617 5152 2718 5206 μου
2741 5135 2842 5188 οὐκ
2866 5132 2932 5188 ἂν
2965 5133 3246 5205 ἐτεθνήκει

2049 5230 2120 5284 22
2158 5231 2315 5305 Ἀλλά
2336 5229 2560 5305 καὶ-νῦν
2586 5229 2702 5286 οῖδα
2725 5231 2805 5284 ὅτι
2829 5230 2930 5285 ὅσα
2964 5230 3030 5285 ἂν
3058 5231 3259 5305 αἰτήσῃ
3286 5231 3379 5287 τὸν
3404 5233 3557 5299 Θεὸν,

1978 5299 2138 5354 δώσει
2174 5317 2257 5354 σοι
2288 5303 2316 5355 6
2349 5301 2503 5366 Θεός.

2046 5394 2119 5450 23
2153 5395 2317 5464 Λέγει
2360 5396 2499 5468 αὐτῇ
2533 5397 2562 5451 6
2616 5395 2851 5467 Ἰησοῦς·
2907 5396 3296 5470 Ἀναστήσεται
3336 5400 3366 5453 6
3403 5399 3562 5453 ἀδελ·-

2109 5495 2170 5532 σο
2211 5521 2228 5536 .

1978 5478 2116 5626 φύξό
2146 5497 2309 5642 ⁸ἕέγει
2347 5574 2492 5646 αὐτῷ
2531 5575 2731 5648 Μάρθα
2753 5589 2770 5608 ⁸
2818 5572 2948 5631 Οἶδα
2980 5578 3062 5631 ὅτι
3101 5579 3463 5649 ἀναστήσεται
3492 5576 3552 5632 ἐν

1976 5657 2044 5727 τῇ
2074 5655 2368 5711 ἀναστάσει
2397 5659 2453 5712 ὲν
2481 5661 2548 5729 τῇ
2579 5659 2784 5731 ἐσχάτῃ
2809 5659 3014 5730 ἡμέρᾳ.

2046 5751 2119 5814 25
2143 5747 2308 5812 Εἶπεν
2338 5753 2474 5826 αύτῇ
2512 5755 2541 5808 6
2577 5754 2816 5824 Ἰησοῦς·
2867 5754 3006 5824 Ἐγώ
3044 5757 3159 5828 είμι
3191 5759 3223 5826 ή
3262 5755 3560 5830 ἀνάστασις

3235 5864 3315 5926 27
