3982 6408
321 401 426 456 Μὸ

385 521 454 574 56
482 521 592 574 Καί
615 540 760 589 τινες
789 525 1130 599 ἀθρήσαντες
1157 532 1369 606 ὲνίαχον
1397 540 1596 595 αὐτίκα
1619 543 1756 598 λαοίο

334 608 506 665 Ἰινίδε
543 614 661 678 πῶς
685 617 857 685 φιλέει
884 621 978 673 καὶ
1000 622 1250 695 Λάζαρον
1279 629 1340 680 ού
1367 633 1659 701 παρεόντα.

317 701 386 755 57
423 704 605 756 ’Δλλοι
629 706 676 758 δ’
705 708 1040 780 ἀντιάχησαν
1067 730 1080 745 ·
1115 715 1452 790 Ἀλεξικάκῳ
1479 725 1587 777 τινὶ
1615 727 1771 799 πηλῷ

318 792 664 865 ὀφθαλμοὺς
710 799 978 868 μερόπων.
1000 802 1370 875 λιποφεγγέας
1402 807 1558 877 οὗτος
1601 792 1839 883 ἀνοίξας,

321 885 524 954 Ἔργον
551 886 664 939 ἴσον
698 888 904 944 τελέειν
929 893 1030 946 ούκ
1060 894 1298 961 ἔσθενεν,
1319 901 1464 972 ὄφρα
1492 907 1587 959 καὶ
1609 908 1771 974 αὐτὸς

313 974 406 1045 Μὴ
440 977 608 1048 φονίῳ
633 979 791 1044 νέκυς
821 976 976 1047 οὗτος
998 983 1309 1058 ὁμιλήσειεν
1330 991 1572 1065 ὀλέθρῳ;

313 1069 384 1122 58
406 1069 540 1122 Τοῖα
564 1070 660 1141 μὲν
683 1068 837 1127 εἶπεν
867 1074 1119 1142 ἕκαστος.
1159 1081 1530 1159 Ἐπειγομένῳ
1548 1091 1605 1142 δὲ
1638 1092 1835 1165 πεδίλῳ
1921 1114 1924 1115 ⁷

325 1159 661 1230 ’Λχνυμένης
697 1162 964 1235 βριμηδὺν
998 1168 1106 1223 ἀπὸ
1148 1174 1344 1242 φρενὸς
1373 1172 1554 1230 οἶκτον
1591 1159 1835 1238 ἀνέλκων

315 1249 518 1320 Ἰησοῦς
549 1255 847 1325 πεφόρητο,
887 1258 979 1310 καὶ¹
1005 1261 1122 1331 ἧῖεν
1147 1263 1338 1332 ἐγγύθι
1363 1268 1570 1340 τύμϐου
1590 1288 1604 1302 ο

309 1341 419 1394 Καὶ
452 1343 664 1413 χθόνιον
689 1347 857 1411 σπέος
877 1345 975 1420 ἦεν
998 1350 1107 1406 ἔσω
1133 1355 1433 1430 γλαφυροῖο
1464 1363 1755 1437 μελάθρου,

304 1433 418 1487 Καὶ
445 1435 592 1500 λίθος
626 1438 940 1494 ἀντιτύποιο
969 1444 1153 1514 φέρων
1179 1447 1406 1520 μίμημα
1436 1433 1723 1527 θυρέτρου,

304 1527 676 1600 Ἀμφιπαγὴς,
707 1533 1012 1607 ίσόμετρος,
1055 1541 1292 1611 ἐρείδετο
1323 1545 1565 1617 χάσματι
1589 1550 1820 1620 τύμϐου.

300 1619 370 1674 59
413 1621 624 1690 Ἰησοῦς
646 1625 690 1676 δ’
718 1628 1001 1684 ἐκέλευσεν
1037 1633 1207 1698 ’Λναξ
1235 1636 1526 1708 πειθήμονι
1561 1616 1676 1713 λᾶῷ
1700 1660 1714 1676 ο

215 1769 228 1786 .
299 1710 452 1762 Λᾶαν
483 1712 819 1784 ὑπωροφίοιο
842 1724 1260 1792 μεταστήσασθε
1291 1728 1587 1801 μελάθρου.

213 1789 222 1798 ’
296 1799 573 1872 Μάρθαδὲ
595 1804 914 1873 τεθνειῶτος
941 1789 1192 1881 ὁμόγνιος
1219 1789 1336 1887 ἴαχε
1366 1789 1548 1888 φωνήν
1568 1839 1581 1852 ·

295 1891 570 1962 Κείμενον
595 1896 982 1973 ἀντιθύρετρον
1015 1904 1079 1958 ἔα
1112 1905 1276 1960 λίθον.
1306 1910 1604 1981 Οίγομένου
1629 1913 1738 1984 γὰρ

291 1985 586 2056 Χάσματος
617 1988 870 2058 οὐδαίοιο,
898 1995 1206 2068 δυσήνέμος
1235 1999 1456 2072 ἔρχεται
1479 2004 1640 2076 ὀδμὴ,

294 2076 449 2129 Ὀττι
478 2086 794 2152 τεταρταῖος
818 2086 1026 2140 τελέθει
1052 2090 1216 2154 νέκυς
1245 2093 1418 2147 ἔνδοθι
1438 2097 1669 2166 τύμϐου.

286 2165 358 2220 40
397 2169 606 2240 Ἰησοῦς
628 2173 673 2226 δ’
697 2176 1019 2247 ἀπάμειπτο
1058 2183 1149 2235 καὶ
1175 2183 1364 2237 ἔννεπε
1398 2165 1621 2242 πενθάδι
1648 2192 1847 2267 Μάρθῃ
1867 2212 1879 2223 ’

286 2254 360 2308 Οὔ
395 2273 477 2310 σοι
497 2260 654 2313 τοῦτο
684 2265 859 2335 πάρος
887 2267 1277 2341 διεπέφραδον;
1307 2275 1427 2329 αἴκε
1465 2279 1705 2351 φυλάξῃς

285 2345 536 2402 Χείλεσιν
562 2351 874 2424 ὑμετέροισι
898 2361 1070 2430 σοφὴν
1103 2367 1376 2433 σφρηγῖδα
1408 2345 1646 2439 σιωπῆς,

296 2438 493 2510 Ὀρθὴν
521 2442 702 2497 πίστιν
736 2445 953 2516 ἔχουσα,
991 2452 1084 2505 καὶ
1105 2454 1164 2506 ού
1205 2456 1490 2528 διχόμητις
1510 2438 1696 2528 ἐοῦσα,

286 2529 483 2598 Ὀψεαι
503 2533 777 2604 οὐρανίοιο
809 2538 944 2593 Θεοῦ
969 2543 1226 2616 ζωαρκέα
1252 2551 1443 2625 τιμήνς

281 2620 340 2674 41
369 2624 431 2675 Oi
460 2625 560 2693 μὲν
581 2626 718 2682 λᾶαν
753 2630 946 2702 ἄειραν
970 2650 984 2664 °
1020 2635 1190 2702 Ἀναξ
1213 2639 1258 2692 δ’
1292 2620 1564 2708 ἀντώπιος
1595 2646 1811 2718 ἄστρων

280 2710 624 2787 Ὀφθαλμοὺς
649 2722 924 2794 ἀνάειρεν,
955 2726 1028 2798 ἑῷ
1050 2729 1094 2781 δ’
1127 2730 1320 2803 ἐϐόησε
1350 2734 1548 2806 Τοκῆῖ’

277 2804 368 2858 Σοὶ
396 2807 577 2878 χάρις,
606 2810 682 2875 ὡς
701 2814 916 2884 ἐμέθεν,
941 2818 1124 2891 Πάτερ
1167 2821 1463 2888 ἔκλυεςίὲ
1484 2804 1608 2882 οἶδα
1634 2830 1690 2884 δὲ
1720 2830 1876 2903 θυμῷ

289 2896 377 2962 Ὡς
402 2900 599 2971 ἐμέθεν
624 2902 888 2973 βώωντος
916 2910 1002 2963 ἀεὶ
1036 2912 1129 2966 σέο
1161 2914 1356 2981 Παιδὸς
1385 2919 1625 2984 ἀκούεις.

287 2987 447 3044 Ἀλλὰ
479 2991 641 3064 χάριν
665 2994 816 3049 λαοίο
847 3003 1276 3072 παρισταμένοιο
1304 3009 1621 3079 πιφαύσκω,

275 3081 460 3151 Ὄφρα
489 3099 554 3135 κε
577 3083 760 3138 πίστιν
789 3086 964 3158 ἔχοιεν
987 3091 1211 3161 ἀρείονα
1237 3096 1441 3165 μᾶλλον
1463 3100 1687 3155 ἀκούειν

272 3169 427 3224 Ὅττι
448 3172 512 3226 σύ
538 3191 605 3244 με
637 3177 935 3249 προέηκας,
963 3182 1370 3256 ὲσαθρήσαντες
1395 3190 1651 3256 ὀπωπαίς

269 3263 480 3336 Νεκρὸν
507 3267 806 3340 ἀελλήεντα
841 3271 1218 3345 διαστείχοντα
1250 3278 1536 3353 βερέθρου,

272 3358 432 3429 130
476 3359 772 3433 ’ἰλλόμενον
811 3365 1080 3437 δεσμοῖσι,
1130 3371 1222 3424 καὶ
1272 3372 1332 3425 ού
1379 3375 1646 3430 πίπτοντα
1680 3377 1856 3452 κονίῃ.

267 3453 336 3505 45
370 3449 506 3507 Εἷπε
526 3471 539 3483 ’
574 3456 669 3510 καὶ
698 3459 1056 3532 ὲσμαράγησε
1088 3463 1390 3538 διαπρυσίῃ
1414 3469 1522 3522 τινὶ
1552 3475 1704 3542 φωνῇ
1732 3489 1744 3506 ι

269 3544 471 3610 Ἔξιθι,
491 3548 734 3622 Λάζαρε,
759 3551 939 3626 δεῦρο.
971 3555 1042 3610 44
1073 3555 1474 3628 Λιποφθόγγοιο
1498 3561 1555 3614 δὲ
1589 3566 1786 3636 νεκροῦ

268 3642 500 3695 ’Λπνοον
530 3644 779 3715 ὲψύχωσε
809 3648 984 3718 δέμας
1009 3651 1332 3716 νεκυοσσὸος
1363 3653 1502 3724 ἠχώ.

267 3734 498 3790 Ἀπνοον
528 3737 697 3809 ἄνδρα
721 3739 974 3807 κάλεσσε,
1011 3744 1105 3797 καὶ
1131 3744 1320 3816 ἔτρεχε
1346 3748 1540 3818 νεκρὸς
1569 3751 1777 3822 ὁδίτης,

262 3826 498 3898 Στείχων
518 3829 908 3898 αὺτοκέλευθος
947 3835 1272 3907 όμοπλέκτῳ
1300 3838 1466 3908 χθόνα
1495 3843 1685 3913 ταρσῷ
1706 3861 1719 3874 ·

263 3921 499 3973 ’Λπνοον
531 3921 699 3993 ἄνδρα
729 3927 982 3991 κάλεσσε,
1014 3930 1108 3982 καὶ
1129 3932 1186 3983 ἐν
1211 3931 1556 4002 φθιμένοισιν
1587 3937 1849 4005 ἀκούσας,

270 4011 363 4076 Ἐξ
380 4012 528 4076 ᾰῖδος
559 4016 786 4087 νόστησε
817 4021 996 4088 φυγάς
1022 4022 1206 4086 νέκυς,
1247 4023 1446 4094 ὄψιμον
1469 4025 1638 4098 ἀλλην

271 4102 542 4176 ’Λθρήσας
572 4111 711 4179 μετά
741 4113 918 4184 τέρμα
946 4113 1063 4183 βίου
1096 4115 1495 4188 παλινάγρετον
1527 4121 1706 4191 ἀρχὴν

255 4195 607 4269 Θαμϐαλέην.
654 4201 835 4273 Ἀΐδης
862 4204 918 4258 δὲ
943 4205 1120 4276 μάτην
1154 4211 1306 4278 παρά
1334 4210 1536 4276 γείτονι
1572 4212 1726 4286 Λήθῃ

254 4289 638 4365 Πανδαμάτωρ
677 4295 988 4367 ἀδάμαστον
1013 4299 1220 4365 ἐδίζετο
1248 4302 1440 4373 νεκρὸν
1470 4304 1702 4376 ἀλήτην.

251 4380 368 4433 Καὶ
405 4383 565 4448 ποδὸς
592 4384 927 4455 ὀρθωθέντος
953 4390 1223 4462 ἀκαμπέα
1255 4395 1495 4461 γούνατα
1531 4396 1733 4468 σύρων,

250 4469 472 4542 Τυφλὴν
497 4473 842 4530 ίθυκέλευθον
869 4478 1008 4549 ἔχων
1040 4481 1310 4536 ἀντώπιον
1339 4487 1536 4557 ὁρμὴν,

248 4561 480 4634 Λύδήεις
507 4566 669 4632 νέκυς
692 4568 821 4623 ἔσκε
876 4572 970 4625 καὶ
994 4574 1058 4626 ἐκ
1097 4575 1258 4640 ποδὸς
1288 4577 1413 4649 ἄχρι
1444 4581 1685 4650 καρήνου

1249 415 1736 476 PARAPHRASIS
1779 421 1844 476 IN
1884 421 2224 482 JOANNEM.
2269 459 2335 468 —-
2377 431 2531 488 CAP.
2579 434 2670 490 XI.

1962 549 1999 604 Α
2101 549 2171 602 '56
2211 548 2273 602 Et
2304 552 2525 621 quidam
2552 555 2881 626 aspicientes
2916 560 3172 618 dixerunt
3206 569 3388 623 statim
3419 587 3484 626 ex
3517 589 3618 642 po-

3509 450 3619 506 ειθ

2022 638 2149 706 pulo
2170 655 2186 694 :
2209 639 2347 696 Ecce
2370 645 2648 713 quomodo
2673 647 2932 720 diligebat
2961 661 3014 708 et
3047 654 3308 713 Lazarum
3342 679 3450 718 non
3477 638 3613 735 prte-

2017 734 2252 784 sentem.
2281 730 2352 784 37
2399 733 2506 786 Alii
2553 743 2736 791 autem
2791 746 2984 795 contra
3033 757 3378 803 sonuerunt:
3408 730 3610 810 malum

1989 819 2320 890 depellente
2347 827 2588 894 quodam
2625 829 2739 884 luto
2772 829 2975 888 Oculos
2999 834 3284 894 hominum
3311 857 3486 899 caecos
3519 846 3611 902 hic

2013 910 2106 982 qui
2175 916 2411 983 aperuit,
2449 915 2597 988 Opus
2638 924 2847 992 aequale
2873 926 3135 995 perlicere
3155 945 3264 984 non
3308 935 3516 1002 potuit,
3549 951 3611 994 ut

2011 1008 2066 1056 et
2098 1002 2218 1072 ipse
2247 1004 2366 1062 Non
2405 1009 2591 1063 lethali
2631 1024 2880 1071 mortuus
2917 1017 3006 1071 hic
3033 1022 3463 1091 congrederetur
3490 1031 3609 1084 exi-

2010 1093 2088 1148 tio
2115 1095 2142 1147 ἲ
2171 1096 2242 1150 38
2271 1095 2422 1152 Talia
2455 1100 2674 1170 quidem
2706 1105 2844 1160 dixit
2873 1108 3124 1177 quilibet.
3155 1111 3390 1170 Incitato
3426 1127 3605 1174 autem

2008 1186 2144 1255 pede
2177 1186 2498 1246 Dolentibus
2529 1207 2656 1248 cum
2711 1196 2934 1254 fremitu
2986 1216 3052 1257 ex
3084 1208 3406 1274 praecordiis
3446 1227 3604 1266 com-

2007 1279 2414 1336 miserationem
2472 1286 2694 1344 trahens
2755 1289 2915 1347 Jesus
2963 1294 3262 1364 ferebatur,
3311 1312 3367 1356 et
3428 1303 3602 1359 irerat

2005 1385 2174 1442 prope
2205 1375 2508 1442 tumulum;
2550 1380 2612 1431 Et
2667 1386 2948 1440 terrestris
2996 1389 3258 1456 spelunca
3293 1403 3411 1448 erat
3457 1396 3601 1452 intra

2000 1472 2246 1517 cavatam
2276 1466 2523 1533 domum,
2560 1469 2625 1525 Et
2665 1473 2802 1544 lapis
2845 1481 3088 1547 expressi
3127 1484 3305 1539 ferens
3335 1488 3601 1544 imitatio-

1997 1831 2208 1898 pulcro.
2241 1833 2673 1894 Martha‘aulem
2714 1845 2920 1898 mortui
2952 1862 3114 1903 soror
3135 1854 3321 1906 sonuit
3352 1871 3538 1912 vocem
3572 1882 3584 1917 ;

1997 1889 2010 1898 _
2447 1889 2450 1890 ν
2953 1889 3102 1903 νων.
3136 1889 3321 1906 ..νυ-..ι
3358 1889 3538 1912 mw...
3572 1889 3584 1917 ς

1946 1889 2271 1979 Β,Ιεοοῐιιειπη
2319 1928 2414 1997 qui
2466 1931 2586 1985 vice
2626 1934 2753 1989 ostii
2788 1945 2873 1991 est
2912 1939 3032 1994 sine
3085 1941 3340 2012 lapidem.
3388 1950 3588 2020 Aper-to

1988 2013 2133 2067 enim
2183 2014 2346 2071 l-liatu
2399 2022 2683 2086 terrestri,
2724 2027 2965 2094 graviter
3003 2028 3202 2087 fcetcns
3237 2035 3384 2089 venit
3415 2013 3587 2105 odor,

1989 2104 2128 2171 Quia
2176 2110 2580 2177 quatriduanus
2608 2126 2692 2170 est
2726 2126 2979 2175 mortuus
3010 2121 3064 2175 in
3115 2127 3388 2194 sepulcro.
3417 2132 3486 2186 40
3506 2104 3590 2189 Je-

1988 2214 2084 2254 sus
2109 2208 2290 2255 autem
2319 2207 2600 2274 respondit
2619 2218 2673 2263 et
2697 2209 2837 2265 dixit
2861 2213 3064 2283 lugenti
3093 2215 3317 2274 Marthae
3351 2241 3364 2276 :
3392 2221 3588 2283 Nonne

1985 2293 2084 2349 tibi
2133 2295 2239 2350 hoc
2285 2305 2448 2352 antea
2488 2301 2649 2355 dixi?
2686 2303 2740 2357 si
2763 2308 3098 2366 custodieris
3127 2309 3313 2368 Labiis
3345 2316 3454 2371 tuis
3491 2335 3584 2372 sa—

1987 2386 2142 2464 piens
2186 2389 2430 2460 sigillum
2479 2392 2722 2460 silentii,
2761 2395 2986 2453 Rectam
3040 2401 3200 2458 ﬁdem
3250 2406 3481 2470 habens,
3528 2423 3584 2466 ct

1983 2461 2093 2529 nou
2117 2479 2354 2548 duplicis
2380 2484 2598 2539 consilii
2629 2487 2923 2557 exsistens,
2949 2489 3175 2548 Videbis
3207 2499 3453 2554 caelestis
3486 2499 3581 2556 Dei

1981 2567 2257 2624 viviﬂcum
2292 2571 2678 2632 honorem?“
2723 2577 2802 2632 llli
2837 2583 3059 2650 quidem
3111 2585 3344 2657 lapidem
3387 2593 3581 2648 absru-

1982 2660 2200 2728 lerunt;
2244 2661 2362 2719 Rex
2394 2681 2524 2720 vero
2563 2679 2755 2724 contra
2791 2674 3008 2730 intuens
3045 2688 3193 2732 astra
3227 2681 3430 2739 Oculos
3455 2701 3580 2741 sns-

1981 2753 2125 2817 tulit,
2171 2763 2225 2809 et
2271 2757 2338 2811 ad
2382 2773 2540 2814 suum
2574 2762 2828 2819 clamavit
2872 2764 3087 2822 Patrem
3125 2788 3138 2824 :
3203 2771 3321 2828 Tibi
3366 2779 3574 2848 gratim.

1977 2845 2125 2913 quod
2153 2861 2261 2913 me,
2281 2847 2461 2916 Pater,
2483 2854 2762 2912 audivisti.
2797 2857 2867 2911 42
2902 2857 3026 2915 Scio
3055 2877 3182 2917 vero
3211 2845 3394 2921 animo
3417 2868 3572 2936 Quod

1978 2950 2068 2992 me
2123 2938 2450 2996 clamantem
2513 2960 2731 3016 semper
2773 2957 2925 3003 tuum
2984 2949 3180 3009 Filium
3236 2959 3427 3025 audis;
3467 2962 3573 3018 Sed

1975 3035 2205 3098 propter
2233 3033 2501 3102 populum
2551 3037 3002 3097 circumstantem
3049 3045 3272 3115 loquor,
3311 3048 3377 3103 Ut
3405 3051 3570 3109 fidem

1891 3147 1937 3210 c
1977 3117 2216 3173 habeant
2271 3124 2552 3179 meliorem
2595 3130 2771 3200 magis
2819 3133 2884 3187 ad
2934 3135 3267 3192 audiendum
3301 3142 3454 3207 Quod
3506 3153 3566 3200 tu

1967 3224 2054 3264 me
2077 3213 2416 3281 praemisisti,
2434 3216 2791 3289 inspicientcs
2820 3226 2996 3281 oculis
3019 3226 3295 3286 Mortuum
3323 3235 3563 3293 velocem

1964 3301 2331 3372 egredientem
2355 3321 2386 3361 e
2417 3309 2692 3377 sepulcro,
2724 3313 2877 3383 131
2923 3314 3178 3374 Cinctum
3213 3323 3470 3389 vinculis,
3507 3335 3563 3383 et

1964 3404 2075 3444 non
2097 3393 2383 3449 cadentem
2415 3399 2658 3467 pulvere.
2700 3402 2771 3456 45
2805 3403 2988 3474 Dixit;
3021 3416 3073 3463 et
3115 3415 3361 3467 resonuit
3393 3432 3559 3486 pene-

1961 3482 2146 3537 trabili
2181 3487 2419 3554 quadam
2456 3503 2591 3546 voce
2629 3508 2646 3546 :
2680 3493 2776 3546 Exi
2801 3536 2815 3558 ,
2847 3495 3086 3565 Lazare,
3125 3497 3292 3559 foras.
3321 3482 3559 3566 λιιι-Μυιί

1961 3580 2145 3629 autem
2172 3580 2376 3633 mortui
2412 3580 2620 3651 Spiritu
2648 3601 2847 3644 carens
2881 3592 3145 3648 animavit
3174 3611 3376 3667 corpus
3408 3616 3558 3656 mor-

1957 3669 2090 3719 tuos
2124 3668 2406 3724 suscitans
2436 3685 2628 3728 sonus.
2664 3675 2986 3736 Exanimem
3025 3685 3202 3742 virum
3236 3695 3470 3756 vocavit,
3502 3704 3558 3748 et

1957 3757 2208 3812 cucurrit
2261 3770 2513 3818 mortuus
2564 3766 2758 3832 viator,
2821 3769 3084 3832 luccdens
3134 3789 3331 3848 sponte
3391 3784 3556 3840 simul

1957 3849 2292 3918 complicato
2329 3855 2395 3907 ad
2437 3861 2638 3910 terram
2664 3863 2829 3929 pede;
2872 3863 2990 3919 Non
3037 3869 3336 3936 spirantem
3367 3876 3548 3931 virum

1953 3940 2207 4005 vocavit,
2240 3949 2295 3996 et
2344 3943 2488 4000 inter
2533 3960 2782 4007 mortuos
2815 3955 3067 4021 audiens,
3100 3957 3178 4013 Ex
3223 3960 3416 4017 inferis
3469 3981 3552 4021 rc-

1950 4030 2053 4086 diit
2082 4031 2346 4104 profugus
2380 4045 2655 4104 mortuus,
2688 4058 2873 4098 serum
2920 4048 3068 4102 aliud
3099 4049 3387 4122 Aspicicns
3417 4071 3550 4124 post

1949 4132 2153 4179 metam
2181 4126 2306 4184 vitae
2343 4144 2542 4186 rursus
2569 4147 2962 4206 congregatum
2992 4141 3324 4214 principium
3353 4147 3552 4204 Admi'

1948 4215 2206 4272 randum.
2247 4218 2408 4277 Pluto
2437 4238 2569 4278 vero
2608 4223 2814 4282 frustra
2859 4231 3002 4300 apud
3042 4233 3280 4290 vicinam
3333 4237 3540 4298 Lethen

1947 4306 2143 4364 Omnia
2182 4311 2435 4379 domans,
2469 4315 2798 4373 indomitum
2829 4323 3108 4389 qumrebat
3140 4335 3416 4384 mortuum
3453 4347 3532 4388 er.

1945 4407 2182 4454 rantem.
2216 4399 2283 4454 Et
2311 4403 2447 4472 pede
2477 4405 2689 4462 directo
2723 4409 3037 4467 inﬂexibilia
3075 4432 3248 4487 genua
3289 4421 3538 4487 trahens,

1881 4501 1921 4556 ῃ
1947 4489 2164 4546 Ca3cum
2222 4497 2592 4565 rectigradum
2631 4499 2838 4557 habens
2881 4509 3192 4575 oppositum
3248 4511 3534 4583 impetum,

1946 4581 2166 4640 Vocalis
2222 4597 2476 4644 mortuus
2514 4599 2653 4659 erat,
2701 4601 2754 4649 et
2784 4609 2816 4648 a
2863 4597 2999 4667 pede
3043 4616 3217 4672 usque
3268 4606 3333 4659 ad
3372 4617 3538 4678 caput

1461 4779 1745 4837 TEXTUS
1781 4781 2312 4845 EVANGELISTZE.

314 4901 386 4956 56
407 4901 630 4970 Ἔλεγον
651 4899 745 4959 οὖν
767 4907 812 4959 οί
854 4908 1118 4963 Ἰουδαῖον
1162 4911 1267 4964 Ἴδε
1299 4913 1417 4977 πῶς
1448 4916 1623 4983 ἐφίλει
1645 4918 1830 4974 αὐτόν.

313 4986 382 5042 57
419 4987 574 5051 Τινὲς
595 4987 650 5042 δὲ
679 4990 736 5056 ἐξ
767 4991 948 5044 αὐτῶν
970 4991 1151 5046 εἷπον·
1185 4997 1300 5048 Οὐκ
1332 4997 1563 5067 ἠδύνατο
1598 4999 1774 5066 οὗτος,
1804 5005 1832 5058 ὁ

243 5068 461 5154 ἀνοίξας
488 5071 614 5135 τοὺς
643 5072 956 5146 ὀφθαλμοὺς
991 5077 1085 5130 τοῦ
1116 5080 1342 5148 τυφλοῦ,
1372 5085 1598 5154 ποιῆσαι
1628 5087 1716 5140 ἵνα
1736 5088 1829 5141 καὶ

245 5145 396 5217 οὗτος
430 5153 504 5225 μὴ
533 5157 780 5229 ἀποθάνῃ
799 5175 813 5222 ;

311 5236 379 5290 38
421 5237 628 5308 Ἰησοῦς
653 5235 745 5294 οὖν
795 5243 957 5327 πάλιν
984 5246 1409 5318 ὲμόριμὼμενος
1443 5251 1502 5304 ὲν
1525 5253 1706 5324 ἐαυτῷ
1735 5255 1829 5327 ἔρ-

231 5337 396 5392 χεται
421 5323 500 5385 εἰς
516 5324 576 5377 τὸ
599 5341 704 5396 μνη
715 5329 884 5396 μεῖον.
903 5324 1012 5383 Ἦν
1041 5331 1097 5385 δὲ
1129 5333 1413 5404 σπήλαιον,
1447 5339 1540 5390 καὶ¹
1564 5323 1710 5405 λίθος
1729 5323 1827 5394 έπ-

236 5406 422 5458 έκειτο
452 5407 540 5461 ἐπ’
575 5408 744 5479 αὐτῷ.

308 5488 378 5542 39
405 5490 615 5558 Λέγειὸ
653 5491 860 5563 Ἰησοῦς
879 5510 891 5523 ·
929 5496 1134 5567 Ἀρατε
1159 5496 1254 5552 τὸν
1288 5499 1455 5556 λίθον.
1485 5503 1650 5570 Λέγει
1674 5506 1826 5577 αὐτῷ

232 5575 268 5642 ἡ
327 5573 531 5646 ἀδελφὴ
573 5575 672 5629 τοῦ
693 5577 1016 5648 τεθνηκότος
1049 5582 1282 5654 Μάρθα·
1310 5583 1506 5656 Κύριε,
1539 5589 1639 5660 ἤδη
1671 5573 1820 5654 liget;

232 5660 556 5726 τεταρταῖος
577 5660 687 5731 γάρ
718 5662 858 5718 ἐστι.

302 5740 375 5794 40
392 5741 554 5810 Λέγει
582 5743 717 5815 αὐτῇ
739 5746 768 5797 ό
801 5745 1041 5814 Ἰησοῦς⁹
1064 5748 1179 5801 Οὐκ
1210 5744 1364 5804 εἶπόν
1395 5769 1475 5806 σοι
1504 5753 1585 5808 ὃτι
1614 5757 1708 5812 ἐὰν
1731 5775 1820 5812 πι-

236 5821 490 5894 στεύσῃς,
518 5825 636 5894 ὄψει
671 5829 770 5897 τὴν
810 5828 970 5894 δόξαν
1003 5830 1095 5884 τοῦ
1123 5830 1288 5911 Θεοῦς

2012 4921 2076 4976 tt
2098 4919 2281 4993 Ἦραν
2301 4923 2507 5017 οὖντὸν
2530 4929 2678 4985 λίθον
2706 4927 2766 4987 οὗ
2795 4929 3219 5010 ἦνὸιτεθνηκὼς
3257 4945 3527 5017 κείμενος·

1954 5005 2014 5060 Ὀ
2044 5007 2100 5060 δὲ
2147 5010 2357 5080 Ἰησοῦς
2406 5008 2507 5084 ἦρε
2529 5015 2656 5077 τοὺς
2708 5017 3024 5090 ὀφθαλμοὺς
3067 5005 3200 5089 ἀνω,
3234 5005 3530 5090 κοιὶιεῖπεἸν

1940 5090 2140 5162 Πάτερ,
2178 5094 2485 5164 εὐχαριστῶ
2517 5114 2599 5150 σοι
2633 5099 2713 5151 ὅτι
2742 5101 2981 5170 ἤκουσάς
3013 5123 3135 5174 μου.

2007 5174 2078 5229 42
2093 5177 2234 5245 Ἐγὼ
2253 5179 2311 5232 δὲ
2343 5179 2492 5250 ᾔδειν
2515 5181 2596 5235 ὅτι
2628 5185 2857 5238 πάντοτέ
2892 5206 2994 5257 μου
3015 5193 3254 5260 ἀκούεις·
3272 5199 3409 5254 ἀλλά
3435 5202 3524 5258 διὰ

1935 5257 2026 5311 τὸν
2054 5260 2210 5331 ὄχλον
2235 5264 2326 5316 τὸν
2358 5267 2700 5335 περιεστῶτα
2721 5265 2893 5336 εἷπον,
2935 5275 3024 5328 ἵνα
3044 5283 3406 5340 πιστεύσωσιν
3439 5289 3521 5343 ὅτι

1938 5341 2002 5393 σύ
2032 5360 2098 5412 με
2123 5345 2227 5398 ἀπέ
2237 5347 2477 5412 στειλας.
2811 5395 2818 5401 ›

1941 5460 1944 5462 -
2005 5426 2077 5481 43
2123 5430 2231 5483 Καὶ
2265 5431 2439 5487 ταῦτα
2483 5433 2675 5498 εἰπὼν,
2707 5443 2859 5511 φωνῇ
2900 5445 3111 5517 μεγάλῃ
3155 5450 3470 5520 ἐκραύγασε
3498 5470 3514 5491 ο

1928 5509 2169 5581 Λάζαρε,
2202 5513 2359 5584 δεῦρο
2381 5516 2504 5580 ἔξω.

1998 5595 2068 5648 44
2099 5598 2207 5650 Καὶ
2233 5599 2456 5669 ἐξῆλθεν
2488 5603 2516 5653 ὀ
2548 5603 2847 5675 τεθνηκὼς,
2878 5610 3158 5682 δεδεμένος
3190 5618 3317 5681 τοὺς
3343 5622 3512 5690 πόδας

1923 5679 2020 5731 καὶ
2049 5679 2150 5743 τὰς
2188 5685 2380 5753 χεῖρας
2411 5687 2674 5758 κειρίαις’
2707 5693 2803 5744 καὶ
2828 5695 2859 5761 ἡ
2887 5679 3010 5764 ὄψις
3047 5679 3510 5781 αὑτοῦσουδαρίιρ

1925 5764 2284 5832 περιεδέδετο.
2319 5767 2481 5836 Λέγει
2510 5772 2694 5838 αὐτοῖς
2721 5776 2748 5827 ὁ
2793 5777 3000 5846 Ἰησοῦς
3030 5797 3043 5810 ·
3079 5781 3292 5839 Λύσατε
3320 5764 3505 5863 αὐτὸν,

1817 5916 1820 5918 _
1923 5847 2016 5900 καὶ
2050 5846 2215 5909 ἄφετε
2245 5850 2496 5913 ὑπάγειν.
