3982 6456
394 411 503 468 849

400 529 617 602 Ἰησοῦν
646 529 732 584 ἵνα
754 530 956 596 πάντες
981 530 1061 586 svi
1078 530 1367 589 κτείνωσιν
1391 534 1619 607 ὀλέθρῳ.

390 622 467 677 54
498 621 695 675 Οὐκέτι
726 620 772 674 δ’
807 620 1090 693 ἀμφαδίην
1118 621 1375 688 λαοσσόος
1404 619 1519 696 είχε
1546 625 1777 697 πορείην

392 712 634 785 Χριστὸς
676 712 736 765 έν
767 711 1097 785 Ἐϐραίοισιν
1121 728 1137 743 ⁶
1164 714 1454 787 ἀδουπήτῳ
1477 715 1534 770 δὲ
1566 717 1770 787 πεδίλῳ

407 802 598 873 ’Λγνὺν
636 803 899 875 Ἰουδαίης
927 805 1275 877 παρεμέτρεε
1305 806 1505 861 κόλπον
1533 807 1774 880 ἀρούρης
1805 825 1819 839 ’

390 895 595 967 Χώρης
614 896 781 964 ἐγγὺς
802 894 987 951 ίκανεν
1004 896 1248 968 όρειάδος
1268 898 1437 967 ἔγγὺς
1451 899 1551 971 ὲρή
1559 916 1684 969 μου,

389 986 490 1048 Εἰς
512 984 666 1037 πόλιν
685 999 699 1016 ο
724 983 923 1037 ὁππόθι
950 985 1119 1056 μίμνε
1162 986 1262 1040 σὺν
1283 985 1578 1041 ἀντιθέοισι
1612 987 1907 1059 μαθηταῖς,

407 1076 650 1146 Ἐφραὶμ
680 1074 780 1145 τὴν
806 1073 1085 1131 καλέουσι.
1122 1076 1192 1133 55
1211 1076 1321 1132 Kal.
1350 1076 1585 1148 ἐγγύθεν
1616 1076 1714 1151 ἦεν
1745 1080 1908 1152 ἑορτὴ

389 1164 590 1234 Πάσχα
616 1164 1013 1235 πολυκλήῑστον
1030 1181 1046 1197 ο
1072 1165 1167 1219 ἀπ’
1196 1167 1482 1239 ιύρυάλοιο
1507 1168 1566 1223 δὲ
1592 1168 1756 1240 γαίης

395 1251 558 1325 134
588 1252 783 1306 Πολλοὶ
827 1253 1096 1308 Ἰουδαίων
1120 1254 1492 1328 ὁμοτέρμονες
1527 1256 1723 1329 ἄνδρες
1767 1258 1976 1331 ἐρήμου

390 1344 757 1400 Μυστιπόλων
792 1345 1078 1402 ἀνέϐαινον
1109 1348 1169 1412 ές
1199 1348 1423 1421 ἕδρανον
1465 1349 1848 1422 Ἰροσολύμων,

394 1437 580 1506 Ὄφρα
608 1436 1021 1507 προφοιϐἀσωσι
1046 1438 1218 1509 δέμας
1242 1438 1483 1505 ζαθέοισι
1504 1440 1835 1513 καθαρμοῖς,

388 1528 528 1600 Πρίν
560 1545 667 1600 περ
696 1530 978 1602 ἀσιγήτοιο
1007 1532 1320 1602 φανήμεναι
1342 1527 1501 1605 ἦμαρ
1529 1534 1743 1606 ἑορτῆς.

386 1619 461 1675 56
492 1621 602 1674 Καὶ
627 1620 817 1685 πολέες
839 1621 1048 1687 δίζοντο
1079 1622 1312 1689 θυώδεος
1340 1624 1514 1678 ἔνδοθι
1542 1625 1674 1696 νηοῦ

403 1710 611 1781 Ἰησοῦν
640 1712 899 1778 ἀπεόντα,
933 1713 1197 1787 θεηγόρον
1216 1730 1229 1744 ”
1257 1716 1512 1781 ἑσταότες
1538 1717 1595 1770 δὲ

402 1802 680 1874 Ἀλλήλοις
709 1804 929 1877 όάριζον
948 1820 964 1836 ·
1004 1806 1407 1877 ἐπεφθέγγοντο
1442 1809 1499 1861 δὲ
1526 1809 1663 1863 λαοί·

399 1892 564 1963 Ὑμῖν
591 1895 981 1966 φραζομένοισι
1012 1896 1066 1950 τί
1095 1897 1347 1967 φαίνεται
1370 1938 1386 1964 ,
1415 1898 1530 1952 ὅττι
1558 1900 1799 1972 περῆσαι

386 1977 464 2029 Ού
492 1977 715 2034 δύναται
739 1981 927 2052 βροτὸς
949 1976 1103 2046 οὗτος
1131 1986 1189 2047 ὲς
1213 1983 1601 2058 ἀρτιχόρευτον
1634 1990 1862 2062 έορτήνς

388 2063 458 2118 57
488 2067 599 2120 Kal.
617 2068 835 2132 ναέταις
857 2069 1140 2126 ἐπέτελλον
1163 2073 1420 2140 ἀπειθέες
1445 2077 1758 2150 ἀρχιερῆες,

387 2154 502 2207 Καὶ
525 2157 685 2226 χορὸς
709 2159 1081 2233 ἀγκυλόμητις
1119 2163 1470 2236 ὑπερφιάλων
1497 2169 1827 2239 Φαρισαίων,

392 2246 577 2316 Ὄφρα
599 2266 691 2318 μιν
721 2250 871 2316 ὅστις
912 2252 1075 2309 ἴδοιτο
1117 2257 1261 2311 κατά
1290 2259 1500 2324 πτόλιν,
1532 2260 1565 2330 ἢ
1599 2262 1694 2314 καὶ
1725 2262 1971 2331 ἀκούσοι,

391 2336 604 2407 Πληθύῖ
631 2340 885 2411 κηρύξειε
914 2342 1294 2416 ὼλορῥαφέων
1324 2349 1658 2419 Φαρισαίων,

391 2427 574 2497 "(lappa
602 2445 697 2498 μιν
726 2430 920 2503 ἐχθρὸς
948 2432 1135 2503 ὅμιλος
1166 2436 1506 2494 ἀποκτείνειε
1534 2441 1784 2507 πιέσσας.

1027 2546 1186 2601 ΚΕΦ.
1227 2549 1328 2605 lB’.

460 2650 483 2703 1
516 2650 716 2723 Χώρης
751 2653 797 2707 δ’
822 2654 1136 2727 εὒρυάλωος
1168 2660 1422 2732 έρημάδα
1446 2662 1617 2729 πέζαν
1641 2666 1807 2733 ὲάσας

401 2741 607 2810 Ἰησοῦς
633 2744 894 2816 ἀκίχητος
921 2748 1017 2820 res
1026 2767 1163 2820 μονα
1192 2750 1389 2808 δύσατο
1417 2753 1611 2828 κώμην
1630 2773 1644 2787 '

384 2830 596 2887 Δύσατο
628 2834 920 2909 Βηθανίην,
957 2840 1043 2894 ὅθι
1076 2841 1325 2917 Λάζαρον
1359 2847 1550 2915 ἐγγύθι
1581 2848 1790 2921 τύμϐου

396 2923 493 2976 Ἐκ
523 2924 730 2979 νεκύων
760 2927 969 3000 ἤγειρε,
997 2932 1137 3003 χέων
1167 2936 1496 3006 ψυχοστόλον
1528 2939 1645 3011 ἠχώ
1667 2958 1682 2973 ο

384 3014 594 3069 Λύσατο
617 3016 909 3093 Βηθανίην,
936 3022 1024 3076 ὅτε
1048 3026 1283 3094 γείτονος
1317 3024 1464 3100 εἶχον
1492 3032 1691 3104 ἑορτῆς

389 3105 490 3201 :EE
512 3108 687 3201 πάρος
713 3110 902 3181 ῆματα
942 3115 1118 3185 μοῦνα
1147 3116 1482 3192 λελειμμένα
1513 3123 1780 3190 κυκλάδες
1802 3119 1968 3201 ὧραι.

383 3198 419 3250 2
445 3199 553 3291 καί
580 3202 630 3254 oi
657 3201 855 3276 δόρπον
892 3205 1077 3262 ἔθεντο
1096 3227 1110 3241 ·
1138 3211 1482 3285 φιλοστόργῳ
1510 3215 1569 3268 δὲ
1597 3221 1820 3291 μενοινῇ

384 3290 605 3381 saepes
622 3292 935 3371 διακτορίην
961 3300 1323 3373 πολυχανδέος
1347 3302 1459 3377 εἷχε
1485 3308 1786 3381 τραπέζης.

383 3375 481 3472 Idi;
504 3382 549 3437 δ’
573 3378 643 3455 ἦν
676 3385 1014 3459 δαιτυμόνων
1041 3390 1121 3445 ἔτι
1154 3375 1431 3467 Λάζαρος,
1452 3375 1569 3463 ἴσος
1597 3375 1792 3472 ὀνείρῳ

385 3470 727 3545 Πασιφανής.
759 3476 793 3531 3
816 3478 1006 3551 Μαρίη
1034 3480 1090 3534 δὲ
1118 3481 1293 3554 μύρου
1320 3485 1567 3552 θυόεντος
1595 3470 1795 3545 ἑλοῦσα

384 3562 651 3656 Πιστικῆς
670 3567 798 3638 τρία
831 3569 1004 3643 μέτρα
1038 3574 1406 3649 φατιζομένης
1431 3580 1539 3633 ἀπὸ
1566 3581 1781 3656 νάρδου,

384 3655 693 3748 Μάρμαρον
713 3661 946 3734 ῆέρταζε
981 3665 1312 3740 βεϐυσμένον
1340 3672 1510 3742 ἄγγος
1537 3655 1756 3748 ὲέράης.

394 3747 664 3840 Ἦΰκομος
696 3754 883 3829 Μαρίη
904 3772 919 3786 ·
953 3761 1048 3813 καὶ
1074 3760 1393 3835 δαινυμένου
1422 3767 1688 3840 Βασιλῆος

380 3839 717 3930 Θεσπεσίους
738 3846 924 3918 ῆλειψε
960 3850 1117 3923 μύρῳ
1148 3854 1313 3921 πόδας
1337 3872 1350 3887 ·
1386 3839 1697 3930 ἐκταδίηδὲ

395 3929 619 4002 Ἰκμάδα
646 3935 875 4013 πιαλέην
900 3940 1221 4013 ἀπεμάξατο
1251 3947 1485 4017 μαχλάδι
1510 3929 1695 4020 χαίτῃ.

384 4024 677 4099 Νηχομένη
700 4028 744 4083 δ’
768 4031 1068 4105 ἑμέθυσσεν
1105 4035 1224 4090 ὅλον
1252 4037 1414 4109 δόμον
1437 4039 1618 4105 ἔνθεος
1650 4041 1808 4113 ὀδμή.

382 4116 417 4169 4
444 4117 553 4170 Καὶ
571 4119 851 4199 φθονεροῖς
874 4126 1201 4198 στομάτεσσι
1220 4128 1539 4195 δολοπλόκος
1555 4128 1708 4185 εἶπεν
1738 4134 1961 4199 Ἰούδας,

388 4208 486 4271 Ὃς
514 4214 731 4282 μιαροῖς
764 4230 856 4286 μιν
886 4215 1111 4288 ἔμελλεν
1151 4219 1455 4275 Ἰουδαίοισι
1485 4222 1785 4294 προδώσειν
1807 4242 1820 4255 ·

381 4296 417 4351 5
447 4297 612 4353 Τίπτε
633 4305 959 4374 τριηκοσίων
986 4307 1046 4362 οὐ
1074 4309 1394 4382 πέρναταιῆ
1420 4329 1525 4364 τινι
1551 4311 1735 4383 μέτρῳ

385 4391 595 4448 Πλείονι
624 4394 896 4469 δηναρίων
917 4399 1034 4454 τόδε
1070 4419 1171 4455 που
1204 4401 1397 4475 μύρον,
1422 4403 1566 4475 ὄφρα
1589 4403 1770 4476 δοθείη

1318 410 1810 469 PARAPURASIS
1848 410 1915 467 IN
1952 408 2297 469 JOANNEH’.
2331 411 2581 469 --CAP.
2620 410 2737 467 ΧΠ.

3568 413 3675 470 850

2017 539 2063 596 Α
2093 547 2352 598 sanorum,
2383 528 2572 587 Jesum
2604 538 2665 584 ut
2698 544 2890 586 omnes
2922 544 3035 586 uno
3071 529 3447 587 interﬁcerent
3481 532 3672 588 exitio.

2083 630 2149 686 54
2205 627 2324 683 Non
2377 627 2613 698 amplius
2655 639 2783 680 vero
2836 635 3085 695 apertum
3143 626 3365 682 salvans
3408 627 3671 697 populum

2082 719 2321 774 habebat
2360 717 2464 771 iter
2512 716 2770 771 Christus
2822 716 2965 769 inter
3005 714 3491 783 Hebraaosuacito
3540 732 3673 771 vero

2082 809 2219 881 pede
2236 808 2501 865 Sanctum
2523 806 2723 861 Iudaeae
2745 807 3055 861 transmisit
3079 806 3260 862 eundo
3280 807 3459 862 sinum
3476 815 3636 862 terra.
3653 825 3667 862 :

2079 902 2163 957 Ad
2195 902 2375 955 locum
2417 899 2658 954 vicinum
2694 897 2845 952 venit
2894 904 3215 950 montanum
3260 911 3431 967 prope
3480 897 3670 952 deser-

2082 1002 2219 1059 tum,
2241 989 2301 1045 In
2329 990 2634 1055 civitatem,
2674 987 2766 1042 ubi
2800 988 3001 1042 mansit
3030 996 3163 1041 ’cum
3195 986 3399 1042 divinis
3432 986 3672 1056 discipu-

2081 1084 2173 1152 lis,
2206 1082 2383 1150 Quam
2433 1080 2695 1151 Ephraim
2740 1089 2955 1133 vocant.
2994 1078 3065 1136 55
3102 1076 3167 1132 Ει
3205 1091 3377 1147 prope
3424 1085 3543 1132 erat
3588 1077 3669 1133 fe-

2082 1186 2228 1235 stum
2253 1174 2465 1231 Pascha
2505 1173 2738 1226 multum
2775 1172 3149 1236 celebratum;
3176 1168 3451 1239 abatnpla
3483 1178 3667 1222 autem

2081 1278 2231 1325 terra
2266 1265 2424 1338 135
2457 1263 2609 1319 Multi
2649 1262 2963 1317 Iudaeorum
2993 1261 3159 1317 vicini
3196 1261 3303 1315 viri
3327 1261 3546 1315 deserto
3571 1259 3671 1314 Sa-

2079 1375 2172 1416 cra
2206 1356 2560 1415 tractantium
2601 1354 2974 1411 ascendebant
3018 1351 3085 1405 ad
3116 1351 3309 1406 sedilia
3351 1350 3668 1421 Hierosoly-

2079 1465 2317 1513 morum,
2350 1445 2422 1503 Ut
2469 1451 2599 1500 ante
2630 1443 2988 1516 puriﬁcarent
3019 1456 3223 1512 corpus
3247 1440 3448 1497 divinis
3480 1442 3672 1512 puriti-

2079 1540 2412 1604 cationibus,
2442 1538 2769 1608 Priusquam
2797 1533 3029 1590 celebris
3053 1540 3342 1603 appareret
3369 1531 3487 1587 dies
3516 1532 3665 1588 festi.

2079 1632 2149 1689 56
2183 1633 2252 1686 Et
2302 1630 2458 1686 multi
2498 1627 2816 1701 quaerebant
2876 1623 3104 1681 odorato
3135 1622 3192 1677 in
3238 1623 3444 1693 templo
3478 1620 3665 1678 Jesum

2080 1724 2392 1790 absentem,
2423 1721 2827 1790 diviniloquum
2856 1734 2874 1784 ;
2909 1724 3128 1774 stantes
3149 1730 3282 1771 vero
3315 1714 3462 1770 luter
3490 1730 3550 1771 se
3580 1716 3667 1769 lo-

2079 1816 2409 1886 quebantur.
2448 1812 2594 1867 Dixit
2649 1819 2833 1864 autem
2888 1807 3125 1878 populus
3156 1824 3172 1862 :
3202 1804 3373 1863 Vobis
3410 1806 3667 1862 conside-

2077 1905 2328 1961 rantibus
2366 1905 2500 1975 quid
2530 1904 2770 1968 videtur,
2819 1900 2967 1972 quod
3020 1898 3260 1956 transire
3311 1896 3431 1953 Non
3484 1905 3666 1967 potest

2004 1995 2046 2049 B
2076 1996 2243 2052 homo
2264 1996 2352 2050 hic
2377 1996 2445 2050 ad
2481 2011 2669 2050 recens
2703 1993 3038 2050 celebratum
3063 1989 3381 2047 festum?57
3418 1990 3483 2044 Et
3514 1989 3666 2044 habi-

2074 2089 2345 2144 latoribus
2370 2094 2744 2158 praeceperunt
2770 2085 3034 2143 increduli
3062 2084 3369 2156 pontiﬁces,
3401 2081 3465 2135 Et
3488 2090 3664 2137 cmtus

2074 2187 2333 2243 versutus
2364 2178 2727 2248 superborum
2758 2176 3188 2241 Pharisaeorum,
3224 2172 3293 2229 Ut
3324 2175 3503 2244 ipsum
3538 2174 3663 2242 qui--

2073 2284 2292 2340 cunque
2341 2269 2540 2325 viderit
2569 2284 2667 2340 per
2704 2268 2985 2325 civitatem
3006 2308 3022 2334 ,
3054 2266 3138 2322 vel
3186 2265 3443 2330 audierit,
3475 2263 3660 2318 Multi-

2073 2362 2250 2420 tudiui
2286 2359 2492 2415 indicet
2538 2360 2858 2415 dolosorum
2897 2358 3325 2421 Pharisaeorum,
3365 2356 3435 2412 Ut
3480 2357 3660 2426 ipsum

2072 2451 2295 2510 hostilis
2324 2458 2501 2507 coetus
2526 2449 2822 2506 interﬁciat
2848 2449 3095 2520 capiens.

2695 2558 2854 2617 CAP.
2905 2558 3025 2614 XII.

2144 2676 2171 2730 1
2206 2673 2470 2747 Regionis
2500 2681 2685 2729 autem
2724 2673 2919 2744 amplae
2948 2671 3223 2728 desertam
3252 2678 3457 2727 terram
3490 2672 3659 2725 relin-

2072 2786 2248 2843 quens
2276 2769 2438 2827 Iesus
2485 2768 3083 2839 incomprehensibilis,
3118 2775 3446 2823 consuetum
3487 2767 3659 2822 subiit

2072 2867 2401 2933 castellum;
2431 2866 2611 2922 Subiit
2650 2864 2996 2933 Bethaniam,
3033 2864 3125 2920 ubi
3176 2862 3445 2919 Lazarum
3492 2879 3660 2935 prope

2071 2966 2346 3020 tumulum
2390 2962 2470 3018 Ex
2502 2961 2735 3018 mortuis
2783 2960 3096 3026 suscitavit,
3125 2958 3364 3018 fundens
3415 2962 3656 3015 animam

2072 3061 2379 3117 mittentem
2406 3073 2638 3125 sonum;
2670 3055 2851 3112 Subiit
2872 3055 3217 3123 Bethaniam,
3237 3056 3457 3125 quando
3488 3056 3656 3111 vicini

2070 3155 2346 3211 habebant
2383 3153 2507 3209 festi
2537 3153 2647 3209 Sex
2683 3153 2867 3207 adhuc
2898 3151 3018 3207 dies
3047 3151 3194 3206 solos
3219 3152 3446 3207 relictos
3482 3152 3651 3208 horae.

1991 3269 2036 3330 ε
2066 3252 2103 3307 2
2129 3250 2195 3306 Et
2216 3251 2268 3306 ei
2296 3250 2609 3307 convivium
2631 3248 2979 3305 instruebant
3003 3264 3019 3314 ;
3049 3247 3227 3303 amico
3252 3254 3436 3302 autem
3469 3249 3655 3303 animo

2070 3346 2286 3403 Ilartha
2340 3343 2874 3403 administrationem
2909 3342 3130 3415 Capacis
3167 3342 3399 3397 habebat
3426 3359 3650 3399 mensae.

2070 3443 2228 3501 Unus
2258 3450 2440 3498 autem
2471 3450 2591 3499 erat
2625 3442 3003 3497 convictorum
3035 3447 3090 3497 et
3135 3439 3377 3496 Lazarus
3399 3480 3413 3505 ,
3456 3441 3653 3497 similis
3738 3450 3743 3463 ί

2069 3540 2285 3596 somnio
2310 3538 2580 3595 Omnibus
2608 3537 2948 3608 apparens.5
2981 3534 3149 3591 Maria
3178 3544 3358 3591 autem
3382 3540 3648 3609 unguenti

2075 3634 2370 3707 fragrantis
2408 3648 2634 3691 sumens
2665 3632 2871 3688 Pistica
2918 3641 3027 3688 tres
3059 3646 3350 3687 mensuras
3382 3632 3649 3687 nominati

2074 3746 2104 3784 a
2144 3731 2337 3797 nardo,
2378 3729 2746 3786 Harmoreum
2778 3729 3035 3800 portabat
3082 3729 3346 3800 repletum
3374 3744 3473 3785 vas
3500 3744 3647 3793 rore.

2074 3825 2456 3882 Pulchricoma
2490 3825 2661 3881 Maria
2692 3845 2707 3883 :
2741 3833 2796 3881 et
2839 3824 3184 3882 convivantis
3228 3824 3391 3896 Regis
3427 3824 3651 3883 Divinos

2074 3924 2229 3978 unxit
2256 3930 2536 3994 unguento
2551 3922 2739 3993 pedes.
2763 3920 3003 3979 Extensa
3018 3929 3199 3976 autem
3220 3919 3511 3977 Humorem
3530 3923 3652 3992 pin-

2071 4033 2230 4088 guem
2260 4016 2520 4073 abstersit
2547 4017 2700 4072 molli
2722 4016 2942 4086 capillo.
2960 4014 3164 4070 Natans
3189 4024 3371 4070 autem
3406 4017 3652 4087 implevit

2066 4121 2236 4168 totam
2264 4112 2487 4169 domum
2518 4112 2740 4168 divinus
2769 4110 3062 4166 odor.4Et
3080 4110 3266 4165 invido
3296 4126 3392 4166 ore
3410 4111 3651 4166 nectidu-

2065 4208 2155 4264 lus
2172 4207 2515 4278 dixitJudas,
2534 4208 2638 4275 Qui
2658 4207 2891 4279 impuris
2908 4208 3086 4279 ipsum
3108 4204 3441 4262 eratJudazis
3460 4207 3643 4276 prodi-

2068 4315 2257 4362 turus:
2285 4305 2319 4362 5
2342 4304 2455 4362 Cur
2472 4305 2737 4361 trecentis
2757 4319 2867 4359 non
2894 4303 3171 4367 venditur,
3190 4303 3273 4356 vel
3290 4302 3473 4373 aliqua
3497 4317 3646 4355 Incu-

2068 4418 2199 4459 sura
2238 4401 2444 4473 Majore
2478 4400 2831 4458 denariorum
2871 4400 2976 4456 hoc
3008 4408 3369 4471 unguentum,
3401 4408 3462 4455 ut
3485 4398 3645 4455 detur

1583 4556 1869 4615 TEXTUS
1906 4553 2438 4613 EVANGELISTAS.

455 4669 525 4724 54
564 4670 770 4741 Ἰησοῦς
804 4666 898 4726 οὖν
949 4673 1049 4727 ούκ
1105 4674 1185 4729 ἔτι
1217 4676 1500 4748 παρρησίᾳ
1534 4675 1854 4749 περιεπάτει
1899 4676 1956 4729 ὲν
1992 4679 2037 4735 D

382 4756 497 4818 τοῖς
539 4755 833 4820 Ἰουδαίοις,
858 4756 994 4810 ἀλλὰ
1028 4757 1270 4828 ἀπῆλθεν
1297 4762 1508 4815 ἐκεῖθεν
1545 4762 1625 4825 εἰς
1649 4760 1748 4832 τὴν
1774 4759 1961 4831 χώραν

384 4840 552 4908 ἔγγὺς
596 4840 694 4911 τῆς
759 4840 989 4911 ἐρήμου,
1024 4844 1104 4905 είς
1154 4843 1393 4915 Ἐφραῒμ
1441 4844 1740 4916 λεγομένην
1774 4843 1957 4898 πόλινο

382 4924 546 4976 κὰκεῖ
574 4922 808 4994 διέτριϐε
838 4923 977 4992 μετά
1001 4923 1112 4978 τῶν
1136 4925 1393 4996 μαθητῶν
1415 4927 1602 4982 αὑτοῦ.

454 5007 525 5062 55
549 5003 659 5062 Ἦν
687 5009 744 5063 δὲ
768 5010 935 5080 ἐγγὺς
963 5010 1024 5063 τὸ
1056 5011 1249 5080 Πάσχα
1273 5010 1381 5063 τῶν
1395 5011 1695 5065 Ἰουδαίων·
1724 5012 1819 5065 καὶ
1863 5011 1958 5065 ἀν·-

380 5090 584 5164 έϐησαν
610 5092 794 5147 πολλοὶ
824 5096 904 5156 είς
939 5093 1287 5165 Ἰεροσόλυμα
1320 5096 1386 5148 ὲκ
1409 5097 1509 5167 τῆς
1538 5098 1721 5167 χώρας
1744 5096 1852 5168 πρὸ
1865 5094 1959 5150 τοῦ

382 5176 596 5246 Πάσχα.
625 5177 712 5230 ἵνα
749 5179 1046 5246 ἁγνίσωσιν
1076 5178 1323 5243 ἑαυτούς.

439 5259 509 5313 56
550 5260 806 5330 Ἐζήτουν
834 5256 927 5314 οὖν
954 5262 1047 5315 τὸν
1080 5262 1309 5333 Ἰησοῦν,
1338 5263 1433 5316 καὶ
1461 5263 1646 5332 ἔλεγον
1665 5263 1782 5335 μετ’
1805 5261 1961 5334 ἀλλή-

379 5340 488 5394 λων
507 5342 565 5395 ὲν
589 5343 666 5415 τῷ
696 5345 827 5415 ἱερῷ
859 5345 1181 5416 έστηκότες’
1211 5347 1275 5400 Τί
1314 5347 1462 5401 δοκεῖ
1487 5348 1636 5419 ὑμῖν,
1674 5350 1757 5403 ὅτι
1787 5348 1848 5402 ού
1881 5347 1958 5419 μὴ

378 5422 512 5498 ἔλθῃ
540 5426 618 5489 είς
649 5426 747 5497 τὴν
774 5429 966 5499 ἑορτήν
990 5444 1007 5495 ;

456 5509 523 5566 57
556 5512 891 5571 Δεδώκεισαν
941 5513 999 5567 δὲ
1054 5513 1147 5568 καὶ
1179 5516 1227 5569 οἱ
1271 5514 1548 5586 ἀρχιερεῖς
1580 5514 1673 5572 καὶ
1710 5515 1760 5568 οἱ
1788 5516 1956 5587 Φαρι-

381 5597 523 5649 «ciet
580 5596 819 5668 ἐντολὴν,
862 5599 947 5651 ἵνα
975 5596 1070 5651 έὰν
1115 5616 1200 5665 τις
1251 5600 1362 5671 γνῴ
1417 5599 1521 5653 ποῦ
1551 5599 1688 5669 ἔστι,
1714 5600 1956 5674 μηνύσῃ,

375 5677 524 5745 ὅπως
561 5680 828 5736 πιάσωσιν
857 5681 1038 5738 αὐτόν.

2139 4757 2164 4811 1
2216 4756 2277 4811 '0.
2298 4748 2393 4810 οὖν
2427 4752 2633 4825 Ἰησοῦς
2659 4751 2767 4822 πρὸ
2796 4751 2856 4816 ἒξ
2882 4750 3111 4824 ἡμερῶν
3138 4750 3233 4806 τοῦ
3263 4752 3456 4823 Πάσχα
3485 4749 3649 4825 ἦλθεν

2066 4842 2146 4904 είς
2176 4838 2469 4911 Βηθανίαν,
2493 4839 2626 4894 ὅπου
2658 4832 2727 4907 ἦν
2748 4837 2997 4908 Λάζαρος
3031 4836 3061 4889 ὀ
3084 4835 3384 4908 τεθνηκὼς,
3413 4836 3646 4906 ὃνῆγει-

2069 4938 2161 4993 ρεν
2190 4924 2256 4976 ὲκ
2279 4919 2510 4992 νεκρῶν.

2136 5005 2173 5060 2
2222 5004 2518 5074 Ἐποίησαν
2550 4995 2645 5055 οὖν
2670 4999 2821 5072 αὐτῷ
2859 4999 3071 5063 δεῖπνον
3096 5000 3233 5063 ἐκεῖ,
3262 4999 3356 5052 καὶ
3390 5001 3645 5073 ὴΜὰρΟα

2064 5088 2305 5161 διηκόνει
2327 5105 2341 5119 °
2386 5089 2414 5141 ό
2460 5084 2517 5140 δὲ
2568 5085 2818 5155 Λάζαρος
2848 5079 2928 5147 εἷς
2946 5078 3013 5155 ἦν
3036 5080 3147 5136 τῶν
3174 5086 3644 5155 συνανακειμένων

2066 5169 2236 5243 αὐτῷ.

2137 5256 2173 5310 '5
2209 5255 2275 5309 Ἦ
2293 5249 2387 5317 οὖν
2411 5252 2615 5325 Μαρία,
2650 5249 2892 5306 λαϐοῦσα
2915 5249 3104 5320 λίτραν
3135 5247 3310 5321 μύρου
3336 5248 3529 5319 νάρδου
3554 5266 3641 5302 πι-

2067 5338 2261 5407 στικῆς
2292 5336 2611 5407 πολυτίμου,
2630 5334 2820 5406 ἧλειψε
2848 5335 2975 5400 τοὺς
2999 5333 3168 5396 πόδας
3199 5332 3294 5385 τοῦ
3330 5332 3522 5403 Ἰησοῦ,
3550 5336 3643 5388 καὶ

2064 5421 2296 5493 ὲξέμαξε
2334 5421 2454 5482 ταῖς
2502 5419 2678 5491 θριξὶν
2718 5418 2888 5490 αὐτῆς
2931 5419 3059 5480 τοὺς
3102 5414 3268 5477 πόδας
3296 5414 3493 5468 αὐτοῦ’
3525 5417 3557 5486 ἡ
3585 5416 3640 5469 δὲ

2063 5505 2210 5559 οίκία
2243 5501 2536 5575 ἐπληρώθη
2571 5504 2636 5555 ἐκ
2661 5501 2763 5572 τῆς
2797 5500 2972 5571 ὀσμῆς
2994 5498 3088 5553 τοῦ
3119 5496 3313 5569 μύρου.

2135 5588 2169 5642 4
2194 5586 2357 5655 Λέγει
2407 5580 2503 5639 οὖν
2548 5580 2629 5649 εἷς
2673 5585 2738 5638 ὲκ
2786 5584 2895 5637 τῶν
2924 5582 3183 5655 μαθητῶν
3217 5579 3402 5643 αὑτοῦ,
3440 5580 3640 5644 Ἰούδας

2064 5671 2308 5741 Σίμωνος
2348 5669 2722 5739 Ἰσκαριώτης,
2752 5670 2781 5721 ὁ
2823 5666 3031 5737 μέλλων
3063 5663 3225 5717 αὐτὸν
3258 5661 3635 5734 παραδιδόναι·

2138 5754 2172 5808 5
2194 5750 2344 5805 Διατί
2369 5751 2524 5805 τοῦτο
2554 5752 2616 5805 τὸ
2650 5751 2933 5824 μύρονούκ
2965 5747 3178 5820 ἐπράθη
3204 5744 3528 5818 τριακοσίων
3549 5746 3640 5817 δην

2068 5836 2288 5912 ναρίων,
2320 5834 2413 5891 καὶ
2452 5835 2609 5901 ἐδόθη
2650 5835 2917 5901 πτωχοῖς,
3308 5828 3313 5834 ’
