3982 6454
1650 389 1860 447 ΝοΝΝι
1894 384 2400 443 PANOPOLITANI

3584 379 3677 435 852

399 508 563 580 ιω
574 508 909 580 Pauperibus
932 508 1326 580 indigentibus,
1343 516 1396 567 et
1416 523 1527 565 non
1549 509 1799 580 vertigini
1814 507 1982 579 pulve

2108 504 2263 574 137
2281 504 2519 573 Πτωχοῖς
2530 500 2883 572 δευομένοισι,
2903 498 2997 553 καὶ
3010 497 3070 551 ού
3093 496 3467 571 στροφάλιγγι
3489 497 3675 569 κονίης;

395 598 512 654 ris?
543 599 577 654 6
610 599 720 658 lloc
740 616 870 658 vero
899 600 990 656 ille
1003 601 1146 657 dixit
1165 602 1491 667 nectidolus,
1514 616 1622 656 non
1638 600 1784 671 quod
1817 599 1994 654 homi-

396 708 528 748 num
559 693 867 764 Panperum
891 709 1079 750 curam
1105 694 1353 759 haberet,
1391 694 1621 750 immitis
1645 710 1661 757 ;
1693 691 1789 748 sed
1812 693 1991 747 solum

398 782 547 853 quod
582 780 695 839 Fur
722 792 878 849 erat,
909 800 940 839 a
972 784 1413 854 possessionibus
1457 790 1788 852 superatus:
1822 780 1993 836 babe-

400 877 494 932 bat
531 884 712 931 autem
755 878 1093 947 marsupium
1125 876 1184 931 In
1220 889 1331 945 quo
1366 875 1599 945 pecunia
1642 872 1897 942 iacebat;
1935 879 1992 927 et

397 980 742 1034 quacunque
784 968 1037 1034 volebat;
1057 966 1237 1021 loculo
1276 964 1394 1035 Ipse
1422 964 1619 1021 extulit
1650 971 1836 1021 custos
1870 976 1991 1017 ma-

398 1057 507 1114 lus.
547 1058 578 1111 7
606 1057 716 1112 Sed
752 1057 930 1128 ipsum
972 1071 1226 1113 sermone
1256 1054 1417 1112 Jesus
1455 1055 1742 1126 repressit,
1782 1068 1992 1125 suoque

396 1148 537 1202 dixit
561 1149 850 1204 homicidae
873 1167 890 1205 :
916 1148 1150 1203 Feminae
1182 1148 1304 1204 sine
1332 1146 1537 1202 donum
1579 1146 1895 1217 inculpatae,
1928 1153 1987 1201 ut

396 1247 577 1294 servet
604 1239 867 1310 Corporis
895 1240 1071 1295 nostri
1114 1240 1517 1294 monimentum
1538 1277 1557 1300 ,
1587 1238 1764 1293 donec
1808 1236 1991 1294 veniat

394 1328 638 1385 Lethalis
666 1338 869 1386 nostra:
894 1331 1192 1400 sepultura:
1219 1329 1443 1386 funesta
1475 1329 1628 1386 hora.
1656 1329 1690 1386 8
1715 1328 1991 1400 Pauperes

393 1422 539 1475 enim
569 1421 770 1477 adsunt
791 1422 990 1476 inﬁniti
1019 1438 1237 1493 semper
1262 1422 1501 1497 prompti
1536 1421 1710 1478 Vobis
1738 1437 1990 1492 quaeren-

399 1515 571 1581 titzus;
603 1517 818 1570 incitati
852 1524 1033 1572 autem
1064 1516 1132 1572 ad
1167 1532 1255 1573 me
1287 1516 1580 1573 videndum
1609 1514 1730 1572 Non
1770 1530 1986 1586 semper

390 1620 718 1680 praesentem
750 1612 1199 1683 deprehendetis.
1231 1613 1264 1668 9
1283 1613 1555 1668 Credulus
1586 1620 1767 1668 autem
1801 1610 1989 1682 Popu-

389 1708 480 1763 lus
510 1707 825 1763 Judmornm
867 1710 988 1765 urbi
1022 1710 1237 1765 vicinus
1271 1709 1479 1763 audivit
1511 1708 1711 1762 famam
1741 1706 1988 1763 Auribus

388 1804 669 1872 voluptate
700 1803 929 1866 allectis,
954 1807 1102 1875 quod
1130 1819 1388 1860 reversus
1422 1804 1660 1859 venisset
1692 1801 1856 1858 Iesus
1890 1802 1979 1856 Div

390 1896 581 1951 vinum
630 1898 919 1968 vestigium
964 1900 1173 1955 habens
1217 1899 1565 1969 peregrinum
1612 1898 1665 1951 in
1722 1905 1989 1952 consueto

391 1992 641 2055 castello,
666 1992 891 2048 Marthae
916 1993 1007 2049 ubi
1030 1995 1248 2058 domus,
1272 2005 1324 2048 et
1346 1995 1592 2048 cucurrit
1610 2002 1787 2049 castus
1810 1993 1988 2048 viator

389 2083 664 2153 lnﬁnitus,
697 2089 919 2144 aliunde
954 2090 1095 2144 alius
1123 2104 1330 2153 eomes,
1364 2104 1475 2142 non
1509 2096 1565 2143 ut
1589 2088 1765 2142 solum
1791 2086 1989 2144 Iesum

388 2181 601 2236 videret
642 2184 807 2237 vitam
849 2193 1183 2247 servantem,
1224 2184 1323 2239 sed
1359 2194 1413 2239 et
1447 2185 1624 2250 ipsum
1675 2182 1941 2237 Lazarum
1969 2223 1984 2250 ,

389 2292 551 2347 quem
599 2277 852 2334 reducem
906 2281 1251 2336 exsuscitans
1296 2295 1361 2335 ex
1416 2280 1649 2336 mortuis
1693 2278 1981 2335 Viventem

389 2375 675 2441 animavit,
710 2374 944 2430 fundens
979 2377 1344 2431 viviﬁcantem
1373 2391 1589 2431 sonum.
1626 2376 1693 2430 10
1717 2375 1781 2429 Et
1813 2376 1984 2431 invidi

388 2469 690 2539 cupiebant
749 2470 1096 2541 impudentes
1157 2472 1485 2542 pontifices,
1537 2472 1600 2525 Et
1656 2472 1985 2528 furibundus

386 2561 791 2619 Pharisaeorum
822 2573 971 2623 totus
995 2578 1193 2633 cattus,
1230 2578 1291 2623 ut
1321 2580 1373 2625 et
1403 2571 1581 2641 ipsum
1615 2568 1884 2623 Lazarum
1917 2569 1985 2623 ad

390 2660 757 2727 caliginosum
786 2676 1007 2717 rursum
1032 2664 1673 2729 mitterent'baralbrum,
1700 2663 1980 2719 Reducem

388 2771 457 2809 ex
488 2757 724 2810 mortuis
778 2757 949 2812 altero
979 2758 1374 2815 interlicientes
1403 2760 1593 2824 exitio,
1628 2759 1855 2815 Hortem
1884 2762 1983 2815 ad-

388 2851 499 2906 huc
544 2851 842 2921 spirantem
890 2853 1150 2922 priorem,
1200 2863 1258 2908 ut
1296 2857 1421 2925 quis
1469 2857 1677 2911 diceret
1706 2855 1985 2912 :Lazarus

389 2955 623 3002 mortem
662 2948 857 3013 evasit,
893 2957 948 3003 et
991 2964 1103 3004 non
1140 2950 1329 3021 ell‘ngit
1378 2952 1682 3022 pontiﬁces.
1729 2954 1790 3007 11
1826 2951 1986 3007 Hunc

390 3042 1038 3114 interlicerecogitabant
1064 3045 1360 3111 insontem,
1385 3050 1529 3117 quod
1554 3055 1780 3118 propter
1802 3048 1980 3119 ipsum

388 3137 631 3208 Pepulus
656 3137 971 3194 Iudaeorum
1002 3142 1234 3198 tendens
1265 3142 1333 3197 ad
1357 3144 1557 3197 mania
1580 3145 1814 3209 castelli,
1846 3143 1980 3200 lilio

390 3231 486 3288 Dei
513 3233 795 3302 credebat,
819 3237 1021 3291 malum
1048 3237 1341 3308 depellenti
1368 3238 1522 3308 Regi.
1546 3239 1615 3293 12
1640 3237 1741 3297 Per
1766 3254 1980 3295 sunnna

392 3333 574 3385 nitens
612 3341 794 3387 autem
853 3349 979 3389 cum
1029 3345 1243 3399 noctem
1297 3338 1644 3393 tenebrosam
1698 3340 1981 3396 divisisset

392 3438 614 3487 aurora,
645 3424 888 3497 Populus
926 3429 1023 3499 qui
1056 3430 1224 3485 vicini
1260 3434 1495 3488 accessit
1526 3434 1791 3489 solemnia
1833 3434 1980 3502 festi,

391 3513 615 3572 Famam
639 3521 870 3576 audiens
901 3522 1048 3592 quod
1078 3524 1266 3580 divino
1301 3542 1333 3580 e
1362 3528 1589 3582 castello
1610 3526 1773 3583 Jesus
1799 3529 1869 3583 ad
1892 3545 1984 3584 so-

392 3611 506 3665 lum
520 3623 782 3671 venturus
802 3626 948 3671 esset
966 3617 1490 3691 Hierosolymorum,
1522 3623 1681 3693 138
1708 3622 1867 3679 Venit
1883 3641 1980 3681 oc-

392 3722 654 3776 currens;
691 3712 755 3765 I5
787 3712 854 3767 ab
886 3714 1179 3771 arboribus
1201 3718 1417 3772 consito
1436 3728 1618 3773 autem
1643 3721 1802 3776 horto
1819 3722 1980 3777 Sum-

393 3803 659 3860 micomas
691 3807 899 3874 palmas
936 3810 1160 3864 nudavit
1191 3814 1507 3883 corymbis;
1548 3816 1613 3869 Et
1651 3817 1854 3875 virides
1894 3836 1982 3874 ra-

393 3912 516 3954 mos
556 3899 607 3954 in
641 3915 823 3958 aerem
853 3906 1087 3976 populus
1114 3909 1517 3981 circumagens,
1551 3915 1695 3976 Bene
1723 3930 1982 3987 precante

390 4010 492 4051 ore
542 3998 831 4070 clangebat
881 4017 1177 4059 consonam
1224 4022 1413 4061 vocem
1452 4011 1979 4073 :Celebrationibus

394 4089 507 4147 Rex
537 4092 704 4151 Israel
733 4098 985 4155 laudatus
1011 4101 1104 4167 sit,
1136 4101 1465 4163 Immortalis
1500 4109 1553 4162 in
1577 4112 1798 4167 nomine
1828 4116 1979 4183 prin-

391 4190 532 4259 cipis
562 4194 809 4249 veniens.
849 4195 917 4250 M
950 4195 1016 4250 Et
1043 4200 1274 4253 multum
1300 4200 1428 4257 hinc
1462 4211 1518 4259 et
1548 4206 1675 4263 hinc
1706 4210 1979 4266 ramiferm

392 4286 493 4341 \iae
530 4286 807 4359 Duplicem
838 4292 1121 4349 ductorem
1156 4296 1366 4354 habens
1389 4310 1444 4355 et
1474 4306 1831 4371 posteriorem
1864 4322 1979 4362 οω-

393 4390 509 4435 tum
553 4384 817 4442 viatorem
865 4389 1050 4454 .Iesus,
1098 4392 1379 4449 ferebatur
1412 4398 1651 4452 medium
1684 4400 1977 4461 dimetiens

2095 599 2127 651 6
2161 596 2332 650 Τοῦτο
2356 596 2404 649 δ’
2441 598 2647 658 ἐκεῖνος
2682 593 2829 658 ἔλεξε
2861 591 3216 655 δολοπλόκος,
3247 590 3353 661 οὐχ
3380 590 3462 643 ὅτι
3499 592 3674 659 φωτῶν

2106 688 2411 741 Ἀκτεάνων
2438 684 2689 755 ἀλέγιζεν
2716 684 3020 755 ἀμείλιχος,
3056 682 3178 736 ἀλλ’
3205 682 3293 735 ὅτι
3320 680 3514 751 μοῦνον

2093 778 2350 853 κλέπτης
2369 773 2459 850 ἦν,
2485 777 2727 831 κτεάνων
2760 775 3057 845 νικώμενος
3085 792 3097 804 ·
3136 768 3257 845 εἶχε
3280 773 3341 826 δὲ
3369 773 3558 843 κίστην

2093 870 2171 940 Τῇ
2197 864 2278 920 ἑνι
2308 868 2510 940 χαλκὸς
2548 868 2727 922 ἔκειτο
2748 885 2762 901 ο
2786 868 2881 921 καὶ
2906 865 3124 921 ὁππόσα
3151 864 3402 936 βούλετο,
3424 863 3570 935 χηλῷ

2091 960 2263 1024 Αὐτὸς
2294 959 2599 1031 ἀνηὲρταζε
2627 958 2799 1028 φύλαξ
2840 958 3030 1022 κακός.
3057 958 3085 1009 7
3124 956 3297 1010 Ἀλλά
3316 958 3345 1009 ἑ
3376 955 3528 1025 μύθῳ

2105 1047 2316 1119 Ἰησοῦς
2347 1047 2633 1118 ἀνέκοψεν,
2658 1047 2733 1119 ἑῷ
2760 1047 2804 1100 δ’
2834 1047 3066 1117 ἀγόρευε
3094 1045 3265 1115 φονῆῖ
3289 1061 3303 1073 ·

2092 1139 2407 1211 Θηλυτέρης
2435 1140 2561 1193 λίπε
2593 1139 2764 1209 δῶρον
2790 1137 3097 1209 ἁμεμφέος,
3122 1136 3277 1207 δφρα
3306 1135 3517 1207 φυλάξῃ

2092 1230 2349 1301 Σὼματος
2381 1230 2652 1301 ἡμετέρου
2679 1229 2980 1302 κειμήλιον,
3002 1229 3220 1283 εἰσόκεν
3248 1228 3384 1300 ἔλθῃ

2088 1322 2296 1387 Φοίνιος
2330 1323 2614 1395 ἡμετέρων
2652 1322 2892 1395 κτερέων
2920 1321 3254 1393 ἐπιτύμϐιος
3287 1320 3432 1393 ὥρη.

2090 1413 2125 1469 8
2152 1414 2368 1484 Πτωχοὶ
2392 1413 2502 1485 γὰρ
2529 1414 2798 1486 παρέασιν
2829 1415 3116 1485 ἀπείρονες
3158 1415 3282 1468 αἰὲν
3324 1414 3531 1485 ἑτοῖμοι

2100 1506 2260 1576 Ὑμῖν
2290 1505 2649 1578 διξομένοισιν
2669 1523 2683 1539 ο
2712 1507 3059 1578 ἐπειγόμενοι
3076 1506 3137 1560 δέ
3165 1522 3241 1576 με
3270 1504 3540 1569 λεύσσειν,

2090 1596 2204 1649 Ούκ
2226 1598 2335 1650 αἰεὶ
2368 1598 2644 1667 παρεόντα
2673 1598 2949 1668 κιχήσετε.
2980 1596 3014 1651 9
3040 1596 3456 1660 Πιστότατοςδὲ

2088 1687 2231 1751 Λαὸς
2264 1687 2530 1741 Ἰουδαίων
2551 1688 2868 1759 ἀγχίπτολις
2897 1687 3058 1741 ἔκλυε
3089 1689 3291 1760 φήμης

2091 1776 2258 1830 Ούασι
2288 1778 2665 1850 τερπομένοις,
2695 1780 2778 1833 ὅτι
2810 1779 3063 1848 νόστιμος
3082 1774 3258 1850 ἦλθεν
3295 1775 3503 1849 Ἰησοῦς

2020 1846 2063 1902 Β
2098 1868 2317 1922 Ἔνθεον
2342 1846 2488 1940 ίχνος
2518 1870 2656 1941 ἔχων
2679 1846 2974 1941 ἐπιδήμιον
2992 1846 3157 1941 ἡθάδι
3188 1846 3377 1942 κώμῃ,

2090 1959 2321 2032 Μάρθης
2344 1961 2546 2015 ὁππόθι
2569 1960 2747 2032 δῶμα,
2773 1961 2869 2015 καὶ
2900 1961 3123 2034 ἔτρεχεν
3154 1962 3331 2033 ἑσμὸς
3356 1962 3529 2032 ὁδίτης

2093 2052 2384 2117 Ἀσπετος,
2406 2050 2626 2107 ἄλλοθεν
2659 2052 2817 2117 ἄλλος
2851 2053 3174 2124 ὁμόστολος,
3214 2053 3317 2125 οὐχ
3363 2054 3450 2108 ενα
3487 2055 3661 2126 μοῦνον

2101 2142 2308 2214 Ἰησοῦν
2331 2144 2561 2199 ἐσίδοιτο
2583 2144 2847 2214 βιοσσόον,
2876 2145 3012 2201 ἀλλά
3035 2147 3135 2201 καὶ
3156 2146 3327 2201 αὐτὸν

2089 2234 2362 2307 Λάζαρον,
2393 2236 2453 2289 ὃν
2484 2236 2807 2308 παλίνορσον
2847 2238 3164 2309 ἀναστήσας
3186 2237 3300 2292 ἀπὸ
3337 2237 3538 2310 νεκρῶν

2092 2327 2371 2395 Ἔμπνοον
2394 2326 2665 2398 ἐψύχωσε,
2692 2328 2829 2399 χέων
2851 2328 3105 2398 φυσίζοον
3142 2328 3291 2401 me.

2089 2417 2157 2471 10
2189 2418 2295 2470 Καὶ
2320 2418 2573 2491 φθονεροὶ
2609 2420 2890 2489 μενέαινον
2915 2420 3169 2486 ἀναιδέες
3194 2422 3501 2495 ἀρχιερῆες,

2087 2508 2198 2562 Καὶ
2243 2510 2485 2581 ζαμενής
2532 2512 2824 2581 Φαρισαῖος
2863 2511 2983 2577 ὅλος
3002 2512 3193 2584 χορὸς,
3221 2514 3368 2586 ὄφρα
3402 2515 3492 2568 καὶ
3512 2512 3652 2568 αὺτδν

2086 2599 2335 2670 Λάζαρον
2369 2601 2651 2671 ἀχλυόεντι
2683 2602 2846 2657 πάλιν
2878 2603 3135 2675 πέμψωσι
3169 2604 3434 2678 βερέθρῳ,

2086 2690 2357 2762 Νόστιμον
2396 2693 2460 2745 ἐκ
2486 2691 2694 2746 νεκύων
2742 2693 2914 2767 ἑτέρῳ
2937 2695 3250 2761 κτείνοντες
3280 2696 3503 2769 ὀλέθρῳ,

2086 2784 2299 2853 Πότμον
2331 2783 2411 2836 ἔτι
2441 2785 2696 2840 πνείοντα
2724 2786 3074 2858 παλαίτερον,
3101 2788 3259 2861 ὄφρα
3286 2806 3369 2853 τις
3405 2788 3527 2861 εἴπῃ
3548 2805 3559 2818 ·

2084 2874 2339 2946 Λάζαρος
2360 2870 2502 2928 οἶτον
2532 2876 2711 2942 ἀλυξε,
2742 2879 2836 2931 καὶ
2863 2878 2924 2931 ού
2947 2878 3117 2948 φύγεν
3147 2880 3475 2953 ἀρχιερῆας.

2086 2966 2145 3019 11
2188 2964 2388 3019 Τοῦτον
2413 2966 2552 3020 ἑλεῖν
2581 2968 2861 3038 μενέαινον
2888 2968 3149 3035 ἀναίτιον,
3193 2972 3308 3024 ὅττι
3327 2971 3393 3025 δι’
3425 2970 3572 3025 αὐτὸν

2085 3057 2227 3120 Λαὸς
2260 3057 2531 3112 Ἰουδαίων
2561 3060 2964 3132 μετανεύμενος
2987 3061 3132 3115 ἐνδια
3154 3059 3377 3135 κώμης,

2011 3176 2055 3236 C
2085 3146 2243 3200 Παιδὶ
2274 3145 2409 3199 Θεοῦ
2436 3148 2711 3213 πίστευον,
2736 3147 3041 3224 ἁλεξιμόρῳ
3063 3151 3323 3223 Βασιλῆῖ.

2087 3237 2155 3290 12
2201 3239 2542 3311 Ἀκροφανής
2570 3240 2614 3293 δ’
2638 3241 2725 3295 ὅτε
2763 3240 2932 3295 νύκτα
2970 3241 3261 3297 λιπόσκιον
3299 3243 3501 3316 ἔσχισεν
3530 3241 3638 3312 ἠὼς,

2082 3328 2222 3391 Aab;
2249 3328 2306 3392 ὃς
2326 3330 2645 3402 ἀγχιπόροιο
2671 3335 2858 3405 μετήῖε
2886 3333 3070 3405 κῶμον
3101 3335 3325 3407 ἑορτῆς,

2080 3420 2272 3491 Φήμης
2305 3422 2602 3485 είσαῖοντες
2633 3424 2714 3476 ὅτι
2746 3422 2945 3497 ζαθέης
2982 3425 3090 3478 ἀπὸ
3121 3428 3325 3498 κώμης

2093 3511 2301 3583 Ἰησοῦς
2325 3515 2381 3575 ἐς
2413 3512 2623 3568 ἔδεθλον
2653 3514 2934 3569 ἐλεύσεται
2971 3516 3362 3590 Ὶροσολύμων,

2086 3602 2483 3673 139Ἱ1λυθον
2509 3606 2829 3670 ἀντιόωντες
2844 3624 2857 3637 ·
2879 3608 2945 3661 15
2984 3610 3396 3682 ἀπέύδένδροιο
3416 3608 3469 3661 δὲ
3487 3607 3635 3680 κήπου

2093 3694 2459 3764 Ἀκροκόμους
2492 3697 2741 3765 φοίνικας
2786 3698 3174 3768 ἐγυμνὼσαντο
3208 3699 3519 3773 κορύμόων·

2082 3783 2192 3834 Καὶ
2230 3782 2483 3854 χλοεροὺς
2511 3786 2764 3857 ὄρπηκας
2796 3789 2853 3851 ἐς
2886 3788 3023 3860 ἠέρα
3061 3789 3188 3855 λαὸς
3217 3792 3461 3855 ἑλίσσων,

2081 3873 2367 3946 Εὐφήμοις
2407 3878 2769 3946 στομάτεσσιν
2801 3880 3068 3949 ἀνέκλαγε
3102 3883 3358 3955 σύνθροον
3382 3879 3491 3953 ἠχώ
3511 3896 3523 3909 ·

2084 3963 2409 4041 Εὑλογίῃσιν
2450 3970 2619 4036 ’Λναξ
2666 3970 2883 4043 Ἰσραὴλ
2915 3975 3127 4039 αίνετὸς
3150 3975 3310 4042 ἔστω,

2093 4060 2385 4114 Ἀθανάτου
2416 4065 2445 4115 ὁ
2482 4065 2540 4117 ἐν
2580 4065 2839 4135 οὐνόματι
2870 4069 3214 4141 κοσμήτορος
3246 4069 3413 4138 ἥκων.

2082 4152 2148 4208 14
2165 4154 2274 4207 Καὶ
2303 4155 2471 4208 πολὺν
2515 4156 2645 4211 ἔνθα
2671 4158 2765 4211 καὶ
2792 4157 2922 4213 ἔνθα
2944 4161 3375 4232 κορυμϐοφόροιο
3402 4152 3627 4211 κελεύθου

2079 4244 2282 4313 Διζυγα
2316 4246 2532 4316 πομπὸν
2560 4247 2696 4318 ἔχων
2731 4248 2825 4302 καὶ
2862 4250 3150 4324 όπίστερον
3179 4252 3341 4324 ἐσμὸν
3364 4250 3531 4318 όδίτην

2092 4335 2321 4403 Ἰησοῦς,
2358 4337 2639 4409 πεφόρητο
2670 4340 2836 4408 μέσον
2864 4342 3231 4415 μετρούμενος
3261 4339 3481 4413 ἀνδρῶν,

2093 4425 2311 4479 ’ἰθύνων
2346 4428 2604 4498 ἀχάλινον
2634 4431 2773 4497 ὄνον,
2807 4432 3105 4504 ταλαεργὸν
3130 4434 3329 4506 όδίτην,

387 4478 658 4544 Vimrum.
684 4481 902 4553 Regens
925 4486 1182 4543 ell‘renem
1213 4492 1450 4555 asinum,
1495 4495 1828 4554 laboriosum
1861 4503 1975 4557 via-

389 4581 561 4597 .--ω
615 4576 859 4597 ο-.-η-
1047 4583 1059 4597 .
1274 4588 1285 4597 .
1525 4593 1580 4597 _.
1642 4593 1725 4597 ,μ

2244 4478 2247 4479 ⁷
2294 4478 2297 4479 ⁷
2351 4478 2595 4498 “Λ’”“⁷“⁷“
2640 4478 2773 4497 ""’
2819 4478 3099 4504 """"l'l"
3131 4478 3265 4503 ’”’⁸”“”η

2091 4516 2379 4586 Ἐζόμενος
2409 4519 2656 4575 νώτοισιν
2682 4523 3002 4596 ἀπειρήτοιο
3041 4525 3265 4597 φορῆος,

389 4581 587 4644 torem,
615 4576 822 4633 Sedens
844 4595 1007 4651 super
1027 4583 1249 4640 dorsum
1274 4588 1539 4658 inexperti
1569 4593 1733 4662 bajnli
1752 4638 1766 4661 ,
1808 4597 1975 4656 Isaias

2095 4605 2324 4670 Ἡσαΐας
2357 4608 2527 4680 τόπερ
2554 4605 2706 4665 εἶπεν
2734 4612 2883 4677 ὅπως
2908 4614 3281 4687 πληρούμενον
3304 4612 3385 4683 εἴη
3405 4628 3420 4643 ’

1594 4746 1681 4802 ΤΕ
1691 4748 1875 4808 XTUS
1927 4754 2462 4821 EVANGELISTXE.

457 4865 491 4920 6
536 4861 672 4919 Εἶπε
704 4864 761 4916 δὲ
804 4863 984 4931 τοῦτο,
1020 4869 1118 4940 οὐχ
1149 4870 1230 4925 ὅτι
1269 4875 1398 4947 περὶ
1428 4873 1538 4931 τῶν
1570 4883 1805 4955 πτωχῶν
1839 4885 1970 4959 ἔμε-

387 4950 478 5042 λεν
517 4948 687 5042 αὐτῷ,
728 4948 954 5042 ἀλλ’
983 4952 1223 5042 κλέπτης
1256 4953 1348 5042 ἦν,
1368 4962 1462 5015 καὶ
1490 4962 1551 5016 τὸ
1583 4948 1971 5042 γλωσσόκομον

386 5029 522 5104 εἶχε,
566 5033 661 5085 καὶ
687 5032 755 5085 τὰ
789 5033 1091 5106 βαλλόμενα
1117 5029 1437 5106 ἐϐάσταζεν.

457 5116 490 5167 7
526 5111 693 5209 Εἶπεν
724 5112 816 5169 οὖν
847 5120 875 5170 ό
914 5120 1150 5209 Ἰησοῦς·
1180 5125 1354 5195 Ἀφες
1377 5127 1548 5201 αὐτήν
1570 5147 1583 5160 ·
1608 5132 1688 5197 είς
1714 5136 1815 5207 τὴν
1838 5138 1971 5209 ήμέ.

388 5214 490 5282 ραν
518 5196 613 5282 τοῦ
644 5199 1015 5271 ἐνταφιασμοῦ
1048 5222 1150 5275 μου
1174 5210 1475 5282 τετήρηκεν
1498 5196 1651 5269 αὑτό.

455 5280 489 5371 ξ
520 5281 659 5371 Τοὺς
693 5283 943 5371 πτωχοὺς
969 5286 1082 5371 γὰρ
1115 5280 1541 5366 πάντοτεήέχετε
1587 5298 1707 5369 μεθ’
1740 5302 1971 5371 ἑαυτῶν,

384 5364 487 5435 ἐμὲ
514 5365 571 5419 δὲ
602 5366 661 5418 οὐ
692 5365 924 5420 πάντοτε
964 5367 1135 5440 ἔχετε.

454 5446 489 5500 9
520 5448 704 5517 Ἔγνω
737 5444 830 5502 οὖν
862 5449 1018 5520 ὄχλος
1040 5454 1206 5518 πολὺς
1234 5456 1297 5510 ἐκ
1319 5459 1427 5514 τῶν
1456 5462 1723 5517 Ἰουδαίων
1745 5465 1825 5519 ὅτι
1858 5468 1975 5521 ἐκεῖ

2154 4896 2213 4950 11
2254 4899 2375 4952 Ὅτι
2405 4900 2591 4976 πολλοὶ
2638 4904 2704 4958 δι’
2758 4906 2922 4962 αὐτὸν
2952 4909 3163 4979 ὑπῆγον
3206 4909 3312 4964 τῶν
3358 4902 3611 4967 Ἰουδαίων,

2079 4979 2171 5032 καὶ
2211 4982 2492 5038 ἐπίστευον
2524 4987 2605 5051 εἰς
2629 4988 2720 5042 τὸν
2760 4990 2987 5061 Ἰησοῦν.

2151 5084 2222 5138 12
2254 5087 2331 5157 Τῇ
2358 5088 2624 5162 ἐπαύριον
2652 5091 2807 5163 ὄχλος
2835 5095 3003 5160 πολὺς
3034 5098 3063 5151 ὁ
3092 5097 3257 5152 ἐλθὼν
3294 5097 3369 5159 είς
3384 5094 3475 5161 τὴν
3504 5090 3607 5157 έορ·

1992 5212 1999 5215 .
2076 5165 2195 5300 ἰὴν,
2238 5169 2574 5236 ἀκούσαντες
2603 5176 2686 5228 ὅτι
2719 5175 2938 5248 ἔρχεται
2965 5181 2995 5232 ό
3056 5180 3260 5253 Ἰησοῦς
3301 5180 3377 5242 εἰς
3415 5168 3608 5245 Ἰεροσὸο

2109 5268 2242 5300 uua.

2109 5268 2243 5320 υμα,

2120 5354 2214 5407 15
2265 5356 2495 5411 Ἐλαὸον
2542 5359 2613 5412 τὰ
2664 5360 2789 5430 βαΐα
2835 5362 2943 5417 τῶν
2979 5366 3252 5435 φοινίκων,
3291 5363 3378 5418 καὶ
3414 5352 3604 5428 ἐξῆλθον

2073 5435 2152 5519 εἰς
2182 5437 2482 5510 ὑπάντησιν
2517 5443 2683 5515 αὐτῷ,
2723 5447 2817 5498 καὶ
2858 5446 3107 5519 ἔκραζον·
3145 5446 3381 5507 Ὡσαννὰ,
3412 5440 3600 5519 εὐλοῖηξ

391 5510 643 5613 ἑστι,καὶ
666 5527 829 5603 ἦλθον
851 5510 1025 5588 ούδιά
1054 5537 1147 5590 τὸν
1182 5510 1388 5609 ίῐησοῦν
1408 5510 1970 5613 eirea-viai
2076 5517 2290 5613 ξένοςέ
2318 5524 2608 5594 ἐρχόμενος
2634 5510 2693 5580 ἐν
2718 5510 2941 5597 ὀνόματί
2967 5510 3193 5603 Κυρίου)
3220 5535 3247 5585 ὁ
3274 5524 3502 5602 βασιλεὺς
3521 5510 3598 5571 τοῦ

386 5608 761 5700 τὺνιΛάΞαρον
795 5614 995 5700 ίδωσιν,
1031 5618 1090 5672 ὃν
1130 5608 1353 5693 ήγειρεν
1392 5608 1455 5679 ἐκ
1488 5608 1719 5700 νεκρῶν.

460 5689 527 5742 10
570 5692 991 5777 Ἰξίὅουλεύσαντο
1020 5701 1078 5756 δὲ
1125 5689 1173 5759 oi
1209 5689 1483 5777 ἀρχιερεῖς
1523 5689 1607 5765 ἵνα
1635 5713 1727 5767 καὶ
1754 5713 1841 5769 τὸν
1869 5715 1970 5769 Λά⁹

382 5764 560 5839 νζαρον
593 5772 984 5836 ἀποκτείνωσιν
1012 5801 1024 5814 ·

2084 5600 2318 5673 Ἰσραήλ.

2142 5704 2209 5755 Μ’
2256 5706 2445 5777 Εὑρὼν
2468 5709 2523 5761 δὲ
2550 5712 2577 5761 ὁ
2613 5712 2817 5781 Ἰησοῦς
2850 5717 3079 5789 ὀνάριον,
3104 5717 3343 5773 ἐκάθισεν
3367 5712 3441 5765 ἐπ’
3464 5695 3589 5759 αὐτὸν

2071 5785 2250 5851 καθώς
2279 5791 2392 5845 ἐστι
2422 5796 2826 5865 γεγραμμένον
