3982 6406
323 388 439 443 353
741 421 751 430 .
1263 378 1754 435 PARAPHRASIS
1789 380 1857 434 1N
1895 380 1917 436 ι

2061 374 2234 431 LNEM.
2271 401 2342 414 —
2365 371 2518 427 CAP.
2562 369 2676 425 XII.
3491 369 3599 426 854

326 509 406 562 is
442 502 694 576 Μητέρος
724 490 984 573 ὺῷιλόφου
1019 500 1280 572 θύγατερ,
1317 502 1391 574 μὴ
1419 497 1626 566 δείδιθι,
1649 492 1809 554 sum»

327 599 480 669 ’Ἤδη
514 595 900 666 ποικιλόδωρος
934 595 1105 661 Ἀναξ
1133 592 1254 657 τεὸς
1287 595 1366 658 είς
1405 593 1465 647 σὲ
1505 595 1757 665 περήσει,

331 687 527 742 Πῶλον
555 686 694 756 ἔχων
722 688 1057 756 ταχύγουνον
1086 683 1422 754 ὀπηδεύοντα
1457 684 1714 756 τεκούσῃ.

329 779 409 832 16
438 777 548 831 Καὶ
577 777 648 830 τὰ
677 775 775 846 μὲν
805 776 865 829 οὐ
888 776 1186 847 τοπρόσθεν
1215 777 1635 848 ὲπεφράσσαντο
1660 775 1922 848 μοιθηταί⁸

348 869 496 924 Ἀλλ’
523 869 614 924 ὅτε
653 867 1074 940 παμμεδέουσαν
1099 869 1196 940 ἑὴν
1219 867 1517 922 άνεδύσατο
1547 868 1761 940 μορφὴν

332 961 576 1034 Χριστὸς
607 960 796 1028 Ἀναξ,
836 959 958 1014 τότε
980 960 1181 1025 πάντες
1203 959 1580 1031 ἀνεμνήσαντο
1609 960 1872 1031 μαθηταὶ,

339 1056 504 1108 ὐττι
529 1056 667 1125 σοφῇ
695 1053 825 1108 τάδε
858 1053 1038 1108 πάντα
1081 1051 1235 1106 πέλει
1272 1052 1662 1125 κεχαραγμένα
1689 1050 1883 1127 βίϐλῳ,

340 1149 460 1204 Καί
491 1149 543 1202 οἱ
563 1147 737 1202 ταῦτα
762 1148 1023 1203 τέλεσσαν
1043 1165 1056 1179 ·
1092 1147 1156 1201 17
1187 1147 1284 1218 ἔην
1305 1147 1352 1201 δ’
1378 1147 1487 1219 ἄρα
1519 1147 1726 1219 μάρτυς
1754 1146 1852 1218 ίωὴ

338 1241 506 1296 Δαῶν
537 1241 878 1311 συμμιγέων,
900 1241 991 1294 ὅτε
1012 1238 1260 1311 Λάζαρον
1293 1239 1471 1293 ἔκτοθι
1503 1238 1710 1310 τύμϐου

355 1331 564 1403 Ἰησοῦς
592 1331 878 1397 ἐκάλεσσε,
904 1333 1220 1402 τεταρταῖον
1243 1329 1300 1384 δὲ
1328 1329 1559 1384 θανόντα

358 1426 456 1479 Ἐκ
475 1422 682 1480 νεκύων
707 1423 918 1494 ήγειρε,
950 1422 1092 1495 χέων
1117 1421 1445 1493 ψυχοστόλον
1467 1419 1603 1491 ἠχώ.

344 1517 419 1573 18
451 1509 526 1572 Οῦ
564 1516 725 1588 χάριν
757 1515 985 1570 ἀντιόων
1011 1513 1178 1577 πολὺς
1207 1513 1397 1585 ἔρρεεν
1422 1515 1591 1584 ἐσμὸς
1620 1513 1822 1586 ὁδίτης,

347 1607 587 1679 Χριστὸν
609 1606 895 1671 ’ἀνευάζων
926 1607 1266 1671 νεκυοσσόον,
1292 1605 1412 1658 υίέα
1443 1605 1628 1659 Δαϐίδ.

350 1700 423 1754 19
469 1693 745 1769 ’Δλλήλοις
768 1695 812 1752 δ’
844 1695 1066 1767 ὀάριζον
1096 1694 1438 1766 ὀμοφραδέες
1457 1695 1769 1764 Φαρισαῖον

361 1793 528 1864 Ἦμῖν
562 1793 716 1845 ποῖον
747 1790 934 1860 ὄνειαρ
965 1788 1180 1853 ἀέξεται
1207 1803 1222 1853 ;
1255 1785 1575 1858 ἀμφιλαφὴς
1602 1785 1713 1856 γὰρ

347 1885 576 1956 Κόσμος
612 1883 732 1948 ὅλος
756 1881 1103 1953 πολύμορφος
1127 1881 1246 1944 ἐνὸς
1275 1878 1599 1934 κατόπισθεν
1629 1877 1824 1942 ὁδεύει,

348 1979 469 2032 Καὶ
494 1977 642 2040 δόλος
679 1975 889 2047 ἡμείων
924 1971 1300 2044 θανατηφόρος
1332 1970 1485 2025 οὐδὲν
1518 1972 1721 2042 ὀνήσει.

349 2070 426 2124 20
451 2069 561 2124 Καί
598 2081 742 2131 τινες
784 2065 1054 2136 Ἐλλήνων
1078 2064 1205 2117 ἕσαν
1235 2063 1450 2135 ἀνέρες,
1481 2062 1532 2116 οἳ
1563 2064 1687 2117 τότε
1717 2061 1902 2117 πολλοὶ

351 2160 665 2230 Θεσπεσίης
695 2158 975 2214 ἀνέϐαινον
1007 2155 1374 2227 ὀπιπευτῆρες
1395 2155 1609 2226 ἑορτῆς.

353 2254 424 2310 21
455 2251 662 2325 Ἰησοῦν
682 2250 727 2304 δ’
755 2250 966 2313 ἀίοντες
999 2246 1320 2318 ἀειδομένης
1347 2247 1458 2301 ἀπὸ
1493 2247 1703 2318 φήμης,

373 2348 680 2420 Ἀγχιμόλῳ
707 2345 1025 2418 προσιόντες
1051 2342 1456 2413 ὲπεφθέγξαντο
1479 2341 1730 2412 Φιλίππῳ
1747 2357 1762 2373 ·

357 2441 594 2514 Χριστὸν
627 2440 755 2494 ίδεῖν
784 2437 1059 2500 ἐθέλοντες
1087 2435 1365 2506 ἱκάνομεν.
1393 2434 1467 2488 22
1504 2429 1908 2504 Ἐσσύμενοςδὲ

367 2533 527 2606 ιω
555 2529 781 2604 Ἀνδρέᾳ
810 2524 931 2583 εἶπε
961 2528 1225 2591 Φίλιππος
1241 2525 1552 2599 ὁμόπτολις·
1579 2524 1816 2597 ἡδυεπὴς
1839 2525 1896 2579 δὲ

376 2625 655 2697 Ἀνδρείας
690 2622 978 2695 ὁμόφοιτος
1009 2620 1389 2692 ὲπειτγομένοιο
1410 2619 1677 2672 Φιλίππου

366 2715 586 2789 Χριστῷ
622 2714 791 2787 μῦθον
819 2712 1018 2776 ἔλεξεν.
1054 2711 1126 2766 25
1160 2709 1331 2775 Ἀναξ
1375 2709 1422 2763 δ’
1449 2708 1708 2780 ἠμείϐετο
1731 2707 1906 2781 μύθῳ·

369 2810 510 2881 Ὠρη
535 2807 633 2862 νῦν
665 2806 822 2878 μόγις
843 2801 1008 2876 ἦλθεν
1039 2803 1128 2857 ὅτε
1157 2802 1342 2873 σχεδὸν
1375 2801 1590 2856 ἵσταται
1619 2802 1772 2875 ἀκμὴ

380 2898 694 2971 Ἀνθρώπου
725 2897 889 2966 σοφὸς
915 2896 1044 2960 Υίὸς
1070 2897 1218 2958 ὅπως
1251 2894 1556 2966 ὑψούμενος
1584 2893 1688 2965 εῖη.

367 2991 440 3045 21
474 2991 701 3062 Μάρτυς
723 2989 1020 3061 ὲτητυμίης
1048 2988 1196 3059 ἀμὴν
1225 2988 1372 3059 ἀμὴν
1391 2987 1549 3056 λόγος
1579 2985 1740 3041 έστω’

372 3084 588 3147 Κόκκος
613 3081 751 3155 ἐπὴν
779 3081 946 3135 σίτοιο
976 3081 1158 3134 πεσὼν
1181 3081 1274 3135 ἐπὶ
1300 3081 1478 3151 διψάδι
1495 3080 1646 3152 γαίῃ,

373 3177 467 3248 Μή
491 3194 544 3230 τι
575 3175 733 3248 θάνῃ,
767 3174 890 3228 τότε
923 3171 1116 3244 μοῦνος
1150 3172 1373 3237 ὲτώσιος
1400 3173 1584 3226 αὐτόθι
1609 3173 1816 3244 μίμνει,

378 3269 674 3337 ’Δσπορος,
713 3265 1026 3335 ἁχρήῐστος,
1051 3263 1335 3333 ἀνήροτος,
1372 3261 1620 3333 ἄμμορος
1645 3262 1848 3334 ἄρπης’

379 3358 482 3409 Ἢν
503 3355 560 3408 δὲ
579 3354 734 3425 θάνῃ.
774 3352 1030 3423 ζείδωρον
1059 3349 1286 3418 ἀφειδὲα
1320 3349 1531 3420 καρπὸν
1557 3347 1725 3414 ἀέξει.

378 3447 450 3501 25
486 3445 678 3516 Ψυχὴν
707 3444 752 3497 δ’
776 3443 835 3507 ὃς
857 3442 1030 3512 φιλέει
1063 3439 1377 3512 μινυὼριον,
1407 3435 1561 3503 οὗτος
1587 3439 1816 3502 ὀλέσσει,

380 3537 676 3608 Τερψινόου
709 3534 956 3606 μεθέπων
985 3532 1282 3603 ἀπατήλιον
1310 3531 1500 3585 ἐλπίδα
1530 3531 1756 3599 κόσμου.

379 3627 577 3699 ιινύχὴν
601 3626 646 3680 δ’
672 3625 732 3689 ὃς
761 3623 998 3692 στυγέει,
1031 3624 1417 3694 πανακήρατον
1461 3621 1696 3692 ἔμπεδον
1730 3621 1896 3691 αὐτὴν

384 3720 480 3780 Εἰς
517 3715 700 3788 βιοτὴν
724 3715 918 3776 αἰῶνος
945 3712 1252 3783 ἁλωφήτοιο
1272 3711 1555 3782 φυλάσσει.

384 3808 458 3865 26
486 3794 679 3870 Ὅστις
708 3806 833 3877 ἐμοὶ
857 3804 1096 3859 πείθοιτο
1130 3803 1416 3876 διάκτορον
1447 3803 1606 3873 ἔργον
1633 3801 1895 3872 ὑφαίνων,

387 3898 591 3952 Τοῦτον
610 3896 742 3968 ὲμός
770 3895 1002 3967 Γενέτης
1026 3895 1152 3965 ύψίθ
1161 3912 1313 3968 ρονος
1332 3891 1440 3947 οἶδε
1459 3893 1759 3965 γεραίρεινο

390 3994 582 4056 Ὅστις
605 3990 982 4063 ὑποδρήσειεν,
1012 3989 1165 4060 ἐμοῖς
1201 3988 1449 4057 θεσμοῖσι
1483 3985 1740 4056 πιθήσας,

392 4077 564 4148 οὗτος
590 4083 956 4155 ὁμαρτήσειεν
981 4081 1106 4152 ἐμοὶ
1127 4081 1222 4134 καὶ
1243 4079 1533 4150 ὁμόστολος
1552 4077 1726 4142 ἔσται,

398 4177 585 4246 ὀφρα
625 4173 776 4245 μένοι
806 4174 924 4244 μετ’
953 4173 1106 4244 ἐμεῖο
1128 4171 1411 4241 διάκτορος
1431 4167 1632 4223 ὁππόθι
1665 4169 1866 4239 μίμνω·

1947 503 1992 561 Α
2019 495 2167 568 quod
2199 493 2338 548 dixit
2367 500 2428 546 ut
2469 490 2824 560 impleretur:
2852 487 2920 542 15
2957 487 3144 542 Matris
3172 485 3420 542 sublimis
3467 483 3596 552 filia,

2021 603 2091 646 ne
2119 590 2334 651 timeas,
2362 584 2526 649 Sion;
2558 581 2675 636 Jam
2699 582 2850 636 varia
2878 581 3020 636 dona
3053 579 3300 650 praebens
3330 576 3443 634 Rex
3471 586 3602 634 tuus

2022 679 2089 734 ad
2124 684 2178 732 te
2211 674 2490 741 transibit,
2525 671 2740 726 Pullnm
2785 669 2994 724 habens
3037 669 3277 724 velocem
3309 667 3604 736 insequen-

2022 779 2133 827 tem
2155 777 2407 824 matrem.
2440 765 2508 819 16
2547 763 2614 818 Et
2643 762 2758 818 haec
2792 760 3016 832 quidem
3053 774 3164 814 non
3199 767 3326 814 ante
3352 759 3606 814 considca

2025 892 2223 943 rarunt
2269 879 2567 954 discipuli:
2598 877 2706 935 Sed
2757 875 2976 948 quando
3025 875 3268 934 omnium
3319 876 3606 930 rectricem

2025 1000 2181 1045 suam
2209 985 2406 1039 iterum
2433 977 2735 1048 assumpsit
2771 974 3001 1030 formam
3025 973 3278 1030 Christus
3311 971 3449 1038 Rex,
3481 983 3612 1025 tunc

2025 1097 2218 1141 omnes
2254 1075 2527 1136 recordati
2575 1079 2704 1131 sunt
2730 1071 2988 1143 discipuli
3035 1069 3193 1137 Quod
3236 1069 3468 1141 sapienti
3496 1067 3612 1122 haec

2028 1180 2212 1237 omnia
2260 1184 2445 1233 essent
2487 1173 2702 1245 signata
2741 1169 2903 1248 libro,
2951 1166 3017 1222 Et
3051 1167 3156 1239 ipsi
3185 1167 3301 1224 haec
3333 1168 3609 1223 fecissent.

2033 1279 2100 1334 17
2147 1277 2279 1331 Erat
2328 1281 2510 1328 autem
2554 1255 2853 1325 testificans
2896 1282 3002 1323 vox
3049 1265 3244 1339 Populi
3294 1265 3610 1333 commisti,

2031 1373 2252 1447 quando
2284 1365 2876 1436 Lazarumesepulcro
2915 1355 3080 1419 Iesus
3123 1363 3360 1428 vocavit,
3402 1362 3614 1433 quatri-

2031 1472 2384 1538 duauumque
2407 1471 2682 1518 mortuum
2713 1457 2790 1514 Ex
2812 1458 3046 1515 mortuis
3070 1458 3349 1525 excitavit,
3381 1457 3614 1515 fundens

2032 1566 2246 1621 animas
2269 1561 2620 1618 reducentem
2649 1571 2868 1612 sonum.
2912 1553 2980 1609 18
3016 1553 3188 1624 Cujus
3227 1555 3399 1625 gratia
3422 1553 3624 1608 occur-'

2033 1676 2164 1716 rens
2201 1659 2408 1714 multus
2439 1654 2702 1711 conﬂuxit
2729 1660 2902 1722 coetus
2932 1642 3126 1716 viator,
3158 1649 3438 1707 Christum
3472 1650 3619 1706 celes-

2035 1759 2205 1813 hrans
2244 1761 2494 1809 mortuos
2538 1749 2862 1812 salvantem,
2908 1746 3076 1801 [ilium
3125 1744 3316 1801 David.
3368 1744 3434 1800 19
3475 1745 3622 1800 Inter

1964 1872 2008 1928 Β
2039 1869 2098 1911 se
2121 1861 2299 1907 autem
2319 1847 2687 1903 mussitabant
2716 1842 3094 1898 consultantes
3123 1841 3384 1898 Pharisaei
3413 1861 3426 1897 :
3451 1823 3620 1900 Nobis

2041 1949 2202 2021 quale
2233 1944 2662 2002 emolumentum
2705 1937 2951 1995 crescet?
2983 1939 3244 2010 copiosus
3287 1940 3432 1995 enim
3471 1937 3629 1994 Mun-

2041 2047 2146 2103 dus
2186 2051 2334 2098 totus
2373 2039 2558 2094 varius
2585 2045 2709 2108 post
2737 2051 2909 2090 unum
2937 2036 3106 2101 vadit,
3139 2035 3205 2091 Et
3245 2035 3403 2092 dolus
3440 2042 3629 2091 noster

2043 2139 2293 2198 mortifer
2329 2135 2467 2192 nihil
2497 2133 2729 2205 juvabit.
2766 2132 2840 2186 20
2876 2130 2944 2186 Et
2991 2130 3214 2202 quidam
3253 2129 3427 2186 Graeci
3472 2137 3632 2186 erant

2041 2238 2170 2305 viri,
2213 2232 2308 2306 qui
2346 2240 2478 2286 tunc
2505 2227 2726 2301 plurimi
2761 2226 2940 2282 Divini
2966 2227 3333 2284 ascenderunt
3360 2233 3632 2297 spectato-

2042 2349 2134 2390 res
2158 2330 2317 2388 festi.
2352 2327 2418 2382 21
2467 2324 2545 2380 De
2572 2323 2702 2379 Jesu
2743 2322 3028 2378 audientes
3060 2322 3336 2378 celebrata
3364 2337 3433 2378 ex
3461 2321 3630 2386 fama,

2043 2428 2362 2501 Propinquo
2397 2423 2721 2479 accedentes
2753 2419 3007 2475 dixerunt
3030 2417 3314 2490 Philippo:
3351 2419 3634 2474 Christum

2045 2526 2233 2584 videre
2252 2521 2493 2578 volentes
2518 2517 2787 2574 venimus.
2822 2513 2895 2568 2‘2
2931 2513 3249 2570 Concitatus
3275 2525 3454 2570 autem
3476 2513 3633 2586 15.1

2047 2622 2281 2680 Andreae
2291 2618 2429 2674 dixit
2444 2614 2727 2684 Philippus
2740 2618 3155 2678 conterraneus;
3177 2609 3532 2680 suaviloquus
3549 2625 3642 2665 au-

2049 2729 2160 2778 tem
2189 2715 2436 2772 Andreas
2458 2725 2647 2768 comes
2672 2707 2892 2780 impulsi
2919 2705 3151 2777 Philippi
3182 2705 3405 2762 Christo
3429 2721 3642 2764 sermo-

2055 2830 2178 2874 nem
2205 2812 2370 2869 dixit.
2394 2810 2465 2865 25
2504 2807 2619 2863 Rex
2647 2813 2829 2861 autem
2859 2801 3142 2874 respondit
3171 2817 3454 2859 sermone:
3482 2801 3629 2860 Hora

2052 2926 2202 2968 nunc
2229 2909 2448 2964 tandem
2466 2905 2618 2963 venit
2638 2918 2763 2959 cum
2788 2916 2958 2973 prope
2993 2901 3159 2956 instet
3188 2900 3343 2972 vigor
3384 2901 3643 2959 Hominis

2056 3008 2278 3079 sapiens
2303 3003 2476 3060 Filius
2498 3010 2558 3058 ut
2578 3001 2867 3058 exaltetur.
2898 2996 2970 3050 24
2990 2995 3170 3052 Testis
3196 2995 3446 3052 veritatis
3470 2997 3668 3050 Amen'

2056 3105 2230 3159 Amen
2254 3114 2436 3158 sermo
2479 3099 2552 3155 sit
2578 3115 2592 3150 :
2615 3094 2860 3149 Granum
2903 3090 3162 3145 frumenti
3205 3093 3408 3146 cadens
3437 3091 3492 3145 in
3526 3090 3650 3146 siti-

1983 3215 2030 3277 (ς
2058 3199 2300 3255 hundam
2330 3204 2554 3258 terram,
2580 3191 2699 3247 Nisi
2737 3188 3024 3254 moriatur,
3059 3195 3190 3243 tunc
3219 3188 3398 3243 solum
3441 3202 3646 3241 vanum

2063 3297 2140 3354 ibi
2177 3302 2383 3358 manet,
2421 3291 2543 3347 Non
2587 3288 2938 3352 seminatum,
2985 3285 3196 3351 inutile,
3248 3301 3358 3339 non
3394 3293 3608 3340 aratum
3631 3325 3648 3348 ,

2065 3408 2262 3466 expers
2291 3389 2477 3454 falcis;
2512 3386 2570 3441 Si
2614 3400 2745 3440 vero
2778 3383 3068 3448 moriatur,
3097 3381 3319 3436 vitalem
3352 3381 3652 3452 plurimum

2069 3489 2304 3548 fructum
2332 3492 2512 3556 auget.
2545 3483 2617 3538 25
2651 3481 2832 3536 Vitam
2858 3479 3006 3534 enim
3044 3477 3139 3548 qui
3168 3477 3345 3548 diligit
3374 3485 3652 3547 tempora-

2071 3586 2199 3652 lem,
2228 3584 2318 3644 hic
2342 3581 2552 3654 perdet,
2577 3578 2809 3634 Mentem
2830 3574 3154 3632 delectantis
3173 3574 3382 3630 habens
3403 3573 3652 3629 fallacem

2073 3697 2224 3753 spem
2263 3678 2485 3745 mundi;
2527 3676 2782 3730 Animam
2809 3687 2940 3728 vero
2981 3671 3074 3743 qui
3106 3671 3242 3736 odit,
3289 3669 3658 3724 immortalem

2079 3779 2290 3833 ﬁrmam
2323 3777 2496 3846 ipsam
2531 3770 2613 3826 Ad
2643 3771 2810 3825 vitam
2843 3769 2944 3824 aevi
2977 3767 3340 3842 indesinentis
3388 3764 3686 3820 custodit.-

2075 3874 2146 3928 26
2175 3873 2280 3940 Qui
2308 3871 2439 3925 mihi
2462 3867 2756 3924 crediderit
2775 3865 3088 3920 ministrum
3109 3879 3249 3936 opus
3276 3872 3485 3926 texens,
3507 3859 3668 3916 llunc

2080 3983 2236 4025 meus
2262 3966 2423 4022 Pater
2453 3965 2508 4019 in
2535 3964 2649 4018 alto
2673 3963 2870 4019 sedens
2891 3967 3042 4018 novit
3062 3961 3373 4016 honorare:
3400 3957 3505 4024 Qui
3531 3957 3690 4012 sub--

2081 4061 2500 4128 ministraverit,
2544 4061 2682 4118 meis
2726 4060 2937 4132 legibus
2977 4058 3233 4123 credens,
3265 4054 3365 4110 Hic
3407 4060 3668 4123 sequetur

2082 4179 2192 4229 me,
2231 4170 2287 4217 et
2311 4173 2496 4216 comes
2524 4159 2652 4224 erit,
2699 4156 2765 4213 Ut
2793 4163 3014 4212 maneat
3045 4168 3261 4210 mecum
3293 4151 3543 4207 minister
3575 4149 3670 4204 ubi

1595 4343 1880 4402 TEXTUS
1917 4337 2450 4398 EVANGELISTKE.

479 4531 544 4586 15
593 4530 686 4602 Μὴ
711 4527 900 4598 φοϐοῦ,
941 4526 1178 4597 θύγατερ
1205 4525 1361 4579 Σιών·
1393 4524 1522 4589 ίδοῦ,
1546 4525 1574 4577 6
1609 4521 1861 4594 βασιλεύς
1891 4537 1984 4574 σου
2019 4526 2063 4582 D
2158 4518 2224 4574 21
2269 4511 2430 4602 υῦτοι
2457 4511 2556 4602 οὖν
2590 4513 2895 4602 προσῆλθον
2926 4512 3179 4602 Φιλίππῳ
3202 4509 3282 4602 τῶ
3304 4507 3413 4602 άπὸ
3444 4505 3679 4602 Βηθσαῖ-

405 4615 644 4687 ἔρχεται,
681 4611 992 4682 καθήμενος
1019 4609 1112 4663 ἐπὶ
1141 4608 1318 4662 πῶλον
1349 4607 1496 4661 ὄνου.

481 4711 548 4765 16
585 4709 770 4764 Ταῦτα
808 4708 865 4761 δὲ
907 4707 1009 4760 οὐκ
1045 4704 1290 4773 ἔγνωσαν
1339 4705 1387 4757 οί
1429 4703 1669 4775 μαθηταὶ
1704 4702 1867 4756 αὑτοῦ
1907 4720 1995 4755 το-

408 4794 644 4866 πρῶτον·
678 4792 791 4846 ἀλλ’
821 4791 910 4843 ὅτε
941 4787 1199 4858 ἐδοξάσθη
1242 4787 1271 4838 6
1307 4785 1534 4856 Ἰησοῦς,
1563 4785 1684 4839 τότε
1729 4783 1996 4856 ἐμνήσθη-

2088 4604 2154 4657 δὰ
2189 4603 2290 4672 τῆς
2323 4599 2632 4664 Γαλιλαίας,
2665 4599 2761 4652 καὶ
2788 4595 3017 4669 ἠρώτων
3045 4595 3230 4664 αὐτὸν,
3267 4593 3534 4663 λέγοντες·
3570 4591 3680 4644 Κύ-

2094 4703 2196 4758 ριε,
2235 4684 2461 4755 θέλομεν
2494 4683 2586 4736 τὸν
2620 4680 2828 4753 Ἰησοῦν
2861 4679 3013 4734 ἰδεῖν.

2161 4780 2233 4835 22
2274 4781 2533 4851 Ἔρχεται
2571 4777 2834 4838 Φίλιππος
2867 4777 2961 4830 καὶ
2990 4773 3138 4846 λέγει
3179 4773 3257 4844 τῷ
3306 4772 3548 4842 Ἀνδρὲᾳο
3591 4770 3682 4822 καὶ

411 4852 514 4932 σαν
543 4878 624 4931 ὅτι
656 4873 830 4930 ταῦτα
865 4867 934 4944 ἦν
975 4852 1057 4924 ἑτέ
1104 4852 1253 4940 αὐτῷ
1287 4852 1667 4940 γεγραμμένα,
1695 4852 1788 4921 καὶ
1823 4852 1993 4921 ταῦτα
2093 4863 2255 4919 πάλιν
2297 4861 2552 4932 Ἀνδρέας
2585 4861 2688 4914 καὶ
2711 4861 2977 4922 Φίλιππος
3005 4859 3224 4928 λέγουσι
3255 4855 3330 4926 τῷ
3377 4852 3574 4924 Ἰησοῦ.

409 4963 677 5034 ἐποίησαν
715 4957 881 5030 αύτῷ.

2163 4959 2233 5014 25
2279 4959 2340 5012 ὐ
2367 4958 2424 5010 δὲ
2465 4954 2671 5026 Ἰησοῦς
2701 4954 3036 5024 ἀπεκρίνατο
3067 4953 3251 5016 αὐτοῖς
3294 4950 3488 5018 λέγων’
3525 4947 3682 5019 Ἐλή-

497 5032 570 5114 l7‘
603 5056 932 5129 Ἐμαρτύρει
972 5048 1065 5109 οὖν
1098 5055 1127 5107 ὁ
1162 5051 1318 5123 ὄχλος
1357 5051 1386 5102 ὀ
1428 5046 1502 5102 ὣν
1545 5045 1662 5118 μετ’
1690 5045 1876 5111 αὑτοῦ,
1908 5047 1998 5100 ὅτε
2095 5043 2254 5096 λυθεν
2279 5045 2312 5113 ἡ
2337 5041 2455 5112 ὧροι
2481 5041 2568 5092 ἵνα
2593 5038 2825 5108 δοξασθῇ
2855 5040 2882 5091 6
2907 5037 3033 5100 Υἱὸς
3058 5038 3152 5091 τοῦ
3175 5032 3486 5106 ἀνθρώπου.

411 5142 507 5196 τὸν
542 5142 790 5212 Λάζαρον
827 5137 1105 5210 ἐφώνησεν
1139 5138 1204 5189 ὲκ
1244 5133 1337 5190 τοῦ
1367 5131 1632 5205 μνημείου
1662 5131 1755 5184 καὶ
1780 5131 1998 5205 ἤγειρεν

416 5227 581 5282 αὑτὸν
604 5229 668 5279 ὲκ
696 5223 927 5294 νεκρῶν.

2167 5140 2239 5196 24
2286 5087 2456 5208 ﬁtP-gr!
2493 5136 2642 5207 ἀμὴν
2655 5087 2825 5203 ’λέγω
2855 5087 3145 5205 ύμῖνίὲὰν
3192 5087 3326 5204 [131.6
3357 5129 3554 5191 κόκκος
3589 5087 3706 5180 τοῦ.
3801 5107 3810 5112 ’

2102 5225 2250 5279 σίτου
2283 5220 2464 5275 πεσὼν
2499 5222 2578 5283 εἰς
2610 5218 2710 5290 τὴν
2740 5219 2844 5287 γῆν
2885 5216 3155 5291 ἀποθάνῃ,
3199 5217 3362 5280 αὐτὸς
3409 5213 3568 5286 μόνος
3599 5211 3689 5282 μέ·
3718 5220 3727 5225 “

453 5307 460 5312 ’
492 5320 562 5381 18
597 5320 698 5375 Διὰ
737 5321 895 5374 τοῦτο
947 5320 1045 5372 καὶ
1093 5318 1401 5389 ὑπήντησεν
1450 5312 1599 5384 αὐτῷ
1635 5316 1664 5368 6
1700 5313 1875 5384 ὄχλος,
1911 5313 2001 5367 ὅτε
2099 5327 2200 5364 νειο
2243 5306 2338 5361 ἐὰν
2369 5305 2426 5358 δὲ
2460 5303 2726 5374 ἀποθάνῃ,
2757 5302 2925 5389 πολῦν
2953 5301 3166 5389 καρπδν
3197 5299 3373 5389 φέρτξιἶ

420 5410 623 5477 ἤκουσε
651 5405 810 5457 τοῦτο
840 5401 1003 5456 αὐτὸν
1037 5400 1396 5472 πεποιηκέναι
1424 5398 1482 5452 τὸ
1507 5400 1753 5468 σημεῖον.

2170 5393 2244 5448 25
2299 5394 2360 5446 Ὀ
2398 5389 2566 5461 φιλῶν
2614 5389 2716 5460 τὴν
2752 5386 2932 5457 ψυχὴν
2978 5385 3167 5451 αὑτοῦ,
3210 5379 3466 5438 ἀπολέσει
3494 5379 3684 5449 αὑτήν

496 5491 562 5546 19
601 5492 664 5544 Oi
691 5487 1088 5559 οὖν-Φαρισαῖοι
1119 5461 1271 5538 εἶπον
1297 5483 1431 5553 πρὸς
1460 5461 1706 5546 ἑαυτούς’
1737 5482 2006 5551 Θεωρεῖτε
2106 5481 2201 5533 καὶ
2242 5478 2272 5530 6
2313 5475 2486 5559 μισῶν
2527 5473 2626 5543 τὴν
2668 5471 2845 5559 ψυχήν
2878 5470 3043 5525 αὑτοῦ
3072 5472 3130 5523 ὲν
3159 5467 3236 5539 τῷ
3272 5473 3462 5536 κόσμῳ
3492 5461 3688 5532 τούτῳ,

415 5579 509 5634 ’ὁτι
550 5577 651 5630 οὐκ
686 5553 944 5646 ὠφελεῖτε
984 5569 1169 5634 οὐδέν;
1202 5568 1298 5632 ῖδε,
1332 5569 1361 5620 ὀ
1400 5567 1600 5638 κόσμος
1641 5566 1816 5620 ὀπίσω
1839 5563 2006 5619 αὐτοῦ
2107 5563 2187 5625 εἰς
2221 5562 2365 5629 ζωὴν
2391 5557 2608 5611 αἰώνιον
2635 5553 2861 5625 φυλάξει
2883 5554 3076 5624 αύτήν.

425 5659 694 5730 ἀπῆλθεν.

2175 5643 2248 5696 26
2299 5625 2424 5694 Ἐὰν
2455 5640 2579 5710 ἐμοὶ
2619 5638 2839 5707 διακονῇ
2870 5653 2975 5701 τις,
3012 5635 3135 5706 ἐμοὶ
3175 5626 3557 5688 ἀκολουθείτω·
3599 5625 3693 5679 καὶ

467 5711 784 5808 ,ἤισαν
814 5741 870 5794 δέ
908 5756 1050 5802 τινες
1087 5737 1346 5808 ’Έλληνες
1386 5739 1449 5793 ὲκ
1481 5735 1589 5793 τῶν
1615 5734 2008 5792 ἀναϐαινόντων
2107 5730 2242 5782 ὅπου
2278 5727 2395 5796 εἰμὶ
2429 5723 2560 5792 ἐγὼ,
2591 5724 2710 5775 ἐκεῖ
2733 5721 2827 5776 καὶ
2854 5721 2890 5808 6
2908 5719 3151 5808 διάκονος
3177 5715 3363 5808 ὀ-ὲμκδς
3400 5713 3572 5808 έσται·
3600 5711 3694 5763 καὶ

428 5827 520 5883 ἵνα
549 5827 1000 5898 προσκυνήσωσιν
1029 5825 1084 5878 ὲν
1115 5825 1177 5894 τῇ
1210 5823 1388 5894 ἑορτῇ·

2111 5812 2205 5867 ἐάν
2229 5828 2309 5875 τις
2336 5809 2458 5883 ἐμοὶ
2489 5807 2735 5878 διακονῇ,
2766 5805 2986 5877 τιμήσει
3015 5801 3174 5858 αὐτὸν
3207 5803 3233 5855 6
3267 5797 3481 5866 Πατήρ.
