3982 6464
408 372 513 434 855

407 503 603 546 maneo
628 506 639 541 :
665 486 735 541 27
772 485 929 545 Nune
957 494 1140 547 autem
1169 503 1350 543 meum
1375 503 1472 543 cor
1503 485 1676 543 habeo
1699 487 1998 558 agitatum;

405 585 501 651 sed
538 583 672 654 quid
722 584 944 646 dicam!
989 583 1190 643 Anima
1232 598 1353 639 mea
1396 583 1582 638 turbat
1625 597 1748 647 me;
1800 581 1997 649 Pater,

403 690 642 741 mentem
674 680 917 749 agitante
940 680 1076 735 hora
1109 678 1191 735 Ex
1219 680 1325 735 hac
1356 694 1443 735 me
1468 679 1618 736 salva
1645 678 1989 746 immutabili;

404 777 501 832 sed
539 778 605 833 ad
640 778 745 833 hoc
790 776 1080 833 Horridam
1120 792 1230 833 non
1281 785 1510 832 coaetus
1559 776 1748 833 volens
1781 777 1907 831 veni
1944 777 1998 831 in

404 874 631 943 horam;
670 872 868 939 Filium
900 883 1052 929 tuum
1086 873 1354 944 gloriiiea.
1391 872 1463 928 9.8
1497 872 1562 926 Et
1597 872 1817 928 coalitus
1852 872 1998 929 facta

403 980 489 1035 est
524 986 652 1036 vox,
697 970 765 1024 Et
817 977 869 1026 te
922 978 1050 1037 ante
1094 968 1419 1040 gloriﬁcavi,
1456 976 1511 1024 ct
1544 968 1788 1025 vicissim
1842 983 1991 1025 nunc

405 1065 639 1130 honoro.
669 1065 740 1121 29
774 1064 841 1120 Et
873 1065 1079 1119 multus
1102 1065 1231 1120 hinc
1252 1072 1306 1119 et
1327 1064 1455 1119 hinc
1482 1070 1671 1119 astans
1691 1074 1743 1119 et
1768 1064 1998 1120 audiens

402 1160 691 1219 leestem
726 1160 976 1217 tremulis
1010 1160 1066 1215 in
1112 1160 1341 1219 auribus
1372 1159 1669 1231 procellam
1703 1159 1854 1215 vocis
1897 1156 2000 1214 Po-

400 1256 566 1327 pulus
588 1255 924 1326 instrepebat
953 1256 1099 1327 quod
1122 1254 1326 1311 divinis
1354 1270 1385 1311 e
1410 1254 1626 1319 sinibus
1655 1252 1998 1321 Tonitrualis

400 1350 640 1425 graviter
678 1368 884 1411 sonans
926 1353 1221 1425 strepitum
1268 1352 1443 1410 edidit
1486 1352 1757 1419 aethereus
1799 1367 1995 1411 sonus.

397 1450 504 1505 Alii
548 1459 730 1507 autem
774 1459 967 1509 contra
1012 1457 1340 1516 sonuerunt,
1373 1449 1520 1521 quod
1562 1464 1732 1521 prope
1762 1449 1991 1521 angelus

398 1566 522 1605 eum
551 1550 674 1627 ipso
701 1551 959 1623 C(glestis
1006 1551 1224 1609 locutus
1256 1557 1342 1608 est
1369 1550 1606 1622 sapienti
1646 1548 1855 1621 mugitu
1895 1563 1993 1605 vo-

395 1646 500 1711 cis,
539 1646 611 1716 5Q
643 1646 806 1717 Iesus
840 1656 1025 1704 autem
1069 1647 1209 1704 dixit
1250 1648 1351 1703 toti
1397 1645 1692 1701 admiranti
1750 1645 1993 1718 p0pulo:

395 1741 515 1814 Non
562 1754 784 1816 propter
850 1760 939 1801 me
1013 1745 1279 1816 strepitus
1344 1743 1435 1799 hic
1493 1743 1711 1816 pulsat;
1778 1743 1997 1799 coalitus

1640 365 1850 422 NONNI
1890 359 2397 427 PANOPOLITANI

3598 365 3689 422 856

2103 484 2171 539 27
2211 482 2328 538 Νῦν
2351 482 2394 536 δ’
2423 481 2555 555 ἐμὸν
2584 476 2720 554 ἦτορ
2749 479 2857 552 ἔχω
2878 478 3261 550 δεᾶ-νημένον·
3291 468 3433 530 ἀλλὰ
3466 476 3516 531 τί
3542 478 3687 547 λέξως

2102 576 2266 649 Ψυχὴ
2285 576 2392 647 ἐμὴ
2426 575 2632 629 κλονέει
2665 590 2753 645 με·
2790 573 2994 644 Πάτερ,
3026 571 3385 643 φρενοόινέος
3417 570 3566 641 ῶρης

2115 666 2210 719 Ἐκ
2234 664 2439 734 ταύτης
2473 682 2540 736 με
2573 664 2784 718 σάωσον
2814 661 3122 732 άκαμπέος·
3155 659 3281 714 ἀλλ’
3314 659 3411 711 ἐπὶ
3429 659 3600 731 τούτῳ

2108 751 2168 804 Ῥ
2178 756 2425 828 ιγεδανὴν
2458 756 2716 818 ἀϐίαστος
2746 753 2989 817 ἑκούσιος
3009 752 3218 824 ἤλυθον
3244 752 3423 823 ὤρηνο

2104 840 2207 900 Tia
2245 848 2367 902 τεὸν
2393 847 2634 902 κύδαινε.
2663 846 2734 903 28
2765 845 2873 901 Καὶ
2908 843 3214 916 οὐρανόθεν
3246 842 3385 895 πέλε
3420 843 3594 913 φωνὴο

2100 939 2210 993 Καί
2232 956 2291 992 σε
2319 939 2492 1011 πάρος
2515 939 2741 1007 κύδηνα,
2772 939 2867 993 καὶ
2902 937 3142 1007 ἔμπαλιν
3168 936 3305 1009 ἄρτι
3334 934 3597 1006 γεραίρω.

2099 1028 2169 1085 29
2197 1031 2308 1084 Kal.
2329 1031 2496 1097 πολὺς
2518 1028 2648 1086 ἔνθα
2677 1031 2772 1085 καὶ
2792 1029 2919 1084 ἔνθα
2939 1028 3363 1102 παριστάμενος
3386 1025 3482 1080 καὶ
3496 1024 3690 1080 ἁκούων

2099 1121 2360 1194 Αίθερίην
2381 1124 2729 1195 τρομεροῖσιν
2760 1122 2819 1176 ἐν
2847 1120 3004 1181 οὐασι
3035 1120 3288 1179 λαίλαπα
3314 1117 3504 1189 φωνῆς

2101 1211 2247 1278 Aab;
2276 1214 2760 1287 ἐπεσμαράγησεν,
2797 1214 2880 1272 ὅτι
2910 1212 3121 1278 ζαθέων
3152 1211 3269 1267 ἀπὸ
3294 1209 3514 1266 κόλπων

2100 1305 2365 1378 Βρονταίη
2398 1305 2735 1378 βαρύδουπος
2765 1306 3073 1367 ἐπέκτυπεν
3094 1303 3323 1376 αἴθριος
3350 1299 3491 1372 ἠχώ.

2103 1398 2287 1451 Ἀλλοι
2315 1398 2360 1452 δ’
2389 1397 2750 1469 ἀντιάχησαν,
2782 1399 2866 1453 ὅτι
2890 1395 3077 1468 σχεδὸν
3105 1393 3356 1465 ἄγγελος
3383 1390 3533 1462 αὐτῷ

2100 1490 2375 1563 Οὐρανίης
2395 1490 2584 1562 ὀάριζε
2616 1489 2766 1563 σοφῷ
2793 1491 3075 1561 μυκήματι
3100 1487 3325 1559 φωνῆς.

2099 1583 2171 1639 50
2207 1582 2418 1656 Ἰησοῦς
2440 1583 2486 1637 δ’
2518 1582 2783 1655 ἀγόρευεν
2802 1582 2909 1654 ὅλῳ
2930 1579 3286 1653 πολυθαμαῖ

2100 1673 2175 1728 Οὐ
2199 1673 2265 1727 δι’
2302 1673 2403 1744 ἐμὲ
2424 1670 2630 1736 κτύπος
2654 1665 2809 1734 οὗτος
2842 1669 3165 1742 ἀράσσεται·
3191 1664 3489 1739 οὐρανόθεν
3505 1664 3559 1718 δὲ

2112 1765 2433 1828 ’Δντίτυπος
2466 1762 2722 1835 βροντῇσι
2755 1762 2823 1817 δι’
2851 1761 3025 1833 ὑμέας
3052 1760 3209 1817 ἵκετο
3240 1759 3419 1830 φωνή.

396 1852 579 1910 autem
645 1841 853 1897 Similis
918 1840 1165 1896 tonitruo
1218 1848 1445 1912 propter
1500 1856 1596 1897 vos
1653 1839 1803 1896 venit
1862 1855 1984 1897 vox.

2104 1857 2262 1935 143
2294 1858 2358 1913 51
2396 1856 2511 1912 Νῦν
2540 1855 2735 1923 ζαθέου
2772 1854 2997 1927 κόσμοιο
3032 1852 3196 1920 πέλει
3218 1851 3425 1924 κρίσιςο
3458 1849 3569 1922 ἄρτι
3597 1848 3675 1902 καὶ

398 1935 558 2020 142
580 1937 639 1990 3|
690 1934 846 1991 Nunc
884 1935 1056 1992 divini
1076 1935 1266 1992 mundi
1302 1947 1388 1992 est
1422 1936 1913 2008 judiciutn;lttodo
1937 1944 1992 1991 et

394 2031 515 2104 ipse
554 2030 816 2103 Princeps
849 2040 1114 2103 peccante
1144 2033 1441 2105 expellitur
1465 2048 1533 2089 ex
1564 2031 1791 2095 mundo.
1825 2032 1895 2087 '52
1922 2030 1989 2090 Et

393 2128 613 2211 quidem
648 2138 938 2200 postquam
967 2130 1243 2186 exaltatns
1274 2130 1430 2186 fuero
1475 2144 1506 2184 a
1554 2137 1700 2185 terra
1734 2128 1845 2184 late
1894 2144 1989 2199 pa-

393 2233 560 2293 tente,
596 2222 705 2281 Vos
727 2225 796 2279 ad
828 2242 914 2281 me
936 2240 1129 2282 omnes
1162 2226 1217 2280 in
1242 2225 1443 2282 coelum
1472 2227 1714 2297 amplum
1742 2225 1982 2280 traham.

390 2320 460 2389 ,τιᾷ
499 2320 664 2385 Dixit,
693 2322 1013 2393 signiﬁcans
1041 2323 1188 2394 quali
1212 2323 1425 2379 viviﬁca
1450 2330 1626 2379 morte
1649 2321 1814 2387 Iesus
1838 2332 1989 2381 esset

389 2416 694 2480 moriturus
738 2418 969 2490 populos
998 2433 1247 2476 servans.
1277 2416 1381 2489 Ipsi
1411 2417 1484 2482 54
1529 2416 1774 2490 Populus
1802 2426 1985 2474 autem

389 2521 581 2570 contra
613 2516 801 2572 sonuit
842 2515 1104 2572 concordi
1145 2515 1383 2587 quodam
1426 2531 1717 2572 sermone:
1761 2516 1987 2578 Audivi-

389 2625 513 2666 mus
536 2627 601 2666 cx
627 2613 850 2684 scriptis
875 2613 1050 2683 signis
1072 2613 1275 2683 smpius
1305 2628 1428 2676 nos,
1455 2612 1711 2668 Christus
1737 2613 1986 2669 omnium

389 2714 573 2762 rector
611 2717 853 2764 :eternus
887 2710 1034 2780 quod
1079 2716 1317 2764 maneat.
1363 2707 1429 2763 Et
1469 2708 1612 2765 unde
1643 2708 1805 2766 nobis
1838 2708 1986 2765 dixi-

389 2808 460 2862 sti
490 2807 732 2864 obscuro
766 2821 860 2865 tuo
902 2823 1157 2866 sermone
1185 2826 1202 2866 :
1244 2807 1324 2863 Ex
1351 2810 1708 2867 terrestribus
1734 2808 1989 2865 cavitati-

388 2902 494 2959 bus
519 2904 793 2962 exaltatus
825 2907 880 2962 in
909 2905 1112 2961 coelum
1159 2905 1411 2972 veniens,
1444 2900 1546 2962 Vos
1581 2904 1648 2959 ad
1679 2919 1767 2960 me
1792 2918 1987 2961 omnes

386 3015 420 3054 a
448 3009 592 3056 terra
623 3002 742 3077 ipse
776 3003 1014 3070 traham,
1050 3000 1303 3059 Hominis
1343 3001 1581 3074 inclytus
1617 3000 1789 3058 Filius
1836 3010 1988 3072 post-

387 3113 553 3169 quam
584 3100 859 3160 exaltatus
892 3099 1089 3156 fuerit?
1121 3098 1221 3157 Die
1257 3114 1409 3169 vero,
1434 3099 1561 3170 quis
1597 3106 1683 3157 est
1709 3099 1800 3155 ille
1821 3114 1985 3170 quem

384 3201 571 3275 ignota
605 3204 841 3274 quadam
876 3203 995 3275 lege
1025 3201 1277 3260 Hominis
1302 3202 1603 3273 sapientem
1652 3199 1851 3256 Filium
1891 3208 1986 3256 tua

384 3303 575 3372 dixisti
606 3304 776 3361 voce?
802 3304 871 3359 55
895 3301 1061 3361 Jesus
1081 3310 1265 3360 autem
1286 3302 1449 3360 simul
1471 3302 1730 3359 omnibus
1750 3316 1981 3375 respon-

383 3406 466 3466 dit
486 3425 501 3461 :
525 3406 793 3464 Pusillum
818 3406 962 3462 inter
982 3420 1081 3461 vos
1103 3403 1223 3460 Erit
1242 3403 1424 3461 adhuc
1444 3404 1621 3460 solum
1644 3419 1742 3475 per
1761 3411 1981 3476 tempus

384 3508 613 3567 caeleste
656 3508 862 3562 lumen.
905 3504 1024 3565 Non
1054 3513 1304 3561 errantes
1334 3514 1515 3561 autem
1548 3505 1605 3560 in
1638 3504 1847 3562 lumine
1883 3520 1984 3577 per

382 3616 593 3666 rectam
624 3609 770 3665 viam
801 3607 1043 3664 lncedite
1070 3607 1429 3671 conﬁdentes,
1461 3606 1636 3664 donec
1659 3607 1845 3662 lumen
1883 3607 1979 3662 ad-

382 3711 496 3766 huc
510 3710 677 3775 lucet,
694 3708 1027 3780 Priusquam
1049 3708 1347 3777 caliginoso
1362 3708 1589 3767 turbine
1609 3706 1983 3778 deprehendat

382 3828 485 3870 vos
515 3812 851 3868 obscuritas.
874 3809 978 3877 Qui
1009 3810 1155 3866 enim
1182 3808 1385 3865 incedit
1403 3816 1623 3866 errante
1646 3811 1781 3881 pede
1808 3819 1977 3873 noctu

381 3915 584 3981 viator,
615 3913 849 3971 Aberrat
881 3913 1142 3986 ignorans
1186 3926 1411 3967 curvam
1445 3911 1587 3968 viam
1632 3925 1743 3983 quo
1791 3910 1974 3968 vadat.

383 4017 457 4095 36
495 4015 680 4073 Donec
716 4016 893 4071 lucem
927 4014 1146 4079 videtis,
1180 4013 1415 4085 sapienti
1444 4012 1652 4069 credite
1674 4013 1842 4069 verbo
1867 4011 1976 4067 Lu-

382 4121 488 4197 cis,
521 4128 581 4175 ut
609 4119 731 4176 sitis
764 4115 981 4175 luciferi
1017 4117 1110 4173 ﬁlii
1159 4116 1489 4188 splendoris.
1533 4114 1671 4171 Vitae
1698 4115 1858 4171 dator
1886 4114 1979 4171 Fi-

382 4224 492 4279 lius
524 4221 765 4277 hominis
790 4220 907 4276 haec
936 4220 1119 4276 omnia
1157 4220 1402 4275 clamans
1432 4217 1736 4276 Abscondit
1767 4235 1848 4283 se,
1874 4218 1975 4274 Ju-

382 4324 627 4381 dzeorum
648 4333 854 4380 cretum
883 4332 1163 4378 versutqu
1192 4320 1530 4392 relinquens.
1562 4320 1632 4375 57
1662 4318 1765 4376 Tot
1791 4328 1973 4378 autem

380 4426 434 4503 ei
457 4424 758 4499 perﬁcienti
784 4424 935 4491 varia
970 4422 1209 4491 remedia
1244 4420 1585 4489 morborum,
1613 4420 1755 4492 Ipsis
1784 4422 1974 4479 viden—

3439 1940 3616 2015 [αὐτὸς

2103 2041 2295 2113 Ἀρχὸς
2323 2040 2660 2112 ἀλιτρονόοιο
2685 2038 2941 2098 διώκεται
2966 2037 3160 2092 ἔκτοθι
3190 2037 3428 2108 κόσμου.

2091 2133 2186 2208 [3‘2
2214 2134 2322 2188 Καί
2346 2151 2441 2187 κεν
2466 2132 2605 2206 ἐπὴν
2629 2132 2833 2204 ὑψωθῶ
2863 2132 2972 2187 ἀπὸ
3002 2131 3201 2204 χθονὸς
3232 2128 3566 2202 εὐρυοδείης.

2100 2226 2308 2298 ’Υμέας
2340 2226 2421 2291 εἰς
2447 2226 2550 2297 ἐμὲ
2578 2225 2787 2289 πάντας
2820 2226 2879 2289 ἐς
2907 2224 3143 2296 οὐρανὸν
3187 2223 3359 2294 εὐρὺν
3388 2220 3607 2294 ἐρύσσω.

2088 2319 2158 2374 5'5
2200 2318 2452 2383 Ἕννεπε,
2478 2316 2763 2389 σημαίνων
2800 2317 2940 2388 ποίῳ
2969 2316 3220 2390 ζωαρκέῖ
3255 2316 3453 2387 πότμῳ

2100 2410 2309 2482 Ἰησοῦς
2335 2410 2538 2481 ἤμελλε
2574 2409 2756 2466 θανεῖν
2787 2409 3065 2473 λαοσσόος.
3096 2407 3292 2481 Αὐτῷ]

2087 2501 2158 2557 54
2197 2502 2334 2556 Λαοὶ
2363 2502 2408 2555 δ’
2438 2501 2777 2573 ἀντιάχησαν
2805 2499 3151 2572 όμογλώσσῳ
3185 2499 3299 2553 τινὶ
3341 2496 3512 2569 μύθῳ·

2101 2593 2397 2666 Ἐκλύομεν
2426 2594 2745 2667 γραφικοϊσι
2781 2591 3102 2663 χαράγμασι
3136 2589 3406 2654 πολλάκις
3435 2588 3603 2660 ἡμεῖς,

2088 2685 2326 2755 Χριστὸς
2354 2684 2491 2747 ὅλων
2534 2684 2742 2756 μεδέων
2776 2682 2995 2748 αἰώνιος
3027 2683 3236 2738 οὕνεκα
3264 2684 3479 2754 μίμνειο

2088 2779 2202 2833 Καὶ
2231 2777 2394 2833 πόθεν
2418 2777 2598 2849 ἄμμιν
2626 2777 2811 2841 ἔειπες
2836 2778 3142 2849 άσημάντῳ
3170 2777 3265 2830 σέο
3293 2774 3467 2846 μύθῳ·

2102 2870 2198 2923 Ἐκ
2226 2868 2461 2939 χθονίων
2484 2868 2729 2939 λαγόνων
2762 2868 2897 2940 ὐψού
2905 2886 3068 2941 μενος
3087 2870 3175 2933 είς
3198 2868 3360 2931 πόλον
3393 2864 3573 2928 ἐλθὼν,

2101 2959 2308 3032 ’Υμέας
2332 2962 2413 3029 είς
2445 2960 2548 3033 ἐμὲ
2571 2963 2776 3026 πάντας
2802 2961 2910 3016 ἀπὸ
2941 2962 3130 3033 χθονὸς
3169 2961 3338 3025 αὐτὸς
3369 2959 3589 3033 ἐρύσσαι,

2103 3052 2419 3126 Ἀνθρώπου
2460 3053 2657 3120 κλυτὸς
2687 3054 2815 3119 Υἱὸς
2841 3054 2980 3125 ἐπὴν
3010 3052 3147 3124 acac
3162 3071 3330 3126 μενος
3356 3053 3475 3122 εἴηῖ

2089 3144 2225 3198 Είπέ
2246 3144 2326 3213 δὲ,
2355 3147 2437 3212 τίς
2462 3147 2623 3202 πέλεν
2650 3141 2805 3212 οὗτος
2838 3147 2897 3201 ὃν
2916 3145 3192 3219 ἀγνώστῳ
3222 3146 3336 3200 τινὶ
3364 3141 3540 3215 θεσμῷ

2105 3238 2421 3311 Ἀνθρώπου
2450 3241 2612 3310 σοφὸν
2631 3236 2737 3295 Υἷα
2766 3244 2861 3314 τεῇ
2897 3242 3143 3313 μυθήσαο
3180 3244 3359 3317 φωνῇς

2084 3330 2155 3387 55
2194 3331 2406 3405 Ἰησοῦς
2432 3333 2476 3387 δ’
2507 3334 2625 3406 ἅμα
2658 3336 2829 3389 πᾶσιν
2854 3334 3066 3405 άνίαχεπ
3103 3334 3274 3389 Βαιὸν
3299 3335 3357 3389 ἐν
3384 3332 3507 3403 ὐμῐν

2087 3423 2349 3479 Ἔσσεται
2373 3425 2545 3480 εἰσέτι
2580 3425 2775 3498 μοῦνον
2804 3426 2897 3479 ἐπὶ
2917 3425 3109 3497 χρόνον
3132 3425 3381 3498 αἰθέριον
3404 3422 3532 3494 φῶς.

2094 3514 2388 3580 Ἀπλανέες
2409 3516 2453 3571 δ’
2475 3515 2554 3571 ἐνὶ
2581 3516 2722 3588 φωτὶ
2749 3517 2818 3571 δι’
2856 3516 3137 3589 ίθυπόροιο
3163 3516 3432 3572 κελεύθου

2082 3606 2333 3679 Στείχετε
2363 3607 2717 3682 θαρσήεντες,
2751 3610 2856 3675 ἕως
2886 3610 3022 3681 φάος
3052 3610 3228 3666 εἰσέτι
3252 3610 3476 3681 λάμπει,

2085 3699 2223 3771 Πρὶν
2248 3701 2452 3774 ζοφερῇ
2479 3702 2840 3774 στροφάλιγγι
2866 3704 3160 3776 κιχήμεναι
3184 3702 3362 3776 ὑμέας
3381 3700 3585 3775 ὄρφνην.

2090 3791 2188 3856 ’ος
2215 3792 2273 3848 δέ
2301 3794 2594 3867 διαστείχει
2634 3794 2889 3868 σφαλερῷ
2918 3797 3040 3850 ποδὶ
3071 3796 3268 3861 νυκτὸς
3297 3794 3490 3864 ὁδίτης,

2084 3881 2356 3948 Πλάζεται
2379 3884 2679 3955 ἀγνώσσων
2704 3887 2923 3962 σκολιὴν
2956 3888 3075 3944 ὁδὸν
3108 3886 3312 3943 ὁππόθι
3340 3884 3520 3955 βαίνει.

2081 3972 2151 4029 56
2194 3976 2357 4049 Ἀχρι
2379 3977 2515 4047 φάος
2539 3978 2824 4051 δέρκεσθε,
2859 3979 3009 4051 σοφῷ
3037 3979 3323 4033 πιστεύετε
3356 3974 3502 4047 μύθῳ

2080 4066 2176 4130 Et;
2204 4068 2360 4137 φάος,
2386 4068 2531 4141 ὄφρα
2558 4070 2803 4139 γένοισθε
2843 4073 3146 4145 φεραυγέος
3180 4072 3324 4137 υἱέες
3348 4066 3546 4136 αἴγλης-

2079 4158 2354 4232 Ζωοδότης
2375 4162 2532 4229 γόνος
2553 4163 2843 4235 ἀνθρώπου
2877 4166 3004 4220 τάδε
3029 4166 3208 4224 πάντα
3230 4165 3427 4236 βοήσας

2079 4248 2332 4315 Κεύθετ’,
2366 4252 2640 4306 Ἰουδαίων
2668 4254 2829 4327 χορὸν
2856 4256 3232 4328 ἀγκυλόμητιν
3260 4256 3442 4316 ἐάσας.

2078 4340 2145 4399 37
2171 4341 2352 4397 Τόσσα
2367 4342 2424 4397 δέ
2445 4345 2493 4399 οί
2509 4344 2789 4400 τελέσαντι
2817 4346 3133 4421 πολύτροπα
3150 4349 3414 4419 φάρμακα
3432 4338 3630 4400 νούσων,

2077 4433 2269 4489 Αὐτῶν
2298 4435 2645 4506 δερκομένων
2672 4438 2962 4505 ἀντώπιον,
2993 4442 3151 4506 ἐκτὸς
3176 4440 3396 4511 ἀκονῆςι

1593 4537 1878 4595 TEXTUS
1916 4540 2451 4605 EVANGELISTE.

452 4658 525 4713 ετ
561 4656 678 4741 Νῦν
703 4657 735 4727 ἢ
764 4654 910 4725 ψυχή
946 4671 1045 4741 μρυ
1080 4654 1435 4741 ῖετάρακτςιια
1472 4654 1665 4741 Κᾳξιῂἳί
1686 4655 1980 4741 ξῖπωπιά-
2010 4665 2055 4722 D
2154 4665 2224 4720 '53
2263 4664 2457 4737 (Τοῦτο
2486 4667 2543 4721 δὲ
2570 4667 2746 4737 ἔλεγε,
2772 4669 3055 4741 σημαίνων
3091 4670 3228 4739 ποίῳ
3256 4665 3459 4732 θανάτῳ
3484 4653 3627 4728 ἠμελ-

381 4760 499 4816 τερ,
538 4740 711 4813 cando
752 4757 821 4812 με
852 4741 917 4811 ἐκ
954 4738 1052 4809 τῆς
1085 4737 1235 4809 ὧρας
1266 4736 1490 4808 ταύτης,
1524 4737 1662 4792 ἀλλὰ
1696 4740 1785 4797 διὰ
1814 4743 1973 4799 τοῦτο

380 4818 545 4900 ἦλθον
576 4827 657 4889 είς
686 4824 785 4896 τὴν
814 4823 963 4895 ὤραν
982 4821 1206 4893 ταύτην.

450 4911 520 4967 28
559 4910 763 4980 Πάτερ,
790 4906 1010 4975 δόξασόν
1054 4924 1146 4960 σου
1191 4905 1254 4959 τὸ
1282 4904 1474 4977 ὄνομα.
1498 4900 1702 4961 Ἦλθεν
1732 4901 1824 4961 οὗν
1860 4926 1972 4978 φω-

381 4998 451 5068 νὴ
503 4997 569 5050 ἐκ
621 4992 717 5049 τοῦ
756 4991 1009 5065 οὐρανοῦ-
1060 4990 1173 5046 Kal.
1218 4989 1467 5056 ἐδόξασα,
1519 4991 1611 5044 καὶ
1666 4990 1828 5046 πάλιν
1886 4992 1973 5046 do-

287 5143 300 5155 .
383 5079 551 5145 ξάσω.

449 5162 521 5216 29
564 5160 624 5213 Ὀ
653 5152 745 5213 οὗν
772 5157 926 5228 ὄχλος
956 5159 986 5212 ὁ
1010 5157 1183 5221 ἑστὼς
1220 5156 1316 5211 καὶ
1345 5155 1602 5221 ἀκούσας,
1631 5156 1782 5225 ἔλεγε
1811 5155 1968 5227 βρονο

380 5248 477 5319 τὴν
498 5243 800 5315 γεγονέναι.
832 5241 1014 5295 ’Δλλοι
1042 5240 1246 5311 ἔλεγον·
1276 5240 1544 5309 Ἀγγελος
1569 5239 1719 5311 αὐτῷ
1748 5239 1968 5312 λελάλη-

382 5348 499 5384 κεν.

451 5413 521 5468 50
573 5408 872 5482 Ἀπεκρίθη
903 5409 932 5461 ό
973 5407 1180 5479 Ἰησοῦς
1204 5408 1300 5461 καὶ
1331 5402 1505 5462 εἶπεν⁹
1541 5405 1617 5461 Οὐ
1643 5405 1711 5459 δι’
1731 5404 1832 5477 ἐμὲ
1862 5406 1962 5461 αὖα

381 5513 449 5567 τη
478 5497 510 5567 ἡ
537 5493 689 5565 φωνὴ
720 5492 965 5561 γέγονεν,
995 5491 1133 5544 ἀλλὰ
1153 5490 1219 5543 δι’
1249 5492 1415 5561 ὑμᾶς.

451 5578 515 5632 5i
554 5578 668 5630 Νῦν
705 5576 887 5647 κρίσις
916 5576 1032 5629 ἐστὶ
1063 5574 1158 5628 τοῦ
1192 5575 1398 5646 κόσμου
1433 5575 1644 5628 τούτου·
1676 5574 1771 5631 νῦν
1813 5579 1841 5630 ό
1867 5577 1966 5648 ἄρ-

382 5675 491 5728 χων
523 5660 616 5713 τοῦ
635 5660 842 5729 κόσμου
872 5659 1064 5713 τούτου
1104 5658 1502 5730 ἐκϐληθήσεται
1536 5657 1660 5724 ἔξω.

450 5741 520 5794 32
558 5740 751 5807 Κάγὼ,
782 5743 876 5811 ἐὰν
910 5742 1109 5813 ὑψωθῶ
1133 5743 1199 5797 ἐκ
1232 5743 1332 5814 τῆς
1356 5741 1480 5813 γῆς,
1509 5742 1720 5805 πάντας
1751 5742 1964 5809 ἑλκύσω

383 5820 515 5892 πρὸς
542 5825 560 5874 Ξ
571 5825 797 5911 μαντον.

2075 4746 2167 4801 λεν
2189 4748 2602 4821 ἀποθνήσκειν.)

2146 4831 2216 4886 54
2268 4819 2564 4904 Ἀπεκρίθη
2582 4819 2750 4905 ἀὐτῷ
2776 4834 2806 4887 ό
2834 4833 3009 4906 ὄχλος⁶
3052 4834 3241 4905 Ἠμεὶδς
3265 4827 3555 4902 ἠκούσαμεν
3569 4819 3625 4906 ἐκ

2074 4914 2170 4969 τοῦ
2202 4916 2367 4987 νόμου
2410 4899 2493 4971 ὅτι
2542 4899 2572 4971 ό
2620 4899 3057 4989 ΧρίστὸςΠμένει
3093 4899 3173 4981 είς
3207 4899 3300 4969 TW
3338 4899 3621 4989 αἰῶναίκίξὶ

2076 4997 2195 5062 πῶς
2229 4982 2294 5058 σύ
2324 4997 2504 5068 λέγεις
2536 4999 2618 5053 ὅτι
2642 4982 2724 5057 δεῖ
2752 4982 3037 5071 ὑψῶθῆναι
3060 4999 3152 5054 τὸν
3179 4999 3305 5052 Υίὸν
3330 4991 3419 5048 τοῦ
3446 4982 3622 5057 ἀνθρώ·

2076 5098 2212 5146 πούς
2236 5082 2333 5146 Τίς
2362 5074 2511 5136 ἐστιν
2542 5077 2697 5149 οὗτος
2727 5086 2755 5139 ό
2788 5085 2919 5149 Υἱὸς
2948 5084 3043 5138 τοῦ
3065 5082 3344 5155 ἀνθρώπου
3369 5094 3383 5142 ;

2144 5164 2216 5220 55
2254 5160 2423 5219 Εἶπεν
2448 5160 2541 5220 οὖν
2567 5167 2751 5229 αὐτοῖς
2780 5169 2809 5222 ὁ
2849 5167 3076 5239 Ἰησοῦς·
3108 5151 3226 5221 Ἔτι
3252 5158 3433 5236 μικρὸν
3450 5151 3616 5239 χρξνον

2073 5246 2134 5300 τὸ
2163 5248 2279 5318 φῶς
2306 5249 2425 5320 μεθ’
2453 5249 2607 5320 ὑμῶν
2633 5252 2773 5303 ἐστι’
2793 5234 3143 5323 περιπατεῖτε
3172 5234 3274 5312 ἕως
3304 5245 3360 5299 τὸ
3388 5238 3491 5310 φῶς
3514 5234 3612 5326 ἔζε-

2071 5348 2155 5397 τε,
2183 5332 2270 5386 ἵνα
2310 5332 2383 5405 μὴ
2417 5333 2606 5388 σκοτία
2633 5334 2778 5404 ὑμᾶς
2806 5334 3111 5406 καταλάὸῃ.
3146 5333 3254 5389 Καὶ
3274 5333 3301 5385 ὁ
3329 5328 3609 5397 περιπάτων

2073 5415 2131 5468 ἐν
2154 5418 2219 5487 τῇ
2253 5415 2442 5488 σκοτίᾳ
2468 5416 2570 5471 οὐκ
2594 5413 2705 5470 οἶδε
2732 5415 2835 5470 ποῦ
2866 5417 3087 5486 ὑπάγει.

2141 5480 2218 5553 ’ὅθ’
2249 5499 2396 5563 Ἕως
2418 5480 2493 5553 ’τὸ
2529 5500 2646 5568 φῶς
2668 5496 2841 5571 ἕχέτε,
2879 5480 3165 5555 πιστεύετε
3196 5499 3274 5561 είς
3305 5493 3362 5548 τὸ
3382 5487 3502 5560 φῶς,
3535 5480 3609 5571 ε’νῇ

2070 5580 2178 5634 υἱοὶ
2218 5559 2396 5651 φωτὸς
2424 5559 2677 5653 γένησθε.
2698 5559 2897 5637 ’Ταῦτα
2930 5583 3192 5654 ἐλάλησεν
3230 5559 3266 5635 ὀ-
3294 5571 3498 5646 Ἰησοῦς,
3529 5559 3605 5618 καὶ

2066 5662 2319 5717 ἀπελθὼν
2339 5665 2545 5737 ἐκρύϐη
2578 5665 2672 5719 ἀπ’
2695 5666 2897 5720 αὐτῶν.

2138 5747 2205 5801 57
2243 5746 2489 5802 Τοσαῦτα
2520 5748 2576 5801 δέ
2603 5747 2770 5803 αὐτοῦ
2802 5752 3004 5820 σημεῖα
3023 5748 3369 5823 πεποιηκότος
3391 5738 3600 5810 ἔμπροατ

2068 5830 2156 5886 Θεν
2188 5830 2388 5901 αὐτῶν,
2420 5831 2518 5887 οὐκ
2539 5832 2823 5890 ἐπίστευον
2858 5836 2936 5899 εἰς
2974 5835 3155 5891 αὐτόν·
