3982 6408
203 431 315 488 85‘)

198 552 379 615 Οὖτις
406 550 551 623 ἀνὴρ
584 549 872 606 πίστευεν·
913 551 983 608 58
1008 552 1157 619 ὅπως
1193 557 1574 631 πληρούμενον
1606 561 1694 636 εἴη

219 642 457 707 Ἠσαίας
482 643 651 716 τόπερ
672 638 814 710 εἶπε,
844 643 985 716 χέων
1012 647 1359 720 πρωτόθροον
1386 650 1593 723 ὀμφήν⁶

206 736 475 807 Κοίρανε,
506 736 589 799 τίς
626 736 766 807 μετὰ
793 739 964 793 τόσσα
993 742 1093 813 τεῇ
1123 741 1420 798 πίστευσεν
1452 745 1666 819 άκουῇ;

210 827 289 879 ’Ἦ
314 827 420 881 τίνι
446 829 789 898 παγγενέταο
815 830 950 885 Θεοῦ
975 834 1253 905 γυμνοῢτο
1282 835 1558 910 βραχίων;

204 919 282 974 ’59
310 913 389 975 OB
421 922 583 993 χάριν
610 923 712 977 οὐκ
733 923 988 980 ἐδύναντο
1003 926 1227 984 θεουδέα
1247 929 1431 985 πίστιν
1461 932 1666 1000 ἀέξεινο

205 1004 374 1065 Ὀττι
409 1014 505 1066 καὶ
541 1013 769 1080 Ἡσαΐας
797 1017 961 1071 πάλιν
984 1017 1177 1073 ἔννεπε
1217 1020 1431 1077 θέσπιδι
1457 1027 1633 1096 φωνῇ·

210 1106 382 1179 144
418 1106 488 1165 40
542 1108 888 1181 Ὀφθαλμοὺς
933 1110 1182 1167 ἀλάωσεν
1222 1113 1374 1186 ἐμῶν
1427 1117 1814 1189 ἐπιμάρτυρας

1537 1209 1737 1280 ἔργων,

208 1292 327 1346 Καὶ
348 1292 468 1347 νόον
498 1292 844 1347 ίθυκέλευθον
877 1294 1115 1365 ἐθήκατο
1136 1297 1337 1367 τυφλὸν
1368 1207 1596 1373 alarii:

210 1384 309 1453 Μὴ
337 1382 533 1454 κραδίῃ
562 1383 774 1452 νοέωσι,
804 1385 898 1438 καὶ⁵
926 1386 1258 1460 ἀθρήσουσιν
1278 1391 1552 1457 ὀπωπαῖς,

208 1477 327 1528 Καί
363 1493 454 1547 μοι
480 1475 884 1549 ὑποστρέψωσι,
916 1479 1246 1545 νοοϐλαϐἐας
1279 1482 1336 1537 δὲ
1363 1482 1561 1537 σαώσω

212 1569 453 1640 Ἀνδρας
482 1568 893 1643 άλιτραίνοντας
916 1571 1035 1643 ἐμῷ
1065 1574 1286 1647 παιήονι
1318 1575 1497 1647 μύθῳ,

223 1660 408 1735 ’ἰητὴρ
442 1660 698 1733 ἀσίδηρος
728 1662 998 1735 ἐχέφρονα
1041 1666 1311 1737 φάρμακα
1350 1669 1597 1724 πάσσων.

209 1752 277 1806 41
335 1753 561 1817 Ἡσαΐας
582 1754 711 1808 τάδε
735 1756 915 1817 πάντα
944 1758 1258 1831 κατέγραφε
1288 1759 1501 1815 θέσπιδι
1528 1764 1703 1834 φωνῇ,

211 1844 374 1899 Ὀττι
400 1845 537 1904 Θεοῦ
572 1848 834 1920 Χριστοῖο
864 1849 1138 1923 προώριον
1177 1852 1376 1924 ἔδρακε
1409 1856 1575 1927 τιμὴν

221 1938 524 2010 ὐφθαλμῷ
555 1941 786 2013 κραδίης
813 1944 1127 2016 πανδερκέῖ,
1164 1946 1261 2001 καὶ
1283 1946 1443 2019 χάριν
1468 1945 1635 2005 αὐτοῦ

220 2031 560 2104 Ἐσσομένην
610 2034 977 2104 προκέλευθον
1000 2036 1289 2102 ἐθέσπιζεν
1323 2036 1509 2092 ἔνθεον
1537 2037 1741 2109 ὀμφήν.

208 2125 282 2178 42
328 2125 555 2196 Ἔμπης
590 2127 864 2192 άπλανέες
890 2129 1036 2193 τινὲς
1056 2130 1252 2202 ἀνέρες
1284 2129 1462 2201 ἴδμονι
1492 2132 1619 2203 σιγῇ

221 2217 397 2289 Ἀρχὴ
441 2218 732 2285 Ἰουδαίων,
761 2219 1065 2291 ὑψαύχενος
1094 2221 1321 2292 ὄμματα
1346 2220 1564 2291 βουλῆς,

208 2308 375 2370 Παιδί
402 2307 539 2363 Θεοῦ
574 2309 827 2365 πείθοντο
862 2309 1169 2383 θεηγενέων
1204 2310 1365 2383 χάριν
1400 2311 1601 2383 ἔργων·

221 2400 387 2454 Ἀλλὰ
422 2400 586 2470 φόϐον
618 2402 711 2455 καὶ⁵
740 2400 901 2473 ζῆλον
929 2400 1259 2466 ἀλυσκάζων
1287 2403 1602 2473 Φαρισαίων

222 2494 504 2564 ’Λμφαδὸν
538 2493 688 2559 οῠτις
717 2494 917 2566 ἔφηνεν
948 2495 1036 2556 ἐὸν
1060 2494 1201 2549 νόονο
1232 2495 1514 2567 αίδομένου
1543 2495 1601 2549 δὲ

225 2586 551 2657 Ἐνδόμυχος
582 2587 705 2640 τότε
743 2586 928 2651 πίστις
957 2587 1060 2645 ὑπὸ
1084 2587 1258 2659 φρένα
1284 2588 1461 2657 φωτὸς
1496 2586 1753 2654 ἑκάστου,

226 2678 537 2751 ’Ᾱπροῖδὴς,
571 2678 804 2749 ἀϐόητος
833 2678 1091 2735 ἐκεύθετο
1122 2680 1329 2751 φωλάδι
1367 2682 1514 2752 σιγῇ.

212 2771 284 2825 45
312 2772 430 2837 Πᾶς
478 2772 588 2844 γὰρ
624 2772 767 2845 ἀνὴρ
826 2772 1161 2846 προϐέϐουλε
1211 2774 1593 2846 χαμαιγενέων
1650 2775 1812 2847 χάριν

1499 2861 1741 2938 [ἀνδρῶν

213 2961 286 3012 Ἦ
326 2957 562 3030 μεγάλου
595 2957 813 3030 μούνοιο
849 2958 987 3013 Θεοῦ
1024 2958 1378 3029 πολυφεγγέα
1400 2960 1592 3032 τιμήν.

207 3053 284 3107 ιι
337 3052 542 3123 Ἰησοῦς
564 3052 606 3105 δ’
632 3051 824 3124 ἰάχησε
855 3051 1091 3117 θυώδεος
1120 3051 1294 3107 ἔνδοθι
1325 3050 1480 3124 νηοῦσ

213 3147 410 3209 Ὅστις
438 3146 587 3217 ἐμῶν
615 3145 821 3212 δέξοιτο
851 3146 1194 3219 θεοφραδέων
1221 3146 1379 3218 στίχα
1411 3145 1616 3218 μύθων·

209 3239 312 3303 Εἰς
335 3239 436 3310 ἐμὲ
466 3238 740 3293 πιστεύων
767 3239 828 3292 ού
864 3238 1132 3303 πείθεται,
1162 3237 1300 3291 ἀλλά
1330 3238 1503 3309 Τοκῆῖ

213 3332 409 3396 Ὅστις
431 3330 533 3402 ἐμὲ
560 3331 821 3404 προέηκε.
853 3330 924 3386 45
956 3331 1068 3384 Καὶ
1096 3330 1463 3404 ἀνδρομέῃσιν
1489 3331 1743 3396 όπωπαῖς

211 3424 338 3485 Πᾶς
358 3421 460 3493 ἐμὲ
489 3422 830 3487 παπταίνων,
865 3422 960 3475 καὶ
992 3420 1127 3493 ἐμὸν
1151 3420 1431 3492 Γενετῆρα
1453 3420 1688 3477 δοκεύει.

210 3515 289 3571 46
328 3513 632 3586 Οὐρανόθεν
669 3513 806 3583 φάος
832 3509 996 3584 ἦλθον
1022 3511 1133 3581 ἐγὼ
1168 3511 1494 3582 λιποφεγγέῖ
1527 3512 1740 3584 κόσμῳ⁸

216 3606 529 3679 Οὐρανόθεν
556 3606 695 3675 φάος
724 3601 909 3677 ἦλθον,
941 3605 1029 3659 ἵνα
1062 3604 1253 3676 βροτὸς
1278 3606 1338 3669 ὃς
1375 3623 1444 3677 με
1479 3606 1742 3679 γεραίρῇ,

214 3699 414 3753 Πίστιν
446 3697 587 3769 ἔχων
620 3697 934 3761 ἀτίνακτον,
970 3698 1028 3751 ἐν
1066 3696 1226 3768 ἀχλύῖ
1257 3697 1471 3769 μήποτε
1510 3697 1704 3772 μίμνῃ.

217 3793 287 3847 47
328 3792 520 3853 Ὅστις
557 3789 711 3861 ἐμῶν
735 3789 941 3854 δέξοιτο
966 3788 1230 3842 θεόσσυτα
1254 3787 1507 3860 χεύματα
1538 3788 1748 3861 μύθων,

220 3884 334 3941 Καὶ
369 3883 445 3956 μὴ
485 3882 777 3955 ἀσυλήτοιο
800 3881 924 3936 νόου
951 3880 1227 3954 σφρηγῖδα
1259 3880 1495 3952 φυλάξῃ,

217 3978 296 4034 οὗ
328 3977 500 4049 κρίνω
521 3977 652 4031 ποτὲ
678 3974 866 4030 τοῦτον
899 3972 1012 4042 ἐγὼ
1051 3972 1263 4045 βροτόν·
1300 3973 1361 4026 ού
1404 3971 1512 4044 γάρ
1545 3971 1716 4028 ίκάνω

219 4072 445 4142 Κόσμον
474 4070 563 4124 ἵνα
595 4068 840 4140 κρίνοιμι
873 4065 1238 4131 πολύπλανον,
1270 4064 1411 4119 ἀλλά
1448 4063 1677 4120 σαῶσαι.

220 4162 295 4216 48
329 4162 428 4226 ’ος
465 4177 533 4232 με
566 4157 997 4231 παραγράψαιτο
1020 4158 1117 4211 καὶ⁹
1140 4154 1421 4228 ἡμετέρης
1451 4154 1659 4228 θρασὺς
1683 4155 1826 4229 ἀνὴρ

228 4254 486 4325 Ἔμπνοα
515 4252 592 4325 μὴ
618 4251 834 4317 δέξαιτο
861 4250 1085 4322 βιοσσόα
1109 4249 1364 4321 χεύματα
1401 4248 1609 4320 φωνῆς’

224 4341 398 4409 Οὗτος
435 4346 550 4417 ἔχει
586 4346 847 4418 κρίνοντα
870 4343 1220 4398 δικασπόλονο
1252 4341 1527 4414 ἡμέτερος
1552 4340 1663 4415 γάρ

229 4438 396 4525 156
428 4440 525 4495 Ὃν
550 4437 726 4494 λαλέω
745 4438 926 4509 λόγος,
957 4429 1115 4502 οὗτος
1129 4434 1366 4492 ἀπειθέα
1394 4433 1585 4489 τοῦτον
1615 4433 1826 4505 ἐλέγξει

1139 433 1632 500 PARAPIIRASIS
1667 440 1735 499 IN
1773 444 2118 504 JOANNEM.
2156 478 2227 493 --
2265 450 2421 507 CAP.
2469 450 2586 506 XII.

3409 462 3515 516 853

1841 575 1888 629 Α
1917 565 2067 623 tibus
2088 582 2272 623 coram
2297 578 2454 626 extra
2478 567 2705 635 faniam,
2733 568 2930 628 Nullus
2951 572 3035 627 vlr
3060 573 3291 629 credidit
3314 594 3329 643 ;
3352 575 3422 630 58
3450 574 3513 618 ιιι

1919 660 2242 731 impleretur
2286 663 2462 718 Isaias
2507 662 2655 735 quod
2713 663 2873 732 dixit,
2935 664 3193 723 fundens\
3240 668 3511 740 propheti-

1916 766 2039 806 cam
2078 766 2312 808 vocem:
2346 750 2599 820 Domine,
2633 756 2761 827 quis
2807 764 2934 827 post
2992 764 3146 813 tanta
3184 766 3279 814 tuo
3339 760 3511 816 credi-

1920 841 2003 897 dit
2053 842 2312 898 auditui?
2354 842 2450 898 Vel
2496 845 2588 900 cui
2637 846 2885 901 omnium
2956 847 3222 919 genitoris
3268 847 3366 904 Dei
3414 865 3516 905 nu«

1916 933 2107 990 datum
2150 945 2237 991 est
2276 935 2599 991 brachium?
2631 938 2700 994 59
2732 937 2963 1010 Propter
2992 940 3138 1011 quod
3178 955 3288 996 non
3325 950 3509 1010 potue-

1916 1035 2049 1081 runt
2116 1026 2431 1098 religiosam
2493 1028 2654 1085 liilem
2706 1045 2941 1102 augere;
3014 1033 3154 1099 Quia
3221 1040 3277 1089 et
3348 1031 3518 1089 Isaias

1918 1134 2117 1176 rursus
2178 1119 2313 1176 dixit
2370 1122 2690 1193 prophetica
2734 1137 2872 1180 voce
2922 1141 2936 1179 :
2995 1123 3154 1196 145
3193 1122 3265 1178 40
3314 1123 3517 1181 Oculos

1917 1213 2221 1269 obcaecavit
2246 1229 2495 1269 meorum
2520 1223 2689 1272 testes
2726 1231 2975 1287 operum,
3007 1216 3072 1271 Et
3102 1224 3341 1273 mentem
3393 1231 3514 1272 rec-

1918 1304 2187 1377 tigradam
2237 1305 2365 1363 fecit
2400 1322 2599 1363 caecam
2650 1292 3065 1376 errabundam;
3099 1307 3178 1364 Ne
3217 1309 3384 1365 corde
3432 1310 3516 1364 in-

1917 1397 2189 1470 telligant,
2233 1409 2289 1455 et
2346 1400 2572 1456 videant
2625 1400 2824 1468 oculis,
2880 1399 2948 1454 Et
3012 1401 3081 1457 ad
3143 1416 3230 1457 me
3283 1415 3514 1457 conver-

1919 1494 2145 1555 tantur,
2206 1498 2389 1546 mente
2442 1500 2627 1547 autem
2674 1491 2837 1548 lassos
2878 1498 3116 1548 servem
3173 1487 3336 1549 Viros
3380 1506 3511 1562 pec-

1919 1587 2113 1637 cantes
2171 1596 2295 1648 meo
2341 1592 2575 1639 sanante
2630 1583 2824 1649 verbo,
2888 1583 3135 1639 Medicus
3191 1584 3312 1640 sine
3366 1582 3513 1639 ferro

1919 1673 2307 1733 convenientia
2366 1674 2769 1734 medicamenta
2833 1676 3180 1747 inspergens.
3229 1677 3293 1734 4|
3341 1676 3513 1733 lsaias

1922 1761 2040 1819 haec
2097 1764 2283 1819 omnia
2338 1764 2673 1836 conscripsit
2725 1764 2952 1826 fatidica
3004 1781 3177 1831 voce,
3229 1764 3367 1839 Quia
3418 1765 3514 1820 Dei

1921 1853 2127 1917 Christi
2153 1863 2369 1927 tempus
2392 1867 2868 1927 pmoccupanteln
2898 1857 3036 1917 vidit
3059 1856 3316 1929 gloriam,
3343 1856 3516 1913 Oculo

1776 1924 1795 1933 ἡ
1840 1939 1891 1999 Β
1918 1944 2104 2001 cordis
2120 1924 2305 2001 omnia
2321 1924 2564 2015 vidente,
2590 1924 2883 2019 et-propter
2900 1924 3356 2019 ipsumFuturam
3376 1963 3517 2020 prat-

1916 2046 2230 2093 currentem
2249 2038 2582 2096 vaticinatus
2606 2048 2692 2096 est
2728 2041 2971 2095 divinam
2992 2056 3204 2095 vocem.
3224 2040 3294 2094 42
3309 2040 3513 2095 Tamen

1917 2126 2065 2181 ﬁrmi
2118 2127 2349 2198 quidam
2380 2128 2485 2184 viri
2522 2127 2725 2185 scienti
2773 2129 2995 2183 silentio
3027 2126 3375 2197 Principatus
3418 2122 3515 2180 Ju-

1917 2218 2191 2286 daaorum,
2237 2220 2464 2290 superbi
2497 2220 2643 2275 oculi
2683 2220 2928 2284 consilii,
2963 2217 3103 2273 Filio
3139 2217 3233 2272 Dei
3267 2216 3517 2272 credide-

1916 2321 2050 2368 runt
2100 2311 2290 2368 divina
2338 2321 2565 2385 propter
2612 2328 2819 2385 Opera;
2862 2310 2969 2367 Sed
3017 2320 3221 2365 metum
3256 2318 3310 2365 et
3336 2308 3513 2363 zelum

1916 2406 2105 2463 vitans
2152 2405 2587 2473 Pharisaeorum,
2641 2406 2845 2476 Aperte
2899 2403 3088 2459 nullus
3144 2399 3518 2455 manifestavit

1918 2514 2077 2556 suam
2112 2507 2392 2567 mentem;
2429 2498 2735 2554 reverentis
2766 2504 2948 2551 autem
2980 2496 3135 2550 Intus
3174 2494 3350 2547 latens
3386 2500 3517 2546 tunc

1918 2592 2056 2649 ﬁdes
2106 2591 2211 2647 sub
2266 2589 2590 2662 pmcordiis
2661 2588 2767 2644 viri
2827 2585 3125 2657 cujuslibet
3188 2583 3514 2653 lmprovisa,

1919 2684 2091 2740 tacita
2116 2682 2501 2740 occultabatur
2525 2682 2750 2738 condito
2780 2679 3023 2737 silentio.
3052 2678 3122 2734 ιδ
3148 2676 3341 2733 Omnis
3370 2674 3517 2733 enim

1913 2782 1998 2837 vir
2050 2780 2380 2853 pratoptavit
2441 2778 2912 2849 bumigenitorum
2967 2775 3200 2847 gratiam
3253 2773 3518 2834 virorum,

1916 2879 2094 2946 Quam
2148 2877 2335 2950 magni
2371 2877 2547 2933 solius
2580 2875 2678 2932 Dei
2711 2876 2944 2933 multum
2988 2871 3363 2944 splendentem
3419 2867 3522 2923 ho-

1914 2990 2130 3032 norem.
2176 2974 2247 3029 44
2280 2972 2444 3030 Iesus
2477 2981 2661 3029 autem
2700 2971 2887 3028 sonuit
2923 2969 3155 3026 odorato
3184 2970 3241 3022 in
3274 2965 3473 3037 templo
3502 2982 3518 3023 ς

1915 3072 2021 3140 Qui
2088 3086 2340 3127 meorum
2409 3068 2685 3141 receperit
2752 3066 3223 3136 diviniloquorum
3288 3060 3516 3116 ordines

1914 3170 2236 3235 verborum,
2267 3169 2328 3225 In
2360 3183 2450 3223 me
2480 3166 2716 3223 credens
2758 3179 2868 3218 non
2920 3161 3169 3227 conlidit,
3223 3157 3319 3214 sed
3366 3156 3517 3212 Patri

1838 3280 1886 3345 ο
1918 3267 2025 3338 Qui
2053 3282 2141 3323 me
2171 3265 2458 3338 praamisit.
2493 3263 2566 3318 45
2598 3261 2666 3323 Et
2701 3259 2962 3321 humanis
2994 3256 3172 3311 oculis
3208 3252 3403 3309 Omnis
3430 3268 3518 3315 me

1910 3365 2127 3428 videns,
2158 3371 2213 3419 et
2243 3378 2420 3421 meum
2454 3360 2673 3418 Patrem
2703 3358 2872 3418 videt.
2904 3356 2974 3410 46
3001 3352 3232 3408 Coelitus
3272 3351 3365 3404 lux
3393 3352 3517 3406 veni

1914 3477 2018 3534 ego
2050 3460 2355 3531 caliginoso
2402 3456 2634 3523 mundo,
2679 3453 2915 3510 leitus
2958 3452 3049 3506 lux
3082 3448 3230 3513 veni,
3259 3458 3320 3502 ut
3355 3447 3519 3501 homo

1916 3560 2011 3632 qui
2053 3574 2142 3613 me
2185 3554 2565 3622 bonoraverit,
2614 3550 2805 3609 Fidem
2855 3550 3068 3609 habens
3116 3546 3422 3609 immotam,
3464 3543 3520 3603 in

1916 3656 2152 3728 caligine
2196 3666 2479 3724 nunquam
2515 3656 2759 3704 maneat.
2805 3646 2876 3702 47
2912 3645 3239 3719 Quicunque
3269 3655 3519 3696 meorum

1918 3751 2224 3823 susceperit
2268 3765 2299 3805 a
2342 3748 2456 3805 Deo
2507 3747 2777 3820 impulsos
2828 3746 3009 3801 ﬂuxus
3064 3755 3404 3804 sermonum,
3457 3735 3523 3791 Et

1918 3847 2196 3905 inviolatae
2244 3847 2449 3903 mentis
2497 3845 2737 3915 sigillum
2789 3839 3116 3904 servaverit,
3166 3838 3281 3893 Non
3330 3834 3523 3906 judico

1920 3959 2167 4017 unquam
2196 3943 2345 3999 hunc
2375 3956 2475 4013 ego
2503 3941 2818 4007 hominem;
2854 3953 2964 3993 non
3001 3935 3149 3990 enim
3181 3933 3346 3987 venio
3373 3930 3522 3985 Mun-

1921 4042 2053 4099 dum
2098 4048 2161 4097 ut
2205 4041 2448 4113 judicem
2495 4039 2729 4093 multum
2778 4046 3080 4099 errantem,
3135 4032 3231 4089 sed
3274 4046 3520 4088 servare.

1924 4141 1998 4197 48
2027 4138 2133 4207 Qui
2184 4154 2273 4194 me
2326 4136 2606 4208 reiecerit,
2655 4142 2711 4190 et
2759 4142 2967 4189 nostrae
3016 4131 3195 4186 audax
3232 4130 3316 4184 vir
3345 4127 3516 4184 γίνου

1923 4253 2036 4294 non
2080 4235 2350 4307 receperit
2401 4234 2573 4289 vitam
2628 4238 2916 4287 servantes
2964 4228 3145 4284 ﬂuxus
3194 4226 3365 4292 vocis,
3420 4223 3522 4279 Hie

1923 4337 2092 4393 habet
2146 4334 2487 4406 iudicantem
2540 4330 2829 4404 iudicem;
2904 4337 3097 4386 noster
3154 4327 3298 4384 enim
3361 4325 3520 4398 147

1926 4433 2101 4501 Quem
2145 4433 2345 4505 loquor
2390 4445 2599 4497 sermo,
2631 4429 2723 4487 hic
2753 4427 3101 4486 ineredulum
3140 4427 3286 4482 hunc
3332 4423 3522 4481 redar-

1437 4634 1724 4694 TEXTUS
1763 4632 2302 4692 EVANGELISTIE.

298 4832 369 4890 38
407 4832 526 4886 'lva
561 4832 590 4886 ὀ
621 4830 782 4900 λόγος
822 4830 1049 4884 Ἡσαΐου
1084 4828 1182 4885 τοῦ
1214 4830 1497 4905 προφήτου
1534 4828 1823 4904 πληρωθῇ,
1858 4837 1905 4897 1)
1999 4827 2073 4882 45
2123 4826 2449 4900 Ἠγάπησαν
2477 4826 2584 4899 γὰρ
2612 4827 2714 4899 τὴν
2742 4826 2901 4893 δόξαν
2923 4824 3033 4880 τῶν
3055 4824 3359 4897 ἀνθρώπων
3384 4826 3522 4895 μάλ-

217 4922 283 4975 ὃν
314 4915 457 4984 εἴπεο
494 4915 690 4988 Κύριε,
725 4914 811 4979 τίς
845 4914 1135 4979 ἐπίστευσε
1175 4916 1243 4987 τῇ
1272 4914 1410 4986 ἀκοῇ
1443 4913 1624 4987 ήμῶν,
1663 4914 1759 4969 καὶ
1794 4914 1824 4967 ὁ

227 5000 474 5077 βραχίων
499 4998 707 5070 Κυρίου
741 4998 850 5054 τίνι
876 4995 1274 5069 ἀπεκαλύφθης

302 5086 371 5141 '59
408 5082 508 5138 Διά
530 5080 691 5139 τοῦτο
716 5081 819 5135 οὐκ
845 5081 1109 5153 ἠδύναντο
1133 5078 1427 5148 πιστεύειν,
1454 5078 1537 5134 ὅτι
1564 5078 1727 5136 πάλιν
1749 5074 1829 5133 εἴ.

230 5188 336 5226 πεν
377 5168 625 5231 Ἠσαίας·

301 5254 372 5309 40
411 5250 772 5321 Τετύφλωκεν
793 5246 974 5303 αὐτῶν
996 5247 1124 5313 τοὺς
1153 5247 1486 5320 ὀφθαλμοὺς,
1514 5246 1607 5301 καὶ
1638 5246 1825 5300 πεπώο

228 5352 416 5411 ρωκεν
444 5333 626 5390 αὐτῶν
662 5332 764 5405 τὴν
795 5331 1043 5405 καρδίαν·
1075 5332 1164 5386 ἵνα
1196 5332 1272 5405 μὴ
1303 5331 1455 5385 ἴδωσι
1482 5332 1595 5393 τοῖς
1622 5328 1826 5400 ὀφθαλ-

228 5410 381 5495 μοῖς,
423 5419 519 5474 καὶ
553 5418 793 5490 νοήσωσι
824 5418 893 5488 τῇ
927 5414 1145 5488 καρδίᾳ,
1176 5416 1272 5470 καὶ
1297 5413 1696 5485 ἐπιστραφῶσι,
1731 5410 1828 5466 καὶ⁵

228 5506 482 5575 ίάσωμαι
509 5500 729 5566 αὐτούς.

304 5588 368 5641 41
415 5584 605 5641 Ταῦτα
639 5581 793 5640 εἶπεν
834 5582 1065 5647 Ἡσαΐας
1090 5582 1180 5637 ὅτε
1208 5576 1316 5637 εἶδε
1348 5581 1449 5654 τὴν
1475 5580 1632 5647 δόξαν
1661 5578 1827 5635 αὑτοῦ

228 5671 333 5729 καὶ
361 5670 596 5742 ἐλάλησε
617 5666 750 5742 περὶ
777 5667 966 5727 αὐτοῦ.

306 5755 379 5810 42
424 5754 618 5825 Ὅμως
665 5752 850 5825 μέντοι
903 5750 999 5813 καὶ
1050 5752 1116 5815 ἐκ
1172 5752 1281 5810 τῶν
1331 5750 1611 5823 ἀρχόντων
1643 5748 1830 5804 πολλοὶ

231 5838 570 5895 ἐπίστευσαν
624 5838 705 5899 είς
756 5836 938 5908 αὐτόν·
975 5835 1112 5891 αλλά
1171 5830 1261 5890 διά
1323 5836 1451 5900 τοὺς
1503 5834 1826 5906 Φαρισαίους

231 5921 343 5994 οὐχ
363 5919 697 5997 ὡμολόγουν,
729 5919 816 5978 ἵνα
852 5921 924 5995 μὴ
953 5921 1366 5993 ἀποσυνάγωγοι
1397 5919 1678 5991 γένωνται·

1931 4909 2022 4965 λον
2051 4911 2197 4982 ήπερ
2229 4910 2330 4982 τὴν
2358 4909 2518 4975 δόξαν
2544 4909 2639 4962 τοῦ
2669 4907 2827 4963 Θεοῦ.

1999 4993 2071 5047 ﬂ
2121 4993 2332 5064 Ἰησοῦς
2379 4993 2437 5047 δέ
2479 4990 2679 5065 ἔκραξε
2711 4992 2813 5045 ικαὶ
2840 4985 3014 5044 εἷπεψ
3055 4990 3113 5044 '0
3140 4989 3412 5044 πιστεύων
3439 4992 3521 5056 είς

1928 5077 2054 5149 ἐμὲ,
2102 5078 2165 5132 οὐ
2210 5075 2460 5132 πιστεύει
2508 5077 2590 5141 είς
2635 5074 2758 5147 ἐμὲ,
2803 5073 2919 5129 ἀλλ’
2961 5075 3043 5137 είς
3086 5074 3179 5127 τὸν
3226 5074 3522 5146 πέμψαντά

2000 5245 2072 5301 45
2108 5246 2220 5300 Καὶ
2249 5247 2278 5299 ὁ
2304 5245 2524 5322 θεωρῶν
2546 5245 2667 5317 ἐμὲ,
2698 5244 2895 5316 θεωρεῖ
2911 5241 3004 5297 τὸν
3031 5241 3328 5314 πέμψαντά
3356 5260 3446 5314 με.

1998 5329 2070 5385 46
2120 5329 2264 5400 Ἐγὼ
2302 5330 2418 5401 φῶς
2459 5331 2542 5395 είς
2573 5330 2665 5385 τὸν
2688 5328 2894 5400 κόσμον
2922 5326 3179 5400 ἐλήλυθα,
3225 5327 3312 5380 ἵνα
3345 5328 3453 5391 πᾶς
3489 5325 3518 5379 ό

1929 5414 2202 5471 πιστεύων
2224 5416 2303 5480 εἰς
2324 5414 2426 5487 ἐμὲ
2447 5416 2504 5470 ἐν
2524 5416 2590 5487 τῇ
2628 5413 2819 5486 σκοτίᾳ
2843 5413 2917 5485 μὴ
2948 5414 3127 5487 μείνῃ.

1997 5498 2066 5552 47
2108 5497 2219 5552 Καὶ
2246 5498 2341 5552 ἐάν
2382 5515 2466 5562 τις
2508 5514 2610 5569 μου
2643 5496 2853 5572 ἀκούσῃ
2888 5496 2997 5551 τῶν
3022 5497 3281 5568 ῥημάτων
3320 5497 3410 5550 καὶ
3441 5493 3516 5566 μὴ

1930 5581 2220 5655 πιστεύσῃ,
2269 5579 2382 5650 ἐγὼ
2424 5581 2487 5635 οὐ
2521 5580 2693 5651 κρίνω
2736 5580 2920 5637 αὐτόν.
2964 5581 3039 5635 Οὐ
3074 5579 3181 5651 γὰρ
3226 5576 3387 5650 ἦλθον
3429 5579 3517 5632 ἵνα

1929 5666 2103 5739 κρίνω
2126 5665 2219 5719 τὸν
2249 5664 2474 5736 κόσμον,
2506 5665 2623 5719 ἀλλ’
2652 5664 2741 5720 ἵνα
2770 5664 2930 5718 σώσω
2950 5664 3042 5717 τὸν
3063 5664 3287 5735 κόσμον.

2001 5749 2071 5805 48
2122 5749 2182 5804 '0
2211 5746 2420 5802 ἀθετῶν
2464 5748 2565 5819 ἐμὲ
2606 5747 2700 5803 καὶ
2741 5748 2816 5819 μὴ
2860 5746 3154 5819 λαμϐάνων
3193 5746 3261 5801 τὰ
3296 5747 3516 5818 ῥήματα

1937 5851 2062 5905 μου,
2102 5833 2216 5906 ἔχει
2265 5835 2358 5890 τὸν
2398 5833 2651 5907 κρίνοντα
2691 5830 2874 5886 αὐτόν’
2910 5833 2939 5885 ὁ
2974 5830 3131 5900 λόγος
3168 5831 3226 5887 ὃν
3255 5829 3514 5903 ἐλάλησα,

1934 5920 2140 5985 ἐκεῖνος
2167 5920 2342 5992 κρινεῖ
2371 5918 2533 5977 αὐτὸν
2558 5920 2615 5974 ἐν
2642 5919 2706 5989 τῇ
2743 5916 2945 5992 ἐσχάτῃ
2981 5916 3182 5993 ήμέραο
