3982 6392
488 408 588 466 859

1718 417 1929 477 ΝΟΝΝΙ
1965 420 2079 477 PA!

2207 418 2475 478 ῡιλιννκι
2760 400 2763 407 ’
2870 418 2890 435 ’
3646 418 3736 476 θοι

483 529 615 592 guet
641 519 929 590 Judicans,
967 541 1093 583 scro
1137 526 1418 599 perfectus
1460 531 1686 601 quando
1711 550 1912 593 cursus
1938 536 2070 590 ulti-

2207 536 2417 607 ἰρίνων,
2442 532 2784 603 ὰίιτέλεστος
2810 532 2902 586 ὅτι
2928 531 3127 603 δρόμος
3166 530 3395 602 ἔσχατος
3425 529 3578 600 ἠοῦς,

479 631 607 672 unus
654 632 887 683 aurorae,
934 618 1201 676 Excitatis
1247 621 1469 692 quando
1505 624 1765 681 omnibus
1800 629 2064 697 σοι]Μί-

2189 629 2536 699 Ἐγρομένοις
2559 627 2647 680 ὅτε
2677 627 2813 679 πᾶσι
2838 624 2993 678 πέλει
3017 623 3218 695 κρίσις.
3252 622 3321 679 49
3365 623 3456 689 Ἐξ
3486 622 3628 676 ἰδίων
3643 623 3734 695 γὰρ

482 707 652 762 cium.
682 708 751 763 49
775 706 850 765 Ex
879 712 1121 782 pr0priis
1152 713 1299 768 enim
1330 713 1449 771 Non
1478 716 1645 771 didici
1668 721 2069 789 spontejussus

2207 720 2246 772 ’ὑ
2280 717 2452 789 μάθον
2482 715 2904 778 αὐτοκέλευστος
2934 714 3046 783 ἐγώ
3077 730 3208 767 ποτε
3244 713 3412 784 μῦθον
3436 712 3632 782 ὲνίψαι,

481 816 585 871 ego
633 817 875 872 unquam
925 819 1239 860 sermonem
1293 807 1570 877 proloqui,
1606 807 1709 864 Sed
1750 809 1860 865 Deo
1908 812 2072 866 vitale

484 891 663 947 habeo
700 908 733 946 a
764 891 927 949 Patre
976 896 1316 962 mandatum,
1367 897 1515 953 Viris
1561 903 1908 971 congregatis
1941 903 2071 972 quid

484 984 703 1054 loquar,
754 993 850 1041 aut
900 985 1033 1056 quid
1084 987 1338 1043 clamem.
1384 986 1618 1044 50Novi
1659 1000 1841 1046 autem
1889 994 2074 1048 omnia

483 1075 723 1144 regentis
785 1077 1040 1132 mandata
1092 1076 1293 1144 Patris,
1345 1076 1525 1133 Vitam
1571 1080 1739 1154 [esse]
1788 1090 2072 1151 aaternam,

484 1178 648 1233 quam
695 1165 949 1220 sortitum
1007 1176 1091 1221 est
1140 1182 1485 1225 concurrens
1537 1171 1798 1226 saeculum
1843 1170 2074 1227 Aﬂtcrna

483 1269 609 1308 cum
638 1255 935 1326 vertigine;
964 1267 1017 1312 et
1044 1272 1140 1313 vos
1167 1275 1511 1332 quaecunque
1533 1261 1728 1331 doceo,
1764 1262 1918 1318 Sicut
1941 1266 2075 1321 mihi

482 1347 935 1403 commemoravit
973 1346 1137 1404 Pater
1166 1364 1346 1416 meus,
1376 1352 1457 1407 sic
1482 1351 1626 1407 dico.

1104 1458 1260 1517 CAP.
1314 1460 1451 1518 XIII.

552 1569 580 1623 1
620 1567 687 1623 Ει
719 1570 934 1628 civibus
988 1573 1314 1645 priusquam
1359 1575 1573 1631 Pascha
1627 1576 1857 1643 veniret,
1898 1578 2080 1648 prius-

480 1679 647 1734 quam
692 1681 802 1722 ara:
849 1669 1307 1737 accenderentur,
1361 1671 1524 1728 Jesus
1556 1687 1896 1744 cognoscens
1930 1673 2075 1743 quod

482 1769 795 1833 opportuna
834 1767 1079 1825 venisset
1136 1767 1293 1834 liora,
1339 1765 1406 1823 Ut
1442 1783 1509 1823 ex
1553 1768 1756 1823 mundo
1801 1784 2076 1835 reversus,

2184 808 2350 862 Ἀλλὰ
2385 808 2521 862 Θεοῦ
2562 808 2819 880 ζείδωρον
2842 807 2952 877 ἔχω
2979 807 3131 877 παρὰ
3155 805 3367 877 Πατρδς
3396 804 3651 876 ὲφετμὴν,

2185 900 2467 973 Ἀνδράσιν
2506 901 2833 972 ἁγρομένοις
2859 898 2913 954 τί
2940 896 3267 969 φθέγξομαι,
3300 897 3335 967 ἢ
3364 896 3420 949 τί
3451 896 3646 969 βοήσω.

2174 987 2245 1043 50
2273 986 2401 1045 Οἶδα
2431 990 2488 1043 δὲ
2524 988 2931 1061 παμμεδέοντος
2952 986 3303 1059 ἐφημοσύνην
3333 986 3644 1058 Γενιτῆρος,

2175 1080 2329 1145 Ζωὴν
2351 1080 2651 1152 ἀθανάτην,
2680 1080 2778 1152 τὴν
2807 1079 3002 1151 ἔλλαχε
3031 1080 3327 1151 σύνδρομος
3359 1079 3495 1133 αίὼν

2190 1174 2390 1247 Ἀενάῳ
2402 1175 2782 1247 στροφάλιγγι·
2800 1176 2895 1229 καὶ
2924 1176 3097 1247 ὑμέας
3126 1178 3260 1229 ὅσσα
3289 1176 3548 1243 διδάσκω,

2179 1265 2390 1337 Ὥσπερ
2418 1266 2541 1337 ἐμοὶ
2570 1267 2825 1333 κατέλεξε
2852 1267 3042 1339 Πατὴρ
3073 1268 3225 1338 ἐμὸς,
3247 1266 3323 1331 ὣς
3351 1268 3617 1339 ἀγορεύω.

2835 1466 2995 1520 ΚΕΦ.
3022 1466 3118 1520 Il".

2253 1581 2277 1635 1
2320 1580 2433 1635 Καὶ
2485 1579 2704 1644 ναέταις
2742 1579 2873 1651 πρὶν
2922 1578 3115 1650 Πάσχα
3161 1578 3366 1650 μολεῖν,
3406 1578 3537 1650 πρὶν
3581 1578 3745 1649 βωμδν

3436 1672 3677 1743 [ἀνάψαι.

2192 1761 2404 1833 Ἰησοῦς
2431 1763 2597 1816 νοέων
2623 1763 2705 1816 ὅτι
2729 1762 2946 1833 καίριος
2967 1761 3166 1833 ἤλυθεν
3194 1760 3336 1833 ὤρη,

481 1856 685 1912 malum
716 1861 967 1926 subiens,
1002 1862 1197 1919 Redux
1227 1863 1551 1936 altiregente
1584 1867 1788 1935 pariter
1824 1880 2078 1921 corusca-

2210 1860 2366 1927 Οφρα
2399 1874 2493 1909 κεν
2524 1858 2587 1909 ὲκ
2613 1856 2838 1927 κόσμοιο
2869 1856 3210 1928 μετάτροπος
3242 1855 3436 1925 αίθέρα
3456 1856 3641 1919 δύνιιιν,

481 1963 567 2010 ret
588 1970 712 2011 cum
744 1956 930 2026 Patre,
961 1958 1166 2017 Omnes
1205 1977 1421 2032 semper
1463 1969 1763 2032 praesentes
1807 1979 1939 2020 suos
1980 1979 2076 2019 so-

481 2052 600 2110 cios
651 2054 887 2127 diligens
935 2058 1021 2113 Ab
1075 2058 1259 2123 initio,
1306 2060 1385 2115 sic
1420 2058 1613 2114 dilexit
1661 2067 1716 2115 et
1768 2058 1838 2114 ad
1888 2061 2072 2116 linem.

480 2154 517 2208 2
560 2154 889 2229 Vespertina
935 2167 1119 2215 autem
1154 2159 1323 2215 Coma
1360 2159 1503 2216 facta
1536 2162 1819 2217 benevolae
1850 2178 2073 2229 mensae,

2168 1948 2451 2019 ’Νόστιμος
2479 1948 2794 2019 ὑψιμέδοντι
2825 1947 3221 2019 συναστράψειε
3249 1948 3440 2018 Τοκῆῖ,

2178 2040 2393 2105 Πάντας
2418 2041 2503 2094 ἀεὶ
2525 2039 2830 2111 παρεόντας
2864 2041 2987 2103 ἑοὺς
3010 2041 3239 2110 ἑτάρους
3262 2040 3554 2109 ἀγαπήσας

2191 2132 2281 2197 Ἐξ
2308 2132 2505 2203 ἀρχῆς,
2532 2131 2785 2200 άγάπαζε
2817 2132 2911 2185 καὶ¹
2943 2134 3022 2195 εἰς
3053 2132 3227 2196 τέλος.
3260 2132 3295 2185 2
3336 2132 3617 2203 Ἐσπερίου
3638 2132 3691 2185 δὲ

2177 2225 2408 2279 Δείπνου
2436 2226 2743 2296 γινομένοιο
2772 2226 3147 2295 φιλοστόργου)
3173 2223 3474 2297 τραπέζης,

482 2255 697 2313 Servile
742 2274 883 2330 opus
930 2259 1060 2316 fecit
1093 2262 1211 2317 suis
1246 2262 1416 2320 sociis
1454 2270 1647 2318 texens
1672 2260 1950 2335 (Dremone
1981 2264 2103 2343 ιλιι-⁴

478 2362 750 2428 versario,
796 2378 964 2425 avaro
988 2364 1232 2435 quodam
1276 2365 1508 2421 stimqu
1553 2364 1863 2421 Humanam
1889 2366 1959 2422 ad
1988 2381 2099 2422 ra-v

479 2459 627 2516 biem
652 2462 915 2521 incitante
942 2463 1162 2532 Iudam,
1198 2467 1393 2521 Audax
1430 2475 1490 2521 ut
1516 2468 1607 2523 ille
1629 2467 1836 2525 Iudaeis
1862 2469 2066 2539 prode-
2094 2506 2101 2513 ε

480 2570 567 2615 ret
604 2561 907 2632 Christum,
938 2580 1100 2619 suum
1131 2569 1483 2635 nutritorem,
1520 2568 1803 2639 accipiens
1836 2569 2075 2639 pretium

482 2659 659 2731 exitii)
690 2679 703 2716 :
731 2662 766 2717 5
804 2661 926 2733 Ipse
959 2678 1063 2720 suo
1091 2665 1261 2720 corde
1288 2666 1472 2723 sciens
1506 2668 1655 2738 quod
1690 2669 1838 2725 illius
1870 2668 2075 2723 Altire—

488 2777 630 2833 gens
660 2764 827 2819 simul
854 2766 1042 2821 omnia
1076 2766 1222 2823 Deus
1251 2768 1498 2823 dedisset
1527 2784 1693 2824 manu
1720 2770 2074 2835 distribuere,

483 2865 642 2931 Quod
672 2872 727 2922 et
753 2881 783 2921 e
816 2867 976 2923 coelis
1008 2876 1061 2923 et
1096 2869 1151 2923 in
1183 2869 1384 2924 coelum
1420 2870 1627 2941 duplici
1662 2871 1780 2941 lege
1798 2872 1866 2925 Et
1899 2886 1929 2925 a
1964 2870 2076 2925 Deo

481 2968 639 3038 prius
665 2968 927 3033 venisset,
959 2978 1015 3025 et
1049 2970 1118 3026 ad
1161 2970 1332 3026 Deum
1365 2978 1757 3027 reverteretur.
1784 2972 1819 3026 4
1850 2973 1916 3027 Et
1943 2979 2077 3027 tunc

481 3068 728 3125 convivis
763 3069 961 3125 servile
986 3085 1125 3142 opus
1149 3077 1341 3128 texens
1366 3069 1557 3137 Jesus,
1585 3086 1751 3142 Opere
1784 3083 2072 3143 promptus

483 3171 725 3225 surrexit
766 3185 982 3227 caenam
1024 3171 1367 3243 relinquens,
1418 3174 1485 3228 Et
1544 3188 1776 3243 corpore
1825 3190 1853 3228 a
1890 3174 2076 3244 splen-

482 3270 614 3327 dido
642 3288 773 3328 suas
801 3272 1059 3344 deposuit
1089 3275 1330 3339 tunicas,
1356 3274 1417 3329 Et
1445 3274 1647 3329 lineam
1677 3274 1824 3329 circa
1855 3275 2074 3330 lumbos

483 3373 732 3441 spuriain
775 3372 953 3428 cinxit
1002 3374 1271 3441 fasciam;
1311 3372 1603 3444 Stringens
1645 3373 1839 3428 duram
1886 3376 2073 3439 telam,

484 3489 650 3543 quam
683 3474 821 3529 dixit
855 3475 1180 3545 sepulcralis
1212 3491 1318 3530 vox
1352 3474 1631 3540 Linteum,
1672 3477 1885 3531 humidi
1920 3476 2076 3545 pedis

485 3573 798 3630 subsidium
837 3572 1105 3628 virorum.
1141 3575 1174 3631 5
1209 3576 1277 3628 Et
1314 3590 1619 3630 concavum
1663 3576 1719 3630 in
1762 3574 2107 3646 pollubrum'

486 3674 726 3731 fundens
778 3676 1192 3731 subterraneam
1251 3692 1450 3746 aquam
1503 3677 1798 3743 Christus,
1853 3693 2079 3734 suorum

486 3776 765 3835 sociorum
802 3777 999 3835 charos
1048 3778 1215 3849 pedes
1264 3778 1469 3848 incepit
1536 3780 1737 3843 lavare,
1793 3779 1955 3851 148
1999 3779 2079 3835 Ad

487 3878 742 3933 ultimum
775 3893 804 3932 a
831 3877 1009 3950 primo
1043 3878 1319 3934 transiens
1356 3879 1424 3932 ad
1474 3880 1642 3933 alium
1673 3880 1741 3934 ab
1775 3880 1904 3945 alio,
1940 3878 2082 3935 lnci-

487 3980 646 4052 piens
684 3995 714 4035 a
754 3980 995 4047 Simone,
1020 3996 1196 4051 usque
1231 3980 1300 4035 ad
1341 3996 1502 4038 suum
1542 3980 1898 4035 homicidam.
1938 3980 2085 4037 680-

490 4082 635 4138 niori
663 4092 847 4139 autem
880 4082 1095 4138 Simoni
1140 4083 1339 4161 astitit,
1374 4090 1428 4137 et
1456 4081 1623 4154 pedes
1650 4083 1770 4153 ejus
1803 4081 2082 4153 Utrosque

494 4182 753 4253 arripuit,
800 4182 947 4239 celer
993 4191 1178 4239 autem
1229 4183 1458 4239 retraxit
1507 4181 1724 4253 Simon,
1784 4181 2085 4256 Jesumque

489 4285 732 4367 inhibuit
780 4286 1003 4341 charam
1050 4285 1462 4343 venerationem
1512 4287 1691 4343 oculis
1726 4296 2085 4357 monstrans;

492 4386 560 4442 Et
589 4387 772 4458 ipsum
813 4388 1066 4445 detinens
1112 4387 1244 4443 forti
1284 4388 1545 4444 demulsit
1572 4404 1742 4465 voce:
1771 4389 1873 4445 Tui
1914 4390 2079 4445 mini-

2207 4386 2300 4464 ςάί
2336 4425 2427 4480 μιν
2458 4408 2705 4481 ἐρητύων
2734 4407 2932 4481 βριαρῇ
2966 4386 3245 4477 μειλίξατο
3264 4409 3417 4479 φωνῇ
3439 4423 3452 4435 ⁸

492 4487 612 4548 stri,
650 4486 766 4542 Rex
789 4487 1047 4543 omnibus
1097 4488 1396 4557 imperans,
1449 4486 1626 4545 Lavas
1674 4491 1783 4545 tuis
1832 4491 2079 4547 manibus

2207 4501 2507 4572 ’Υμετέρου
2534 4500 3070 4572 θεράποντος,“Λναξ
3102 4502 3367 4554 πάντεσσι
3398 4499 3656 4561 κελεύων,

493 4601 646 4643 meos
669 4581 877 4659 pedes?
928 4588 959 4640 ’ζ
1005 4586 1372 4659 Suaviloquus
1421 4606 1551 4647 vero
1610 4590 1833 4647 Scdenti
1868 4591 2079 4648 Simoni

2207 4593 2418 4656 Ἷίπτεις
2448 4594 2566 4657 σαῖς
2584 4591 2923 4663 παλάμαισιν
2943 4592 3110 4661 ἐμοὺς
3132 4590 3331 4658 πόδας;
3356 4590 3385 4643 7
3413 4590 3682 4661 Ἢδυεπὴς
3711 4588 3759 4642 δῖ

2177 2317 2396 2371 Δούλιον
2418 2314 2579 2387 ἔργον
2608 2315 2826 2380 ἔτευξεν
2851 2318 2961 2379 ἑοῖς
2991 2316 3265 2386 ἑτάροισιν
3292 2316 3532 2385 ὑφαίνων

2178 2410 2465 2481 (Δαίμονος
2490 2408 2807 2463 ἀντιπάλοιο
2830 2407 3171 2476 φιλοκτεάνῳ
3198 2407 3309 2461 τινὶ
3343 2406 3552 2477 κέντρῳ

2190 2500 2524 2574 Ἀνδρομέην
2562 2501 2655 2553 ἐπὶ
2677 2500 2882 2553 λύσσαν
2913 2500 3369 2570 ἀνοιστρήσαντος
3404 2500 3620 2566 Ἰούδαν,

2177 2592 2451 2666 Τολμήεις
2481 2593 2571 2647 ἵνα
2591 2595 2770 2657 κεῖνος
2806 2592 3111 2646 Ἰουδαίοισι
3137 2591 3361 2662 προδοίη

2176 2685 2433 2757 Χριστὸν,
2463 2685 2551 2739 ἑὸν
2573 2685 2882 2757 θρεπτῆρα,
2917 2684 3235 2755 δεδεγμένος
3262 2681 3397 2739 ὦνον
3428 2685 3682 2757 όλέθρου)’

2180 2774 2215 2828 '5
2252 2774 2423 2838 Αὐτὸς
2454 2777 2515 2846 ἑῇ
2542 2774 2740 2847 κραδίῃ
2765 2772 3095 2843 δεδαημένος
3123 2772 3349 2843 δττιπερ
3376 2770 3544 2825 αὑτοῦ

2194 2864 2499 2934 ’Υψιμέδων
2527 2863 2647 2934 ἅμα
2678 2864 2857 2916 πάντα
2881 2861 3014 2924 Θεὸς
3040 2860 3174 2931 πόρε
3205 2861 3350 2931 χειρὶ
3372 2859 3638 2930 νομεύειν,

2182 2954 2335 3006 Ὅττι
2370 2954 2465 3005 καὶ
2486 2950 2779 3023 οὐρανόθεν
2808 2951 2905 3004 καὶ
2927 2952 2984 3014 ὲς
3015 2950 3207 3022 αἰθέρα
3231 2949 3409 3017 δίζυγι
3444 2947 3625 3019 θεσμῷ

2178 3040 2288 3095 Kal
2313 3039 2496 3092 θεόθεν
2531 3040 2705 3110 πάρος
2735 3037 2890 3110 ἦλθε,
2917 3040 3014 3093 καὶ
3036 3040 3117 3101 είς
3140 3038 3274 3092 Θεὸν
3299 3033 3454 3101 αὖτις
3487 3038 3673 3091 ἱκάνει.

2178 3132 2212 3188 4
2253 3132 2362 3185 Kal
2390 3130 2516 3184 τότε
2540 3129 2927 3202 δαιτυμόνεσσι
2956 3130 3241 3200 διάκτορον
3267 3128 3426 3200 ἔργον
3448 3128 3681 3198 ὑφαίνων

2103 3225 2150 3288 C
2192 3222 2420 3294 Ἰησοῦς,
2456 3222 2757 3294 ταχυεργὸς
2780 3222 3039 3276 ἀνίστατο
3060 3221 3275 3274 δεῖπνον
3300 3221 3487 3283 ἐάσας,

2179 3317 2292 3369 Kal
2314 3315 2472 3385 χροὸς
2502 3314 2820 3386 αἰγλήεντος
2847 3315 2971 3377 ἑοὺς
3006 3313 3252 3383 ἁπέθηκε
3274 3312 3528 3384 χιτῶνας,

2180 3407 2292 3460 Kal
2325 3405 2507 3476 λινέην
2532 3405 2819 3473 λαγόνεσσι
2839 3404 3004 3476 νοθὴν
3025 3404 3269 3469 ἐζώσατο
3301 3406 3521 3475 μίτρηνο

2181 3496 2423 3565 Σφίγξας
2452 3496 2688 3569 σκληρὸν
2722 3496 2975 3567 ὕφασμα,
3004 3496 3175 3568 τόπερ
3200 3497 3338 3567 φάτο
3366 3493 3605 3566 θυμϐεάς
3630 3492 3760 3564 αὐδὴ

2180 3588 2416 3653 Λίντιον,
2451 3588 2740 3661 ίκμαλὲοιο
2769 3587 2929 3652 ποδὸς
2961 3587 3255 3659 ἁλκτήριον
3278 3585 3504 3657 ἀνδρῶν·

2183 3681 2217 3735 5
2256 3681 2366 3733 Kal
2397 3679 2662 3752 γλαφυρῷ
2688 3679 2912 3751 νιπτῆρι
2949 3678 3128 3748 βαλὼν
3151 3678 3479 3733 ὑποκόλπιον
3500 3674 3642 3745 ὕδωρ

2183 3769 2439 3842 Χριστὸς,
2466 3770 2573 3823 ἑῶν
2602 3771 2816 3841 ἑτάρων
2846 3767 3058 3839 φιλίους
3078 3768 3245 3831 πόδας
3272 3766 3474 3838 ἦρξατο
3502 3765 3725 3825 νίπτειν,

2189 3859 2350 3933 149
2394 3860 2645 3916 Λοίσθιον
2691 3862 2758 3914 ὲκ
2804 3858 3026 3932 πρώτου
3064 3858 3464 3930 μετανεύμενος
3493 3856 3647 3911 ἄλλον
3670 3858 3759 3908 ἀπ’

3473 3948 3681 4022 [ἄλλου,

2199 4046 2525 4119 Ἀρχόμενος
2551 4044 2817 4117 Σίμωνος,
2849 4043 2954 4107 ἕως
2993 4042 3143 4097 ίδίοιο
3164 4042 3381 4114 φονῆος.

2187 4137 2221 4193 6
2247 4137 2613 4209 Πρεσϐυτέρῳ
2639 4136 2697 4190 δὲ
2726 4136 2933 4207 Σίμωνι
2954 4135 3279 4206 παρίστατο,
3298 4132 3392 4186 καὶ
3416 4131 3579 4193 πόδας
3605 4128 3758 4185 αὐτοῦ

2201 4226 2572 4298 Ἀμφοτέρους
2606 4225 2929 4297 κρατέεσκε,
2960 4224 3134 4294 ταχὺς
3166 4223 3211 4276 δ’
3227 4222 3538 4276 ἀντέσπασε
3566 4221 3756 4291 Σίμων,

2202 4315 2410 4388 Ἰησοῦν
2441 4317 2485 4370 δ’
2508 4315 2761 4385 ἁνέκοψε,
2800 4314 2954 4385 φίλον
2994 4315 3159 4378 σέϐας
3188 4315 3401 4387 ὄμμασι
3432 4313 3637 4383 φαίνων
3659 4329 3672 4342 ·

1696 4746 1982 4803 TEXTUS
2022 4745 2553 4802 EVANGELISTKE.

567 4857 635 4914 49
675 4856 799 4909 ’Ότι
838 4854 950 4925 ἐγὼ
1000 4855 1059 4923 ἐξ
1122 4854 1364 4926 ἐμαυτοῦ
1420 4857 1522 4913 οὐκ
1574 4858 1841 4931 ἐλάλησα*
1893 4859 2007 4913 ἀλλ’
2050 4860 2081 4912 ὁ
2186 4877 2303 4923 του,
2336 4859 2422 4913 ἵνα
2451 4858 2614 4913 αὐτὸν
2654 4857 2928 4930 παραδῷ),
3040 4822 3043 4825 Ι

496 4941 718 5013 πέμψας
751 4957 818 5012 με
847 4940 1063 5012 Πατὴρ,
1096 4938 1258 5004 αὐτός
1293 4958 1385 5012 μοι
1411 4941 1633 5016 ἐντολὴν
1660 4942 1827 4996 ἔδωκε
1856 4942 1907 4995 τί
1940 4943 2081 4996 εἴπω

495 5028 590 5083 καὶ
625 5026 677 5078 τί
706 5024 941 5095 λαλήσω.

567 5109 635 5163 50
674 5109 783 5162 Kal
808 5104 925 5160 οἶδα
948 5108 1084 5179 ὃτιὴ
1114 5107 1302 5180 ἐντολὴ
1324 5106 1492 5164 αὑτοῦ
1521 5108 1635 5183 ζωὴ
1661 5106 1879 5175 αἰώνιός
1912 5112 2080 5165 ἐστιν·

494 5191 532 5247 ἆ
564 5188 657 5286 οῦν
685 5190 832 5245 λαλῶ
871 5190 1003 5259 ἐγὼ,
1041 5189 1226 5257 καθὼς
1269 5190 1462 5263 εἴρηκέ
1500 5210 1591 5263 μοι
1639 5193 1667 5246 ὁ
1699 5194 1909 5266 Πατὴρ,
1936 5194 2080 5249 οὕτω

494 5274 664 5331 λαλῶ.

1136 5360 1296 5414 ΚΕΦ.
1335 5357 1435 5413 II”.

568 5445 596 5499 1
640 5442 757 5515 Πρὸ
784 5441 842 5496 δὲ
867 5440 969 5512 τῆς
997 5441 1191 5514 ἑορτῆς
1227 5442 1322 5496 τοῦ
1355 5441 1570 5513 Πάσχα,
1608 5443 1766 5506 είδὼς
1802 5444 1829 5497 ὁ
1872 5443 2081 5515 Ἰησοῦς

498 5530 580 5583 ὃτι
615 5524 878 5599 ἐλήλυθεν
909 5524 1077 5578 αὐτοῦ
1114 5528 1147 5595 ή
1181 5524 1300 5597 ὥρα
1341 5524 1430 5579 ἴνα
1480 5526 1690 5597 μεταϐῇ
1735 5527 1800 5578 ἐκ
1848 5525 1944 5579 τοῦ
1991 5527 2083 5580 x6-

501 5628 640 5683 σμου
666 5608 857 5663 τούτου
881 5608 1018 5680 πρὸς
1048 5608 1139 5661 τὸν
1170 5607 1410 5679 Πατέρα,
1433 5608 1722 5679 ἀγαπήσας
1753 5608 1880 5674 τοὺς
1922 5609 2083 5675 ἰδίους

503 5695 629 5758 τοὺς
665 5695 726 5748 ὲν
762 5692 839 5763 τῷ
879 5691 1091 5764 κόσμῳ,
1134 5693 1214 5757 εἰς
1239 5691 1391 5757 τέλος
1418 5692 1704 5761 ἠγάπησεν
1735 5692 1951 5754 αὐτούς.

573 5776 611 5829 ‘2
644 5777 755 5829 Kal
783 5776 1001 5831 δείπνου
1055 5776 1351 5844 γενομένου
1394 5775 1514 5846 (τοῦ
1566 5775 1814 5829 διαϐόλου
1852 5777 1952 5847 ἥδη
1994 5775 2082 5846 βε-

507 5858 766 5929 ϐληκότος
796 5863 874 5926 εἰς
909 5862 1013 5932 τὴν
1034 5857 1253 5932 καρδίαν
1304 5858 1472 5913 Ἰούδα
1504 5858 1749 5931 Σίμωνος
1789 5858 2071 5932 Ἰσκαριώ-

2260 4942 2294 4997 ῗ)
2332 4940 2503 5005 Εἰδὼς
2528 4942 2557 4994 ὁ
2598 4941 2807 5011 Ἰησοῦς
2833 4941 2916 4994 ὅτι
2944 4939 3127 4995 πάντα
3152 4940 3384 4995 δέδωκεν
3418 4942 3569 5015 αὐτῷ
3599 4947 3627 4998 ό
3658 4944 3757 4998 Πα-

2189 5026 2295 5099 τὴρ
2333 5027 2413 5090 είς
2452 5025 2552 5089 τὰς
2590 5028 2797 5097 χεῖρας,
2833 5025 2927 5078 καὶ
2968 5025 3051 5078 ὅτι
3093 5025 3201 5079 ἀπὸ
3247 5025 3382 5079 Θεοῦ
3426 5027 3640 5098 ἐξῆλθε,
3679 5028 3761 5081 καὶ

2192 5100 2330 5181 πρὸς
2362 5109 2454 5162 τὸν
2487 5108 2620 5162 Θεὸν
2651 5110 2853 5177 ὑπάγει
2873 5124 2888 5139 ο

2262 5192 2295 5245 4
2345 5191 2619 5263 Ἐγείρετο
2642 5194 2705 5245 ὲκ
2730 5189 2823 5244 τοῦ
2842 5189 3091 5253 δείπνου,
3121 5191 3215 5247 καὶ
3243 5191 3427 5264 τίθησι
3455 5194 3524 5247 τὰ
3558 5195 3756 5265 ἱμάτια·

2189 5276 2283 5329 καὶ
2316 5274 2496 5329 λαϐὼν
2524 5275 2751 5339 λέντιον,
2771 5274 3029 5339 διέζωσεν
3063 5274 3276 5329 ἑαυτόν.

2260 5360 2293 5415 5
2329 5356 2461 5413 Εἶτα
2491 5358 2675 5429 βάλλει
2703 5357 2849 5429 ὕδωρ
2886 5358 2966 5420 είς
3003 5358 3096 5411 τὸν
3144 5357 3404 5428 νιπτῆρα,
3442 5358 3535 5411 καὶ
3574 5358 3761 5430 ἤρξατο

2188 5443 2401 5497 νίπτειν
2428 5443 2557 5505 τοὺς
2587 5440 2754 5504 πόδας
2781 5438 3208 5510 τῶννμαθητῶν,
3239 5440 3335 5493 καὶ
3368 5442 3666 5512 ἐκμάσσειν
3692 5438 3761 5510 τῷ

2187 5526 2379 5595 λεντίῳ
2409 5518 2454 5593 ᾧ
2480 5520 2548 5595 ἦν
2578 5523 2962 5595 διεζωσμένος.

2262 5609 2295 5663 6
2335 5609 2596 5681 Ἔρχεται
2635 5602 2729 5660 οὖν
2766 5605 2902 5676 πρὸς
2951 5596 3176 5677 Σίμωνα
3227 5606 3466 5677 Πέτρον*
3500 5606 3594 5659 xal
3625 5606 3759 5675 λέγει

2192 5692 2338 5765 αὐτῷ
2364 5694 2597 5755 ἐκεῖνος·
2640 5690 2835 5762 Κύριε,
2872 5688 2936 5741 σύ
2980 5704 3083 5758 μου
3109 5692 3319 5752 νίπτεις
3350 5691 3475 5753 τοὺς
3505 5689 3693 5753 πόδαςς

2261 5777 2290 5830 7
2342 5773 2635 5846 ’Λπεκρίθη
2666 5772 2872 5844 Ἰησοῦς
2899 5772 2993 5825 καὶ
3008 5768 3159 5825 εἶπεν
3188 5771 3353 5843 αὐτῷ·
3386 5774 3451 5827 Ὃ
3478 5774 3588 5843 ἐγὼ
3612 5772 3755 5839 ποιῶ,

2191 5860 2253 5913 σὺ
2292 5859 2391 5913 οὐκ
2417 5856 2567 5921 οἶδας
2596 5858 2741 5930 ἄρτι,
2780 5855 2968 5928 γνώσῃ
2998 5855 3053 5911 δὲ
3085 5855 3223 5928 μετὰ
3250 5854 3441 5910 ταῦτα’
