3982 6406
180 415 287 472 861

193 529 481 605 Ἐζομένῳ
516 533 721 607 Σίμωνι
760 536 1025 612 θεηγόρος
1052 534 1211 597 εἶπεν
1260 543 1507 615 Ἰησοῦςο

190 622 357 695 ’Ᾱρτι
393 624 495 695 μὲν
520 624 597 689 ὡς
623 627 794 681 τελέω
822 629 1155 704 δρηστήριον
1177 633 1342 706 ἔργον
1376 636 1654 706 ὑφαίνων,

186 713 263 767 Οὑ
293 712 523 769 δύνασαι
549 716 743 784 νοέειν,
779 720 1077 789 μετέπειτα
1100 722 1158 775 δὲ
1192 724 1351 779 τοῦτο
1371 727 1608 798 νοήσεις.

184 805 221 859 8
247 806 363 881 Καί
394 807 445 860 οί
478 806 685 879 Πέτρος
712 808 885 877 ἔλεξε,
912 811 1058 883 χέων
1092 815 1280 889 ἡδεῖαν
1306 818 1571 890 ἀπειλήνσ

185 897 403 953 Οὑποτε
439 899 795 971 φαιδρύνειας
827 905 998 976 ἐμοὺς
1034 907 1225 974 πόδας,
1251 910 1333 975 είς
1353 911 1481 965 ὅσον
1510 912 1674 984 ἕρπει

181 988 336 1045 Αίὼν
367 990 776 1057 πουλυέλικτος.
812 996 985 1065 ’Δναξ
1014 998 1061 1051 δ’
1097 999 1359 1069 ἠμείϐετο
1390 1002 1579 1075 μύθῳ·

183 1081 403 1136 οὕτωτέ
433 1099 517 1137 σοι
544 1084 666 1157 μετ’
692 1086 848 1159 ἐμεῖο
877 1088 1048 1163 μέρος
1075 1091 1504 1166 πεφυλαγμένον
1527 1094 1705 1162 ἔσται,

183 1173 250 1226 El
287 1173 365 1246 μὴ
396 1173 510 1243 ἐγὼ
540 1175 680 1247 νίψω
712 1194 795 1243 σε,
835 1179 978 1251 χέων
1013 1184 1376 1257 μεταχείριον
1409 1185 1578 1259 ὕδωρ.

183 1265 222 1319 9
247 1265 359 1319 Καί
383 1267 433 1320 οί
469 1266 642 1339 μῦθον
678 1268 828 1336 ἔλεξε
858 1271 966 1343 νόῳ
999 1274 1295 1346 πειθήμονι
1329 1274 1550 1348 Σίμων⁵

181 1355 297 1410 Ναὶ
329 1357 575 1430 λίτομαι,
610 1360 687 1433 μὴ
721 1360 922 1433 μοῦνον
953 1364 1122 1436 ἐμοὺς
1155 1367 1347 1432 πόδας,
1379 1368 1703 1440 ἀμφοτέρας
1736 1368 1794 1424 δὲ

180 1446 380 1516 Νίψον,
417 1446 609 1514 Ἀναξ,
642 1449 738 1504 καὶ
758 1453 950 1524 χεῖρας
972 1452 1135 1523 ἐμὰς,
1167 1454 1266 1509 κα)⁵
1296 1454 1542 1510 κυκλάδα
1562 1455 1787 1529 κόρσηψ

180 1539 295 1594 Ναὶ
310 1540 492 1607 πάλιν,
506 1540 575 1612 ἢν
594 1542 808 1617 ἐθέλῃς,
826 1544 922 1598 καὶ
941 1545 1063 1599 ὅλον
1078 1544 1344 1616 δέμας.10
1362 1544 1529 1604 Εἶπεν
1558 1548 1788 1621 ἰησοῦςο

180 1632 263 1687 Οὑ
293 1633 479 1705 χατέει
505 1636 724 1707 νεαροῖο
754 1634 1082 1710 λελουμένος
1115 1637 1307 1705 ὓδατος
1339 1640 1502 1713 ἀνὴρ,

184 1725 252 1779 El
289 1725 367 1799 μὴ
403 1725 579 1799 μοῦνα
609 1726 835 1784 πόδεσσι
863 1729 1140 1800 καθάρσια
1160 1732 1363 1804 νίπτρα
1391 1732 1618 1806 πορείης

178 1817 465 1893 Εἱνοδίης·
501 1822 741 1895 καθαρὸν
775 1822 885 1896 γὰρ
918 1824 1040 1879 ὅλον
1071 1824 1263 1897 δέμας.
1316 1826 1650 1900 ’Δνδρομέης
1689 1827 1750 1882 δὲ

1092 425 1603 489 PARAPilBASlS.
1630 430 1700 488 IN
1735 430 2081 493 JOANNEM.
2120 468 2190 481 ο·-
2228 440 2383 498 CAP.
2418 440 2558 499 XIII.

3386 446 3496 509 Μ

1824 554 1875 617 Δ
1901 550 2274 624 diviniloqnus
2320 556 2463 613 dixit
2507 556 2711 615 Jesus:
2741 555 2862 613 Jam
2895 558 3116 629 quidem
3143 563 3292 632 quod
3323 569 3492 635 pera.

1901 649 1991 705 cio
2048 652 2254 707 servile
2300 668 2442 724 opus
2493 663 2724 720 texens,
2775 652 2898 711 Non
2950 663 3109 726 potes
3164 657 3493 733 intelligere,

1896 744 2159 815 deinceps
2208 759 2392 805 autem
2432 750 2540 805 hoc
2586 750 2751 806 scies.
2789 748 2825 805 8
2856 749 2922 805 Et
2971 749 3026 806 ei
3081 751 3277 811 Petrus
3328 755 3490 824 dixit.

1899 842 2137 900 fundens
2170 859 2372 903 suaves
2402 846 2583 903 minas
2609 865 2624 902 :
2654 844 2952 917 Nunquam
2978 850 3314 921 expurgabis
3339 867 3492 911 meos

1897 940 2090 1012 pedes,
2129 942 2309 998 donec
2352 944 2498 1016 repit
2539 944 2743 1001 Alvum
2784 946 3019 1002 multum
3060 947 3334 1005 volutum.
3374 948 3493 1008 Rex

1896 1044 2081 1091 autem
2128 1040 2420 1109 respondit
2463 1040 3083 1113 sermone:Nunquam
3130 1044 3230 1100 tibi
3275 1059 3491 1102 mecum

1898 1144 2030 1202 pars
2058 1133 2342 1189 custodita
2375 1135 2501 1199 erit,
2536 1133 2653 1192 Nisi
2681 1150 2782 1207 ego
2814 1138 2990 1193 lavem
3023 1147 3094 1205 te,
3132 1139 3369 1199 fundens
3396 1143 3494 1200 ad-

1897 1228 2355 1284 ministratoriam
2382 1245 2603 1302 aquam.
2638 1230 2672 1286 9
2701 1230 2768 1285 Et
2796 1232 2848 1289 ei
2870 1235 3102 1290 verbum
3132 1235 3275 1292 dixit
3307 1246 3494 1294 mente

1894 1323 2122 1379 credula
2157 1323 2381 1381 Simon:
2402 1326 2500 1395 Ita,
2529 1343 2749 1399 precor,
2776 1343 2888 1385 non
2915 1332 3094 1387 solum
3118 1347 3274 1389 meos
3301 1333 3489 1404 pedes,

1898 1429 2163 1495 utrasque
2190 1437 2381 1479 verum
2403 1421 2571 1491 Lava,
2608 1423 2744 1493 Rex,
2780 1435 2834 1482 et
2868 1441 3065 1484 manus
3091 1443 3265 1494 meas,
3297 1437 3353 1485 et
3381 1431 3491 1486 cir-

1893 1517 2082 1573 culare
2116 1526 2304 1589 caput,
2342 1518 2404 1575 Et
2444 1535 2665 1591 rursus,
2701 1523 2747 1579 si
2778 1522 3043 1591 volueris,
3072 1535 3124 1582 et
3159 1534 3333 1581 totum
3364 1542 3490 1583 cor-

1893 1629 2016 1685 pus.
2045 1613 2113 1669 10
2132 1614 2483 1673 Dixitiesus:
2510 1615 2629 1673 Non
2651 1618 2859 1691 indiget
2876 1635 3017 1677 nova
3041 1622 3187 1679 lotus
3214 1638 3355 1694 aqua
3384 1623 3489 1691 vir,

1889 1709 2008 1767 Nisi
2029 1712 2208 1769 solum
2241 1713 2474 1784 pedibus
2493 1728 2633 1785 puro
2670 1716 2889 1773 lavacro
2919 1734 3020 1789 pro
3041 1719 3239 1776 itinere
3267 1721 3493 1794 Compi-

1894 1810 2021 1880 tali;
2077 1827 2278 1882 purum
2324 1813 2472 1867 enim
2522 1820 2701 1867 totum
2746 1828 2979 1885 corpus;
3035 1815 3260 1871 humani
3306 1825 3490 1877 autem

181 1909 467 1982 ’Δμμοροι
502 1913 828 1986 ἀμπλακίης
854 1895 1087 1988 καθαροὶ
1116 1895 1236 1971 νόον
1270 1917 1394 1971 ἐστὲ
1561 1895 1746 1999 αὑτοί’

1895 1910 2163 1980 Expertes
2193 1910 2385 1975 errati,
2418 1908 2542 1981 puri
2576 1919 2759 1965 mente
2787 1912 2924 1968 estis
2953 1922 3007 1968 et
3037 1912 3179 1985 ipsi;
3224 1913 3332 1971 Sed
3379 1931 3489 1972 non

190 2000 335 2054 Ἀλλ’
366 2000 555 2068 οὔπως
584 2005 703 2076 ἅμα
733 2006 956 2071 πάντες.
983 2006 1044 2061 11
1095 2007 1249 2062 Ἐπεὶ
1277 2007 1452 2081 πάρος
1482 2004 1600 2080 ῆῖδε
1627 2008 1783 2084 θυμῷ

175 2091 279 2155 Τίς
312 2093 581 2168 μινιάνὴρ
620 2094 861 2168 ἤμελλεν
899 2098 1173 2162 Ἰουδαίοις
1198 2099 1542 2171 παραδώσειν

181 2184 374 2238 Ὠνιον
414 2184 736 2241 ἀντιϐίοισι*
767 2186 853 2251 τίς
891 2187 1136 2263 ἔμπορος
1164 2185 1262 2262 ἦεν
1298 2189 1544 2265 ὀλέθρου.

174 2270 256 2331 Οὗ
293 2277 457 2348 χάριν
485 2276 824 2349 ἀγχιθέοισιν
858 2280 1029 2347 Ἀναξ
1063 2283 1297 2356 ἀγόρευε
1326 2282 1599 2356 μαθηταῖς
1618 2300 1631 2314 ·

177 2367 472 2441 Ἀμμορον
502 2362 826 2450 ἀμπλακίης
855 2373 1098 2446 καθαρὸν
1128 2375 1249 2429 νόον
1275 2376 1391 2430 ίστε
1415 2375 1512 2430 καὶ
1540 2374 1718 2443 αὑτοὶ,

189 2458 332 2513 Ἀλλ’
362 2458 549 2526 οὔπως
575 2462 692 2534 ἅμα
726 2463 950 2528 πάντες.
987 2465 1053 2519 12
1084 2466 1492 2540 Ὑποδρηστῆρι
1514 2467 1570 2522 δὲ
1592 2466 1779 2540 θεσμῷ

188 2554 434 2609 Ὀππότε
464 2555 809 2629 δαιτυμόνων
841 2558 1169 2614 δυοκαίδεκα
1198 2560 1401 2614 κύκλον
1434 2560 1701 2632 ἀμείϐων,

174 2644 353 2715 Νίψεν
381 2645 486 2700 ἔῶν
519 2646 731 2719 ἑτάρων
764 2648 947 2713 ὁσίους
975 2649 1143 2714 πόδας
1174 2650 1337 2720 ἁγνὸς
1384 2650 1591 2721 Ἰησοῦς

175 2734 571 2807 Κεκλιμένους,
603 2737 932 2812 παλίνορσος
961 2740 1086 2804 ἑοὺς
1113 2739 1297 2795 ἔνδυνε
1326 2741 1592 2813 χιτῶνας·

178 2828 290 2881 Καὶ
319 2828 583 2902 παλάμης
608 2830 835 2901 ἀγκῶνα
870 2831 1247 2905 παλινδίνητον
1276 2834 1496 2904 ἐρείσας

180 2920 345 2992 150
364 2923 692 2994 Ἀκρότατον
714 2928 843 2998 περὶ
858 2927 1059 2983 κύκλον
1075 2929 1435 3002 ὀμοστόργοῑο
1458 2927 1738 3003 τραπέζης
1759 2969 1774 2995 ⁹

173 3009 349 3068 Εἶπεν
377 3014 486 3079 ἑοῖς
512 3015 757 3089 ἑτάροις·
793 3018 1101 3075 Γινώσκετε
1132 3020 1294 3075 τοῦτο
1315 3022 1411 3076 καὶ
1442 3022 1597 3076 αὐτοὶ

187 3104 351 3178 Ὑμῖν
376 3101 487 3162 οἷον
518 3107 702 3179 ἔρεξα,
733 3109 1022 3184 διάκτορον
1057 3112 1219 3185 ἔργον
1243 3113 1518 3187 ὑφαίνων;

178 3196 248 3254 15
291 3198 486 3269 Ὑμεῖς
517 3200 778 3274 διχθαδίῳ
812 3221 882 3275 με
916 3205 1067 3277 σοφῷ
1099 3206 1427 3279 κικλήσκετε
1465 3206 1622 3279 μύθῳ

172 3290 477 3362 Κοίρανον,
510 3293 719 3364 ὑμείων
748 3312 808 3348 τε
836 3295 1159 3351 διδάσκαλον
1180 3315 1193 3328 '
1236 3298 1506 3363 άπλανέες
1536 3299 1594 3354 δὲ

172 3379 354 3436 Τοῦτο
380 3382 565 3449 καλῶς
598 3384 902 3456 φθέγγεσθε
943 3387 1245 3459 δαήμονες*
1278 3390 1396 3461 είμὶ
1428 3390 1539 3463 γάρ
1578 3392 1742 3465 ἄμφω

186 3473 279 3538 Ὠς
308 3474 409 3546 ἐμὲ
444 3475 761 3548 μυθίζεσθε.
794 3479 863 3534 14
891 3480 1237 3553 Φιλοστόργῳ
1264 3481 1322 3536 δὲ
1346 3486 1565 3553 μενοινῇ

173 3565 242 3620 El
270 3565 443 3633 πόδας
474 3568 680 3640 ὑμείων
716 3570 943 3643 καθαρῷ
972 3572 1242 3644 φαίδρυνα
1265 3574 1492 3646 λοετρῷ,

184 3662 437 3735 Ἠγητὴρ
469 3663 566 3718 καὶ
600 3661 738 3731 ἄναξ
768 3666 1072 3739 περιδέξιος
1091 3685 1103 3697 ·
1141 3667 1282 3722 ἀλλά
1312 3669 1408 3723 καὶ
1433 3669 1640 3736 αὑτοὺς

188 3750 510 3806 Ἀντίτυπον
539 3751 698 3825 θέμις
736 3755 886 3809 ἐστὶν
913 3756 1047 3827 ἐμὸν
1088 3757 1319 3828 μίμημα
1353 3758 1623 3830 μαθόντας

183 3843 415 3915 Ὑμέας,
449 3844 697 3919 ἀλλήλων
731 3847 940 3917 φιλίους
961 3849 1128 3913 πόδας
1170 3848 1326 3903 ὕδατι
1357 3850 1587 3905 νίπτειν.

160 3934 200 3987 1
214 3934 247 3988 5
261 3935 477 4006 Δεῖγμα
492 3936 601 4008 γὰρ
614 3935 809 3991 ἔπλετο
823 3937 981 3991 τοῦτο
994 3938 1337 4006 διδάσκαλον,
1351 3940 1419 4008 δφ
1429 3957 1497 4011 ρα
1511 3941 1604 3995 καὶ
1622 3942 1778 4014 ὑμεῖς

175 4026 385 4100 Ἔργον
410 4028 547 4099 ὅπερ
576 4028 778 4101 ποίησα
809 4030 974 4099 σοφὸν
1007 4030 1268 4102 τελέσητε
1302 4029 1398 4085 καὶ
1429 4032 1587 4085 αὑτοὶ

169 4117 387 4183 Πάντες
416 4120 474 4173 ὲν
501 4119 811 4192 ἀλλήλοισιν
836 4121 1113 4193 ἁμοιϐαίῳ
1142 4124 1251 4176 τινὶ
1284 4120 1496 4194 θεσμῷ·

187 4206 435 4279 Ἶσοφυὲς
459 4210 691 4283 μίμημα
724 4212 996 4285 δαήμονος
1030 4213 1361 4285 ἡγεμονῆος.

173 4300 248 4357 16
276 4302 353 4355 Οὑ
380 4301 508 4357 πέλε
530 4303 719 4376 λάτρις
739 4305 973 4371 ἀνακτος
992 4306 1291 4381 ὑπέρτερος
1313 4322 1329 4337 θ
1364 4304 1485 4361 οὐδέ
1518 4323 1604 4370 τις
1636 4305 1775 4381 ἀνὴρ

184 4392 486 4463 Ἦγεμόνος
536 4394 858 4467 πέμψαντος
895 4397 1198 4463 άπόστολός
1228 4398 1377 4453 ἐστιν
1406 4399 1629 4471 ἀρείων.

175 4484 249 4538 17
275 4485 341 4537 Εἰ
363 4485 420 4539 δὲ
445 4486 590 4558 λόγῳ
616 4489 745 4543 τάδε
778 4489 960 4544 πάντα
992 4492 1246 4564 νοήσατε,
1283 4491 1378 4546 καὶ
1407 4490 1527 4556 νόος
1556 4490 1706 4564 ἔργῳ

1886 2006 2054 2063 simul
2087 2021 2303 2063 omnes.
2354 2007 2414 2062 11
2463 2005 2603 2075 Quia
2659 2018 2821 2062 antea
2875 2008 3087 2064 sciebat
3129 2011 3316 2067 animo
3352 2009 3488 2078 Quis

1885 2104 2039 2161 illum
2079 2103 2165 2159 vir
2195 2110 2342 2160 esset
2380 2100 2587 2160 Judasis
2620 2094 2941 2176 proditurus
2993 2105 3248 2161 Venalem
3293 2106 3476 2163 hosti-

1882 2199 2030 2269 bus;
2089 2200 2216 2272 quis
2271 2199 2586 2272 negotiator
2631 2206 2779 2256 esset
2820 2199 2998 2256 exitii.
3048 2199 3282 2273 Propter
3326 2205 3477 2275 quod

1883 2298 1998 2363 Deo
2052 2297 2378 2370 propinquis
2424 2296 2545 2352 ilex
2604 2295 2742 2353 dixit
2795 2297 3123 2371 discipulis:
3180 2299 3477 2372 Expertem

1881 2394 2049 2453 errati
2085 2409 2286 2465 purum
2321 2394 2566 2453 animum
2604 2393 2765 2451 scitis
2792 2402 2849 2451 et
2873 2394 3003 2466 ipsi,
3034 2395 3132 2452 sed
3162 2412 3274 2453 non
3316 2398 3485 2455 simul

1882 2504 2095 2549 omnes.
2126 2491 2198 2547 12
2219 2490 2418 2548 Servili
2460 2499 2647 2549 autem
2697 2491 2815 2562 lege
2847 2489 3082 2559 Quando
3123 2495 3485 2553 convivarum

1890 2591 2184 2650 duodecim
2212 2590 2483 2647 circulum
2513 2588 2825 2661 pervadens
2853 2588 3010 2645 Lavit
3041 2606 3270 2648 suorum
3299 2594 3486 2652 socio—

1880 2703 2005 2743 rum
2042 2702 2210 2758 puros
2242 2684 2413 2760 pedes
2444 2692 2674 2742 salictus
2707 2683 2871 2742 Jesus
2903 2684 3335 2756 Reeumbentes,
3384 2705 3478 2748 re-

1880 2787 2136 2856 ciprocus
2161 2798 2318 2841 suam
2347 2784 2529 2840 induit
2559 2784 2806 2840 tunicam
2831 2803 2846 2841 :
2876 2783 2945 2840 Et
2981 2802 3184 2843 manus
3223 2788 3474 2845 cubitum

1879 2883 2128 2938 volutum
2182 2880 2412 2936 ﬁrmans
2460 2878 2615 2951 151
2667 2877 2960 2938 Summum
3017 2884 3169 2941 circa
3212 2886 3483 2943 ambitum

1880 2978 2181 3035 concordis
2237 2979 2293 3033 in
2354 2993 2540 3035 amore
2595 2994 2832 3046 niensa,
2894 2980 3044 3036 Dixit
3098 2984 3217 3041 suis
3267 2987 3480 3044 sociis:

1881 3076 2234 3147 Cognoscitis
2264 3075 2371 3132 hoc
2399 3084 2456 3130 et
2484 3076 2589 3146 ipsi
2623 3073 2793 3133 Vobis
2825 3077 2959 3148 quid
2993 3078 3242 3147 fecerim,
3281 3083 3484 3139 servile

1882 3187 2026 3244 spus
2063 3172 2295 3229 texens?
2335 3172 2404 3228 l5
2448 3170 2557 3230 Vos
2596 3172 2803 3243 duplici
2848 3189 2936 3229 me
2976 3175 3214 3246 sapienti
3264 3180 3475 3238 vocatis

1802 3240 1850 3303 ο
1883 3271 2050 3327 verbo
2081 3268 2400 3333 Dominum,
2453 3277 2509 3324 et
2554 3277 2800 3325 vestrum
2842 3271 3204 3341 magistrum;
3244 3288 3357 3329 non
3388 3289 3479 3330 er-

1880 3377 2069 3424 rantes
2090 3376 2274 3423 antem
2298 3365 2412 3423 Hoc
2438 3367 2577 3422 bene
2604 3362 2796 3423 dicilis
2819 3367 3141 3437 prudentes,
3172 3385 3294 3426 sum
3327 3372 3476 3427 enim

1881 3474 2182 3536 utrumque
2206 3464 2280 3520 Ut
2308 3478 2398 3520 me
2427 3463 2663 3520 vocatis.
2692 3464 2762 3519 14
2787 3463 3060 3520 Benevola
3082 3475 3265 3524 autem
3290 3452 3478 3524 animo

1884 3563 1946 3619 Si
1992 3565 2164 3636 pedes
2197 3569 2417 3619 vestros
2459 3576 2600 3632 puro
2647 3565 2947 3633 expurgavi
2992 3564 3236 3631 lavacro,
3276 3564 3394 3622 Dux
3427 3577 3485 3623 et

1881 3677 1978 3719 rex
2026 3662 2285 3732 sapiens;
2338 3659 2437 3715 sed
2479 3668 2535 3715 et
2574 3660 2729 3730 ipsos
2775 3660 2859 3716 Ad
2904 3676 3224 3733 expressam
3264 3663 3348 3720 l'as
3372 3672 3461 3721 cst

1882 3763 2459 3818 meam‘imitationem
2507 3761 2786 3818 discentes
2826 3759 2957 3829 Vos,
3005 3763 3241 3818 invicem
3281 3767 3483 3821 charos

1883 3866 2052 3936 pedes
2083 3878 2225 3934 aqua
2242 3865 2445 3918 lavare.
2473 3862 2537 3917 ιδ
2553 3862 2878 3932 Exemplum
2900 3864 3047 3918 enim
3078 3873 3199 3918 erat
3225 3863 3329 3919 hoc
3367 3865 3470 3921 dos

1879 3979 2033 4028 cens,
2082 3972 2143 4019 ut
2170 3971 2225 4019 et
2253 3978 2353 4019 vos
2384 3962 2538 4034 Opus
2561 3962 2707 4033 quod
2741 3962 2844 4019 feci
2875 3962 3120 4034 sapiens,
3167 3963 3392 4022 faciatis
3422 3974 3479 4022 et

1878 4064 1981 4140 ipsi
2015 4067 2222 4124 Omnes
2263 4066 2500 4121 invicem
2538 4074 2730 4120 mutua
2774 4064 3013 4136 quadam
3054 4065 3196 4137 lege.
3241 4066 3480 4139 Compar

1876 4172 2186 4242 exemplum
2233 4171 2394 4245 periti
2444 4169 2625 4225 ducis.
2663 4166 2731 4222 16
2773 4167 2894 4224 Νυη
2939 4176 3024 4225 est
3069 4170 3320 4225 minister
3348 4184 3478 4241 rege

1890 4273 2166 4345 superior,
2195 4287 2374 4344 neque
2401 4272 2603 4342 aliquis
2649 4270 2735 4325 vir
2778 4268 2930 4326 Duce
2968 4270 3220 4326 mittente
3261 4270 3475 4341 legatus

1879 4381 1966 4428 est
2006 4373 2221 4427 melior.
2256 4371 2323 4427 17
2349 4369 2406 4425 Si
2436 4386 2565 4425 vero
2596 4370 2809 4425 ratione
2845 4370 2963 4426 haec
2990 4371 3175 4426 omnia
3201 4371 3477 4427 intellexi-

1880 4478 2001 4541 stis,
2059 4486 2113 4531 et
2148 4491 2301 4532 mens
2334 4489 2459 4530 cum
2488 4490 2654 4547 opere
2697 4472 3026 4542 Certaverit,
3086 4474 3276 4545 utique
3327 4474 3468 4534 estis

176 4574 404 4651 Ἥρισε,
420 4579 623 4651 καίπερ
647 4580 812 4652 ἔφυτε
832 4581 1191 4655 μακάρτεροι.
1212 4583 1279 4639 18
1296 4582 1371 4638 Οὑ
1395 4584 1523 4656 περὶ
1542 4583 1762 4639 πάντων

1895 4581 2162 4637 .eatiores.
2198 4576 2266 4634 l8
2291 4576 2412 4634 Non
2449 4577 2517 4634 de
2546 4576 2802 4634 omnibus
2831 4575 2953 4633 Dixi
2986 4576 3142 4634 vobis
3169 4578 3278 4633 alio
3326 4590 3470 4649 puro

1398 4739 1685 4799 TEXTUS
1724 4735 2260 4797 EVANGELISTIE.

241 4850 282 4911 8
321 4850 492 4921 Λέγει
531 4853 685 4926 αὑτῷ
724 4848 965 4929 Πέτρος·
997 4857 1074 4911 Οὑ
1116 4857 1193 4929 μὴ
1236 4858 1402 4932 νίψῃς
1445 4860 1576 4923 τοὺς
1610 4859 1779 4923 πόδας

177 4952 284 5005 μου
314 4936 395 4999 είς
418 4936 512 4991 τὸν
538 4938 736 4996 αἰῶνα.
778 4938 1083 5012 Ἀπεκρίθη
1121 4940 1273 5012 αὑτῷ
1298 4943 1328 4997 ό
1368 4941 1609 5013 Ἰησοῦς·
1652 4942 1779 4995 Ἐὰν

181 5017 260 5090 μὴ
285 5019 430 5090 νίψω
460 5037 544 5088 σε,
566 5022 670 5076 οὐκ
707 5021 855 5094 ἔχεις
891 5023 1060 5096 μέρος
1096 5026 1214 5096 μετ’
1245 5023 1405 5097 ἐμοῦ.

260 5100 296 5155 9
330 5098 498 5172 Λέγει
530 5104 682 5177 αὑτῷ
714 5106 904 5177 Σίμων
938 5109 1172 5180 Πέτρος
1201 5109 1398 5182 Κύριε,
1425 5109 1503 5181 μὴ
1528 5110 1655 5174 τοὺς
1677 5108 1779 5162 πό-

179 5183 281 5250 δας
302 5203 401 5257 μου
434 5190 617 5258 μόνον,
644 5189 783 5245 ἀλλά
805 5191 902 5245 καὶ
920 5191 1022 5256 τάς
1035 5195 1246 5264 χεῖρας,
1280 5192 1482 5265 καὶτὴν
1502 5193 1767 5265 κεφαλήν.

253 5269 325 5325 1ο
358 5270 524 5341 Λέγει
555 5272 706 5345 αὐτῷ
734 5275 763 5329 ό
790 5275 1020 5347 Ἰησοῦςο
1055 5277 1113 5331 ’0
1135 5276 1460 5348 λελουμένος
1487 5277 1548 5332 οὑ
1582 5279 1775 5350 χρείαν

176 5352 299 5425 ἔχει
329 5354 362 5426 ἢ
396 5355 524 5421 τοὺς
552 5357 723 5423 πόδας
754 5358 1038 5429 νίψασθαι,
1067 5360 1186 5415 ἀλλ’
1217 5360 1335 5414 ἔστι
1363 5359 1602 5435 καθαρὸς
1632 5361 1775 5426 ὅλος⁸

176 5438 278 5491 καὶ
311 5438 468 5509 ὑμεῖς
501 5440 737 5514 καθαροί
764 5443 913 5509 ἐστε,
947 5441 1062 5497 ἀλλ’
1094 5444 1217 5515 οὐχὶ
1249 5445 1478 5511 πάντες.

252 5522 319 5577 11
369 5524 528 5596 ᾜδει
574 5525 689 5598 γὰρ
721 5526 814 5581 τὸν
853 5528 1223 5599 παραδιδόντα
1266 5529 1463 5584 αὐτόν’
1495 5529 1584 5584 διὰ
1618 5529 1777 5586 τοῦτο

172 5600 368 5660 εἶπεν·
406 5609 543 5681 θὺχὶ
572 5609 775 5675 πάντες
802 5610 1035 5683 καθαροί
1066 5614 1213 5667 ἐστε.

249 5689 321 5743 12
360 5690 493 5745 Ὅτε
523 5686 618 5746 οὖν
651 5693 805 5764 ἔνιψε
841 5695 969 5759 τοὺς
1032 5696 1205 5761 πόδας
1245 5694 1449 5762 αὐτῶν,
1485 5695 1582 5751 καὶ
1613 5695 1772 5750 ἔλασε

172 5772 247 5828 τὰ
276 5774 472 5845 ίμάτια
498 5775 686 5841 αὑτοῦ,
725 5778 1014 5834 ἀναπεσὼν
1046 5779 1231 5846 πάλιν,
1266 5775 1420 5835 εἶπεν
1442 5780 1626 5844 αὑτοῖς
1649 5802 1658 5812 ·
1681 5782 1770 5834 Γι-

175 5858 418 5916 νώσκετε
454 5860 508 5915 τί
541 5861 818 5929 πεποίηκα
848 5864 1010 5933 ὑμῖν;

1962 4856 2027 4910 15
2072 4854 2267 4925 Ὑμεῖς
2301 4851 2533 4923 φωνεῖτέ
2570 4869 2640 4923 με
2662 4869 2677 4884 ’
2727 4852 2787 4905 '0
2820 4849 3142 4913 διδάσκαλος
3179 4848 3274 4903 καὶ
3300 4849 3330 4901 ό
3360 4847 3478 4904 Κύ-

1882 4957 2000 5015 ριος
2020 4956 2034 4969 ⁸
2071 4938 2168 4993 καὶ
2198 4935 2381 5001 καλῶς
2408 4934 2596 5004 λέγετε
2614 4952 2627 4965 ’
2665 4934 2783 5005 είμὶ
2812 4933 2938 5015 γάρ.

1957 5023 2026 5078 14
2064 5023 2128 5075 El
2152 5017 2247 5074 οὖν
2278 5020 2389 5089 ἐγὼ
2432 5017 2593 5087 ἔνιψα
2627 5019 2781 5089 ὑμῶν
2826 5011 2955 5080 τοὺς
2986 5014 3175 5078 πόδας,
3216 5015 3245 5067 ό
3275 5012 3478 5086 Κύριος

1883 5107 1978 5162 καὶ
2010 5109 2038 5161 ό
2070 5104 2414 5168 διδάσκαλος,
2466 5103 2560 5158 καὶ
2610 5103 2771 5174 ὑμεῖς
2821 5099 3065 5170 ὀφείλετε
3108 5098 3352 5173 ἀλλήλων
3396 5100 3478 5155 νί-

1878 5208 2031 5245 πτειν
2062 5190 2189 5253 τοὺς
2223 5187 2410 5251 πόδας.

1952 5275 2023 5331 15
2071 5274 2413 5342 ’Υπόδειγμα
2462 5269 2573 5343 γὰρ
2605 5269 2783 5323 ἔδωκα
2817 5269 2967 5339 ὑμῖν,
2999 5268 3087 5322 ἵνα
3136 5266 3318 5332 καθὼς
3363 5267 3478 5338 ἐγὼ

1880 5359 2118 5430 ἐποίησα
2158 5358 2311 5429 ὑμῖν,
2341 5355 2436 5409 καὶ
2466 5355 2624 5425 ὑμεῖς
2650 5352 2863 5424 ποιῆτε.

1958 5443 2025 5497 16
2077 5441 2251 5513 Ἀμὴν
2284 5438 2430 5512 ἀμὴν
2463 5438 2607 5509 λέγω
2644 5437 2795 5510 ὑμῖν,
2819 5436 2921 5491 οὑκ
2964 5434 3081 5489 ἔστι
3117 5434 3304 5499 δοῦλος
3351 5435 3481 5504 μεί-

1877 5526 1986 5592 ζων
2023 5524 2119 5579 τοῦ
2155 5524 2349 5595 κυρίου
2399 5520 2564 5576 αὑτοῦ
2587 5562 2602 5588 ,
2648 5521 2769 5576 οὑδὲ
2809 5520 3110 5585 ἀπόστολος
3146 5519 3351 5591 μείζων
3375 5518 3473 5575 τοῦ
3504 5571 3517 5583 ι

1877 5608 2194 5682 πέμψαντος
2222 5606 2406 5663 αὐτόν.

1950 5691 2018 5746 17
2058 5693 2122 5745 El
2154 5690 2328 5745 ταῦτα
2383 5687 2586 5756 οἴδατε,
2642 5686 2902 5760 μακάριοί
2950 5688 3078 5740 ἐστε
3125 5684 3221 5741 ἐὰν
3270 5682 3466 5756 ποιῆτε

1879 5777 2041 5833 αὑτά.

1952 5863 2019 5918 18
2058 5863 2132 5916 Οὑ
2164 5862 2292 5934 περὶ
2335 5868 2558 5928 πάντων
2595 5863 2744 5935 ὑμῶν
2768 5862 2939 5936 λέγω*
2970 5859 3081 5932 ἐγὼ
3111 5851 3457 5937 οἶδαοῦςδξῖ
