3982 6396
494 252 593 308 871

1735 232 1947 291 ΝΟΝΝΙ
1991 234 2068 287 PA

2187 232 2499 291 POLITANI
3667 236 3740 291 87

3746 240 3783 294 '2

493 371 669 424 virum
701 363 943 421 docens:
976 361 1303 432 Quicunque
1334 358 1417 414 vir
1449 373 1538 415 me
1577 357 1753 429 magis
1786 356 2068 414 celebrans

2187 358 2368 421 Ὀστις
2397 358 2541 431 ἀνὴρ
2571 358 2672 430 ἐμὲ
2704 360 2904 431 μᾶλλον
2929 359 3208 426 ἀνευάζων
3234 360 3527 431 ἀγαπάζει,

488 459 685 529 diligit,
730 455 1051 511 Sermonem
1094 470 1274 511 meum
1301 453 1617 524 pectoribus
1667 450 1839 507 ﬁrmis
1890 457 2081 507 custo-

488 550 592 613 dit,
621 547 689 602 Et
721 548 1025 617 sapiean
1061 545 1241 600 virum
1276 545 1420 599 hunc
1464 560 1620 600 meus
1664 542 1830 598 Pater
1863 541 2076 613 diliget.

486 640 662 695 Ambo
691 654 823 694 vero
850 638 919 692 ad
943 652 1114 693 unum
1148 638 1329 691 virum
1355 635 1515 690 Pater
1546 643 1602 691 et
1630 648 1733 705 ego
1768 634 2077 698 venientes,

488 731 831 787 Domicilium
862 746 959 800 per
989 746 1049 785 se
1080 729 1367 783 fundatum
1394 729 1666 800 crigemus
1694 728 1750 781 in
1786 728 1930 798 ipso,
1962 725 2077 780 litt-

489 838 651 878 mana
701 819 986 879 manentes
1031 820 1085 876 in
1121 821 1296 876 vocali
1334 819 1519 876 domo.
1551 819 1623 875 ει
1655 819 1760 887 Qui
1803 834 1934 874 vero
1967 834 2079 874 non

487 912 667 984 diligit
712 928 820 975 me,
857 914 1063 968 frustra
1094 927 1276 967 meum
1323 911 1413 965 hic
1466 911 1609 967 sinet
1651 909 1952 965 Obliviosis
1983 924 2081 966 nc-

486 1003 724 1073 glectum
772 1002 1000 1057 verbum
1044 1001 1287 1056 delatum
1331 1002 1533 1056 ventis.
1579 1000 1645 1055 Et
1692 1002 1921 1057 verbum
1965 1016 2078 1057 non

489 1109 670 1150 meum
710 1093 843 1149 illud
874 1093 1023 1164 quod
1050 1094 1185 1158 dixi,
1219 1094 1315 1150 sed
1348 1092 1553 1160 Patris,
1586 1093 1818 1149 Ctelitus
1845 1093 1941 1165 qui
1973 1094 2080 1148 mi-

488 1186 561 1243 sit
600 1203 687 1243 me
734 1188 1119 1258 opitulatorem
1167 1188 1379 1241 mundi.
1414 1187 1485 1242 25
1530 1186 1724 1244 Vester
1759 1195 1944 1242 autem
1984 1202 2078 1242 co-

486 1294 604 1334 mes
634 1293 799 1348 super
826 1286 1028 1333 terram
1054 1276 1237 1334 adhuc
1269 1295 1501 1335 manens
1531 1278 1654 1335 Dixi
1690 1296 1791 1351 ego
1814 1281 1931 1336 haec
1960 1296 2081 1335 om-

487 1370 607 1435 nia;
637 1371 708 1425 26
740 1370 1061 1428 Paracletus
1094 1388 1225 1428 vero
1254 1372 1478 1443 quando
1504 1373 1733 1437 venerit,
1780 1370 1891 1428 Vos
1919 1372 2078 1429 testi-

484 1459 681 1515 ﬁcante
728 1477 983 1517 sermone
1009 1461 1193 1517 omnia
1222 1460 1470 1528 docebit;
1506 1458 1629 1533 Ipse
1670 1462 1725 1516 in
1755 1463 2075 1518 memoriam

482 1552 763 1607 revocabit
792 1568 987 1609 rursus
1023 1553 1179 1609 vobis
1216 1568 1560 1624 qumcunquc
1596 1550 1754 1625 162
1794 1554 1937 1624 apud
1980 1569 2077 1609 vos

485 1644 603 1699 Dixi
635 1646 750 1701 :27
786 1659 979 1716 pacem
1029 1655 1213 1703 autem
1247 1647 1412 1702 vitam
1449 1655 1761 1703 servantem
1788 1647 1947 1703 vobis
1985 1663 2077 1702 re-

2178 448 2368 503 Μῦθον
2383 450 2517 520 ὲμὸν
2546 451 2911 519 πραπίδεσσιν
2941 452 3257 524 άσυλήτοισι
3285 451 3567 521 φυλάσσει,

2178 540 2289 594 Kal
2321 540 2486 611 σοφὸν
2519 542 2689 615 ἀνέρα
2722 543 2911 597 τοῦτον
2947 544 3079 615 ἐμὸς
3112 544 3347 614 Γενέτης
3379 544 3665 615 ἀγαπήσει
3684 559 3703 575 ο

2181 631 2385 703 ’Δμφω
2400 630 2444 685 δ’
2480 633 2562 696 εἰς
2581 633 2677 686 ἕνα
2702 633 2860 702 φῶτα
2883 634 3070 707 Πατὴρ
3101 634 3195 688 καὶ
3220 636 3395 704 ἔγωγε
3422 632 3709 705 μολόντες,

2181 721 2393 776 ’Ένδιον
2418 723 2817 795 αὑτοθέμεθλον
2843 726 3249 797 ἀναστήσοιμεν
3279 726 3338 780 ὲν
3366 724 3538 796 αὑτῷ,

2191 811 2498 884 Ἀνδρομέῳ
2524 813 2817 884 μίμνοντες
2848 817 2908 869 ὲν
2939 814 3191 886 αὑδήεντι
3222 814 3499 887 μελάθρῳ.

2177 904 2248 960 24
2284 907 2378 972 Ὃς
2400 905 2459 959 δέ
2490 923 2551 960 κε
2576 907 2653 980 μὴ
2684 906 2842 979 φιλέῃ
2874 925 2962 978 με,
2998 908 3178 981 μάτην
3209 908 3342 979 ἐμὸν
3369 902 3527 973 οὗτος
3557 907 3720 961 ἰάσει

2177 997 2447 1068 Ληθαίαις
2478 999 2774 1070 ἀκόμιστον
2802 1000 2932 1064 έπος
2954 1001 3336 1073 πεφορημένον
3358 1000 3583 1072 αὔραις.

2178 1090 2290 1144 Καὶ
2330 1090 2488 1158 λόγος
2518 1091 2619 1144 οὑκ
2648 1090 2785 1161 ὲμδς
2818 1085 2974 1153 οὗτος
3004 1092 3063 1145 ὃν
3097 1092 3341 1160 ἔννεπον,
3388 1093 3525 1147 ἀλλὰ
3559 1091 3777 1163 Τοκῆος

2178 1181 2484 1252 υὺρανόθεν
2514 1181 2832 1253 πέμψαντος
2864 1184 2964 1253 ἐμὲ
2987 1185 3367 1255 χραισμήτορα
3391 1183 3628 1253 κόσμου.

2178 1274 2250 1327 25
2289 1274 2525 1346 ’Υμείων
2556 1276 2601 1328 δ’
2622 1276 2913 1346 ὁμόφοιτος
2940 1277 3035 1330 ἐπὶ
3065 1277 3256 1349 χθονὸς
3280 1278 3451 1331 εἰσέτι
3478 1277 3709 1348 μίμνων

2178 1364 2346 1420 Εἶπον
2368 1366 2482 1435 ἐγὼ
2508 1368 2635 1421 τάδε
2670 1369 2880 1422 πάντα*
2908 1368 2979 1423 26
3004 1370 3362 1441 Παράκλητος
3385 1370 3427 1423 δ’
3453 1370 3591 1423 ὅταν
3618 1369 3774 1442 ἔλθῃ,

2162 1458 2394 1529 ’Υμέας
2420 1458 2665 1531 ἰθυντῆρι
2689 1460 2834 1531 λόγῳ
2868 1459 3156 1532 ξύμπαντα
3188 1460 3421 1525 διδάξει·

2177 1549 2351 1613 Αὐτὸς
2381 1551 2685 1621 ἀναμνήσει
2718 1552 2881 1605 πάλιν
2913 1552 3086 1624 ὑμέας
3122 1554 3259 1606 ὄσσα
3300 1555 3427 1624 παρ’
3458 1553 3595 1624 ὑμῖν

2184 1639 2348 1712 163
2373 1643 2636 1698 Ἐννεπον
2655 1661 2669 1675 ο
2697 1644 2768 1698 27
2790 1644 3031 1718 ἐἰρήνην
3054 1645 3110 1699 δὲ
3129 1644 3373 1716 βιοσσόον
3393 1644 3572 1717 ὔμμιν
3590 1646 3774 1700 ἐάσω·

482 1736 725 1808 linquam
752 1756 767 1805 ;
794 1736 989 1795 Pacem
1012 1738 1295 1793 immotam
1320 1754 1497 1795 meam
1516 1739 1773 1794 comitem
1800 1739 2068 1810 praebebo.

2187 1733 2420 1804 Εἰρήνην
2449 1733 2737 1789 ἀτίνακτον
2766 1736 2908 1809 ἐμὴν
2935 1737 3223 1808 δμόφοιτον
3252 1737 3493 1792 ὀπάσσω.

483 1823 603 1880 Non
635 1826 780 1881 sicut
803 1827 959 1882 vobis
984 1826 1079 1881 dat
1101 1838 1418 1882 consuetam
1461 1827 1702 1882 mundus
1731 1842 1951 1891 errans,
1982 1826 2077 1884 Sic

482 1932 779 1973 commune
811 1934 907 1974 vos
943 1918 1142 1975 habere
1172 1934 1275 1990 ego
1298 1934 1499 1974 munus
1533 1919 1806 1989 praebebo.
1844 1918 1922 1975 Ne
1953 1927 2075 1974 tur-

481 2010 632 2065 batio
657 2020 902 2067 vestrum
924 2026 1042 2078 cor,
1069 2028 1140 2067 ne
1168 2012 1400 2067 formido
1428 2020 1789 2068 commoveat.
1824 2011 1897 2067 28
1919 2011 2075 2068 Nunc

478 2117 569 2158 me
599 2102 869 2159 clamante
897 2119 1075 2160 meam
1107 2105 1400 2161 audivistis
1436 2119 1649 2171 vocem,
1687 2104 1847 2172 Quod
1888 2120 2076 2161 rever-

479 2210 577 2251 sus
599 2196 665 2250 ad
688 2212 869 2253 meum
888 2205 1173 2253 vocantem
1198 2195 1442 2261 Patrem,
1461 2196 1521 2251 In
1543 2197 1743 2253 coelum
1763 2197 1904 2253 altas
1926 2196 2073 2254 a-dcs

481 2287 691 2343 habens
719 2288 956 2354 veniam,
986 2287 1328 2344 domicilium
1356 2298 1654 2345 astrorum.
1685 2288 1742 2345 Si
1776 2305 1908 2344 vero
1936 2290 2072 2345 mihi

477 2378 787 2436 immobiles
844 2380 1101 2436 amicitia:
1147 2380 1555 2451 applicuissetis
1616 2381 1804 2452 leges,
1867 2378 2071 2451 Utique

477 2471 765 2541 gestientis
799 2472 952 2541 pedis
988 2472 1344 2528 exsultaretis
1375 2473 1583 2543 planta,
1611 2470 1916 2527 Commune
1940 2486 2071 2542 gau-

477 2564 630 2619 dium
666 2563 926 2628 l‘erentcs,
964 2565 1110 2635 quod
1152 2574 1310 2619 terrm
1341 2565 1459 2619 solo
1492 2564 1686 2619 relicto
1722 2563 1949 2619 Veniam
1980 2577 2070 2617 sc-

476 2673 576 2713 rus
618 2658 685 2712 ad
746 2672 928 2712 meum
987 2658 1294 2713 mittentem
1342 2656 1597 2711 Patrem:
1632 2653 1770 2721 Quia
1821 2655 2068 2711 omnium

482 2757 666 2805 rector
707 2748 869 2805 Pater
902 2764 989 2803 me
1017 2755 1102 2803 est
1130 2748 1324 2818 major.
1358 2747 1429 2802 29
1454 2745 1618 2802 Vobis
1643 2762 1771 2801 vero
1802 2746 1917 2801 dixi
1952 2746 2067 2817 jam

478 2844 953 2909 prmoccupantem
990 2835 1236 2891 divinam
1282 2850 1492 2900 vocem,
1530 2831 1598 2888 Ut
1630 2834 1803 2905 ipsam
1850 2835 1897 2889 si
1938 2850 2067 2905 per-

480 2930 670 2986 fecerit
698 2928 935 2984 volubile
977 2936 1195 2998 tempus
1226 2926 1485 2982 instabile
1514 2942 1733 2996 repens,
1781 2925 2068 2983 Sermonis

446 3021 844 3077 orccordcmini
891 3021 1021 3076 olim
1054 3019 1213 3088 dicti,
1253 3018 1399 3091 quod
1452 3018 1665 3074 scilicet
1698 3018 1854 3075 vobis
1898 3017 2067 3075 Fulu-

2178 1823 2290 1894 Ούχ
2320 1824 2392 1888 ὡς
2426 1823 2569 1897 ὔμμι
2597 1827 2812 1881 δίδωσιν
2842 1826 3084 1900 ὲθήμονα
3115 1830 3319 1900 κόσμος
3348 1830 3585 1903 ἀλήτης,

2177 1916 2332 1972 Οὕτω
2364 1918 2519 1984 ξυνὸν
2544 1918 2689 1992 ἔχειν
2718 1922 2813 1976 καὶ
2835 1920 2947 1991 ἐγὼ
2970 1922 3138 1993 γέρας
3167 1922 3490 1991 ἐγγυαλίξω.

2176 2008 2268 2081 Μὴ
2300 2010 2486 2074 κλόνος
2514 2012 2787 2084 ὑμετέρην
2815 2014 3061 2086 κραδίην,
3102 2014 3177 2086 μὴ
3207 2015 3408 2087 τάρϐος
3443 2015 3631 2088 ὀρενῃ.

2174 2098 2245 2153 28
2274 2099 2390 2153 Νῦν
2417 2100 2616 2171 ἐμέθεν
2647 2101 2909 2171 βοόωντος
2947 2104 3087 2173 ἐμῆς
3108 2102 3380 2171 ἠκούσατε
3404 2104 3618 2173 φωνῆς,

2176 2192 2333 2245 Ὅττι
2361 2192 2739 2265 παλινδίνητος
2768 2194 2889 2265 ἐμῷ
2921 2194 3166 2263 καλέοντι
3202 2196 3393 2266 Τοκῆῖ,

2175 2286 2271 2349 Εἰς
2296 2285 2458 2339 πόλον
2481 2285 2849 2358 ὑψιμέλαθρον
2882 2286 3193 2359 ἐλεύσομαι,
3222 2286 3391 2340 ἔνδιον
3415 2287 3664 2358 ἄστρων.

2173 2380 2238 2434 Εἰ
2270 2379 2327 2434 δέ
2367 2396 2459 2451 μοι
2490 2380 2746 2445 ἀκλινέας
2780 2381 2963 2451 φιλίης
2993 2381 3291 2453 ἒκεράσατε
3324 2381 3564 2453 θεσμοὺς

2173 2472 2285 2527 Καί
2314 2490 2409 2527 κεν
2440 2473 2835 2544 ἀγαλλομένοιο
2865 2474 3025 2538 ποδὸς
3053 2479 3383 2548 σκιρτήσατε
3408 2474 3629 2545 ταρσῷ,

2171 2559 2338 2616 Ξυνδν
2363 2563 2553 2635 χάρμα
2587 2563 2863 2635 φέροντες,
2894 2565 2977 2618 ὅτι
3005 2565 3193 2635 χθονὸς
3223 2562 3381 2629 οὖδας
3403 2565 3573 2628 eam;

2172 2652 2388 2726 ’Ίξομαι
2414 2654 2765 2725 ὀψικέλευθος
2799 2654 2919 2727 ὲμῷ
2950 2655 3229 2727 πέμψαντι
3260 2657 3430 2727 Τοκῆῖ
3460 2671 3472 2685 ·

2172 2742 2388 2818 [Οὕνεχ’
2424 2747 2561 2802 ὅλων
2594 2748 2799 2818 μεδέων
2834 2746 2873 2800 Γ
2876 2747 3063 2819 ενέτης
3096 2747 3230 2818 ἐμεῦ
3269 2747 3460 2801 ἔπλετο
3505 2748 3766 2823 μείζων.]

2170 2838 2240 2894 29
2274 2840 2435 2911 Ὑμῖν
2461 2840 2507 2893 δ’
2540 2839 2762 2894 ἔννεπον
2791 2839 2917 2911 ἄρτι
2946 2838 3220 2911 προώρισν
3240 2840 3419 2895 ἔνθεον
3447 2841 3633 2913 ὀμφήν

2175 2931 2360 3009 ι’φφρα
2390 2949 2483 3001 μιν
2514 2932 2580 3002 ἢν
2614 2931 2884 2985 τελέσειεν
2915 2930 3029 2997 έλιξ
3062 2932 3253 3004 χρόνος
3282 2931 3508 2996 ἀστατθς
3546 2934 3765 3006 ἕρπων,

2170 3023 2358 3078 Μῦθον
2388 3023 2775 3095 άναμνήσησθε
2804 3023 3169 3095 παλαίφατον,
3196 3025 3416 3097 ὃττιπερ
3443 3026 3574 3097 ὑμῖν

476 3128 600 3169 rum
670 3115 1001 3170 vaticinatus
1070 3129 1193 3170 sum
1248 3113 1556 3183 praanuntia
1621 3110 1765 3168 labia
1826 3112 2067 3170 solvens.

2188 3111 2511 3182 Ἐσσόμενον
2546 3112 2799 3179 θέσπισα,
2834 3113 3149 3185 προάγγελα
3180 3115 3367 3186 χείλεα
3395 3116 3587 3181 λύσας.

475 3207 546 3264 50
578 3206 745 3264 Vobis
798 3223 927 3263 vero
955 3222 1065 3261 non
1106 3205 1343 3277 amplius
1382 3205 1554 3260 multa
1586 3203 1926 3273 edisseram;
1964 3204 2067 3258 im-

477 3301 730 3370 provisus
773 3301 918 3355 enim
969 3300 1187 3355 Etet-ni
1244 3297 1432 3353 mundi
1471 3298 1757 3367 apparebit
1807 3299 2064 3368 princeps

478 3392 773 3461 superbus.
811 3391 875 3446 51
920 3389 1081 3445 Venit
1116 3390 1321 3445 nullam
1354 3388 1567 3445 habens
1601 3389 1650 3444 in
1707 3403 1794 3443 me
1824 3398 2060 3459 partem,

478 3480 572 3536 sed
600 3489 660 3535 ut
688 3482 867 3535 solum
898 3480 1082 3536 Testis
1115 3496 1271 3537 meus
1309 3482 1581 3551 intelligat
1610 3480 1867 3550 prudenti
1900 3495 2062 3534 mun-

473 3570 579 3625 dus
610 3586 864 3627 sermone
907 3570 1066 3636 Quod
1111 3571 1280 3642 diligo
1323 3570 1567 3635 Patrem,
1603 3579 1659 3625 et
1691 3571 1839 3639 quod
1871 3570 2067 3626 obser-

474 3670 601 3718 vata
646 3663 789 3718 facio
821 3663 1178 3733 Quaecunque
1218 3664 1565 3736 gubernante
1603 3663 1769 3720 Pater
1801 3665 2065 3736 praecepit

474 3756 664 3813 verbo.
698 3755 938 3826 Surgite,
961 3763 1020 3812 et
1048 3770 1241 3812 eamus
1268 3756 1419 3812 hinc.

1114 3870 1267 3926 CAP.
1312 3868 1427 3925 XV.

544 3963 598 4019 1.
639 3962 752 4035 Ego
783 3963 1113 4018 recrescenti
1138 3963 1345 4018 mundo
1373 3961 1508 4017 Vitae
1536 3962 1667 4017 vitis
1706 3976 1866 4029 sum;
1898 3960 2069 4018 Pater

476 4068 604 4110 vero
634 4067 789 4110 meus
816 4063 902 4110 est
937 4054 1201 4125 agricola.
1240 4056 1276 4110 2
1299 4053 1587 4109 Palmitem
1620 4060 1805 4110 autem
1834 4053 2060 4111 fronde-

473 4152 715 4199 scentem
752 4144 845 4215 qui
878 4158 988 4199 non
1028 4143 1181 4198 novit
1214 4157 1495 4198 racemum
1528 4141 1695 4209 ferre,
1721 4140 1881 4199 Hunc
1907 4158 2060 4199 rese-

473 4237 650 4306 cabit;
679 4235 895 4292 varium
947 4245 1129 4292 autem
1176 4235 1485 4307 nigricante
1522 4232 1747 4301 fructu,
1798 4234 2057 4302 Agricola

2170 3205 2242 3261 30
2277 3204 2437 3276 Ὑμῖν
2465 3205 2509 3259 δ’
2540 3205 2723 3259 οὐκέτι
2748 3205 2920 3259 πολλά
2948 3205 3221 3277 διίξομαι·
3250 3208 3512 3282 ἀπροῖδὴς
3540 3211 3656 3281 γάρ

2184 3300 2406 3354 Ἀενάου
2432 3300 2658 3371 κόσμοιο
2687 3303 2985 3373 φανήσεται
3011 3304 3177 3377 ἀρχὸς
3204 3302 3443 3376 ἀγήνωρ.

2168 3392 2233 3448 51
2270 3390 2698 3465 Ἐρχεταιοὺδὲν
2721 3393 2859 3465 ἔχων
2883 3396 2940 3449 ὲν
2956 3395 3080 3467 ἐμοὶ
3103 3397 3285 3469 μέρος,
3305 3396 3418 3450 ἀλλ’
3444 3398 3529 3451 ἵνα
3560 3398 3760 3469 μοῦνον

2172 3486 2404 3556 Μάρτυς
2431 3485 2565 3556 ὲμδς
2587 3486 2893 3559 φράσσαιτο
2925 3487 3155 3560 δαήμονι
3185 3490 3388 3560 κόσμος
3418 3490 3609 3563 ἀκουῇ,

2181 3574 2273 3638 Ὦς
2299 3573 2469 3644 φιλέω
2493 3576 2788 3648 Γενετῆρα,
2826 3577 2920 3630 καὶ
2944 3577 3019 3641 ὡς
3050 3577 3446 3650 πεφυλαγμένα
3470 3578 3610 3651 ῥέζω

2172 3666 2350 3720 Ὄσσα
2380 3667 2750 3740 κυόερνητῆρι
2779 3669 2969 3741 Πατὴρ
3008 3670 3324 3724 ἐπετέλλετο
3346 3670 3518 3744 μύθῳ.

2172 3757 2367 3828 Στῆτε,
2402 3758 2500 3813 καὶ
2537 3758 2687 3831 ἴομεν
2725 3758 2897 3814 ἔνθεν.

2810 3870 2971 3924 ΚΕΦ.
3015 3871 3118 3927 ιε’.

2876 3960 2898 4013 ί
2966 3958 3109 4028 Ἐγὼ
3144 3959 3462 4027 παλιναυξέῖ
3496 3961 3671 4034 κόσμῳ

2170 4050 2328 4121 Ζωῆς
2354 4050 2597 4122 ἄμπελός
2625 4050 2761 4122 εἰμι,
2792 4051 2985 4122 Πατὴρ
3004 4050 3050 4103 δ’
3078 4050 3217 4122 ἐμός
3246 4054 3393 4107 ἐστιν
3417 4053 3638 4115 άλωεύς.

2167 4143 2204 4197 2
2233 4143 2432 4215 Κλῆμα
2460 4142 2517 4195 δὲ
2551 4142 2941 4213 καλλιπέτηλον
2976 4143 3006 4196 ὃ
3043 4143 3119 4214 μὴ
3155 4142 3294 4214 μάθε
3326 4144 3520 4216 βότρυν
3547 4145 3742 4213 ἀέξειν,

2166 4235 2339 4290 Τοῦτο
2365 4236 2661 4307 διατμήγει
2677 4252 2691 4267 ο
2728 4235 2788 4289 τὸ
2811 4236 2869 4290 δὲ
2893 4236 3137 4290 ποικίλον
3160 4235 3336 4289 οἴνοπι
3360 4221 3561 4309 καρπῷ

1672 4388 1955 4447 TEXTUS
1992 4389 2522 4448 EVANGELISTIE.

541 4505 614 4559 24
655 4504 714 4557 '0
744 4505 818 4575 μὴ
842 4503 1071 4573 ἀγαπῶν
1100 4521 1191 4574 με,
1223 4504 1349 4567 τοὺς
1384 4505 1580 4572 λόγους
1626 4522 1729 4574 μου
1758 4505 1820 4558 ού
1870 4505 2061 4578 τηρεῖ*
2095 4515 2140 4571 ι)
2239 4506 2309 4562 29
2338 4508 2451 4561 Καὶ
2471 4506 2566 4561 νῦν
2599 4508 2797 4577 εἴρηκα
2841 4507 2972 4579 ὑμῖν
3020 4510 3149 4581 πρὶν
3178 4506 3460 4578 γενέσθαι·
3494 4508 3581 4563 ἵνα
3618 4511 3740 4565 ὃτσν

473 4588 567 4643 καὶ
595 4589 623 4640 ὁ
655 4582 812 4655 λόγος
849 4585 907 4639 ὃν
943 4586 1199 4651 ἀκούετε,
1247 4586 1347 4640 οὑκ
1392 4584 1536 4642 ἔστιν
1586 4586 1740 4659 ἐμὸς,
1785 4585 1922 4643 ἀλλά
1966 4589 2060 4644 τοῦ

473 4668 789 4741 πέμψαντός
827 4686 893 4739 με
922 4669 1156 4740 Πατρός.

542 4753 614 4807 25
642 4751 831 4807 Ταῦτα
861 4751 1134 4822 λελάληκα
1164 4750 1293 4824 ὑμῖν
1321 4750 1450 4824 παρ’
1482 4753 1609 4823 ὑμῖν
1641 4752 1843 4824 μένων·

540 4835 611 4891 26
651 4836 707 4891 Ὀ
745 4834 800 4890 δὲ
827 4833 1211 4907 Παράκλητος,
1237 4835 1298 4888 τὸ
1319 4835 1546 4907 Πνεῦμα
1565 4836 1625 4889 τὸ
1649 4837 1827 4906 ἅγιον,
1864 4838 1892 4890 ὃ
1914 4836 2057 4909 πέμ-

468 4923 561 4991 ψει
588 4923 616 4974 ὁ
639 4918 831 4991 Πατήρ
859 4922 917 4974 ὲν
956 4918 1034 4991 τῷ
1067 4919 1290 4991 ὀνόματί
1326 4937 1447 4989 μου,
1488 4922 1694 4985 ἐκεῖνος
1743 4920 1883 4991 ὑμᾶς
1911 4922 2059 4977 διδάο

474 5003 552 5068 εει
577 5005 772 5066 πάντα,
806 5003 901 5058 καὶ
926 5003 1229 5075 ὑπομνήσει
1257 5002 1402 5075 ὑμᾶς
1434 5002 1613 5058 πάντα
1643 5005 1679 5058 ἃ
1715 4998 1870 5059 εἷπον
1901 5007 2054 5077 ὑμῖν.

540 5088 608 5141 2Ἱ
665 5086 900 5159 Εἰρήνην
966 5086 1169 5159 ἀφίημι
1237 5088 1400 5160 ὑμῖν,
1467 5089 1690 5160 εἰρήνην
1759 5088 1854 5161 τὴν
1915 5088 2056 5160 ἐμὴν

470 5168 663 5238 δίδωμι
735 5170 893 5240 ὑμῖνο
955 5170 1017 5223 οὑ
1083 5170 1264 5234 καθὼς
1319 5170 1349 5223 ὁ
1406 5169 1610 5241 κόσμος
1672 5171 1906 5238 δίδωσιν,
1941 5171 2055 5241 ἐγὼ

470 5249 662 5322 δίδωμι
694 5252 843 5323 ὑμῖν.
877 5254 970 5325 Μὴ
998 5255 1357 5326 ταρασσέσθω
1405 5255 1558 5325 ὑμῶν
1590 5257 1623 5327 ή
1657 5256 1877 5329 καρδία,
1915 5258 2057 5329 μηδὲ

469 5333 739 5388 δειλιάτω.

538 5417 608 5487 28
660 5417 957 5472 Ἠκούσατε
1004 5419 1087 5473 ὅτι
1122 5419 1236 5489 ἐγὼ
1273 5418 1427 5475 εἶπον
1467 5421 1596 5493 ὑμῖν
1618 5438 1630 5451 ·
1688 5422 1916 5491 Ὑπάγω
1961 5423 2056 5477 καὶ

468 5500 698 5571 ἔρχομαι
732 5502 871 5573 πρὸς
906 5503 1070 5572 ὑμᾶς.
1102 5503 1166 5556 Εἰ
1198 5504 1452 5573 ἠγαπᾶτέ
1490 5522 1579 5575 με,
1616 5505 1851 5577 ἐχάρητε
1885 5505 1951 5559 ἂν
1971 5506 2055 5561 ὄτι

468 5579 641 5637 εἷπονο
675 5585 986 5658 Πορεύομαι
1015 5586 1152 5659 πρὸς
1179 5588 1271 5643 τὸν
1299 5588 1538 5661 Πατέρα,
1573 5590 1655 5644 ὅτι
1683 5590 1711 5643 ὁ
1730 5590 1917 5660 Πατήρ
1949 5605 2050 5661 μου

478 5665 675 5728 μείζων
710 5668 814 5742 μού
853 5671 986 5725 ἐστι.

2166 4589 2415 4663 γένηται,
2448 4590 2789 4663 πιστεύσητε.

2237 4674 2307 4728 50
2346 4673 2461 4727 Οὔκ
2518 4674 2597 4727 ἔτι
2657 4674 2829 4728 πολλά
2877 4674 3097 4745 λαλήσω
3147 4674 3267 4744 μεθ’
3314 4675 3496 4746 ὑμῶν’
3529 4676 3739 4751 ἔρχεται

2164 4757 2273 4829 γὰρ
2317 4760 2344 4812 ὁ
2392 4758 2489 4812 τοῦ
2550 4759 2757 4829 κόσμου
2795 4752 2984 4812 τούτου
3019 4758 3222 4830 ἄρχων,
3252 4760 3346 4813 καὶ
3390 4762 3449 4813 ἐν
3494 4762 3618 4833 ἐμοὶ
3648 4765 3740 4817 οὑκ

2164 4840 2277 4910 ἔχει
2310 4841 2480 4894 οὐδέν.

2236 4924 2298 4977 51
2347 4922 2485 4976 Ἀλλ’
2521 4925 2607 4977 ἴνα
2645 4922 2757 4996 γνῷ
2788 4926 2816 4979 ό
2849 4925 3054 4995 κόσμος
3086 4926 3167 4979 ὅτι
3201 4924 3402 4993 ἀγαπῶ
3437 4926 3530 4980 τὸν
3570 4929 3738 4981 Πατέ-

2169 5022 2257 5075 ρα,
2290 5006 2383 5058 καὶ
2414 5006 2598 5070 καθὼς
2623 5008 2929 5061 ἐνετείλατό
2969 5026 3059 5079 μοι
3095 5009 3123 5061 ὁ
3166 5010 3375 5080 Πατὴρ,
3408 5010 3552 5064 οὔτω
3586 5012 3734 5065 ποιῶ.

2178 5090 2507 5161 Ἐγείρεσθε,
2542 5092 2764 5163 ἄγωμεν
2790 5091 3057 5147 ἐντεῦθεν.

2800 5177 2961 5232 ΚΕΦ.
3004 5176 3100 5232 IE'.

2239 5256 2263 5311 1
2321 5255 2464 5326 Ἐγώ
2502 5260 2617 5328 εἰμι
2658 5260 2692 5331 ἡ
2732 5258 2975 5331 ἄμπελος
3018 5260 3051 5330 ή
3088 5258 3338 5331 ἀληθινὴ,
3374 5259 3471 5313 καὶ
3499 5260 3527 5312 ὁ
3557 5260 3736 5330 Πατήρ

2168 5358 2270 5412 μου
2292 5344 2319 5396 ὁ
2342 5343 2584 5413 γεωργός
2622 5346 2759 5397 ἐστι.

2233 5424 2269 5477 2
2298 5427 2414 5479 Πᾶν
2433 5426 2617 5497 κλῆμα
2646 5427 2703 5480 ἐν
2736 5428 2861 5498 ἐμοὶ
2895 5426 2969 5500 μὴ
2999 5428 3162 5500 φέρον
3197 5428 3431 5498 καρπὸν,
3469 5427 3607 5495 αἴρει
3646 5423 3734 5477 αὑο

2161 5506 2254 5559 τό·
2286 5508 2380 5561 καὶ
2411 5512 2520 5562 πᾶν
2572 5510 2634 5563 τὸ
2683 5511 2893 5581 καρπὸν
2932 5511 3118 5584 φέρον,
3178 5510 3431 5583 καθαίρει
3478 5509 3625 5576 αὐτὸ,
3652 5507 3738 5561 ἵνα

2162 5591 2381 5647 πλείονα
2404 5594 2615 5666 καρπὸν
2638 5595 2799 5666 φέρῃ.
