1991 3210
208 183 266 215 ’879

833 174 938 203 ΝΟΝΝΙ
962 171 1213 202 PANOPOLITANI

1793 169 1850 196 880

212 239 258 268 Dei
275 239 329 267 vivi
345 238 377 265 ad
393 244 442 265 vos
460 244 601 272 nunquam
617 235 710 268 venit;
729 234 758 263 Si
773 243 838 263 vero
849 236 951 267 abiero,
977 235 1004 261 in

1077 235 1111 261 [ιν
1124 235 1152 261 δὲ
1172 234 1256 270 μόλω,
1274 232 1343 269 μετὰ
1359 233 1441 267 γαῖαν
1455 232 1503 259 ἀπ’
1518 230 1626 266 αἰθέρος
1639 229 1720 261 αὐτὸς
1735 227 1826 255 ιὰλλω.

212 289 313 312 terram
334 292 350 311 e
365 284 444 312 caelis
458 284 519 319 ipse
533 283 651 310 mittam.
672 281 689 309 8
706 280 827 309 Veniens
843 285 935 309 autem
950 281 1005 308 huc

212 330 267 362 ille,
287 329 461 357 incredulum
477 328 611 356 mundum
627 328 784 363 redarguet.
801 327 891 355 Causa
908 327 1004 362 impie-

213 375 278 403 tatis
291 375 445 407 sceleratae;
457 373 506 402 sed
522 377 549 401 et
561 373 648 409 ipsius
662 374 753 401 Causa
767 372 881 408 justitia:
896 376 923 400 et
932 372 1007 407 judi-

213 421 260 449 cii.
274 421 291 449 9
303 421 420 456 Propter
435 422 579 456 peccatum
595 419 717 454 quidem,
735 418 804 451 Quia
819 418 847 446 in
858 426 902 446 me
912 426 1007 447 omnes

188 465 199 504 )
214 467 366 500 increduli;
380 467 414 494 i0
430 466 503 503 piam
518 474 584 495 vero
595 465 864 502 Propterjustitiam,
878 465 952 501 quod
964 473 1009 494 re-

215 514 267 542 deo
285 514 319 541 ad
335 513 456 546 Patrem,
471 511 527 541 Nec
539 520 582 541 me
601 510 729 540 videbitis
741 512 926 540 convictorem
949 519 1008 539 am-

215 560 289 595 plius
315 559 474 587 hominum:
491 558 521 585 ii
535 558 651 593 Propter
666 565 730 585 vero
744 557 877 592 judicium
898 557 1009 590 vindex,

216 606 281 642 quia
299 606 393 633 mundi
407 605 551 633 Judicatus
567 608 610 632 est
624 604 719 632 aeterni
734 609 865 633 versutus
880 604 1010 639 princeps

217 652 362 687 superbus.
389 650 422 678 i2
449 650 531 678 Multa
557 654 648 678 autem
676 650 781 678 habens
796 650 831 677 ad
848 650 1008 680 dicendum.

216 706 319 730 renuo;
336 705 390 724 non
404 696 477 724 enim
499 696 594 724 audire
625 697 704 732 172
729 696 810 724 Plura
835 697 891 731 jam
921 699 1013 731 potes-

216 744 262 772 tis.
287 744 319 771 i5
346 743 508 771 ConsolatOr
534 750 600 771 vero
628 741 737 778 quando
762 743 887 774 venerit,
915 741 1012 769 Omnia

216 789 392 826 gubernabit;
426 793 506 823 atque
532 789 647 816 veritate
673 788 701 814 in
733 787 807 815 omni
840 786 939 814 Vester
966 786 1013 813 de-

216 834 316 862 ductor
352 834 380 861 in
413 833 484 860 viam
520 833 639 860 duxerit.
671 831 738 859 Nam
768 839 816 867 per
842 839 871 860 se
900 831 1014 865 jussus,

216 887 316 916 expers
355 878 476 907 auditus‘
503 878 571 906 nihil
607 877 698 911 dicet;
738 876 791 905 Sed
831 877 1015 912 quodcunque

1056 282 1073 308 8
1094 280 1185 307 Ἐλθδν
1198 280 1221 307 δ’
1237 279 1332 306 ἐνθάθε
1346 279 1429 313 κεῖνο,
1444 277 1559 305 ἀπειθέα
1571 276 1673 311 κόσμον
1688 275 1802 309 ἐλέγξει,

1057 328 1157 354 Εῐνεκα
1171 325 1316 360 δυσ-σεϐιης
1329 324 1490 359 ἀλιτήμονος
1501 332 1508 339 ·
1526 322 1595 349 ἀλλὰ
1611 322 1659 349 καὶ
1671 321 1756 356 αὐτῆς

1065 373 1148 409 ’Δμφὶ
1163 371 1338 406 δικαιοσύνης
1354 370 1403 397 καὶ
1423 369 1540 405 κρίσιος.
1560 368 1577 396 9
1594 367 1767 402 Ἀμπλακιης
1791 367 1858 402 μὲν,

1060 418 1138 445 Ὅττι
1156 426 1204 444 κεν
1220 417 1261 449 εἰς
1282 415 1333 451 ἐμὲ
1352 415 1454 447 πάντες
1470 413 1607 444 ἀπειθέες.
1625 413 1659 440 10
1677 412 1812 443 Εὐσεὸέος
1828 411 1860 438 δὲ

1066 463 1151 499 Ἀμφὶ
1162 462 1346 498 δικαιοσύνης,
1358 461 1400 488 ὅτι
1419 459 1547 495 νόστιμός
1560 459 1618 494 ειμι
1635 458 1729 493 Τοκῆῖ,

1061 509 1129 536 Οὐδέ
1144 518 1178 545 με
1191 507 1325 544 θηήσεσθε
1337 506 1475 534 συνέστιον
1486 505 1570 533 εῑσέτι
1584 503 1695 539 φωτῶν*

1062 557 1092 583 11
1111 555 1211 582 Εἴνεκα
1224 555 1252 582 δὲ
1266 554 1371 589 κρίσιος
1386 552 1557 588 ποινήτορος,
1575 550 1667 577 εἵνεκα
1682 549 1784 584 κόσμον

1062 602 1196 636 Κέκριται
1209 600 1318 628 ὰενάοιο
1329 599 1500 635 πολύτροπος
1512 596 1596 633 ἀρχὸς
1610 596 1732 631 ἀγήνωρ.

1065 648 1098 675 12
1112 647 1201 674 Πολλὰ
1214 646 1236 674 δ’
1247 646 1317 681 ἔχων
1332 645 1450 677 ὲνέπειν,
1462 643 1623 678 ἀναδύομαι,
1634 642 1664 668 οὐ
1679 641 1733 676 γὰρ
1747 639 1866 667 ἀκούειν

1067 693 1145 728 173
1158 692 1284 723 Πλεὲονος
1304 692 1367 727 ἄρτι
1378 690 1504 718 δύνασθε.
1517 689 1552 716 15
1564 687 1740 724 Παράκλητος
1755 686 1776 713 δ’
1793 687 1867 712 ὅταν

1715 732 1725 769 [
1736 732 1804 767 έλθῃ
1817 753 1828 765 ,

1066 784 1158 810 Πάντα
1173 782 1383 818 κνὸερνήσειεν·
1400 780 1515 817 ἀληθείῃ
1527 780 1550 806 δ’
1563 780 1605 806 svi.
1618 779 1694 815 πάσῃ

1072 829 1190 864 ’Υμειων
1202 828 1333 863 ὀχετηγὸς
1346 828 1374 859 ὲς
1388 825 1510 862 ἀτραπὸν
1527 824 1717 860 ἡγεμονεύσει.

1068 875 1136 902 Οὐδὲ
1150 874 1206 910 γὰρ
1224 873 1452 904 αὐτοκέλευστος,
1468 871 1582 906 ἀνήκοος
1598 870 1676 897 οὐδὲν
1692 869 1787 904 ἐνίψει,

218 912 313 958 audit,
348 925 430 952 etiam
466 924 607 959 loquetur;
641 921 796 950 futurorum
835 929 899 951 vero
932 921 1015 949 Vobis

1077 919 1142 946 Ἀλλ’
1157 919 1225 954 ὅπερ
1237 918 1345 949 sinaut,
1364 916 1411 944 καὶ
1427 915 1591 951 φθέγγεται·
1610 913 1765 948 ἐσσομένων
1778 912 1809 939 δὲ

221 972 302 1000 simul
316 970 445 999 omnibus
461 969 659 998 vaticinabitur
674 969 755 996 linem
773 976 901 1004 operum.
919 968 952 995 i4
964 967 1014 994 Hic

222 1018 318 1045 exiens
332 1025 346 1044 a
361 1016 441 1044 Patre
461 1015 591 1044 exaltabit
608 1022 651 1043 me
666 1014 823 1046 honorans;
837 1013 906 1047 Quia
919 1017 1015 1041 nostro

221 1064 356 1099 recipiens
375 1070 391 1090 a
407 1062 488 1089 Patre
509 1060 593 1089 Vobis
609 1060 776 1096 promiscuis
788 1065 896 1096 tempus
910 1066 1015 1095 praeoc-

220 1108 348 1143 cupantia
362 1107 473 1134 oracula
485 1105 610 1134 ostendet
628 1105 808 1141 Quaecunque
825 1105 952 1132 evenient
964 1112 1015 1132 vo-

221 1154 274 1182 bis.
292 1154 326 1182 i5
337 1153 370 1180 Et
381 1153 472 1189 prisca
494 1152 613 1188 quadam
639 1151 781 1179 sanctione
796 1151 862 1180 Sors
880 1159 938 1179 mea
952 1155 1015 1179 sunt

221 1200 313 1229 omnia
329 1199 410 1227 Pater
427 1206 505 1226 meus
522 1206 584 1233 quze
601 1198 693 1225 habet.
715 1197 829 1232 Propter
847 1196 920 1232 quod
938 1196 1016 1225 vobis

222 1246 278 1273 dixi
297 1245 369 1280 quod
385 1244 479 1272 divino
493 1251 507 1271 a
520 1244 601 1272 Patre
619 1243 766 1279 Recipiens
780 1247 875 1269 nostro
890 1250 1017 1277 praenun-

222 1292 301 1318 tiabit
322 1291 401 1318 linem
416 1298 539 1326 operum.
557 1290 590 1316 i6
603 1289 737 1317 Pusillum
753 1288 841 1316 adhuc
854 1292 963 1324 tempus
976 1292 1019 1316 est

223 1336 362 1367 relictum,
376 1343 409 1363 ex
424 1343 478 1370 quo
493 1343 536 1362 me
549 1336 643 1362 mundi
670 1334 729 1362 Non
756 1335 872 1369 amplius
891 1334 1019 1362 videbitis

225 1382 352 1409 comitem
366 1390 374 1415 ;
395 1382 515 1409 vicinum
531 1389 596 1409 vero
621 1381 701 1409 Deest
721 1381 811 1408 adhuc
824 1381 954 1416 pusillum
970 1388 1019 1408 vo-

225 1430 311 1458 lubile
328 1433 446 1465 tempus,
459 1437 491 1457 ex
508 1438 562 1464 quo
577 1437 620 1457 me
636 1429 687 1457 soli
704 1429 811 1457 Rursus
826 1429 978 1464 aspicietis,
993 1434 1019 1456 et

224 1479 352 1507 ccclestes
370 1486 417 1514 per
430 1479 508 1507 sinus
524 1478 638 1506 Veniam
657 1478 690 1505 ad
705 1478 823 1506 Patrem.
843 1477 876 1504 i7
891 1477 922 1504 Et
942 1477 1016 1505 dixe-

224 1533 289 1555 runt
303 1527 444 1562 discipuli,
461 1527 620 1556 Sermonem
638 1529 842 1562 supprimentes
860 1527 930 1554 intra
943 1534 1021 1554 men-

225 1583 291 1611 tem,
305 1578 501 1613 promissorem
511 1578 596 1609 vocis,
608 1577 720 1612 Lingua
729 1577 924 1611 propinquum,
936 1583 1021 1603 amu-

230 1626 284 1653 lum
301 1626 402 1654 silentii
417 1636 424 1653 :
442 1626 511 1659 Quis
527 1629 569 1653 est
583 1633 673 1653 sermo
691 1625 735 1651 hic
746 1632 827 1660 quem
848 1624 926 1655 dixit,
947 1624 1019 1660 quod

225 1674 315 1702 adhuc
341 1675 481 1709 pusillum,
508 1673 640 1702 Pusillum
662 1673 751 1700 adhuc
775 1677 883 1707 tempus
898 1677 940 1700 est
955 1673 1021 1701 reli-

226 1726 311 1755 ctum,
334 1730 366 1750 ex
382 1730 438 1757 quo
451 1730 495 1750 me
512 1723 606 1751 mundi
620 1722 681 1750 Non
697 1722 815 1758 amplius
834 1722 961 1750 videbitis
976 1730 1022 1750 co-

228 1772 337 1804 mitem;
361 1772 545 1806 propinquum
566 1779 632 1799 vero
663 1771 746 1799 Deest
774 1771 864 1799 adhuc
890 1771 1021 1807 pusillum

232 1819 352 1847 volubile
367 1823 486 1855 tempus,
505 1828 536 1848 ex
552 1827 606 1855 quo
620 1827 664 1847 me
678 1820 728 1848 soli
746 1820 853 1848 Rursus
868 1820 1021 1856 aspicietis,

228 1867 604 1896 ctveniamadPatrem?l8
633 1888 640 1895 .
681 1888 688 1895 .
729 1888 736 1895 .
776 1889 783 1896 .
824 1889 831 1896 .
871 1889 877 1896 .
919 1889 925 1896 .
965 1888 972 1895 .
1014 1890 1020 1896 .

230 1963 264 1990 i9
285 1963 366 1992 Jesus
399 1972 465 1993 vero
492 1965 630 1993 sociorum
665 1965 819 2000 intelligens
845 1965 952 1992 varium
974 1972 1023 1992 cor

230 2012 306 2045 Quod
335 2013 462 2041 collocuti
491 2017 594 2045 essent,
622 2017 649 2040 et
677 2013 803 2041 volebant
833 2013 1017 2048 interrogare,

229 2062 410 2090 Antevertens
437 2069 564 2090 sermone
590 2061 659 2088 dixit
687 2060 835 2089 solertibus
857 2060 1019 2096 discipulis:

229 2107 287 2136 Cur
302 2109 418 2139 invicem
434 2110 573 2145 iuquiritis
593 2109 680 2137 vicina
694 2108 878 2154 linguaﬁuod
895 2113 957 2143 post
972 2116 1023 2143 pu-

1071 966 1153 1001 Ὑμῖν
1168 966 1208 992 εἰν
1225 965 1267 991 ἐνὶ
1282 964 1350 991 πᾶσι
1366 961 1544 998 προθεσπίζει
1560 960 1637 992 τέλος
1652 959 1751 995 ἔργων.

1068 1011 1102 1038 id
1115 1007 1199 1043 Οὗτος
1211 1009 1257 1038 ιὼν
1272 1008 1348 1045 παρὰ
1361 1009 1468 1043 Πατρὸς
1501 1006 1640 1041 ἀνυψώσει
1658 1013 1691 1040 με
1706 1004 1869 1039 γεραίρων·

1068 1058 1147 1084 Ὄττι
1162 1065 1209 1083 κεν
1228 1055 1373 1091 ἡμετέροιο
1387 1053 1546 1089 δεδεγμένος
1564 1053 1596 1078 ὲκ
1608 1051 1755 1086 Γενετῆρος

1074 1103 1153 1139 Ὑμῖν
1165 1102 1350 1138 συμμιγέεσσι
1367 1100 1491 1136 προώρια
1507 1098 1630 1133 θέσφατα
1643 1097 1732 1132 φαίνει

1070 1150 1214 1184 ὐσσαπερ
1235 1148 1342 1174 ἔσσεται
1356 1146 1438 1181 ὔμμι.
1451 1145 1484 1172 15
1492 1144 1548 1171 Καὶ
1558 1141 1757 1179 ἀρχεγόνῳτινὶ
1770 1140 1872 1175 θεσμῷ

1069 1194 1179 1231 κλῆρος
1198 1194 1263 1229 ἐμὸς
1277 1192 1343 1219 πέλε
1359 1192 1448 1218 πάντα
1462 1190 1558 1226 Πατὴρ
1579 1189 1647 1225 ἐμὸς
1661 1189 1726 1215 ὂσσα
1743 1187 1871 1222 κομίζει.

1070 1239 1108 1269 Οὖ
1121 1242 1200 1277 χάριν
1217 1239 1304 1275 ὔμμιν
1317 1238 1408 1265 ἔειπον
1424 1237 1466 1264 δτι
1481 1236 1589 1269 ζαθέοιο
1601 1235 1704 1270 Τοκῆος

1070 1286 1121 1320 Δέγ
1125 1294 1204 1321 μενος
1214 1284 1359 1321 ἡμετέροιο
1374 1282 1555 1319 προαγγέλλει
1571 1281 1649 1313 τέλος
1659 1281 1755 1316 ἔργων.

1071 1332 1105 1360 16
1126 1331 1206 1363 Βαιὸς
1240 1331 1280 1358 ἔτι.
1300 1330 1394 1366 χρόνος
1428 1329 1488 1356 ἐστὶ
1509 1328 1701 1364 λελειμμένος,
1727 1325 1791 1353 εὗτὲ
1837 1335 1872 1362 με

1705 1372 1714 1407 l
1725 1372 1835 1407 κόσμου

1071 1424 1169 1450 Οὐκέτι
1191 1421 1325 1457 θηήσεσθε
1342 1420 1525 1455 συνέμπορον·
1542 1417 1695 1453 ἀγχιφανὴς
1712 1417 1740 1444 δὲ

1071 1470 1199 1497 Λείπεται
1215 1467 1298 1494 εῑσέτι
1313 1466 1387 1502 βαιὸς
1400 1465 1457 1498 ἕλιξ
1471 1465 1580 1500 χρόνος,
1592 1462 1655 1491 εὖτέ
1672 1472 1704 1499 με
1732 1462 1830 1498 μοῦνοι

1074 1515 1212 1550 Ἔμπαλιν
1229 1513 1380 1549 ἀθρήσητε,
1398 1512 1445 1539 καὶ
1465 1511 1593 1546 αἰθερίων
1609 1511 1656 1537 ἐπὶ
1671 1510 1778 1536 κόλπων

1074 1561 1181 1596 Ἲξομαι
1196 1562 1236 1591 εἰς
1251 1559 1398 1594 Γενετῆρα.
1421 1558 1454 1585 i7
1469 1557 1524 1584 Καὶ
1538 1556 1701 1591 ἐφθέγγοντο
1717 1555 1855 1591 μαθηταὶ,

1034 1595 1056 1624 c
1073 1595 1165 1634 Μῦθον
1182 1605 1400 1637 ὐποκλέπτοντες
1418 1604 1472 1631 ἔσω
1495 1603 1608 1640 φρενὸς,
1624 1603 1721 1637 ἔγγυον
1735 1602 1832 1637 αὐδῆς,

1075 1653 1206 1688 Γλώσσης
1218 1651 1410 1688 ἁγχικέλευθον
1423 1671 1431 1683 ,
1449 1649 1622 1685 ἁμιλλητῆρα
1638 1649 1741 1683 σιωπῆς
1752 1656 1759 1664 ·

1076 1699 1125 1730 Τίς
1141 1697 1243 1724 τελέθει
1253 1697 1332 1731 λόγος
1348 1693 1425 1728 οὗτος
1439 1695 1469 1722 ὃν
1482 1695 1610 1727 ἔννεπεν,
1625 1694 1662 1726 ὡς
1675 1694 1714 1721 ἔτι
1728 1694 1812 1729 βαιὸς,

1076 1741 1157 1774 Bato;
1169 1741 1208 1768 ἔτι
1222 1741 1318 1777 χρόνος
1340 1740 1398 1767 ἐστὶ
1411 1739 1589 1775 λελειμμένος
1601 1758 1608 1771 ,
1622 1737 1685 1766 εὖτέ
1703 1747 1735 1773 με
1748 1739 1857 1774 κόσμου

1076 1787 1174 1814 Οὐκέτι
1188 1786 1323 1822 θηήσεσθε
1340 1785 1511 1822 συνέμπορον
1522 1794 1529 1801 ·
1546 1785 1700 1821 ἀγχιφανὴς
1714 1785 1743 1811 δὲ

1076 1833 1206 1860 Λείπεται
1224 1832 1308 1860 εἰσέτι
1322 1832 1396 1867 βαιὸς
1409 1831 1467 1864 ἕλιξ
1487 1832 1598 1867 χρόνος,
1614 1829 1676 1858 εὖτέ
1697 1839 1730 1866 με
1745 1830 1839 1866 μοῦνοι

1079 1878 1216 1914 Ἐμπαλιν
1230 1879 1382 1915 ἀθρήσητε,
1399 1878 1446 1905 καὶ
1461 1878 1552 1914 ἵξομαι
1568 1878 1608 1910 εἰς
1621 1877 1775 1913 Γενετῆρα;

1078 1971 1112 1998 19
1130 1969 1233 2006 Ἰησοῦς
1249 1970 1271 1997 δ’
1286 1970 1392 2006 ἑτάρων
1408 1969 1573 2005 δεδαημένος
1589 1968 1679 1995 αἰόλον
1697 1966 1772 2004 ἦτορ,

1079 2017 1155 2043 ’Όττι
1171 2015 1385 2051 συνεφθέγγοντο
1396 2038 1403 2048 ,
1421 2016 1469 2043 καὶ
1483 2015 1579 2051 ἤθελον
1591 2014 1633 2046 ἒξε
1639 2014 1760 2050 ρεείνειν,

1077 2062 1250 2098 Προφθαδιην
1263 2062 1378 2098 ἀγόρευε
1395 2061 1595 2097 περισσονόοισι
1608 2060 1742 2096 μαθηταῖς
1754 2068 1760 2075 ·

1078 2109 1163 2136 Τιπτε
1185 2108 1244 2144 μετ’
1257 2107 1380 2143 ἀλλήλων
1398 2107 1547 2143 μαστεύετε
1558 2107 1659 2141 γείτονι
1671 2105 1779 2141 γλώσσῃ

832 2182 974 2214 TEXTUS
993 2184 1260 2214 EVANGELISTAE.

266 2271 282 2297 8
304 2270 359 2296 Kc).
385 2270 468 2296 ἐλθὼν
494 2272 614 2300 ἐκεῖνος,
641 2269 744 2302 ἐλέγξει
762 2270 806 2295 τὸν
834 2270 936 2303 κόσμον
961 2270 1024 2304 περὶ
1041 2272 1062 2298 D

231 2313 368 2347 ἁμαρτίας
384 2312 429 2337 καὶ
443 2312 505 2345 περὶ
518 2311 689 2344 δικαιοσύνης
706 2312 752 2336 καὶ
771 2311 834 2345 περὶ
852 2311 977 2345 κρίσεως.

266 2354 360 2387 Θῐῐερὶ
392 2353 528 2387 ἁμαρτίας
557 2352 622 2387 μὲν,
649 2352 688 2377 ὅτι
718 2352 747 2378 οὐ
786 2352 958 2378 πιστεύουσιν
983 2353 1022 2383 εἰς

232 2396 295 2422 ἐπέ·

270 2439 298 2463 10
316 2437 383 2472 Περὶ
400 2436 572 2470 δικαιοσύνης
585 2436 622 2467 δὲ,
636 2436 675 2461 ὅτι
694 2435 760 2470 apd;
782 2435 827 2461 τὸν
842 2435 952 2469 Πατέρα
972 2444 1022 2470 μου

232 2480 339 2513 ὑπάγω,
360 2478 406 2505 καὶ
423 2478 472 2504 οὐκ
487 2477 527 2503 ἔτι
541 2478 666 2512 θεωρεῖτέ
686 2486 719 2512 με
733 2485 739 2492 ’

268 2520 297 2547 11
315 2520 381 2555 Περὶ
395 2519 422 2545 δὲ
437 2520 563 2553 κρίσεως,
577 2519 616 2545 ὅτι
633 2520 646 2545 ό
667 2518 758 2554 ἄρχων
776 2519 823 2545 τοῦ
842 2519 944 2553 κόσμου
959 2518 1022 2544 τού-

232 2570 278 2590 του
296 2562 430 2596 κέκριται.

268 2603 302 2629 η
324 2603 383 2629 Ἔτι
410 2602 495 2628 πολλὰ
514 2602 568 2636 ἔχω
583 2602 672 2635 λέγειν
690 2602 764 2636 ὑμῖν,
783 2601 839 2628 ἀλλ’
854 2602 883 2627 οὐ
904 2601 1018 2627 δύνασθε

234 2644 378 2680 βαστάζειν
391 2644 463 2679 ἄρτι.

270 2687 303 2713 i3
320 2685 403 2711 Ὅταν
418 2685 445 2711 δὲ
464 2684 529 2720 ἔλθῃ
553 2686 673 2716 ἐκεῖνος,
694 2684 724 2710 τὺ
747 2683 858 2718 Πνεῦμα
881 2684 930 2718 τῆς
956 2683 1023 2718 ἀλη-

233 2727 325 2760 θείας,
344 2727 472 2762 ὁδηγήσει
492 2726 562 2761 ὑμᾶς
577 2727 616 2758 εἰς
632 2726 722 2752 πᾶσαν
744 2725 793 2760 τὴν
819 2725 965 2760 ἀλήθειαν
991 2725 1022 2751 οὐ

235 2769 288 2803 γὰρ
304 2769 415 2804 λαλήσει
433 2769 479 2802 ἀφ’
494 2767 601 2799 ἑαυτοῦ,
619 2767 676 2794 ἀλλ’
687 2767 737 2793 ὅσα
755 2767 787 2794 ἂν
801 2767 923 2804 ἀκούσῃ,
941 2766 1023 2801 λαλή-

235 2817 276 2835 σει
289 2830 297 2840 ,
314 2809 358 2835 καὶ
375 2809 409 2835 τὰ
421 2809 556 2844 ἐρχόμενα
569 2808 713 2842 ἀναγγελεῖ
726 2809 801 2843 ὑμῖν.

271 2851 304 2876 14
323 2851 443 2882 Ἐκεῖνος
459 2851 507 2885 ἐμὲ
521 2849 636 2884 δοξάσει,
648 2851 688 2876 ὅτι
703 2851 735 2876 ὲκ
751 2849 796 2876 τοῦ
812 2848 878 2884 ἐμοῦ
895 2849 1020 2885 λήψεταιν

242 2892 287 2917 καὶ
298 2891 441 2925 ἀναγγελεῖ
457 2891 531 2926 ὐμῖν.

1125 2269 1158 2295 15
1185 2268 1276 2295 Πάντα
1308 2268 1357 2293 ὅσα
1385 2267 1440 2301 ἔχει
1460 2267 1474 2292 ό
1505 2266 1616 2301 Πατὴρ,
1641 2265 1695 2300 ἐμά
1724 2265 1799 2290 ἐστιν
1824 2263 1867 2290 διὰ

1077 2311 1156 2338 τοῦτο
1180 2310 1254 2338 εἷπον
1274 2311 1315 2336 ὅτι
1337 2309 1368 2334 ὲκ
1385 2308 1431 2335 τοῦ
1450 2308 1519 2344 ἐμοῦ
1533 2308 1665 2343 λήψεται,
1686 2307 1734 2333 καὶ
1750 2307 1866 2340 ἀναγγε-

1077 2356 1118 2382 λεῖ
1141 2356 1214 2391 ὑμῖν.

1115 2397 1148 2424 16
1168 2396 1282 2432 Μικρὸν,
1300 2395 1346 2422 καὶ
1369 2395 1400 2421 οὐ
1427 2393 1556 2430 θεωρεῖτέ
1584 2402 1635 2428 με·
1660 2393 1708 2419 καὶ
1725 2391 1807 2419 πάλιν
1825 2400 1867 2426 μι-

1079 2438 1162 2474 κρὸν,
1193 2438 1238 2464 καὶ
1260 2436 1358 2472 ὕψεσθέ
1386 2445 1437 2471 με,
1464 2436 1505 2462 ὅτι
1530 2435 1584 2469 ἐγὼ
1610 2435 1708 2468 ὑπάγω
1730 2434 1800 2469 πρὸς
1825 2433 1867 2458 τὸν

1078 2480 1149 2507 Πατέ
1154 2489 1197 2514 ρα.

1117 2521 1147 2548 l7
1165 2519 1250 2548 Εἶπον
1270 2518 1316 2547 οὖν
1335 2521 1366 2546 ὲκ
1379 2519 1433 2545 τῶν
1460 2517 1588 2554 μαθητῶν
1605 2516 1687 2543 αὐτοῦ
1703 2516 1772 2552 πρὸς
1787 2515 1867 2550 ἀλλήο

1078 2564 1140 2595 λους
1151 2571 1157 2577 ”
1171 2563 1203 2589 Τί
1221 2564 1278 2589 ἐστι
1302 2562 1379 2588 τοῦτο
1392 2561 1405 2587 ὃ
1430 2561 1504 2595 λέγει
1529 2561 1611 2595 ἡμῖν·
1630 2558 1735 2593 Μικρὸν
1748 2578 1757 2590 ,
1778 2557 1826 2585 καὶ
1836 2556 1865 2583 οὗ

1077 2604 1202 2640 θεωρεῖτέ
1220 2613 1267 2639 με·
1285 2604 1331 2629 καὶ
1341 2603 1420 2629 πάλιν
1436 2602 1546 2638 μικρὸν,
1560 2601 1607 2627 καὶ
1616 2599 1715 2635 ὄψεσθέ
1731 2608 1766 2635 με
1776 2607 1783 2615 ·
1798 2599 1844 2626 καὶ
1854 2617 1863 2631 ,

1078 2648 1138 2673 ’Ότι
1153 2645 1209 2679 ἐγὼ
1227 2645 1326 2679 ὑπάγω
1339 2645 1407 2680 πρὸς
1420 2644 1466 2670 τὸν
1480 2644 1590 2678 Πατέρα
1603 2650 1610 2674 ;

1112 2688 1146 2715 i8
1158 2688 1270 2721 Ἔλεγον
1281 2685 1327 2713 οὖν
1341 2695 1348 2701 ·
1362 2686 1447 2713 Τοῦτο
1459 2686 1485 2713 τί
1502 2686 1574 2712 ἐστιν
1585 2684 1599 2711 ὃ
1609 2683 1694 2718 λέγει,
1710 2682 1740 2710 τὸ
1754 2682 1864 2719 μικράνς

1076 2731 1126 2758 οὐκ
1139 2730 1248 2765 οἴδαμεν
1267 2729 1294 2756 τί
1313 2728 1398 2756 λαλεῖ.

1112 2772 1146 2799 i9
1167 2772 1258 2805 Ἔγνω
1275 2769 1321 2798 οὖν
1337 2771 1351 2797 ό
1372 2769 1475 2805 Ἰησοῦς
1492 2769 1533 2796 ὅτι
1566 2766 1664 2803 ἠθελον
1695 2765 1777 2793 αὐτὸν
1798 2765 1864 2800 ιρι-

1076 2814 1125 2848 τᾷν
1138 2832 1146 2844 ,
1171 2813 1218 2839 καὶ
1241 2810 1316 2838 εἶπεν
1340 2812 1447 2842 αὐτοῖς·
1474 2810 1542 2845 Περὶ
1570 2808 1666 2835 τούτου
1682 2807 1789 2843 ζητεῖτε
1805 2805 1864 2841 μετ’

1075 2847 1196 2889 ἀλλήλων
1219 2854 1260 2880 ὅτι
1282 2851 1376 2880 εἷπον·
1394 2852 1500 2887 Μικρδν
1512 2870 1521 2882 .
1536 2851 1585 2878 καὶ
1608 2849 1638 2876 οὐ
1655 2847 1783 2883 θεωρεῖτὲ
1809 2853 1861 2882 ιιι-ι’

1076 2896 1123 2925 καὶ
1139 2895 1220 2923 πάλιν
1238 2894 1350 2931 μικρὸν,
1368 2895 1415 2922 καὶ
1429 2893 1527 2929 ὂψεσθέ
1544 2900 1593 2931 ps;
