3982 6400
490 466 590 525 E87

1736 454 1945 514 NONNI
1985 449 2084 508 PA]

2191 437 2486 501 ωσι-ΑΜ
3616 428 3704 491 888

496 588 583 641 tuo
611 578 765 636 vitali
793 576 978 643 verbo,
1029 574 1095 631 Et
1131 574 1253 648 puri
1303 573 1414 631 sint
1465 574 1710 631 veritatis
1746 571 2060 628 sant-tilica-

2191 561 2277 616 [αἱ
2307 555 2540 629 καθαροὶ
2568 550 2839 607 τελέθοιεν
2872 546 3131 619 ἀληθείης
3162 540 3439 613 ἁγιασμῷ,

498 694 658 758 liene,
678 690 969 763 Spirituali
992 689 1118 761 igne
1144 687 1408 745 membris
1435 687 1550 741 loti.
1572 687 1644 743 20
1667 684 1787 742 Non
1812 700 1912 756 pro
1935 683 2074 754 ipsis

497 802 635 861 Solis
666 809 815 858 tuam
848 809 977 872 pcto
997 799 1253 872 gratiam,
1283 798 1378 854 sed
1407 812 1507 867 pro
1533 796 1790 853 omnibus
1822 794 2070 862 Quicun-

501 932 597 991 [ue
625 917 834 973 rabiem
874 914 1212 970 incredulam
1250 913 1571 983 abjicientes
1614 912 1817 974 ventis,
1844 908 2069 966 Rectam

502 1030 653 1089 fidem
682 1028 883 1084 habent
912 1041 1157 1083 meorum
1189 1028 1260 1081 ob
1298 1034 1604 1080 sei-menem
1648 1022 1961 1078 sociorum:
2001 1020 2068 1074 21

502 1140 694 1201 ῑηιηεε
717 1155 886 1196 unum
918 1147 976 1193 ut
1003 1139 1134 1203 sint,
1166 1136 1446 1207 conjuncti
1479 1134 1625 1190 sicut
1654 1147 1791 1197 nos;
1837 1131 1994 1186 Sicut
2017 1128 2074 1183 in

495 1273 583 1312 me
602 1271 683 1322 cs,
708 1262 762 1308 et
797 1268 921 1324 ego,
954 1251 1138 1315 Pater,
1166 1254 1221 1305 in
1253 1260 1304 1304 te
1334 1263 1479 1311 sum,
1504 1246 1802 1317 Compares
1839 1244 2074 1298 invicem

491 1363 820 1437 coagmenli,
850 1371 910 1417 ut
947 1370 1001 1418 et
1035 1361 1142 1432 ipsi
1194 1358 1359 1430 182
1403 1358 1703 1414 Nobiscum
1746 1370 1939 1412 omnes
1966 1354 2077 1410 sint

490 1478 773 1549 conjuncti
801 1476 953 1531 nati:
984 1474 1221 1529 Mundus
1253 1484 1311 1529 ut
1343 1472 1612 1542 intelligat
1638 1478 1900 1526 versutus
1930 1468 2077 1538 quod

490 1609 579 1649 me
615 1591 821 1646 mundo
846 1588 1109 1644 Humana}
1128 1585 1463 1658 pramiseris
1484 1585 1653 1641 totius
1664 1584 2076 1654 Redemptorem

492 1706 881 1778 generationis.
915 1704 987 1759 22
1010 1703 1075 1759 Et
1106 1704 1242 1775 ipsis
1274 1701 1501 1773 gloriam
1546 1698 1752 1771 praebui
1784 1711 1947 1768 quam
1972 1697 2077 1751 mi-

495 1822 549 1875 hi
580 1820 804 1885 dedisti,
829 1826 889 1875 ut
917 1819 976 1875 in
1003 1819 1161 1874 nobis
1181 1815 1388 1872 Omnes
1409 1815 1688 1885 conjuncti
1714 1812 1941 1885 perfecti
1971 1813 2080 1868 sint

2172 644 2537 722 Πνευρματικῷ
2556 645 2691 717 πυρὶ
2708 643 2837 711 γυῖα
2853 637 3185 708 λελουμένοι.
3200 633 3272 688 20
3285 634 3397 705 Οὐχ
3413 633 3545 704 ὑπὲρ
3557 633 3706 689 αὐτῶν

2174 743 2402 798 Μούνων
2432 736 2710 809 ὑμετέρην
2742 733 2970 802 δέχομαι
2997 727 3156 800 χάριν
3174 765 3189 787 ,
3220 724 3365 794 ἀμφὶ
3386 724 3440 776 δὲ
3468 725 3659 779 πάντων

2174 835 2366 888 Ὀσσοι
2389 829 2594 884 λύσσαν
2618 826 2845 881 ἄπιστον
2871 818 3277 894 ἀπορρίψαντες
3310 816 3497 886 ἀήταις
3515 854 3532 877 ,

2187 922 2385 995 Ὄρθην
2413 919 2594 973 πίστιν
2618 915 2834 987 ἔχουσιν
2863 910 3013 984 ὲμῶν
3042 907 3129 965 διὰ
3159 903 3328 977 μῦθον
3360 902 3575 995 ἑταίρων
3610 912 3622 928 ⁸

2178 988 2489 1074 “Vm-Mes
2516 1007 2576 1063 ἓν
2601 1007 2746 1078 ἆφρα
2775 1003 3011 1065 πέλοιεν,
3050 995 3317 1070 όμόζυγες
3342 988 3529 1066 οἷάπερ
3557 995 3703 1065 sum;

2186 1108 2276 1171 Ὠς
2327 1107 2386 1159 ὲν
2440 1101 2567 1173 ἐμοὶ
2618 1096 2897 1162 τελέθεις,
2949 1093 3045 1148 καὶ
3097 1087 3248 1159 ἐγὼ,
3291 1085 3508 1157 Πάτερ,
3549 1087 3601 1139 ἐν
3648 1089 3712 1143 ml

3376 1177 3396 1250 [
3414 1177 3623 1250 ὑπάρχω
3642 1218 3658 1242 ,

2177 1288 2417 1357 Σύζυγες
2440 1284 2756 1355 ἀλλήλοισιν
2781 1278 3072 1352 ἀρηρότες,
3104 1276 3246 1348 δφρα
3271 1277 3365 1330 καὶ
3394 1273 3538 1327 αὐτοὶ

2182 1378 2343 1450 183
2391 1378 2553 1448 Ἡμῖν
2582 1375 2788 1438 πάντες
2816 1372 2975 1425 ἔωσιν
3008 1369 3277 1439 ὁμόζυγες
3304 1366 3622 1434 ἐκγεγαῶτες
3642 1377 3653 1391 ο

2178 1472 2396 1541 λόσμος
2422 1469 2509 1523 ἵνα
2533 1467 2689 1537 γνοίη
2712 1463 3093 1534 πολυμήχανος
3119 1460 3237 1513 ὄττι
3268 1475 3337 1530 με
3365 1457 3545 1527 κόσμῳ

2191 1559 2519 1631 Ἀνδρομέης
2549 1555 2827 1629 προέηκας
2861 1553 2989 1624 ὅλης
3017 1550 3243 1622 Λυτῆρα
3266 1546 3536 1617 γενέθλης.

2177 1652 2250 1706 22
2272 1652 2383 1705 Καὶ
2412 1649 2562 1718 σφίσι
2594 1646 2754 1710 κῦδος
2785 1644 3002 1698 ὄπασσα
3027 1642 3089 1697 τό
3113 1659 3204 1715 μοι
3237 1639 3403 1712 πόρες
3425 1679 3442 1705 ,
3466 1637 3536 1701 ὥς
3562 1653 3642 1689 κεν
3670 1638 3715 1690 ἐν

3509 1726 3528 1799 [
3549 1730 3660 1799 ἡμῖν

2182 1834 2389 1897 Πάντες
2420 1830 2717 1903 όμοζυγέες
2739 1824 3121 1897 τετελεσμένοι
3154 1817 3259 1879 ὦσι
3290 1822 3385 1876 καὶ
3413 1821 3554 1877 αὐτοὶ

494 1935 548 1985 οι
571 1926 676 1998 ipsi
704 1924 1024 1995 Compares,
1062 1930 1121 1977 ut
1158 1938 1330 1980 unum
1376 1922 1555 1977 solum
1611 1936 1805 1976 sumus
1839 1920 2076 1974 invicem

2191 1923 2441 1994 Σύζυγες.
2481 1923 2576 1976 Ἕν
2609 1921 2769 1992 μόνον
2792 1919 2956 1990 ἐσμὲν
2990 1918 3046 1971 ὲν
3080 1914 3389 1986 ἀλλήλοισιν
3417 1912 3601 1974 ἐόντες,

494 2031 863 2095 exsistentes;
899 2027 1067 2083 Nobis
1090 2034 1150 2081 ut
1181 2026 1313 2080 ﬂant
1337 2026 1473 2081 socii
1500 2024 1748 2096 prognati
1778 2043 1788 2078 :
1824 2023 1895 2078 25
1926 2022 1995 2078 Ut
2021 2030 2079 2077 tu

494 2137 715 2207 quidem
750 2136 829 2191 sis
860 2135 916 2191 in
951 2150 1058 2199 me,
1080 2133 1265 2196 Pater.
1301 2141 1432 2188 utet
1466 2132 1583 2203 ipse
1606 2131 1928 2187 Communis
1962 2145 2081 2189 om-

494 2242 658 2297 nibus
701 2243 869 2297 sociis
898 2256 998 2311 ego
1035 2239 1308 2296 adductus
1358 2240 1483 2295 sim.
1521 2237 1759 2292 Mundus
1791 2244 2080 2307 utcogno-

494 2352 614 2400 seat
643 2359 841 2398 excors
896 2341 1093 2397 scienti
1142 2342 1314 2396 verbo
1350 2339 1509 2407 Quod
1544 2346 1601 2393 tu
1641 2354 1728 2395 me
1766 2337 2082 2408 praemisisti

492 2434 838 2491 defensorem
868 2434 1184 2489 testificanti
1219 2433 1447 2498 mundo,
1487 2429 1752 2486 Humana:
1783 2429 1911 2484 vita:
1944 2429 2083 2484 libe-

494 2550 768 2597 ratorem:
805 2539 950 2610 quod
980 2549 1034 2593 et
1076 2540 1226 2609 ipsos
1255 2535 1327 2592 Ut
1366 2543 1520 2590 tuum
1574 2534 1772 2589 Filium
1821 2534 2085 2599 dilexisti,

496 2660 649 2701 meos
686 2645 867 2701 socios
896 2644 1151 2713 diligens.
1196 2640 1269 2694 25
1324 2638 1460 2695 Volo
1486 2654 1627 2711 quos
1678 2636 1881 2695 dedisti
1925 2639 2081 2703 milii,

498 2745 682 2812 Pater,
716 2756 774 2802 ut
804 2754 858 2801 et
887 2745 994 2815 ipsi
1025 2744 1130 2800 Ubi
1178 2759 1301 2803 sum
1332 2751 1611 2806 maneant,
1660 2751 1717 2796 ut
1760 2742 2085 2797 mortalibus

496 2851 674 2908 oculis
706 2848 908 2908 Omues
940 2848 1214 2919 aspiciant
1254 2861 1434 2901 meum
1477 2844 1768 2900 sublimem
1806 2844 2087 2916 principa-

498 2964 637 3018 tum,
661 2954 834 3020 Quem
856 2952 1054 3007 dedisti
1073 2954 1189 3022 ipse
1216 2950 1371 3016 milii,
1392 2949 1519 3020 quia
1543 2964 1650 3014 me,
1674 2947 1858 3016 Pater,
1881 2949 2086 3005 dilexe-

498 3076 591 3115 ras
620 3058 947 3129 Priusquam
999 3056 1283 3127 caliginosi
1340 3055 1529 3113 mundi
1582 3053 1855 3126 profunda
1892 3054 2087 3112 funda-

499 3170 679 3219 menta
712 3162 920 3218 fierent.
949 3162 1021 3218 25
1055 3161 1336 3226 Humana},
1363 3161 1511 3231 juste
1533 3160 1714 3225 Pater,
1747 3161 1872 3215 vitae
1904 3161 2085 3219 salva-

500 3281 608 3333 tor,
643 3267 760 3325 Non
794 3275 872 3333 te,
902 3267 1088 3331 Pater,
1140 3267 1291 3321 novit
1338 3266 1609 3331 mundus;
1642 3281 1742 3337 ego
1794 3274 1975 3321 autem
2037 3273 2088 3321 te

501 3374 826 3445 congenitus
870 3372 1021 3438 novi,
1069 3370 1135 3426 Et
1165 3378 1219 3425 te
1247 3371 1467 3441 sapiens
1497 3378 1677 3424 castus
1712 3369 1802 3424 hic
1837 3383 2087 3425 meorum

502 3479 695 3534 didicit
718 3477 996 3533 sociorum
1027 3474 1271 3530 Moribus
1305 3475 1431 3545 piis.
1455 3473 1526 3528 26
1556 3472 1695 3539 Quia
1727 3473 1864 3543 ipsis
1888 3485 2090 3545 myste-

504 3582 586 3637 ria
614 3581 905 3634 verborum
946 3576 1188 3633 Tuorum
1237 3576 1620 3642 manifestavi;
1652 3584 1707 3631 et
1746 3592 1941 3637 rursus
1972 3594 2091 3632 am-

508 3686 650 3755 plius
695 3681 1041 3748 monstrabo,
1074 3679 1145 3735 Ut
1187 3688 1241 3736 te
1288 3688 1629 3750 cognoscant
1677 3680 1850 3735 multo
1886 3681 2090 3751 magis;

507 3799 566 3844 ut
599 3789 655 3843 in
689 3786 826 3858 ipsis
853 3785 1149 3840 Vinculum
1195 3800 1327 3840 mem
1370 3783 1711 3849 dilectionis,
1753 3794 1807 3840 et
1861 3799 1962 3855 ego
2000 3784 2094 3840 ad-

507 3893 707 3950 ductus
734 3893 859 3950 sim.

1072 4001 1304 4060 CAPUT
1338 3999 1535 4056 XVIII.

577 4100 608 4157 Ι
644 4099 737 4157 Sic
764 4098 984 4155 locutus
1006 4095 1124 4153 haec
1150 4095 1357 4162 omnia,
1386 4091 1639 4150 transivit
1680 4090 1933 4163 prudenti
1958 4091 2096 4161 pede

506 4216 568 4271 In
598 4222 801 4271 terram
833 4228 866 4269 e
890 4211 1115 4283 regione
1141 4210 1340 4276 sitam;
1390 4206 1749 4279 pulchrorum
1808 4218 2089 4259 ramorum

506 4329 603 4385 ubi
638 4328 706 4383 ad
743 4326 941 4383 cedros
964 4323 1129 4381 IEstu
1159 4322 1381 4378 rabioso
1408 4320 1648 4376 volvitur
1678 4317 1853 4373 imber
1874 4330 2087 4380 errans,

508 4438 810 4497 Concitans
843 4437 1212 4508 impetuosum
1244 4434 1449 4489 ﬂuxum
1495 4431 1757 4489 torrentis
1786 4428 1974 4496 ﬂuvii;
2006 4426 2093 4483 Vi-

512 4552 673 4608 cinus
702 4551 794 4606 ubi
843 4549 1035 4607 hortus
1081 4547 1400 4603 virescens:
1434 4542 1492 4598 in
1536 4557 1699 4614 quem
1741 4540 2094 4612 pregrediens

2194 2016 2356 2087 Ἦμῖν
2389 2014 2532 2085 ὄφρα
2559 2014 2799 2083 γένοιντο
2827 2008 3119 2081 συνήλυδες
3143 2004 3487 2075 ἐκγεγαῶτες
3506 2020 3520 2035 '

2182 2108 2252 2163 25
2289 2107 2469 2177 Ὀφρα
2498 2106 2561 2159 σὺ
2597 2105 2694 2175 μὲν
2722 2102 2959 2165 τελέθοις
2992 2102 3051 2155 ὲν
3075 2099 3223 2170 ἐμοὶ,
3256 2097 3438 2166 Πάτερ
3460 2135 3474 2158 ,
3499 2094 3623 2163 ὄφρα
3641 2093 3714 2145 καὶ

3487 2184 3507 2255 [
3525 2182 3663 2245 αὐτὸς

2184 2287 2350 2351 Ξυνὸς
2380 2286 2521 2350 ὅλοις
2547 2285 2822 2356 ἑτάροισιν
2852 2279 2964 2350 ἐγὼ
2993 2278 3383 2351 πεπορημένος
3409 2275 3520 2347 εἴην
3543 2292 3556 2307 ο

2185 2381 2404 2451 Κόσμος
2433 2378 2520 2432 ἵνα
2543 2376 2698 2446 γνοίη
2732 2372 3094 2445 βαρυκάρδιος
3118 2372 3297 2442 ἷδμονι
3325 2368 3474 2441 μύθῳ

2189 2472 2341 2525 Ὅττι
2376 2468 2439 2523 σύ
2477 2485 2544 2539 με
2570 2466 2850 2538 προέηκας
2874 2462 3117 2534 ἀρηγόνα
3148 2462 3388 2533 μάρτυρι
3416 2457 3607 2527 κόσμῳ,

2199 2559 2523 2632 Ἀνδρομέου
2550 2557 2747 2629 βιότοιο
2778 2555 3034 2625 λυτήριον
3051 2570 3063 2583 ·
3091 2554 3210 2606 ὄττι
3241 2551 3335 2605 καὶ
3361 2549 3548 2609 αὐτοὺς

2195 2651 2283 2714 Ὦς
2310 2649 2429 2704 τεὸν
2454 2644 2564 2701 Tia
2588 2646 2820 2715 φίλησας
2838 2683 2853 2707 ,
2883 2644 3049 2713 ἐμοὺς
3079 2640 3309 2713 ἑτάρους
3341 2635 3628 2706 ἀγαπάζων.

2184 2741 2257 2796 24
2286 2738 2556 2809 Βούλομαι
2581 2736 2673 2800 οὒς
2707 2733 3031 2805 παρέδωκας
3067 2733 3218 2802 ἐμοὶ,
3254 2731 3433 2801 Πάτερ
3455 2767 3470 2793 ,
3497 2727 3621 2795 sapa
3646 2720 3717 2779 ul

3518 2817 3665 2889 [αὐτοὶ

2188 2917 2323 2995 ᾟκι
2355 2918 2502 2973 πέλω
2532 2919 2823 2991 μίμνωσιν,
2849 2918 2936 2970 ἵνα
2964 2914 3251 2987 βροτέῃσιν
3281 2913 3519 2974 ὀπωπαῖς

2189 3015 2398 3077 Πάντες
2432 3010 2814 3082 ὲσαθρήσωσιν
2844 3008 2983 3079 ὲμὴν
3011 3006 3301 3077 ὑψίθρονον
3334 3004 3497 3075 ἀρχήν

2192 3098 2323 3170 [Ἦν
2347 3099 2515 3170 πάρες
2543 3095 2705 3159 αὐτὸς
2734 3095 2877 3166 ἐμοὶ,
2904 3095 2986 3147 ὅτι
3015 3111 3105 3165 με,
3127 3094 3345 3165 Πάτερ,
3369 3084 3717 3163 ἁμφαγάπαζες

2192 3189 2329 3260 Πρὶν
2363 3187 2593 3257 ζοφεροῦ
2624 3188 2829 3257 κόσμου
2871 3185 3188 3257 βαθύκολπα
3215 3183 3445 3255 θέμεθλα
3471 3173 3715 3251 γενέσθω,

2193 3278 2264 3332 25
2301 3276 2666 3348 Ἀνδρομέοιο,
2690 3276 2865 3329 δίκαιε
2888 3274 3073 3346 Πάτερ
3095 3316 3110 3340 ,
3142 3273 3341 3345 βιότοιο
3379 3271 3609 3341 σαωτὴρ,

2196 3368 2270 3423 Οὔ
2304 3385 2394 3437 σε,
2438 3367 2620 3439 Πάτερ
2644 3407 2659 3433 ,
2702 3364 2841 3439 μάθε
2874 3364 3107 3436 κόσμοςο
3143 3364 3255 3434 ἐγὼ
3298 3364 3357 3419 δέ
3400 3380 3456 3416 σε
3489 3360 3714 3430 σύμφυτος

3473 3451 3491 3523 [
3504 3452 3662 3517 ἔγνων,

2192 3548 2305 3602 Καί
2336 3566 2395 3601 σε
2427 3549 2589 3617 σοφὸς
2619 3548 2777 3621 χορὸς
2813 3541 2968 3610 οὗτος
3002 3548 3150 3617 ἐμῶν
3172 3548 3429 3618 δεδάηκεν
3452 3544 3651 3614 ἑταίρων

2203 3641 2432 3695 Ἠϐεσιν
2457 3641 2801 3698 εὐσεϐέεσσιν
2820 3657 2832 3670 ⁸
2856 3641 2925 3695 26
2950 3642 3033 3693 ὃτι
3062 3639 3246 3710 σφίσιν
3264 3640 3419 3712 ὄργια
3449 3636 3610 3709 μύθων

2209 3732 2519 3805 ’Υμετέρων
2549 3733 2821 3802 ἀνέφηνα·
2852 3733 2945 3785 καὶ
2969 3731 3211 3803 ἔμπαλιν
3240 3730 3407 3784 εἰσέτι
3431 3727 3591 3794 δείξω,

2199 3824 2383 3894 Ὄφρα
2407 3839 2467 3875 σε
2500 3821 2809 3891 γινώσκωσι
2841 3822 2977 3875 πολὺ
3006 3822 3168 3876 πλέον
3193 3839 3208 3853 ο
3242 3821 3319 3885 ὦς
3347 3838 3436 3875 κεν
3469 3821 3523 3873 ὲν
3547 3815 3693 3874 αὐτοῖς

2195 3914 2404 3989 Δεσμδς
2427 3915 2566 3985 ὲμῆς
2590 3914 2841 3985 ἀγάπης,
2872 3915 2967 3971 καὶ
2999 3913 3112 3983 ἐγὼ
3144 3911 3513 3988 πεφυρημένος
3537 3910 3650 3978 εἵην.

2833 4006 2989 4062 ΚΕΦ.
3028 4006 3135 4060 IH‘.

2269 4096 2293 4149 1
2339 4094 2434 4158 Ὣς
2481 4094 2722 4166 φάμενος
2780 4096 2900 4150 τάδε
2948 4097 3126 4152 πάντα
3153 4136 3171 4161 ,
3222 4097 3482 4168 διέστιχεν
3535 4093 3717 4163 ἔμφρονι

3478 4180 3654 4258 [ταρσῷ

2199 4274 2376 4339 Πέζαν
2418 4275 2475 4340 ἐς
2501 4276 2854 4361 ἀντιπέραιαν
2876 4296 2889 4309 ·
2928 4278 3253 4350 ὲῡπρέμνων
3286 4280 3367 4333 ὅθι
3398 4278 3588 4348 κέδρων

2199 4366 2427 4436 Οἴδματι
2454 4366 2738 4440 λυσσήεντι
2774 4369 3078 4425 κυλίνδεται
3103 4370 3309 4443 ὄμϐρος
3335 4371 3527 4440 ἀλήτης
3537 4406 3550 4430 ν

2200 4455 2463 4511 Οἰδαίνων
2490 4457 2664 4530 θρασὺ
2694 4458 2875 4531 χεῦμα
2911 4461 3242 4534 χαραδραίου
3271 4462 3549 4531 ποταμοῖο·

2213 4549 2545 4621 ’Λγχιφανὴς
2573 4551 2656 4605 ὅθι
2684 4552 2859 4627 κῆπος
2885 4552 3105 4625 ὲΰχλοος
3123 4569 3137 4585 ο
3169 4552 3228 4607 ὂν
3265 4548 3597 4633 παραμείόωὶ

1714 4683 1997 4744 TEXTUS
2035 4685 2566 4748 EVANGELISTA‘I.

585 4837 659 4892 20
682 4832 757 4889 οὐ
796 4827 926 4903 περὶ
976 4828 1181 4886 τούτων
1211 4826 1269 4884 δὲ
1299 4825 1488 4900 ἐραηῶ
1529 4827 1727 4897 μόνον,
1780 4828 1918 4884 ἀλλὰ
1969 4830 2098 4900 περὶ
2128 4834 2173 4888 ι)
2201 4832 2297 4899 ξαν
2335 4833 2434 4905 τὴν
2468 4833 2609 4905 ἐμὴν
2654 4834 2722 4905 ἢν
2751 4832 2956 4897 εδωκάς
2990 4848 3110 4905 μοι,
3140 4832 3221 4886 ότι
3247 4824 3524 4900 ἠγάπησάς
3563 4836 3617 4891 με
3643 4810 3719 4883 πρδ

515 4921 624 4975 τῶν
654 4914 1054 4971 πιστευσάντων
1078 4911 1168 4965 διὰ
1190 4910 1281 4967 τοῦ
1316 4910 1478 4979 λόγου
1504 4910 1683 4963 αὐτῶν
1710 4912 1789 4974 εἰς
1818 4911 1953 4981 ἐμέο

583 5000 650 5055 21
682 5000 804 5054 Ἵνα
831 4997 1033 5059 πάντες
1055 4995 1111 5049 ἓν
1137 4989 1238 5049 ὦσι
1263 5013 1275 5025 ·
1308 4993 1491 5057 καθὼς
1522 4995 1608 5058 σὺ,
1647 4994 1849 5066 Πάτερ,
1874 4997 1933 5049 ὲν
1954 4996 2099 5068 ἐμοὶ,

517 5084 672 5155 κάγὼ
718 5083 776 5135 ὲν
808 5082 893 5140 σοὶ
916 5122 931 5145 ,
965 5081 1054 5137 ἵνα
1086 5080 1182 5134 καὶ
1213 5080 1366 5135 αὐτοὶ
1395 5080 1453 5132 ἐν
1483 5080 1616 5151 ἡμῖν
1663 5079 1722 5132 ἓν
1766 5074 1900 5134 ὦσιν
1919 5096 1933 5113 ’
1961 5081 2048 5135 ἵνα
2072 5082 2101 5134 ό

516 5171 723 5240 κόσμος
755 5166 1026 5239 πιστεύσῃ
1045 5166 1128 5220 ὅτι
1160 5163 1225 5221 σύ
1261 5182 1330 5235 με
1359 5162 1708 5226 ἀπέστειλας.
2020 5160 2023 5163 λ

585 5253 658 5306 22
691 5250 801 5303 Καὶ
826 5247 937 5318 ἐγὼ
960 5248 1059 5319 τὴν
1081 5248 1240 5313 δόξαν
1263 5250 1329 5320 ἣν
1357 5245 1599 5310 δέδωκάς
1630 5264 1742 5316 μοι,
1772 5248 1980 5302 δέδωκα
2012 5247 2102 5301 αὑ-

519 5338 629 5399 τοῖς
652 5351 664 5366 °
691 5334 779 5389 't'va
814 5326 948 5386 ὦσιν
973 5332 1053 5396 ἒν,
1085 5331 1267 5394 καθὼς
1297 5333 1457 5402 ἡμεῖς
1481 5330 1541 5383 ἓν
1571 5332 1758 5399 ἐσμεν.

584 5416 658 5470 25
696 5413 839 5483 Ἐγὼ
866 5415 923 5467 έν
950 5414 1135 5477 αὐτοῖς
1157 5454 1172 5479 ,
1197 5413 1293 5466 καὶ
1328 5414 1392 5467 σὺ
1432 5415 1492 5465 ὲν
1532 5413 1654 5483 ἐμοὶ
1679 5451 1693 5475 ,
1743 5412 1831 5467 ἵνα
1879 5406 1982 5467 ὦσι
2011 5430 2099 5466 τε-

518 5499 865 5568 τελειωμένοι
890 5498 969 5559 εἰς
1000 5496 1080 5561 ἓν,
1114 5496 1208 5551 καὶ
1240 5497 1327 5549 ἵνα
1352 5496 1598 5567 γινώσκῃ
1631 5499 1659 5549 ὁ
1684 5497 1886 5566 κόσμος
1919 5499 2002 5551 ὃτι
2038 5497 2101 5550 σύ

524 5596 590 5649 με
626 5580 954 5643 ἀπέστειλας
981 5621 996 5647 ,
1043 5579 1136 5634 καὶ
1184 5580 1479 5650 ἠγάπησας
1526 5580 1723 5643 αὐτοὺς
1772 5579 1954 5644 καθὼς
2001 5581 2105 5653 ἐμὲ

522 5662 836 5737 ἠγάπησας.

587 5743 900 5815 24Πάτερ,
931 5745 1026 5811 οὓς
1067 5746 1308 5810 δέδωκάς
1343 5763 1457 5817 μοι,
1506 5746 1645 5801 Θέλω
1679 5746 1769 5801 ἵνα
1812 5747 1947 5800 ὅπου
1986 5748 2103 5818 εἰμὶ

533 5820 667 5878 ἐγὼ.
698 5825 939 5880 κάκεῖνοι
978 5822 1076 5885 ὦσι
1125 5831 1243 5900 μετ’
1275 5828 1443 5901 ἐμοῦ·
1474 5829 1557 5885 ἵνα
1593 5828 1839 5902 Θεωρῶσι
1888 5831 1987 5903 τὴν
2016 5830 2101 5884 δό-

2202 4918 2510 4989 καταϐολῆς
2537 4918 2767 4989 κόσμου.
3066 4980 3067 4983 η
3471 4990 3476 4992 _
3639 4983 3648 4992 .
3695 4976 3705 4992 ς

2271 4999 2344 5054 25
2364 4983 2549 5071 Πάτερ
2575 4983 2782 5064 Mutata,
2815 5000 2910 5053 καὶ
2958 4998 2987 5051 ὁ
3013 4997 3215 5069 κόσμος
3250 5014 3309 5050 σε
3334 4994 3429 5048 οὐκ
3457 4990 3581 5057 ἔγνω
3599 4983 3719 5071 ..ἐγὼ

2199 5083 2256 5139 δέ
2280 5102 2339 5143 σε
2366 5066 2558 5153 ἔγνων,
2578 5088 2673 5139 καὶ
2695 5081 2841 5143 οὗτοι
2868 5066 3221 5154 ἔγνωσαν-ὅτι
3245 5082 3308 5140 σύ
3344 5097 3409 5152 με
3427 5066 3715 5133 ἀπέστειλας·

2271 5168 2342 5221 26
2372 5167 2478 5222 Καὶ
2523 5168 2797 5240 ἐγνώρισα
2828 5169 3012 5233 αὐτοῖς
3044 5169 3105 5226 τὸ
3132 5168 3301 5239 ὄνομά
3329 5182 3421 5219 σου
3442 5202 3456 5227 ν
3493 5157 3575 5213 καὶ

2204 5252 2372 5323 ρίσω’
2400 5253 2489 5308 ἵνα
2518 5224 2773 5328 ἠ’ἀγάτι-τι
2814 5255 2882 5328 ἣν
2922 5224 3347 5326 mammas,
3399 5224 3456 5302 ὲν
3496 5236 3650 5299 αὐτοῖς
3671 5224 3714 5302 ᾖς

2205 5335 2363 5405 κάγὼ
2400 5338 2459 5390 ὲν
2487 5337 2691 5401 αὐτοῖς.
3641 5328 3645 5332 ”

2296 5454 2326 5473 υ

2836 5464 2995 5520 ΚΕΦ.
3032 5466 3139 5519 IH’.

2280 5580 2520 5638 1Ταῦτα
2548 5583 2718 5637 εἰπὼν
2763 5586 2791 5636 ὁ
2830 5583 3035 5655 Ἰησοῦς
3079 5583 3265 5653 ἐξῆλθε
3297 5580 3390 5633 σὺν
3436 5575 3536 5635 τοῖς
3573 5561 3713 5655 μεθη-

2205 5668 2325 5728 ταῖς
2348 5666 2513 5720 αὑτοῦ
2542 5668 2717 5737 πέραν
2743 5669 2837 5722 τοῦ
2877 5648 3180 5739 gummi}
3230 5663 3334 5718 τῶν
3359 5648 3710 5739 Κέδρωνηὸποτξ

2205 5744 2273 5843 ἦγ
2316 5752 2520 5842 κῇποςν
2566 5730 2646 5815 εῐξ
2696 5751 2755 5804 ὃν
2801 5730 3059 5822 εξᾰῆλὸεηὶ
3087 5730 3260 5813 ἀὐτὸς
3294 5745 3383 5803 καὶ
3427 5740 3472 5795 ol
3519 5730 3710 5811 μαθηταὶ

2206 5847 2397 5891 αυτου,
