3982 6408
220 337 344 397 905

217 458 353 512 Καὶ
393 455 628 510 Πιλάτον
653 454 904 510 λίσσοντο
934 456 1243 528 συνήλυδες,
1269 457 1414 530 ὄφρα
1438 475 1530 511 κεν
1561 459 1764 524 αὐτῶν,

221 548 483 621 Χριστοῦ
510 547 841 614 θεσπεσίοιο,
877 549 974 604 καὶ
997 548 1276 620 όψιμόρων
1311 550 1406 604 δύο
1429 551 1645 620 φωτῶν,

223 640 517 713 Τρισσῶν,
547 641 898 695 πουλυόδοντι
927 642 1089 706 πόδες
1115 642 1400 713 τέμνοιντο
1433 643 1668 714 σιδήρῳ⁶

223 735 331 806 Μὴ
363 734 461 786 καὶ
492 734 588 788 ἐπὶ
621 737 876 806 σταυροῖο
911 735 1198 806 πεπηγότα
1233 734 1466 806 σώματα
1499 736 1694 808 μίμνῃ,

225 826 513 897 ’Έϐδομον
549 826 754 880 όππότε
783 826 986 896 φέγγος
1011 827 1295 881 ἐλεύσεται
1314 845 1328 858 ·
1368 825 1437 900 ἦν
1462 829 1571 900 γὰρ
1595 829 1777 902 ἐκείνη

222 918 414 971 Πᾶσιν
451 916 786 971 Ἰουδαίοισιν
815 917 1122 988 ἀθέσφατος
1148 919 1373 991 ἔννομος
1397 919 1512 990 ἠὼς

220 1008 477 1076 Φέγγεος
498 1009 838 1080 ὲόδομάτοιο,
867 1009 1038 1081 τόπερ
1059 1011 1276 1066 δεδὰασι
1305 1013 1605 1084 γεραίρειν.

221 1099 306 1153 52
334 1101 445 1152 Kal.
498 1100 729 1171 στρατὸς
758 1102 927 1170 ἐγγὺς
975 1103 1130 1157 ίκανε
1172 1103 1490 1174 μιαιφόνος*
1529 1105 1754 1176 ύψιτενῆ
1775 1106 1836 1161 δὲ

225 1187 472 1260 Πρώτου
507 1191 606 1261 μὲν
633 1191 913 1262 διέτεμνεν
941 1192 1226 1265 ἀλοιητῆρι
1253 1195 1456 1265 σιδήρῳ

225 1283 524 1353 Μειλιχίου
555 1283 693 1337 πόδα
720 1284 901 1338 δισσόν
919 1301 932 1315 ο
961 1286 1054 1338 ἐπὶ
1088 1287 1308 1358 σταυρῷ
1327 1287 1384 1339 δὲ
1415 1287 1658 1352 δεθέντος

228 1372 441 1426 Ἀλλου
463 1373 780 1444 νυκτιλόχου
809 1373 1070 1446 διδύμους
1100 1375 1268 1440 πόδας
1298 1377 1421 1450 ἄορι
1453 1378 1649 1448 κόψας.

223 1465 504 1538 Δεύτερον
532 1466 824 1537 ὲπρήνιξεν
850 1467 1143 1521 ἐπεσϐόλον
1172 1467 1284 1532 ὀξέϊ
1322 1469 1540 1540 πότμῳ.

223 1559 306 1612 55
345 1555 556 1628 Ἰησοῦν
581 1557 626 1610 δ’
655 1557 742 1610 ὅτε
777 1557 969 1629 νεκρὸν
1004 1558 1321 1630 ἐσέδρακον,
1349 1554 1438 1612 οἷα
1465 1561 1740 1625 θανόντος,

224 1651 311 1704 Ού
353 1649 522 1713 πόδας
544 1649 806 1720 ἡλοίησαν
843 1649 1120 1721 όμόζυγας
1147 1651 1309 1721 ὴθάδι
1339 1652 1548 1723 χαλκῷ’

224 1741 306 1796 54
353 1741 518 1795 Ἀλλὰ
555 1740 730 1813 θορὼν
753 1743 1018 1812 ἀκίχητος
1051 1743 1192 1814 ἀνὴρ
1231 1743 1503 1814 ἀνεμώδεῖ
1526 1743 1716 1814 λόγχῃ,

231 1833 489 1906 Πλευρὴν
519 1836 654 1888 πᾶσι
694 1835 962 1904 μέλουσαν
991 1835 1208 1904 ἀφειδέῖ
1243 1835 1370 1900 νύξε
1406 1837 1650 1907 μαχαίρῃ
1675 1853 1688 1865 ο

226 1927 347 1979 Καὶ
375 1926 630 1997 διδύμαις
661 1926 973 1980 λιϐάδεσσιν
1015 1926 1124 1980 ἀπὸ
1155 1927 1410 1997 πλευροῖο
1437 1927 1702 1990 τυπέντος

226 2019 440 2089 Πρῶτα
473 2019 572 2090 μὲν
595 2015 740 2090 αἷμα
768 2017 929 2090 χύθη,
966 2019 1263 2090 μετέπειτα
1295 2021 1352 2074 δὲ
1380 2019 1637 2074 θέσκελον
1665 2019 1831 2092 ὕδωρ.

224 2111 303 2164 55
351 2111 516 2184 Ἀνὴρ
549 2112 596 2164 δ’
634 2112 785 2175 ὅστις
816 2111 1060 2175 ὄπωπεν,
1087 2111 1162 2183 ἐῷ
1189 2111 1504 2167 πιστώσατο
1535 2112 1690 2183 μύθῳ

223 2205 562 2276 Μαρτυρίην
595 2204 886 2258 ἀτίνακτον
907 2222 921 2237 ο
955 2205 1289 2278 ἀριστονόοιο
1315 2205 1372 2258 δὲ
1404 2205 1584 2258 κείνου

230 2297 422 2367 Ἵδμεν
443 2297 524 2349 ὅτι
548 2296 716 2367 ζαθέη
747 2297 841 2350 καὶ
866 2298 1134 2368 ἐτήτυμος
1157 2296 1349 2351 ἔπλετο
1375 2297 1546 2368 φωνή.

225 2389 303 2442 56
327 2388 514 2442 Ταῦτα
541 2389 596 2442 δὲ
625 2390 806 2443 πάντα
836 2389 1122 2454 πέλεσκεν,
1158 2391 1306 2454 ὅπως
1335 2390 1466 2454 ἔπος
1495 2389 1728 2460 ἔμπεδον
1744 2392 1830 2462 εἴη

234 2483 308 2534 "0
350 2481 522 2554 ζαθέῃ
556 2481 823 2553 φόρμιγγι
865 2481 1152 2552 μελίπνοος
1185 2482 1375 2536 ἔννεπε
1411 2481 1614 2553 μολπὴ,

227 2575 459 2646 Χρωτὸς
493 2577 815 2646 ἀμωμήτοιο
848 2575 1216 2646 προάγγελοςο
1251 2576 1417 2629 Οὐδὲν
1449 2576 1541 2629 ἀπ’
1568 2575 1735 2630 αὑτοῦ

228 2666 596 2738 Κεκριμένων
629 2666 837 2736 μελέων
869 2666 1230 2737 τετριμμένον
1263 2666 1449 2721 ὁστέον
1473 2665 1647 2722 ἔσται.

237 2757 310 2810 57
339 2757 448 2810 Καὶ
471 2756 698 2827 φέρεται
713 2756 870 2825 λόγος
892 2757 1071 2821 ἄλλος,
1095 2757 1154 2809 ὃν
1175 2756 1362 2810 ἔννεπε
1380 2757 1635 2824 θέσκελος
1650 2759 1793 2832 ἀνήρ
1811 2775 1829 2794 ο

240 2847 504 2918 Ὄψονται
535 2847 674 2918 πρὸς
707 2849 915 2902 ἐκεῖνον
945 2848 1005 2901 ὃν
1030 2847 1290 2912 οὕτασαν,
1321 2849 1471 2914 ὅστις
1505 2851 1736 2905 ὀπάσσει

234 2939 436 3010 Ποινὴν
464 2938 809 3009 ὀψιτέλεστον
839 2938 1112 3009 ἀμοιϐάδα
1141 2939 1359 3012 κέντορι
1387 2941 1580 3014 λόγχῃ.

308 3031 377 3086 ’58
410 3031 521 3084 Καὶ
539 3031 772 3084 Πιλᾶτον
799 3029 1096 3100 μετέπειτα
1119 3030 1296 3084 λαθὼν
1325 3032 1568 3085 ἱκέτευεν
1603 3033 1827 3106 Ἰωσὴφ,

1032 400 1038 404 _
1131 336 1622 394 PARAPHRASIS
1662 335 1727 392 ΙΝ
1768 337 2109 398 JOANNEM.
2151 371 2221 386 --
2261 341 2416 399 CAP.
2463 341 2607 399 XIX.

3414 349 3520 404 906

1866 463 1914 521 Α
1943 459 2163 516 domum
2187 461 2314 517 elati
2350 461 2678 517 aflluxerunt
2711 461 2957 530 praesidis
2992 481 3004 517 :
3037 462 3101 518 Et
3130 462 3363 521 Pilatum
3398 485 3518 538 prc-

1938 549 2206 605 cabantur
2235 551 2577 623 congregati,
2601 561 2662 606 ut
2685 554 2949 622 ipsorum,
2983 553 3189 612 Christi
3219 556 3414 620 divini,
3467 565 3518 614 et

1937 654 2064 695 sero
2091 640 2442 695 morientium
2471 641 2707 696 duorum
2742 644 3009 712 virorum,
3035 644 3356 715 Trinorum,
3386 650 3511 702 mul-

1938 737 2026 784 tos
2050 729 2244 811 dentes
2276 731 2507 786 habente
2535 731 2702 802 pedes
2723 742 3039 789 secarentur
3057 735 3202 791 ferro
3222 756 3236 793 :
3261 738 3340 794 Ne
3354 739 3521 794 etiam

1937 820 1993 875 in
2024 837 2189 878 cruce
2217 822 2322 877 ﬁxa
2354 837 2592 892 corpora
2633 833 2939 889 manerent,
2963 824 3268 897 Septimum
3302 833 3524 900 quando

1937 913 2118 968 lumen
2149 915 2390 979 veniret;
2423 923 2542 970 erat
2569 917 2714 972 enim
2755 918 2844 971 illa
2887 915 3154 975 Omnibus
3186 919 3389 977 Iudaeis
3417 924 3514 976 im-

1938 1019 2125 1074 mensa
2161 1005 2397 1076 legitima
2436 1022 2637 1063 aurora
2680 1007 2844 1065 Lucis
2877 1010 3122 1080 septimae
3155 1027 3319 1081 quam
3360 1030 3521 1070 nove-

1937 1105 2066 1152 runt
2095 1098 2385 1155 honorare.
2421 1100 2491 1155 52
2521 1101 2588 1155 Ει
2619 1103 2894 1158 exercitus
2938 1119 3104 1174 prope
3137 1107 3372 1162 accessit
3396 1122 3518 1162 san-

1935 1191 2250 1262 gninarius;
2279 1193 2387 1246 alte
2417 1200 2702 1248 extensum
2737 1210 2870 1250 vero
2905 1193 3312 1267 Primiquidem
3345 1199 3515 1256 disse-

1935 1282 2046 1336 cuit
2063 1283 2388 1350 penetrabili
2407 1281 2550 1339 ferro
2564 1283 2772 1338 Placidi
2791 1287 2980 1354 pedem
2998 1285 3373 1357 duplicem;ad
3395 1306 3520 1344 crn-

1935 1388 2051 1427 cem
2075 1382 2254 1428 autem
2274 1375 2478 1445 alligati
2495 1375 2732 1433 Alterius
2752 1379 3004 1433 nocturni
3029 1379 3258 1435 latronis
3277 1383 3531 1451 geminos

1936 1466 2101 1536 pedes
2132 1466 2312 1538 gladio
2354 1467 2626 1534 tondens,
2649 1469 2896 1525 Alterum
2931 1472 3290 1542 praecipitavit
3331 1478 3514 1530 convi-

1935 1557 2195 1614 ciatorem
2220 1559 2384 1614 celeri
2414 1569 2612 1616 morte.
2641 1562 2714 1616 55
2740 1559 2930 1618 Jesum
2963 1579 3092 1620 vero
3117 1568 3337 1635 quando
3371 1583 3522 1622 mor-

1935 1661 2087 1704 tuum
2125 1651 2396 1713 viderunt,
2429 1661 2687 1722 tanquam
2719 1655 2924 1710 mortui
2957 1654 3076 1712 Non
3101 1657 3266 1726 pedes
3294 1673 3519 1727 percus-

1937 1751 2127 1795 serunt
2160 1742 2480 1812 conjugatos
2512 1751 2778 1798 consueto
2818 1743 2963 1800 ferro
2993 1765 3007 1799 :
3047 1745 3116 1799 54
3147 1744 3254 1800 Sed
3290 1763 3524 1802 currens

1865 1810 1906 1865 Β
1939 1832 2509 1902 incomprehensibilis
2533 1835 2614 1887 vir
2631 1834 2732 1888 levi
2754 1836 2942 1890 lancea
2971 1835 3140 1892 Latus
3163 1837 3390 1893 charum
3414 1856 3523 1896 non

1939 1925 2182 1995 parcenti
2227 1925 2535 1980 vulneravit
2573 1926 2790 1996 gladio;
2847 1927 2913 1981 Et
2951 1930 3185 1998 geminis
3219 1931 3525 2000 liquoribus

1936 2034 2002 2072 ex
2033 2018 2204 2072 latere
2235 2033 2520 2088 percusso,
2545 2018 2790 2074 Primum
2820 2021 3042 2090 quidem
3077 2025 3300 2094 sanguis
3316 2025 3526 2080 eﬁusus

1935 2117 2040 2173 est,
2075 2109 2270 2165 deinde
2301 2126 2430 2166 vero
2474 2111 2659 2164 divina
2699 2125 2863 2180 aqua.
2895 2113 2964 2166 55
2990 2112 3086 2166 Vir
3112 2126 3293 2170 autem
3325 2117 3415 2185 qui
3449 2118 3527 2169 vi-

1935 2203 2034 2268 dit,
2064 2217 2165 2258 suo
2193 2201 2539 2257 conﬁrmavit
2590 2218 2844 2258 sermone
2894 2203 3291 2260 Testimonium
3323 2208 3524 2263 immo-

1937 2305 2101 2352 tum:
2155 2303 2336 2351 mente
2391 2302 2574 2350 autem
2626 2297 2830 2366 optima
2861 2297 3070 2366 praediti
3125 2299 3272 2354 illius
3305 2300 3525 2356 Scimus

1934 2389 2080 2458 quod
2113 2389 2299 2442 divina
2329 2395 2384 2442 et
2423 2404 2549 2443 vera
2582 2397 2665 2444 est
2696 2405 2819 2445 vox.
2853 2391 2923 2446 56
2954 2390 3078 2449 llaec
3101 2402 3280 2448 autem
3339 2397 3523 2449 omnia

1935 2480 2158 2547 ﬁebant,
2179 2487 2240 2534 ut
2265 2479 2472 2535 dictum
2501 2480 2714 2535 ﬁrmum
2738 2493 2884 2538 esset
2913 2482 3070 2550 Quod
3093 2485 3277 2540 divina
3307 2487 3523 2542 cithara

1937 2574 2178 2630 suaviter
2211 2574 2430 2644 spirans
2463 2573 2602 2628 dixit
2631 2583 2848 2641 cantus,
2872 2575 3134 2646 Corporis
3172 2578 3523 2648 irreprehen-

1937 2667 2112 2722 sibilis
2161 2665 2502 2736 prmnuntius
2545 2683 2558 2719 :
2608 2663 2828 2719 Nullum
2875 2681 2941 2721 ex
2984 2667 3102 2737 ipso
3149 2667 3523 2725 Discretornm

1933 2759 2305 2814 membrorum
2339 2757 2635 2811 contritum
2679 2773 2743 2812 os
2777 2757 2900 2812 erit.
2948 2757 3018 2811 57
3049 2758 3113 2812 Et
3147 2758 3317 2814 fertur
3341 2776 3526 2817 sermo

1934 2854 2074 2908 alius
2102 2867 2262 2924 quem
2295 2850 2434 2905 dixit
2478 2849 2696 2904 divinus
2726 2850 2809 2904 vir
2838 2870 2851 2905 :
2889 2850 3165 2907 Videbunt
3206 2869 3330 2908 eum
3361 2872 3525 2924 quem

1934 2947 2312 3008 vulnerarunt,
2338 2943 2431 3014 qui
2480 2942 2744 3013 prtebcbit
2791 2941 3016 2996 Pmnam
3067 2958 3192 3000 sero
3225 2945 3525 3014 perfectam

1933 3037 2432 3109 compensationem
2483 3033 2785 3088 stimulanti
2823 3033 3045 3089 lancea.

227 3123 401 3194 206
433 3123 647 3194 Τὰρὸος
693 3121 961 3176 Ἰουδαίων
1005 3123 1461 3195 πεφυλαγμένος’
1521 3125 1582 3188 ὃς
1620 3127 1689 3196 ῥα
1737 3127 1831 3180 καὶ

2015 3131 2084 3186 58
2115 3129 2179 3183 Ει
2210 3129 2441 3184 Pilatum
2480 3125 2741 3194 deinceps
2771 3125 2912 3178 clam
2942 3125 3269 3194 precabatur
3296 3123 3521 3195 Ioseph,

1564 3215 1753 3288 [αὐτὸς

245 3308 538 3379 Ἀπροῖδὴς
559 3309 820 3376 Χριστοῖο
853 3305 1112 3379 φιλήκοος
1139 3306 1264 3361 ἔσκε
1301 3308 1572 3378 μαθητὴςν

245 3402 342 3453 Ἐκ
375 3401 645 3470 στόματος
672 3398 888 3463 ζαθέοιο
924 3397 1088 3466 σοφὸν
1127 3399 1268 3467 γάλα
1317 3399 1508 3452 πιστὸν
1545 3400 1822 3471 ἀμέλγων.

233 3488 404 3555 Οὗτος
439 3490 533 3544 ίὼν
564 3492 827 3556 ἱκέτευεν,
862 3493 1176 3562 ὑπωρόφιον
1205 3491 1332 3560 γόνυ
1367 3493 1657 3560 κάμπτων,

235 3588 525 3657 Ὀρχαμον
559 3585 782 3649 αἰτίζων
808 3584 972 3638 νέκυν
1004 3583 1185 3637 ἔνθεον
1211 3601 1223 3614 ο
1265 3583 1443 3654 αὐτὰρ
1469 3586 1498 3636 6
1528 3585 1737 3656 χαίρων

228 3678 451 3749 Νεκρδν
488 3675 786 3741 ἀειζὼοντα
821 3677 1026 3730 θεουδέῖ
1044 3676 1184 3730 δῶκε
1217 3677 1402 3747 φορῆἳ.

231 3771 350 3824 Καὶ
379 3770 500 3824 ποδὶ
539 3769 778 3840 σιγαλέῳ
811 3769 1161 3832 νεκυοστόλος
1194 3764 1356 3839 ἦλθεν
1401 3769 1620 3840 Ἰωσήφ.

246 3861 474 3930 Ἐγγύθι
503 3862 561 3915 δὲ
590 3864 844 3933 παυροῖο
876 3861 1233 3931 πεπηγμένον
1263 3861 1434 3929 ἄκρον
1461 3861 1703 3931 ἐρείσας,

231 3953 445 4021 Δίζυγα
482 3953 681 4024 χαλκὸν
711 3953 899 4006 ἔλυσεν
926 3952 1237 4024 ἀκαχμένον
1263 3951 1376 4016 ὀξέϊ
1408 3951 1615 4023 δεσμῷ,

233 4047 351 4100 Καὶ
381 4047 542 4100 νέκυν
565 4045 813 4116 έστηῶτα
838 4047 1121 4117 κατήγαγε
1143 4043 1346 4106 δείελος
1387 4043 1547 4114 ἀνὴρ,

231 4139 438 4208 Φόρτον
461 4137 770 4210 ἐλαφρίζων
799 4137 1112 4208 θεοδέγμονι
1142 4136 1396 4206 κείμενον
1424 4134 1580 4205 ὤμῳ.

233 4232 312 4286 ’59
339 4228 510 4282 Ἦλθε
533 4230 588 4282 δὲ
620 4231 717 4283 καὶ
753 4230 1086 4301 Νικόδημος,
1117 4229 1175 4292 ὃς
1214 4227 1381 4300 ἧλυθε
1413 4227 1609 4292 νυκτὸς
1649 4228 1832 4298 ὁδίτης

250 4321 344 4384 Ἐς
377 4321 615 4394 μέγαρον
641 4323 918 4392 Χριστοῖο,
949 4319 1342 4390 φυλασσομένῳ
1363 4317 1485 4370 ποδὶ
1509 4317 1731 4388 βαίνων,

233 4412 497 4482 Σμύρναν
525 4412 676 4481 ἄγων
707 4410 996 4473 θυόεσσαν,
1027 4409 1342 4481 ἐρυθραίοιο
1363 4408 1418 4462 δὲ
1453 4409 1633 4480 κήπου

251 4503 470 4574 Ἶνδῲης
503 4504 668 4574 ἀλόης
707 4503 1103 4572 δονακοτρεφὲς
1135 4501 1290 4573 ἔρνος
1316 4501 1579 4572 ἀρούρης,

237 4595 448 4668 Δίτρας
478 4597 576 4661 τὰς
597 4595 857 4649 καλέουσι
893 4594 1238 4667 φατιζομένῳ
1264 4593 1370 4646 τινὶ
1398 4595 1583 4664 μέτρῳ

241 4687 410 4760 Ἀχρι
449 4691 576 4761 μιῆς
603 4687 806 4758 ζαθέης
849 4687 1219 4750 ὲκατοντάδος.
1254 4685 1322 4740 40
1351 4679 1450 4738 Ὧν
1477 4685 1592 4756 ἅμα
1632 4686 1832 4758 καρπῷ

1926 3219 2743 3301 207Praetimorc1uda-orum
2757 3217 3067 3285 cautus;qui
3087 3231 3218 3270 sane
3231 3218 3411 3286 etipse
3430 3219 3525 3271 lm-

1927 3319 2184 3392 provisus
2197 3313 2406 3368 Christi
2428 3311 2686 3366 audiendi
2709 3308 2943 3379 cupidus
2957 3316 3076 3362 erat
3099 3310 3427 3378 discipulus,
3446 3311 3523 3364 Ex

1926 3426 2021 3466 ore
2035 3409 2220 3463 divino
2249 3403 2468 3474 sapiens
2490 3403 2576 3456 lac
2599 3401 2752 3456 ﬁdele
2771 3400 3040 3470 mulgens.
3063 3400 3159 3455 llic
3182 3402 3371 3456 abiens
3394 3418 3526 3472 snp-

1931 3502 2187 3573 plicabat,
2207 3496 2564 3551 domesticum
2577 3509 2717 3564 genu
2739 3493 2984 3555 ﬂectens,
3009 3494 3052 3546 Α
3070 3494 3314 3564 principe
3333 3505 3526 3564 petens

1932 3601 2214 3646 mortuum
2258 3588 2527 3652 divinum;
2551 3587 2642 3641 sed
2674 3585 2764 3639 ille
2788 3586 3054 3655 gaudens,
3080 3585 3352 3640 Mortuum
3390 3603 3528 3641 SCIll-

1932 3700 2030 3754 per
2060 3684 2326 3737 viventem
2350 3679 2604 3749 religioso
2631 3678 2780 3732 dedit
2809 3678 3088 3747 gestatori.
3118 3677 3180 3732 Et
3204 3679 3338 3748 pede
3360 3681 3528 3734 tacito

1936 3784 2183 3830 mortuos
2222 3773 2604 3828 transmittens
2659 3771 2808 3825 venit
2853 3769 3076 3842 Ioseph.
3123 3771 3288 3826 Juxta
3344 3784 3524 3828 autem

1935 3882 2156 3922 crucem
2214 3866 2378 3919 ﬁxum
2413 3865 2701 3933 vestigium
2766 3863 3017 3922 fulciens.
3066 3862 3272 3932 Duplex
3320 3864 3526 3919 ferrum

1935 3953 2478 4024 solvitperferratum
2521 3961 2682 4006 acuto
2705 3951 2943 4014 vinculo,
2974 3951 3037 4005 Et
3069 3961 3344 4007 mortuum
3383 3955 3527 4009 inni—

1935 4061 2064 4099 xum
2094 4045 2316 4098 deduxit
2346 4042 2698 4111 vespertinus
2735 4042 2837 4105 vir,
2867 4041 3019 4097 Onus
3043 4043 3230 4098 levans
3252 4043 3419 4100 Deum
3439 4061 3528 4101 rc-

1937 4138 2158 4207 cipienli
2188 4137 2381 4206 jacens
2413 4136 2466 4189 in
2511 4135 2757 4188 humero.
2786 4135 2856 4187 39
2882 4133 3043 4187 Venit
3077 4143 3258 4189 autem
3295 4135 3529 4191 etNicn-

1936 4229 2152 4292 demus,
2189 4228 2280 4298 qui
2312 4233 2536 4281 venerat
2561 4232 2724 4279 noctu
2750 4225 2928 4280 viator
2959 4225 3017 4280 In
3043 4227 3266 4281 domum
3297 4227 3526 4292 Christi,

1939 4327 2103 4374 cauto
2130 4320 2264 4389 pede
2291 4316 2573 4379 incedens,
2598 4314 2877 4386 Myrrham
2932 4317 3114 4373 ferens
3165 4317 3526 4389 fragrantem,

1940 4411 2236 4467 rubicundi
2277 4411 2439 4464 etiam
2482 4410 2624 4464 horti
2666 4409 2863 4462 lndicae
2902 4409 3051 4465 aloes
3079 4409 3136 4464 in
3163 4409 3528 4465 arundinibus

1865 4496 1911 4552 D
1940 4519 2197 4561 crescens
2224 4518 2447 4574 germen
2487 4510 2671 4566 terrae,
2712 4499 2907 4555 Libras
2937 4515 3076 4570 quas
3116 4509 3316 4556 vocant
3351 4501 3532 4556 nomi-

1940 4605 2069 4652 nata
2109 4597 2348 4668 quadam
2383 4609 2641 4650 mensura
2677 4593 2866 4664 Usque
2905 4593 2972 4648 ad
3003 4595 3383 4651 centenarium
3422 4614 3528 4652 nu-

1941 4705 2176 4743 merum.
2212 4689 2282 4742 Ml
2332 4687 2578 4753 Quorum
2627 4686 2790 4741 simul
2837 4701 2962 4764 eum
3016 4686 3197 4742 fructu
3247 4685 3531 4744 Tenuibus

1463 4796 1696 4854 TEXTU
1709 4798 1748 4852 S
1783 4798 2011 4855 EVANG
2026 4801 2088 4852 El
2101 4799 2318 4855 .ISTAS.

313 4903 386 4960 52
419 4899 624 4957 Ἦλθον
659 4894 753 4955 οὖν
778 4901 826 4954 οἱ
858 4897 1210 4970 στρατιῶται,
1239 4895 1335 4948 καὶ
1360 4891 1455 4946 τοῦ
1489 4893 1587 4964 μὲν
1613 4893 1831 4965 πρώτου

235 4987 516 5054 κατέαξαν
543 4986 612 5040 τά
637 4985 827 5055 σκέλη,
860 4983 954 5038 καὶ
979 4981 1073 5036 τοῦ
1101 4979 1263 5034 ἄλλου
1293 4976 1388 5030 τοῦ
1420 4976 1835 5048 συσταυρωθέν-

239 5090 335 5136 τος
373 5070 521 5142 αὐτῷ
536 5088 551 5104 ο

317 5157 386 5211 55
435 5138 560 5208 Ἐπὶ
603 5154 660 5208 δὲ
699 5153 792 5207 τὸν
834 5148 1041 5218 Ἰησοῦν
1074 5147 1346 5209 ἐλθόντες,
1393 5145 1467 5207 ὡς
1505 5138 1644 5197 εἶδον
1673 5143 1836 5198 αὐτὸν

239 5239 347 5310 ἤδη
374 5237 696 5309 τεθνηκότα,
725 5237 785 5289 οὐ
813 5231 1089 5298 κατέαξαν
1117 5228 1286 5285 αὑτοῦ
1321 5229 1390 5280 τὰ
1421 5227 1586 5296 σκέλη
1604 5245 1618 5258 ο

317 5322 389 5378 54
438 5323 577 5376 Ἀλλ’
611 5317 694 5386 είς
738 5320 848 5374 τῶν
895 5315 1246 5389 στρατιωτῶν
1294 5311 1462 5382 λόγχῃ
1514 5310 1682 5364 αὐτοῦ
1738 5311 1840 5381 τὴν

236 5405 489 5471 πλευρὰν
525 5405 702 5470 ἔνυξε,
740 5404 837 5458 καὶ
863 5400 1028 5463 εὐθὺς
1062 5397 1288 5468 ἐξῆλθεν
1314 5391 1452 5466 αἷμα
1475 5394 1570 5447 καὶ
1599 5394 1764 5468 ὓδωρ.

316 5488 388 5544 55
419 5489 530 5543 Καὶ
559 5491 587 5542 ό
617 5485 881 5559 ἑωρακὼς
906 5481 1325 5556 μεμαρτύρηκε,
1356 5478 1451 5532 καὶ
1477 5477 1704 5552 ἀληθινὴ
1739 5481 1838 5533 αύ-

234 5572 340 5628 τοῦ
365 5573 513 5626 ἐστιν
536 5574 571 5643 ὴ
600 5570 905 5642 μαρτυρία·
930 5569 1180 5628 κάκεῖνος
1203 5561 1343 5617 οἶδεν
1369 5563 1451 5614 ὅτι
1471 5559 1643 5633 ἀληθῆ
1668 5563 1836 5632 λέγει,

238 5659 337 5712 ἵνα
376 5657 536 5726 ὑμεῖς
562 5653 925 5723 πιστεύσητε·

319 5740 390 5796 56
439 5738 689 5808 Ἐγένετο
743 5736 853 5808 γὰρ
881 5731 1054 5788 ταῦτα
1085 5731 1173 5784 ἵνα
1213 5732 1248 5801 ἡ
1295 5729 1489 5802 Γραφὴ
1538 5729 1834 5804 πληρωοῇο

254 5824 484 5882 Ὄστοῦν
515 5824 577 5880 ού
606 5821 1023 5894 συντριϐήσεται
1052 5814 1242 5870 αὐτοῦ.

603 5914 892 5979 ῬΑτιιοι..
925 5913 1043 5973 Gn.
1093 5907 1314 5970 XLIII.

2011 4898 2077 4951 57
2110 4898 2219 4950 Καὶ
2247 4897 2413 4950 πάλιν
2447 4896 2612 4965 ἑτέρα
2648 4894 2838 4965 Γραῳὴ
2869 4893 3049 4962 λέγει’
3078 4892 3336 4962 Ὄψονται
3362 4896 3443 4959 εἰς
3471 4895 3531 4950 ὃν

1940 4993 2195 5064 ὲξεκέντη
2204 5011 2322 5048 σαν.

2009 5092 2078 5147 58
2120 5091 2274 5145 Μετὰ
2303 5090 2358 5143 δὲ
2387 5087 2562 5142 ταῦτα
2589 5085 2843 5160 ἠρώτησε
2879 5085 2968 5139 τὸν
2996 5086 3228 5141 Πιλάτον
3262 5091 3290 5142 ό
3333 5089 3532 5163 Ἰωσὴφ

1937 5180 1964 5230 ό
1993 5176 2102 5230 ἀπὸ
2137 5173 2498 5247 ’Λριμαθαίας
2534 5171 2629 5242 (ὢν
2656 5170 2904 5242 μαθητὴς
2938 5171 3034 5224 τοῦ
3069 5172 3268 5244 Ἰησοῦ,
3297 5191 3537 5246 κεκρυμα

1943 5261 2102 5331 μένος
2140 5259 2198 5312 δὲ
2236 5258 2325 5312 διὰ
2366 5258 2458 5311 τὸν
2487 5256 2650 5326 φόϐον
2694 5255 2804 5308 τῶν
2851 5255 3163 5326 Ἰουδαίων),
3191 5257 3278 5311 ἵνα
3324 5259 3431 5331 ἄρῃ
3472 5260 3534 5312 τὸ

1945 5345 2105 5416 σῶμα
2135 5344 2229 5397 τοῦ
2281 5340 2488 5412 Ἰησοῦ·
2523 5341 2617 5394 καὶ
2660 5339 2960 5410 ἐπέτρεψεν
2991 5343 3019 5395 ό
3045 5340 3296 5407 Πιλάτος.
3326 5337 3534 5396 Ἦλθεν

1942 5425 2035 5484 οὖν
2069 5429 2163 5483 καὶ
2190 5423 2293 5500 ἦρε
2333 5428 2393 5480 τὸ
2431 5425 2591 5496 σῶμα
2625 5425 2718 5477 τοῦ
2765 5423 2964 5496 Ἰησοῦ.

2016 5527 2086 5582 '59
2123 5522 2297 5577 Ἦλθε
2321 5524 2377 5577 δὲ
2411 5523 2506 5576 καὶ
2538 5521 2848 5591 Νικόδημος
2875 5520 2924 5592 (ὁ
2945 5519 3116 5574 ἐλθὼν
3145 5520 3282 5592 πρὸς
3306 5519 3400 5575 τόν
3435 5522 3538 5596 Ἰη-

1950 5622 2078 5676 σοῦν
2115 5621 2310 5685 νυκτὸς
2345 5617 2648 5692 τοπρῶτον)
2701 5617 2884 5690 φέρων
2942 5617 3122 5689 μίγμα
3164 5619 3415 5692 σμύρνης
3441 5621 3536 5675 καὶ

1947 5719 2114 5790 ἀλόης
2141 5719 2272 5770 ὡσεὶ
2299 5717 2487 5787 λίτρας
2522 5715 2736 5770 ἑκατόν.

2020 5817 2089 5872 40
2118 5815 2349 5871 ’Έλαϐον
2382 5811 2471 5870 οὗν
2506 5815 2566 5870 τὸ
2619 5813 2779 5886 σῶμα
2811 5811 2905 5868 τοῦ
2965 5813 3164 5887 Ἰησοῦ,
3201 5812 3296 5867 καὶ
3341 5812 3536 5884 ἔδησαν

3220 5905 3300 5970 '29
