3982 6420
527 353 629 410 907

1752 343 1962 402 NONNI
2013 337 2516 400 PANOPOLITANI
3631 351 3710 409 ses

530 469 714 529 linteis
747 468 1039 524 cinxerunt
1064 464 1270 519 mortui
1295 462 1532 534 Corpus,
1567 460 1855 534 multiplici
1885 463 2113 517 circum-

2219 459 2560 522 Λεπταλέαις
2589 457 2838 528 ὀθόνῃσιν
2871 459 3244 530 ἐμιτρώσαντο
3271 459 3502 527 θανόντος

530 559 870 616 volutionum
895 552 1161 627 ﬂagranti
1189 553 1432 616 vinculo,
1458 550 1529 606 Ut
1557 566 1678 606 mos
1703 549 2008 606 estludaeis
2037 561 2118 604 se-

529 647 802 721 pulcrales
827 647 965 701 ritus
991 658 1232 701 servare.
1261 643 1324 697 41
1360 643 1490 696 Erat
1516 651 1697 697 autem
1737 641 2012 712 quoddam
2040 640 2114 694 ibi

529 739 842 809 sepulcrum
889 736 1144 791 sublimis
1178 735 1334 790 collis
1364 732 1522 804 juxta
1577 732 1778 796 locum,
1835 731 2114 805 Christum

531 829 624 884 ubi
643 828 828 884 crucis
845 827 1117 883 conclusit
1134 826 1393 896 repagqu
1417 823 1648 879 Immitis
1671 821 1886 878 hostilis
1913 831 2110 877 cretus.

538 917 671 975 Erat
706 919 869 974 etiam
901 917 957 972 in
991 918 1171 972 vicino
1217 917 1378 971 horto
1411 913 1734 985 Sepulcrum
1766 913 1890 968 rudi
1922 921 2116 967 cavato

528 1027 562 1068 η
589 1025 747 1077 sam,
779 1009 1064 1080 Sculptum
1096 1017 1292 1075 totum,
1321 1007 1532 1062 noviter
1562 1013 1926 1062 exstructum.
1957 1003 2014 1060 In
2045 1007 2119 1061 la-

537 1100 728 1168 pidoso
762 1107 941 1153 autem
977 1098 1234 1168 sepulcro
1267 1096 1522 1152 Nondum
1573 1106 1830 1151 mortuus
1867 1096 2118 1166 jacuerat

534 1190 894 1260 sepulcralem
929 1195 1131 1242 terram
1190 1197 1516 1244 assecutus:
1559 1185 1667 1242 Sed
1717 1187 1955 1256 sepulcri
1992 1187 2113 1256 puri

533 1281 837 1350 pervadens
868 1279 1148 1335 hortensis
1171 1295 1304 1333 aura
1331 1278 1537 1332 Locum
1572 1277 1834 1348 perﬂabat
1859 1295 1872 1328 ε
1901 1293 2010 1347 quo
2040 1279 2114 1332 la-

534 1373 790 1427 boriosus
813 1371 1014 1441 J‘oseph
1049 1370 1238 1424 Jesum
1269 1370 1466 1426 detulit
1493 1379 1598 1425 sne
1629 1379 1902 1440 gestatum
1930 1369 2117 1424 imme—

531 1482 612 1520 ro.
650 1467 721 1520 42
763 1466 827 1520 Ει
878 1475 1152 1521 mortuum
1187 1480 1298 1520 non
1349 1472 1662 1519 manentem
1713 1464 1766 1516 in
1807 1463 2116 1532 lapidosum

532 1558 714 1626 posuit
751 1557 1006 1611 humilem
1046 1559 1268 1620 lectum,
1321 1554 1596 1610 Mortuum
1655 1558 1876 1622 semper
1905 1553 2113 1616 vivum,

531 1647 846 1702 triduanum
885 1647 937 1700 in
975 1645 1207 1708 tumulo,
1243 1644 1325 1699 Ad
1348 1645 1661 1714 sepulcrum
1697 1644 1812 1699 suis
1838 1643 2115 1699 radicibus

533 1737 798 1800 innitens,
831 1751 939 1790 non
974 1734 1322 1790 testiﬁcatum
1353 1749 1490 1803 opus
1518 1743 1708 1788 texens
1751 1753 1764 1787 :
1798 1733 1937 1799 Quia
1970 1735 2111 1804 apud

2219 551 2406 622 Σῶμα,
2440 550 2799 620 πολυπλέκτῳ
2825 549 3018 602 ἑλίκων
3047 549 3234 605 εὐώδεϊ
3253 551 3444 624 δεσμῷ,

2227 642 2316 706 Ὧς
2343 641 2467 706 ἔθος
2503 641 2774 712 Ἐΰραίοις
2795 640 3096 712 ἐπιτύμϐια
3123 643 3297 714 θεσμᾶ
3336 646 3614 713 φυλάσσειν.

2216 733 2278 787 ll
2312 729 2422 786 Ἦν
2441 734 2497 787 δέ
2531 751 2615 796 τις
2640 732 2829 786 αύτόθι
2858 732 3068 804 τύμϐος
3097 735 3393 807 ἀερσιλόφῳ
3415 738 3546 809 παρὰ
3576 741 3713 814 χιτιρῳ,

2218 823 2452 895 Χριστὸν
2485 824 2591 895 ὅπη
2629 826 2883 894 σταυροῖο
2916 825 3307 895 συνεκλήῖσσαν
3331 829 3446 898 ὀχῆῖ

2217 915 2403 986 Νηλὴς
2435 914 2627 986 ἐχθρὸς
2657 915 2881 986 ὅμιλοςο
2922 914 3018 987 ἔην
3045 916 3089 969 δ’
3117 917 3196 971 ἐνὶ
3229 919 3421 985 γείτονι
3451 921 3591 992 κήπῳ

2216 1005 2434 1075 Τύμϐος
2461 1005 2774 1076 ἁδωμήτοιο
2795 1004 3164 1077 βαθυνομένης
3195 1007 3300 1061 ἀπὸ
3329 1009 3537 1079 πέτρης,

2216 1095 2459 1159 Γλυπτὸς
2483 1096 2604 1160 ὅλος
2637 1096 2952 1160 νεότευκτος
2972 1114 2988 1129 ·
3024 1098 3083 1151 ἐν
3115 1097 3354 1167 εὐλάῑγγι
3376 1099 3429 1152 δὲ
3453 1099 3619 1171 τύμϐῳ

2216 1187 2383 1242 Οὔπω
2415 1189 2606 1260 νεκρὸς
2635 1173 2812 1242 intra
2837 1191 3007 1261 χυτῆς
3039 1190 3309 1261 ψαμάθοιο
3338 1194 3582 1262 τυχήσας’

2230 1279 2390 1332 ’Δλλά
2418 1281 2589 1349 τάφου
2623 1281 2885 1353 καθαροὶο
2915 1281 3099 1348 φυτῶν
3127 1283 3410 1352 ἐπικήπιος
3432 1282 3558 1355 αὖρη

2216 1374 2406 1445 Χῶρον
2435 1373 2808 1446 ἀνερρίπιζεν,
2844 1376 2951 1446 ὅπη
2976 1375 3276 1448 ταλαεργὸς
3321 1378 3503 1448 Ἰωσήφ

2229 1465 2436 1536 Ἰησοῦν
2461 1467 2747 1537 ἐκόμισσεν
2777 1467 2850 1537 ἐῷ
2885 1467 3268 1538 πεφορημένον
3293 1467 3440 1538 ὤμῳ.

2216 1551 2284 1605 42
2312 1553 2424 1606 Καὶ
2452 1553 2613 1610 νέκυν
2646 1554 2708 1607 οὐ
2744 1554 3011 1624 μίμνοντα
3049 1554 3260 1608 λιθώδεϊ
3291 1556 3417 1626 θῆκε
3442 1557 3671 1628 χαμεύνῃ,

2215 1643 2426 1714 Νεκρὸν
2458 1644 2773 1710 ἀειζώοντα,
2804 1649 3103 1718 τριήμερον
3149 1647 3317 1701 ἔνδοθι
3346 1648 3555 1718 τύμϐου,

2216 1734 2372 1805 Σῆμα
2395 1736 2526 1806 παρ’
2554 1735 2896 1807 αὐτόρριζον,
2925 1737 3240 1809 ἀμάρτυρον
3270 1738 3420 1809 ἔργον
3444 1739 3674 1807 ὑφαίνωνο

532 1828 753 1884 Judmos
783 1827 1088 1882 observata:
1127 1841 1352 1882 cursum
1411 1827 1579 1891 horae,
1613 1825 1864 1880 Vicinam
1893 1834 2108 1880 noctem

2219 1827 2367 1880 Ὄττι
2393 1830 2521 1898 παρ’
2565 1827 2866 1899 Ἐϐραίοισι
2895 1830 3308 1902 φυλασσομένης
3335 1829 3520 1901 δρόμον
3533 1828 3670 1902 ὥρης,

537 1920 720 1974 ferens
747 1919 960 1974 initium
1009 1919 1223 1974 sabbati
1273 1919 1517 1974 cucurrit
1561 1933 1758 1972 aurora
1795 1937 1807 1971 :
1851 1917 2016 1986 208
2047 1917 2113 1970 Et

534 2025 731 2066 rursus
747 2010 968 2064 domum
989 2009 1085 2063 ivit
1103 2009 1276 2064 latens
1300 2007 1866 2079 incomprehensibilis
1887 2005 2107 2077 Ioseph.

1175 2121 1327 2176 CAP.
1357 2121 1475 2177 XX.

609 2214 632 2266 Ι
669 2212 787 2267 Una
823 2221 1005 2268 autem
1044 2223 1400 2282 prterertentc
1433 2221 1556 2282 post
1587 2210 1884 2267 Sabbatum
1914 2226 2111 2266 aurora

534 2303 846 2375 Magdalena
873 2304 1038 2358 Maria
1060 2305 1282 2375 lugubre
1311 2320 1474 2374 prope
1495 2306 1762 2358 tumulum
1788 2303 2112 2357 Matutinum

532 2397 824 2466 vestigium
860 2395 1027 2460 ﬂexit,
1065 2396 1284 2466 quando
1313 2397 1624 2450 umbrosam
1647 2410 1742 2464 per
1779 2403 1980 2450 terram
2014 2394 2116 2448 No-

531 2497 622 2542 ctu
663 2503 934 2558 apparens
967 2503 1074 2543 non
1111 2489 1323 2558 signata
1349 2487 1615 2541 matutina
1641 2488 1810 2540 ire-rat
1839 2488 1992 2540 stella
2015 2505 2026 2554 ;
2049 2487 2114 2540 Et

533 2580 770 2650 lapidem
809 2580 1046 2633 lin'iinari
1073 2588 1438 2634 transmotum
1481 2580 1547 2632 ab
1577 2580 1718 2633 ostio
1756 2577 2029 2648 lugentem
2058 2579 2111 2634 in

533 2672 850 2741 pavimento
895 2669 1220 2732 revolutum,
1249 2669 1462 2738 pondus
1492 2677 1673 2731 terra},
1705 2669 1767 2722 Et
1800 2669 2112 2738 sepulcrum

531 2761 682 2813 videt
711 2760 934 2824 nudum,
967 2774 1073 2827 quo
1105 2767 1336 2811 (mustus
1367 2757 1566 2827 Ioseph
1593 2759 1774 2814 Jesum
1809 2761 1861 2812 in
1888 2776 2112 2828 parvum

535 2867 826 2906 arenosum
859 2853 1040 2920 posuit
1090 2851 1347 2905 humilem
1401 2851 1623 2905 lectum.
1668 2851 1744 2904 lbi
1780 2851 1976 2905 mulier
2019 2865 2114 2904 no-

533 2954 727 2998 cturna
764 2944 925 3012 pedes
954 2944 1016 2996 ad
1048 2943 1285 3012 quietem
1320 2943 1642 3005 collocavit;
1675 2943 1729 2997 in
1775 2943 1898 2998 sinu
1933 2951 2112 2997 autem

534 3035 866 3089 Luetuosum
895 3041 1227 3103 unguentum
1249 3032 1498 3098 habebat,
1514 3034 1897 3102 desertumque
1918 3035 2113 3087 lectum

2214 1917 2254 1969 Γ
2257 1918 2434 1971 είτονα
2461 1918 2632 1973 νύκτα
2664 1921 2906 1992 φέρουσα
2932 1921 3310 1992 προσάϐϐατος
3329 1921 3532 1992 ἔτρεχεν
3552 1920 3670 1991 ήιὶις’

2214 2010 2380 2081 2ο9
2398 2011 2508 2065 Καὶ
2523 2011 2685 2066 πάλιν
2703 2013 2760 2076 ἐς
2785 2013 2948 2084 δόμον
2964 2009 3095 2084 ἦλθε
3111 2012 3290 2068 λαθὼν
3303 2013 3540 2084 ἀκίχητος
3553 2013 3718 2082 Ἰωσήφ.

2860 2106 3018 2159 ΚΕΦ.
3061 2106 3148 2159 K'.

2287 2195 2312 2248 1
2348 2196 2426 2266 Τῇ
2457 2195 2513 2248 δὲ
2545 2197 2642 2268 μιῇ
2675 2194 2930 2268 φθαμένῃ
2959 2195 3096 2265 μετὰ
3122 2193 3389 2247 σάὸϐατον
3417 2190 3672 2262 ἠριγενείῃ,

2215 2290 2532 2361 Μαγδαλινὴ
2567 2291 2757 2361 Μαρίη
2790 2288 3149 2358 φιλοδάκρυος
3180 2285 3366 2355 ἐγγύθι
3396 2283 3579 2354 τύμϐου

2216 2381 2425 2453 Πρώῖον
2455 2383 2598 2451 ἴχνος
2623 2381 2921 2452 ἔκαμπτεν,
2950 2382 3037 2434 ὅτε
3066 2379 3322 2432 σκιοειδέῐ
3346 2377 3467 2446 γαίῃ

2214 2475 2563 2546 Νυκτιφανὴς
2595 2475 2906 2546 ἁχάρακτος
2936 2473 3088 2537 έὼῐος
3119 2475 3238 2544 ἤϊεν
3267 2473 3436 2542 ἀστήρ
3457 2487 3468 2498 ·

2215 2567 2324 2620 Καὶ
2352 2566 2496 2619 λίθον
2525 2566 2758 2619 ούδαίοιο
2787 2564 3208 2636 μετοχλισθέντα
3238 2564 3493 2633 θυρέτρου

2220 2659 2486 2712 Ἀπλετον
2510 2659 2566 2710 ἐν
2598 2658 2814 2726 δαπέδῳ
2837 2655 3250 2724 κεκυλισμένον,
3281 2653 3437 2724 ἄχθος
3459 2651 3673 2724 ἀρούρης,

2217 2751 2327 2803 Καὶ
2359 2751 2526 2816 τάφον
2553 2749 2749 2819 ἔδρακε
2783 2747 3007 2816 γυμνὸν,
3044 2749 3154 2816 ὅπη
3181 2745 3508 2816 βαρύφορτος
3538 2742 3690 2810 Ἰωσήφ

2230 2844 2434 2915 Ἰησοῦν
2457 2844 2612 2914 ὀλίγῃ
2637 2841 2957 2912 ψαμαθώδεῖ
2987 2841 3122 2911 θῆκε
3153 2839 3416 2913 χαμεύνῃ.

2217 2937 2372 2990 Κείθι
2406 2939 2543 3008 γυνὴ
2574 2936 2735 3006 νυχίη
2765 2935 2931 2998 πόδας
2957 2933 3186 2988 εὔνασεν
3207 2950 3220 2961 ⁸
3253 2933 3393 3004 ἀμφὶ
3422 2932 3473 2984 δὲ
3500 2930 3650 2997 κόλπῳ

2215 3030 2514 3084 Πενθαλέον
2551 3029 2722 3099 μύρον
2755 3024 2899 3098 εἶχεν
2921 3044 2934 3056 ·
2967 3027 3244 3098 ἐρημαίης
3266 3026 3321 3079 δέ
3346 3023 3596 3095 χαμεύνης

532 3128 746 3197 Attigit,
779 3125 1061 3194 inquirens
1087 3134 1361 3177 mortuum
1381 3123 1670 3193 fugitivum
1693 3127 1975 3194 inungere.
2005 3125 2107 3178 Sed

2219 3123 2451 3191 "Hd/aro,
2496 3121 2840 3193 μαστεύουσα
2869 3119 3030 3174 νέκυν
3062 3118 3292 3188 φύξηλιν
3325 3118 3543 3185 ἀλεῖψαι.

533 3222 711 3290 ipsum
750 3236 858 3274 ιιωι
893 3219 1270 3289 deprehendit.
1327 3220 1361 3272 2
1414 3219 1729 3273 Festinante
1762 3228 1941 3272 autem
1979 3219 2115 3289 pede

533 3312 770 3366 lleversa
795 3314 846 3365 in
884 3313 1101 3365 (lenium
1129 3313 1293 3368 venit,
1317 3311 1637 3379 placideque
1667 3310 1829 3365 Petro
1847 3309 2112 3364 Nuntium

531 3409 584 3455 et
619 3402 772 3454 alteri
807 3401 1144 3454 cohabitanti
1175 3401 1468 3470 discipulo,
1503 3400 1763 3454 Dominus
1788 3413 1946 3469 quem
1979 3397 2140 3454 dite?

533 3492 630 3551 xit,
670 3506 774 3543 una
792 3486 1223 3543 connnunicavit
1245 3506 1376 3544 voce
1405 3489 1477 3543 De
1495 3492 1748 3559 sepulcro
1781 3504 1970 3543 Vacuo;
2002 3488 2115 3541 5Et

532 3597 658 3635 cum
686 3580 879 3636 Petrus
910 3581 1173 3643 audisset,
1212 3580 1507 3648 Respirans
1536 3582 1762 3634 incitato
1794 3581 1988 3649 pedum
2027 3581 2112 3633 in-

533 3674 793 3742 dagatorc
810 3672 988 3739 planta
1019 3671 1233 3725 Proruit
1257 3688 1285 3726 e
1311 3672 1470 3725 domo
1493 3689 1505 3736 ;
1529 3683 1580 3726 et
1607 3672 2111 3741 sequebatur-disci-

535 3763 698 3833 pulus
729 3763 883 3818 Alius
907 3763 1074 3817 'simul
1111 3763 1177 3816 ad
1223 3764 1532 3831 sepulcrum
1572 3782 1586 3818 :
1620 3764 1652 3817 4
1683 3771 1736 3818 ct
1774 3764 1840 3817 ad
1871 3765 2115 3818 curricu-

536 3857 648 3909 lum
682 3864 1048 3909 cucurrerunt
1101 3855 1280 3910 ambo.
1329 3855 1393 3909 Et
1447 3856 1786 3924 prteveniens
1837 3856 2112 3910 Simonem

535 3945 668 3998 leris
719 3943 864 3998 venit
919 3944 1226 4014 discipulus
1295 3944 1455 4000 Petro
1522 3945 1815 4000 festinante
1861 3946 2114 4000 celerior.

533 4036 566 4089 5
587 4034 816 4090 Vicinus
841 4041 1020 4090 autem
1043 4036 1204 4090 Stans
1225 4036 1884 4106 inclinatusintrospexit,
1914 4046 1965 4090 et
1994 4052 2114 4106 spe-

532 4130 699 4183 ctavit
733 4130 873 4182 intra
897 4129 1187 4193 tumulum,
1217 4129 1420 4184 Contra
1449 4129 1792 4184 intuentibus
1817 4129 1993 4184 oculis
2020 4144 2114 4184 va-

532 4237 695 4275 cuum
752 4227 1168 4276 monumentum
1215 4221 1470 4276 celeriter
1511 4221 1724 4285 videns,
1776 4220 2028 4275 iacentia
2061 4230 2116 4276 et

531 4313 698 4367 lintea
734 4314 856 4367 alba
893 4328 1059 4383 supra
1091 4311 1455 4368 terram.Non
1480 4314 1701 4383 quidem
1735 4313 1967 4369 interius
1998 4329 2116 4382 per-

531 4402 700 4465 venit,
731 4404 834 4457 etsi
888 4403 1032 4456 celer
1081 4402 1228 4456 venit
1281 4401 1589 4458 ambulans.
1620 4400 1654 4457 6
1701 4400 1948 4472 Sequens
1985 4417 2113 4459 vero

2228 3214 2388 3268 ’Λλλά
2420 3231 2511 3284 μιν
2543 3214 2644 3266 ούκ
2672 3213 2951 3282 ἐκίχησεψ
2984 3211 3018 3264 2
3052 3211 3390 3281 ἐπειγομένῳ
3411 3210 3462 3262 δὲ
3488 3206 3648 3274 πεδίλῳ

2215 3307 2486 3376 Νόστιμος
2509 3307 2588 3367 είς
2615 3305 2777 3374 δόμον
2808 3300 2940 3373 ἦλθε
2960 3320 2971 3332 ·
3006 3303 3374 3373 κατηπιόωντι
3393 3301 3443 3353 δὲ
3472 3299 3634 3368 Πέτρῳ

2229 3395 2514 3466 Ἀγγελίην
2548 3395 2720 3466 ἐτέρῳ
2741 3411 2801 3446 τε
2836 3393 3202 3446 συνενδιάοντι
3246 3391 3476 3462 μαθητῇ,

2216 3485 2482 3554 Κοίρανος
2510 3485 2567 3537 ὃν
2592 3485 2865 3554 φιλέεσκε,
2906 3485 3000 3552 μιῇ
3034 3482 3310 3548 ξυνὼσοιτο
3343 3483 3484 3550 φωνῇ

2227 3578 2395 3646 ’Λμφὶ
2428 3587 2620 3646 τάφοιο
2645 3579 2840 3628 κενοῖο.
2872 3575 2906 3627 5
2935 3575 3042 3627 Καὶ
3074 3574 3150 3636 ὡς
3186 3573 3277 3643 ἔχε
3314 3573 3504 3642 Πέτρος
3524 3567 3724 3625 ἀκούσας,

2219 3670 2494 3738 Ἕμπνοος
2517 3670 2854 3741 οἰστρηθέντι
2886 3673 3061 3726 ποδῶν
3093 3674 3345 3744 διῳήτορι
3375 3669 3545 3741 ταρσῷ

2219 3759 2480 3830 Ἀνθορεν
2505 3763 2570 3814 ἐκ
2605 3762 2865 3833 μεγάροιο
2891 3780 2903 3792 ³
2936 3764 3030 3818 καὶ
3055 3764 3356 3836 ὡμάρτησε
3387 3760 3603 3833 μαθητὴς

2218 3849 2407 3913 Ἀλλος
2421 3851 2573 3922 ὁμῶς
2593 3854 2685 3906 ἐπὶ
2703 3855 2851 3925 σῆμα
2873 3869 2886 3884 ·
2908 3856 2941 3909 4
2957 3857 3050 3909 καὶ
3065 3859 3144 3920 εἰς
3163 3857 3358 3928 δρόμον
3379 3855 3574 3925 ἔτρεχον
3589 3849 3722 3917 ἄμφω·

2215 3941 2324 3994 Καὶ
2352 3942 2629 4013 φθάμενος
2660 3945 2880 4015 Σίμωνα
2911 3947 3217 4018 ποδήνεμος
3241 3944 3371 4019 ἦλθε
3399 3940 3633 4016 μαθητὴς,

2216 4033 2421 4104 Πέτρου
2451 4035 2842 4106 σπερχομένοιο
2871 4036 3158 4110 θοώτερος.
3190 4039 3226 4093 5
3265 4033 3573 4108 Ἀγχιφανὴς
3593 4031 3637 4082 δδ

2227 4125 2535 4197 ’ἱστάμενος
2552 4128 2860 4198 παρέκυψε,
2889 4131 2983 4182 καὶ
3011 4130 3242 4202 ἔδρακεν
3271 4129 3438 4184 ἔνδοθι
3468 4124 3663 4196 τύμϐου,

2229 4217 2522 4282 Ἀντωποῖς
2549 4218 2866 4291 βλεφάροισι
2896 4222 3150 4293 κενήριον
3177 4223 3272 4287 ὀξὺ
3300 4220 3525 4275 δοκεύων

2216 4309 2561 4380 Κεκλιμένας
2593 4311 2782 4376 ὀθόνας
2808 4311 3098 4383 χιονώδεας
3128 4313 3288 4384 ὑψόθι
3321 4305 3495 4382 71:71;-

2218 4401 2291 4454 Οὐ
2328 4403 2427 4471 μὲν
2454 4402 2564 4456 ἔσω
2599 4403 2852 4467 διέϐαινε,
2878 4403 2974 4457 καὶ
3008 4406 3056 4458 εί
3081 4406 3254 4476 ταχὺς
3280 4402 3439 4477 ἦλθεν
3467 4400 3653 4457 ὁδεύων.

536 4493 768 4562 pedibus
795 4495 1066 4563 posterior
1087 4494 1238 4548 venit
1268 4493 1482 4561 Simon,
1501 4494 1568 4550 Et
1595 4497 1741 4552 celer
1758 4495 1907 4551 intus
1931 4497 2108 4562 venit;

2219 4492 2250 4546 6
2297 4494 2626 4564 Ἐσπόμενος
2658 4495 2713 4548 δὲ
2741 4495 2994 4549 πόδεσσιν
3019 4495 3310 4570 ὀπίστερος
3336 4497 3477 4550 ἵκετο
3497 4494 3667 4562 Σίμων,

1743 4710 2026 4767 TEXTUS
2065 4707 2594 4765 EVANGEUSTIE.

535 4862 666 4915 αὐτὸ
693 4861 919 4927 ὀθονίοις
959 4863 1097 4933 μετὰ
1126 4863 1235 4918 τῶν
1269 4864 1596 4935 ἀρωμάτων,
1632 4863 1809 4929 καθὼς
1840 4865 1959 4929 έθος
1996 4865 2113 4918 ἐστὶ

535 4949 644 5008 τοῖς
683 4947 954 5012 Ἰουδαίοις
982 4947 1348 5018 ἐνταφιάζειν.

600 5031 659 5083 41
703 5025 809 5095 Ἤν
842 5031 899 5084 δὲ
928 5033 986 5085 ἐν
1004 5032 1081 5103 τῷ
1103 5033 1252 5104 τόπῳ
1283 5034 1416 5087 ὅπου
1451 5034 1768 5104 ἐσταυρώθη
1800 5035 1990 5102 κῆπος,
2019 5039 2112 5091 καὶ

531 5116 591 5166 ἐν
639 5112 716 5183 τῷ
746 5116 906 5186 κήπῳ
954 5119 1216 5188 μνημεῖον
1264 5117 1468 5183 καινὸν,
1504 5120 1560 5170 ἐν
1604 5113 1649 5187 ᾧ
1692 5119 1904 5174 οὐδέπω
1935 5121 2110 5186 οὐδεὶς

531 5196 714 5265 ἐτέθη.
958 5243 961 5246 .
1329 5215 1341 5224 ·

601 5276 673 5332 42
713 5282 858 5333 Ἐκεῖ
883 5276 974 5334 οὖν
1001 5281 1088 5334 διὰ
1128 5283 1226 5353 τὴν
1261 5284 1624 5356 Παρασκευήν
1656 5286 1764 5340 τῶν
1817 5279 2102 5355 Ἰουδαίων,

531 5363 610 5418 ὅτι
641 5364 806 5432 ἐγγὺς
831 5359 902 5433 ’ἦν
926 5363 985 5416 τδ
1016 5361 1297 5435 μνημεῖον,
1327 5365 1533 5438 ἔθηκαν
1561 5369 1652 5422 τὸν
1703 5367 1930 5440 Ἰησοῦν.
2003 5411 2007 5415 -

1081 5467 1085 5473 ’
1127 5525 1131 5528 -
1176 5489 1332 5543 ΚΕΦ.
1374 5492 1458 5545 K'.

606 5591 628 5643 l
665 5591 743 5662 Τῇ
773 5591 831 5646 δὲ
866 5557 967 5662 μ.ιᾷ
1001 5592 1117 5644 ,τῶν
1149 5593 1437 5674 σαϐϐάτων
1479 5597 1667 5667 Μαρία
1708 5600 1740 5670 ή
1780 5600 2114 5674 Μαγδαληνὴ

535 5667 750 5752 ἔρχεται
778 5673 920 5744 πρωῒ
947 5675 1164 5737 σκοτίας
1188 5667 1268 5729 ἔτι
1287 5676 1474 5746 οὔσης,
1504 5682 1582 5743 εἰς
1608 5681 1666 5733 τὸ
1695 5667 1956 5752 μνημεῖον
1977 5702 1989 5718 ·

538 5751 720 5816 βλέπει
744 5757 832 5810 τὸν
864 5758 1007 5812 λίθον
1029 5759 1267 5831 ἠρμένον
1293 5761 1357 5813 ἐκ
1395 5761 1488 5814 τοῦ
1527 5751 1827 5834 μνημείουλ

2289 4861 2324 4914 ‘2
2351 4861 2545 4933 Τρέχει
2572 4859 2664 4915 οὖν
2690 4864 2782 4915 καὶ
2809 4863 3026 4934 ἔρχεται
3054 4867 3186 4936 πρὸς
3209 4867 3426 4935 Σίμωνα
3449 4861 3647 4930 Πέτρον,
3669 4850 3729 4905 καὶ

2221 4945 2355 5015 πρὸς
2384 4943 2474 4996 τὸν
2499 4944 2655 4999 ἄλλον
2694 4947 2941 5018 μαθητὴν
2974 4949 3031 5001 ὃν
3058 4949 3228 5018 ἐφίλει
3259 4951 3286 5002 ὁ
3325 4946 3540 5018 Ἰησοῦς,
3569 4940 3646 4994 καὶ
3672 4937 3726 5018 is}

2217 5043 2304 5094 γει
2329 5026 2511 5091 αὐτοῖς
2532 5045 2544 5056 ·
2573 5024 2755 5098 ’Ἥραν
2786 5029 2875 5084 τὸν
2899 5017 3108 5102 Κύριον
3140 5033 3202 5085 ἐκ
3240 5031 3335 5084 τοῦ
3369 5017 3629 5102 μνημείου,
3670 5017 3731 5071 κὲἷ

2215 5110 2315 5165 οὐκ
2346 5110 2564 5181 οἴδαμεν
2601 5111 2704 5166 ποῦ
2737 5113 2940 5183 ἔθηκαν
2975 5115 3157 5170 αὐτόν.

2287 5194 2321 5247 5
2371 5192 2624 5264 Ἐξῆλθεν
2646 5190 2738 5249 οὖν
2760 5198 2788 5248 ὁ
2813 5181 3021 5268 Πέτρος
3044 5199 3137 5252 καὶ
3161 5199 3189 5250 ό
3216 5197 3374 5260 ἄλλος
3404 5191 3644 5267 μαθητὴς.
3668 5181 3732 5237 κίε

2217 5278 2448 5347 ήρχοντο
2480 5280 2559 5341 εἰς
2598 5280 2659 5333 τὸ
2689 5284 2974 5352 μνημεῖον.

2281 5360 2321 5413 '4
2355 5357 2615 5432 ’Ἔτρεχον
2655 5349 2712 5416 δὲ
2745 5349 2920 5418 οίήδύο
2964 5363 3122 5435 ὁμοῦ,
3172 5365 3265 5418 καὶ
3293 5365 3321 5434 ο
3348 5363 3498 5422 ἄλλος
3539 5349 3732 5435 μαθητὴς

2219 5445 2528 5516 προέδραμε
2560 5448 2746 5519 τάχιον
2784 5449 2877 5503 τοῦ
2918 5432 3146 5521 Πέτρου,
3178 5450 3271 5501 καὶ
3293 5432 3435 5519 ’ἦλθε
3468 5441 3653 5516 πρῶτος
3677 5432 3732 5492 εἰς

2220 5527 2279 5579 τὸ
2309 5531 2593 5598 μνημεῖον.
3715 5592 3725 5607 ν

2284 5610 2318 5663 5
2359 5609 2464 5664 Καὶ
2497 5612 2828 5682 παρακύψας
2869 5615 3058 5684 ’βλέπει
3101 5614 3327 5685 κείμενα
3372 5617 3439 5665 τὰ
3482 5606 3660 5662 ὀθόνια·
3687 5606 3730 5645 ω

2218 5693 2403 5762 μέντοι
2434 5695 2705 5764 εἰσῆλθεν.
3653 5764 3661 5766 _
3702 5758 3708 5766 .

2303 5777 2336 5830 6
2368 5753 2626 5848 Ἔρχεται
2677 5775 2770 5835 οὖν
2819 5782 3001 5852 Σίμων
3031 5783 3234 5852 Πέτρος
3274 5775 3572 5837 ἀκολουθῶν
3614 5753 3727 5826 αὖτέ
