3982 6408
251 381 367 442 9ῡ9

1147 376 1636 434 PARAPIIRASIS
1676 375 1738 430 lN
1778 373 2116 432 JOANNEM.
2151 409 2215 420 ι-
2253 376 2406 434 CAP.
2449 377 2570 433 XX.

3421 378 3528 434 ειν)

253 496 371 551 Καὶ
402 496 574 567 ταχὺς
619 492 769 550 ἔνδον
806 495 1008 550 ἵκανεν.
1050 495 1223 568 ’Υπὲρ
1259 497 1514 551 δαπέδοιο
1536 497 1593 551 δὲ
1635 494 1839 568 γυμνοῦ

1965 511 2118 566 super
2146 495 2518 567 pavimentum
2558 504 2739 554 autem
2770 496 2974 554 nudum
3009 497 3348 569 Conjunctas
3386 497 3527 552 invi-

254 585 511 656 Σύζυγας
535 586 788 659 ἀλλήλοις
819 587 1029 652 λινέους
1057 587 1248 660 ἐνόησε
1281 588 1515 660 χιτῶνας
1533 605 1548 620 ·

252 677 290 732 7
322 679 431 731 Kal.
458 678 701 749 κεφαλῆς
737 677 993 750 ζωστῆρα
1032 678 1354 733 παλίλλυτον
1385 679 1600 750 ἆμματι
1628 679 1840 752 χαίτης,

254 768 550 840 Σουδὰριον
588 769 756 840 τόπερ
793 766 914 822 εἷπε
943 770 1130 842 Σύρων
1155 771 1441 842 ἐπιδήμιος
1468 771 1626 844 αὐδὴ,

252 861 336 914 Οὐ
367 861 592 930 ταφίαις
611 861 826 925 ὀθόναις
852 863 1278 934 παρακείμενον,
1312 864 1602 935 ἀμφιλαφῆ
1629 864 1687 918 δὲ

251 953 540 1006 Μονναδὸν
570 953 932 1020 αύτοέλικτον,
965 955 1271 1026 όμόπλοκον
1301 958 1382 1010 είν
1406 958 1487 1012 ένὶ
1519 957 1700 1029 χώρῳ.

252 1043 294 1097 8
320 1039 492 1097 τΗλθε
519 1043 616 1096 καὶ
639 1044 668 1097 6
702 1044 1006 1116 πρώτιστος
1037 1044 1132 1099 ἰὼν
1164 1047 1258 1100 ἐπὶ
1288 1045 1440 1118 σῆμα
1466 1046 1735 1118 μαθητὴς.

252 1136 426 1206 210
446 1136 556 1189 Καὶ
575 1135 777 1208 βραδὺς
803 1137 951 1191 ἔνδον
981 1138 1136 1192 ἵκανε
1159 1139 1513 1210 λιθογλυφέος
1543 1139 1806 1204 κενεῶνος
1828 1156 1842 1171 ·

254 1227 373 1280 Καὶ
395 1226 543 1281 λίθον
571 1228 848 1298 εὐδίνητον
873 1230 1090 1283 ἐοικότα
1123 1231 1365 1302 χάσματι
1390 1231 1623 1303 τύμϐου,
1776 1249 1778 1251 ·

268 1321 591 1374 Ἀντίτυπον
620 1322 901 1393 στήριγμα
934 1324 1272 1396 χαραδραίου
1301 1324 1594 1389 πυλεῶνος,

253 1412 374 1466 Kal.
400 1412 696 1484 πλοκάμων
732 1413 1039 1485 τελαμῶνα,
1072 1416 1168 1470 καὶ
1201 1417 1405 1488 εἵματα
1445 1418 1674 1488 κείμενα
1713 1417 1848 1491 γαίῃ

256 1503 531 1570 Ἐδρακεο
563 1504 656 1556 καὶ
693 1504 947 1558 πίστευεν
979 1507 1063 1559 ὅτι
1094 1507 1320 1577 χθονίων
1352 1507 1460 1562 ἀπὸ
1493 1508 1706 1562 κόλπων

251 1594 535 1665 Οὐρανίην
563 1596 656 1648 ἐπὶ
696 1595 868 1660 πέζαν
901 1597 1202 1669 ὑπηνέμιος
1229 1599 1392 1664 νέκυς
1423 1601 1584 1671 έπτη.

248 1685 293 1741 9
320 1684 398 1760 Οὐ
431 1686 540 1758 γάρ
572 1705 659 1740 πω
690 1687 908 1742 δεδάασι
932 1689 1042 1743 δύω
1070 1691 1325 1762 Χριστοῖο
1356 1692 1599 1765 μαθηταὶ

253 1779 417 1832 ὀττι
437 1780 607 1850 ταχὺς
639 1780 778 1849 μετὰ
805 1780 1011 1853 πότμον
1046 1783 1339 1856 ἀνόστιμον
1364 1781 1523 1850 οὖδας
1549 1787 1737 1852 ἐάσας,

255 1872 355 1934 Εἰς
378 1871 506 1941 τρία
535 1870 679 1940 φάεα
710 1872 905 1942 μοῦνον
938 1875 1228 1948 ἐγέρσιμον
1255 1876 1420 1931 ὕπνον
1448 1878 1635 1942 ἰαύων,

253 1964 534 2034 Νόστιμος
557 1965 620 2017 ὲκ
654 1965 861 2020 νεκύων
889 1967 1220 2039 ἀναϐήσεται
1244 1971 1326 2034 είς
1357 1970 1518 2024 πόλον
1540 1971 1774 2043 ἄστρων,

267 2055 544 2119 Ἀκλινέος
571 2056 822 2110 θανάτοιο
857 2057 1155 2113 παλίλλυτα
1181 2061 1359 2132 δεσμά
1388 2063 1655 2133 πατήσας.

255 2145 332 2199 10
363 2146 552 2199 Πυκνὰ
577 2147 634 2200 δὲ
665 2146 1052 2218 θαμϐήσαντες
1075 2150 1442 2222 όπιπευτῆρες
1464 2154 1692 2223 ἑταῖροι,

268 2240 565 2304 Ἀσταθέες
597 2241 936 2313 σφετέροισιν
965 2241 1305 2308 ὲναυλίζοντο
1338 2245 1651 2316 μελάθροις,

258 2334 485 2404 ’Λψοφα
517 2334 910 2404 καλλείψαντες
939 2336 1200 2400 ἀπενθέος
1233 2337 1438 2405 ἄντυγα
1467 2339 1696 2410 τύμϐου.

257 2427 323 2480 11
361 2425 676 2496 Μαγδαλινὴ
702 2426 745 2478 δ’
783 2426 1058 2479 ἐλέλειπτο
1085 2427 1221 2498 γυνὴ
1250 2427 1400 2496 παρὰ
1420 2431 1626 2498 σήματι
1655 2433 1848 2500 μούνη,

255 2519 476 2590 Θερμὺν
499 2517 873 2582 ἀναϐλύζουσα
899 2520 997 2588 γοή
1010 2535 1169 2588 μονος
1201 2519 1407 2590 ὄμϐρον
1440 2520 1691 2589 ὀπωπῆς,

256 2609 559 2680 Μυρομένη
593 2607 820 2672 ζώοντα.
855 2609 931 2659 Δι’
961 2608 1189 2674 εύφαέος
1219 2608 1275 2660 δὲ
1305 2609 1565 2680 θυρέτρου

270 2703 364 2765 Ὠς
398 2702 474 2754 ἔτι
497 2701 866 2771 δακρυχέεσκε
899 2700 1058 2753 λάλον
1086 2701 1246 2753 νέκυν
1276 2703 1442 2770 ἐγγυς
1470 2703 1646 2770 ἐόντα,

277 2793 600 2864 Ἀγγελικὴν
630 2793 819 2864 ἐνόησε
850 2792 1118 2862 συνωρίδα
1139 2809 1151 2822 ’
1184 2793 1250 2845 12
1290 2793 1378 2845 τὸν
1412 2794 1530 2864 μὲν,
1574 2797 1659 2848 ἐπ’
1683 2797 1853 2868 ἄκρου

267 2887 448 2952 Δεξιὸν
475 2884 853 2939 ἀντικέλευθον
879 2886 1016 2955 ὑπὲρ
1049 2884 1304 2956 Χριστοῖο
1330 2889 1595 2957 καρήνου,

261 2979 653 3051 Μαρμαρυγὴν
688 2977 976 3047 πέμποντα
1006 2978 1318 3049 θεογλήνοιο
1349 2981 1640 3050 προσώπου
1660 2999 1672 3012 ·

259 3073 371 3126 Τὸν
411 3073 487 3134 δὲ,
519 3070 695 3124 ποδῶν
729 3071 879 3140 παρὰ
907 3070 1101 3135 πέζαν,
1127 3071 1231 3141 ὅπη
1265 3072 1428 3134 νέκυς
1454 3069 1552 3141 ἦεν
1585 3073 1852 3146 ἐχέφρων,

257 3165 523 3227 Χιονέους
549 3162 852 3233 σπινθῆρας
886 3162 1237 3225 ἁκοντίζοντα
1275 3163 1518 3233 χιτῶνος.

261 3255 335 3309 15
383 3255 706 3325 Ἀμφότεροι
733 3254 776 3306 δ’
806 3253 1040 3323 ἐρέεινον
1070 3253 1176 3305 ἔσω
1200 3253 1427 3323 τύμϐοιο
1449 3255 1680 3320 γυναῖκα
1701 3271 1713 3283 ’

260 3348 460 3413 Τίπτε,
485 3347 665 3415 γύναι,
719 3346 1034 3415 στενάχεις;
1069 3345 1255 3414 Μαρίη
1284 3344 1328 3397 δ’
1358 3344 1616 3414 ἠμείϐετο
1668 3345 1852 3416 μύθῳν

273 3440 367 3503 Ὦς
399 3439 543 3501 τινὲς
577 3439 826 3509 ἅρπαγες
859 3437 1050 3507 ἄνδρες
1079 3436 1207 3506 ἐμὸν
1232 3437 1471 3506 Βασιλῆα
1497 3435 1750 3500 λαθόντες

280 3533 544 3603 Ἑννύχιοι
582 3533 817 3602 σύλησαν
838 3549 850 3562 ο
893 3530 1004 3599 ἐγὼ
1033 3531 1076 3582 δ’
1105 3530 1204 3581 οὐκ
1226 3525 1341 3582 οἶδα
1372 3531 1561 3598 νοῆσαι

274 3625 510 3681 Ὀππόθι
538 3643 629 3695 μιν
657 3623 983 3694 μετέθηκαν.
1017 3624 1083 3676 14
1109 3621 1578 3693 Ὑποστρευθεῖσα
1600 3621 1642 3674 δ’
1671 3623 1854 3693 ἐκείνη

278 3715 488 3783 Ἰησοῦν
522 3715 742 3784 ἐνόησεν
772 3712 829 3766 ὃν
866 3711 1080 3764 ἔστενεν
1106 3728 1119 3742 ⁸
1148 3711 1434 3781 ἱστάμενον
1461 3711 1518 3763 δὲ

263 3804 413 3870 Εἷδε,
447 3805 541 3859 καὶ
569 3806 627 3857 οὺ
660 3803 948 3872 γίνωσκεν,
972 3802 1053 3854 δτι
1090 3802 1268 3872 ζαθέω
1296 3800 1446 3873 παρὰ
1469 3801 1657 3874 τύμϐῳ

263 3899 505 3970 Χριστὸς
531 3897 645 3968 ἔην.
679 3896 746 3950 15
785 3897 894 3947 Καὶ
923 3895 1093 3958 ξεῖνος
1123 3895 1260 3963 ἀνὴρ
1290 3896 1384 3946 ἅτε
1425 3897 1598 3963 κῆπον
1632 3893 1855 3954 ὁδεύων,

262 3991 461 4055 Τίπτε,
493 3989 674 4057 γύναι,
723 3987 1033 4056 στενάχειςς
1066 3985 1292 4054 κινυρὴν
1334 3985 1540 4053 ἐρέεινε
1586 3986 1854 4051 γυναῖκαδ

263 4082 427 4149 Εἰπὲ,
457 4081 509 4134 τί
547 4077 867 4151 μαστεύεις;
907 4077 1093 4147 Μαρίη
1124 4077 1166 4128 δ’
1197 4076 1497 4145 ἐφθέγξατο
1525 4076 1730 4146 φωνὴν,

284 4172 588 4242 Ἐλπομένη
619 4171 816 4241 κήποιο
852 4167 1166 4239 φυτηκόμον
1196 4167 1364 4238 ἄνδρα
1394 4167 1604 4236 νοῆσαιο

267 4266 434 4335 212
451 4265 512 4316 Ei
542 4264 605 4316 σὺ
622 4262 782 4315 νέκυν
810 4260 1093 4330 ζοφόεντος
1117 4258 1412 4328 ἐκούφισας
1433 4258 1600 4311 ἔνδοθι
1627 4258 1853 4328 τύμϐου,

272 4359 505 4409 Ἐννεπε
540 4353 641 4408 ποῦ
677 4353 1015 4424 μετέθηκας·
1049 4350 1160 4420 ἐγὼ
1198 4352 1253 4404 δέ
1289 4368 1379 4422 μιν
1411 4350 1564 4403 ἔνθεν
1590 4350 1780 4422 ἀείρω.

273 4449 342 4505 16
380 4447 586 4520 Ἰησοῦς
617 4447 660 4501 δ’
692 4446 1030 4517 ἁπάμειπτο,
1057 4444 1196 4515 χέων
1228 4444 1477 4517 ἀρίδηλον
1503 4443 1650 4514 ίωὴν,

1947 603 2063 644 cem
2093 588 2268 644 lineas
2292 589 2679 645 animadvertit
2726 591 2982 656 tunicas;
3011 593 3041 646 7
3066 591 3133 646 Et
3171 592 3372 663 capitis
3405 592 3527 646 cin-

1945 680 2131 751 gulum
2167 696 2364 736 rursus
2415 682 2654 736 solutum
2683 699 2826 738 nexu
2858 685 3200 755 capillorum,
3233 684 3528 740 Sudarium

1946 772 2091 841 quod
2123 771 2264 826 dixit
2296 774 2560 845 Syrorum
2606 777 2887 846 popularis
2928 792 3054 841 vox,
3083 776 3200 831 Non
3246 775 3531 847 sepulcra—

1948 865 2091 921 libus
2111 865 2295 922 linteis
2322 866 2608 936 adjacens,
2627 869 2721 924 sed
2746 869 3082 940 duplicatum
3105 867 3410 939 Separatlm
3435 881 3533 936 per

1947 970 2008 1010 se
2037 955 2364 1020 involutum,
2396 958 2780 1028 complicatum
2815 959 2869 1014 in
2898 973 3008 1012 uno
3050 959 3192 1013 loco.
3221 958 3254 1012 8
3293 955 3454 1010 Venit
3478 965 3534 1010 et

1949 1045 2100 1115 prior
2131 1047 2332 1102 vadens
2357 1046 2423 1102 ad
2452 1049 2762 1118 sepulcrum
2795 1050 3119 1121 discipulus,
3151 1048 3309 1117 211
3339 1045 3404 1100 Et
3429 1054 3534 1100 tar-

1948 1136 2052 1192 dus
2080 1139 2230 1192 venit
2277 1138 2550 1208 lapidibus
2607 1142 2874 1212 seulptam
2923 1141 3064 1195 intra
3099 1141 3389 1194 eavitatem
3418 1156 3432 1192 :
3467 1137 3536 1191 Et

1950 1230 2186 1301 lapidem
2219 1231 2479 1286 mobilem
2540 1237 2954 1288 convenientem
3009 1234 3258 1304 voragini
3313 1232 3532 1297 tumuli,

1952 1321 2286 1392 Expressum
2327 1323 2705 1380 fulcimentum
2754 1314 2985 1396 lapidosi
3019 1326 3169 1390 ostii,
3198 1325 3264 1378 Et
3306 1325 3538 1394 capillo-

1953 1429 2075 1468 rum
2109 1415 2487 1484 ligamentum,
2538 1425 2594 1471 et
2651 1417 2968 1482 indumenta
3003 1416 3241 1488 jacentia
3291 1416 3345 1468 in
3387 1425 3535 1469 terra

1954 1503 2135 1573 Vidit;
2166 1515 2220 1561 et
2244 1506 2475 1562 credidit
2503 1507 2646 1578 quod
2679 1510 3029 1567 terrestribus
3051 1524 3080 1563 e
3109 1507 3322 1564 sinibus
3361 1507 3544 1567 (Σαειρ-⁸

1952 1607 2089 1653 stem
2124 1597 2178 1652 in
2213 1600 2488 1670 regionem
2524 1600 2659 1655 levis
2692 1607 2943 1655 mortuus
2976 1600 3196 1656 volavit.
3221 1599 3254 1654 9
3283 1598 3536 1652 Nondum

1957 1692 2106 1745 enim
2152 1691 2460 1748 didicerant
2509 1693 2619 1749 duo
2653 1693 2862 1750 Christi
2904 1693 3160 1766 discipuli
3189 1692 3346 1757 Quod
3390 1692 3538 1746 celer

1959 1793 2083 1851 post
2129 1792 2361 1840 mortem
2394 1785 2727 1841 irremeabili
2771 1785 2890 1841 solo
2921 1785 3136 1860 relicto,
3163 1785 3242 1839 Ad
3274 1793 3387 1839 tres
3421 1784 3542 1838 dies

1959 1874 2136 1930 solum
2194 1875 2538 1931 exeitabilem
2592 1886 2845 1932 somnum
2905 1877 3207 1937 dormiens,
3241 1875 3427 1928 lledux
3473 1890 3539 1928 ex

1954 1963 2190 2021 mortuis
2215 1965 2478 2021 ascendet
2520 1965 2575 2019 in
2617 1966 2817 2020 coelum
2867 1973 3166 2033 astrorum,
3201 1963 3544 2020 lnevitabilis

1954 2055 2147 2111 mortis
2174 2072 2369 2110 rursus
2406 2058 2583 2112 soluta
2610 2057 2824 2112 vincula
2855 2057 3209 2112 conculcans.
3243 2056 3308 2110 10
3337 2056 3546 2111 Crebro

1958 2155 2137 2201 autem
2177 2147 2515 2203 admirantes
2571 2159 2910 2219 spectatores
2961 2150 3120 2213 socii,
3167 2148 3458 2204 Instabiles
3489 2151 3542 2202 in

1955 2239 2073 2294 suis
2128 2240 2488 2294 morabantur
2537 2239 2813 2306 domibus,
2868 2240 3118 2294 Tacitum
3170 2241 3545 2311 relinquentes

1959 2349 2066 2388 non
2100 2333 2335 2387 luctuosi
2389 2332 2652 2386 ambitum
2700 2333 2919 2387 tumuli.
2957 2333 3016 2386 l-l
3055 2332 3369 2401 Magdalena
3414 2349 3546 2386 vero

1956 2426 2370 2495 relinquebatur
2393 2425 2590 2482 mulier
2620 2426 2763 2496 apud
2779 2428 3090 2496 sepulcrum
3125 2427 3264 2494 sola,
3294 2426 3542 2480 Calidum

1957 2517 2194 2573 fundens
2250 2519 2443 2574 ﬂebilis
2496 2519 2725 2575 imbrem
2780 2519 2958 2586 faciei,
2996 2520 3212 2591 Lugens
3248 2521 3542 2575 viventem.

1958 2609 2062 2666 Per
2092 2611 2426 2682 pellucidum
2459 2621 2640 2666 autem
2668 2614 2892 2678 ostium,
2923 2611 3057 2666 Cum
3094 2613 3271 2666 adhuc
3297 2613 3548 2682 deplora—

1958 2713 2041 2759 ret
2070 2705 2384 2774 loquentem
2423 2688 2699 2758 mortuum
2734 2721 2902 2775 prope
2958 2705 3334 2768 exsistentem,
3367 2706 3547 2776 Ange-

1958 2793 2119 2847 lieam
2154 2793 2540 2846 animadvertit
2568 2794 3010 2863 conjugationem
3052 2813 3063 2846 :
3103 2794 3168 2848 12
3207 2795 3374 2848 alium
3422 2795 3548 2864 qui-

1958 2887 2104 2950 dem,
2138 2885 2190 2940 in
2221 2902 2434 2940 smnmo
2471 2885 2758 2939 Dexterum
2792 2887 3101 2956 Oppositum
3134 2903 3299 2956 super
3326 2886 3536 2941 Christi

1960 2987 2146 3047 caput,
2182 2976 2536 3047 Splendorcm
2561 2978 2898 3032 emittentem
2925 2993 2953 3030 a
2987 2978 3185 3031 divinis
3212 2979 3387 3032 oeulis
3409 2994 3550 3048 prac-

1963 3071 2073 3123 dita
2108 3069 2246 3123 facie
2287 3089 2297 3122 :
2333 3069 2512 3123 Alium
2546 3085 2695 3130 vero,
2749 3070 2945 3139 pedum
2995 3069 3058 3122 ad
3094 3070 3395 3139 regionem,
3455 3071 3548 3124 ubi

1885 3191 1927 3248 ρ
1967 3172 2218 3217 mortuus
2270 3170 2386 3216 erat
2423 3161 2647 3228 tacitus,
2678 3160 2879 3216 Νίγρος
2917 3162 3188 3215 scintillas
3213 3161 3549 3229 iaculantem

1964 3270 1992 3307 a
2032 3250 2235 3308 tunica.
2279 3255 2347 3308 l5
2375 3252 2604 3324 Utrique
2650 3255 3056 3324 interrogarunl
3105 3255 3246 3308 intra
3280 3255 3550 3308 tumulum

1966 3347 2281 3401 mulierem:
2304 3348 2435 3413 Cur,
2464 3348 2679 3411 mulier,
2697 3348 2868 3418 gemis
2888 3348 2909 3399 ?
2928 3346 3091 3402 .‘Jaria
3116 3361 3246 3400 vero
3272 3347 3554 3416 respondit

1966 3453 2218 3492 sermone
2250 3455 2260 3490 :
2291 3437 2447 3505 Quod
2483 3439 2704 3509 quidam
2730 3448 2977 3508 raptores
3012 3439 3114 3492 viri
3142 3454 3320 3492 meum
3352 3437 3552 3508 Regem

1965 3531 2104 3582 clam
2140 3530 2404 3584 Nocturni
2462 3532 2800 3600 spoliarunt;
2847 3547 2946 3602 ego
2981 3547 3108 3585 vero
3165 3547 3271 3583 non
3323 3545 3551 3600 possum

1963 3621 2268 3691 intelligere
2297 3621 2416 3687 Quo
2445 3623 2622 3692 ipsum
2669 3629 3152 3691 transposuerunt.
3190 3621 3255 3674 l4
3278 3620 3554 3677 Conversa

1969 3729 2093 3767 vero
2135 3715 2221 3766 illa
2247 3712 2434 3768 Jesum
2483 3715 2871 3768 animadvertit
2903 3731 3063 3784 quem
3098 3715 3319 3784 lugebat
3355 3735 3367 3769 :
3402 3722 3558 3768 stan-

1967 3813 2184 3873 temque
2216 3803 2388 3870 Vidit,
2412 3815 2463 3858 et
2494 3822 2604 3860 non
2635 3806 2890 3876 cognovit
2920 3805 3064 3875 quod
3113 3806 3356 3859 divinum
3410 3804 3554 3874 apud

1969 3893 2237 3946 tumulum
2269 3892 2523 3948 Christus
2558 3904 2724 3948 esset.
2761 3894 2826 3948 15
2856 3892 2920 3946 Et
2947 3895 3265 3964 peregrinus
3294 3895 3448 3962 quasi
3472 3896 3556 3947 vir

1966 3982 2185 4035 hortum
2209 3983 2538 4051 pervadens,
2560 3983 2724 4048 Quid,
2762 3984 2977 4050 mulier,
3003 3985 3218 4053 ploras?
3243 3984 3552 4038 luctuosam

1978 4075 2335 4144 interrogavit
2383 4076 2668 4129 mulierem
2705 4093 2716 4128 ε
2758 4075 2883 4139 Die,
2927 4075 3058 4144 quid
3100 4076 3341 4144 quaeris?
3383 4074 3553 4128 Maria

1969 4175 2146 4221 autem
2178 4169 2361 4222 sonuit
2393 4183 2606 4230 vocem,
2642 4168 2850 4222 Putans
2882 4184 2940 4223 se
2986 4169 3131 4223 horti
3178 4176 3414 4223 satorem
3470 4169 3554 4221 vin

1967 4275 2086 4313 rum
2117 4260 2334 4314 videre:
2374 4260 2534 4331 213
2586 4259 2642 4314 Si
2671 4268 2726 4314 tu
2784 4268 3060 4313 mortuum
3099 4260 3400 4329 caliginoso
3443 4261 3558 4316 elc-i

1964 4351 2106 4406 vasti
2150 4368 2214 4406 ex
2249 4353 2522 4421 sepulcro,
2566 4351 2660 4405 Dic
2691 4367 2801 4422 quo
2850 4351 3271 4420 transposuisti;
3300 4366 3397 4419 ego
3425 4367 3556 4406 vero

1965 4443 2145 4511 ipsum
2169 4443 2294 4498 inde
2312 4443 2519 4498 tollam.
2551 4443 2618 4498 l6
2643 4443 2803 4499 Jesus
2835 4457 2966 4499 vero
2990 4445 3295 4515 respondit,
3319 4442 3554 4499 fundens

1475 4599 1759 4658 TEXTUS
1791 4599 2320 4657 EVANGELISTJE.

269 4753 370 4809 καὶ
405 4751 652 4823 εἰσῆλθεν
678 4751 758 4814 εἰς
795 4748 857 4802 τὸ
889 4749 1173 4818 μνημεῖον,
1203 4747 1298 4800 καὶ
1340 4747 1537 4818 θεωρεῖ
1574 4745 1642 4799 τὰ
1674 4746 1858 4800 ὀθόνια
1892 4751 1934 4804 D
1970 4747 2074 4809 σίν,
2104 4747 2238 4799 ὅπου
2276 4746 2454 4799 ἔκειτο
2479 4747 2540 4798 τὸ
2566 4747 2725 4817 σῶμα
2765 4746 2859 4799 τοῦ
2894 4747 3093 4818 Ἰησοῦ.

270 4837 526 4893 κείμενα.

344 4857 360 4890 ι
410 4855 526 4890 ενα.

343 4855 519 4974 ἹμΚαὶ
545 4918 607 4970 τὸ
642 4915 921 4986 σουδάριον
957 4913 985 4966 ὃ
1016 4908 1083 4985 ἦν
1112 4913 1204 4965 ἐπὶ
1241 4913 1341 4982 τῆς
1391 4911 1634 4982 κεφαλῆς
1670 4911 1860 4977 αὐτοῦ,

269 5004 334 5057 οὐ
361 5002 503 5074 μετὰ
536 5001 642 5054 τῶν
688 4999 910 5053 ὀθονίων
942 4998 1213 5068 κείμενον,
1256 4995 1393 5050 ἀλλὰ
1432 4996 1600 5066 χωρὶς
1643 4997 1860 5047 ἐντετυ-

271 5086 531 5158 λιγμένον
565 5088 644 5150 εἰς
683 5085 780 5138 ’ἐνα
805 5083 987 5137 τόπον.

345 5174 378 5226 8
407 5171 540 5225 Τότε
569 5165 661 5224 οὖν
704 5167 921 5239 εἰσῆλθε
960 5166 1056 5220 καὶ
1096 5167 1123 5218 6
1152 5165 1308 5228 ἄλλος
1338 5162 1586 5235 μαθητὴς
1620 5167 1648 5217 ὁ
1691 5162 1860 5224 ἐλθὼν

271 5256 493 5326 πρῶτος
520 5255 598 5317 εἰς
622 5253 683 5305 τὸ
721 5253 1008 5323 μνημεῖον,
1039 5250 1133 5302 καὶ
1173 5246 1300 5316 εἶδε,
1327 5249 1422 5301 καὶ
1447 5248 1789 5304 ἐπίστευσεν·

343 5337 378 5393 9
407 5337 634 5392 Οὐδέπω
667 5335 775 5407 γὰρ
801 5335 1022 5406 ᾔδεισαν
1049 5335 1146 5405 τὴν
1185 5333 1432 5405 Γραφήν,
1481 5333 1563 5385 ὅτι
1598 5331 1678 5384 δεῖ
1703 5331 1865 5385 αὑτὸν

268 5423 338 5477 ἑκ
362 5421 574 5492 νεκρῶν
604 5422 703 5474 ἀνα
715 5421 925 5490 στῆναι.

345 5506 416 5561 10
457 5503 728 5575 Ἀπῆλθον
765 5499 1052 5556 οὖνπάλιν
1088 5500 1225 5572 πρὸς
1263 5499 1488 5563 ἑαυτοὺς
1521 5499 1570 5552 οἱ
1600 5497 1861 5570 μαθηταί.

347 5590 408 5643 11
449 5589 638 5660 Μαρία
667 5588 724 5642 δὲ
752 5588 992 5658 εἱστήκει
1021 5584 1157 5656 πρὸς
1193 5584 1254 5637 τὺ
1290 5586 1552 5654 μνημεῖον
1604 5583 1866 5636 κλαίουσα

270 5673 402 5737 ἔξω.
446 5673 532 5734 Ὠς
565 5667 658 5724 οὖν
686 5671 892 5732 ἔκλαιε,
923 5668 1239 5739 παρέκυψεν
1268 5669 1348 5730 εὶς
1376 5668 1436 5720 τὸ
1473 5669 1736 5739 μνημεῖον
1759 5683 1770 5695 η

349 5755 419 5808 12
442 5754 553 5808 Καὶ
592 5753 791 5823 θεωρεῖ
828 5751 923 5804 δύο
968 5751 1234 5818 ἀγγέλους
1265 5752 1323 5802 ὲν
1365 5749 1598 5813 λευκοῖς,
1633 5747 1862 5811 καθεζο-

281 5838 497 5910 μένους,
528 5837 626 5890 ἕνα
670 5835 806 5905 πρὸς
835 5837 901 5905 τῇ
934 5835 1166 5906 κεφαλῇ,
1196 5835 1289 5888 καὶ
1318 5834 1415 5887 ἕνα
1441 5834 1578 5906 πρὸς
1619 5835 1732 5896 τοῖς
1766 5849 1861 5884 πο-

2041 4843 2108 4896 13
2140 4843 2251 4896 Kal.
2280 4843 2532 4911 λέγουσιν
2567 4845 2702 4913 αὐτῇ
2746 4845 2945 4898 ἐκεῖνοι
2965 4859 2976 4871 ·
3014 4843 3200 4908 Γύναι,
3231 4845 3284 4896 τί
3316 4845 3556 4909 κλαίεις;

1966 4927 2131 4995 Λέγει
2184 4929 2397 4991 αὐτοῖς·
2436 4928 2554 4980 ’Ὁτι
2587 4923 2727 4998 ἦραν
2779 4927 2870 4980 τὸν
2901 4926 3105 4996 Κύριόν
3153 4943 3276 4996 μου,
3313 4927 3409 4981 καὶ
3459 4929 3558 4982 οὐκ

1966 5007 2085 5064 οἶδα
2121 5011 2221 5065 ποῦ
2250 5011 2451 5082 ἔθηκαν
2474 5011 2656 5065 αὐτόν.

2040 5117 2109 5171 14
2129 5117 2251 5172 ,Καὶ
2279 5117 2451 5170 ταῦτα
2473 5117 2724 5176 εἰποῦσα,
2754 5117 2999 5188 ἐστράφη
3034 5121 3113 5182 εἰς
3151 5119 3218 5174 τά
3241 5121 3435 5184 ὀπίσω,
3466 5123 3558 5174 καὶ

1969 5200 2166 5271 θεωρεῖ
2193 5201 2284 5255 τὸν
2319 5199 2527 5272 Ἰησοῦν
2571 5200 2814 5252 ἑστῶταο
2847 5203 2941 5254 καὶ
2972 5203 3072 5255 οὐκ
3115 5203 3232 5275 ᾔδει
3277 5206 3358 5258 ὅτι
3385 5207 3413 5257 6
3452 5207 3559 5276 Ἰη-

1970 5285 2096 5349 σοῦς
2129 5288 2265 5339 ἐστι.

2042 5391 2109 5445 15
2138 5391 2301 5459 Λέγει
2337 5392 2474 5462 αὐτῇ
2504 5393 2532 5445 6
2571 5391 2777 5461 Ἰησοῦς
2798 5409 2810 5422 ο
2837 5391 3021 5458 Γύναι,
3064 5392 3118 5444 τί
3163 5392 3407 5456 κλαίεις;
3439 5392 3561 5452 τίνα

1971 5475 2188 5546 ζητεῖς;
2223 5475 2460 5546 Ἐκείνη,
2491 5475 2727 5528 δοκοῦσα
2766 5476 2847 5530 ὅτι
2872 5478 2900 5528 ό
2922 5476 3198 5546 κηπουρός
3233 5477 3370 5540 ἐστι,
3411 5475 3561 5542 λέγει

1973 5557 2150 5629 αὐτῷ·
2186 5557 2380 5629 Κύριε,
2417 5561 2466 5612 εἰ
2505 5559 2568 5612 σὺ
2608 5558 2917 5623 ἐϐάστασας
2951 5559 3135 5624 αὐτὸν,
3173 5559 3293 5612 είπέ
3318 5577 3420 5628 μοι
3458 5558 3560 5614 ποῦ

1972 5643 2133 5696 αὐτὸν
2159 5642 2362 5713 ἔθηκας
2382 5658 2396 5671 ·
2435 5640 2592 5710 κάγὼ
2617 5642 2780 5694 αὑτὸν
2805 5643 2942 5714 ἀρῶ.

2044 5747 2111 5802 16
2150 5747 2312 5817 Λέγει
2345 5748 2481 5819 αὐτῇ
2512 5750 2539 5800 6
2579 5748 2813 5818 Ἰησοῢςο
2845 5749 3054 5820 Μαρία.
3079 5748 3388 5820 Στραφεῖσα
3413 5749 3563 5808 ὲκείιο

1972 5848 2038 5902 νη
2067 5831 2214 5902 λέγει
2243 5831 2424 5902 αὐτῷ’
2466 5831 2770 5898 Ῥαϐϐουνὶ,
2806 5831 2834 5884 ὃ
2869 5831 3084 5900 λέγεται
3122 5832 3431 5888 διδάσκαλε.
