3982 6422
497 353 595 408 BH
782 333 789 339 ’
1049 313 1057 320 ’
1742 339 1951 396 NONNI
1983 337 2494 396 mucronum
3632 342 3718 398 9;;

505 465 660 523 valde
697 461 1045 518 manifestam
1074 474 1284 525 vocem,
1312 457 1378 512 Et
1410 456 1704 514 clamavit:
1740 457 1928 513 Maria.
1947 458 2077 514 Con-

2068 487 2092 497 -
2121 464 2165 520 Α
2195 455 2573 528 Καὶ,Μαριάμ
2605 454 2818 526 ἰάχησεν.
2850 433 3334 524 Μεταστρεφθεῖσα
3354 450 3408 506 -δ’
3441 451 3634 524 ἐκείνη,

504 573 660 615 versa
686 557 798 619 illa,
833 555 1112 626 Magister,
1151 553 1309 609 dixit.
1341 551 1406 606 l7
1449 549 1592 607 Deus
1621 558 1802 606 autem
1828 551 2076 621 repressil

2070 558 2091 604 t
2203 549 2514 616 'Pa66ouvl,
2548 547 2823 613 κατέλεξε.
2856 549 2919 601 Π
2951 547 3082 610 Θεὸς
3108 547 3150 600 δ’
3180 544 3410 614 ἀνέκοψε
3431 547 3640 613 γυναῖκα

502 650 790 704 mulierem
829 645 1120 701 Dexteram
1177 644 1451 699 volentem
1487 642 1785 698 immortali
1823 643 1959 696 vesti
1989 643 2074 696 ad-

2191 641 2482 714 Δεξιτερὴν
2516 642 2817 713 μέλλουσαν
2837 642 2896 704 ἐς
2930 639 3201 710 ἄμϐροτον
3235 632 3370 707 εἷμα
3393 637 3662 690 πελάσσαι·

497 740 730 811 iungere
765 759 777 794 :
806 739 871 794 Et
896 739 948 794 ei
970 739 1196 793 verbum
1227 736 1368 792 dixit
1398 755 1411 790 :
1457 734 1630 790 Meam
1666 750 1777 790 non
1816 742 1977 804 tange
1999 741 2055 786 tu

2024 749 2088 786 u-
2192 733 2300 786 Καί
2328 735 2376 786 οἱ
2407 733 2575 804 μῦθον
2605 731 2784 798 ἔλεξεν
2802 751 2816 766 ο
2863 731 3040 801 Ἐμῶν
3070 729 3144 800 μὴ
3166 730 3308 799 ψαῦε
3331 728 3590 800 χιτώνων·

503 834 708 887 nicam.
749 830 1003 886 Nondum
1033 829 1176 885 enim
1208 833 1330 897 post
1359 836 1590 882 mortem
1628 826 1696 880 ad
1736 841 1916 880 meum
1956 824 2070 879 redi

1956 823 2091 879 redii
2194 826 2359 879 Οὔπω
2381 825 2488 895 γάρ
2519 824 2656 896 μετά
2681 825 2888 895 πότμον
2918 823 3034 893 ἐμῷ
3063 823 3298 892 νόστησα
3325 821 3515 890 Τοκῆῐ·

502 922 719 977 Patrem
748 939 762 975 :
801 921 907 976 Sed
945 919 1206 974 fratribus
1241 917 1376 972 meis
1414 915 1504 969 die
1533 914 1843 984 discipulis,
1870 913 1951 968 Ad
1987 912 2074 966 Pa!

1987 912 2092 966 Pn-
2207 914 2368 967 Ἀλλά
2398 916 2805 984 κασιγνήτοισιν
2839 913 2992 984 ἐμοῖς
3025 913 3249 983 ἀγόρευε
3275 909 3549 981 μαθηταῖς,

508 1023 644 1068 trem
679 1027 860 1067 meum
903 1011 1065 1074 vado,
1100 1017 1152 1063 et
1179 1014 1418 1063 vestrum
1442 1005 1696 1071 Patrem;
1733 1003 1795 1058 Et
1825 1004 1894 1058 ad
1924 990 2080 1058 Deum

2075 1020 2090 1056 1
2196 1007 2342 1078 Πρὸς
2369 1008 2409 1059 Γ
2412 1007 2601 1078 ενέτην
2631 1003 2764 1076 ἐμὸν
2799 1002 2936 1075 εἶμι,
2970 1006 3064 1058 καὶ
3097 1004 3358 1074 ὑμέτερον
3380 1001 3647 1070 Γενετῆρα·

504 1108 772 1165 vestrum,
809 1109 862 1156 et
893 1113 1073 1153 meum
1103 1095 1296 1164 Deum,
1337 1110 1531 1151 rursus
1561 1095 1740 1150 venio.
1781 1093 1848 1148 l8
1882 1093 1949 1147 Et
1983 1092 2076 1147 Ma

2011 1092 2095 1147 13-
2195 1101 2305 1153 Kal
2332 1099 2464 1152 Θεὸν
2498 1098 2726 1168 ὑμείων,
2768 1097 2865 1150 καὶ
2889 1096 3022 1168 ἐμὸν
3046 1095 3197 1158 Θεὸν,
3225 1089 3379 1155 αὖτις
3405 1091 3583 1146 ἱκάνω.

505 1195 585 1249 ria
615 1193 856 1255 volabat,
894 1200 948 1246 et
977 1189 1230 1245 undecim
1288 1187 1617 1243 testificante
1649 1200 1782 1241 voce
1827 1183 2077 1240 Omnibus

2199 1191 2265 1244 i8
2290 1189 2401 1243 Kal
2427 1187 2661 1259 Μαριὰμ
2691 1187 2987 1257 πεπότητο,
3018 1185 3112 1238 καὶ
3135 1184 3330 1239 ’ένδεκα
3365 1182 3589 1252 μάρτυρι
3609 1182 3725 1250 φωνῇ

506 1282 1001 1341 contubernalibus
1043 1281 1269 1336 verbum
1309 1277 1740 1334 connnunicavit
1781 1275 2069 1346 discipulis

1939 1276 2092 1346 gulis,
2196 1282 2370 1336 Πᾶσιν
2398 1279 2789 1351 ὑπωροφίοισιν
2827 1277 2956 1342 ἔπος
2992 1277 3194 1343 ξύνωσε
3228 1274 3511 1346 μαθηταῖς,

506 1376 661 1445 Quod
694 1375 938 1432 terrestri
963 1373 1229 1428 nudatum
1254 1371 1564 1427 membrisa
1593 1369 1780 1426 tunica
1813 1368 2074 1425 Christun

1966 1377 2095 1423 stunt
2202 1375 2358 1426 Ὅττι
2391 1371 2748 1444 μεταχθονίου
2774 1369 3122 1440 γυμνούμενα
3153 1369 3281 1437 γυῖα
3300 1364 3538 1437 χιτῶνος,

505 1469 736 1524 vidisset
765 1466 1138 1537 splendentem
1159 1480 1188 1519 a
1224 1464 1334 1521 Deo
1356 1464 1606 1520 laborato
1643 1461 1883 1534 quodam
1909 1461 2072 1531 pallio

1962 1461 2097 1527 tilio,
2197 1463 2432 1538 Χριστὸν
2465 1463 2541 1516 ἴδε
2577 1461 2863 1516 στίλϐοντα
2886 1460 3173 1531 θεοκμήτῳ
3195 1459 3302 1512 τινὶ
3333 1454 3534 1526 πέπλῳ.

506 1554 572 1611 Ει
601 1557 648 1612 ei
684 1556 823 1612 dixit
849 1555 962 1610 haec
986 1554 1194 1618 omnia,
1227 1551 1462 1608 fundens
1492 1551 1804 1623 oppositum
1840 1549 2078 1621 splendo'

2048 1565 2098 1605 o-
2198 1556 2310 1608 Καί
2339 1556 2388 1608 οἱ
2423 1553 2526 1625 ἔφη
2553 1553 2678 1608 τάδε
2715 1553 2914 1619 πάντα,
2945 1553 3083 1622 χέων
3122 1550 3394 1606 ἀντώπιον
3422 1547 3620 1617 αἴγλην.

515 1667 655 1706 rem.
700 1650 766 1706 l9
801 1649 866 1703 Et
896 1648 1214 1704 umbrosam
1249 1646 1470 1716 quando
1489 1653 1688 1700 terram
1722 1651 1890 1698 totam
1921 1642 2087 1713 nigre-

2201 1647 2267 1701 19
2299 1646 2410 1700 Kal
2438 1647 2660 1718 σκιερὴν
2709 1646 2797 1700 ὅτε
2827 1648 2986 1714 γαῖαν
3020 1644 3148 1716 ὃλην
3181 1643 3461 1715 ἐμέλαινεν
3490 1637 3678 1710 ὁμίχλη,

507 1741 713 1796 fecerat
741 1740 938 1810 caligo,
966 1738 1177 1793 lmmoti
1204 1746 1258 1793 et
1293 1737 1438 1792 fores
1469 1735 1856 1790 concluserant
1893 1742 2075 1789 vectes

1896 1742 2095 1798 vectes,
2213 1735 2486 1800 Ἀκλινέες
2509 1737 2564 1790 δὲ
2598 1735 2834 1807 θύρετρα
2868 1734 3264 1806 συνεκλήῖσσαν
3293 1735 3468 1805 ὀχῆες,

510 1831 614 1886 Ubi
672 1830 1056 1885 delitescentes
1105 1826 1592 1882 commorabantur
1620 1823 1897 1892 discipuli,
1944 1821 2082 1876 Sicu:

1895 1866 1897 1878 .
1944 1821 2099 1876 Sicut
2130 1839 2172 1894 Β
2213 1827 2440 1883 Ὀππόθι
2467 1827 2805 1897 φωλεύοντες
2837 1827 3181 1892 ἐναυλίζοντο
3209 1827 3467 1897 μαθηταὶ,

511 1922 596 1976 ala
625 1921 708 1976 vel
738 1919 1017 1990 cogitatio,
1047 1917 1300 1973 sublimis
1334 1917 1388 1971 in
1426 1914 1604 1970 medio
1658 1914 1833 1979 stetit,
1873 1913 2083 1968 Cinctus

2054 1929 2099 1968 Is
2216 1922 2304 1986 Ὠς
2341 1921 2542 1993 πτερὸν
2572 1922 2636 1993 ὴὲ
2667 1923 2846 1993 νόημα
2889 1922 3187 1994 μετάρσιος
3216 1921 3296 1984 είς
3325 1921 3483 1992 μέσον
3513 1921 3623 1989 ἔστη

511 2011 699 2074 sociis,
720 2019 775 2066 et
804 2009 943 2064 dixit
975 2028 986 2063 :
1014 2006 1337 2063 Communis
1367 2005 1518 2061 vobis
1558 2003 1690 2060 Pax.
1725 2003 1795 2057 20
1826 2002 1890 2057 Et
1916 2005 2073 2074 inspe

2047 2018 2103 2057 θ·
2202 2012 2513 2085 Μιτρωθεὶς
2542 2012 2805 2084 ἑτάροισι,
2841 2014 2934 2066 καὶ
2964 2013 3184 2067 ἐννεπε’
3215 2013 3480 2082 Σύννομος
3508 2013 3619 2082 ὑμῖν

512 2113 691 2159 ratum
726 2103 952 2156 verbum
986 2101 1152 2156 breve
1177 2100 1282 2154 hoc
1299 2098 1566 2163 clamans,
1594 2095 2084 2167 Monstravitpedet

2204 2104 2432 2176 Εἰρήνη.
2463 2104 2533 2156 Ξθ
2559 2103 2669 2157 Kal
2699 2102 2930 2157 ἄελπτον
2953 2101 3080 2165 έπος
3111 2101 3288 2172 βραχὺ
3317 2101 3471 2154 τοῦτο
3492 2099 3678 2171 βοήσας,

510 2206 565 2251 et
597 2211 792 2250 manus
827 2193 993 2248 simul
1026 2191 1378 2262 congregatis
1410 2187 1698 2258 discipulis
1736 2186 1901 2243 Clavo
1931 2186 2082 2256 traje-

2025 2186 2099 2256 ic-
2203 2193 2356 2258 Δεῖξε
2391 2193 2561 2257 πόδας
2589 2193 2682 2246 καὶ
2716 2196 2905 2264 χεῖρας
2939 2191 3314 2263 ὁμηγυρέεσσι
3348 2192 3597 2262 μαθηταῖς

511 2297 650 2344 etas.
682 2296 735 2342 et
771 2285 915 2340 latus
957 2297 1151 2338 recens
1180 2281 1558 2345 vulneratum;
1594 2293 1719 2334 sero
1749 2288 2083 2348 apparenten

2057 2293 2100 2331 In
2216 2284 2575 2350 Ἦλοτύπους,
2607 2284 2846 2356 πλευρὴν
2881 2301 2941 2337 τε
2980 2283 3300 2336 νεούτατον·
3333 2283 3558 2352 Maia-avi}
3583 2282 3629 2335 δὲ

513 2386 694 2432 autem
731 2375 1018 2430 Dominum
1049 2371 1303 2428 videntes
1346 2371 1512 2426 laetati
1545 2379 1677 2425 sunt
1717 2384 1911 2424 rursus
1942 2368 2077 2423 socii

1964 2368 2099 2423 ιοοῖί-
2207 2379 2475 2450 Κοίρανον
2503 2375 2845 2449 ἀθρήσαντες
2874 2375 3097 2446 ἐγήθεον
3131 2371 3291 2439 αὖθις
3323 2376 3536 2445 ἑταῖροι.

510 2471 574 2524 21
619 2469 682 2523 Et
718 2467 854 2539 ipsis
886 2466 1000 2522 Rex
1036 2465 1176 2521 dixit
1210 2465 1408 2519 iterum
1443 2462 1608 2518 celeri
1639 2475 1932 2516 sermone:
1991 2457 2082 2513 Pa:

2205 2471 2268 2524 2|
2305 2470 2415 2524 Καί
2448 2486 2573 2538 σφιν
2606 2468 2775 2534 Ἀναξ
2797 2468 3026 2537 ἀγόρευε
3055 2467 3374 2538 τοδεύτερον
3395 2467 3502 2533 ὀξέϊ
3528 2464 3679 2536 μύθῳ·

522 2574 724 2616 rursus
784 2557 986 2612 vobis:
1037 2563 1092 2610 et
1132 2555 1276 2610 sicut
1335 2552 1666 2623 quadrijugo
1719 2550 1926 2606 mundo
1959 2547 2094 2604 Misil

1998 2547 2106 2604 iisit
2206 2563 2411 2636 Εἰρήνη
2443 2561 2606 2616 πάλιν
2641 2559 2784 2632 ὔμμι
2805 2579 2816 2590 ·
2847 2559 2941 2614 καὶ
2966 2560 3042 2623 ὡς
3071 2560 3375 2631 τετράζυτι
3397 2561 3570 2628 κόσμῳ

517 2667 679 2706 meus
707 2649 874 2703 Pater
913 2663 1020 2713 mc,
1041 2655 1096 2702 et
1125 2661 1221 2701 vos
1241 2645 1360 2716 ipse
1395 2644 1570 2698 mitto.
1602 2642 1673 2696 2‘2
1696 2641 1841 2698 Dixit
1878 2658 1893 2696 :
1925 2650 1978 2696 et
2005 2643 2076 2695 im

2093 2671 2106 2683 '
2210 2655 2436 2726 Πέμψεν
2465 2655 2596 2725 ἐμὸς
2630 2653 2864 2724 Γενέτης
2896 2669 2985 2724 με,
3017 2653 3110 2706 καὶ
3138 2652 3315 2723 ὑμέας
3338 2652 3492 2717 αὐτὸς
3517 2649 3665 2704 ἱάλλω.

515 2743 772 2799 mortalis
801 2742 916 2797 oris
940 2739 1129 2793 flatum
1159 2737 1414 2803 tendens,
1451 2733 1626 2791 Labia
1673 2734 1930 2806 aperiens
1964 2733 2087 2788 vita

2207 2744 2281 2799 ‘22
2301 2741 2438 2798 Εῐπε
2453 2784 2468 2809 ,
2487 2744 2584 2798 καὶ
2611 2742 2928 2815 ἀμϐροσίων
2959 2741 3250 2813 στομάτων
3273 2741 3496 2812 φύσημα
3517 2739 3728 2800 τιταίνων,

515 2838 612 2910 lia,
673 2834 811 2889 dixit
843 2831 1167 2902 discipulis:
1219 2828 1483 2900 Spiritum
1526 2835 1780 2882 sanctum
1837 2825 2066 2895 accipite

1999 2825 2104 2879 ίῑθῖ
2210 2837 2398 2902 Χεῖλος
2435 2835 2750 2900 ἀναπτύξας
2791 2834 3088 2906 βιοτησιον,
3120 2827 3248 2886 εἷπε
3285 2833 3571 2904 μαθηταίς’

517 2928 590 2983 25
626 2936 680 2984 et
709 2939 941 2997 quorum
977 2923 1260 2978 hominum
1307 2921 1360 2975 in
1404 2929 1546 2975 terra
1581 2917 1918 2989 lmpietatczn
1950 2917 2089 2970 dimi-

2223 2930 2412 2998 Ἀγνὸν
2439 2928 2667 2998 Πνεῦμα
2688 2926 2910 2998 δέχεσθε
2931 2944 2944 2956 ·
2970 2925 3043 2981 25
3069 2927 3161 2979 καὶ
3182 2919 3262 2980 ὧν
3289 2925 3531 2998 μερόπων
3550 2921 3619 2977 ἐνὶ
3641 2920 3726 2989 γαίῃ

518 3020 723 3085 seritis,
756 3020 811 3074 in
870 3019 980 3073 vita
1034 3030 1230 3072 errans
1291 3029 1434 3070 onus
1480 3011 1848 3072 necessitatis,
1893 3008 2088 3065 Peccat

2002 3009 2110 3064 cati
2214 3021 2514 3091 Δυσσεὸίην
2537 3019 2762 3090 ἀφὲητε,
2799 3017 3089 3090 βιοπλανὲς
3121 3018 3291 3088 ἄχθος
3323 3017 3570 3088 ἀνάγκης,

517 3113 796 3170 oblivione
835 3111 1033 3174 deleta,
1084 3108 1328 3164 caelestis
1398 3105 1600 3162 solutio
1666 3105 1806 3170 erit;
1861 3105 2086 3170 Quorun

2019 3117 2105 3155 um
2226 3108 2570 3180 Ἀμπλακίης
2599 3108 2876 3180 ἄμνηστος
2911 3108 3214 3178 ἐπουρανίη
3248 3107 3400 3171 λύσις
3419 3108 3583 3158 ἔσται·

518 3223 650 3262 vero
673 3219 867 3262 rursus
890 3202 1178 3259 tenueritis
1195 3200 1477 3256 hominum
1509 3199 1866 3269 peccatricem
1885 3209 2082 3249 noxam

2043 3209 2105 3260 ιη,
2139 3210 2180 3266 C
2214 3195 2315 3253 ’Ὧν
2347 3201 2403 3253 δὲ
2428 3201 2590 3271 πάλιν
2621 3199 2908 3272 κρατέοιτε
2941 3198 3151 3270 βροτῶν
3180 3199 3455 3271 ἀλιτήριον
3483 3197 3615 3267 ἄτην,

519 3298 686 3370 214
708 3297 883 3368 Opera
917 3296 1045 3351 vita:
1083 3293 1322 3349 errantis
1375 3298 1598 3347 manent
1637 3289 1803 3360 ligata
1865 3287 2084 3342 vinculo

2219 3294 2270 3363 2
2283 3292 2385 3363 15
2425 3295 2490 3347 Ἐ
2499 3310 2602 3362 ργα
2619 3293 2734 3364 βίου
2755 3293 2922 3362 σφαλε
2931 3296 3042 3364 ροῖο
3060 3292 3214 3362 μένει
3235 3292 3438 3362 πεπεδη
3447 3291 3568 3361 μένα
3580 3282 3730 3355 δεσμῷ.

513 3388 582 3442 24
601 3388 840 3444 Thomas
856 3395 1037 3442 autem
1055 3387 1204 3441 intus
1221 3385 1518 3440 latentibus
1532 3383 1719 3437 deerat
1736 3382 1888 3436 solus
1916 3381 2085 3438 sociis

2217 3385 2290 3439 24
2325 3386 2527 3456 Θωμᾶς
2549 3385 2594 3439 δ’
2617 3383 2930 3455 ἐνδομύχων
2959 3383 3290 3437 ἀπελείπετο
3321 3383 3506 3455 μοῦνος
3540 3379 3730 3449 ἑταίρων,

520 3478 750 3534 Vicinus
787 3477 1006 3548 quando
1045 3476 1114 3530 ad
1147 3489 1337 3529 omnes
1373 3488 1470 3543 per
1517 3487 1700 3528 aerem
1736 3473 1886 3527 venit
1919 3469 2092 3528 Jesus‘

2003 3489 2105 3534 ius,
2231 3477 2561 3548 Ἀγχιφανὴς
2583 3479 2672 3530 ὅτε
2700 3478 2832 3530 πᾶσι
2870 3477 2936 3530 δι’
2965 3477 3125 3549 ἠέρος
3150 3474 3319 3551 ἦλθεν
3366 3473 3575 3547 Ἰησοῦς.

520 3572 788 3627 Dominus
822 3584 920 3640 per
950 3582 1113 3622 auras
1149 3568 1458 3624 ambulans.
1503 3580 1612 3619 non
1644 3563 1990 3619 testificatam
2023 3580 2081 3619 se

2109 3598 2110 3603 η
2219 3569 2488 3640 Κοίρανος
2516 3571 2891 3639 ἡνεμόςοοιτος,
2928 3570 3248 3643 ἀμάρτυρον
3274 3567 3425 3640 οἷμον
3453 3563 3681 3638 ἀμείϐων·

525 3663 710 3717 mitam
731 3661 1009 3714 alternans
1046 3677 1058 3711 :
1094 3658 1166 3712 Q5
1197 3657 1260 3712 Et
1292 3658 1340 3711 ei
1369 3663 1710 3725 spectatores
1738 3654 2000 3709 dixerunt
2035 3655 2097 3709 di-

2036 3655 2113 3709 di-
2219 3661 2292 3716 25
2329 3662 2438 3714 Καί
2464 3662 2513 3714 οἱ
2546 3661 2914 3733 όπιπευτῆρες
2939 3661 3348 3730 ἐπεφθέγξαντο
3378 3657 3608 3732 μαθηταὶ.

524 3754 722 3824 scipuli
763 3752 1055 3806 Dominum
1100 3750 1245 3820 quod
1293 3749 1594 3814 vidissent;
1640 3747 1729 3801 ille
1762 3763 1894 3801 vero
1931 3747 2096 3802 audax

2086 3765 2110 3802 tt
2221 3753 2486 3826 Κοίρανον
2513 3755 2588 3817 ὼς
2620 3754 2850 3823 ἐνόησαν
2870 3769 2883 3785 ·
2923 3755 2951 3806 ὁ
2979 3753 3033 3806 δὲ
3062 3753 3236 3825 θρασὺ
3263 3752 3436 3824 χεῖλος
3460 3747 3658 3812 ἀνοίξας,

525 3847 726 3901 labium
755 3842 1029 3914 aperiens,
1069 3841 1212 3895 Dixit
1243 3854 1552 3896 sermonem
1588 3839 1956 3904 incredulum,
1982 3841 2097 3910 qui:

2021 3841 2112 3894 uia
2225 3847 2457 3900 Ἔννεπε
2493 3845 2662 3916 μῦθον
2690 3846 2939 3909 ἄπιστον,
2973 3847 3096 3900 ἐπεὶ
3123 3846 3425 3918 βραδυδινέῖ
3456 3843 3591 3915 μύθῳ

526 3940 683 3994 tardo
713 3940 776 3993 ad
812 3943 1019 3991 motum
1052 3934 1221 3989 verbo
1247 3931 1572 3989 Testimonii
1614 3931 1907 3986 inﬂexilem
1959 3949 2098 4002 (pun-

2019 3949 2110 3987 tm-
2223 3939 2549 4009 Μαρτυρίης
2581 3937 2901 4009 ἄγναμπτον
2935 3938 3138 4003 ἐδίζετο
3170 3939 3394 4009 μείζονα
3419 3933 3591 3996 πειθὼ,

525 4030 679 4086 rebat
705 4029 968 4098 majorem
1009 4025 1459 4097 persuasionem:
1490 4022 1604 4078 Nisi
1632 4037 1828 4077 manus
1873 4023 2097 4078 videam.

1967 4038 2110 4087 eam,
2224 4029 2287 4081 El
2323 4028 2398 4098 μὴ
2424 4030 2612 4099 χεῖρας
2642 4028 2827 4100 ἴδοιμι,
2860 4029 3223 4099 βαθυνόμενόν
3251 4047 3309 4081 τε
3348 4027 3535 4098 σιδήρῳ

525 4121 858 4195 profundum
893 4127 1075 4175 autem
1135 4117 1279 4174 ferro
1313 4115 1509 4172 Fixero
1555 4115 1787 4186 digitum
1835 4131 2097 4170 summuu'

2048 4131 2110 4168 un
2224 4118 2390 4187 Πήξω
2417 4118 2679 4173 δάκτυλον
2708 4121 2876 4193 ἄκρον
2911 4124 2968 4184 ἐς
2994 4121 3265 4193 ὀξυτόρων
3291 4120 3454 4174 τύπον
3479 4118 3620 4189 ἥλων.

526 4222 688 4273 acute
716 4215 944 4270 fixorum
989 4213 1042 4265 in
1074 4220 1259 4282 typum
1312 4209 1593 4265 clavorum
1614 4247 1628 4272 ,
1660 4205 1722 4260 Et
1757 4222 1978 4260 mamnn
2017 4223 2098 4261 ca-

2089 4236 2113 4247 -
2225 4208 2337 4262 Kal
2363 4208 2622 4281 παλάμην
2650 4210 2951 4284 γλαφυροῖο
2985 4212 3128 4266 κατά
3153 4212 3405 4284 πλευροῖο
3429 4210 3661 4270 πελάσσω,

1749 4320 2032 4378 ΤΕΧἸἪΒ
2073 4321 2600 4381 EVANGELISTAE.

601 4443 666 4496 i7
706 4440 866 4508 Λέγει
897 4439 1032 4508 αὐτῇ
1055 4436 1302 4508 ὁἽησοῦς
1321 4453 1336 4467 ο
1366 4437 1455 4506 Μή
1483 4454 1584 4506 μου
1608 4437 1781 4491 διπτου
1805 4453 1815 4464 ·
1836 4435 1988 4488 ούπω
2009 4436 2119 4506 γὰρ
2153 4441 2195 4495 D
2226 4437 2408 4502 καθὼς
2436 4438 2746 4494 ἀπέσταλκέ
2783 4458 2848 4510 με
2874 4443 2902 4494 ὁ
2929 4443 3140 4514 Πατὴρ,
3172 4445 3326 4513 κάγὼ
3360 4444 3548 4512 πέμπω
3569 4437 3694 4507 ὑμᾶς.

528 4522 844 4590 ἀναϐέϐηκα
882 4520 1019 4590 πρὸς
1058 4519 1150 4571 τὸν
1186 4519 1406 4589 Πατέρα
1460 4537 1559 4589 μου
1581 4535 1594 4549 ·
1633 4517 1865 4589 πορεύου
1894 4518 1950 4571 δέ
1984 4518 2120 4588 πρὸς
2295 4523 2366 4575 22
2404 4523 2512 4575 Καὶ
2545 4523 2705 4576 τοῦτο
2743 4523 2932 4590 εἰπὼν,
2955 4527 3277 4598 ἐνεφύσησε,
3306 4529 3397 4582 καὶ
3425 4526 3560 4595 λέγει
3583 4520 3735 4577 domi;-

528 4607 654 4667 τοὺς
681 4602 940 4670 ἀδελφούς
968 4619 1090 4671 μου,
1130 4601 1223 4654 καὶ
1253 4601 1373 4653 εἰπὲ
1407 4603 1622 4664 αὐτοῖς·
1661 4600 1960 4654 Ἀναϐαίνω
1983 4600 2120 4670 πρὸς
2223 4607 2430 4661 Λάϐετε
2467 4605 2691 4677 Πνεῦμα
2725 4608 2898 4676 ἅγιον.

529 4689 620 4740 τὸν
653 4685 874 4768 Πατέρα
911 4699 1013 4752 μου
1040 4683 1133 4735 καὶ
1163 4683 1380 4753 Πατέρα
1415 4683 1592 4752 ὑμῶν,
1616 4683 1708 4735 καὶ
1736 4683 1867 4736 Θεόν
1901 4700 2003 4753 μου
2029 4684 2122 4736 καὶ
2294 4689 2365 4744 25
2407 4691 2506 4743 "Av
2553 4709 2712 4745 τινων
2757 4693 2930 4763 ἀφῆτε
2973 4695 3073 4759 τὰς
3101 4697 3393 4768 ἁμαρτίας,
3421 4694 3639 4765 ἀφίενται
3672 4682 3737 4738 a5-

529 4769 662 4823 θεὸν
692 4770 867 4838 ὑμῶν.
1147 4848 1154 4850 ξ
1325 4849 1328 4850 ν
1367 4849 1375 4850 7
1458 4848 1468 4850 Α
1520 4849 1529 4850 7
1909 4849 1929 4850 Π
2226 4775 2370 4836 τοῖς⁹
2404 4771 2468 4826 ἄν
2496 4791 2656 4826 τινων
2691 4776 2952 4847 κρατῆτε,
2984 4767 3368 4850 κεκράτηνται.

603 4851 670 4906 l8
712 4852 970 4923 Ἔρχεται
1004 4848 1196 4921 Μαρία
1247 4851 1280 4919 ἡ
1320 4848 1653 4920 Μαγδαληνὴ
1701 4849 2122 4928 ἀπαγγέλλουσα
2295 4856 2367 4910 24
2403 4857 2606 4928 Θωμᾶς
2638 4858 2716 4922 δὲ,
2749 4856 2831 4920 εἷς
2857 4861 2924 4913 ἐκ
2955 4861 3066 4914 τῶν
3091 4847 3320 4925 δώδέκα,
3351 4864 3379 4915 ό
3410 4859 3662 4928 λεγόμενος
3679 4847 3734 4900 Δῖ·

450 4946 469 4952 -
529 4937 643 4998 τοῖς
671 4933 941 5005 μαθηταῖς
966 4933 1050 4987 ὅτι
1077 4930 1291 5003 ἑώρακε
1319 4930 1411 4985 τὸν
1448 4931 1676 4999 Κύριον,
1707 4933 1802 4985 καὶ
1832 4931 2009 4984 ταῦτα
2047 4927 2125 4984 εἷ·
2227 4940 2414 5011 δυμος,
2451 4927 2550 4994 ούκ
2576 4937 2642 5012 ἦν
2681 4943 2796 5012 μετ’
2833 4944 3012 4999 αὐτῶν
3045 4946 3133 4998 ὅτε
3166 4942 3328 5016 ἦλθεν
3358 4945 3386 4997 ὁ
3421 4927 3623 5012 Ἰησοῦς.

476 5064 482 5073 .
532 5033 633 5069 πεν
659 5016 819 5087 αὐτῇ.
968 5094 995 5098 μ
1439 5097 1446 5098 7
1662 5097 1669 5098 ί
2298 5023 2370 5076 25
2413 5023 2637 5092 Ἔλεγον
2667 5021 2758 5078 οὖν
2793 5026 2942 5097 αὐτῷ
2971 5028 3021 5080 οἱ
3047 5028 3195 5082 ἄλλοι
3232 5026 3464 5098 μαθηταί
3485 5041 3497 5054 ·
3530 5017 3740 5098 Ἑωράκέ

478 5094 1540 5208 l’__13£"’3“‘_._‘16"_fi’.‘§313.7553?
1553 5097 2126 5208 ῗῗῗῗῗῖῖὲ..τέ.³ἰξᾷιῖ⁴ῗῖ
2232 5123 2332 5204 μεΥ
2363 5106 2455 5159 τὸν
2496 5106 2791 5208 θύριΡνοζο
2820 5108 2875 5208 Ῠὲ
2905 5094 3060 5205 έῖπεν
3093 5094 3307 5206 αδξοέίξ
3350 5094 3468 5162 Ἐάν
3495 5101 3680 5208 Filia”
3702 5096 3740 5208 f".

473 5177 514 5250 ξ
536 5181 842 5264 σαϐϐάτων,
877 5183 973 5236 καὶ
1017 5183 1126 5236 τῶν
1156 5181 1334 5253 θυρῶν
1364 5179 1785 5251 κεκλεισμένων,
1817 5183 1950 5235 ὅπου
1986 5177 2126 5253 ἦσαν
2229 5190 2349 5251 ταῖς
2375 5190 2560 5261 χερσὶν
2581 5177 2752 5244 αὐτοῦ
2787 5191 2878 5246 τὸν
2903 5193 3074 5247 τύπον
3110 5193 3219 5247 τῶν
3244 5193 3405 5264 ἥλων,
3428 5191 3515 5244 καὶ
3541 5183 3662 5256 βάλω
3679 5177 3742 5228 τὸν

533 5265 580 5345 οἱ
617 5263 860 5335 μαθηταὶ
886 5265 1214 5335 συνηγμένοι
1248 5263 1334 5316 διὰ
1359 5263 1450 5315 τὸν
1479 5263 1642 5330 φόϐον
1683 5264 1792 5318 τῶν
1831 5265 2125 5328 Ἰουδαίων,
2229 5258 2494 5324 δάκτυλόν
2531 5289 2634 5342 μου
2671 5274 2752 5337 εἰς
2783 5274 2874 5328 τὸν
2928 5275 3100 5328 τύπον
3154 5258 3276 5328 τῶν.
3311 5274 3484 5345 ἥλων,
3517 5268 3598 5322 καὶ
3637 5258 3742 5332 βάλω

533 5343 698 5418 ἦλθεν
725 5348 753 5398 ὁ
790 5347 1018 5418 Ἰησοῦς,
1052 5347 1144 5399 καὶ
1177 5347 1306 5418 ἔστη
1334 5347 1414 5410 είς
1436 5346 1496 5398 τὸ
1531 5347 1713 5417 μέσον,
1741 5348 1836 5401 καὶ
1863 5347 2010 5416 λέγει
2035 5349 2129 5401 αὑ·-
2229 5354 2328 5425 τὴν
2373 5355 2532 5426 χεῖρά
2568 5373 2668 5426 μου
2700 5358 2780 5419 εἰς
2809 5357 2907 5427 τὴν
2947 5358 3187 5428 πλευρὰν
3236 5343 3425 5424 αὑτοῦ,
3464 5353 3520 5406 οὐ
3572 5347 3634 5420 μή
3677 5357 3743 5392 πι-

536 5433 650 5494 τοῖς
669 5449 679 5460 ·
711 5431 917 5501 Εἰρήνη
956 5431 1105 5500 ὑμῖν.

891 5448 917 5501 η
956 5431 1105 5500 ὑμῖν.
2235 5437 2463 5494 στεύσω.

605 5513 678 5566 20
715 5514 825 5566 Kal
858 5512 1014 5566 τοῦτο
1048 5512 1238 5576 εἰπὼν,
1266 5512 1466 5579 ἔδειξεν
1492 5514 1675 5595 αὐτοῖς
1698 5515 1796 5578 τὰς
1821 5519 2011 5588 χεῖρας
2037 5518 2130 5570 καὶ
2239 5533 2242 5540 ·
2303 5520 2375 5576 26
2412 5522 2523 5574 Kal
2557 5522 2677 5593 μεθ’
2701 5523 2915 5594 ἡμέρας
2949 5523 3093 5578 ὀκτὼ
3128 5524 3287 5580 πάλιν
3311 5519 3443 5595 ἦσαν
3478 5517 3573 5571 ἔσω
3607 5512 3645 5595 οξ
3667 5523 3743 5595 ξα-

537 5594 636 5678 τῂν
666 5595 906 5668 πλευρὰν
937 5596 1123 5651 αὑτοῦ·
1162 5596 1437 5667 ἐχάρησαν
1467 5591 1560 5649 οὖν
1591 5599 1639 5650 οἱ
1667 5598 1907 5669 μαθηταὶ
1930 5599 2130 5664 ἰδόντες
2232 5596 2400 5672 θηταὶ
2432 5590 2616 5670 αὑτοῦ,
2657 5590 2754 5658 καί
2784 5590 2987 5678 Θωμᾶς
3019 5611 3138 5678 μετ’
3167 5590 3370 5663 αὐτῶν·
3403 5604 3595 5676 ἔρχεται
3616 5590 3743 5678 air,-

542 5675 638 5759 w",
666 5677 890 5759 Κύέιον·
943 5757 956 5759 μ
2237 5685 2364 5748 σοῦς
2390 5685 2498 5739 τῶν
2527 5686 2707 5758 θυρῶν
2729 5672 3151 5759 κεκλεισμένων,
3177 5692 3270 5745 καὶ
3291 5689 3413 5758 ἔστη
3434 5672 3511 5750 εἰς
3531 5679 3581 5732 τὸ
3602 5672 3739 5746 μέδονν

617 5758 681 5810 ει
723 5757 888 5814 Εἶπεν
909 5757 1001 5814 οὖν
1027 5763 1206 5824 αὐτοῖς
1227 5763 1254 5814 ὁ
1285 5762 1491 5832 Ἰησοῦς
1514 5763 1705 5817 πάλιν·
1736 5766 1942 5836 Εἰρήνη
1967 5767 2093 5836 ὑμῖν
2114 5784 2127 5798 '
2154 5775 2156 5777 ’
2239 5769 2330 5824 καὶ
2362 5766 2514 5822 εέπεν
2533 5788 2546 5803 ο
2576 5757 2785 5844 Εἰρήνη
2816 5757 2964 5845 ύμῖνξ
