3802 6154
291 183 365 240 23
1474 179 1529 236 S.
1572 177 1939 237 AUGUSTINI
1981 176 2284 235 EPISCOPI
3504 179 3588 236 35

371 304 556 358 Anno
586 296 738 360 MS.
772 297 1157 357 universalis
1195 293 1445 354 concilii
1479 293 2005 373 Carlhaginensis
2037 290 2390 373 Patresdie
2425 291 2634 368 prima
2670 291 2820 353 maii
2860 308 3027 353 nova
3065 290 3318 354 decreta
3349 293 3586 354 condi-

287 378 438 438 dere
468 377 544 438 ad
581 377 1081 455 exstinguendas
1113 374 1634 455 obstinatissima:
1663 371 1848 434 sectae
1881 372 2211 455 reliquias.
2255 371 2470 431 Mense
2502 389 2654 455 vero
2685 373 3028 455 Septembri
3064 373 3358 455 proximo
3381 417 3394 440 ,
3428 391 3580 455 cum

287 458 686 535 Augustinus
715 450 882 534 apud
918 457 1154 516 Juliam
1183 453 1552 535 Caesaream
1575 459 1964 535 versaretur,
1994 451 2313 535 Emeritus
2341 467 2514 535 mgre
2533 450 2874 535 admodum
2903 470 2937 512 e
2971 451 3241 535 latebris
3263 454 3396 535 suis
3424 453 3581 512 edu-

287 529 428 597 ctus
460 543 555 596 est
587 536 664 596 ad
699 529 1044 595 in'eundam
1076 551 1220 594 cum
1257 538 1480 593 sancto
1521 532 1789 591 Doctore
1828 531 2324 608 disputationem
2361 549 2374 586 :
2409 529 2517 590 sed
2549 529 2687 608 ejus
2721 531 3060 608 praesentia
3094 531 3179 591 ita
3207 530 3579 592 debilitatus

285 620 350 676 et
378 615 613 675 fractus
648 615 862 674 animo
892 623 1009 685 est,
1042 622 1113 673 ut
1145 631 1224 672 ne
1256 612 1487 670 mutire
1525 611 1780 686 quidem
1818 618 1931 669 aut
1963 611 2209 670 hiscere
2241 626 2440 669 ausus
2479 608 2690 669 fuerit.
2728 611 3076 687 Aliquanto
3112 617 3260 670 ante
3295 611 3580 671 ediderat

284 695 689 772 Augustinus
724 694 980 765 librum,
1014 694 1115 753 cui
1145 691 1394 757 titulus,
1426 713 1463 772 «_
1488 689 1578 772 Ad
1608 689 1956 772 Emeritam
1990 688 2470 772 Donatistarum
2498 688 2870 772 episcopum
2902 697 3042 772 post
3073 687 3516 772 Collationem,
3548 713 3578 745 ι)

284 768 424 850 quo
450 791 550 833 res
583 773 816 850 quibus
850 773 937 850 illi
971 773 1340 842 vincuntur,
1371 769 1470 830 vel
1500 768 1646 830 victi
1675 787 1816 830 esse
1845 775 2312 840 monstrantur,
2347 768 2623 828 breviter
2648 769 3239 846 eomplectebantur
3267 768 3432 848 (Id.,
3463 772 3582 830 Re-

288 849 473 911 tract.
508 849 618 912 lib.
649 853 707 923 2,
738 849 1031 923 capfltti).

367 853 1231 992 gitrcliltgrincrilgmhggomdem
1261 927 1378 989 1ι18
1416 933 1529 988 aut
1563 926 1681 988 M9
1719 927 1974 988 habitus
2005 931 2101 988 est
2139 927 2624 988 Donatistarum
2654 932 3010 988 conventus
3033 972 3049 996 ,
3087 928 3189 989 cui
3224 928 3580 990 Petilianus

284 1027 430 1070 cum
458 1009 600 1070 aliis
632 1011 774 1086 plus
800 1027 994 1088 quam
1027 1011 1287 1088 triginta
1314 1008 1634 1088 episcopis
1667 1007 1954 1067 interfuit
1979 1027 1992 1066 :
2021 1024 2058 1067 a
2083 1006 2320 1084 quibus
2351 1006 2412 1088 id
2437 1011 2772 1088 statutum,
2801 1012 2871 1066 ut
2894 1007 3006 1084 qui
3033 1006 3378 1088 catholicis
3408 1025 3581 1069 com-

282 1084 1304 1168 municavcrunt,'episc0porum
1339 1084 1436 1168 vel
1483 1090 2041 1168 presbyterorum,
2078 1084 2843 1168 tantum_si_sacrit_i_cium
2883 1102 3010 1168 non
3043 1086 3396 1168 obtulerint
3416 1094 3582 1168 ,_aut

282 1168 351 1226 in
379 1169 618 1246 p0pulo
648 1186 775 1228 non
809 1164 1245 1239 tractaverint,
1275 1167 1355 1228 ad
1385 1167 1636 1227 veniam
1665 1164 2050 1244 pertineant,
2079 1170 2142 1225 et
2167 1165 2230 1223 in
2260 1165 2394 1225 suis
2424 1164 2780 1225 honoribus
2805 1165 3206 1243 recipiantur
3227 1165 3381 1244 (Id.,
3411 1165 3581 1227 Con.-

283 1253 388 1327 ιω
414 1247 852 1316 Gaudentium,
885 1268 1019 1327 cap.
1047 1248 1174 1326 37).

364 1326 617 1388 Interea
645 1323 968 1388 Dulcitius'
994 1323 1336 1388 exsecutor
1365 1325 1792 1403 imperialium
1820 1323 2186 1402 jussionum
2217 1328 2440 1404 contra
2476 1323 2882 1404 Donatistas,
2937 1323 3365 1385 Gaudentium
3396 1324 3579 1404 ejus-

285 1404 429 1465 dem
458 1413 644 1467 sectte
671 1410 1036 1484 episc0pum
1071 1406 1298 1467 litteris
1332 1405 1624 1465 hortatus
1651 1410 1748 1466 cst
1772 1405 1850 1465 ad
1874 1405 2221 1484 unitatem,
2241 1403 2616 1484 dissuadens
2651 1403 3212 1484 incendium,iquoi
3230 1422 3298 1463 se
3317 1421 3402 1484 Aac
3421 1403 3578 1467 suos

283 1500 432 1545 cum
463 1485 601 1562 ipsa
634 1482 858 1563 ili—qua
887 1482 1028 1547 erat
1051 1486 1320 1548 ecclesia
1347 1503 1727 1545 consumere
1761 1483 2152 1544 minabatur.
2182 1482 2579 1544 Gaudentius
2617 1483 2944 1562 respondit
2986 1483 3064 1545 ad
3095 1482 3352 1563 Dulcitii
3402 1484 3580 1546 litte-t

284 1576 394 1624 ras
430 1584 445 1622 :
479 1561 661 1643 cujus
696 1561 924 1644 rogatu
957 1565 1356 1645 Augustinus
1388 1564 1594 1626 cidem
1625 1563 1988 1625 Gaudentio
2019 1563 2307 1641 reposuit
2339 1563 2507 1624 edito
2535 1561 2740 1637 libro,
2760 1562 2864 1625 cui
2894 1563 3094 1624 alium
3123 1562 3203 1624 ad
3235 1561 3576 1624 Gaudentii

281 1645 776 1707 responsionem
806 1645 1055 1707 adiecit.

425 1665 776 1704 »οηειοηειη
848 1665 881 1703 a
916 1665 1055 1706 ecu.

425 1740 478 1783 ae
506 1728 658 1783 sunt
704 1665 1042 1801 posairemte
1083 1724 1286 1785 sancti
1335 1723 1629 1784 Doctoris
1677 1722 2162 1784 lucubrationes
2204 1721 2269 1781 in
2313 1721 2710 1791 Donatistas,
2742 1739 3025 1800 quorum
3070 1739 3382 1784 numerus
3427 1740 3578 1784 cum

281 1800 579 1862 deﬁceret
609 1803 671 1862 in
702 1800 858 1873 dies,
892 1805 1383 1865 invictissimum
1409 1802 1786 1879 scriptorem
1806 1801 2403 1878 tandemquie'scere
2435 1801 2603 1861 sivit.
2639 1802 2764 1863 Nec
2792 1809 3005 1862 tamen
3031 1801 3126 1863 sic
3153 1809 3286 1862 tum
3315 1803 3578 1863 exstin-

284 1885 385 1942 cta
422 1879 540 1941 fuit
571 1883 1092 1959 pestilentissima
1123 1889 1320 1953 secta,
1349 1887 1422 1942 ut
1450 1881 1589 1960 ejus
1627 1881 1918 1958 reliquiae
1957 1881 2146 1959 longe
2181 1886 2324 1957 post
2357 1881 2695 1958 Augustini
2727 1887 3014 1959 tempora
3054 1897 3181 1941 non
3225 1880 3579 1960 superfue-

282 1960 438 2041 rint,
472 1962 580 2021 sed
614 1962 809 2022 veluti
841 1962 1206 2041 languentis
1233 1959 1523 2039 corporis
1551 1966 1614 2022 et
1643 1960 1722 2022 ad
1759 1960 2080 2021 excidium
2113 1962 2518 2038 properantis
2546 1960 2991 2032 simulacrum,
3019 1967 3133 2022 aut
3161 1961 3329 2022 sicut
3359 1959 3580 2024 favilla

279 2036 581 2120 fumusve
613 2059 694 2101 ex
720 2036 1255 2120 ingenti'relictus
1281 2036 1601 2100 incendio.
1734 2119 1741 2120 ί
1775 2083 1780 2086 -

361 2117 676 2179 Caeterum
703 2121 781 2181 ad
797 2117 1058 2180 'calccm
1089 2121 1319 2178 horum
1353 2136 1622 2196 Operum
1653 2119 1994 2197 rejecimus
2027 2135 2391 2180 sermonem
2423 2119 2534 2196 qui
2562 2117 2794 2179 dubius
2829 2120 3012 2179 nobis
3061 2119 3238 2180 visus
3279 2124 3397 2191 est,
3439 2121 3582 2181 Au-

283 2199 548 2275 gustino
599 2199 1015 2276 adscriptum,
1071 2222 1098 2255 «
1141 2198 1217 2258 de
1270 2198 1642 2258 llustiriano
1683 2198 2080 2258 subdiacono
2113 2215 2152 2258 a
2190 2198 2538 2258 Donatistis
2586 2200 2984 2276 rebaptizato
3020 2204 3083 2258 ct
3125 2199 3190 2259 in
3228 2198 3579 2260 diaconum

279 2276 604 2338 ordinato.
641 2298 669 2331 »
707 2279 872 2339 Huic
904 2279 1186 2338 sermoni
1225 2278 1618 2356 subjecimus
1658 2277 1928 2338 iudicem
1973 2295 2244 2354 operum
2281 2279 2482 2337 sancti
2525 2278 2815 2338 Doctoris
2843 2284 3070 2341 contra
3102 2278 3476 2340 Donatistas
3510 2280 3577 2340 in

279 2356 790 2435 praecedentibus
821 2358 1014 2417 tomis
1047 2359 1322 2434 sparsim
1347 2357 1688 2426 editorum,
1719 2373 1848 2416 una
1881 2373 2025 2416 cum
2061 2356 2226 2416 serie
2258 2365 2320 2416 et
2363 2357 2761 2435 argumentis
2793 2358 3219 2435 epistolarum
3260 2376 3405 2435 quae
3451 2375 3581 2420 ea-

279 2434 424 2516 dem
460 2437 810 2516 occasione
857 2443 1110 2514 scrtptze
1155 2442 1326 2496 sunt.
1360 2437 1555 2496 Nobis
1587 2437 1779 2516 etiam
1812 2452 2026 2516 aperte
2057 2436 2332 2516 pretium
2369 2434 2575 2496 visum
2620 2444 2714 2516 est
2747 2437 2810 2496 in
2841 2434 3211 2514 Appendice
3240 2434 3384 2514 post
3412 2454 3579 2516 sup-

276 2513 636 2594 posititium
681 2517 916 2576 librum
964 2513 1188 2576 contra
1233 2515 1643 2594 Fulgentium
1688 2514 2101 2594 donatistam,
2148 2515 2336 2575 edere
2372 2516 2548 2574 varia
2593 2515 2833 2592 scripta
2863 2513 2925 2577 et
2948 2513 3398 2588 monumenta,
3429 2513 3578 2594 qua

276 2593 360 2654 ad
400 2594 886 2674 Donatistarum
931 2595 1265 2655 historiam
1311 2593 1655 2674 pertinent,
1708 2593 2023 2674 nonnulla
2069 2595 2328 2671 quidem
2359 2594 2634 2673 integra,
2667 2594 2946 2656 aliorum
2975 2613 3129 2656 vero
3176 2593 3572 2674 fragmenta;

278 2672 604 2750 principue
633 2693 785 2734 vero
815 2692 898 2734 ex
938 2674 1296 2735 Collatione
1335 2673 1854 2751 Carthaginensi,
1899 2673 2248 2733 Exordium
2280 2672 2599 2751 cujusque
2643 2674 2940 2740 actionis,
2993 2672 3385 2751 Praeceptum
3437 2676 3576 2736 lm-

279 2719 600 2827 ὕει-διξάς,
644 2753 721 2813 de
769 2753 1065 2814 habenda
1108 2753 1489 2824 Collatione,
1521 2719 1809 2812 Edictum
1839 2719 2206 2812 ,Marcellini
2247 2719 2524 2830 primum
2561 2769 2637 2814 ac
2666 2719 3044 2832 secundum,
3084 2719 3414 2816 Nolgriam
3450 2756 3576 2815 Do-

277 2833 664 2911 natistarum
695 2832 901 2893 edicto
937 2832 1488 2910 respondentium,
1522 2831 1895 2892 Mandatum
1921 2831 2398 2893 Catholicorum
2425 2849 2557 2909 quo
2585 2831 2722 2911 tota
2745 2851 2939 2904 causa
2963 2834 3428 2911 comprehensa
3452 2840 3571 2907 est,

276 2909 608 2970 Notoriam
657 2909 1142 2972 Donatistarum
1193 2913 1504 2980 alteram,
1551 2911 2033 2971 Denatistarum
2087 2912 2330 2972 litteras
2374 2918 2600 2973 contra
2645 2909 3127 2973 Catholicorum
3174 2912 3572 2988 Mandatum,

277 2987 534 3070 tandem
561 2989 958 3070 Sententiam
980 2991 1250 3069 judicis;
1301 2990 1808 3070 haudquaquam
1841 2991 1916 3051 iis
1948 2991 2202 3051 omissis
2229 3009 2377 3068 qua;
2400 2993 2483 3052 ab
2507 2991 2867 3070 Augustino
2888 2992 2953 3052 in
2981 2991 3204 3053 eadem
3227 2987 3575 3055 collatione

277 3066 447 3150 dicta
483 3074 657 3150 sunt.
707 3069 915 3147 Hujus
963 3066 1136 3150 enim
1176 3069 1538 3150 collationis
1573 3066 1725 3150 felix
1762 3087 1837 3130 ac
1864 3070 2186 3150 secundus
2219 3066 2557 3131 successus
2593 3066 2933 3150 Augustini
2975 3072 3256 3150 maxime
3295 3072 3472 3134 curis
3515 3077 3577 3133 et

279 3146 616 3230 industriae
648 3146 950 3226 acceptus
983 3149 1356 3230 referendus
1389 3156 1509 3230 est,
1543 3172 1570 3204 ‹‹
1601 3149 1911 3230 Quisquis
1944 3167 2122 3230 ergo,
2151 3173 2178 3230 »ξ
2209 3149 2420 3230 inquit
2443 3146 2795 3230 Possidius,
2823 3151 2935 3228 qui
2967 3159 3027 3211 et
3059 3152 3199 3229 ipse
3228 3149 3575 3213 Collationi

274 3225 586 3308 interluit,
622 3245 791 3287 unus
811 3225 910 3288 ex
936 3235 1179 3304 septem
1204 3228 1624 3308 episcopisiad
1655 3225 2110 3303 disputandum
2143 3225 2519 3308 designatis,
2554 3253 2582 3286 ‹‹
2608 3225 3002 3308 diligentiam
3032 3225 3104 3291 et
3132 3247 3399 3308 operam
3427 3232 3576 3293 bea-

279 3305 601 3396 «jtissimze
628 3308 954 3368 memorim
984 3307 1326 3396 Anugustini
1369 3323 1485 3384 pro
1517 3307 1817 3396 Ecclesiae
1851 3309 1963 3369 Dei
2001 3313 2172 3369 statu
2204 3305 2598 3396 cognoscere
2627 3305 2878 3396 plenius
2901 3305 3203 3396 voluerit,
3237 3311 3576 3396 etiam‘illa

279 3387 681 3466 (percurrat
710 3392 912 3464 gesta.
944 3410 972 3441 »
1004 3387 1254 3464 Quippe
1285 3393 1540 3466 «totum
1575 3387 1728 3447 illud
1763 3389 2004 3448 bonum
2043 3407 2159 3466 per
2199 3395 2491 3450 sanctum
2533 3389 2715 3449 illum
2761 3388 3084 3450 hominem
3107 3435 3124 3462 ,
3164 3392 3576 3450 consentien-

277 3465 513 3551 ttibus
548 3467 782 3551 nostris
801 3467 1133 3551 episcopis
1162 3465 1494 3551 etpariter
1522 3467 1966 3546 satagentibus
1992 3512 2010 3542 ,
2048 3465 2110 3528 et
2134 3474 2412 3546 emptum
2440 3475 2504 3529 et
2531 3468 2883 3547 perfectum
2917 3474 3016 3531 est
3036 3492 3067 3526 ι
3097 3466 3478 3551 (Possidius,
3509 3469 3577 3531 in

293 3542 438 3603 Vita
467 3545 834 3622 Augustini.
855 3542 1051 3625 capp.
1075 3545 1175 3616 ιιι,
1215 3542 1341 3624 13).

1243 3643 1309 3697 IN
1349 3643 1670 3699 PSALMUM
1710 3641 1984 3700 CONTRA
2026 3645 2307 3701 PARTEM
2349 3647 2624 3710 DONATI,

364 3733 656 3819 ῐζίἀε-ζίὺ.
698 3736 756 3805 1,
793 3753 928 3819 cap.
966 3733 1071 3819 20,
1115 3735 1693 3819 Retractationum,
1739 3742 1884 3819 tarn.
1929 3737 1989 3807 1,
2022 3736 2154 3819 _col.
2188 3737 2330 3819 617,
2370 3736 2666 3819 acerbis,
2711 3738 2952 3800 Volens
2993 3739 3210 3811 etiam,
3254 3757 3448 3819 usque
3495 3741 3576 3803 ad

272 3813 479 3899 verba,
499 3812 950 3899 _I{ypopsalrtta
984 3818 1102 3885 est,
1127 3812 1236 3899 τιφί
1263 3814 1546 3892 loquitur
1581 3815 1968 3899 Augustinus
1998 3816 2069 3876 de
2097 3817 2363 3899 quodam
2385 3816 2707 3899 APrommio
2731 3835 2983 3899 causae,
3031 3819 3199 3899 quod
3247 3812 3396 3899 PP.
3427 3821 3531 3899 Bc

273 3892 510 3953 nedicti
534 3891 752 3952 dicunt
782 3892 855 3954 ab
885 3891 1353 3973 Itypopsalmaté
1381 3911 1502 3952 esse
1527 3893 1713 3972 plane
1741 3894 2073 3963 diversum,
2105 3891 2161 3955 el
2182 3896 2348 3976 quod
2376 3896 2674 3957 hactenus
2705 3891 3117 3958 desideratur.
3380 3898 3472 3960 M.

294 4045 454 4053 —-.._
461 4044 2474 4058 *Μ

281 4048 3568 4099 Μ

495 4086 902 4095 -Ψα--ῌ-*υ

897 4180 1039 4295 S.
1129 4182 1893 4296 AURELII
1951 4183 2958 4298 AUGUSTI!!!

1476 4375 1996 4438 HIPPONENSIS
2029 4375 2372 4438 EPISCOPI

422 4557 1132 4664 PSALMUS
1219 4555 1852 4661 CONTRA
1926 4553 2561 4660 PARTEM
2632 4555 3220 4660 DONATI
3279 4555 3356 4630 (α)
3403 4625 3444 4664 .
3521 4490 3537 4592 ’ί

1639 4776 1948 4831 ἀθ-ἓΜο
1955 4775 2221 4831 βαΰ-οὐθ’

273 4915 474 4971 Omnes
520 4915 610 4984 qui
661 4912 902 4985 gaudetis
949 4912 1018 4969 de
1063 4925 1228 4983 pace,
1278 4907 1440 4965 modo
1485 4922 1674 4963 verum
1717 4906 1865 4977 judi-
1981 4903 2317 4961 Abundantia
2346 4913 2683 4973 peccatorum
2712 4904 2850 4961 solet
2877 4905 3068 4962 fratres
3093 4908 3462 4966 conturbare:

351 5016 490 5062 eam.
1984 4997 2210 5069 Propter
2232 4998 2330 5052 hoc
2355 4996 2607 5052 Dominus
2632 5009 2816 5054 uoster
2843 5000 3009 5055 voluit
3031 5017 3130 5056 nos
3154 5018 3510 5072 prastnouere,

1466 5148 1752 5190 Αωιοςιτιο
1793 5149 1874 5188 PP.
1916 5147 2396 5189 DENEDICTINOBUI.

338 5257 553 5308 Psalmus
578 5256 902 5305 Ahccedarins
923 5259 1088 5314 contra
1114 5258 1301 5314 partem
1323 5249 1489 5314 Donati
1511 5247 1794 5314 recognitus
1810 5254 1890 5314 est
1908 5245 2077 5314 denuo
2102 5245 2160 5295 ad
2184 5248 2482 5314 antiquiores
2501 5244 2957 5314 editiones_.loannis
2983 5250 3298 5314 Amerhachii.
3327 5253 3566 5306 Desidet":

279 5328 456 5371 Erasini
484 5308 1319 5375 actovauiensiumtheologorum,
1350 5321 1401 5362 et
1419 5311 1480 5361 ad
1524 5308 1768 5360 variantes
1809 5309 2050 5364 lectiones
2096 5308 2320 5358 veterum
2363 5308 2580 5358 codicum
2630 5308 2932 5370 Belgieorum
2975 5312 3348 5363 umbronensis
3379 5327 3437 5365 ac
3481 5323 3567 5365 En-

277 5382 541 5433 dovicnsis.

347 5460 860 5542 Comparavimus
882 5466 1179 5540 prwterea
1205 5474 1304 5517 eas
1336 5474 1542 5516 omnes
1568 5453 1869 5515 editiones
1903 5452 2091 5514 initio
2117 5454 2290 5516 Retr.
2313 5466 2368 5517 et
2388 5455 2703 5534 Confess.,
2729 5461 2775 5515 t.
2807 5456 2865 5528 1,
2892 5467 3280 5520 memoratas.
3369 5459 3456 5522 M.

362 5586 414 5649 α)
437 5585 648 5650 Scriptus
664 5584 854 5650 circiter
871 5579 1147 5650 linentanni
1171 5577 1464 5650 christimii,
1500 5576 1886 5650 quandoquidem
1923 5576 2444 5650 iunctractationibus
2496 5581 2689 5643 ponitur
2733 5579 2949 5630 secundo
2988 5581 3092 5631 loco
3135 5589 3245 5646 post
3281 5582 3454 5634 librum
3499 5582 3564 5635 de

279 5639 409 5699 Flde'
438 5653 492 5697 et
511 5639 729 5709 s'ymbolo
763 5646 813 5694 in
835 5644 1125 5708 ttipponensi
1147 5639 1351 5692 concilio
1385 5639 1606 5702 ejusdem
1630 5639 1741 5690 anni
1764 5639 2096 5702 compositum.
2497 5639 2510 5643 '
2841 5673 2847 5679 .
2876 5669 2883 5672 -
3005 5699 3018 5709 _
3137 5639 3170 5666 ἠ
3351 5671 3380 5680 ..
