3764 6144
16 245 318 410 {comparans
336 325 572 383 regnum
608 307 867 364 cmlorum
895 300 1116 358 reticulo
1143 300 1308 354 misso
1335 297 1387 353 iit
1419 311 1587 357 mare,

16 390 349 476 f'Cougrcganti
381 407 397 434 ⁸
445 401 653 456 multos
695 399 898 468 pisces,
930 408 1088 447 onme
1131 405 1321 462 genus,
1372 390 1495 444 hinc
1537 397 1591 451 et

16 483 20 506 ⁷
95 499 211 551 inde.

48 592 153 659 Quos
175 601 287 642 cum
317 583 615 639 traxissent
654 577 723 633 ad
751 576 923 642 littus,
946 582 1073 628 tunc
1113 578 1391 641 coeperunt
1429 582 1588 637 sepa-

97 694 191 734 rare
215 696 226 731 ἒ

49 773 183 830 Βίιηος
205 770 253 824 in
282 782 411 822 rasa
437 766 736 825 miserunt;
765 758 995 829 reliquos
1025 755 1212 814 malos.
1247 753 1299 808 in
1331 767 1498 806 mare.

48 861 245 930 Quisquis
290 858 444 913 novit
487 857 511 888 ³
552 851 935 924 Evangeliom,
979 854 1323 916 recOgooscat
1368 857 1490 897 cont
1520 841 1590 894 ti-

96 966 237 1008 more.
1272 925 1276 930 ’

49 1041 451 1098 Vidi-treticnlnm
473 1035 769 1094 Ecclesium
793 1076 809 1099 ,
833 1031 975 1086 videt
1011 1033 1110 1082 hoc
1127 1031 1377 1081 saeculum
1420 1040 1588 1080 mare.

49 1139 188 1194 Genus
216 1146 390 1189 autem
423 1132 648 1186 mixtum
689 1127 878 1199 piscis,
917 1124 1096 1194 justus
1121 1132 1203 1176 est
1237 1134 1358 1174 cum
1400 1133 1589 1189 pecca-

99 1243 211 1284 IOI'O.

49 1323 195 1378 Surculi
221 1320 337 1374 linis
357 1327 439 1376 est
461 1317 612 1371 littus
643 1332 656 1368 :
686 1322 810 1368 tunc
836 1319 919 1366 est
950 1319 1163 1377 tempus
1195 1319 1468 1376 separare.

51 1412 229 1482 Quando
257 1411 392 1466 retia
425 1418 717 1478 rttperttnt,
749 1405 972 1458 tttnlttnn
1002 1399 1303 1453 dilexerunt
1329 1409 1494 1450 mare.

51 1507 155 1560 \‘a-a
181 1515 292 1559 sunt
317 1502 484 1558 sedes
502 1510 828 1558 sanctorum,
851 1509 957 1566 quo
978 1508 1084 1548 non
1118 1487 1382 1560 possunt‘
1400 1501 1593 1557 perre-

99 1600 196 1653 nire
214 1595 424 1668 (Matth.
449 1608 564 1657 snt,
587 1592 653 1646 47
688 1590 802 1656 50).

50 1693 210 1746 Omnes
232 1689 316 1760 qui
341 1687 588 1760 gaudetis
613 1684 683 1741 de
703 1698 849 1754 pace,
881 1678 1042 1735 modo
1061 1692 1246 1734 verum
1263 1675 1520 1746 judicate.

55 1834 197 1888 Bonus
218 1829 428 1885 auditor
454 1828 681 1882 fortasse
705 1822 918 1894 qumrit,
947 1819 1046 1888 Qui
1076 1825 1335 1888 ruperunt
1355 1814 1507 1871 rete?

53 1925 266 1981 iiuutiues
287 1923 515 1977 multum
551 1917 800 1988 superbi,
831 1914 921 1984 qui
959 1913 1133 1982 justos
1161 1925 1220 1966 se
1245 1908 1429 1963 dicttut
1452 1920 1595 1962 esse.

56 2018 122 2072 Sic
147 2017 366 2071 leccnmt
391 2014 702 2072 scissuram,
727 2016 782 2062 et
801 2005 970 2059 altare
997 2009 1183 2057 contra
1206 1999 1398 2054 altare.

60 2109 237 2164 Diabolo
259 2121 319 2162 se
346 2103 704 2162 tradiderunt,
735 2114 856 2151 cum
885 2101 1120 2166 pugnant
1139 2091 1208 2146 de
1235 2087 1537 2151 traditione,

62 2201 110 2256 Et
130 2201 307 2255 crimen
337 2194 485 2268 quod
528 2191 943 2251 commiserunt,
967 2185 1019 2239 itt
1050 2183 1182 2238 alios
1205 2179 1389 2235 volunt
1423 2187 1599 2232 trans-

110 2294 226 2348 ferre
250 2309 266 2345 ι

58 2385 136 2452 Ipsi
159 2382 474 2439 tradidi-root
499 2377 708 2441 Libros,
734 2381 791 2428 et
813 2385 911 2426 nos
930 2366 1127 2424 audent
1144 2376 1419 2426 accusare,

58 2476 110 2533 Ut
143 2477 276 2546 pt-jus
297 2470 637 2530 committant
680 2465 888 2529 scelus,
928 2475 1090 2532 quam
1126 2453 1508 2513 commiserunt
1547 2461 1604 2509 et

110 2579 230 2624 ante.

63 2659 181 2726 Quod
229 2663 440 2728 possent
496 2663 713 2708 causam
774 2645 1057 2703 Librorum
1105 2651 1364 2696 excusare
1407 2635 1478 2692 de
1528 2633 1602 2689 ti-

115 2769 262 2819 more,
470 2733 496 2761 ’⁸

64 2846 181 2914 Quod
221 2816 406 2899 ﬁetrus
436 2837 709 2894 Christum
751 2829 962 2902 negavit
998 2823 1112 2896 (Id.
1150 2837 1304 2888 nrt,
1341 2816 1454 2890 70),
1476 2816 1605 2874 dum

118 2945 386 2992 terreretur
412 2931 478 2986 dc
505 2935 678 2984 morte
709 2941 723 2977 :

66 3029 191 3084 ilodu
209 3044 310 3098 quo
330 3033 485 3098 pacto
509 3018 840 3076 excusabant
881 3012 1076 3069 factum
1105 3008 1274 3064 altare
1301 3012 1485 3061 contra
1521 3000 1606 3056 al-

121 3131 216 3176 tare.
229 3120 252 3160 τ
1490 3140 1492 3142 ,

71 3211 120 3267 Et
138 3225 248 3281 pace
275 3206 469 3265 Christi
495 3201 764 3260 conscissa
783 3212 932 3270 spem
958 3201 1162 3266 ponunt
1185 3192 1238 3246 in
1268 3187 1522 3244 homine?

69 3303 188 3375 Quod
213 3298 506 3376 persectuio
529 3297 549 3331 ³
578 3311 683 3352 non
714 3292 854 3355 fecit,
883 3288 980 3359 ipsi
1005 3287 1243 3342 fecerunt
1265 3285 1317 3337 in
1361 3295 1508 3350 pace.

70 3371 234 3452 (latntes
280 3397 366 3467 qui
405 3390 647 3465 gaudetis
701 3387 767 3443 de
798 3400 943 3456 pace,
971 3379 1130 3437 modo
1155 3371 1606 3446 tertmtjudicate.

70 3514 230 3570 Custos
255 3519 453 3575 noster,
479 3507 623 3562 Deus
650 3515 860 3571 magno,
891 3508 945 3553 tu
972 3511 1071 3551 nos
1090 3505 1242 3566 potes
1270 3492 1496 3545 liberare

73 3610 107 3663 Α
142 3599 604 3678 pseudopmpbetis
655 3597 798 3658 istis,
854 3591 946 3663 qui
998 3603 1098 3645 nos
1150 3590 1395 3656 quaerunt
1446 3580 1611 3634 devo-

125 3715 244 3756 rare.

75 3752 369 3848 itaieilictum
394 3801 492 3843 cor
518 3782 759 3853 lupinum
787 3780 1079 3844 contegunt
1096 3752 1252 3824 urina
1277 3765 1415 3837 pelle
1433 3764 1456 3796 '
1490 3780 1504 3818 :
1567 3787 1574 3794 -

75 3884 148 3951 Qui
175 3883 194 3916 ⁸
221 3887 472 3938 noverunt
498 3876 818 3943 Scriptoras,
847 3869 944 3923 hos
970 3865 1144 3920 solent
1173 3857 1578 3917 circumvenire.

76 3976 272 4029 Audiunt
295 3973 436 4028 cuitu
463 3968 774 4029 traditorcs,
799 3971 854 4019 et
880 3958 1122 4015 nesciunt
1143 3953 1282 4026 quod
1308 3963 1514 4022 gestum
1535 3955 1618 4004 est

340 4155 516 4212 dicant
534 4191 552 4219 ,
580 4125 808 4206 Probate
826 4185 842 4212 ,
871 4158 976 4198 non
1007 4140 1205 4195 habent
1239 4135 1366 4208 quid
1391 4149 1618 4206 rcSpon-

130 4251 262 4306 dere.

81 4343 178 4399 Suis
195 4359 248 4399 se
268 4342 446 4396 dicunt
469 4331 788 4392 credidisse:
816 4327 933 4382 dico
961 4339 1060 4394 ego
1081 4321 1332 4377 mentitos
1350 4331 1470 4374 esse
1495 4332 1511 4371 :

84 4433 190 4502 Quia
209 4445 256 4489 et
295 4449 388 4487 nos
411 4427 682 4485 credimus
729 4419 945 4484 nostris,
986 4415 1075 4487 qui
1117 4429 1212 4468 eos
1249 4411 1432 4466 dicunt
1459 4406 1624 4464 tradi-

35 4599 38 4602 ,
139 4526 284 4579 disse.
1221 4569 1226 4576 η
1353 4531 1355 4534 ί
1396 4556 1398 4558 ,

88 4614 162 4670 \‘is
186 4631 330 4670 nosse
356 4612 449 4685 qui
492 4608 670 4664 dicant
712 4599 942 4658 falsum?
969 4595 1069 4665 Qui
1108 4607 1214 4650 non
1255 4599 1377 4646 sunt
1419 4590 1474 4645 in
1505 4588 1625 4643 uni-

139 4719 251 4763 tale.

92 4799 208 4854 Olim
245 4802 344 4870 jam
381 4810 542 4854 causa
587 4790 732 4846 finita
779 4794 889 4849 est,
931 4781 1072 4854 quod
1110 4794 1204 4835 vos
1245 4793 1353 4833 non
1389 4773 1539 4830 statis
1573 4774 1626 4828 in

143 4913 276 4965 pare.

91 4988 256 5042 Omnes
276 4987 359 5057 qtti
385 4980 628 5055 gatnlelis
647 4975 713 5032 de
738 4987 866 5044 pace
881 5013 896 5038 ,
919 4967 1077 5023 modo
1103 4978 1283 5020 verum
1306 4960 1555 5031 judicatc.

142 5104 156 5132 ¹
191 5111 278 5149 Am.
301 5108 350 5150 et
387 5103 484 5153 Er.
506 5083 834 5154 rmtgrcqart't.
988 5139 1019 5154 υ

141 5165 160 5194 ι
188 5140 368 5211 uarii.
388 5140 848 5210 'Kt'L-ilitil'tniisquis
872 5140 1055 5211 recolit.
1157 5197 1187 5211 η

143 5225 162 5256 ³
272 5197 616 5282 Zfdu'Inig'Eil
638 5197 691 5260 et
705 5197 817 5258 mss.
839 5205 1047 5282 additur,
1070 5197 1203 5250 mali.

143 5285 162 5315 δ
191 5287 253 5333 sic
273 5271 370 5331 uss.
397 5279 512 5328 illiti
531 5283 724 5327 autem,
742 5271 1043 5333 persecutor:
1111 5321 1124 5333 _
1323 5319 1333 5330 _

144 5347 164 5378 ι
192 5317 971 5407 EST:.iFigllEEéiiiiog’atiquiq
1001 5325 1077 5398 hic
1094 5321 1274 5407 def-sse
1291 5317 1506 5407 διέξειῇνᾷ
1523 5321 1636 5407 τέξει

144 5353 164 5378 ³
196 5356 236 5407 Αι
252 5353 308 5392 [Id
330 5360 343 5406 ι
362 5353 432 5392 lct‘
481 5355 486 5360 “
526 5353 590 5385 “l3
615 5353 772 5382 cuttus
791 5353 968 5390 ‘dtttlutu
1001 5353 1077 5373 "Ib
1094 5353 1177 5371 um
1191 5353 1273 5370 ων
1298 5353 1470 5367 ..ν-ν...-
1486 5353 1499 5363 .
1525 5353 1636 5362 ..-.--

95 5417 258 5456 cetera:
273 5409 409 5464 hujus
430 5353 600 5464 mihi
615 5394 824 5464 strumae
846 5387 1101 5464 dotalecim
1123 5379 1506 5464 oon-timeto:an

97 5435 263 5518 ἱῑῖἶῖιῖἔ.
273 5435 1119 5518 JEEéiii'Qoiuiumouo,
1131 5454 1174 5516 ,Α
1182 5435 1274 5504 ptid
1302 5447 1371 5518 tr.
1397 5498 1405 5506 .
1416 5446 1465 5485 et
1481 5443 1501 5518 ¹1
1510 5435 1632 5504 .ugd.

97 5495 263 5518 “Cum
286 5495 441 5516 ιιίιῑιιυ
472 5495 586 5508 *μιν
609 5495 782 5505 υνν---υ
805 5495 957 5500 --ννηρ
1183 5495 1194 5504 .
1397 5498 1405 5506 .

97 5531 257 5577 additur
279 5543 291 5576 :
320 5533 506 5581 nonut:
522 5514 807 5581 justioﬁna
829 5509 964 5580 petis
981 5545 996 5567 ,
1039 5505 1246 5579 seltismu
1276 5509 1364 5581 est
1385 5495 1638 5581 tit

275 5563 742 5638 iduii'i'tiiii‘éiéuior;
767 5563 997 5623 nu'm’ertts
1018 5569 1277 5642 enimnon
1294 5563 1365 5611 sic
1385 5567 1637 5609 rectums-

141 5659 251 5701 etur.
312 5659 364 5700 Μ.

101 5653 364 5764 “eius:
377 5709 574 5762 videtur
594 5699 810 5757 negatio,
830 5708 938 5747 non.

16 157 89 262 με
1039 183 1350 242 essemus
1383 180 1659 239 CONTRA
1701 184 2284 244 PARTEM-DONATI.
3200 191 3272 249 ss

1704 297 1958 355 Dixerunt
1988 302 2216 367 maiores
2240 303 2429 368 nostri,
2454 311 2507 358 et
2529 302 2696 358 libros
2721 303 2958 360 fecerunt
2976 302 3132 370 inde,
3155 331 3163 336 -

1699 389 1797 457 Qni
1837 401 1958 446 tunc
1984 409 2195 448 causam
2229 405 2620 463 cognoverunt,
2651 394 2793 466 quod
2831 409 3017 453 recens
3057 403 3269 467 possent

1774 483 2016 551 probate.

1702 573 1824 626 Erat
1851 584 1868 626 t
1892 575 2102 643 quidam
2131 575 2410 630 traditorcs
2434 576 2708 632 Librorum
2731 576 2800 633 de
2819 588 3000 633 sancta
3028 578 3145 649 lege
3166 618 3183 645 ,

1700 663 1948 735 Episcopi
1974 667 2039 722 de
2068 666 2330 730 Numidia,
2361 677 2416 723 et
2442 683 2544 722 non
2567 668 2870 737 qnilibetdo
2899 669 3053 738 plebe
3087 688 3100 722 :

1697 757 1833 814 Cum
1861 759 2229 832 (Iartbaginem
2257 763 2527 817 venissent
2554 764 2858 832 episcopum
2884 761 3132 816 ordinare
3149 804 3165 826 ,

1701 850 2020 908 Invenerunt
2045 857 2383 908 (Zieciliantnn
2410 856 2517 922 jam
2539 855 2837 909 ordinatum
2867 855 2918 908 itt
2944 870 3040 910 sua
3067 855 3196 909 sede

1702 942 1822 998 lrati
1854 955 1975 998 sunt
1995 946 2116 1016 quia
2144 947 2240 1014 ipsi
2269 963 2371 1001 non
2402 955 2683 1014 potuerunt
2709 947 2980 1001 ordinare.

1702 1039 1866 1093 Erant
1897 1039 2086 1091 liotros
2109 1047 2163 1092 et
2188 1038 2448 1092 Celestius
2471 1035 2548 1106 (ι.)
2577 1037 2758 1091 hostes
2783 1036 3062 1090 (hi-eiltano
3090 1035 3266 1101 valde,

1713 1127 1862 1196 ltnpii
1880 1171 1892 1190 ,
1917 1127 2089 1193 fures,
2107 1129 2318 1196 superbi
2343 1170 2356 1190 ,
2382 1127 2449 1180 de
2468 1126 2657 1196 quibus
2681 1126 2894 1196 longum
2920 1136 2999 1179 est
3033 1124 3229 1179 referre
3249 1165 3262 1187 ,

1699 1219 1995 1275 Junxerunt
2023 1234 2080 1274 se
2105 1219 2262 1272 simul
2290 1235 2474 1272 omnes
2501 1217 2699 1270 crimen
2728 1217 2778 1270 in
2809 1216 2956 1271 illttnt
2983 1217 3234 1268 conﬂare.

1704 1311 1894 1367 Dicunt
1922 1312 2280 1365 ordinatorctn
2308 1310 2423 1377 ejus
2452 1318 2662 1362 sanctos
2687 1309 2847 1362 libros
2874 1306 3172 1361 tradidisse.

1700 1403 1792 1458 Sic
1822 1405 1964 1472 pacis
1993 1403 2121 1458 retia
2150 1411 2423 1474 ruperunt,
2453 1411 2505 1454 et
2525 1411 2706 1456 errant
2730 1399 2886 1454 modo
2914 1415 3006 1470 per
3029 1415 3193 1452 mare.

1700 1493 1900 1549 Omnes
1925 1495 2013 1563 qui
2038 1492 2278 1564 gaudetis
2302 1493 2368 1546 de
2398 1507 2544 1562 pace,
2577 1490 2734 1546 modo
2766 1506 2945 1544 verum
2966 1489 3219 1558 indicate.

1703 1669 1838 1725 Ecce
1864 1686 2012 1739 quam
2034 1671 2215 1724 bonum
2235 1678 2284 1722 et
2306 1684 2454 1737 quant
2478 1664 2799 1736 jucundam,
2830 1665 3012 1733 fratres
3038 1661 3092 1714 in
3119 1675 3271 1714 unum

1773 1759 2181 1833 Itubitare(Psal.
2211 1774 2428 1822 cxsstn,
2463 1756 2540 1828 l).

1703 1895 1896 1953 Audite
1924 1910 2105 1949 vocem
2131 1893 2430 1963 Prophetzc,
2460 1901 2519 1946 ut
2547 1889 2664 1943 sitis
2692 1889 2742 1943 in
2766 1888 2986 1942 unitate.

1703 1988 1914 2046 Crimen
1961 1988 2112 2043 nobis
2158 1987 2174 2018 ¹
2223 1986 2342 2057 quis
2384 1982 2622 2055 probavit
2666 1984 2945 2050 antiquum
2992 1977 3061 2032 de
3109 1974 3273 2031 tradio

1778 2082 1959 2137 tione?

1705 2175 1836 2244 Quis
1863 2173 2058 2244 objecit
2086 2173 2136 2225 in
2161 2167 2396 2236 judicio?
2419 2165 2517 2235 Qui
2547 2166 2800 2220 sederunt
2823 2159 3101 2232 judicare?

1707 2268 1910 2338 Quibus
1938 2265 2161 2321 tesuibns
2183 2260 2452 2317 convicit?
2473 2258 2603 2325 Quis
2627 2269 2789 2311 ausus
2813 2263 2892 2310 est
2915 2247 3218 2306 aflirmare‘!

1706 2337 1813 2417 Sed
1859 2360 1960 2413 hoc
2001 2356 2228 2411 libenter
2274 2355 2574 2415 tinxerunt,
2617 2345 2755 2417 quod
2801 2359 2861 2399 se
2904 2348 3164 2398 noverunt
3201 2337 3282 2394 fc-

1777 2449 1916 2504 cisse
1945 2463 1960 2500 :

1709 2541 1841 2610 Qttia
1873 2541 2009 2594 fama
2034 2537 2144 2606 jam
2169 2532 2483 2604 loquebatur
2507 2530 2578 2585 de
2593 2528 2871 2584 Librorum
2893 2523 3212 2588 traditione;

1711 2633 1818 2690 Sed
1846 2632 1936 2703 qui
1964 2631 2196 2685 fecerant
2228 2626 2460 2680 latebant
2485 2625 2535 2677 itt
2565 2622 2652 2676 illa
2683 2618 3000 2690 perditione.

1711 2727 1840 2783 Inde
1892 2724 2024 2779 alios
2074 2721 2491 2782 infamaverunt,
2538 2724 2596 2770 ut
2636 2729 2695 2769 se
2745 2712 2889 2782 ipsos
2932 2717 3149 2779 possent
3190 2721 3286 2764 ce-

1781 2817 1913 2871 lare.

1710 2911 1813 2967 Per
1845 2908 1963 2964 illos
1984 2903 2162 2959 caeteri
2184 2907 2494 2956 erraverunt
2525 2895 2788 2966 principes
2817 2907 2883 2946 ex
2918 2890 3030 2960 ipsa
3055 2895 3203 2958 parte
3234 2903 3251 2942 :

1711 3000 1845 3070 Quia
1865 3013 1970 3054 non
1999 2995 2216 3051 credere
2234 2989 2448 3060 collegis
2474 2993 2788 3058 putaverunt
2807 2983 2905 3037 sibi
2938 2992 3109 3051 turpe.

1714 3092 1856 3155 Jant,
1885 3089 2097 3152 fratres,
2129 3085 2350 3140 linitur'
2370 3096 2541 3143 error,
2571 3089 2626 3134 et
2649 3079 2816 3132 simus
2841 3075 2893 3129 in
2921 3072 3142 3129 unitate.

1714 3184 1915 3241 Omnes
1944 3181 2030 3251 qui
2080 3177 2322 3250 gaudetis
2342 3174 2410 3230 de
2436 3187 2564 3244 pace
2583 3213 2599 3238 ,
2621 3169 2781 3226 modo
2808 3182 2989 3222 verum
3030 3163 3288 3236 iudicate.

1720 3347 1988 3407 Fecerunt
2014 3340 2152 3418 quod
2179 3339 2453 3397 voluerunt
2478 3344 2604 3392 tunc
2634 3333 2683 3389 ir.
2711 3331 2800 3389 illa
2827 3331 3067 3390 caecitate
3096 3339 3113 3385 ἐ

1717 3439 1832 3496 Non
1851 3438 2058 3509 judices
2087 3434 2359 3496 sederunt,
2391 3445 2494 3484 non
2518 3426 2821 3482 sacerdotes
2841 3425 2909 3479 de
2929 3438 3079 3478 more
3095 3462 3112 3488 ,

1717 3532 1870 3600 Quod
1896 3531 2068 3584 Solent
2093 3529 2144 3581 in
2176 3524 2381 3595 magnis
2408 3521 2603 3587 causis,
2630 3517 2932 3588 congregati
2961 3513 3220 3584 judicare.

1717 3626 1834 3684 Non
1858 3632 2134 3679 accusator
2157 3628 2211 3674 et
2235 3633 2358 3672 rens
2385 3620 2647 3670 steterunt
2673 3611 2726 3665 in
2747 3607 3069 3680 qna-stione;
3258 3597 3264 3606 ’

1717 3718 1836 3775 Νοιι
1869 3726 2067 3781 testes,
2096 3727 2204 3767 non
2245 3709 2654 3770 documentum,
2688 3716 2796 3773 quo
2837 3705 3054 3771 possent
3092 3695 3298 3752 crimen

1790 3808 2014 3880 probare
2036 3823 2050 3857 :

1721 3877 1827 3956 Sed
1851 3897 2018 3960 furor,
2049 3892 2224 3957 dolos,
2249 3888 2523 3951 tumultos,
2554 3884 2642 3954 qui
2667 3890 2892 3951 regnant
2917 3879 2968 3934 in
3009 3877 3260 3933 falsitate.

1721 3987 2066 4046 mecrantttr
2087 3981 2238 4036 nobis
2261 3978 2419 4034 Gesta
2450 3992 2566 4046 qua:
2588 3975 2642 4027 in
2667 3971 2892 4026 concilio
2918 3969 3092 4024 solent
3119 3982 3261 4033 esse,

1722 4080 2011 4136 Videamus
2039 4091 2159 4146 quae
2187 4087 2273 4127 res
2296 4069 2469 4140 coegit
2497 4069 2608 4121 lieri
2635 4066 2800 4119 altare
2823 4074 3007 4116 contra
3038 4062 3224 4114 allat‘t'.

1723 4172 1780 4230 Si
1807 4170 1980 4226 maius
2007 4175 2122 4222 erat
2148 4161 2418 4225 sacerdos,
2444 4156 2792 4226 deponendos
2814 4161 2931 4208 erat
2955 4160 3080 4206 ante
3104 4168 3119 4204 :

1726 4265 1782 4321 Si
1810 4279 1912 4317 non
1940 4267 2141 4331 poterat
2168 4253 2382 4325 deponi,
2412 4248 2716 4305 tolerandos
2747 4247 2880 4300 intra
2903 4254 3016 4300 rete
3042 4261 3055 4297 :

1726 4356 1874 4414 Sicut
1897 4352 2054 4408 modo
2085 4347 2319 4404 toleratis
2343 4354 2447 4398 tam
2478 4343 2674 4396 multos
2695 4339 2862 4393 malos
2889 4347 3071 4403 aperte
3099 4357 3112 4393 :

1729 4447 1798 4504 Et
1822 4444 1913 4516 qui
1940 4442 2088 4498 fertis
2113 4453 2208 4508 pro
2229 4436 2428 4498 furore,
2458 4431 2664 4487 ferretis
2693 4442 2853 4482 nntnn
2886 4440 2980 4495 pro
3009 4439 3159 4494 pace.

1728 4513 1928 4598 Omnes
1973 4534 2060 4605 qui
2110 4528 2350 4602 gaudetis
2396 4525 2463 4581 de
2517 4537 2680 4595 pace,
2728 4517 2888 4574 tnodo
2932 4515 3114 4572 verum
3155 4513 3302 4586 judi-

1801 4641 1940 4687 cate.

1733 4784 1993 4845 Gaudium
2036 4790 2282 4848 magnum
2321 4783 2466 4830 esset
2514 4769 2698 4832 nobis,
2733 4765 2776 4821 si
2819 4774 2943 4819 tunc
2983 4763 3192 4818 nolletis
3217 4777 3296 4818 er-

1804 4893 1923 4934 rare
1951 4893 1965 4928 ἶ
2405 4917 2408 4919 ,

1737 4969 1844 5028 Sed
1878 4969 1918 5022 si
1947 4975 2071 5020 tunc
2097 4976 2202 5017 non
2245 4958 2417 5013 risum
2455 4962 2538 5010 est
2567 4966 2749 5006 verum
2770 4991 2786 5014 ,
2822 4947 2905 5003 vel
2936 4960 3076 5002 nunc
3102 4945 3309 5016 experti

1809 5063 1982 5117 ridete
2009 5060 2052 5113 ³.

1741 5159 1930 5213 Multos
1975 5166 2112 5208 nunc
2157 5146 2364 5203 habetis
2417 5154 2641 5212 pravos,
2701 5137 2788 5207 qui
2836 5135 2985 5188 vobis
3029 5131 3309 5201 displicent

1811 5247 1965 5302 valde
1989 5263 2002 5301 :

1805 5431 1824 5462 ¹
1859 5423 2078 5484 Qutedam
2103 5416 2269 5484 editio,
2293 5407 2437 5459 t‘obr's.

1806 5493 1825 5522 ³
1858 5480 1945 5535 tier
1969 5499 2017 5537 (ι.
2043 5480 2256 5545 ﬁniatur.

1809 5552 1829 5583 ³
2043 5519 2474 5597 ’ἕῖίίξυέᾀτρενιηυμ
2500 5537 2590 5597 I._ot'
2612 5562 2630 5597 ν,
2664 5540 2729 5597 ειη
2752 5533 2888 5597 μείζω
2907 5536 2923 5573 ε
2942 5519 3236 5597 "reparat-

1807 5583 2394 5673 (utilia-testimuocitata
2415 5583 2684 5640 nominatur
2718 5583 2767 5636 in
2791 5587 2912 5636 libro
2937 5587 3102 5633 contra
3133 5583 3325 5627 eum.

1746 5668 1938 5724 niautttn
1960 5668 2129 5729 primo.
