3764 6140
110 331 162 389 u
1364 289 1419 317 ”
1495 326 1695 388 LIBER
1738 326 2004 392 ramus.
3322 350 3396 408 ιι

111 445 257 500 altera
278 443 661 511 Maenalium,
693 441 955 497 traditores
980 443 1077 499 sibi
1104 460 1257 514 quam
1275 445 1563 501 innocentes
1588 447 1687 499 ad-

111 537 313 609 iugerc
350 538 670 593 maluerunt.
706 535 833 617 Quae
868 553 973 594 una
1008 538 1308 594 criminatio
1331 539 1349 571 ¹
1378 538 1697 596 brevissime

113 638 259 701 atque
298 630 596 687 verissime
631 630 703 686 ita
745 629 1037 699 refellitur,
1058 631 1181 702 quia
1207 648 1326 687 cum
1354 631 1488 688 duas
1518 643 1697 703 partes

115 722 382 780 audissent
409 737 537 781 esse
561 723 616 779 in
646 721 822 779 Africa
846 765 863 791 ,
893 740 1054 781 unam
1083 723 1400 781 traditurum
1420 767 1435 789 ,
1473 725 1695 782 alteram

116 814 504 883 innocentium,
529 829 649 871 eam
676 815 1015 873 innocentem
1039 832 1162 873 esse
1176 816 1541 881 crediderunt,
1571 832 1693 890 quae

116 920 319 961 causam
348 920 505 961 suam
525 906 668 977 apud
687 907 890 963 vicinos
908 907 1307 965 ecclesiasticos
1329 907 1541 980 iudices
1566 911 1700 966 obti-

116 1010 314 1056 nuerat.
338 999 683 1072 Quapropter
701 1001 776 1057 illi
795 1016 1010 1072 semper
1027 1001 1341 1060 innocentes
1356 1011 1693 1070 manserunt,

115 1095 189 1162 qui
237 1092 546 1148 nescientes
595 1091 1045 1164 quemadmodum
1084 1092 1185 1150 ista
1225 1092 1280 1149 in
1323 1093 1504 1150 Africa
1545 1101 1696 1165 gesta

118 1184 230 1252 sint,
263 1183 319 1239 id
349 1195 528 1239 tamen
552 1183 895 1240 crediderunt
936 1184 1079 1256 quod
1108 1185 1329 1255 pacillce
1360 1198 1425 1241 ac
1445 1184 1697 1256 religiose

117 1275 327 1331 credere
344 1275 678 1341 debuerunt,
705 1291 735 1331 a
774 1276 968 1348 quibus
1006 1276 1385 1334 innocentibus
1428 1277 1697 1348 separatio

119 1367 251 1423 nullo
280 1366 444 1423 modo
466 1367 725 1424 innocens
750 1382 872 1425 esse
900 1369 1091 1439 potuit.

180 1476 409 1537 CAPUT
445 1476 537 1534 Vl.
562 1509 635 1521 —
662 1480 751 1535 ll.
780 1480 999 1536 Fatetur
1020 1481 1183 1537 etiam
1219 1481 1609 1538 Parmenianus
1629 1481 1697 1538 ad

123 1567 425 1626 Arelatense
452 1569 707 1641 Oppidum
731 1578 789 1627 et
809 1572 1092 1643 episcopos
1113 1571 1324 1644 iudices
1347 1584 1404 1630 et
1433 1583 1611 1643 partes
1629 1588 1696 1629 cx

127 1660 289 1717 Africa
306 1662 657 1731 convenisse,
683 1663 1028 1720 Caacilianum
1061 1664 1269 1721 scilicet
1291 1676 1454 1738 alque
1484 1666 1700 1722 Donati-

128 1762 251 1815 sus;
282 1753 370 1810 ubi
395 1755 575 1811 omnia
601 1754 714 1812 suis
732 1755 979 1825 credidit,
1001 1757 1089 1813 cui
1111 1758 1244 1813 nihil
1265 1759 1391 1815 victi
1413 1769 1701 1830 potuerunt

131 1844 216 1902 nisi
243 1845 597 1918 deiudicibus
621 1849 879 1920 conqueri
898 1849 922 1881 ¹
944 1862 965 1904 2
996 1864 1096 1906 nec
1117 1859 1295 1906 tamen
1327 1860 1484 1922 negat
1512 1868 1700 1908 rursus

130 1954 212 1995 eos
229 1939 296 1995 ad
315 1940 723 1997 Constantinum
735 1942 968 2010 venisse;
983 1951 1037 1999 et
1051 1944 1174 2015 quia
1190 1944 1259 2000 ibi
1280 1960 1493 2017 quoque
1513 1945 1703 2001 ultimo

129 2031 313 2103 iudicio
340 2034 577 2104 superati
604 2042 750 2101 sunt,
776 2036 936 2091 etiam
979 2036 1153 2107 ipsum
1188 2037 1358 2109 gratia
1388 2046 1701 2108 corruptum

132 2139 240 2183 esse
272 2125 606 2182 criminatur.
651 2127 855 2196 Quibus
898 2129 1149 2186 omnibus
1192 2129 1580 2197 consideratis,
1611 2132 1703 2201 qui

134 2217 240 2273 sine
280 2217 457 2272 studio
502 2219 733 2290 partium
788 2219 1219 2293 iudicatreligat
1244 2222 1438 2293 quibus
1489 2223 1700 2288 credat;

136 2319 298 2366 utrum
318 2309 588 2381 iudicibus
616 2313 909 2368 sententias
935 2312 1352 2384 proferentibus,
1381 2329 1448 2370 an
1474 2308 1717 2387 litigato-'

137 2401 270 2458 ribus
292 2411 475 2458 contra
503 2416 639 2474 quos
664 2404 885 2473 prolata:
910 2412 1071 2471 sunt,
1102 2404 1251 2460 litem
1282 2404 1436 2462 (inire
1469 2405 1703 2462 nolenti-

139 2495 249 2550 bus.
300 2496 455 2552 Certe
496 2496 642 2553 orbis
683 2505 945 2554 terrarum
988 2497 1258 2568 iudicibus
1308 2498 1556 2555 credidit.
1602 2499 1705 2569 Qui

138 2596 300 2642 autem
320 2587 607 2643 Donatistis
635 2588 1001 2655 consentiunt,
1031 2603 1231 2660 eosque
1252 2588 1554 2646 defendunt
1575 2632 1591 2657 ,
1622 2589 1705 2645 fa-

140 2686 304 2733 tentur
328 2694 383 2734 se
400 2679 507 2734 illis
533 2679 757 2736 credere
783 2680 873 2751 qui
914 2695 1132 2736 causam
1169 2697 1319 2737 suam
1340 2723 1355 2747 ,
1384 2682 1706 2752 qualiscum-

139 2785 239 2841 que
262 2770 342 2827 illa
367 2772 560 2836 fuerit,
600 2788 705 2828 non
736 2781 1026 2844 potuerunt
1051 2773 1073 2805 ³
1103 2782 1277 2830 tamen
1306 2774 1359 2829 in
1395 2775 1707 2830 transmari-

141 2862 222 2918 nis
239 2872 308 2918 tot
332 2864 804 2936 disceptationibus
832 2865 1075 2923 obtinere
1094 2907 1111 2932 ,
1142 2877 1198 2923 et
1229 2883 1416 2923 eorum
1445 2867 1705 2924 adversus

137 2953 331 3024 iudices
358 2972 626 3012 murmura
654 2965 709 3013 et
743 2958 969 3013 crimina
1009 2958 1227 3014 credula
1258 2960 1496 3016 vanitate
1540 2961 1704 3015 susci-

140 3047 297 3115 piunt.
322 3048 433 3117 Qua
460 3049 516 3103 in
544 3066 604 3106 re
638 3049 683 3103 si
710 3049 1025 3105 innocentes
1050 3064 1110 3106 se
1136 3050 1340 3116 dicunt,
1369 3060 1424 3107 et
1450 3067 1545 3107 eos
1571 3066 1708 3122 quos

142 3147 404 3207 superatos
437 3140 676 3205 scimus;
704 3150 904 3211 quanto
940 3140 1335 3197 innocentiorcs
1377 3153 1499 3197 sunt
1525 3144 1616 3214 qui
1640 3150 1710 3198 te-

142 3244 279 3287 mere
315 3231 511 3303 aliquid
546 3233 670 3289 mali
701 3233 768 3289 de
808 3233 936 3304 ipsis
952 3233 1222 3304 iudicibus
1248 3234 1469 3291 credere
1494 3236 1706 3306 nolunt,

143 3323 211 3379 de
242 3325 423 3395 quibus
460 3340 683 3382 necesse
727 3334 810 3382 est
836 3326 1007 3397 utqui
1048 3326 1173 3382 victi
1222 3326 1436 3382 fuerant
1479 3343 1710 3399 conque-

145 3415 347 3469 rantur?
364 3416 477 3472 Non
502 3417 674 3472 solum
702 3417 841 3473 enim
863 3418 952 3489 qui
986 3416 1179 3472 bonam
1206 3434 1420 3474 causam
1449 3420 1704 3489 perdidit,

147 3504 208 3559 de
227 3505 394 3579 iniquo
418 3509 501 3563 vel
522 3507 671 3563 tardo
692 3509 774 3563 vel
798 3508 1086 3580 negligenti
1102 3509 1282 3581 iudice
1301 3511 1544 3581 queritur
1573 3530 1585 3566 :
1611 3512 1707 3568 sed

150 3598 288 3654 etiam
319 3602 405 3670 qui
426 3600 722 3672 iustissime
754 3603 926 3659 victus
949 3613 1032 3659 est
1052 3644 1070 3672 ,
1102 3620 1161 3660 ea
1184 3606 1427 3662 edacitate
1445 3605 1514 3662 de
1551 3606 1707 3662 inno-

152 3700 284 3747 cente
302 3691 477 3763 iudice
514 3707 804 3750 murmurat
826 3738 841 3760 ,
872 3710 976 3768 qua
1004 3697 1241 3753 caecitate
1274 3714 1395 3755 cum
1428 3699 1710 3758 innocente

151 3784 428 3843 adversario
448 3787 709 3859 litigabat.
750 3789 1085 3861 Quapropter
1114 3791 1199 3846 isti
1228 3808 1332 3847 non
1382 3792 1500 3848 ideo
1536 3794 1709 3850 scele-

153 3876 239 3931 rati
260 3888 408 3943 sunt,
440 3879 562 3950 quia
588 3879 657 3936 de
691 3881 936 3935 omnibus
966 3881 1119 3937 victis
1157 3882 1344 3938 nolunt
1379 3892 1580 3940 temere
1605 3885 1708 3941 ali-

153 3966 258 4036 quid
293 3969 558 4026 credere:
602 3970 697 4026 sed
738 3971 860 4028 ideo
898 3972 1019 4044 quia
1066 3989 1126 4030 se
1177 3972 1357 4030 furore
1406 3976 1711 4034 schismatis

155 4062 480 4130 pmiderunt
500 4065 566 4120 ab
589 4065 667 4121 eis
696 4065 1101 4132 innocentibus,
1133 4069 1221 4139 qui
1247 4070 1414 4125 multo
1465 4072 1708 4127 rationa-

151 4151 286 4209 bilius
309 4155 491 4210 uolunt
512 4156 618 4212 tale
633 4157 830 4228 aliquid
841 4156 908 4213 de
924 4159 1053 4229 ipsis
1067 4158 1337 4230 iudicibus
1355 4161 1595 4218 credere.

211 4264 422 4325 CAPUT
446 4267 559 4324 VII.
575 4299 647 4310 —
668 4270 753 4325 19..
782 4270 989 4326 Existat
1003 4271 1146 4327 enim
1167 4272 1340 4344 aliqua
1358 4274 1565 4330 illarum
1586 4290 1711 4346 par-

155 4357 265 4412 tium
297 4359 347 4414 in
388 4360 603 4417 nomine
625 4361 822 4418 Christi
861 4363 1190 4419 nobilissima
1218 4365 1456 4422 Ecclesia
1475 4408 1490 4432 ,
1514 4384 1580 4423 ex
1608 4369 1711 4424 illis

153 4459 363 4522 septem,
390 4462 445 4509 et
469 4454 515 4509 si
542 4454 715 4525 placet
760 4456 1090 4526 potissimum
1125 4457 1490 4529 Philadelphia
1524 4460 1717 4531 (Apoc,

154 4556 220 4608 tu,
243 4541 334 4615 7),
362 4559 480 4617 qua:
508 4544 577 4600 de
603 4546 829 4618 mystico
857 4547 1075 4603 nomine
1106 4563 1197 4619 per
1219 4548 1451 4620 linguam
1480 4566 1710 4622 graecam

156 4629 412 4689 fraternam
441 4636 650 4691 intimat
672 4637 1005 4694 charitatem.
1034 4638 1323 4694 Audiamus
1345 4640 1503 4712 igitur
1526 4658 1709 4699 vocem

157 4722 271 4793 eius,
296 4743 392 4785 nec
411 4731 528 4798 ejus
550 4729 703 4800 palea
726 4728 990 4800 loquatur,
1018 4729 1112 4786 scd
1144 4731 1484 4788 frumentum.
1507 4733 1562 4791 Si
1583 4750 1712 4806 ergo
1798 4770 1803 4773 τ

156 4812 275 4871 dicat
301 4819 411 4875 istis
430 4819 596 4888 :Quid
617 4819 670 4875 in
690 4835 776 4876 me
798 4821 1018 4891 arguilis
1039 4818 1081 4887 ",
1102 4819 1330 4878 fratres?
1353 4824 1478 4894 quid
1495 4840 1713 4882 accusa-

158 4903 249 4961 tis?
269 4908 470 4977 Quanto
502 4910 782 4968 intervallo
812 4912 1099 4968 secundum
1128 4921 1399 4970 terrenum
1443 4916 1619 4974 locum
1644 4919 1712 4974 ab

158 4995 306 5057 Africa
340 5012 543 5060 remota
570 5004 704 5074 sim,
733 5005 930 5076 partim
954 5019 1114 5063 nosse
1134 5048 1150 5076 ,
1178 5008 1370 5079 partim
1406 5009 1591 5068 audire
1612 5025 1713 5082 po-

206 5240 223 5273 ι
244 5241 380 5301 Editi,
425 5243 748 5296 comminatio.
789 5245 958 5297 Melius
993 5248 1202 5299 Vaticani
1252 5247 1381 5306 libri.
1425 5250 1712 5307 criminatio.

154 5303 287 5352 Forte.
311 5314 423 5352 om
452 5319 576 5352 uana
613 5305 899 5352 criminatio-
950 5317 1116 5352 Postea
1154 5319 1317 5352 autem
1361 5310 1481 5352 Irm-
1527 5315 1712 5352 norit-c6.

151 5371 253 5476 ηιξηὲ
277 5365 499 5434 plerique
533 5376 641 5421 llas.
680 5369 890 5433 habent,
1208 5374 1360 5425 Editio
1382 5365 1483 5428 am:
1500 5411 1517 5438 ,

204 5463 772 5580 ﬁngisﬁngis
812 5492 936 5547 nihil
955 5494 1088 5557 uicti,
1112 5503 1368 5562 potuerunt
1388 5503 1450 5551 de
1463 5501 1715 5562 judicibus

148 5613 855 5700 adsistens
871 5619 1075 5700 sesese.
1100 5623 1432 5700 esseea-mus.
1471 5634 1582 5700 sane
1605 5641 1713 5700 αρν-

147 5680 279 5751 ρμι
303 5678 354 5730 in
391 5680 540 5751 editis
562 5679 843 5751 legebatur.
864 5683 1076 5747 fatentur
1112 5696 1165 5735 se
1184 5682 1444 5751 illiusgesse
1466 5678 1712 5751 Ecclesiae,

152 5744 425 5817 ﬁrmari
441 5743 696 5817 poterunt;
720 5743 818 5817 vel,
841 5743 1049 5817 q'w.....
1073 5759 1168 5817 non
1202 5748 1368 5811 potuit.

204 5772 425 5831 τιυηυυη
552 5772 693 5807 nuru,
724 5772 818 5817 “Et!
841 5772 1049 5810 quos”...
1073 5772 1168 5797 uuu
1202 5772 1368 5811 μυιωι.

232 5804 338 5852 10v.
375 5772 601 5867 wine
636 5813 877 5870 argutus:
914 5809 1236 5872 pratermissa
1283 5814 1531 5875 particula,
1578 5833 1641 5867 in.

407 5887 633 5953 hnc-1'.
690 5891 964 5952 Ausus-1'.
1003 5892 1118 5953 IX.

311 5314 423 5375 Quae
452 5319 576 5358 vana
613 5305 899 5375 minutalia.
948 5317 1118 5375 Postea
1154 5319 1319 5375 autem
1360 5305 1484 5375 loco,
1527 5305 1716 5368 verissié
1742 5334 1745 5337 ·

1805 448 1978 503 tuistis
2001 466 2015 503 :
2042 450 2166 520 quid
2195 451 2263 507 ibi
2287 461 2410 508 tunc
2436 454 2547 509 sive
2579 455 2860 513 traditores
2879 500 2894 524 ,
2922 461 3034 514 sive
3064 460 3386 521 traditurum

1805 538 1888 593 vel
1909 549 2243 597 accusatores
2272 543 2352 598 vel
2383 542 2741 623 damnatores,
2774 548 2888 604 sive
2915 549 3280 608 innocentium
3301 572 3388 613 ve.

1804 633 2217 691 calumniatores
2232 637 2315 692 vel
2331 653 2675 708 oppressores
2697 643 2922 712 egerint.
2947 660 3163 714 prorsus
3179 633 3418 729 ignoro.

1805 724 1910 782 Sed
1941 727 2031 783 ille
2052 728 2309 785 Dominus
2329 741 2509 786 noster
2527 734 2617 804 qui
2638 736 2766 790 emit
2792 744 2958 791 totum
2986 739 3240 795 mundmn
3269 724 3419 812 pre-it

1806 818 1882 874 tio
1920 821 2193 892 sanguinis
2223 822 2343 889 sui,
2371 824 2521 894 cuius
2550 837 2732 881 sancta
2773 830 3090 885 commercia
3135 808 3428 902 propheta":

1807 917 1953 965 tanto
1978 919 2103 967 ante
2130 912 2325 968 cecinit
2350 914 2555 981 dicens,
2582 914 2845 972 Fuderunt
2878 936 3057 975 manus
3079 939 3215 976 meos
3234 933 3280 977 et
3300 941 3397 995 pe-
3456 979 3461 982 .

1807 1002 1895 1057 des
1919 1021 2075 1071 meos,
2106 1007 2551 1064 dinumeraverunt
2580 1011 2751 1065 omnia
2788 1029 2901 1067 ossa
2930 1030 3039 1067 mea
3081 1029 3100 1069 :
3138 1015 3237 1085 ipsi
3279 1032 3397 1071 vero
3456 998 3460 1006 ἱ

1808 1096 2250 1152 consideraoerunt
2273 1109 2318 1153 et
2346 1111 2714 1172 conspexerunt
2758 1119 2865 1169 me,
2888 1104 3161 1159 diuiserunt
3183 1107 3277 1160 sibi
3305 1123 3393 1162 veo

1806 1190 2039 1245 stimenta
2066 1208 2200 1257 utea;
2226 1201 2274 1247 et
2301 1210 2455 1263 super
2491 1203 2671 1249 vestem
2713 1212 2875 1250 meum
2898 1197 3142 1251 miserunt
3169 1207 3350 1253 sortem
3376 1215 3397 1253 :

1807 1280 1947 1337 inter
1973 1298 2070 1338 nos
2109 1293 2163 1340 et
2191 1300 2287 1340 vos
2317 1300 2420 1340 nou
2451 1286 2621 1356 spatia
2666 1287 2939 1342 constituit
2975 1304 3140 1344 vacua
3178 1298 3232 1344 et
3257 1289 3399 1345 nuda

1805 1373 2157 1443 Christianis;
2182 1378 2421 1449 implevit
2446 1378 2560 1434 haec
2584 1381 2758 1433 omnia
2786 1381 3207 1436 sanctiﬁcatione
3231 1382 3400 1437 uomio

1808 1465 1894 1521 nis
1922 1469 2025 1524 sui.
2070 1469 2127 1524 lu
2158 1470 2274 1541 ipso
2299 1471 2494 1542 quippe
2519 1473 2727 1543 psalmo
2759 1474 3019 1543 passionis
3042 1515 3058 1541 ,
3093 1491 3196 1530 non
3226 1475 3405 1533 solum.

1807 1561 2025 1631 quanti,
2055 1560 2149 1617 sed
2189 1561 2347 1616 etiam
2389 1573 2645 1632 quantum
2685 1564 2874 1620 emerit
2902 1564 3228 1620 declaratum
3270 1575 3399 1621 est:

1809 1653 1881 1708 ibi
1901 1653 2042 1709 enim
2080 1654 2235 1724 paulo
2262 1662 2383 1725 post
2417 1654 2613 1711 dicitur
2633 1699 2648 1725 ,
2674 1655 3079 1712 Reminiscentur
3108 1666 3153 1713 et
3190 1673 3402 1713 convero

1809 1756 1977 1802 tentur
2012 1748 2080 1801 ad
2121 1748 2398 1803 Dominum
2436 1750 2656 1805 universi
2686 1750 2813 1819 ﬁnes
2840 1762 3020 1818 terrm,
3045 1760 3090 1804 et
3118 1752 3404 1807 adorabunt

1809 1839 1862 1892 in
1899 1848 2165 1911 conspectu
2193 1842 2304 1909 ejus
2341 1840 2585 1894 universa
2627 1842 2808 1910 patria:
2851 1843 3114 1912 gentium;
3155 1844 3398 1914 quoniam

1808 1931 1968 2003 ipsius
2004 1942 2076 1985 est
2106 1948 2317 2004 regnum
2337 1973 2352 1999 ,
2380 1941 2426 1986 et
2452 1933 2559 2002 ipse
2595 1933 2937 1987 dominabitur
2967 1934 3191 2003 gentium
3223 1933 3400 2004 (Psal.

1810 2039 1922 2089 ιιι,
1953 2023 2042 2086 l7,
2071 2022 2158 2089 l8,
2192 2022 2279 2089 l9,
2308 2022 2401 2090 28,
2431 2021 2545 2094 29).
2581 2023 2656 2079 De
2679 2039 2837 2078 causa
2868 2024 3046 2095 itaque
3072 2035 3246 2079 vestra
3272 2035 3401 2082 tunc

1812 2111 2039 2170 fortasse
2066 2129 2287 2185 cogerer
2305 2113 2549 2185 iudicare
2574 2158 2588 2179 ,
2613 2115 2658 2169 si
2688 2115 2771 2170 vel
2796 2115 2967 2171 vicina
2993 2130 3190 2179 essem,
3216 2118 3297 2172 vel
3329 2119 3401 2174 ita

1812 2214 2017 2261 remota
2038 2248 2054 2274 ,
2083 2215 2143 2261 ut
2168 2206 2310 2261 inter
2348 2220 2447 2261 nos
2473 2213 2528 2261 et
2554 2221 2650 2262 vos
2680 2222 2782 2262 non
2815 2206 3114 2262 habitarent
3141 2208 3226 2262 alii
3255 2210 3402 2265 chri-

1812 2296 1970 2351 stiani
2015 2296 2203 2353 eodem
2246 2298 2462 2353 nomine
2497 2298 2721 2369 signati,
2752 2298 2939 2354 eadem
2982 2299 3183 2355 unitate
3209 2302 3403 2369 pacati.

1812 2387 1986 2444 Multa:
2008 2389 2322 2461 interiacent
2350 2391 2534 2460 patria:
2570 2393 2804 2461 gentium
2831 2431 2848 2458 ,
2869 2391 3027 2446 simul
3054 2407 3261 2446 mecum
3288 2409 3403 2449 ent-

1813 2488 1919 2550 pta:
1946 2479 2086 2535 illius
2128 2482 2405 2552 sanguine,
2430 2481 2485 2536 in
2516 2481 2670 2552 cujus
2697 2492 2986 2553 conspectu
3023 2498 3229 2538 mecum
3262 2486 3408 2553 pari-

1816 2581 1897 2629 ter
1923 2573 2164 2629 adorant.
2188 2574 2292 2630 Per
2330 2573 2449 2629 illas
2475 2573 2543 2629 ad
2579 2589 2665 2629 me
2692 2575 2900 2629 transiit
2943 2574 3081 2629 fama
3112 2576 3179 2632 de
3215 2579 3405 2644 vobis;

1813 2666 1945 2737 ipsa;
1973 2665 2040 2721 de
2064 2666 2334 2721 vicinitate
2371 2681 2585 2722 causam
2616 2678 2849 2722 vestram
2879 2668 3189 2723 examinare
3218 2679 3404 2739 polue-

1814 2769 1977 2816 runt:
2005 2758 2147 2831 quod
2176 2759 2221 2813 si
2250 2775 2355 2815 non
2382 2770 2464 2815 est
2490 2759 2681 2815 factum
2702 2801 2718 2827 ,
2742 2776 2838 2815 vos
2861 2762 3206 2831 ncglexistis;
3236 2778 3410 2833 neque

1815 2853 1957 2908 enim
1988 2850 2216 2922 neglecti
2245 2866 2275 2905 a
2301 2851 2511 2907 cmteris
2535 2893 2549 2916 ,
2580 2866 2685 2904 non
2709 2867 2880 2922 usque
2903 2852 2969 2906 ad
3005 2869 3101 2907 nos
3126 2854 3286 2908 etiam
3316 2869 3410 2910 ve-

1816 2945 2037 3001 niretis:
2069 2946 2112 3000 si
2140 2954 2318 3001 autem
2349 2944 2547 3015 aliquid
2570 2945 2862 3016 iudicatum
2895 2956 2997 3015 est,
3023 2948 3146 3003 date
3177 2950 3407 3018 veniam,

1817 3054 1923 3094 non
1945 3038 2116 3095 audeo
2146 3039 2298 3095 vobis
2317 3040 2581 3109 superatis
2611 3048 2815 3095 temere
2840 3039 3062 3095 credere
3084 3084 3098 3107 ,
3121 3050 3178 3096 et
3199 3042 3411 3111 iudices

1817 3144 2028 3189 vestros
2056 3132 2242 3188 eadem
2271 3134 2570 3188 temeritate
2596 3133 2870 3188 damnare.
2894 3134 3115 3190 Accedit
3136 3135 3238 3190 huc
3265 3136 3409 3191 aliud

1815 3225 1956 3296 quod
2004 3240 2091 3280 me
2127 3224 2411 3295 plurimum
2455 3227 2839 3297 moveat,quia
2876 3226 2920 3282 si
2962 3242 3056 3282 vos
3098 3227 3410 3285 iutn‘iccntes

1817 3316 2056 3387 Oppressi
2093 3316 2319 3380 essetis,
2362 3330 2462 3371 nos
2500 3316 2687 3371 saltem
2728 3317 2919 3372 fratres
2959 3319 3049 3388 qui
3099 3319 3229 3375 nihil
3258 3322 3412 3379 vobis

1817 3407 2129 3473 nocuimus,
2164 3408 2452 3463 amaretis:
2495 3423 2615 3464 cum
2649 3424 2777 3464 vero
2803 3425 2902 3466 nos
2923 3452 2936 3474 ,
2963 3412 3051 3480 qui
3080 3412 3216 3467 bene
3256 3415 3411 3470 nobis

1815 3496 2017 3553 conscii
2053 3512 2238 3552 sumus
2264 3512 2477 3552 causam
2515 3506 2747 3554 vestram
2790 3498 2978 3554 vicinis
3023 3502 3213 3558 vestris
3262 3516 3410 3560 recto

1816 3588 2074 3645 Ecclesia:
2105 3588 2229 3659 iure
2266 3588 2609 3645 commissam
2654 3589 2819 3646 fuisse
2846 3592 2885 3657 ⁸,
2928 3593 3016 3664 qui
3070 3609 3250 3650 coram
3299 3598 3409 3654 Deo

1817 3680 1996 3737 sciunt
2035 3680 2482 3752 quemadmodum
2517 3681 2903 3752 iudicaverint,
2946 3684 3184 3743 lacerare
3229 3697 3405 3747 tamen

1817 3772 2114 3827 maledictis
2140 3782 2195 3827 et
2219 3773 2426 3829 acerbis
2450 3773 2589 3830 odiis
2618 3775 2899 3843 insectari,
2928 3785 2983 3831 et
3007 3780 3157 3847 quasi
3193 3792 3409 3851 propter

1815 3879 1912 3920 vos
1938 3862 2181 3920 Christus
2206 3864 2346 3936 apud
2377 3882 2476 3921 nos
2501 3864 2868 3922 hmreditatcm
2904 3883 3053 3923 suam
3081 3872 3405 3942 perdiderit,

1817 3956 1978 4012 etiam
2018 3956 2346 4027 rebaptizare
2381 3957 2682 4024 conamini,
2702 3958 2827 4028 quid
2859 3960 2980 4014 boni
3009 3960 3075 4016 de
3113 3962 3197 4016 illa
3229 3973 3409 4022 vestra

1817 4062 1976 4104 causa
2006 4049 2206 4103 sentire
2238 4049 2568 4118 poterimus?
2597 4048 2696 4117 Qui
2722 4050 2864 4105 enim
2914 4052 3067 4122 longe
3108 4057 3407 4112 remotissi-

1816 4154 1935 4195 mos
1958 4138 2152 4195 fratres
2168 4140 2465 4196 temerariis
2486 4141 2879 4209 SUSlllClOIIlbUS
2906 4142 3162 4201 damnare
3191 4149 3409 4205 minime

1817 4232 2095 4301 dubitatis,
2113 4248 2270 4304 quam
2292 4232 2438 4303 iuste
2458 4249 2487 4287 a
2514 4234 2701 4290 vicinis
2719 4236 2911 4290 vestris
2926 4235 3161 4293 damnati
3180 4239 3407 4311 fueritis,

1817 4324 2115 4381 ostenditis.
2130 4323 2388 4379 Curenim
2405 4340 2510 4380 non
2522 4325 2735 4381 credant
2754 4336 2897 4382 recte
2915 4328 3154 4385 damnari
3175 4336 3410 4403 potuisse

1818 4432 1850 4473 a
1874 4417 2051 4472 vicino
2082 4417 2262 4487 iudice
2300 4415 2536 4472 auditum
2559 4460 2574 4485 ,
2604 4419 2693 4489 qui
2727 4433 2813 4474 me
2845 4418 3060 4475 fratrem
3096 4430 3200 4477 tam
3251 4426 3407 4497 longe

1818 4510 2092 4566 absentem
2122 4509 2377 4564 damnare
2406 4525 2511 4564 non
2537 4508 2743 4564 dubitat
2783 4511 3073 4566 inauditum
3098 4527 3114 4579 ;
3148 4512 3249 4569 hoc
3276 4517 3409 4572 mihi

1818 4603 2076 4675 obiicicus
2092 4603 2378 4658 maximum
2397 4604 2598 4659 crimen
2618 4646 2634 4671 ,
2654 4606 2901 4676 quoniam
2920 4607 3007 4675 qui
3030 4623 3265 4676 ρι’ίυεριιε
3289 4626 3411 4669 esse

1818 4711 1924 4751 non
1955 4695 2134 4765 potui,
2165 4694 2245 4750 eis
2271 4694 2338 4750 ad
2370 4711 2505 4766 quos
2535 4711 2694 4753 causa
2731 4697 2983 4768 perducta
3017 4709 3101 4755 est
3137 4700 3409 4771 iudicibus

1817 4788 2016 4861 potius,
2047 4803 2207 4858 quam
2242 4788 2397 4844 victis
2440 4789 2791 4859 litigatoribus
2829 4792 3071 4848 credidi?
3096 4795 3300 4862 Quibus
3322 4798 3408 4868 iu-

1818 4880 2026 4938 dicibus
2075 4881 2119 4936 si
2164 4895 2270 4936 non
2323 4884 2496 4951 putius
2545 4881 2926 4953 credidissem,
2981 4887 3186 4944 etiamsi
3217 4891 3291 4945 illi
3319 4893 3410 4963 qui

1818 4971 1943 5028 victi
1965 4981 2087 5026 sunt
2131 4972 2443 5028 innocentes
2493 4977 3091 5046 essent,egoiunoceus
3133 4996 3253 5039 esse
3302 5000 3408 5041 non

1820 5080 2052 5137 possem.
2100 5066 2287 5136 Magno
2331 5067 2474 5122 enim
2508 5066 2706 5123 delicto
2744 5071 3174 5144 implicaremur,
3206 5078 3250 5133 si
3284 5096 3406 5137 cum

1821 5158 1982 5214 corda
2007 5158 2235 5215 humana
2256 5175 2360 5213 non
2387 5174 2757 5228 ccruercmus,
2782 5165 3221 5236 necdisciplinam
3245 5173 3413 5230 ccc-leo

1821 5252 2091 5308 siasticam
2123 5263 2456 5319 teneremus,
2488 5269 2611 5311 cum
2636 5256 2713 5311 eis
2756 5257 3019 5315 nollemus
3043 5261 3412 5332 iudicantibus

1820 5344 2063 5413 credere,
2096 5346 2232 5402 ultra
2254 5361 2391 5417 quos
2417 5361 2521 5401 non
2552 5349 2721 5418 potuit
2747 5364 2908 5406 causa
2939 5354 3200 5423 transire,
3231 5368 3285 5411 et
3319 5374 3413 5427 per

1822 5453 1956 5511 quos
1983 5439 2153 5510 potuit
2187 5437 2255 5492 ad
2286 5453 2384 5494 nos
2412 5439 2547 5494 fama
2590 5456 2923 5511 percurrere.
2972 5445 3054 5501 Ab
3097 5447 3211 5501 istis
3251 5448 3411 5505 iuno-

1821 5532 2065 5589 centibus
2093 5531 2251 5601 impia
2276 5540 2329 5587 te
2355 5530 2656 5604 direptione
2683 5534 2959 5603 discindis,
2987 5548 3041 5593 et
3067 5539 3406 5599 innocentem

1823 5632 1875 5679 te
1898 5623 2033 5679 dicis
2057 5641 2070 5675 ;
2098 5621 2241 5693 quod
2269 5624 2449 5695 utique
2482 5624 2528 5680 si
2565 5639 2713 5682 esses
2732 5668 2749 5696 ,
2780 5642 2902 5684 cum
2936 5627 3148 5684 videres
3180 5631 3232 5687 in
3259 5633 3407 5690 Scri—

1888 5760 1903 5789 ι
1924 5764 1973 5807 In
1998 5754 2172 5817 editis,
2221 5758 2368 5819 fuisse
2401 5758 2637 5811 diem.
2696 5759 2857 5821 Abest,
2903 5758 3141 5821 (titanas,
3180 5774 3207 5811 ι
3231 5775 3402 5814 manu-

1826 5820 2025 5884 scriptis.

2796 5904 3076 5983 (Denso)
