3802 6126
104 331 164 393 ιδ
1469 319 1664 383 Lmen
1706 323 1974 385 PRIMUS.
2009 335 2014 338 ·

106 459 195 513 tius
219 455 259 521 ‘,
288 459 538 522 tanquam
566 445 830 504 levissima
871 445 1020 516 palea
1045 441 1208 498 variis
1237 451 1510 498 rumot-unt
1540 435 1678 497 tiati-

107 548 192 602 bus
218 543 448 617 Separati
495 541 639 597 Sunt.
667 537 772 596 Sed
814 536 1232 606 inqttiunt:Non
1286 536 1399 590 bare
1434 535 1673 591 fecimus.

108 635 316 693 Videant
356 650 486 706 ergo
511 645 578 690 ex
605 633 703 688 hac
731 631 1024 702 tltttt'siione
1061 643 1120 684 se
1170 629 1411 699 primitus
1451 627 1678 684 liberare

109 729 288 787 debere
305 729 350 795 ⁸,
399 737 455 784 ct
481 736 607 783 tunc
648 714 870 789 audere.
911 719 958 778 sl
985 719 1112 792 quid
1152 718 1514 776 [noleSIiarum
1561 720 1676 775 sive

110 835 367 898 pennarum
388 825 418 878 :‘t
443 817 753 878 christianis
781 814 1199 888 imperatoribus
1244 813 1547 884 pelluntur,
1595 811 1700 869 vel‘

109 919 356 986 deponere
385 915 437 969 in
467 909 879 984 querimoniam,
904 913 995 962 aut
1030 917 1304 962 assumere
1342 903 1391 960 in
1431 901 1676 976 gloriam.

110 1013 176 1068 De
193 1025 290 1082 qna
319 1024 397 1071 re,
428 1006 480 1061 id
512 1013 616 1072 est,
642 999 808 1073 ipsiits
835 995 1142 1056 schismatls
1167 996 1482 1068 quaestione,
1525 993 1569 1052 si
1599 997 1682 1051 ni-

110 1102 170 1156 hil
195 1095 334 1156 aliud
360 1094 597 1154 dlecrettl
620 1137 638 1165 ,
681 1099 746 1152 ea
774 1099 894 1166 quae
919 1092 1165 1162 superius
1191 1093 1315 1144 sunt
1350 1088 1493 1145 dicta
1525 1083 1678 1144 sum-

109 1200 288 1252 carent.

168 1269 391 1341 CAPUT
427 1270 498 1336 Χ.
526 1309 598 1321 --
624 1271 714 1334 16.
744 1265 824 1332 An
855 1269 994 1329 forte
1031 1261 1232 1336 dicem,
1264 1267 1424 1327 etiam
1470 1265 1515 1325 si
1548 1283 1679 1325 con-

111 1377 374 1435 vincuntur
398 1375 449 1428 in
481 1367 736 1440 sacrilega
765 1359 1100 1422 dissensione
1119 1407 1133 1431 ,
1169 1365 1226 1418 ut
1253 1375 1347 1433 pro
1377 1373 1439 1418 ea
1462 1357 1682 1416 demen-

112 1475 170 1529 tia
197 1474 236 1528 'si
263 1467 386 1544 quid
417 1465 556 1538 passi
584 1456 798 1526 fuerlttt,
852 1468 1118 1531 martyres
1138 1467 1246 1544 non
1276 1451 1422 1521 sint;
1466 1455 1574 1509 non
1605 1463 1684 1544 ta-_

112 1577 218 1620 mea
241 1539 304 1616 ad
346 1560 729 1629 imperatorum
763 1547 1081 1622 potestatem
1131 1543 1246 1603 haec
1274 1544 1569 1603 eoercenda
1595 1539 1683 1601 vei

111 1651 357 1728 punienda
393 1649 663 1720 pertinere
690 1639 907 1699 debere.
944 1641 1058 1711 Qua
1088 1637 1140 1695 in
1170 1653 1229 1695 re
1257 1651 1437 1710 Qutcro
1452 1637 1575 1707 quid
1597 1637 1681 1692 di—

113 1756 218 1806 cant
247 1765 262 1802 :
289 1761 356 1799 an
388 1741 509 1813 quia
536 1738 603 1795 de
629 1735 887 1807 religione
919 1732 1105 1788 vitiosa
1135 1732 1219 1788 vel
1263 1729 1392 1785 falsa
1425 1729 1556 1785 nihil
1585 1743 1681 1784 cu-

114 1833 314 1894 randum
331 1845 413 1890 est
429 1832 619 1887 talibus
646 1825 995 1899 potestatibus
1015 1821 1044 1880 τ
1067 1817 1172 1880 Sed
1203 1819 1364 1876 multa
1384 1822 1494 1890 jam
1521 1822 1681 1876 etiam

115 1927 170 1987 dc
211 1923 434 2000 Pagattis
475 1921 728 1988 diximus,
771 1925 824 1974 et
853 1918 922 1974 de
961 1916 1093 1987 ipsis
1119 1913 1477 1982 dtrmonibns,
1541 1911 1684 1983 quod

116 1999 492 2093 persecutiones
517 2013 584 2069 ab
610 2007 1016 2082 imperatoribus
1058 2007 1345 2077 patiantur.
1394 2007 1475 2060 An
1501 2012 1557 2060 et
1584 1999 1686 2059 hoc

117 2107 370 2184 diSplicet?
417 2109 526 2166 Cur
551 2121 680 2176 ergo
713 2103 812 2174 ipsi
848 2101 934 2156 ubi
963 2109 1186 2171 possunt
1224 2095 1420 2168 templa
1466 2096 1689 2150 subver.

121 2219 240 2267 tum,
267 2211 318 2259 et
343 2217 442 2274 per
472 2199 682 2255 furores
706 2192 1210 2250 Circumcellionum
1239 2187 1361 2246 talia
1391 2189 1565 2244 facere
1594 2195 1688 2242 aut

118 2290 370 2353 vindicare
402 2309 508 2349 non
537 2288 793 2346 cessant?
827 2285 906 2341 An
925 2287 1119 2356 justior
1139 2287 1222 2340 est
1251 2284 1452 2354 privata
1485 2279 1686 2336 violen-

119 2389 198 2456 tia,
233 2401 383 2460 quam
431 2385 575 2455 regia
623 2379 938 2452 diligentia?
966 2377 1071 2431 Sed
1126 2371 1240 2430 hac
1280 2374 1500 2438 omitto;
1552 2369 1685 2426 illud

117 2495 296 2552 qua-ro,
343 2493 468 2535 cum
511 2472 790 2529 manifeste
843 2474 1128 2526 enumeret
1180 2465 1470 2536 Apostolus
1532 2469 1688 2533 Opera

116 2574 282 2639 carnis,
314 2585 428 2642 qme
463 2575 598 2631 sunt,
651 2563 838 2634 inquit,
884 2559 1271 2634 fornicationes,
1316 2555 1683 2619 immunditiar,

116 2665 450 2725 contentiones,
494 2657 858 2720 aemulationes,
911 2651 1270 2714 animositates,
1329 2646 1683 2713 dissensiones,

120 2757 325 2818 hereses,
366 2753 590 2818 incidite,
630 2749 909 2810 ebrietates,
934 2743 1336 2802 comessationes,
1362 2749 1412 2796 et
1434 2737 1513 2794 his
1540 2739 1687 2794 simi-

119 2853 177 2904 lia
200 2849 215 2921 (
236 2848 404 2904 Colat.
437 2862 493 2911 v,
523 2843 588 2898 t9
617 2843 670 2910 );
715 2839 841 2910 quid
874 2837 987 2892 istis
1013 2835 1252 2889 videatur
1268 2832 1310 2898 ³,
1369 2829 1465 2885 ut‘
1487 2830 1690 2886 crimen

117 2941 411 2999 idololatria:
443 2933 789 3009 putentjuste
832 2929 899 2986 ab
939 2925 1352 2999 imperatoribus
1390 2923 1685 2980 vindicari:

118 3041 196 3091 aut
213 3038 254 3090 si
280 3047 378 3090 nec
408 3034 509 3087 hoc
530 3028 733 3093 volunt,
763 3039 858 3080 cur
880 3025 930 3078 in
956 3021 1220 3076 veneficos
1255 3019 1490 3088 vigorem
1514 3018 1687 3087 legum

117 3129 330 3186 exerceri
371 3127 515 3198 justo
562 3119 859 3177 fateantur:
905 3115 958 3169 in
991 3115 1271 3170 brereticos
1302 3123 1480 3167 autem
1529 3120 1688 3181 atque

118 3224 285 3294 impias
309 3218 670 3274 dissensiones
699 3209 722 3246 ⁸
755 3213 927 3267 nolint
956 3209 1129 3275 fateri,
1153 3223 1271 3262 cum
1302 3204 1561 3260 iniisdem
1593 3205 1689 3260 ini-

117 3314 311 3385 quitatis
342 3309 600 3366 fructibus
626 3303 938 3359 auctoritate
981 3297 1273 3370 apostolica
1314 3306 1686 3352 numerentur.

118 3405 184 3460 An
211 3405 338 3461 forte
358 3420 458 3461 nec
484 3401 606 3457 talia
633 3405 923 3468 potestates
947 3395 1060 3448 istze
1081 3393 1329 3446 humanae
1355 3389 1690 3444 constitutio-

116 3499 188 3554 nis
215 3497 590 3570 permittuntur
606 3503 800 3547 curare
823 3487 885 3541 ⁵7
922 3485 1144 3555 Propter
1164 3481 1289 3554 qttid
1313 3499 1437 3551 ergo
1463 3481 1694 3552 gladium

121 3600 283 3660 portat,
324 3589 416 3660 qui
439 3587 612 3642 dictus
638 3593 716 3638 est
747 3581 970 3634 minister
1013 3576 1108 3631 Dei
1144 3575 1327 3628 vindex
1364 3575 1414 3628 in
1454 3573 1583 3627 iram
1612 3573 1691 3628 eis

119 3687 190 3754 qui
213 3683 345 3738 male
393 3675 602 3751 agunt?
653 3674 760 3729 Nisi
793 3673 948 3736 forte,
973 3665 1416 3740 quemadmodum
1453 3664 1692 3719 nonnulli

118 3789 279 3830 eorum
314 3787 448 3828 sane
488 3761 870 3837 imperitissimi
914 3762 1014 3816 IlOC
1042 3759 1340 3829 intelligere
1373 3756 1568 3823 solent,
1623 3755 1692 3811 de

120 3866 390 3922 honoribus
415 3858 792 3918 ecclesiasticis
813 3855 1010 3910 dictum
1034 3863 1136 3914 eSt,
1167 3861 1223 3904 ut
1252 3847 1459 3919 gladius
1490 3847 1689 3902 intelli-

119 3969 250 4030 gatur
304 3955 544 4012 vindicta
585 3947 914 4020 spiritualis,
969 3940 1691 4015 quiescommunicationcm

120 4061 349 4120 Operatur
372 4047 397 4080 ⁷
444 4064 458 4101 :
491 4059 612 4100 cum
653 4037 1146 4112 providentissimus
1190 4032 1475 4102 Apostolus
1505 4045 1694 4085 conse-

121 4139 628 4213 qnenticonlextione
651 4132 892 4190 lectionis
909 4131 1039 4185 satis
1066 4124 1400 4199 :tperiatquid
1423 4125 1689 4193 loquatur.

121 4223 213 4291 llbc
235 4234 433 4306 quippe
459 4228 679 4291 addidit,
705 4224 917 4294 Propter
939 4219 1031 4274 hoc
1051 4220 1181 4272 enim
1211 4226 1255 4271 et
1277 4216 1461 4270 tributa
1485 4224 1695 4281 pt'wsta-

121 4328 173 4382 tis
199 4345 212 4382 :
235 4343 295 4382 ac
331 4323 529 4380 deinde
565 4319 852 4389 snbjunxit,
884 4314 1094 4368 Reddite
1111 4309 1338 4365 omnibus
1382 4309 1580 4372 debita;
1610 4307 1696 4361 cui

128 4420 370 4482 tributum,
387 4415 628 4468 tributum
648 4426 664 4474 ;
681 4409 763 4462 cui
790 4405 1020 4477 vectigal,
1047 4402 1258 4473 vectigal
1279 4419 1297 4467 ;
1327 4401 1406 4454 cui
1430 4401 1691 4467 honorem,

123 4509 382 4574 honorent;
410 4505 494 4561 cui
521 4505 764 4563 timorem,
799 4500 1024 4552 timorem
1053 4493 1230 4566 (Itoni.
1261 4503 1372 4558 xm,
1407 4489 1550 4562 (-7).
1585 4491 1697 4548 Hoc

124 4602 356 4673 ergojam
395 4605 584 4661 restat,
630 4602 688 4648 ttt
726 4592 841 4646 istis
879 4583 1324 4656 disputationibus
1352 4585 1462 4638 suis
1511 4583 1694 4652 prohi-

124 4697 262 4753 beant
303 4694 643 4751 Cbristiauos
669 4688 859 4742 tributa
891 4682 1230 4754 persolvere:
1259 4694 1377 4733 cum
1423 4685 1477 4732 et
1514 4676 1695 4731 Domi-

125 4808 210 4847 nus
235 4791 352 4846 talia
385 4782 738 4844 sentientibus
769 4775 1074 4841 PltariSa-is,
1121 4789 1252 4844 quos
1283 4770 1555 4825 imitantur
1585 4769 1693 4836 isti,

127 4899 325 4940 nummo
344 4884 608 4951 inspecto,
637 4871 870 4934 Reddite,
899 4869 989 4934 ait,
1010 4864 1198 4921 Caesari
1216 4864 1351 4935 quod
1363 4862 1574 4917 Cwsaris
1602 4871 1693 4928 est,

180 5047 198 5077 t
225 5045 373 5095 miti.
396 5043 578 5092 etcum
598 5046 656 5085 ea
678 5027 818 5095 moui
838 5026 1062 5095 mum
1094 5018 1291 5094 1W?”

127 5078 854 5169 Mze'pamaarw
871 5078 1264 5169 [reperiar

127 5143 786 5221 ξὲτῗῗῖίῖιῖεῖῖῖαιῦἆιξάιωι
806 5143 900 5217 ipsi
921 5150 980 5200 ab
1010 5163 1066 5199 ea
1090 5143 1260 5212 potius.
1287 5143 1608 5194 retenduntur
1633 5154 1697 5191 ex

127 5229 469 5292 unusunus.
491 5288 518 5292 __
546 5287 555 5292 Α

180 5271 557 5346 ῗξέἱίὲξξῗλιίιὶ
578 5296 698 5334 vero
716 5319 731 5340 ,
757 5271 1264 5346 liberorideberexiﬂ
1281 5343 1297 5346 _
1359 5325 1515 5346 ,ψ’-Α
1543 5341 1554 5346 Α
1577 5325 1595 5346 ε

310 5324 924 5415 'i-"egﬁ'lb’il'sic
961 5325 1519 5415 leguuthl'uipcﬁipcum
1542 5341 1554 5376 :

127 5386 977 5486 quaero.q‘iigitwnua‘iiiQste-enunierat
1013 5386 1255 5461 Zpottotus
1293 5391 1556 5442 dicens.....
1582 5386 1702 5455 quid

233 5475 444 5558 ;
461 5481 565 5558 -.θὶς

937 5583 1086 5665 ore
1121 5575 1436 5665 eam.
1479 5583 1534 5626 λι
1577 5583 1703 5634 δτδεί

137 5648 580 5718 M'Mn‘m
584 5669 666 5717 es;
689 5655 886 5718 01111559,
909 5648 1250 5718 δεθῑίδηδαίίθρὲῗ
1275 5704 1296 5718 --

690 5696 1056 5768 isi-Etiamnum
1073 5703 1408 5757 constitutionis
1432 5696 1707 5764 permittunt

134 5801 444 5906 magnai
465 5856 594 5906 Mss,
620 5851 728 5908 quit
750 5829 1285 5891 excmnunmmuioacm
1311 5833 1552 5890 operatur.

3302 335 3372 395 46

1789 453 1836 497 et
1881 433 1991 497 Deo
2019 443 2151 514 quod
2190 433 2284 498 Dei
2329 453 2402 499 est
2448 437 2659 517 (Matth.
2706 445 2840 517 xxii,
2889 447 3007 520 21).
3058 447 3121 505 Hi
3147 466 3272 506 vero
3317 455 3368 508 in

1786 543 2012 605 utroque
2041 531 2406 592 inobcdientes
2451 547 2610 609 atque
2649 540 2817 612 impii,
2865 557 2966 598 nec
3007 542 3115 598 Deo
3143 544 3373 601 reddunt

1786 627 2129 683 christianum
2153 643 2409 692 amorem,
2432 645 2531 685 nec
2553 633 2764 703 regibus
2786 631 3071 688 humanum
3092 636 3332 692 timorem
3355 657 3370 692 :

1787 719 1859 774 ita
1887 720 2012 775 caeci
2043 725 2094 774 et
2120 720 2311 786 insani,
2365 729 2422 775 ut
2446 735 2566 776 enm
2608 717 2974 780 Schismaticos
3021 737 3150 780 suos
3200 727 3369 783 Maxi-

1786 808 2063 867 mianistas
2107 828 2202 883 per
2231 820 2520 882 potestates
2557 829 2586 866 a
2631 809 2905 870 catholicis
2958 815 3370 887 imperatoribus

1787 901 1977 956 missas
2002 901 2070 957 de
2113 899 2348 958 baSilicis
2386 903 2729 968 excluserim,
2778 914 2833 960 et
2867 906 2918 960 vi
2953 907 3138 978 magna
3176 909 3374 977 jussio-

1788 1009 1915 1050 num
1943 1003 1998 1050 et
2021 994 2337 1050 auxiliorum
2377 995 2571 1052 cedere
2608 995 2707 1052 sibi
2745 998 3116 1068 compulerint,
3151 1011 3374 1070 arguant

1786 1081 2136 1151 Catholicam,
2166 1087 2210 1142 si
2243 1103 2338 1158 pro
2363 1103 2424 1145 ea
2451 1085 2702 1145 catholici
2736 1091 3004 1161 principes
3044 1089 3148 1148 tale
3175 1093 3370 1163 aliquid

1787 1177 1902 1234 ﬁeri
1930 1182 2301 1251 praeceperint.
2352 1174 2455 1251 ipsi
2486 1195 2614 1236 vero
2643 1181 3048 1238 Maximianista:
3089 1193 3372 1255 autemtam

1788 1281 1966 1330 essent
1997 1269 2418 1342 Maximianistaa,
2470 1272 2522 1329 id
2566 1283 2667 1340 est,
2707 1289 2827 1331 cum
2849 1269 3023 1330 adhuc
3063 1291 3170 1331 uno
3215 1271 3372 1331 simul

1788 1359 2180 1420 Donatistarum
2217 1371 2490 1422 consortio
2525 1373 2854 1434 tenerentur,
2887 1379 3006 1438 qua:
3047 1366 3116 1422 ab
3145 1368 3224 1422 eis
3269 1363 3375 1423 Ro-

1787 1461 1940 1528 gatus
1979 1453 2066 1514 ille
2096 1455 2300 1513 Maurus
2344 1473 2439 1529 per
2466 1473 2643 1528 regem
2685 1457 2965 1515 barbarum
3006 1460 3240 1516 Firmum
3275 1457 3372 1532 (ai,

1787 1565 1945 1622 quam
1989 1563 2150 1618 saera,
2172 1560 2226 1608 et
2253 1563 2411 1622 quam
2443 1553 2631 1607 acerba
2664 1567 2946 1622 perpessus
2985 1546 3073 1616 sit,
3094 1553 3331 1608 recidant
3357 1570 3371 1606 :

1789 1654 1844 1700 et
1882 1641 2109 1707 iaceant,
2157 1659 2256 1699 nec
2279 1645 2530 1715 conqueri
2571 1644 2802 1699 audeant
2844 1645 2888 1699 si
2915 1645 3040 1715 quid
3071 1637 3375 1714 hujusmodi

1788 1735 1872 1792 vel
1919 1750 1949 1790 a
1997 1735 2350 1791 Primianistis
2383 1745 2598 1805 prepter
2649 1750 2803 1790 suum
2850 1730 3102 1804 schisma,
3137 1737 3222 1791 vel
3253 1749 3373 1791 cum

1790 1819 2144 1883 Printianistis
2183 1837 2404 1897 propter
2444 1821 2835 1882 Donatistarum
2865 1823 2906 1894 ί,
2953 1843 3058 1881 non
3108 1844 3201 1896 pro
3248 1827 3385 1889 rell-_

1788 1918 1947 1992 gieue
1973 1919 2142 1981 sacra,
2171 1916 2265 1973 sed
2294 1933 2386 1988 pro
2407 1913 2747 1973 animositate
2776 1918 3028 1988 sacrilega
3057 1919 3344 1988 patiuntur.

1860 2006 2088 2066 CAPUT
2112 2007 2199 2065 XI.
2231 2040 2303 2050 —
2333 2010 2420 2064 t7.
2443 2007 2704 2064 Fortassis
2730 2008 2870 2063 enim
2906 2009 3103 2076 dicunt,
3132 2009 3375 2081 graviora

1790 2113 1850 2158 se
1894 2115 2174 2171 perpessos
2216 2117 2246 2154 a
2289 2096 2563 2156 catholicis
2612 2099 3038 2170 imperatoribus,
3086 2117 3242 2171 quam
3290 2095 3377 2159 isti

1791 2189 2034 2246 fecerunt
2087 2205 2181 2261 per
2222 2205 2373 2262 reges
2419 2190 2766 2246 barbarorum
2815 2186 3120 2262 Rogatlstis,
3159 2193 3241 2248 vel
3283 2203 3380 2265 per

1787 2284 1995 2356 iudices
2023 2283 2404 2340 catholicorum
2434 2285 2812 2353 lmperatorum
2846 2277 3268 2352 Maximianlstis,
3296 2285 3380 2343 vel

1791 2377 1953 2430 etiam
1981 2374 2180 2430 faciunt
2211 2389 2308 2445 per
2345 2373 2582 2430 furorem
2615 2374 3114 2431 Circumcellionum
3158 2379 3378 2446 quibus-

1793 2481 2020 2538 cumque
2057 2477 2298 2538 possunt.
2338 2466 2496 2533 Quasi
2523 2482 2652 2521 vero
2677 2466 2798 2521 inde
2822 2469 3043 2537 qu:cstio
3085 2467 3175 2538 sit,
3206 2479 3383 2525 utrutn

1791 2561 2034 2632 graviora
2065 2561 2330 2630 patiantur
2351 2573 2508 2630 quam
2541 2558 2754 2614 faciunt.
2805 2555 2956 2628 Quod
2983 2561 3199 2631 quidem
3239 2563 3384 2617 nullo

1793 2653 1956 2709 modo
1982 2654 2359 2709 concesserim.
2395 2651 2552 2706 Multa
2575 2653 2714 2706 enim
2746 2665 2928 2706 eorum
2959 2654 3249 2708 saevissima
3281 2671 3381 2709 nu-

1794 2751 2088 2813 tnerantnr,
2135 2745 2242 2800 imo
2262 2743 2528 2800 numerari
2567 2759 2670 2798 non
2718 2752 2971 2814 possunt,
3007 2757 3124 2815 qua:
3156 2747 3199 2798 si
3247 2755 3378 2815 pan-

1795 2840 1939 2896 ciora
1966 2845 2146 2895 essent
2165 2839 2247 2894 vel
2274 2852 2367 2892 eos
2393 2839 2444 2891 in
2479 2851 2612 2908 quos
2650 2835 3005 2891 admittuntur
3045 2840 3217 2890 minus
3246 2838 3383 2894 al‘lli-

1795 2941 2003 3002 gerent,
2031 2947 2094 2984 eo
2119 2932 2234 3000 ipso
2273 2937 2453 2984 essent
2493 2937 2638 2984 certe
2671 2927 2935 2995 graviora.
2967 2926 3107 2998 quod
3157 2945 3260 2983 non
3312 2929 3380 2984 ab

1798 3021 2055 3077 ordinatis
2100 3021 2449 3091 potestatibus
2491 3019 2765 3088 iubentur,
2807 3011 2902 3073 sed
2947 3019 3386 3075 extraordinariis

1799 3113 2067 3169 furoribus
2095 3112 2463 3167 admittuntur.
2494 3107 2608 3165 Non
2630 3111 2771 3164 enim
2799 3117 2904 3163 tam
2931 3110 3094 3164 multa
3125 3121 3241 3163 sunt
3265 3127 3387 3180 qua:

1797 3208 2054 3264 adversus
2093 3204 2507 3261 Maximiauistas
2544 3219 2636 3273 per
2672 3203 2878 3273 judiccs
2911 3201 3156 3256 humanae
3188 3203 3388 3258 consti-

1799 3302 2019 3356 tutionis
2049 3308 2271 3370 egerunt
2299 3299 2320 3330 ¹
2347 3298 2420 3368 (in
2460 3311 2524 3351 eo
2551 3311 2746 3366 genere
2783 3297 3050 3350 actionum
3083 3305 3300 3363 ponant,
3342 3297 3389 3351 si

1799 3395 2008 3457 volunt,
2051 3385 2310 3461 qumque‘
2348 3391 2505 3443 etiam
2544 3388 2610 3441 ad
2651 3387 3075 3456 persequendum
3123 3386 3385 3456 ltogatum

1797 3483 2039 3542 Maurum
2060 3482 2126 3538 ab
2146 3483 2224 3538 eis
2245 3497 2338 3552 per
2366 3479 2599 3536 Firmum
2625 3480 2902 3534 barbarum
2922 3488 3067 3549 gesta
3096 3491 3241 3543 sunt,
3271 3481 3374 3535 etsi

1797 3577 1971 3643 illum,
2005 3577 2128 3631 licét
2169 3574 2374 3629 hostem
2417 3571 2856 3627 immanissimum
2897 3571 3282 3638 Romanorum,
3327 3573 3381 3626 in

1800 3669 2048 3742 legitimis
2078 3666 2379 3738 numerent)
2409 3683 2421 3719 :
2451 3665 2545 3720 sed
2575 3664 2690 3719 haec
2733 3680 2840 3718 non
2889 3674 2992 3718 tam
3045 3666 3208 3718 multa
3237 3674 3380 3728 sunt,

1799 3775 1957 3833 quam
1989 3760 2150 3814 ntulta
2171 3757 2405 3829 quotidie
2425 3763 2588 3826 agunt
2630 3771 2722 3825 per
2767 3754 2998 3810 furiosos
3045 3756 3380 3811 ebriosorum

1795 3853 2052 3925 juvenem
2073 3863 2278 3921 greges,
2307 3847 2497 3920 quibus
2539 3846 2802 3918 principes
2843 3847 3239 3913 constituunt‘,
3287 3850 3376 3918 qui

1802 3947 2032 4018 primum
2077 3941 2442 3999 tantummodo
2484 3931 2732 4002 fustibus,
2774 3949 2913 3995 nunc
2938 3941 3095 3996 etiam
3143 3937 3284 3995 ferro
3327 3955 3386 3996 se

1803 4055 2012 4109 armare
2054 4043 2370 4107 coeperunt,
2423 4033 2511 4104 qui
2558 4031 3057 4088 Circumcellionum
3104 4031 3383 4088 notissimo

1803 4131 2020 4187 nomine
2049 4145 2141 4200 per
2166 4138 2331 4183 totam
2363 4119 2593 4180 Airicnm
2622 4132 2901 4195 vagantur,
2953 4133 3006 4178 et
3034 4135 3172 4177 st‘eva
3199 4134 3384 4179 contra

1803 4240 2018 4280 onmem
2048 4223 2289 4278 ordinem
2319 4220 2494 4288 legum
2534 4227 2960 4287 potestatumque
3000 4216 3342 4269 committunt
3374 4234 3388 4268 :

1804 4331 2031 4392 quorum
2072 4316 2271 4372 scelera
2311 4329 2431 4369 cum
2470 4309 2535 4366 ad
2577 4325 2669 4364 eos
2705 4309 3035 4368 deferuntur,
3083 4307 3284 4378 fingunt
3331 4323 3390 4362 se

1805 4413 2050 4484 ignorare
2081 4408 2186 4463 tale
2216 4405 2487 4461 hominum
2515 4417 2702 4473 genus,
2735 4400 2819 4455 vel
2856 4399 3074 4453 omnino
3099 4397 3166 4450 ad
3192 4411 3249 4452 se
3283 4411 3388 4451 non

1805 4503 2071 4575 pertinere
2090 4507 2272 4554 contra
2299 4507 2487 4550 omnes
2517 4492 2759 4548 homines
2786 4503 2879 4545 ore
2925 4487 3389 4559 impudentissimo

1805 4595 2074 4653 amrmant
2101 4610 2114 4648 :
2145 4603 2316 4662 neque
2344 4589 2478 4642 hanc
2505 4587 2692 4640 saltem
2724 4597 2906 4638 vocem
2937 4582 3097 4635 totius
3127 4581 3272 4634 orbis
3298 4597 3388 4636 ac-

1805 4691 2027 4762 cipiunt,
2061 4686 2228 4742 multo
2255 4681 2578 4756 probabilius
2597 4675 2879 4745 Verinsque
2906 4673 3152 4740 dicentis,
3187 4675 3392 4730 nescire

1807 4801 1867 4842 se
1895 4783 2020 4855 quid
2063 4781 2112 4835 in
2147 4777 2320 4834 Africa
2348 4784 2556 4846 gestum
2585 4769 2672 4833 sit,
2724 4768 2834 4822 sive
2861 4773 2892 4821 a
2918 4774 3087 4834 parte,
3118 4768 3229 4820 sive
3258 4779 3390 4821 con-

1807 4883 1888 4932 tra
1917 4884 2114 4944 partem
2145 4869 2352 4934 Donati,
2383 4879 2542 4936 quam
2565 4860 2765 4917 scilicet
2786 4859 2837 4913 in
2863 4859 2975 4927 ipsa
3000 4855 3178 4911 Africa
3211 4857 3389 4913 Dona-

1806 4971 2050 5026 tistarum
2080 4967 2359 5035 episcopos
2395 4954 2899 5015 Circutnceliionum
2930 4950 3013 5006 vel
3052 4949 3187 5006 facta
3216 4953 3392 5006 nesci~

1808 5080 1887 5128 re,
1921 5062 2005 5114 vel
2034 5059 2212 5114 dicere
2237 5053 2260 5087 ⁸
2290 5054 2354 5108 ad
2383 5067 2442 5106 se
2478 5065 2584 5103 non
2614 5046 2882 5116 pertinere
2908 5042 2950 5097 ⁸.

1883 5152 1968 5208 18.
1997 5148 2123 5214 Sed,
2151 5155 2208 5201 ttt
2229 5145 2405 5199 dicere
2421 5154 2713 5210 cmpcram,
2731 5136 2832 5192 ltoc
2860 5151 2965 5191 non
2991 5136 3245 5208 qnmrilur
3273 5151 3390 5193 mo-

1875 5293 1893 5325 ι
1919 5287 2056 5344 Fditi,
2081 5291 2289 5350 propter"
2307 5278 2596 5350 pomtistas.
2624 5285 2681 5331 At
2710 5287 2838 5340 uss,
2863 5283 3064 5342 propter
3113 5276 3389 5328 Donatista-

1811 5366 1923 5405 rum
1949 5365 1965 5402 ;
1988 5344 2194 5413 supple,
2217 5344 2444 5413 schisma:
2500 5403 2532 5413 __
2639 5395 2662 5413 1
2849 5412 2854 5413 γ
2951 5411 2956 5413 _
2992 5399 3059 5413 ,ω

1875 5395 2280 5466 i'\~'aiaai.i'a'ss.,
2307 5416 2392 5470 per
2414 5403 2610 5470 judtees
2633 5395 2860 5453 humana!
2879 5398 3162 5453 conditionis
3181 5402 3394 5463 egerunt.

1878 5477 1900 5511 ³
1921 5476 2058 5533 sunt,
2077 5468 2361 5540 quamqua.
2386 5468 2687 5540 caStigautur
2712 5478 2775 5514 ex
2803 5474 2906 5540 Mss.

1878 5541 1901 5572 δ
1922 5520 2132 5588 viaticam
2156 5520 2291 5602 missi,
2317 5545 2432 5594 quos
2450 5520 2695 5602 pi'iucipes
2728 5526 3032 5602 constituam.
3079 5520 3397 5573 ecferendum
3466 5583 3473 5593 ξ

1816 5603 1878 5653 ad
1900 5602 2123 5658 verbum,
2146 5601 2310 5660 agunt,
2330 5588 2465 5660 ipsud
2487 5588 2707 5654 proxime
2731 5588 2995 5651 praecessit.

1880 5666 1902 5697 ⁸
1923 5665 1996 5712 sic
2018 5653 2122 5710 tussi
2153 5653 2205 5722 Ai.
2228 5653 2368 5722 editi,
2389 5653 2538 5705 dicta.
2789 5711 2818 5722 μ’

1881 5726 1902 5757 ⁸
2255 5707 2536 5770 sci.ieet.....
2565 5727 2656 5764 non
2693 5711 2930 5778 pertinere
2954 5707 3278 5775 pronuntiant.
3347 5715 3383 5756 tu

1885 5809 1965 5875 (ο)
1985 5817 2054 5860 De
2071 5809 2222 5859 Firmo
2245 5812 2463 5869 tyranno,
2483 5812 2631 5864 quem
2653 5795 2949 5848 Theodosius
2972 5795 3134 5858 magni
3151 5787 3406 5844 Theodosii

3438 5469 3442 5486 l

3438 5487 3446 5517 l
