3802 6190
352 343 420 401 ιτ
1144 323 1414 384 CONTRA
1456 313 1837 377 EPISTOLAM
1866 310 1988 368 PAF

2128 306 2312 376 uANt,
2341 306 2397 359 s.
2440 296 2808 360 AUGUSTINI

355 460 467 525 do,
519 465 694 509 utrum
746 448 1009 518 patiantur
1057 439 1301 510 graviora
1366 448 1528 505 quam
1576 428 1812 484 faciunt:
1847 422 1938 478 sed

358 516 535 608 utrum
583 516 840 600 advorsus
895 534 1172 589 Ιιςυιοριὶιειιε
1215 539 1269 584 et
1309 522 1679 581 schismalicos
1717 517 1821 575 tale
1850 516 1946 570 ali-

356 606 482 713 quid
517 640 626 692 lieri
664 636 840 688 liceat.
885 629 937 682 Si
969 626 1108 681 enim
1138 623 1321 676 dicunt
1367 634 1472 672 non
1500 615 1681 679 licere,
1709 626 1805 665 cur
1845 606 1945 678 ipsi

358 702 589 791 faciunt?
609 731 661 786 Si
694 737 866 781 autem
898 724 1056 776 licere
1079 717 1329 780 fatentur,
1360 713 1519 767 etiam
1542 710 1619 763 sic
1643 702 1945 770 ostendant,

358 828 497 898 quod
522 823 665 878 nullo
696 818 853 874 modo
894 822 1134 885 possunt,
1166 808 1409 879 graviora
1461 820 1518 858 se
1556 800 1759 873 perpeti
1803 812 1834 851 a
1859 811 1950 851 ca-

359 896 570 977 tholicis
598 910 1030 985 imperatoribus,
1056 921 1213 977 quam
1246 900 1341 972 ipsi
1372 914 1464 969 per
1488 896 1695 967 judices
1740 905 1944 955 eorum,

359 1015 444 1070 vel
477 1028 570 1083 per
595 1024 773 1080 regem
794 1006 1150 1061 Barbarorum
1175 991 1532 1051 schismatieis
1552 989 1663 1044 suis
1686 987 1941 1049 fecerunt,

359 1104 446 1160 vel
478 1076 591 1173 'per
620 1076 877 1154 insaniam
932 1087 1436 1153 Circumcellipnum
1465 1080 1608 1136 omni
1644 1076 1824 1147 generi
1858 1076 1951 1129 ho-

360 1169 567 1254 minum
596 1192 815 1247 faciunt.
871 1187 1050 1255 Neque
1109 1182 1213 1237 huc
1259 1176 1556 1233 mirandum
1601 1182 1705 1239 est,
1736 1173 1778 1225 si
1833 1169 1953 1239 plus

360 1295 586 1362 possunt
606 1285 887 1355 principes,
920 1294 1075 1350 quam
1101 1274 1247 1331 missi
1276 1290 1303 1326 a
1338 1268 1660 1341 principibus
1697 1264 1903 1336 jntlices

364 1352 409 1436 si
435 1380 551 1451 plus
580 1352 805 1447 possunt
854 1369 1079 1427 Romani
1130 1366 1508 1435 imperatores,
1541 1373 1699 1429 quam
1741 1352 1953 1409 barbari

362 1448 560 1543 reges;
592 1476 646 1523 et
673 1468 717 1523 si
763 1464 954 1520 merito
994 1460 1236 1532 graviora
1292 1454 1498 1524 legiluts
1550 1452 1749 1521 patitur
1792 1448 1951 1511 latro,

364 1539 524 1636 quam
581 1568 763 1615 contra
820 1556 965 1627 leges
1017 1554 1129 1622 ipse
1195 1547 1525 1603 committit:
1570 1542 1709 1597 unde
1765 1539 1957 1595 merito

365 1633 830 1714 constitutionibus
869 1646 1026 1716 justis
1059 1643 1299 1713 graviora
1342 1640 1611 1709 patiuntur
1635 1633 1957 1689 Circumcel-

366 1750 566 1803 lionum
599 1744 867 1812 mancipes
898 1740 938 1803 ί,
971 1752 1127 1807 quam
1184 1733 1382 1787 faciunt
1435 1727 1906 1785 Circumcelliones
1939 1740 1954 1777 :

366 1852 423 1898 et
459 1850 634 1894 tamen
674 1848 751 1891 est
807 1843 949 1888 tanta
1005 1826 1357 1885 mansuetudo
1402 1822 1848 1882 Christianorum,
1902 1826 1960 1870 ut

367 1947 555 2006 pmnas
579 1945 763 1984 eorum
791 1920 1277 1992 incomparabiliter
1307 1925 1560 1985 superent
1600 1912 1835 1968 facinora
1862 1924 1959 1964 eo-

367 2002 508 2082 rum.
556 2022 660 2078 Sed
694 2035 820 2077 ecce
866 2017 1254 2072 damnaverunt
1282 2012 1332 2064 in
1362 2009 1591 2063 concilio
1614 2022 1711 2060 suo
1737 2003 1811 2075 (a)
1847 2002 1958 2057 Ma-

366 2115 699 2173 ximianistas
753 2109 974 2167 trecenti
1022 2106 1207 2161 decem
1258 2101 1493 2171 episcopi
1549 2097 1852 2152 donatistzc.
1882 2095 1960 2149 llli

367 2215 546 2263 autem
582 2202 868 2273 pertinacia
918 2193 1281 2269 perversitatis
1327 2192 1439 2246 suis
1490 2188 1720 2243 basilicis
1766 2186 1962 2243 cedere

369 2299 647 2355 nolebant.
693 2294 834 2350 Aditi
865 2299 992 2347 sunt
1016 2292 1036 2322 θ
1061 2289 1289 2358 judices,
1313 2284 1595 2340 concilium
1624 2296 1806 2336 eorum
1833 2294 1961 2351 proc

371 2388 746 2447 consularibus
768 2384 944 2440 Gestis
972 2382 1242 2437 inductum
1264 2388 1365 2433 est.
1397 2374 1816 2443 Deiudcjussum
1844 2370 1962 2426 est'

370 2490 433 2538 ut
453 2481 525 2535 illi
556 2479 644 2550 qui
677 2487 821 2531 tanto
848 2475 1222 2544 episc0pnrum
1269 2483 1495 2523 numero
1543 2465 1776 2521 damnati
1814 2470 1960 2529 sunt,

372 2573 625 2628 cederent
647 2569 777 2623 IOt'iS
810 2583 825 2622 :
873 2565 963 2637 qui
996 2564 1149 2619 facile
1191 2571 1488 2623 cesserunt,
1522 2573 1626 2612 non
1654 2555 1816 2610 multa
1846 2568 1967 2623 pas-

372 2665 420 2720 si
451 2660 649 2724 sunt‘;
681 2660 770 2730 qui
800 2667 977 2712 autem
1026 2655 1275 2710 resistere
1303 2658 1657 2715 tcntaverunt,
1707 2644 1965 2718 quemad-

372 2753 591 2810 modum
614 2750 794 2806 afﬂicti
821 2750 949 2814 sint,
986 2747 1107 2817 quis
1136 2743 1390 2816 ignorat?
1432 2741 1536 2798 Sed
1577 2750 1752 2794 tamen
1770 2739 1814 2794 si
1844 2748 1961 2793 tan-

375 2857 428 2902 ta
457 2842 964 2900 fuissetimmanitas
990 2839 1377 2901 resistentium,
1402 2847 1456 2890 nt
1480 2835 1547 2889 ad
1578 2833 1801 2903 injurias
1827 2832 1968 2903 judi-

373 2953 497 2996 Cum
523 2936 843 3007 perveniret,
869 2947 1049 2987 nonne
1090 2930 1257 2985 multo
1303 2928 1574 2984 acerbiora
1602 2924 1857 2981 Romanis
1884 2924 1965 2980 leo

375 3030 530 3103 gibus
574 3023 1031 3099 paterentur?Sic
1074 3031 1130 3078 et
1179 3032 1302 3077 tunc
1353 3034 1473 3075 cum
1515 3027 1635 3088 post
1679 3018 1966 3073 terminum

378 3136 576 3184 causae,
602 3121 654 3173 in
681 3133 785 3188 qua
812 3131 873 3172 se
903 3115 987 3171 isti
1009 3129 1038 3168 a
1079 3111 1347 3169 Catholica
1378 3110 1751 3181 prrciderunt,
1772 3123 1968 3166 conse-

375 3225 604 3288 quenter
622 3213 703 3284 agi
729 3210 979 3278 coepisset
1012 3216 1068 3263 ut
1090 3207 1338 3262 basilicas
1382 3219 1487 3259 non
1522 3211 1781 3267 tenerent,
1812 3211 1867 3257 et
1891 3210 1973 3257 te-

376 3317 571 3363 nerent
600 3301 963 3374 imperialibus
988 3296 1289 3355 resiSIendo
1314 3296 1641 3365 jussionibus
1665 3312 1679 3362 ;
1710 3295 1780 3349 ita
1811 3302 1868 3348 ut
1892 3293 1971 3349 vis

378 3400 469 3454 illa
499 3394 773 3453 notissima
819 3390 1320 3449 Circumcellionum
1353 3387 1682 3458 przevaleret,
1723 3385 1972 3441 addendo

377 3492 598 3557 insuper
633 3487 822 3549 etiam,
870 3493 923 3538 ut
949 3499 1068 3557 eum
1097 3480 1251 3536 donis
1282 3480 1553 3543 Ecclesite,
1581 3493 1714 3548 quos
1752 3480 1974 3533 miserat

378 3581 696 3651 Imperator,
718 3593 812 3648 per
828 3575 907 3629 Ali
923 3575 1056 3629 icam
1083 3581 1270 3627 euntes
1298 3571 1391 3642 (ὁ),
1426 3570 1892 3625 turbulentissimis
1919 3580 1976 3625 et

380 3671 689 3730 Stm'isslttlis
738 3666 1085 3723 seditionibus
1137 3664 1434 3733 agitarent:
1460 3662 1595 3715 tales
1625 3662 1676 3715 in
1704 3675 1799 3716 eos
1830 3662 1975 3730 leges

384 3764 748 3836 proteruntur,
776 3768 837 3814 ut
883 3773 950 3812 ne
990 3757 1136 3826 ipsas
1181 3754 1395 3825 quidem
1429 3752 1674 3809 basilicas
1721 3769 1841 3825 qua:
1869 3769 1975 3810 non

384 3862 539 3911 erant
570 3852 806 3916 unitatis,
828 3848 921 3903 sed
948 3863 977 3902 a
1004 3846 1264 3916 separatis
1288 3854 1447 3917 atque
1472 3846 1527 3899 in
1553 3860 1651 3901 suo
1686 3845 1977 3902 schismate

385 3942 691 4005 constitutis
712 3941 915 3997 fuerant
941 3938 1231 4002 fabricatae,
1260 3938 1491 3993 retinere
1508 3936 1831 3993 sinerentur.
1862 3937 1977 4008 Qua

387 4039 444 4095 in
492 4052 553 4094 re
591 4035 699 4106 jam
758 4048 880 4088 suas
931 4030 1151 4099 injurias
1196 4037 1434 4099 potestas
1486 4030 1627 4100 regia
1666 4028 1974 4084 vindicavit.

384 4128 530 4199 Quid
593 4125 736 4185 enim
810 4122 988 4180 valent
1031 4120 1175 4192 jnste
1227 4121 1499 4193 possidere
1567 4122 1767 4178 inimici
1819 4116 1979 4193 ju'sti-

390 4222 479 4277 tia:
500 4219 526 4274 ?

453 4308 680 4368 CAPUT
710 4305 827 4362 ΧΠ.
855 4335 927 4348 -
956 4304 1043 4361 19.
1086 4303 1196 4359 Nec
1236 4319 1334 4375 pro
1376 4302 1457 4359 eis
1499 4303 1697 4375 aliquid
1746 4305 1982 4376 promul-

391 4421 548 4481 gasse
574 4404 694 4477 quis
722 4403 1004 4468 invenitur,
1053 4400 1156 4455 nisi
1198 4408 1437 4471 apostata
1464 4398 1730 4464 Julianus,
1760 4400 1844 4454 cui
1871 4415 1976 4471 pax

390 4509 449 4555 et
485 4500 660 4552 unitas
687 4493 977 4551 christiana
1008 4492 1230 4545 nimium
1279 4490 1630 4560 displicebat;
1659 4491 1985 4561 quandoqui-

392 4593 515 4649 dem
544 4591 655 4659 ipsa
697 4586 746 4642 ei
776 4584 919 4641 unde
950 4582 1110 4653 impie
1137 4581 1407 4638 ceciderat
1444 4582 1630 4651 religio
1656 4583 1981 4653 displiceret.

393 4683 494 4740 Cui
519 4681 732 4753 quidem
753 4677 838 4734 isti
890 4674 1202 4740 Donatistaz,
1250 4672 1387 4728 sicut
1431 4672 1668 4742 jmlicum
1716 4674 1877 4730 Gesta
1905 4684 1985 4730 te-

396 4785 626 4839 stantur,
653 4770 843 4840 quibus
870 4768 922 4822 hi
952 4767 1092 4837 quod
1118 4766 1536 4833 impetraverunt
1555 4765 1871 4835 allegarnnt,
1907 4774 1986 4823 ta-

397 4868 540 4923 libus
583 4862 761 4919 verbis
788 4859 1239 4931 snpplicaverunt.
1269 4865 1325 4911 ut
1354 4856 1403 4910 ei
1451 4855 1675 4911 fortasse
1719 4857 1897 4913 mitius
1920 4857 1987 4913 ad

398 4958 663 5014 idolorum
694 4952 890 5007 cultum
939 4950 1151 5020 quidam
1178 4948 1366 5002 timore
1395 4947 1783 5014 consenserint,
1826 4964 1985 5019 quam

400 5064 525 5105 eum
556 5046 642 5103 isti
682 5041 867 5098 furiosi
920 5040 1283 5095 laudaverunt.
1342 5036 1597 5092 Dixerunt
1641 5040 1807 5106 enim,
1856 5040 1990 5110 quod

468 5230 486 5261 ί
512 5224 815 5277 Divionensis
832 5228 977 5272 vetus
995 5218 1169 5278 codex,
1192 5217 1472 5279 munit-ipes.

469 5293 489 5322 ³
514 5297 612 5337 Am.
637 5295 689 5337 et
713 5285 934 5348 plerique
958 5292 1080 5348 Mss},
1110 5282 1269 5348 additi
1289 5288 1415 5348 sunt.

471 5353 491 5385 ³
511 5357 577 5401 tta
601 5343 805 5399 vatiéani
831 5343 933 5397 ttiss.
962 5345 1045 5395 Alii
1068 5358 1177 5394 cum
1196 5345 1354 5402 editis,
1380 5343 1531 5394 visum
1553 5349 1640 5395 est.

469 5416 492 5445 ι
515 5413 633 5463 Editi
652 5447 668 5471 ,
692 5418 737 5461 et
777 5408 920 5473 facile
942 5414 1202 5473 cessertmt,
1226 5420 1312 5457 nec
1335 5406 1486 5457 multa
1507 5406 1638 5472 passi
1658 5412 1784 5473 sunt.
1824 5406 1994 5473 Melius

406 5477 617 5527 \aticaui
656 5466 886 5532 codices,
925 5468 1010 5535 qui
1051 5466 1197 5534 facile
1229 5475 1469 5521 cesserunt
1485 5466 1518 5531 ,'
1545 5482 1641 5520 nou
1682 5468 1833 5521 multa
1863 5469 1995 5535 passi

406 5546 534 5591 sunt.
1650 5559 1654 5562 ‹

409 5630 550 5688 pater
567 5634 596 5671 a
619 5619 948 5688 Valentiniano
967 5619 1152 5688 majore
1174 5615 1454 5688 in__Africam
1475 5619 1650 5669 missus
1675 5617 1840 5684 praalio
1861 5621 1991 5681 vicit,

408 5679 770 5756 inmittitjaulus
784 5682 1011 5733 diaconus
1036 5679 1083 5731 in
1106 5680 1191 5732 lib.
1208 5679 1282 5731 13.

472 5746 549 5876 illi;
568 5753 1072 5858 magnam”.
1089 5806 1205 5858 vide
1227 5812 1464 5871 Optatum,
1483 5805 1568 5856 lib.
1588 5808 1632 5857 δ.

2054 417 2191 490 apud
2216 432 2327 472 eum
2342 415 2451 471 sola
2477 415 2494 446 ¹
2513 408 2714 485 justitio
2740 418 2903 465 locum
2943 404 3164 462 haberet.
3195 403 3335 473 Quid
3351 417 3480 476 ergo
3498 399 3675 460 aliud

2055 510 2253 567 dixisse
2282 508 2639 579 reperiuntur,
2670 505 2771 558 nisi
2798 500 3142 556 christianum
3163 499 3503 554 sanctitatem
3539 512 3672 553 non

2056 603 2469 674 essejnstitiam,
2490 615 2610 670 qua:
2635 600 2773 668 apud
2796 595 2945 651 illum
2966 592 3169 648 nullum
3197 590 3629 648 haberetlocum
3651 607 3672 655 ;

2056 704 2153 753 aut
2198 695 2457 750 honorem
2504 691 2810 746 dtemonnm
2871 702 2991 743 esse
3040 684 3357 756 justitiam?
3400 684 3675 739 Aliorum

2057 797 2233 843 autem
2260 786 2641 856 imperatorum
2673 782 2818 851 leges
2870 794 2991 850 qua:
3043 776 3428 832 vehementer’
3455 761 3687 830 adver-i

2058 894 2150 936 sus
2171 894 2265 935 eos
2286 877 2405 932 lata:
2447 886 2594 941 sunt,
2624 874 2747 946 quis
2774 867 3029 943 ignorat?
3058 868 3113 923 ln
3140 868 3334 939 quibus
3362 882 3463 922 una
3483 882 3680 938 gone-

2060 972 2187 1027 ralis
2209 971 2463 1026 adversus
2490 981 2678 1021 omnes
2702 965 2792 1036 qui
2822 961 3144 1018 christianos
3188 975 3248 1015 se
3276 958 3379 1014 dici
3433 960 3680 1023 volunt,

2060 1074 2116 1121 et
2144 1063 2397 1119 Ecclesim
2417 1059 2692 1117 catholicae
2712 1072 2819 1112 non
2840 1055 3256 1115 communicant,
3285 1052 3380 1109 sed
3415 1053 3467 1107 in
3492 1052 3624 1108 suis
3650 1049 3676 1083 ⁸

2060 1154 2347 1226 separatim
2400 1150 2784 1209 conventiculis
2833 1157 3241 1219 cengregantur,
3283 1145 3337 1200 id
3386 1145 3675 1213 continet,

2062 1247 2134 1306 Ut
2152 1248 2236 1303 vel
2265 1246 2540 1302 ordinator
2584 1242 2788 1307 clerici,
2836 1240 2918 1296 vel
2969 1240 3083 1311 ipse
3112 1240 3388 1295 ordinatus
3414 1237 3586 1293 denis
3607 1237 3679 1291 li-

2062 1343 2173 1399 bris
2198 1340 2314 1397 auri
2361 1340 2683 1395 nmlctentur
2714 1355 2730 1393 :
2760 1336 2911 1391 locus
2937 1351 3065 1390 vero
3108 1333 3222 1404 ipse
3248 1349 3354 1404 quo
3383 1332 3549 1401 impia
3582 1346 3683 1387 se-

2063 1437 2269 1509 paratio
2283 1441 2657 1504 congregatur,
2683 1429 2958 1501 redigatur
2986 1428 3038 1482 in
3065 1428 3271 1481 fiscum.
3296 1425 3431 1481 Sunt
3455 1434 3512 1480 et
3543 1423 3679 1480 alia:

2059 1526 2328 1597 jussicnes
2352 1524 2644 1595 generales,
2675 1521 2869 1592 quibus
2893 1520 2974 1575 eis
2995 1518 3076 1574 vel
3108 1516 3333 1574 faciendi
3361 1525 3681 1572 testamen-

2065 1626 2118 1673 ta
2144 1618 2228 1673 vel
2266 1632 2362 1688 per
2386 1615 2701 1671 donationes
2723 1610 2924 1683 aliquid
2954 1608 3267 1666 conferendi
3296 1607 3525 1663 facultas
3545 1607 3677 1664 adio

2064 1709 2245 1775 mitur,
2280 1707 2364 1763 vel
2406 1723 2472 1762 ex
2524 1704 2902 1761 donationibus
2941 1712 3035 1758 aut
3080 1700 3412 1758 testamentis
3457 1698 3678 1771 aliquid

2064 1801 2329 1873 capiendi.
2354 1799 2488 1855 Nam
2517 1799 2569 1854 in
2612 1798 2840 1869 quadam
2885 1811 3045 1854 causa
3089 1810 3211 1851 cum
3257 1796 3417 1850 homo
3466 1794 3677 1850 nobilis

2064 1893 2482 1967 lmperatorihus
2515 1894 2898 1964 supplicasset,
2930 1889 3071 1962 quod
3114 1905 3269 1946 soror
3295 1890 3413 1960 ejus
3444 1905 3575 1959 qua:
3603 1888 3677 1944 de

2068 1996 2217 2058 parte
2265 1986 2453 2041 Donati
2502 1984 2696 2049 fuerat,
2741 1998 2862 2038 cum
2910 1980 3312 2052 defungeretur,
3366 1981 3556 2037 nescio
3617 1979 3675 2035 iu

2067 2093 2202 2149 quos
2230 2077 2622 2132 communionis
2647 2090 2776 2139 sum,
2809 2083 2865 2129 et
2889 2072 3125 2129 maxime
3153 2071 3205 2128 in
3226 2070 3515 2144 quemdam
3550 2074 3671 2126 Au-

2068 2172 2339 2242 gustinum
2379 2170 2687 2240 episcopum
2731 2182 2917 2223 eorum
2954 2166 3179 2238 plurima
3226 2164 3572 2234 contulisset,
3605 2180 3675 2221 ex

2068 2263 2158 2318 illa
2183 2262 2422 2334 generali
2453 2262 2570 2331 lege
2609 2267 2932 2331 prmccptum
2982 2265 3066 2312 est
3107 2266 3166 2311 ut
3194 2257 3371 2311 omnia
3400 2256 3555 2311 fratri
3587 2271 3677 2311 re-

2070 2356 2417 2411 stituerentur
2448 2370 2463 2410 :
2498 2354 2584 2408 ubi
2617 2352 2781 2407 etiam
2811 2349 3313 2405 Circumcellionum
3366 2348 3573 2404 mentio
3597 2345 3667 2400 fa-

2068 2454 2152 2502 cta
2174 2455 2276 2511 est,
2300 2446 2343 2500 si
2375 2459 2523 2499 more
2548 2458 2646 2498 suo
2672 2441 2935 2498 violenter
2957 2440 3300 2505 obsisterent,
3323 2454 3429 2508 quo
3456 2453 3673 2509 genere

2070 2540 2387 2594 auxiliorum
2410 2547 2464 2593 et
2486 2536 2824 2592 adminiculis
2838 2534 3248 2604 repellerentur.
3277 2530 3369 2588 Sic
3390 2532 3536 2587 enim
3572 2546 3672 2586 no-

2071 2630 2133 2694 ti,
2163 2630 2239 2685 sic
2264 2629 2443 2684 multis
2465 2628 2663 2699 przeliis
2679 2626 2884 2697 probati
2911 2633 3056 2687 sunt,
3085 2631 3145 2679 ut
3169 2624 3238 2679 de
3267 2622 3351 2679 his
3374 2631 3429 2678 et
3454 2621 3671 2694 suppli-

2073 2723 2217 2780 ratio
2266 2720 2579 2793 imperatori
2626 2719 2815 2786 fieret,
2874 2727 2929 2775 et
2976 2716 3269 2787 Imperator
3316 2725 3501 2772 tacere
3561 2730 3671 2772 non

2073 2826 2275 2887 posset.

2142 2905 2371 2963 CAPUT
2406 2903 2547 2981 Xlll.
2568 2934 2639 2945 —
2656 2902 2746 2959 20.
2770 2902 2902 2969 Qua:
2944 2916 3065 2958 cum
3092 2901 3164 2956 ita
3193 2900 3321 2968 sint,
3347 2914 3471 2955 cum
3498 2907 3557 2955 et
3583 2898 3673 2954 di-

2074 2998 2213 3055 vinis
2262 3008 2317 3053 et
2358 2996 2603 3051 humanis
2642 2994 2847 3066 legibus
2900 2993 2970 3049 ita
3014 2993 3367 3059 damnentur;
3402 3000 3551 3048 tanta
3592 2998 3676 3047 est

2076 3100 2251 3147 tamen
2300 3088 2657 3145 mansuetudo
2683 3086 2992 3151 christiana,
3022 3092 3080 3140 ut
3106 3102 3211 3141 non
3251 3085 3425 3141 solum
3454 3094 3675 3143 teneant

2075 3182 2346 3247 basilicas,
2392 3195 2526 3252 quas
2567 3179 2678 3249 jam
2711 3178 2916 3249 praecisi
2947 3177 3366 3244 :edificaverunt,
3420 3177 3518 3234 sed
3566 3191 3668 3232 nec

2076 3287 2169 3330 eas
2196 3288 2384 3329 omnes
2415 3270 2743 3327 reddiderint
2767 3269 2977 3337 unitati,
3023 3285 3157 3340 quas
3184 3269 3252 3325 ab
3288 3268 3518 3325 exordio
3545 3269 3666 3324 uni-

2079 3373 2162 3419 tas
2188 3364 2375 3419 tenuit.
2402 3364 2468 3417 Et
2509 3377 2630 3417 cum
2671 3361 2770 3431 ipsi
2802 3361 3216 3416 Maximianistas
3244 3359 3312 3415 de
3339 3359 3579 3418 basilicis
3607 3360 3673 3417 ad

2078 3465 2286 3528 partem
2320 3454 2504 3510 Donati
2528 3453 2949 3526 pertinentibus,
2977 3469 3071 3523 per
3096 3453 3304 3523 judices
3332 3469 3362 3509 a
3392 3454 3675 3510 catholicis

2079 3548 2493 3618 imperatoribus
2548 3547 2740 3602 missos
2779 3547 3038 3601 instanter
3075 3545 3447 3613 excluserint,
3496 3555 3673 3602 tamen

2081 3655 2112 3694 a
2140 3639 2319 3694 multis
2362 3639 2494 3693 locis
2520 3654 2655 3709 quos
2684 3637 2947 3693 catholica
3002 3644 3128 3692 ante
3179 3637 3354 3692 unitas
3382 3638 3670 3704 retinebat,

2082 3745 2185 3785 nee
2211 3729 2442 3798 ipsorum
2456 3728 2838 3784 catholicorum
2871 3727 3247 3797 imperatorum
3267 3728 3477 3798 legibus
3498 3729 3673 3785 exclu-

2084 3822 2302 3879 duntur.
2327 3822 2641 3887 Postremo,
2669 3821 2714 3876 si
2758 3820 2883 3892 quid
2916 3822 3051 3875 forte
3091 3820 3379 3892 aliquando
3416 3820 3675 3877 immode-

2083 3916 2251 3971 ratius
2278 3914 2329 3968 in
2356 3929 2448 3969 eos
2483 3913 2675 3969 factum
2702 3922 2785 3968 est
2806 3953 2822 3980 ,
2850 3912 2990 3984 quod
3016 3912 3358 3968 Christianam
3392 3913 3675 3969 excederet

2085 4006 2381 4070 lenitatem,
2413 4004 2658 4074 diSplicet
2682 4004 2928 4059 omnibus
2959 4003 3240 4059 frumentis
3281 4004 3476 4060 messis
3518 4003 3677 4059 domi-

2086 4101 2243 4166 uicae,
2276 4097 2327 4153 id
2356 4106 2459 4162 est,
2493 4095 2545 4151 in
2572 4095 2789 4151 Christo
2821 4093 3177 4151 laudabilibus
3214 4093 3561 4162 Christianis,
3589 4094 3673 4164 qui

2087 4190 2200 4245 sive
2243 4187 2594 4253 centenario,
2636 4191 2751 4241 sive
2822 4186 3207 4255 sexagenario,
3269 4185 3382 4241 sive
3442 4186 3675 4241 tricena-

2087 4282 2170 4339 rio
2222 4280 2396 4336 fructu
2438 4280 2490 4334 in
2532 4277 2791 4334 catholica
2841 4275 3080 4332 Ecclesia
3132 4284 3245 4333 toto
3284 4276 3414 4332 orbe
3458 4289 3673 4334 succre-

2089 4383 2263 4431 scunt.

2160 4464 2386 4522 CAPUT
2425 4463 2562 4520 XIV.
2593 4462 2741 4518 -Ξί
2755 4506 2769 4519 .
2791 4461 3127 4533 Quapropter
3145 4460 3344 4517 zizania
3364 4461 3448 4518 vel
3473 4460 3671 4532 paleam

2092 4556 2374 4615 catholicae
2422 4554 2617 4626 segetis
2667 4553 2945 4608 nobiscum
2993 4552 3362 4623 capiosissime
3402 4558 3675 4614 accusent.

2090 4650 2185 4705 sed
2212 4648 2487 4703 nobiscum
2522 4646 2658 4701 ferre
2682 4645 3067 4715 patientissime
3114 4659 3221 4698 non
3261 4653 3534 4699 recusent.
3578 4640 3675 4697 No-

2092 4744 2190 4799 luit
2213 4743 2354 4798 euim
2379 4741 2635 4795 Dominus
2679 4748 2803 4793 ante
2830 4747 3039 4808 tempus
3066 4737 3339 4793 eradicare
3382 4736 3605 4796 zizania,
3630 4740 3678 4787 et

2095 4850 2124 4888 a
2152 4834 2537 4888 frumentorum
2566 4831 2917 4901 permixtione
2963 4844 3231 4899 separare.
3285 4828 3469 4895 Sinite,
3496 4827 3675 4899 inquit,

2094 4938 2308 4998 utraque
2327 4943 2542 4981 crescere
2562 4942 2717 4990 usque
2736 4924 2809 4978 ad
2834 4941 3060 4979 messem.
3110 4925 3175 4979 Et
3198 4940 3318 4980 cum
3352 4924 3675 4981 involucrum

2096 5018 2333 5090 ejusdem
2350 5018 2710 5074 similitudinis
2741 5016 3104 5087 quzerentibus
3150 5017 3422 5086 discipulis
3448 5016 3675 5085 explica-

2096 5120 2201 5175 ret,
2230 5127 2334 5166 non
2361 5111 2456 5171 ait.
2487 5112 2626 5179 Ager
2666 5116 2749 5163 est
2789 5107 2965 5162 Africa
2996 5126 3010 5175 ;
3052 5108 3146 5162 sed
3182 5108 3275 5173 ait,
3306 5107 3441 5179 Ager
3482 5117 3559 5162 est
3605 5102 3677 5155 hic

2096 5206 2332 5260 mundus.
2366 5206 2465 5259 Per
2485 5212 2650 5259 totum
2675 5218 2803 5274 ergo
2830 5202 3083 5257 mundqu
3102 5218 3256 5274 seges
3287 5204 3385 5257 ista
3424 5203 3674 5260 seminata

2098 5309 2200 5364 est,
2237 5314 2332 5369 per
2356 5307 2520 5353 totum
2543 5296 2965 5368 superseminata
2992 5295 3214 5360 zizania,
3241 5310 3337 5367 per
3366 5304 3537 5352 totum
3567 5306 3675 5350 cre‘

2166 5435 2312 5499 ‘Amﬁ.
2356 5441 2409 5484 et
2448 5433 2678 5499 plerique
2717 5441 2846 5499 Mss,
2885 5430 3042 5499 solum
3065 5431 3283 5499 _:_male,
3328 5440 3380 5483 ιιι
3421 5430 3577 5499 liquet
3601 5440 3674 5499 εἰ

2098 5503 2263 5559 Enarr.
2290 5498 2341 5546 in
2363 5488 2481 5546 Psal.
2504 5497 2582 5556 36,
2597 5488 2759 5559 'serm.
2780 5488 2903 5559 2,9.
2925 5494 3003 5559 18.
3027 5495 3144 5545 vide
3164 5488 3407 5559 prteterea
3432 5488 3573 5559 epist.
3597 5488 3673 5559 9?.

2100 5572 2151 5609 ιι.
2181 5557 2269 5616 12ς
2299 5560 2441 5621 epist.
2472 5552 2577 5619 105,
2603 5572 2650 5608 n.
2691 5558 2752 5621 9;
2779 5552 2936 5609 etlib.
2961 5555 2994 5607 2
3021 5552 3188 5608 contra
3203 5558 3406 5608 Litteras
3431 5552 3670 5610 Petilianis

2101 5634 2184 5672 nn.
2202 5619 2313 5672 205.
2336 5619 2445 5670 (Μ.

2101 5634 2184 5672 nn.
2202 5634 2313 5681 sua,
2336 5634 2445 5670 224.

2164 5684 2282 5748 fsie
2302 5679 2416 5732 Mss.
2448 5689 2502 5733 At
2523 5682 2658 5738 editi.
2681 5680 3030 5748 imperatorum
3041 5679 3287 5743 justitiam
3307 5680 3528 5748 legesque
3569 5680 3671 5741 qud

2103 5745 2414 5816 ιιειιεῃιεηιεδ,
2440 5751 2533 5816 etc.
2702 5743 2901 5816 aliquot,
2926 5743 3053 5816 teges
3074 5756 3221 5815 qua»:
3245 5743 3557 5795 υρὴἔηιριὶεσ.

2170 5807 2190 5839 ³
2212 5812 2340 5870 κει,
2370 5806 2453 5858 sed
2486 5805 2619 5868 suis;
2649 5803 2821 5858 omissa
2846 5803 3109 5870 particula,
3140 5803 3207 5857 in.
