  <div class='ocr_page' id='page_1' title='image "/cluster/home/n/w/nwhite01/storage/ocr_20150623/43/uva.x000827113/032.png"; bbox 0 0 3764 6138; ppageno 0'>
   <div class='ocr_carea' id='block_1_1' title="bbox 80 238 1687 339">
    <p class='ocr_par' dir='ltr' id='par_1_1' title="bbox 80 254 1687 339">
     <span class='ocr_line' id='line_1_1' title="bbox 80 254 1687 339; baseline -0.011 -11"><span class='ocrx_word' id='word_1_1' title='bbox 80 284 127 339; x_wconf 56' lang='grc' dir='ltr'>ιθ</span> <span class='ocrx_word' id='word_1_2' title='bbox 828 264 837 270; x_wconf 77' lang='grc'><em>”</em></span> <span class='ocrx_word' id='word_1_3' title='bbox 1373 254 1579 315; x_wconf 75' lang='lat' dir='ltr'><strong>LIBER</strong></span> <span class='ocrx_word' id='word_1_4' title='bbox 1616 254 1687 311; x_wconf 78' lang='lat' dir='ltr'><strong>SE</strong></span> 
     </span>
    </p>
   </div>
   <div class='ocr_carea' id='block_1_2' title="bbox 1828 238 3322 339">
    <p class='ocr_par' dir='ltr' id='par_1_2' title="bbox 1828 238 3322 311">
     <span class='ocr_line' id='line_1_2' title="bbox 1828 238 3322 311; baseline 0.001 -4"><span class='ocrx_word' id='word_1_5' title='bbox 1828 253 1991 311; x_wconf 63' lang='lat' dir='ltr'><strong>lDUa.</strong></span> <span class='ocrx_word' id='word_1_6' title='bbox 3084 238 3091 247; x_wconf 57' lang='grc'><em>’</em></span> <span class='ocrx_word' id='word_1_7' title='bbox 3248 251 3322 309; x_wconf 82' lang='lat' dir='ltr'><strong>so</strong></span> 
     </span>
    </p>
   </div>
   <div class='ocr_carea' id='block_1_3' title="bbox 83 374 1618 467">
    <p class='ocr_par' dir='ltr' id='par_1_3' title="bbox 83 374 1618 467">
     <span class='ocr_line' id='line_1_3' title="bbox 83 374 1618 467; baseline -0.02 -9"><span class='ocrx_word' id='word_1_8' title='bbox 83 401 430 467; x_wconf 73' lang='lat' dir='ltr'><strong>odiumque</strong></span> <span class='ocrx_word' id='word_1_9' title='bbox 449 405 626 463; x_wconf 79' lang='lat' dir='ltr'><strong>usque</strong></span> <span class='ocrx_word' id='word_1_10' title='bbox 650 387 720 445; x_wconf 84' lang='lat' dir='ltr'><strong>ad</strong></span> <span class='ocrx_word' id='word_1_11' title='bbox 740 399 986 443; x_wconf 87' lang='lat' dir='ltr'><strong>messem.</strong></span> <span class='ocrx_word' id='word_1_12' title='bbox 1026 376 1297 452; x_wconf 79' lang='lat' dir='ltr'><strong>Numquid</strong></span> <span class='ocrx_word' id='word_1_13' title='bbox 1321 384 1413 432; x_wconf 88' lang='lat' dir='ltr'><strong>aut</strong></span> <span class='ocrx_word' id='word_1_14' title='bbox 1438 374 1618 467; x_wconf 82' lang='lat' dir='ltr'><strong>Dona-</strong></span> 
     </span>
    </p>
   </div>
   <div class='ocr_carea' id='block_1_4' title="bbox 40 465 1617 557">
    <p class='ocr_par' dir='ltr' id='par_1_4' title="bbox 40 465 1617 557">
     <span class='ocr_line' id='line_1_4' title="bbox 40 465 1617 557; baseline -0.019 -7"><span class='ocrx_word' id='word_1_15' title='bbox 40 465 43 557; x_wconf 54' lang='grc' dir='ltr'><em>ξ</em></span> <span class='ocrx_word' id='word_1_16' title='bbox 84 489 239 552; x_wconf 83' lang='lat' dir='ltr'><strong>tusfuit</strong></span> <span class='ocrx_word' id='word_1_17' title='bbox 274 465 446 557; x_wconf 79' lang='lat' dir='ltr'><strong>major</strong></span> <span class='ocrx_word' id='word_1_18' title='bbox 473 496 707 547; x_wconf 81' lang='lat' dir='ltr'><strong>messor,</strong></span> <span class='ocrx_word' id='word_1_19' title='bbox 748 485 839 535; x_wconf 87' lang='lat' dir='ltr'><strong>aut</strong></span> <span class='ocrx_word' id='word_1_20' title='bbox 864 491 931 533; x_wconf 91' lang='lat' dir='ltr'><strong>eo</strong></span> <span class='ocrx_word' id='word_1_21' title='bbox 956 485 1200 546; x_wconf 87' lang='lat' dir='ltr'><strong>tempore</strong></span> <span class='ocrx_word' id='word_1_22' title='bbox 1234 485 1342 542; x_wconf 90' lang='lat' dir='ltr'><strong>quo</strong></span> <span class='ocrx_word' id='word_1_23' title='bbox 1365 481 1428 524; x_wconf 85' lang='lat' dir='ltr'><strong>se</strong></span> <span class='ocrx_word' id='word_1_24' title='bbox 1455 465 1545 522; x_wconf 92' lang='lat' dir='ltr'><strong>isti</strong></span> <span class='ocrx_word' id='word_1_25' title='bbox 1584 479 1617 522; x_wconf 86' lang='lat' dir='ltr'><strong>a</strong></span> 
     </span>
    </p>
   </div>
   <div class='ocr_carea' id='block_1_5' title="bbox 40 550 1616 647">
    <p class='ocr_par' dir='ltr' id='par_1_5' title="bbox 40 550 1616 647">
     <span class='ocr_line' id='line_1_5' title="bbox 40 550 1616 647; baseline -0.016 -9"><span class='ocrx_word' id='word_1_26' title='bbox 40 550 43 621; x_wconf 41' lang='grc' dir='ltr'>ἑ</span> <span class='ocrx_word' id='word_1_27' title='bbox 315 550 449 634; x_wconf 77' lang='lat' dir='ltr'><strong>orbe</strong></span> <span class='ocrx_word' id='word_1_28' title='bbox 462 581 800 647; x_wconf 88' lang='lat' dir='ltr'><strong>separarunt,</strong></span> <span class='ocrx_word' id='word_1_29' title='bbox 836 577 1046 638; x_wconf 85' lang='lat' dir='ltr'><strong>tempus</strong></span> <span class='ocrx_word' id='word_1_30' title='bbox 1083 563 1273 621; x_wconf 82' lang='lat' dir='ltr'><strong>messis</strong></span> <span class='ocrx_word' id='word_1_31' title='bbox 1291 560 1616 617; x_wconf 78' lang='lat' dir='ltr'><strong>advenerat:</strong></span> 
     </span>
    </p>
   </div>
   <div class='ocr_carea' id='block_1_6' title="bbox 40 648 1620 761">
    <p class='ocr_par' dir='ltr' id='par_1_6' title="bbox 40 648 1620 761">
     <span class='ocr_line' id='line_1_6' title="bbox 40 648 1620 761; baseline -0.02 -25"><span class='ocrx_word' id='word_1_32' title='bbox 40 652 45 761; x_wconf 55' lang='grc' dir='ltr'>ᾗ</span> <span class='ocrx_word' id='word_1_33' title='bbox 83 691 168 735; x_wconf 79' lang='lat' dir='ltr'><strong>cum</strong></span> <span class='ocrx_word' id='word_1_34' title='bbox 189 672 313 729; x_wconf 86' lang='lat' dir='ltr'><strong>idem</strong></span> <span class='ocrx_word' id='word_1_35' title='bbox 340 667 599 725; x_wconf 83' lang='lat' dir='ltr'><strong>Dominus</strong></span> <span class='ocrx_word' id='word_1_36' title='bbox 625 680 693 719; x_wconf 91' lang='lat' dir='ltr'><strong>ne</strong></span> <span class='ocrx_word' id='word_1_37' title='bbox 721 660 877 718; x_wconf 88' lang='lat' dir='ltr'><strong>alicui</strong></span> <span class='ocrx_word' id='word_1_38' title='bbox 903 659 1088 714; x_wconf 91' lang='lat' dir='ltr'><strong>liceret</strong></span> <span class='ocrx_word' id='word_1_39' title='bbox 1112 652 1454 761; x_wconf 68' lang='lat' dir='ltr'><strong>interpretari</strong></span> <span class='ocrx_word' id='word_1_40' title='bbox 1476 648 1620 721; x_wconf 91' lang='lat' dir='ltr'><strong>quod</strong></span> 
     </span>
    </p>
   </div>
   <div class='ocr_carea' id='block_1_7' title="bbox 40 745 1619 833">
    <p class='ocr_par' dir='ltr' id='par_1_7' title="bbox 40 745 1619 833">
     <span class='ocr_line' id='line_1_7' title="bbox 40 745 1619 833; baseline -0.019 -8"><span class='ocrx_word' id='word_1_41' title='bbox 40 745 43 825; x_wconf 64' lang='grc' dir='ltr'>ί</span> <span class='ocrx_word' id='word_1_42' title='bbox 85 768 219 830; x_wconf 78' lang='lat' dir='ltr'><strong>vellet,</strong></span> <span class='ocrx_word' id='word_1_43' title='bbox 242 759 573 833; x_wconf 73' lang='lat' dir='ltr'><strong>apertissime</strong></span> <span class='ocrx_word' id='word_1_44' title='bbox 592 754 809 821; x_wconf 71' lang='lat' dir='ltr'><strong>dixerit,</strong></span> <span class='ocrx_word' id='word_1_45' title='bbox 828 750 1009 807; x_wconf 73' lang='lat' dir='ltr'><strong>Hcssis</strong></span> <span class='ocrx_word' id='word_1_46' title='bbox 1031 758 1203 804; x_wconf 79' lang='lat' dir='ltr'><strong>autem</strong></span> <span class='ocrx_word' id='word_1_47' title='bbox 1226 755 1298 801; x_wconf 83' lang='lat' dir='ltr'><strong>est</strong></span> <span class='ocrx_word' id='word_1_48' title='bbox 1318 745 1437 817; x_wconf 71' lang='lat' dir='ltr'><strong>ﬁnis</strong></span> <span class='ocrx_word' id='word_1_49' title='bbox 1454 759 1619 798; x_wconf 66' lang='lat' dir='ltr'><strong>siccu-</strong></span> 
     </span>
    </p>
   </div>
   <div class='ocr_carea' id='block_1_8' title="bbox 40 837 1617 927">
    <p class='ocr_par' dir='ltr' id='par_1_8' title="bbox 40 837 1617 927">
     <span class='ocr_line' id='line_1_8' title="bbox 40 837 1617 927; baseline -0.017 -10"><span class='ocrx_word' id='word_1_50' title='bbox 40 838 41 855; x_wconf 34' lang='lat'>‘</span> <span class='ocrx_word' id='word_1_51' title='bbox 84 865 372 927; x_wconf 56' lang='lat' dir='ltr'><strong>Maiestate:</strong></span> <span class='ocrx_word' id='word_1_52' title='bbox 408 861 581 907; x_wconf 84' lang='lat' dir='ltr'><strong>autem</strong></span> <span class='ocrx_word' id='word_1_53' title='bbox 628 847 813 922; x_wconf 68' lang='grc' dir='ltr'><em>Δηρειὶ</em></span> <span class='ocrx_word' id='word_1_54' title='bbox 860 841 1023 915; x_wconf 83' lang='lat' dir='ltr'><strong>sunt(</strong></span> <span class='ocrx_word' id='word_1_55' title='bbox 1055 840 1244 897; x_wconf 73' lang='lat' dir='ltr'><strong>Matth.</strong></span> <span class='ocrx_word' id='word_1_56' title='bbox 1276 855 1391 902; x_wconf 78' lang='lat' dir='ltr'><strong>xm,</strong></span> <span class='ocrx_word' id='word_1_57' title='bbox 1420 837 1617 901; x_wconf 76' lang='lat'><strong>25-30,</strong></span> 
     </span>
    </p>
   </div>
   <div class='ocr_carea' id='block_1_9' title="bbox 40 928 1616 1021">
    <p class='ocr_par' dir='ltr' id='par_1_9' title="bbox 40 928 1616 1021">
     <span class='ocr_line' id='line_1_9' title="bbox 40 928 1616 1021; baseline -0.019 -10"><span class='ocrx_word' id='word_1_58' title='bbox 40 928 43 989; x_wconf 51' lang='lat' dir='ltr'><strong>l</strong></span> <span class='ocrx_word' id='word_1_59' title='bbox 84 946 462 1021; x_wconf 64' lang='lat' dir='ltr'><strong>56-45)?Tales</strong></span> <span class='ocrx_word' id='word_1_60' title='bbox 502 942 643 998; x_wconf 89' lang='lat' dir='ltr'><strong>enim</strong></span> <span class='ocrx_word' id='word_1_61' title='bbox 680 951 947 996; x_wconf 73' lang='lat' dir='ltr'><strong>messores</strong></span> <span class='ocrx_word' id='word_1_62' title='bbox 994 948 1177 992; x_wconf 89' lang='lat' dir='ltr'><strong>errare</strong></span> <span class='ocrx_word' id='word_1_63' title='bbox 1227 947 1332 987; x_wconf 90' lang='lat' dir='ltr'><strong>non</strong></span> <span class='ocrx_word' id='word_1_64' title='bbox 1373 936 1616 1002; x_wconf 87' lang='lat' dir='ltr'><strong>possunt,</strong></span> 
     </span>
    </p>
   </div>
   <div class='ocr_carea' id='block_1_10' title="bbox 40 1020 1620 1106">
    <p class='ocr_par' dir='ltr' id='par_1_10' title="bbox 40 1020 1620 1106">
     <span class='ocr_line' id='line_1_10' title="bbox 40 1020 1620 1106; baseline -0.018 -3"><span class='ocrx_word' id='word_1_65' title='bbox 40 1068 43 1103; x_wconf 54' lang='grc' dir='ltr'><em>θ</em></span> <span class='ocrx_word' id='word_1_66' title='bbox 87 1020 516 1101; x_wconf 84' lang='lat' dir='ltr'><strong>utvelfrumenta</strong></span> <span class='ocrx_word' id='word_1_67' title='bbox 558 1050 656 1106; x_wconf 92' lang='lat' dir='ltr'><strong>pro</strong></span> <span class='ocrx_word' id='word_1_68' title='bbox 698 1031 916 1088; x_wconf 78' lang='lat' dir='ltr'><strong>zizaniis</strong></span> <span class='ocrx_word' id='word_1_69' title='bbox 946 1028 1217 1098; x_wconf 74' lang='lat' dir='ltr'><strong>colligant,</strong></span> <span class='ocrx_word' id='word_1_70' title='bbox 1249 1025 1336 1080; x_wconf 92' lang='lat' dir='ltr'><strong>vel</strong></span> <span class='ocrx_word' id='word_1_71' title='bbox 1384 1039 1480 1095; x_wconf 91' lang='lat' dir='ltr'><strong>pro</strong></span> <span class='ocrx_word' id='word_1_72' title='bbox 1508 1020 1620 1076; x_wconf 86' lang='lat' dir='ltr'><strong>fru-</strong></span> 
     </span>
    </p>
   </div>
   <div class='ocr_carea' id='block_1_11' title="bbox 40 1106 1622 1201">
    <p class='ocr_par' dir='ltr' id='par_1_11' title="bbox 40 1106 1622 1201">
     <span class='ocr_line' id='line_1_11' title="bbox 40 1106 1622 1201; baseline -0.016 -7"><span class='ocrx_word' id='word_1_73' title='bbox 40 1106 43 1165; x_wconf 36' lang='lat' dir='ltr'><strong>s</strong></span> <span class='ocrx_word' id='word_1_74' title='bbox 86 1136 228 1193; x_wconf 78' lang='lat' dir='ltr'><strong>mentis</strong></span> <span class='ocrx_word' id='word_1_75' title='bbox 253 1132 448 1188; x_wconf 78' lang='lat' dir='ltr'><strong>zizania</strong></span> <span class='ocrx_word' id='word_1_76' title='bbox 488 1128 730 1201; x_wconf 80' lang='lat' dir='ltr'><strong>redigant</strong></span> <span class='ocrx_word' id='word_1_77' title='bbox 756 1127 798 1179; x_wconf 75' lang='grc'><strong>⁸.</strong></span> <span class='ocrx_word' id='word_1_78' title='bbox 827 1123 916 1179; x_wconf 89' lang='lat' dir='ltr'><strong>Isti</strong></span> <span class='ocrx_word' id='word_1_79' title='bbox 968 1131 1149 1177; x_wconf 82' lang='lat' dir='ltr'><strong>autem</strong></span> <span class='ocrx_word' id='word_1_80' title='bbox 1203 1133 1323 1176; x_wconf 91' lang='lat' dir='ltr'><strong>cum</strong></span> <span class='ocrx_word' id='word_1_81' title='bbox 1360 1116 1512 1189; x_wconf 87' lang='lat' dir='ltr'><strong>quasi</strong></span> <span class='ocrx_word' id='word_1_82' title='bbox 1543 1116 1622 1170; x_wconf 83' lang='lat' dir='ltr'><strong>zi-</strong></span> 
     </span>
    </p>
   </div>
   <div class='ocr_carea' id='block_1_12' title="bbox 40 1214 1620 1298">
    <p class='ocr_par' dir='ltr' id='par_1_12' title="bbox 40 1214 1620 1298">
     <span class='ocr_line' id='line_1_12' title="bbox 40 1214 1620 1298; baseline -0.016 -11"><span class='ocrx_word' id='word_1_83' title='bbox 40 1260 43 1275; x_wconf 67' lang='grc'><strong>›</strong></span> <span class='ocrx_word' id='word_1_84' title='bbox 90 1230 230 1287; x_wconf 74' lang='lat' dir='ltr'><strong>xenia’</strong></span> <span class='ocrx_word' id='word_1_85' title='bbox 254 1226 491 1298; x_wconf 82' lang='lat' dir='ltr'><strong>fugiunt,</strong></span> <span class='ocrx_word' id='word_1_86' title='bbox 520 1239 578 1279; x_wconf 90' lang='lat' dir='ltr'><strong>se</strong></span> <span class='ocrx_word' id='word_1_87' title='bbox 605 1222 753 1293; x_wconf 90' lang='lat' dir='ltr'><strong>ipsos</strong></span> <span class='ocrx_word' id='word_1_88' title='bbox 776 1233 897 1275; x_wconf 88' lang='lat' dir='ltr'><strong>esse</strong></span> <span class='ocrx_word' id='word_1_89' title='bbox 926 1215 1128 1272; x_wconf 82' lang='lat' dir='ltr'><strong>zizania</strong></span> <span class='ocrx_word' id='word_1_90' title='bbox 1161 1214 1620 1275; x_wconf 90' lang='lat' dir='ltr'><strong>demonstrarunt,</strong></span> 
     </span>
    </p>
   </div>
   <div class='ocr_carea' id='block_1_13' title="bbox 40 1302 1622 1382">
    <p class='ocr_par' dir='ltr' id='par_1_13' title="bbox 40 1302 1622 1382">
     <span class='ocr_line' id='line_1_13' title="bbox 40 1302 1622 1382; baseline -0.015 -2"><span class='ocrx_word' id='word_1_91' title='bbox 40 1346 41 1353; x_wconf 52' lang='grc' dir='ltr'><strong>η</strong></span> <span class='ocrx_word' id='word_1_92' title='bbox 90 1318 551 1379; x_wconf 82' lang='lat' dir='ltr'><strong>inmanifestissimo</strong></span> <span class='ocrx_word' id='word_1_93' title='bbox 603 1311 887 1382; x_wconf 86' lang='lat' dir='ltr'><strong>sacrilegio</strong></span> <span class='ocrx_word' id='word_1_94' title='bbox 926 1316 1117 1365; x_wconf 87' lang='lat' dir='ltr'><strong>contra</strong></span> <span class='ocrx_word' id='word_1_95' title='bbox 1164 1304 1486 1362; x_wconf 87' lang='lat' dir='ltr'><strong>sententiam</strong></span> <span class='ocrx_word' id='word_1_96' title='bbox 1513 1302 1622 1357; x_wconf 87' lang='lat' dir='ltr'><strong>Do-</strong></span> 
     </span>
    </p>
   </div>
   <div class='ocr_carea' id='block_1_14' title="bbox 96 1455 1623 1550">
    <p class='ocr_par' dir='ltr' id='par_1_14' title="bbox 96 1455 1623 1550">
     <span class='ocr_line' id='line_1_14' title="bbox 96 1455 1623 1550; baseline -0.021 -17"><span class='ocrx_word' id='word_1_97' title='bbox 96 1540 103 1550; x_wconf 28' lang='lat'><strong>,</strong></span> <span class='ocrx_word' id='word_1_98' title='bbox 132 1480 273 1550; x_wconf 50' lang='lat' dir='ltr'><strong>{lava</strong></span> <span class='ocrx_word' id='word_1_99' title='bbox 295 1471 513 1539; x_wconf 76' lang='lat' dir='ltr'><strong>religent.</strong></span> <span class='ocrx_word' id='word_1_100' title='bbox 537 1468 709 1522; x_wconf 69' lang='lat' dir='ltr'><strong>Melius</strong></span> <span class='ocrx_word' id='word_1_101' title='bbox 730 1474 832 1518; x_wconf 76' lang='lat' dir='ltr'><strong>Am.</strong></span> <span class='ocrx_word' id='word_1_102' title='bbox 874 1471 929 1518; x_wconf 92' lang='lat' dir='ltr'><strong>et</strong></span> <span class='ocrx_word' id='word_1_103' title='bbox 948 1472 1079 1524; x_wconf 63' lang='grc' dir='ltr'><strong>ωδε..</strong></span> <span class='ocrx_word' id='word_1_104' title='bbox 1121 1457 1347 1525; x_wconf 73' lang='lat' dir='ltr'><strong>redigant</strong></span> <span class='ocrx_word' id='word_1_105' title='bbox 1369 1469 1388 1509; x_wconf 89' lang='lat'><strong><em>:</em></strong></span> <span class='ocrx_word' id='word_1_106' title='bbox 1410 1455 1587 1520; x_wconf 87' lang='lat' dir='ltr'><strong>supple</strong></span> <span class='ocrx_word' id='word_1_107' title='bbox 1604 1489 1623 1517; x_wconf 92' lang='lat'><strong>,</strong></span> 
     </span>
    </p>
   </div>
   <div class='ocr_carea' id='block_1_15' title="bbox 90 1539 1626 1655">
    <p class='ocr_par' dir='ltr' id='par_1_15' title="bbox 90 1539 1626 1655">
     <span class='ocr_line' id='line_1_15' title="bbox 90 1539 1626 1655; baseline -0.016 -2"><span class='ocrx_word' id='word_1_108' title='bbox 90 1539 389 1652; x_wconf 41' lang='lat' dir='ltr'><strong>“mimis</strong></span> <span class='ocrx_word' id='word_1_109' title='bbox 421 1607 525 1648; x_wconf 69' lang='lat' dir='ltr'><strong>sm.</strong></span> <span class='ocrx_word' id='word_1_110' title='bbox 548 1594 700 1655; x_wconf 83' lang='lat' dir='ltr'><strong>addit,</strong></span> <span class='ocrx_word' id='word_1_111' title='bbox 722 1589 980 1655; x_wconf 82' lang='lat' dir='ltr'><strong>geminata.</strong></span> <span class='ocrx_word' id='word_1_112' title='bbox 1012 1593 1147 1648; x_wconf 65' lang='grc' dir='ltr'>ιρι,</span> <span class='ocrx_word' id='word_1_113' title='bbox 1180 1581 1468 1651; x_wconf 78' lang='lat' dir='ltr'><strong>geminata.</strong></span> <span class='ocrx_word' id='word_1_114' title='bbox 1502 1587 1626 1631; x_wconf 79' lang='lat' dir='ltr'><strong>Neu-</strong></span> 
     </span>
    </p>
   </div>
   <div class='ocr_carea' id='block_1_16' title="bbox 92 1656 848 1720">
    <p class='ocr_par' dir='ltr' id='par_1_16' title="bbox 92 1656 848 1720">
     <span class='ocr_line' id='line_1_16' title="bbox 92 1656 848 1720; baseline -0.015 -4"><span class='ocrx_word' id='word_1_115' title='bbox 92 1674 185 1715; x_wconf 82' lang='lat' dir='ltr'><strong>trum</strong></span> <span class='ocrx_word' id='word_1_116' title='bbox 202 1676 302 1714; x_wconf 85' lang='lat' dir='ltr'><strong>vero</strong></span> <span class='ocrx_word' id='word_1_117' title='bbox 320 1668 396 1713; x_wconf 87' lang='lat' dir='ltr'><strong>est</strong></span> <span class='ocrx_word' id='word_1_118' title='bbox 417 1661 469 1711; x_wconf 89' lang='lat' dir='ltr'><strong>in</strong></span> <span class='ocrx_word' id='word_1_119' title='bbox 491 1656 848 1720; x_wconf 81' lang='lat' dir='ltr'><strong>manuscriptis.</strong></span> 
     </span>
    </p>
   </div>
   <div class='ocr_carea' id='block_1_17' title="bbox 968 1771 1613 1797">
    <p class='ocr_par' dir='ltr' id='par_1_17' title="bbox 968 1771 1613 1797">
     <span class='ocr_line' id='line_1_17' title="bbox 968 1771 1613 1797; baseline -0.009 -6"><span class='ocrx_word' id='word_1_120' title='bbox 968 1771 1613 1797; x_wconf 72' lang='grc'><strong>.,.-.....-...-----</strong></span> 
     </span>
    </p>
   </div>
   <div class='ocr_carea' id='block_1_18' title="bbox 104 1781 957 1810">
    <p class='ocr_par' dir='ltr' id='par_1_18' title="bbox 104 1781 957 1810">
     <span class='ocr_line' id='line_1_18' title="bbox 104 1781 957 1810; baseline -0.009 -6"><span class='ocrx_word' id='word_1_121' title='bbox 104 1781 957 1810; x_wconf 77' lang='lat'><strong>____.._______—.—</strong></span> 
     </span>
    </p>
   </div>
   <div class='ocr_carea' id='block_1_19' title="bbox 1725 367 3320 440">
    <p class='ocr_par' dir='ltr' id='par_1_19' title="bbox 1725 367 3320 440">
     <span class='ocr_line' id='line_1_19' title="bbox 1725 367 3320 440; baseline -0.003 -13"><span class='ocrx_word' id='word_1_122' title='bbox 1725 370 1855 427; x_wconf 88' lang='lat' dir='ltr'><strong>mini</strong></span> <span class='ocrx_word' id='word_1_123' title='bbox 1905 369 2259 440; x_wconf 73' lang='lat' dir='ltr'><strong>praedicantes</strong></span> <span class='ocrx_word' id='word_1_124' title='bbox 2292 390 2304 424; x_wconf 87' lang='lat'><strong>:</strong></span> <span class='ocrx_word' id='word_1_125' title='bbox 2339 380 2396 425; x_wconf 91' lang='lat' dir='ltr'><strong>ut</strong></span> <span class='ocrx_word' id='word_1_126' title='bbox 2426 384 2550 427; x_wconf 90' lang='lat' dir='ltr'><strong>cum</strong></span> <span class='ocrx_word' id='word_1_127' title='bbox 2588 370 2677 423; x_wconf 90' lang='lat' dir='ltr'><strong>ille</strong></span> <span class='ocrx_word' id='word_1_128' title='bbox 2712 367 2875 435; x_wconf 85' lang='lat' dir='ltr'><strong>dicat,</strong></span> <span class='ocrx_word' id='word_1_129' title='bbox 2914 368 3079 425; x_wconf 78' lang='lat' dir='ltr'><strong>Sinite</strong></span> <span class='ocrx_word' id='word_1_130' title='bbox 3105 378 3320 439; x_wconf 71' lang='lat' dir='ltr'><strong>utraque</strong></span> 
     </span>
    </p>
   </div>
   <div class='ocr_carea' id='block_1_20' title="bbox 1726 460 3317 532">
    <p class='ocr_par' dir='ltr' id='par_1_20' title="bbox 1726 460 3317 532">
     <span class='ocr_line' id='line_1_20' title="bbox 1726 460 3317 532; baseline -0.003 -13"><span class='ocrx_word' id='word_1_131' title='bbox 1726 478 1945 519; x_wconf 84' lang='lat' dir='ltr'><strong>crescere</strong></span> <span class='ocrx_word' id='word_1_132' title='bbox 1992 479 2150 532; x_wconf 80' lang='lat' dir='ltr'><strong>usque</strong></span> <span class='ocrx_word' id='word_1_133' title='bbox 2200 463 2267 518; x_wconf 88' lang='lat' dir='ltr'><strong>ad</strong></span> <span class='ocrx_word' id='word_1_134' title='bbox 2318 476 2572 527; x_wconf 82' lang='lat' dir='ltr'><strong>messem;</strong></span> <span class='ocrx_word' id='word_1_135' title='bbox 2622 460 2708 516; x_wconf 88' lang='lat' dir='ltr'><strong>isti</strong></span> <span class='ocrx_word' id='word_1_136' title='bbox 2757 474 2851 529; x_wconf 90' lang='lat' dir='ltr'><strong>per</strong></span> <span class='ocrx_word' id='word_1_137' title='bbox 2901 468 3008 514; x_wconf 89' lang='lat' dir='ltr'><strong>tam</strong></span> <span class='ocrx_word' id='word_1_138' title='bbox 3064 473 3317 531; x_wconf 87' lang='lat' dir='ltr'><strong>magnum</strong></span> 
     </span>
    </p>
   </div>
   <div class='ocr_carea' id='block_1_21' title="bbox 1725 550 3315 627">
    <p class='ocr_par' dir='ltr' id='par_1_21' title="bbox 1725 550 3315 627">
     <span class='ocr_line' id='line_1_21' title="bbox 1725 550 3315 627; baseline -0.003 -18"><span class='ocrx_word' id='word_1_139' title='bbox 1725 570 1934 627; x_wconf 85' lang='lat' dir='ltr'><strong>agrum,</strong></span> <span class='ocrx_word' id='word_1_140' title='bbox 1953 553 2007 608; x_wconf 92' lang='lat' dir='ltr'><strong>id</strong></span> <span class='ocrx_word' id='word_1_141' title='bbox 2036 560 2152 620; x_wconf 91' lang='lat' dir='ltr'><strong>est,</strong></span> <span class='ocrx_word' id='word_1_142' title='bbox 2209 562 2379 608; x_wconf 90' lang='lat' dir='ltr'><strong>totum</strong></span> <span class='ocrx_word' id='word_1_143' title='bbox 2418 550 2672 607; x_wconf 91' lang='lat' dir='ltr'><strong>mundum</strong></span> <span class='ocrx_word' id='word_1_144' title='bbox 2700 551 2744 615; x_wconf 72' lang='lat'><strong>*,</strong></span> <span class='ocrx_word' id='word_1_145' title='bbox 2793 550 2997 605; x_wconf 82' lang='lat' dir='ltr'><strong>zizania</strong></span> <span class='ocrx_word' id='word_1_146' title='bbox 3045 564 3315 616; x_wconf 85' lang='lat' dir='ltr'><strong>crescere,</strong></span> 
     </span>
    </p>
   </div>
   <div class='ocr_carea' id='block_1_22' title="bbox 1725 639 3319 707">
    <p class='ocr_par' dir='ltr' id='par_1_22' title="bbox 1725 639 3319 707">
     <span class='ocr_line' id='line_1_22' title="bbox 1725 639 3319 707; baseline -0.003 -5"><span class='ocrx_word' id='word_1_147' title='bbox 1725 644 1990 701; x_wconf 88' lang='lat' dir='ltr'><strong>frumenta</strong></span> <span class='ocrx_word' id='word_1_148' title='bbox 2017 659 2145 700; x_wconf 89' lang='lat' dir='ltr'><strong>vero</strong></span> <span class='ocrx_word' id='word_1_149' title='bbox 2169 643 2448 707; x_wconf 90' lang='lat' dir='ltr'><strong>diminuta,</strong></span> <span class='ocrx_word' id='word_1_150' title='bbox 2469 652 2525 697; x_wconf 94' lang='lat' dir='ltr'><strong>et</strong></span> <span class='ocrx_word' id='word_1_151' title='bbox 2543 643 2594 696; x_wconf 90' lang='lat' dir='ltr'><strong>in</strong></span> <span class='ocrx_word' id='word_1_152' title='bbox 2625 642 2737 696; x_wconf 91' lang='lat' dir='ltr'><strong>sola</strong></span> <span class='ocrx_word' id='word_1_153' title='bbox 2768 639 2947 695; x_wconf 86' lang='lat' dir='ltr'><strong>Africa</strong></span> <span class='ocrx_word' id='word_1_154' title='bbox 2987 640 3319 697; x_wconf 82' lang='lat' dir='ltr'><strong>remansisse</strong></span> 
     </span>
    </p>
   </div>
   <div class='ocr_carea' id='block_1_23' title="bbox 1725 731 3322 805">
    <p class='ocr_par' dir='ltr' id='par_1_23' title="bbox 1725 731 3322 805">
     <span class='ocr_line' id='line_1_23' title="bbox 1725 731 3322 805; baseline -0.004 -12"><span class='ocrx_word' id='word_1_155' title='bbox 1725 735 2071 800; x_wconf 84' lang='lat' dir='ltr'><strong>contendant,</strong></span> <span class='ocrx_word' id='word_1_156' title='bbox 2108 735 2322 790; x_wconf 83' lang='lat' dir='ltr'><strong>Cbrtsm</strong></span> <span class='ocrx_word' id='word_1_157' title='bbox 2349 733 2459 805; x_wconf 84' lang='lat' dir='ltr'><strong>regi</strong></span> <span class='ocrx_word' id='word_1_158' title='bbox 2488 740 2544 787; x_wconf 89' lang='lat' dir='ltr'><strong>et</strong></span> <span class='ocrx_word' id='word_1_159' title='bbox 2593 731 2815 803; x_wconf 86' lang='lat' dir='ltr'><strong>principi</strong></span> <span class='ocrx_word' id='word_1_160' title='bbox 2869 744 3055 787; x_wconf 90' lang='lat' dir='ltr'><strong>nostro</strong></span> <span class='ocrx_word' id='word_1_161' title='bbox 3100 732 3322 787; x_wconf 86' lang='lat' dir='ltr'><strong>sacrile-</strong></span> 
     </span>
    </p>
   </div>
   <div class='ocr_carea' id='block_1_24' title="bbox 1726 821 3313 902">
    <p class='ocr_par' dir='ltr' id='par_1_24' title="bbox 1726 821 3313 902">
     <span class='ocr_line' id='line_1_24' title="bbox 1726 821 3313 902; baseline -0.004 -18"><span class='ocrx_word' id='word_1_162' title='bbox 1726 845 1844 902; x_wconf 83' lang='lat' dir='ltr'><strong>gam</strong></span> <span class='ocrx_word' id='word_1_163' title='bbox 1864 827 2122 883; x_wconf 82' lang='lat' dir='ltr'><strong>facientes</strong></span> <span class='ocrx_word' id='word_1_164' title='bbox 2148 827 2417 897; x_wconf 87' lang='lat' dir='ltr'><strong>injuriam.</strong></span> <span class='ocrx_word' id='word_1_165' title='bbox 2471 824 2738 893; x_wconf 77' lang='lat' dir='ltr'><strong>Scriptum</strong></span> <span class='ocrx_word' id='word_1_166' title='bbox 2785 833 2868 879; x_wconf 87' lang='lat' dir='ltr'><strong>est</strong></span> <span class='ocrx_word' id='word_1_167' title='bbox 2898 824 3040 878; x_wconf 91' lang='lat' dir='ltr'><strong>enim</strong></span> <span class='ocrx_word' id='word_1_168' title='bbox 3071 840 3086 877; x_wconf 92' lang='lat'><strong>:</strong></span> <span class='ocrx_word' id='word_1_169' title='bbox 3119 821 3183 877; x_wconf 86' lang='lat' dir='ltr'><strong>In</strong></span> <span class='ocrx_word' id='word_1_170' title='bbox 3213 823 3313 878; x_wconf 85' lang='lat' dir='ltr'><strong>latc</strong></span> 
     </span>
    </p>
   </div>
   <div class='ocr_carea' id='block_1_25' title="bbox 1725 916 3323 994">
    <p class='ocr_par' dir='ltr' id='par_1_25' title="bbox 1725 916 3323 994">
     <span class='ocr_line' id='line_1_25' title="bbox 1725 916 3323 994; baseline -0.005 -18"><span class='ocrx_word' id='word_1_171' title='bbox 1725 930 1873 994; x_wconf 87' lang='lat' dir='ltr'><strong>gente</strong></span> <span class='ocrx_word' id='word_1_172' title='bbox 1891 920 2054 992; x_wconf 85' lang='lat' dir='ltr'><strong>gloria</strong></span> <span class='ocrx_word' id='word_1_173' title='bbox 2080 920 2212 991; x_wconf 86' lang='lat' dir='ltr'><strong>regis</strong></span> <span class='ocrx_word' id='word_1_174' title='bbox 2237 936 2255 982; x_wconf 75' lang='grc' dir='ltr'><strong><em>ς</em></strong></span> <span class='ocrx_word' id='word_1_175' title='bbox 2277 919 2329 973; x_wconf 87' lang='lat' dir='ltr'><strong>in</strong></span> <span class='ocrx_word' id='word_1_176' title='bbox 2354 917 2685 972; x_wconf 82' lang='lat' dir='ltr'><strong>diminutione</strong></span> <span class='ocrx_word' id='word_1_177' title='bbox 2713 925 2877 970; x_wconf 81' lang='lat' dir='ltr'><strong>autem</strong></span> <span class='ocrx_word' id='word_1_178' title='bbox 2912 916 3091 988; x_wconf 82' lang='lat' dir='ltr'><strong>populi</strong></span> <span class='ocrx_word' id='word_1_179' title='bbox 3129 917 3323 969; x_wconf 75' lang='lat' dir='ltr'><strong>contri-</strong></span> 
     </span>
    </p>
   </div>
   <div class='ocr_carea' id='block_1_26' title="bbox 1728 1008 3311 1084">
    <p class='ocr_par' dir='ltr' id='par_1_26' title="bbox 1728 1008 3311 1084">
     <span class='ocr_line' id='line_1_26' title="bbox 1728 1008 3311 1084; baseline -0.004 -16"><span class='ocrx_word' id='word_1_180' title='bbox 1728 1013 1798 1068; x_wconf 91' lang='lat' dir='ltr'><strong>tio</strong></span> <span class='ocrx_word' id='word_1_181' title='bbox 1845 1012 2089 1083; x_wconf 84' lang='lat' dir='ltr'><strong>principis</strong></span> <span class='ocrx_word' id='word_1_182' title='bbox 2113 1011 2133 1084; x_wconf 89' lang='lat'>(</span> <span class='ocrx_word' id='word_1_183' title='bbox 2160 1009 2311 1065; x_wconf 85' lang='lat' dir='ltr'><strong>Prov.</strong></span> <span class='ocrx_word' id='word_1_184' title='bbox 2345 1025 2458 1075; x_wconf 77' lang='lat' dir='ltr'><strong>xw,</strong></span> <span class='ocrx_word' id='word_1_185' title='bbox 2481 1009 2552 1066; x_wconf 71' lang='lat'><strong>9.8</strong></span> <span class='ocrx_word' id='word_1_186' title='bbox 2575 1009 2616 1080; x_wconf 92' lang='lat'><strong>).</strong></span> <span class='ocrx_word' id='word_1_187' title='bbox 2663 1008 2767 1065; x_wconf 89' lang='lat' dir='ltr'><strong>Sed</strong></span> <span class='ocrx_word' id='word_1_188' title='bbox 2812 1011 2920 1078; x_wconf 85' lang='lat' dir='ltr'><strong>jam</strong></span> <span class='ocrx_word' id='word_1_189' title='bbox 2952 1018 3161 1077; x_wconf 85' lang='lat' dir='ltr'><strong>tempus</strong></span> <span class='ocrx_word' id='word_1_190' title='bbox 3202 1018 3311 1076; x_wconf 88' lang='lat' dir='ltr'><strong>est,</strong></span> 
     </span>
    </p>
   </div>
   <div class='ocr_carea' id='block_1_27' title="bbox 1727 1099 3318 1174">
    <p class='ocr_par' dir='ltr' id='par_1_27' title="bbox 1727 1099 3318 1174">
     <span class='ocr_line' id='line_1_27' title="bbox 1727 1099 3318 1174; baseline -0.001 -17"><span class='ocrx_word' id='word_1_191' title='bbox 1727 1111 1983 1174; x_wconf 87' lang='lat' dir='ltr'><strong>quantum</strong></span> <span class='ocrx_word' id='word_1_192' title='bbox 2027 1102 2319 1166; x_wconf 82' lang='lat' dir='ltr'><strong>existimo,</strong></span> <span class='ocrx_word' id='word_1_193' title='bbox 2368 1101 2480 1172; x_wconf 78' lang='lat' dir='ltr'><strong>ipsa</strong></span> <span class='ocrx_word' id='word_1_194' title='bbox 2529 1101 2831 1156; x_wconf 88' lang='lat' dir='ltr'><strong>testimonia</strong></span> <span class='ocrx_word' id='word_1_195' title='bbox 2874 1099 3268 1169; x_wconf 88' lang='lat' dir='ltr'><strong>Scripturarum</strong></span> <span class='ocrx_word' id='word_1_196' title='bbox 3296 1139 3318 1166; x_wconf 83' lang='lat'><strong>,</strong></span> 
     </span>
    </p>
   </div>
   <div class='ocr_carea' id='block_1_28' title="bbox 1727 1192 3321 1271">
    <p class='ocr_par' dir='ltr' id='par_1_28' title="bbox 1727 1192 3321 1271">
     <span class='ocr_line' id='line_1_28' title="bbox 1727 1192 3321 1271; baseline -0.004 -17"><span class='ocrx_word' id='word_1_197' title='bbox 1727 1214 1848 1271; x_wconf 70' lang='lat' dir='ltr'><strong>qua:</strong></span> <span class='ocrx_word' id='word_1_198' title='bbox 1890 1198 2032 1252; x_wconf 88' lang='lat' dir='ltr'><strong>male</strong></span> <span class='ocrx_word' id='word_1_199' title='bbox 2063 1195 2461 1267; x_wconf 86' lang='lat' dir='ltr'><strong>interpretando</strong></span> <span class='ocrx_word' id='word_1_200' title='bbox 2484 1196 2505 1227; x_wconf 80' lang='lat'>&#39;</span> <span class='ocrx_word' id='word_1_201' title='bbox 2545 1195 2815 1264; x_wconf 90' lang='lat' dir='ltr'><strong>decipiunt</strong></span> <span class='ocrx_word' id='word_1_202' title='bbox 2868 1193 3163 1263; x_wconf 87' lang='lat' dir='ltr'><strong>imperitos,</strong></span> <span class='ocrx_word' id='word_1_203' title='bbox 3197 1192 3321 1247; x_wconf 88' lang='lat' dir='ltr'><strong>dili-</strong></span> 
     </span>
    </p>
   </div>
   <div class='ocr_carea' id='block_1_29' title="bbox 1728 1284 3323 1362">
    <p class='ocr_par' dir='ltr' id='par_1_29' title="bbox 1728 1284 3323 1362">
     <span class='ocr_line' id='line_1_29' title="bbox 1728 1284 3323 1362; baseline -0.006 -15"><span class='ocrx_word' id='word_1_204' title='bbox 1728 1298 1917 1362; x_wconf 83' lang='lat' dir='ltr'><strong>genter</strong></span> <span class='ocrx_word' id='word_1_205' title='bbox 1948 1288 2245 1353; x_wconf 87' lang='lat' dir='ltr'><strong>attendere,</strong></span> <span class='ocrx_word' id='word_1_206' title='bbox 2267 1297 2323 1343; x_wconf 90' lang='lat' dir='ltr'><strong>et</strong></span> <span class='ocrx_word' id='word_1_207' title='bbox 2351 1297 2607 1357; x_wconf 87' lang='lat' dir='ltr'><strong>quantum</strong></span> <span class='ocrx_word' id='word_1_208' title='bbox 2629 1287 2882 1342; x_wconf 87' lang='lat' dir='ltr'><strong>Dominus</strong></span> <span class='ocrx_word' id='word_1_209' title='bbox 2908 1284 3095 1351; x_wconf 89' lang='lat' dir='ltr'><strong>donat,</strong></span> <span class='ocrx_word' id='word_1_210' title='bbox 3126 1296 3323 1339; x_wconf 85' lang='lat' dir='ltr'><strong>secun-</strong></span> 
     </span>
    </p>
   </div>
   <div class='ocr_carea' id='block_1_30' title="bbox 1728 1378 3049 1448">
    <p class='ocr_par' dir='ltr' id='par_1_30' title="bbox 1728 1378 3049 1448">
     <span class='ocr_line' id='line_1_30' title="bbox 1728 1378 3049 1448; baseline -0.006 -9"><span class='ocrx_word' id='word_1_211' title='bbox 1728 1382 1857 1439; x_wconf 91' lang='lat' dir='ltr'><strong>dum</strong></span> <span class='ocrx_word' id='word_1_212' title='bbox 1887 1381 2217 1437; x_wconf 81' lang='lat' dir='ltr'><strong>intellectam</strong></span> <span class='ocrx_word' id='word_1_213' title='bbox 2237 1380 2515 1436; x_wconf 67' lang='lat' dir='ltr'><strong>catholica:</strong></span> <span class='ocrx_word' id='word_1_214' title='bbox 2542 1379 2781 1435; x_wconf 82' lang='lat' dir='ltr'><strong>veritatis</strong></span> <span class='ocrx_word' id='word_1_215' title='bbox 2816 1378 3049 1448; x_wconf 83' lang='lat' dir='ltr'><strong>aperire.</strong></span> 
     </span>
    </p>
   </div>
   <div class='ocr_carea' id='block_1_31' title="bbox 1792 1571 3235 1639">
    <p class='ocr_par' dir='ltr' id='par_1_31' title="bbox 1792 1571 3235 1639">
     <span class='ocr_line' id='line_1_31' title="bbox 1792 1571 3235 1639; baseline -0.002 -12"><span class='ocrx_word' id='word_1_216' title='bbox 1792 1580 1812 1613; x_wconf 74' lang='grc' dir='ltr'><strong>ι</strong></span> <span class='ocrx_word' id='word_1_217' title='bbox 1837 1580 2043 1630; x_wconf 72' lang='lat' dir='ltr'><strong>Vaticani</strong></span> <span class='ocrx_word' id='word_1_218' title='bbox 2069 1579 2282 1639; x_wconf 85' lang='lat' dir='ltr'><strong>codices,</strong></span> <span class='ocrx_word' id='word_1_219' title='bbox 2303 1576 2358 1630; x_wconf 84' lang='lat' dir='ltr'><strong>id</strong></span> <span class='ocrx_word' id='word_1_220' title='bbox 2375 1584 2444 1631; x_wconf 85' lang='lat' dir='ltr'><strong>est</strong></span> <span class='ocrx_word' id='word_1_221' title='bbox 2466 1583 2618 1629; x_wconf 84' lang='lat' dir='ltr'><strong>totum</strong></span> <span class='ocrx_word' id='word_1_222' title='bbox 2639 1576 2875 1639; x_wconf 83' lang='lat' dir='ltr'><strong>mundum</strong></span> <span class='ocrx_word' id='word_1_223' title='bbox 2895 1571 3235 1639; x_wconf 78' lang='lat' dir='ltr'><strong>tantummodo.</strong></span> 
     </span>
    </p>
   </div>
   <div class='ocr_carea' id='block_1_32' title="bbox 1795 1634 3194 1707">
    <p class='ocr_par' dir='ltr' id='par_1_32' title="bbox 1795 1634 3194 1707">
     <span class='ocr_line' id='line_1_32' title="bbox 1795 1634 3194 1707; baseline -0.006 -15"><span class='ocrx_word' id='word_1_224' title='bbox 1795 1643 1819 1674; x_wconf 76' lang='grc'>⁸</span> <span class='ocrx_word' id='word_1_225' title='bbox 1843 1641 1984 1703; x_wconf 79' lang='lat' dir='ltr'><strong>Editi,</strong></span> <span class='ocrx_word' id='word_1_226' title='bbox 2013 1634 2352 1707; x_wconf 81' lang='lat' dir='ltr'><strong>interpretata.</strong></span> <span class='ocrx_word' id='word_1_227' title='bbox 2371 1648 2428 1691; x_wconf 82' lang='lat' dir='ltr'><strong>At</strong></span> <span class='ocrx_word' id='word_1_228' title='bbox 2449 1641 2777 1704; x_wconf 73' lang='lat' dir='ltr'><strong>manuscripti,</strong></span> <span class='ocrx_word' id='word_1_229' title='bbox 2814 1634 3194 1703; x_wconf 82' lang='lat' dir='ltr'><strong>interpretando.</strong></span> 
     </span>
    </p>
   </div>
   <div class='ocr_carea' id='block_1_33' title="bbox 2057 1758 3327 1784">
    <p class='ocr_par' dir='ltr' id='par_1_33' title="bbox 2057 1758 3327 1784">
     <span class='ocr_line' id='line_1_33' title="bbox 2057 1758 3327 1784; baseline -0.009 5"><span class='ocrx_word' id='word_1_230' title='bbox 2057 1758 3327 1784; x_wconf 53' lang='grc' dir='ltr'><em>Μ</em></span> 
     </span>
    </p>
   </div>
   <div class='ocr_carea' id='block_1_34' title="bbox 955 1865 2368 1988">
    <p class='ocr_par' dir='ltr' id='par_1_34' title="bbox 955 1865 2368 1988">
     <span class='ocr_line' id='line_1_34' title="bbox 955 1865 2368 1988; baseline -0.01 0"><span class='ocrx_word' id='word_1_231' title='bbox 955 1872 1445 1988; x_wconf 83' lang='lat' dir='ltr'><strong><em>LIBER</em></strong></span> <span class='ocrx_word' id='word_1_232' title='bbox 1529 1865 1711 1975; x_wconf 88' lang='lat' dir='ltr'><strong>SE</strong></span> <span class='ocrx_word' id='word_1_233' title='bbox 1724 1868 1817 1971; x_wconf 78' lang='grc' dir='ltr'><em>Ο</em></span> <span class='ocrx_word' id='word_1_234' title='bbox 1831 1865 2137 1975; x_wconf 88' lang='lat' dir='ltr'><strong>UND</strong></span> <span class='ocrx_word' id='word_1_235' title='bbox 2162 1867 2368 1976; x_wconf 88' lang='lat' dir='ltr'><strong>US.</strong></span> 
     </span>
    </p>
   </div>
   <div class='ocr_carea' id='block_1_35' title="bbox 198 2048 3185 2142">
    <p class='ocr_par' dir='ltr' id='par_1_35' title="bbox 198 2048 3185 2142">
     <span class='ocr_line' id='line_1_35' title="bbox 198 2048 3185 2142; baseline -0.01 -13"><span class='ocrx_word' id='word_1_236' title='bbox 198 2077 518 2142; x_wconf 63' lang='lat' dir='ltr'><strong>aspernantur</strong></span> <span class='ocrx_word' id='word_1_237' title='bbox 539 2073 802 2136; x_wconf 68' lang='lat' dir='ltr'><strong>scriptura</strong></span> <span class='ocrx_word' id='word_1_238' title='bbox 820 2064 1117 2128; x_wconf 76' lang='lat' dir='ltr'><strong>testimonia,</strong></span> <span class='ocrx_word' id='word_1_239' title='bbox 1138 2071 1347 2126; x_wconf 84' lang='lat' dir='ltr'><strong>quorum</strong></span> <span class='ocrx_word' id='word_1_240' title='bbox 1363 2065 1602 2121; x_wconf 87' lang='lat' dir='ltr'><strong>perversa</strong></span> <span class='ocrx_word' id='word_1_241' title='bbox 1618 2052 2028 2115; x_wconf 83' lang='lat' dir='ltr'><strong>interpretatione</strong></span> <span class='ocrx_word' id='word_1_242' title='bbox 2043 2056 2301 2107; x_wconf 62' lang='lat' dir='ltr'><strong>Donatistae</strong></span> <span class='ocrx_word' id='word_1_243' title='bbox 2314 2056 2548 2119; x_wconf 85' lang='lat' dir='ltr'><strong>decipere</strong></span> <span class='ocrx_word' id='word_1_244' title='bbox 2569 2052 2824 2117; x_wconf 81' lang='lat' dir='ltr'><strong>imperitos</strong></span> <span class='ocrx_word' id='word_1_245' title='bbox 2843 2048 3185 2102; x_wconf 85' lang='lat' dir='ltr'><strong>moliebantur.</strong></span> 
     </span>
    </p>
   </div>
   <div class='ocr_carea' id='block_1_36' title="bbox 1483 2176 1859 2234">
    <p class='ocr_par' dir='ltr' id='par_1_36' title="bbox 1483 2176 1859 2234">
     <span class='ocr_line' id='line_1_36' title="bbox 1483 2176 1859 2234; baseline -0.003 0"><span class='ocrx_word' id='word_1_246' title='bbox 1483 2176 1859 2234; x_wconf 49' lang='lat' dir='ltr'><strong>eoauteo»</strong></span> 
     </span>
    </p>
   </div>
   <div class='ocr_carea' id='block_1_37' title="bbox 151 2307 1628 2391">
    <p class='ocr_par' dir='ltr' id='par_1_37' title="bbox 151 2307 1628 2391">
     <span class='ocr_line' id='line_1_37' title="bbox 151 2307 1628 2391; baseline -0.021 0"><span class='ocrx_word' id='word_1_247' title='bbox 151 2329 331 2391; x_wconf 70' lang='lat' dir='ltr'><strong>CAPUT</strong></span> <span class='ocrx_word' id='word_1_248' title='bbox 367 2323 754 2385; x_wconf 73' lang='lat' dir='ltr'><strong>PRIMUM.—</strong></span> <span class='ocrx_word' id='word_1_249' title='bbox 777 2317 980 2389; x_wconf 74' lang='lat' dir='ltr'><strong>LQute</strong></span> <span class='ocrx_word' id='word_1_250' title='bbox 1016 2312 1229 2371; x_wconf 88' lang='lat' dir='ltr'><strong>tandem</strong></span> <span class='ocrx_word' id='word_1_251' title='bbox 1262 2310 1345 2366; x_wconf 87' lang='lat' dir='ltr'><strong>vis</strong></span> <span class='ocrx_word' id='word_1_252' title='bbox 1386 2307 1490 2364; x_wconf 89' lang='lat' dir='ltr'><strong>nisi</strong></span> <span class='ocrx_word' id='word_1_253' title='bbox 1520 2320 1628 2362; x_wconf 77' lang='lat' dir='ltr'><strong>cte-</strong></span> 
     </span>
    </p>
   </div>
   <div class='ocr_carea' id='block_1_38' title="bbox 40 2397 1631 2484">
    <p class='ocr_par' dir='ltr' id='par_1_38' title="bbox 40 2397 1631 2484">
     <span class='ocr_line' id='line_1_38' title="bbox 40 2397 1631 2484; baseline -0.021 0"><span class='ocrx_word' id='word_1_254' title='bbox 40 2418 41 2437; x_wconf 62' lang='grc'><strong>¹</strong></span> <span class='ocrx_word' id='word_1_255' title='bbox 101 2428 201 2483; x_wconf 76' lang='lat' dir='ltr'><strong>citas</strong></span> <span class='ocrx_word' id='word_1_256' title='bbox 214 2434 258 2481; x_wconf 88' lang='lat' dir='ltr'><strong>et</strong></span> <span class='ocrx_word' id='word_1_257' title='bbox 275 2422 469 2478; x_wconf 76' lang='lat' dir='ltr'><strong>vanitas</strong></span> <span class='ocrx_word' id='word_1_258' title='bbox 509 2415 681 2473; x_wconf 90' lang='lat' dir='ltr'><strong>animi</strong></span> <span class='ocrx_word' id='word_1_259' title='bbox 708 2412 850 2484; x_wconf 81' lang='lat' dir='ltr'><strong>cogit</strong></span> <span class='ocrx_word' id='word_1_260' title='bbox 874 2408 1151 2466; x_wconf 82' lang='lat' dir='ltr'><strong>hominem</strong></span> <span class='ocrx_word' id='word_1_261' title='bbox 1176 2403 1373 2460; x_wconf 84' lang='lat' dir='ltr'><strong>clausis</strong></span> <span class='ocrx_word' id='word_1_262' title='bbox 1400 2401 1443 2466; x_wconf 71' lang='grc' dir='ltr'><strong>ί,</strong></span> <span class='ocrx_word' id='word_1_263' title='bbox 1466 2408 1525 2454; x_wconf 86' lang='grc' dir='ltr'><strong>ιιι</strong></span> <span class='ocrx_word' id='word_1_264' title='bbox 1546 2397 1631 2452; x_wconf 86' lang='lat' dir='ltr'><strong>di-</strong></span> 
     </span>
    </p>
   </div>
   <div class='ocr_carea' id='block_1_39' title="bbox 40 2493 1627 2584">
    <p class='ocr_par' dir='ltr' id='par_1_39' title="bbox 40 2493 1627 2584">
     <span class='ocr_line' id='line_1_39' title="bbox 40 2493 1627 2584; baseline -0.022 -7"><span class='ocrx_word' id='word_1_265' title='bbox 40 2578 41 2583; x_wconf 35' lang='grc' dir='ltr'><strong>η</strong></span> <span class='ocrx_word' id='word_1_266' title='bbox 101 2519 219 2583; x_wconf 86' lang='lat' dir='ltr'><strong>citur,</strong></span> <span class='ocrx_word' id='word_1_267' title='bbox 238 2516 384 2574; x_wconf 85' lang='lat' dir='ltr'><strong>oculis</strong></span> <span class='ocrx_word' id='word_1_268' title='bbox 410 2524 669 2584; x_wconf 86' lang='lat' dir='ltr'><strong>tanquam</strong></span> <span class='ocrx_word' id='word_1_269' title='bbox 697 2508 752 2563; x_wconf 93' lang='lat' dir='ltr'><strong>in</strong></span> <span class='ocrx_word' id='word_1_270' title='bbox 779 2506 1004 2561; x_wconf 89' lang='lat' dir='ltr'><strong>alterum</strong></span> <span class='ocrx_word' id='word_1_271' title='bbox 1023 2500 1224 2572; x_wconf 79' lang='lat' dir='ltr'><strong>jacere,</strong></span> <span class='ocrx_word' id='word_1_272' title='bbox 1250 2493 1393 2567; x_wconf 87' lang='lat' dir='ltr'><strong>quod</strong></span> <span class='ocrx_word' id='word_1_273' title='bbox 1426 2493 1478 2547; x_wconf 93' lang='lat' dir='ltr'><strong>in</strong></span> <span class='ocrx_word' id='word_1_274' title='bbox 1502 2505 1627 2546; x_wconf 89' lang='lat' dir='ltr'><strong>eum</strong></span> 
     </span>
    </p>
   </div>
   <div class='ocr_carea' id='block_1_40' title="bbox 103 2584 1632 2680">
    <p class='ocr_par' dir='ltr' id='par_1_40' title="bbox 103 2584 1632 2680">
     <span class='ocr_line' id='line_1_40' title="bbox 103 2584 1632 2680; baseline -0.02 -14"><span class='ocrx_word' id='word_1_275' title='bbox 103 2611 166 2680; x_wconf 88' lang='lat' dir='ltr'><strong>qui</strong></span> <span class='ocrx_word' id='word_1_276' title='bbox 195 2609 319 2680; x_wconf 83' lang='lat' dir='ltr'><strong>jecit,</strong></span> <span class='ocrx_word' id='word_1_277' title='bbox 367 2604 627 2662; x_wconf 89' lang='lat' dir='ltr'><strong>continuo</strong></span> <span class='ocrx_word' id='word_1_278' title='bbox 678 2597 883 2662; x_wconf 88' lang='lat' dir='ltr'><strong>redeat,</strong></span> <span class='ocrx_word' id='word_1_279' title='bbox 926 2605 1157 2663; x_wconf 87' lang='lat' dir='ltr'><strong>eumque</strong></span> <span class='ocrx_word' id='word_1_280' title='bbox 1200 2587 1306 2644; x_wconf 91' lang='lat' dir='ltr'><strong>ictu</strong></span> <span class='ocrx_word' id='word_1_281' title='bbox 1356 2584 1632 2680; x_wconf 74' lang='lat' dir='ltr'><strong>reciproco</strong></span> 
     </span>
    </p>
   </div>
   <div class='ocr_carea' id='block_1_41' title="bbox 104 2674 1635 2772">
    <p class='ocr_par' dir='ltr' id='par_1_41' title="bbox 104 2674 1635 2772">
     <span class='ocr_line' id='line_1_41' title="bbox 104 2674 1635 2772; baseline -0.02 -14"><span class='ocrx_word' id='word_1_282' title='bbox 104 2674 271 2772; x_wconf 61' lang='lat' dir='ltr'><strong>diligat,</strong></span> <span class='ocrx_word' id='word_1_283' title='bbox 294 2674 481 2754; x_wconf 89' lang='lat' dir='ltr'><strong>intacto</strong></span> <span class='ocrx_word' id='word_1_284' title='bbox 517 2696 616 2752; x_wconf 91' lang='lat' dir='ltr'><strong>illo</strong></span> <span class='ocrx_word' id='word_1_285' title='bbox 654 2706 813 2764; x_wconf 85' lang='lat' dir='ltr'><strong>quem</strong></span> <span class='ocrx_word' id='word_1_286' title='bbox 849 2685 1133 2742; x_wconf 84' lang='lat' dir='ltr'><strong>vulnerare</strong></span> <span class='ocrx_word' id='word_1_287' title='bbox 1176 2680 1459 2741; x_wconf 88' lang='lat' dir='ltr'><strong>voluerat;</strong></span> <span class='ocrx_word' id='word_1_288' title='bbox 1491 2674 1635 2772; x_wconf 80' lang='lat' dir='ltr'><strong>sient</strong></span> 
     </span>
    </p>
   </div>
   <div class='ocr_carea' id='block_1_42' title="bbox 40 2765 1634 2848">
    <p class='ocr_par' dir='ltr' id='par_1_42' title="bbox 40 2765 1634 2848">
     <span class='ocr_line' id='line_1_42' title="bbox 40 2765 1634 2848; baseline -0.021 3"><span class='ocrx_word' id='word_1_289' title='bbox 40 2824 41 2827; x_wconf 56' lang='grc' dir='ltr'><strong>η</strong></span> <span class='ocrx_word' id='word_1_290' title='bbox 105 2795 165 2848; x_wconf 79' lang='lat' dir='ltr'><strong>isti</strong></span> <span class='ocrx_word' id='word_1_291' title='bbox 185 2765 434 2848; x_wconf 75' lang='lat' dir='ltr'><strong>Donatista:</strong></span> <span class='ocrx_word' id='word_1_292' title='bbox 484 2788 557 2844; x_wconf 89' lang='lat' dir='ltr'><strong>de</strong></span> <span class='ocrx_word' id='word_1_293' title='bbox 587 2783 838 2841; x_wconf 90' lang='lat' dir='ltr'><strong>omnibus</strong></span> <span class='ocrx_word' id='word_1_294' title='bbox 886 2780 996 2834; x_wconf 91' lang='lat' dir='ltr'><strong>fere</strong></span> <span class='ocrx_word' id='word_1_295' title='bbox 1038 2773 1434 2845; x_wconf 83' lang='lat' dir='ltr'><strong>Seripturarum</strong></span> <span class='ocrx_word' id='word_1_296' title='bbox 1485 2765 1634 2821; x_wconf 84' lang='lat' dir='ltr'><strong>testi-</strong></span> 
     </span>
    </p>
   </div>
   <div class='ocr_carea' id='block_1_43' title="bbox 40 2861 1637 2950">
    <p class='ocr_par' dir='ltr' id='par_1_43' title="bbox 40 2861 1637 2950">
     <span class='ocr_line' id='line_1_43' title="bbox 40 2861 1637 2950; baseline -0.021 -3"><span class='ocrx_word' id='word_1_297' title='bbox 40 2932 43 2947; x_wconf 43' lang='lat'><strong>.</strong></span> <span class='ocrx_word' id='word_1_298' title='bbox 107 2883 659 2950; x_wconf 76' lang='lat' dir='ltr'><strong>moniislaciunt‘lQna:</strong></span> <span class='ocrx_word' id='word_1_299' title='bbox 685 2892 806 2933; x_wconf 89' lang='lat' dir='ltr'><strong>cum</strong></span> <span class='ocrx_word' id='word_1_300' title='bbox 845 2890 904 2930; x_wconf 90' lang='lat' dir='ltr'><strong>se</strong></span> <span class='ocrx_word' id='word_1_301' title='bbox 942 2871 1224 2927; x_wconf 86' lang='lat' dir='ltr'><strong>adversum</strong></span> <span class='ocrx_word' id='word_1_302' title='bbox 1268 2881 1367 2919; x_wconf 91' lang='lat' dir='ltr'><strong>nos</strong></span> <span class='ocrx_word' id='word_1_303' title='bbox 1396 2861 1637 2933; x_wconf 87' lang='lat' dir='ltr'><strong>proferre</strong></span> 
     </span>
    </p>
   </div>
   <div class='ocr_carea' id='block_1_44' title="bbox 40 2955 1639 3049">
    <p class='ocr_par' dir='ltr' id='par_1_44' title="bbox 40 2955 1639 3049">
     <span class='ocr_line' id='line_1_44' title="bbox 40 2955 1639 3049; baseline -0.019 -14"><span class='ocrx_word' id='word_1_304' title='bbox 40 2988 43 3049; x_wconf 63' lang='grc' dir='ltr'><em>ζ</em></span> <span class='ocrx_word' id='word_1_305' title='bbox 107 2982 390 3043; x_wconf 79' lang='lat' dir='ltr'><strong>arbitrantur,</strong></span> <span class='ocrx_word' id='word_1_306' title='bbox 412 2976 557 3031; x_wconf 88' lang='lat' dir='ltr'><strong>velut</strong></span> <span class='ocrx_word' id='word_1_307' title='bbox 594 2972 885 3026; x_wconf 89' lang='lat' dir='ltr'><strong>admonere</strong></span> <span class='ocrx_word' id='word_1_308' title='bbox 928 2978 1028 3020; x_wconf 91' lang='lat' dir='ltr'><strong>nos</strong></span> <span class='ocrx_word' id='word_1_309' title='bbox 1067 2960 1316 3015; x_wconf 86' lang='lat' dir='ltr'><strong>videntur</strong></span> <span class='ocrx_word' id='word_1_310' title='bbox 1340 2955 1524 3026; x_wconf 87' lang='lat' dir='ltr'><strong>quales</strong></span> <span class='ocrx_word' id='word_1_311' title='bbox 1544 2966 1639 3049; x_wconf 77' lang='lat' dir='ltr'><strong>eos</strong></span> 
     </span>
    </p>
   </div>
   <div class='ocr_carea' id='block_1_45' title="bbox 40 3042 1636 3169">
    <p class='ocr_par' dir='ltr' id='par_1_45' title="bbox 40 3042 1636 3169">
     <span class='ocr_line' id='line_1_45' title="bbox 40 3042 1636 3169; baseline -0.019 -42"><span class='ocrx_word' id='word_1_312' title='bbox 40 3042 43 3169; x_wconf 52' lang='grc' dir='ltr'><strong>Ι</strong></span> <span class='ocrx_word' id='word_1_313' title='bbox 108 3072 189 3142; x_wconf 79' lang='lat' dir='ltr'><strong>ipsa</strong></span> <span class='ocrx_word' id='word_1_314' title='bbox 212 3072 457 3141; x_wconf 81' lang='lat' dir='ltr'><strong>Scriptura</strong></span> <span class='ocrx_word' id='word_1_315' title='bbox 482 3064 774 3123; x_wconf 83' lang='lat' dir='ltr'><strong>convincat</strong></span> <span class='ocrx_word' id='word_1_316' title='bbox 799 3075 939 3116; x_wconf 87' lang='lat' dir='ltr'><strong>esse.</strong></span> <span class='ocrx_word' id='word_1_317' title='bbox 966 3054 1101 3125; x_wconf 82' lang='lat' dir='ltr'><strong>Quid</strong></span> <span class='ocrx_word' id='word_1_318' title='bbox 1121 3052 1263 3108; x_wconf 86' lang='lat' dir='ltr'><strong>enim</strong></span> <span class='ocrx_word' id='word_1_319' title='bbox 1314 3048 1437 3103; x_wconf 80' lang='lat' dir='ltr'><strong>facit</strong></span> <span class='ocrx_word' id='word_1_320' title='bbox 1467 3042 1636 3111; x_wconf 82' lang='lat' dir='ltr'><strong>aliud,</strong></span> 
     </span>
     <span class='ocr_line' id='line_1_46' title="bbox 230 3142 1636 3169; baseline -0.019 22"><span class='ocrx_word' id='word_1_321' title='bbox 230 3166 239 3169; x_wconf 85' lang='grc'><strong><em>“</em></strong></span> <span class='ocrx_word' id='word_1_322' title='bbox 353 3165 364 3169; x_wconf 73' lang='grc'><strong>⁸</strong></span> <span class='ocrx_word' id='word_1_323' title='bbox 688 3157 702 3169; x_wconf 88' lang='grc'><strong>¹</strong></span> <span class='ocrx_word' id='word_1_324' title='bbox 835 3162 846 3169; x_wconf 84' lang='lat'><strong><em>-</em></strong></span> <span class='ocrx_word' id='word_1_325' title='bbox 894 3168 901 3169; x_wconf 45' lang='grc' dir='ltr'>κ</span> <span class='ocrx_word' id='word_1_326' title='bbox 956 3164 1049 3169; x_wconf 51' lang='grc' dir='ltr'><strong>η-ρ</strong></span> <span class='ocrx_word' id='word_1_327' title='bbox 1077 3143 1456 3169; x_wconf 60' lang='grc' dir='ltr'><strong>“Α--ι-ΑΛ-·ιῖιιιιιια</strong></span> <span class='ocrx_word' id='word_1_328' title='bbox 1488 3142 1636 3169; x_wconf 58' lang='lat' dir='ltr'><strong>nugo.</strong></span> 
     </span>
    </p>
   </div>
   <div class='ocr_carea' id='block_1_46' title="bbox 40 3142 1642 3245">
    <p class='ocr_par' dir='ltr' id='par_1_46' title="bbox 40 3142 1642 3245">
     <span class='ocr_line' id='line_1_47' title="bbox 40 3142 1642 3245; baseline -0.019 -23"><span class='ocrx_word' id='word_1_329' title='bbox 40 3142 43 3245; x_wconf 52' lang='grc' dir='ltr'><em>ί</em></span> <span class='ocrx_word' id='word_1_330' title='bbox 108 3166 272 3235; x_wconf 84' lang='lat' dir='ltr'><strong>quando</strong></span> <span class='ocrx_word' id='word_1_331' title='bbox 294 3165 365 3219; x_wconf 89' lang='lat' dir='ltr'><strong>vel</strong></span> <span class='ocrx_word' id='word_1_332' title='bbox 384 3178 476 3233; x_wconf 90' lang='lat' dir='ltr'><strong>pro</strong></span> <span class='ocrx_word' id='word_1_333' title='bbox 497 3175 587 3227; x_wconf 91' lang='lat' dir='ltr'><strong>se,</strong></span> <span class='ocrx_word' id='word_1_334' title='bbox 622 3157 705 3212; x_wconf 91' lang='lat' dir='ltr'><strong>vel</strong></span> <span class='ocrx_word' id='word_1_335' title='bbox 729 3162 911 3210; x_wconf 88' lang='lat' dir='ltr'><strong>contra</strong></span> <span class='ocrx_word' id='word_1_336' title='bbox 953 3164 1053 3204; x_wconf 90' lang='lat' dir='ltr'><strong>nos</strong></span> <span class='ocrx_word' id='word_1_337' title='bbox 1077 3143 1459 3245; x_wconf 82' lang='lat' dir='ltr'><strong>Parmenianus</strong></span> <span class='ocrx_word' id='word_1_338' title='bbox 1488 3142 1642 3245; x_wconf 81' lang='lat' dir='ltr'><strong>putat</strong></span> 
     </span>
    </p>
   </div>
   <div class='ocr_carea' id='block_1_47' title="bbox 40 3230 1642 3326">
    <p class='ocr_par' dir='ltr' id='par_1_47' title="bbox 40 3230 1642 3326">
     <span class='ocr_line' id='line_1_48' title="bbox 40 3230 1642 3326; baseline -0.024 -7"><span class='ocrx_word' id='word_1_339' title='bbox 109 3230 329 3326; x_wconf 70' lang='lat' dir='ltr'><strong>essequod</strong></span> <span class='ocrx_word' id='word_1_340' title='bbox 347 3230 606 3325; x_wconf 80' lang='lat' dir='ltr'><strong>scriptum</strong></span> <span class='ocrx_word' id='word_1_341' title='bbox 633 3258 763 3305; x_wconf 89' lang='lat' dir='ltr'><strong>est:</strong></span> <span class='ocrx_word' id='word_1_342' title='bbox 813 3244 904 3299; x_wconf 76' lang='lat' dir='ltr'><strong>Va:</strong></span> <span class='ocrx_word' id='word_1_343' title='bbox 943 3243 1022 3296; x_wconf 84' lang='lat' dir='ltr'><strong>Itis</strong></span> <span class='ocrx_word' id='word_1_344' title='bbox 1059 3240 1146 3311; x_wconf 87' lang='lat' dir='ltr'><strong>qui</strong></span> <span class='ocrx_word' id='word_1_345' title='bbox 1171 3236 1343 3290; x_wconf 88' lang='lat' dir='ltr'><strong>dicunt</strong></span> <span class='ocrx_word' id='word_1_346' title='bbox 1371 3230 1507 3305; x_wconf 87' lang='lat' dir='ltr'><strong>quod</strong></span> <span class='ocrx_word' id='word_1_347' title='bbox 1554 3245 1642 3283; x_wconf 83' lang='lat' dir='ltr'><strong>nc-</strong></span> 
     </span>
    </p>
   </div>
   <div class='ocr_carea' id='block_1_48' title="bbox 40 3322 1641 3417">
    <p class='ocr_par' dir='ltr' id='par_1_48' title="bbox 40 3322 1641 3417">
     <span class='ocr_line' id='line_1_49' title="bbox 40 3322 1641 3417; baseline -0.021 -12"><span class='ocrx_word' id='word_1_348' title='bbox 40 3348 43 3391; x_wconf 63' lang='lat' dir='ltr'><strong>l</strong></span> <span class='ocrx_word' id='word_1_349' title='bbox 110 3322 236 3417; x_wconf 29' lang='lat' dir='ltr'><strong>quam-</strong></span> <span class='ocrx_word' id='word_1_350' title='bbox 255 3359 317 3402; x_wconf 84' lang='lat' dir='ltr'><strong>est</strong></span> <span class='ocrx_word' id='word_1_351' title='bbox 341 3322 543 3409; x_wconf 77' lang='lat' dir='ltr'><strong>bonum,</strong></span> <span class='ocrx_word' id='word_1_352' title='bbox 590 3339 795 3411; x_wconf 84' lang='lat' dir='ltr'><strong>etquod</strong></span> <span class='ocrx_word' id='word_1_353' title='bbox 833 3337 1019 3390; x_wconf 85' lang='lat' dir='ltr'><strong>bonum</strong></span> <span class='ocrx_word' id='word_1_354' title='bbox 1049 3340 1118 3385; x_wconf 82' lang='lat' dir='ltr'><strong>est</strong></span> <span class='ocrx_word' id='word_1_355' title='bbox 1161 3341 1412 3396; x_wconf 80' lang='lat' dir='ltr'><strong>nequam;</strong></span> <span class='ocrx_word' id='word_1_356' title='bbox 1438 3322 1524 3389; x_wconf 88' lang='lat' dir='ltr'><strong>qui</strong></span> <span class='ocrx_word' id='word_1_357' title='bbox 1545 3336 1641 3417; x_wconf 41' lang='lat' dir='ltr'><strong>po:</strong></span> 
     </span>
    </p>
   </div>
   <div class='ocr_carea' id='block_1_49' title="bbox 40 3409 1644 3495">
    <p class='ocr_par' dir='ltr' id='par_1_49' title="bbox 40 3409 1644 3495">
     <span class='ocr_line' id='line_1_50' title="bbox 40 3409 1644 3495; baseline -0.022 1"><span class='ocrx_word' id='word_1_358' title='bbox 40 3434 43 3495; x_wconf 58' lang='grc' dir='ltr'><em>ῗ</em></span> <span class='ocrx_word' id='word_1_359' title='bbox 113 3409 204 3495; x_wconf 63' lang='lat' dir='ltr'><strong>iam</strong></span> <span class='ocrx_word' id='word_1_360' title='bbox 228 3441 371 3493; x_wconf 78' lang='lat' dir='ltr'><strong>lucem</strong></span> <span class='ocrx_word' id='word_1_361' title='bbox 394 3436 648 3494; x_wconf 82' lang='lat' dir='ltr'><strong>tenebras,</strong></span> <span class='ocrx_word' id='word_1_362' title='bbox 674 3409 723 3487; x_wconf 83' lang='lat' dir='ltr'><strong>et</strong></span> <span class='ocrx_word' id='word_1_363' title='bbox 761 3427 988 3484; x_wconf 82' lang='lat' dir='ltr'><strong>tenebras</strong></span> <span class='ocrx_word' id='word_1_364' title='bbox 1019 3424 1216 3485; x_wconf 85' lang='lat' dir='ltr'><strong>lucem;</strong></span> <span class='ocrx_word' id='word_1_365' title='bbox 1251 3418 1337 3490; x_wconf 87' lang='lat' dir='ltr'><strong>qui</strong></span> <span class='ocrx_word' id='word_1_366' title='bbox 1377 3422 1567 3486; x_wconf 84' lang='lat' dir='ltr'><strong>ponunt</strong></span> <span class='ocrx_word' id='word_1_367' title='bbox 1590 3409 1644 3462; x_wconf 88' lang='lat' dir='ltr'><strong>id</strong></span> 
     </span>
    </p>
   </div>
   <div class='ocr_carea' id='block_1_50' title="bbox 112 3503 1642 3599">
    <p class='ocr_par' dir='ltr' id='par_1_50' title="bbox 112 3503 1642 3599">
     <span class='ocr_line' id='line_1_51' title="bbox 112 3503 1642 3599; baseline -0.021 -12"><span class='ocrx_word' id='word_1_368' title='bbox 112 3532 212 3599; x_wconf 75' lang='lat' dir='ltr'><strong>quod</strong></span> <span class='ocrx_word' id='word_1_369' title='bbox 240 3547 449 3585; x_wconf 85' lang='lat' dir='ltr'><strong>amarunt</strong></span> <span class='ocrx_word' id='word_1_370' title='bbox 482 3538 559 3583; x_wconf 84' lang='lat' dir='ltr'><strong>est</strong></span> <span class='ocrx_word' id='word_1_371' title='bbox 593 3525 759 3589; x_wconf 81' lang='lat' dir='ltr'><strong>dulce,</strong></span> <span class='ocrx_word' id='word_1_372' title='bbox 789 3531 834 3576; x_wconf 87' lang='lat' dir='ltr'><strong>et</strong></span> <span class='ocrx_word' id='word_1_373' title='bbox 888 3517 1035 3572; x_wconf 84' lang='lat' dir='ltr'><strong>dulce</strong></span> <span class='ocrx_word' id='word_1_374' title='bbox 1061 3511 1196 3585; x_wconf 86' lang='lat' dir='ltr'><strong>quod</strong></span> <span class='ocrx_word' id='word_1_375' title='bbox 1228 3523 1458 3564; x_wconf 85' lang='lat' dir='ltr'><strong>amarunt</strong></span> <span class='ocrx_word' id='word_1_376' title='bbox 1491 3503 1642 3574; x_wconf 82' lang='lat' dir='ltr'><strong>(lsat&#39;.</strong></span> 
     </span>
    </p>
   </div>
   <div class='ocr_carea' id='block_1_51' title="bbox 115 3598 1644 3695">
    <p class='ocr_par' dir='ltr' id='par_1_51' title="bbox 115 3598 1644 3695">
     <span class='ocr_line' id='line_1_52' title="bbox 115 3598 1644 3695; baseline -0.021 -15"><span class='ocrx_word' id='word_1_377' title='bbox 115 3622 299 3695; x_wconf 45' lang='lat'><strong>$20)?</strong></span> <span class='ocrx_word' id='word_1_378' title='bbox 319 3623 362 3678; x_wconf 85' lang='grc'>0</span> <span class='ocrx_word' id='word_1_379' title='bbox 408 3616 785 3675; x_wconf 85' lang='lat' dir='ltr'><strong>stultissimam</strong></span> <span class='ocrx_word' id='word_1_380' title='bbox 832 3609 1126 3665; x_wconf 73' lang='lat' dir='ltr'><strong>cmcitatetn</strong></span> <span class='ocrx_word' id='word_1_381' title='bbox 1152 3606 1166 3659; x_wconf 85' lang='lat'>!</span> <span class='ocrx_word' id='word_1_382' title='bbox 1200 3601 1323 3672; x_wconf 78' lang='lat' dir='ltr'><strong>quid</strong></span> <span class='ocrx_word' id='word_1_383' title='bbox 1364 3598 1507 3654; x_wconf 87' lang='lat' dir='ltr'><strong>enim</strong></span> <span class='ocrx_word' id='word_1_384' title='bbox 1538 3603 1644 3649; x_wconf 86' lang='lat' dir='ltr'><strong>tant</strong></span> 
     </span>
    </p>
   </div>
   <div class='ocr_carea' id='block_1_52' title="bbox 40 3687 1647 3781">
    <p class='ocr_par' dir='ltr' id='par_1_52' title="bbox 40 3687 1647 3781">
     <span class='ocr_line' id='line_1_53' title="bbox 40 3687 1647 3781; baseline -0.019 -10"><span class='ocrx_word' id='word_1_385' title='bbox 40 3750 41 3759; x_wconf 60' lang='grc' dir='ltr'><strong>ι</strong></span> <span class='ocrx_word' id='word_1_386' title='bbox 118 3687 265 3769; x_wconf 78' lang='lat' dir='ltr'><strong>bonum</strong></span> <span class='ocrx_word' id='word_1_387' title='bbox 287 3727 330 3769; x_wconf 86' lang='lat' dir='ltr'><strong>et</strong></span> <span class='ocrx_word' id='word_1_388' title='bbox 355 3724 462 3768; x_wconf 91' lang='lat' dir='ltr'><strong>tam</strong></span> <span class='ocrx_word' id='word_1_389' title='bbox 514 3705 839 3781; x_wconf 86' lang='lat' dir='ltr'><strong>jucundum,</strong></span> <span class='ocrx_word' id='word_1_390' title='bbox 870 3715 1030 3772; x_wconf 87' lang='lat' dir='ltr'><strong>quam</strong></span> <span class='ocrx_word' id='word_1_391' title='bbox 1083 3695 1322 3750; x_wconf 83' lang='lat' dir='ltr'><strong>habitare</strong></span> <span class='ocrx_word' id='word_1_392' title='bbox 1362 3689 1555 3745; x_wconf 84' lang='lat' dir='ltr'><strong>fratres</strong></span> <span class='ocrx_word' id='word_1_393' title='bbox 1594 3687 1647 3741; x_wconf 94' lang='lat' dir='ltr'><strong>in</strong></span> 
     </span>
    </p>
   </div>
   <div class='ocr_carea' id='block_1_53' title="bbox 118 3781 1652 3876">
    <p class='ocr_par' dir='ltr' id='par_1_53' title="bbox 118 3781 1652 3876">
     <span class='ocr_line' id='line_1_54' title="bbox 118 3781 1652 3876; baseline -0.017 -18"><span class='ocrx_word' id='word_1_394' title='bbox 118 3805 273 3876; x_wconf 84' lang='grc' dir='ltr'>ιιιιιιιιι(</span> <span class='ocrx_word' id='word_1_395' title='bbox 298 3805 436 3859; x_wconf 71' lang='grc' dir='ltr'><strong>Ρωι,</strong></span> <span class='ocrx_word' id='word_1_396' title='bbox 471 3815 677 3861; x_wconf 76' lang='lat' dir='ltr'><strong>cxxxn,</strong></span> <span class='ocrx_word' id='word_1_397' title='bbox 710 3798 735 3852; x_wconf 77' lang='lat' dir='ltr'><strong>l</strong></span> <span class='ocrx_word' id='word_1_398' title='bbox 762 3793 817 3868; x_wconf 73' lang='lat' dir='ltr'><strong>)i</strong></span> <span class='ocrx_word' id='word_1_399' title='bbox 854 3791 995 3863; x_wconf 88' lang='lat' dir='ltr'><strong>quod</strong></span> <span class='ocrx_word' id='word_1_400' title='bbox 1019 3789 1090 3845; x_wconf 91' lang='lat' dir='ltr'><strong>illi</strong></span> <span class='ocrx_word' id='word_1_401' title='bbox 1121 3799 1347 3856; x_wconf 87' lang='lat' dir='ltr'><strong>nequam</strong></span> <span class='ocrx_word' id='word_1_402' title='bbox 1378 3781 1563 3835; x_wconf 55' lang='lat' dir='ltr'><strong>dicunt</strong></span> <span class='ocrx_word' id='word_1_403' title='bbox 1598 3787 1652 3833; x_wconf 89' lang='lat' dir='ltr'><strong>et</strong></span> 
     </span>
    </p>
   </div>
   <div class='ocr_carea' id='block_1_54' title="bbox 117 3876 1649 3966">
    <p class='ocr_par' dir='ltr' id='par_1_54' title="bbox 117 3876 1649 3966">
     <span class='ocr_line' id='line_1_55' title="bbox 117 3876 1649 3966; baseline -0.018 -16"><span class='ocrx_word' id='word_1_404' title='bbox 117 3911 305 3951; x_wconf 84' lang='lat' dir='ltr'><strong>amarum</strong></span> <span class='ocrx_word' id='word_1_405' title='bbox 321 3904 541 3966; x_wconf 91' lang='lat' dir='ltr'><strong>ponunt,</strong></span> <span class='ocrx_word' id='word_1_406' title='bbox 573 3891 743 3961; x_wconf 89' lang='lat' dir='ltr'><strong>quise</strong></span> <span class='ocrx_word' id='word_1_407' title='bbox 764 3886 834 3941; x_wconf 88' lang='lat' dir='ltr'><strong>ah</strong></span> <span class='ocrx_word' id='word_1_408' title='bbox 860 3883 1107 3939; x_wconf 90' lang='lat' dir='ltr'><strong>omnibus</strong></span> <span class='ocrx_word' id='word_1_409' title='bbox 1138 3876 1390 3934; x_wconf 85' lang='lat' dir='ltr'><strong>fratribus</strong></span> <span class='ocrx_word' id='word_1_410' title='bbox 1431 3886 1649 3941; x_wconf 85' lang='lat' dir='ltr'><strong>separa-</strong></span> 
     </span>
    </p>
   </div>
   <div class='ocr_carea' id='block_1_55' title="bbox 40 3963 1652 4051">
    <p class='ocr_par' dir='ltr' id='par_1_55' title="bbox 40 3963 1652 4051">
     <span class='ocr_line' id='line_1_56' title="bbox 40 3963 1652 4051; baseline -0.019 -6"><span class='ocrx_word' id='word_1_411' title='bbox 40 4038 43 4045; x_wconf 88' lang='lat'><strong>.</strong></span> <span class='ocrx_word' id='word_1_412' title='bbox 120 3997 226 4051; x_wconf 87' lang='lat' dir='ltr'><strong>runt,</strong></span> <span class='ocrx_word' id='word_1_413' title='bbox 245 3963 355 4042; x_wconf 83' lang='lat' dir='ltr'><strong>dum</strong></span> <span class='ocrx_word' id='word_1_414' title='bbox 381 4001 545 4041; x_wconf 85' lang='lat' dir='ltr'><strong>vanas</strong></span> <span class='ocrx_word' id='word_1_415' title='bbox 575 3978 908 4051; x_wconf 88' lang='lat' dir='ltr'><strong>suspiciones</strong></span> <span class='ocrx_word' id='word_1_416' title='bbox 940 3988 1065 4030; x_wconf 89' lang='lat' dir='ltr'><strong>snas</strong></span> <span class='ocrx_word' id='word_1_417' title='bbox 1090 4014 1106 4037; x_wconf 92' lang='lat'><strong>,</strong></span> <span class='ocrx_word' id='word_1_418' title='bbox 1134 3986 1202 4026; x_wconf 89' lang='lat' dir='ltr'><strong>ne</strong></span> <span class='ocrx_word' id='word_1_419' title='bbox 1249 3968 1421 4021; x_wconf 91' lang='lat' dir='ltr'><strong>dicam</strong></span> <span class='ocrx_word' id='word_1_420' title='bbox 1464 3963 1652 4018; x_wconf 86' lang='lat' dir='ltr'><strong>factio-</strong></span> 
     </span>
    </p>
   </div>
   <div class='ocr_carea' id='block_1_56' title="bbox 40 4056 1652 4143">
    <p class='ocr_par' dir='ltr' id='par_1_56' title="bbox 40 4056 1652 4143">
     <span class='ocr_line' id='line_1_57' title="bbox 40 4056 1652 4143; baseline -0.019 -4"><span class='ocrx_word' id='word_1_421' title='bbox 40 4068 43 4139; x_wconf 64' lang='grc' dir='ltr'><em>ῗ</em></span> <span class='ocrx_word' id='word_1_422' title='bbox 120 4078 489 4143; x_wconf 81' lang='lat' dir='ltr'><strong>sasealumnias,</strong></span> <span class='ocrx_word' id='word_1_423' title='bbox 512 4074 604 4130; x_wconf 86' lang='lat' dir='ltr'><strong>vel</strong></span> <span class='ocrx_word' id='word_1_424' title='bbox 637 4087 742 4127; x_wconf 91' lang='lat' dir='ltr'><strong>non</strong></span> <span class='ocrx_word' id='word_1_425' title='bbox 768 4068 1027 4127; x_wconf 83' lang='lat' dir='ltr'><strong>excitare,</strong></span> <span class='ocrx_word' id='word_1_426' title='bbox 1057 4063 1138 4117; x_wconf 91' lang='lat' dir='ltr'><strong>vel</strong></span> <span class='ocrx_word' id='word_1_427' title='bbox 1171 4060 1429 4115; x_wconf 74' lang='lat' dir='ltr'><strong>excitatas</strong></span> <span class='ocrx_word' id='word_1_428' title='bbox 1463 4056 1652 4111; x_wconf 88' lang='lat' dir='ltr'><strong>tollere</strong></span> 
     </span>
    </p>
   </div>
   <div class='ocr_carea' id='block_1_57' title="bbox 40 4146 1656 4239">
    <p class='ocr_par' dir='ltr' id='par_1_57' title="bbox 40 4146 1656 4239">
     <span class='ocr_line' id='line_1_58' title="bbox 40 4146 1656 4239; baseline -0.015 -15"><span class='ocrx_word' id='word_1_429' title='bbox 40 4186 43 4239; x_wconf 61' lang='grc' dir='ltr'><strong>ῃ</strong></span> <span class='ocrx_word' id='word_1_430' title='bbox 120 4169 367 4225; x_wconf 85' lang='lat' dir='ltr'><strong>noluerunt.</strong></span> <span class='ocrx_word' id='word_1_431' title='bbox 419 4167 577 4239; x_wconf 82' lang='lat' dir='ltr'><strong>Quod</strong></span> <span class='ocrx_word' id='word_1_432' title='bbox 617 4164 665 4220; x_wconf 84' lang='lat' dir='ltr'><strong>si</strong></span> <span class='ocrx_word' id='word_1_433' title='bbox 686 4162 906 4219; x_wconf 77' lang='lat' dir='ltr'><strong>veram&#39;</strong></span> <span class='ocrx_word' id='word_1_434' title='bbox 948 4158 1155 4230; x_wconf 87' lang='lat' dir='ltr'><strong>paleam</strong></span> <span class='ocrx_word' id='word_1_435' title='bbox 1181 4153 1441 4215; x_wconf 86' lang='lat' dir='ltr'><strong>odissent,</strong></span> <span class='ocrx_word' id='word_1_436' title='bbox 1474 4160 1528 4203; x_wconf 88' lang='lat' dir='ltr'><strong>et</strong></span> <span class='ocrx_word' id='word_1_437' title='bbox 1556 4146 1656 4217; x_wconf 89' lang='lat' dir='ltr'><strong>ipsi</strong></span> 
     </span>
    </p>
   </div>
   <div class='ocr_carea' id='block_1_58' title="bbox 40 4230 1656 4349">
    <p class='ocr_par' dir='ltr' id='par_1_58' title="bbox 40 4230 1656 4349">
     <span class='ocr_line' id='line_1_59' title="bbox 40 4230 1656 4349; baseline -0.016 -29"><span class='ocrx_word' id='word_1_438' title='bbox 40 4230 43 4349; x_wconf 55' lang='grc' dir='ltr'>ί</span> <span class='ocrx_word' id='word_1_439' title='bbox 122 4263 235 4331; x_wconf 81' lang='lat' dir='ltr'><strong>palea</strong></span> <span class='ocrx_word' id='word_1_440' title='bbox 261 4269 578 4324; x_wconf 89' lang='lat' dir='ltr'><strong>nonessent,</strong></span> <span class='ocrx_word' id='word_1_441' title='bbox 631 4273 738 4313; x_wconf 89' lang='lat' dir='ltr'><strong>non</strong></span> <span class='ocrx_word' id='word_1_442' title='bbox 787 4262 1006 4327; x_wconf 89' lang='lat' dir='ltr'><strong>propter</strong></span> <span class='ocrx_word' id='word_1_443' title='bbox 1039 4265 1155 4305; x_wconf 89' lang='lat' dir='ltr'><strong>eam</strong></span> <span class='ocrx_word' id='word_1_444' title='bbox 1207 4262 1268 4302; x_wconf 89' lang='lat' dir='ltr'><strong>se</strong></span> <span class='ocrx_word' id='word_1_445' title='bbox 1319 4263 1347 4300; x_wconf 88' lang='lat' dir='ltr'><strong>a</strong></span> <span class='ocrx_word' id='word_1_446' title='bbox 1387 4242 1656 4299; x_wconf 88' lang='lat' dir='ltr'><strong>dominico</strong></span> 
     </span>
    </p>
   </div>
   <div class='ocr_carea' id='block_1_59' title="bbox 40 4334 1659 4426">
    <p class='ocr_par' dir='ltr' id='par_1_59' title="bbox 40 4334 1659 4426">
     <span class='ocr_line' id='line_1_60' title="bbox 40 4334 1659 4426; baseline -0.015 -17"><span class='ocrx_word' id='word_1_447' title='bbox 40 4334 43 4397; x_wconf 63' lang='grc' dir='ltr'>ξ</span> <span class='ocrx_word' id='word_1_448' title='bbox 122 4356 260 4411; x_wconf 85' lang='lat' dir='ltr'><strong>tritico</strong></span> <span class='ocrx_word' id='word_1_449' title='bbox 291 4373 376 4426; x_wconf 83' lang='lat' dir='ltr'><strong>per</strong></span> <span class='ocrx_word' id='word_1_450' title='bbox 402 4364 577 4409; x_wconf 84' lang='lat' dir='ltr'><strong>totum</strong></span> <span class='ocrx_word' id='word_1_451' title='bbox 619 4363 827 4421; x_wconf 81' lang='lat' dir='ltr'><strong>agrum,</strong></span> <span class='ocrx_word' id='word_1_452' title='bbox 873 4343 926 4400; x_wconf 88' lang='lat' dir='ltr'><strong>id</strong></span> <span class='ocrx_word' id='word_1_453' title='bbox 954 4351 1055 4407; x_wconf 89' lang='lat' dir='ltr'><strong>est,</strong></span> <span class='ocrx_word' id='word_1_454' title='bbox 1084 4338 1362 4403; x_wconf 88' lang='lat' dir='ltr'><strong>mundum,</strong></span> <span class='ocrx_word' id='word_1_455' title='bbox 1397 4334 1659 4390; x_wconf 86' lang='lat' dir='ltr'><strong>semiuato</strong></span> 
     </span>
    </p>
   </div>
   <div class='ocr_carea' id='block_1_60' title="bbox 121 4437 885 4514">
    <p class='ocr_par' dir='ltr' id='par_1_60' title="bbox 121 4437 885 4514">
     <span class='ocr_line' id='line_1_61' title="bbox 121 4437 885 4514; baseline -0.007 -14"><span class='ocrx_word' id='word_1_456' title='bbox 121 4456 420 4504; x_wconf 69' lang='lat' dir='ltr'><strong>clarescente</strong></span> <span class='ocrx_word' id='word_1_457' title='bbox 458 4444 807 4514; x_wconf 68' lang='lat' dir='ltr'><strong>seiungerth</strong></span> <span class='ocrx_word' id='word_1_458' title='bbox 830 4437 885 4495; x_wconf 75' lang='grc'><strong>³.,</strong></span> 
     </span>
    </p>
   </div>
   <div class='ocr_carea' id='block_1_61' title="bbox 172 4515 1663 4604">
    <p class='ocr_par' dir='ltr' id='par_1_61' title="bbox 172 4515 1663 4604">
     <span class='ocr_line' id='line_1_62' title="bbox 172 4515 1663 4604; baseline -0.017 -11"><span class='ocrx_word' id='word_1_459' title='bbox 172 4538 217 4593; x_wconf 77' lang='grc'><strong>2.</strong></span> <span class='ocrx_word' id='word_1_460' title='bbox 253 4540 554 4595; x_wconf 76' lang='lat' dir='ltr'><strong>Exclament</strong></span> <span class='ocrx_word' id='word_1_461' title='bbox 594 4536 775 4604; x_wconf 87' lang='lat' dir='ltr'><strong>itaque</strong></span> <span class='ocrx_word' id='word_1_462' title='bbox 797 4574 813 4596; x_wconf 96' lang='lat'><strong>,</strong></span> <span class='ocrx_word' id='word_1_463' title='bbox 852 4526 993 4600; x_wconf 91' lang='lat' dir='ltr'><strong>quod</strong></span> <span class='ocrx_word' id='word_1_464' title='bbox 1041 4530 1300 4596; x_wconf 84' lang='lat' dir='ltr'><strong>possunt,</strong></span> <span class='ocrx_word' id='word_1_465' title='bbox 1334 4519 1424 4574; x_wconf 70' lang='lat' dir='ltr'><strong>Va:</strong></span> <span class='ocrx_word' id='word_1_466' title='bbox 1458 4518 1536 4571; x_wconf 80' lang='lat' dir='ltr'><strong>his</strong></span> <span class='ocrx_word' id='word_1_467' title='bbox 1574 4515 1663 4588; x_wconf 86' lang='lat' dir='ltr'><strong>qui</strong></span> 
     </span>
    </p>
   </div>
   <div class='ocr_carea' id='block_1_62' title="bbox 126 4613 1663 4703">
    <p class='ocr_par' dir='ltr' id='par_1_62' title="bbox 126 4613 1663 4703">
     <span class='ocr_line' id='line_1_63' title="bbox 126 4613 1663 4703; baseline -0.018 -15"><span class='ocrx_word' id='word_1_468' title='bbox 126 4630 261 4686; x_wconf 70' lang='lat' dir='ltr'><strong>dicunt</strong></span> <span class='ocrx_word' id='word_1_469' title='bbox 294 4633 419 4703; x_wconf 86' lang='lat' dir='ltr'><strong>quod</strong></span> <span class='ocrx_word' id='word_1_470' title='bbox 460 4644 684 4701; x_wconf 82' lang='lat' dir='ltr'><strong>nequam</strong></span> <span class='ocrx_word' id='word_1_471' title='bbox 723 4634 797 4680; x_wconf 83' lang='lat' dir='ltr'><strong>est</strong></span> <span class='ocrx_word' id='word_1_472' title='bbox 843 4622 1046 4684; x_wconf 85' lang='lat' dir='ltr'><strong>bonum,</strong></span> <span class='ocrx_word' id='word_1_473' title='bbox 1100 4627 1147 4672; x_wconf 87' lang='lat' dir='ltr'><strong>et</strong></span> <span class='ocrx_word' id='word_1_474' title='bbox 1193 4613 1326 4687; x_wconf 90' lang='lat' dir='ltr'><strong>quod</strong></span> <span class='ocrx_word' id='word_1_475' title='bbox 1368 4613 1548 4665; x_wconf 86' lang='lat' dir='ltr'><strong>bonum</strong></span> <span class='ocrx_word' id='word_1_476' title='bbox 1591 4617 1663 4661; x_wconf 88' lang='lat' dir='ltr'><strong>est</strong></span> 
     </span>
    </p>
   </div>
   <div class='ocr_carea' id='block_1_63' title="bbox 40 4709 1665 4794">
    <p class='ocr_par' dir='ltr' id='par_1_63' title="bbox 40 4709 1665 4794">
     <span class='ocr_line' id='line_1_64' title="bbox 40 4709 1665 4794; baseline -0.016 -13"><span class='ocrx_word' id='word_1_477' title='bbox 40 4770 41 4777; x_wconf 54' lang='grc' dir='ltr'><strong>η</strong></span> <span class='ocrx_word' id='word_1_478' title='bbox 126 4739 313 4793; x_wconf 67' lang='lat' dir='ltr'><strong>negtium.</strong></span> <span class='ocrx_word' id='word_1_479' title='bbox 350 4719 759 4794; x_wconf 82' lang='lat' dir='ltr'><strong>Respondemus</strong></span> <span class='ocrx_word' id='word_1_480' title='bbox 799 4715 1061 4773; x_wconf 88' lang='lat' dir='ltr'><strong>breviter,</strong></span> <span class='ocrx_word' id='word_1_481' title='bbox 1092 4709 1201 4764; x_wconf 85' lang='lat' dir='ltr'><strong>Hoc</strong></span> <span class='ocrx_word' id='word_1_482' title='bbox 1228 4720 1410 4761; x_wconf 89' lang='lat' dir='ltr'><strong>verum</strong></span> <span class='ocrx_word' id='word_1_483' title='bbox 1454 4710 1536 4757; x_wconf 91' lang='lat' dir='ltr'><strong>est</strong></span> <span class='ocrx_word' id='word_1_484' title='bbox 1568 4720 1580 4756; x_wconf 94' lang='lat'>:</span> <span class='ocrx_word' id='word_1_485' title='bbox 1612 4709 1665 4756; x_wconf 84' lang='lat' dir='ltr'><strong>et</strong></span> 
     </span>
    </p>
   </div>
   <div class='ocr_carea' id='block_1_64' title="bbox 129 4796 1661 4880">
    <p class='ocr_par' dir='ltr' id='par_1_64' title="bbox 129 4796 1661 4880">
     <span class='ocr_line' id='line_1_65' title="bbox 129 4796 1661 4880; baseline -0.014 -14"><span class='ocrx_word' id='word_1_486' title='bbox 129 4813 327 4870; x_wconf 83' lang='lat' dir='ltr'><strong>addimus</strong></span> <span class='ocrx_word' id='word_1_487' title='bbox 350 4813 490 4869; x_wconf 85' lang='lat' dir='ltr'><strong>aliud</strong></span> <span class='ocrx_word' id='word_1_488' title='bbox 509 4854 527 4880; x_wconf 94' lang='lat'><strong>,</strong></span> <span class='ocrx_word' id='word_1_489' title='bbox 574 4810 661 4865; x_wconf 69' lang='lat' dir='ltr'><strong>Var</strong></span> <span class='ocrx_word' id='word_1_490' title='bbox 688 4809 767 4864; x_wconf 77' lang='lat' dir='ltr'><strong>liis</strong></span> <span class='ocrx_word' id='word_1_491' title='bbox 793 4807 881 4879; x_wconf 86' lang='lat' dir='ltr'><strong>qui</strong></span> <span class='ocrx_word' id='word_1_492' title='bbox 921 4803 1244 4877; x_wconf 85' lang='lat' dir='ltr'><strong>perdiderunt</strong></span> <span class='ocrx_word' id='word_1_493' title='bbox 1289 4796 1661 4857; x_wconf 85' lang='lat' dir='ltr'><strong>sustinentiam,</strong></span> 
     </span>
    </p>
   </div>
   <div class='ocr_carea' id='block_1_65' title="bbox 40 4886 1663 4976">
    <p class='ocr_par' dir='ltr' id='par_1_65' title="bbox 40 4886 1663 4976">
     <span class='ocr_line' id='line_1_66' title="bbox 40 4886 1663 4976; baseline -0.015 -13"><span class='ocrx_word' id='word_1_494' title='bbox 40 4922 41 4953; x_wconf 73' lang='grc' dir='ltr'><strong>ῖ</strong></span> <span class='ocrx_word' id='word_1_495' title='bbox 130 4905 223 4960; x_wconf 74' lang='lat' dir='ltr'><strong>dum</strong></span> <span class='ocrx_word' id='word_1_496' title='bbox 248 4920 425 4976; x_wconf 81' lang='lat' dir='ltr'><strong>ponunt</strong></span> <span class='ocrx_word' id='word_1_497' title='bbox 453 4910 623 4963; x_wconf 86' lang='lat' dir='ltr'><strong>lucem</strong></span> <span class='ocrx_word' id='word_1_498' title='bbox 668 4901 892 4958; x_wconf 84' lang='lat' dir='ltr'><strong>tenebras</strong></span> <span class='ocrx_word' id='word_1_499' title='bbox 910 4940 922 4961; x_wconf 90' lang='lat'><strong>,</strong></span> <span class='ocrx_word' id='word_1_500' title='bbox 955 4906 1002 4951; x_wconf 87' lang='lat' dir='ltr'><strong>et</strong></span> <span class='ocrx_word' id='word_1_501' title='bbox 1032 4892 1257 4948; x_wconf 82' lang='lat' dir='ltr'><strong>tenebras</strong></span> <span class='ocrx_word' id='word_1_502' title='bbox 1287 4890 1446 4945; x_wconf 85' lang='lat' dir='ltr'><strong>lucem</strong></span> <span class='ocrx_word' id='word_1_503' title='bbox 1476 4886 1663 4960; x_wconf 79' lang='lat' dir='ltr'><strong>(Eccli.</strong></span> 
     </span>
    </p>
   </div>
   <div class='ocr_carea' id='block_1_66' title="bbox 135 4980 1671 5070">
    <p class='ocr_par' dir='ltr' id='par_1_66' title="bbox 135 4980 1671 5070">
     <span class='ocr_line' id='line_1_67' title="bbox 135 4980 1671 5070; baseline -0.015 -15"><span class='ocrx_word' id='word_1_504' title='bbox 135 5009 176 5061; x_wconf 82' lang='lat' dir='ltr'><strong>Il.</strong></span> <span class='ocrx_word' id='word_1_505' title='bbox 200 4996 295 5070; x_wconf 75' lang='lat' dir='ltr'><strong>l6).</strong></span> <span class='ocrx_word' id='word_1_506' title='bbox 321 4999 453 5069; x_wconf 87' lang='lat' dir='ltr'><strong>Quid</strong></span> <span class='ocrx_word' id='word_1_507' title='bbox 494 4999 636 5054; x_wconf 88' lang='lat' dir='ltr'><strong>enim</strong></span> <span class='ocrx_word' id='word_1_508' title='bbox 669 4991 897 5050; x_wconf 90' lang='lat' dir='ltr'><strong>lucidius</strong></span> <span class='ocrx_word' id='word_1_509' title='bbox 939 4985 1215 5059; x_wconf 82' lang='lat' dir='ltr'><strong>promissis</strong></span> <span class='ocrx_word' id='word_1_510' title='bbox 1247 4983 1370 5046; x_wconf 86' lang='lat' dir='ltr'><strong>Dei,</strong></span> <span class='ocrx_word' id='word_1_511' title='bbox 1404 4980 1492 5052; x_wconf 89' lang='lat' dir='ltr'><strong>qui</strong></span> <span class='ocrx_word' id='word_1_512' title='bbox 1534 4990 1671 5034; x_wconf 87' lang='lat' dir='ltr'><strong>tem-</strong></span> 
     </span>
    </p>
   </div>
   <div class='ocr_carea' id='block_1_67' title="bbox 134 5071 1667 5154">
    <p class='ocr_par' dir='ltr' id='par_1_67' title="bbox 134 5071 1667 5154">
     <span class='ocr_line' id='line_1_68' title="bbox 134 5071 1667 5154; baseline -0.016 -6"><span class='ocrx_word' id='word_1_513' title='bbox 134 5089 310 5154; x_wconf 75' lang='lat' dir='ltr'><strong>poribus</strong></span> <span class='ocrx_word' id='word_1_514' title='bbox 345 5092 544 5147; x_wconf 86' lang='lat' dir='ltr'><strong>nostris</strong></span> <span class='ocrx_word' id='word_1_515' title='bbox 573 5086 848 5150; x_wconf 78' lang='lat' dir='ltr'><strong>exhibuit,</strong></span> <span class='ocrx_word' id='word_1_516' title='bbox 885 5080 1024 5153; x_wconf 86' lang='lat' dir='ltr'><strong>quod</strong></span> <span class='ocrx_word' id='word_1_517' title='bbox 1052 5087 1174 5133; x_wconf 85' lang='lat' dir='ltr'><strong>ante</strong></span> <span class='ocrx_word' id='word_1_518' title='bbox 1216 5089 1473 5130; x_wconf 88' lang='lat' dir='ltr'><strong>annorum</strong></span> <span class='ocrx_word' id='word_1_519' title='bbox 1507 5071 1667 5126; x_wconf 88' lang='lat' dir='ltr'><strong>millia</strong></span> 
     </span>
    </p>
   </div>
   <div class='ocr_carea' id='block_1_68' title="bbox 135 5165 1667 5249">
    <p class='ocr_par' dir='ltr' id='par_1_68' title="bbox 135 5165 1667 5249">
     <span class='ocr_line' id='line_1_69' title="bbox 135 5165 1667 5249; baseline -0.014 -12"><span class='ocrx_word' id='word_1_520' title='bbox 135 5183 463 5247; x_wconf 66' lang='lat' dir='ltr'><strong>pnnuutiavit</strong></span> <span class='ocrx_word' id='word_1_521' title='bbox 481 5224 498 5249; x_wconf 92' lang='lat'><strong>,</strong></span> <span class='ocrx_word' id='word_1_522' title='bbox 529 5183 581 5237; x_wconf 88' lang='lat' dir='ltr'><strong>in</strong></span> <span class='ocrx_word' id='word_1_523' title='bbox 609 5179 814 5234; x_wconf 88' lang='lat' dir='ltr'><strong>semine</strong></span> <span class='ocrx_word' id='word_1_524' title='bbox 834 5172 1062 5230; x_wconf 67' lang='lat' dir='ltr'><strong>Abrahae</strong></span> <span class='ocrx_word' id='word_1_525' title='bbox 1084 5213 1096 5235; x_wconf 92' lang='lat'><strong>,</strong></span> <span class='ocrx_word' id='word_1_526' title='bbox 1126 5168 1264 5239; x_wconf 87' lang='lat' dir='ltr'><strong>quod</strong></span> <span class='ocrx_word' id='word_1_527' title='bbox 1297 5176 1379 5222; x_wconf 87' lang='lat' dir='ltr'><strong>est</strong></span> <span class='ocrx_word' id='word_1_528' title='bbox 1400 5165 1667 5229; x_wconf 77' lang='lat' dir='ltr'><strong>Christus,</strong></span> 
     </span>
    </p>
   </div>
   <div class='ocr_carea' id='block_1_69' title="bbox 136 5257 1671 5340">
    <p class='ocr_par' dir='ltr' id='par_1_69' title="bbox 136 5257 1671 5340">
     <span class='ocr_line' id='line_1_70' title="bbox 136 5257 1671 5340; baseline -0.01 -16"><span class='ocrx_word' id='word_1_529' title='bbox 136 5268 513 5330; x_wconf 81' lang='lat' dir='ltr'><strong>benedictionem</strong></span> <span class='ocrx_word' id='word_1_530' title='bbox 562 5285 754 5326; x_wconf 91' lang='lat' dir='ltr'><strong>omnes</strong></span> <span class='ocrx_word' id='word_1_531' title='bbox 800 5276 984 5340; x_wconf 80' lang='lat' dir='ltr'><strong>gentes</strong></span> <span class='ocrx_word' id='word_1_532' title='bbox 1028 5262 1301 5317; x_wconf 84' lang='lat' dir='ltr'><strong>habituras</strong></span> <span class='ocrx_word' id='word_1_533' title='bbox 1347 5257 1500 5331; x_wconf 84' lang='lat' dir='ltr'><strong>(Gen.</strong></span> <span class='ocrx_word' id='word_1_534' title='bbox 1539 5270 1671 5322; x_wconf 70' lang='grc' dir='ltr'>χχιι,</span> 
     </span>
    </p>
   </div>
   <div class='ocr_carea' id='block_1_70' title="bbox 40 5348 1672 5439">
    <p class='ocr_par' dir='ltr' id='par_1_70' title="bbox 40 5348 1672 5439">
     <span class='ocr_line' id='line_1_71' title="bbox 40 5348 1672 5439; baseline -0.015 -16"><span class='ocrx_word' id='word_1_535' title='bbox 40 5348 41 5353; x_wconf 8' lang='grc' dir='ltr'>γ</span> <span class='ocrx_word' id='word_1_536' title='bbox 139 5361 242 5434; x_wconf 68' lang='grc' dir='ltr'><strong>ιιμ</strong></span> <span class='ocrx_word' id='word_1_537' title='bbox 263 5365 323 5421; x_wconf 83' lang='lat' dir='ltr'><strong>Et</strong></span> <span class='ocrx_word' id='word_1_538' title='bbox 346 5366 469 5439; x_wconf 90' lang='lat' dir='ltr'><strong>quid</strong></span> <span class='ocrx_word' id='word_1_539' title='bbox 499 5364 833 5421; x_wconf 85' lang='lat' dir='ltr'><strong>tenebrosins</strong></span> <span class='ocrx_word' id='word_1_540' title='bbox 855 5352 1355 5429; x_wconf 64' lang='lat' dir='ltr'><strong>pmsntnptioitibus</strong></span> <span class='ocrx_word' id='word_1_541' title='bbox 1379 5348 1672 5411; x_wconf 86' lang='lat' dir='ltr'><strong>hominum,</strong></span> 
     </span>
    </p>
   </div>
   <div class='ocr_carea' id='block_1_71' title="bbox 141 5436 1676 5530">
    <p class='ocr_par' dir='ltr' id='par_1_71' title="bbox 141 5436 1676 5530">
     <span class='ocr_line' id='line_1_72' title="bbox 141 5436 1676 5530; baseline -0.014 -16"><span class='ocrx_word' id='word_1_542' title='bbox 141 5455 210 5523; x_wconf 86' lang='lat' dir='ltr'><strong>qui</strong></span> <span class='ocrx_word' id='word_1_543' title='bbox 231 5436 427 5530; x_wconf 79' lang='lat' dir='ltr'><strong>propter</strong></span> <span class='ocrx_word' id='word_1_544' title='bbox 455 5468 656 5513; x_wconf 89' lang='lat' dir='ltr'><strong>temere</strong></span> <span class='ocrx_word' id='word_1_545' title='bbox 684 5452 889 5522; x_wconf 87' lang='lat' dir='ltr'><strong>objecta</strong></span> <span class='ocrx_word' id='word_1_546' title='bbox 910 5489 926 5514; x_wconf 93' lang='lat'><strong>,</strong></span> <span class='ocrx_word' id='word_1_547' title='bbox 953 5458 1008 5503; x_wconf 91' lang='lat' dir='ltr'><strong>ct</strong></span> <span class='ocrx_word' id='word_1_548' title='bbox 1035 5458 1301 5515; x_wconf 88' lang='lat' dir='ltr'><strong>nunquam</strong></span> <span class='ocrx_word' id='word_1_549' title='bbox 1320 5440 1540 5513; x_wconf 87' lang='lat' dir='ltr'><strong>probata</strong></span> <span class='ocrx_word' id='word_1_550' title='bbox 1569 5436 1676 5493; x_wconf 90' lang='lat' dir='ltr'><strong>cri-</strong></span> 
     </span>
    </p>
   </div>
   <div class='ocr_carea' id='block_1_72' title="bbox 192 5623 978 5694">
    <p class='ocr_par' dir='ltr' id='par_1_72' title="bbox 192 5623 978 5694">
     <span class='ocr_line' id='line_1_73' title="bbox 192 5623 978 5694; baseline -0.011 -10"><span class='ocrx_word' id='word_1_551' title='bbox 192 5628 383 5694; x_wconf 64' lang='grc' dir='ltr'>ἓαιιιια</span> <span class='ocrx_word' id='word_1_552' title='bbox 398 5640 526 5694; x_wconf 53' lang='lat' dir='ltr'><strong>tua,</strong></span> <span class='ocrx_word' id='word_1_553' title='bbox 550 5629 765 5685; x_wconf 82' lang='lat' dir='ltr'><strong>homines</strong></span> <span class='ocrx_word' id='word_1_554' title='bbox 785 5623 978 5678; x_wconf 77' lang='lat' dir='ltr'><strong>clausis.</strong></span> 
     </span>
    </p>
   </div>
   <div class='ocr_carea' id='block_1_73' title="bbox 192 5692 806 5755">
    <p class='ocr_par' dir='ltr' id='par_1_73' title="bbox 192 5692 806 5755">
     <span class='ocr_line' id='line_1_74' title="bbox 192 5692 806 5755; baseline -0.013 -9"><span class='ocrx_word' id='word_1_555' title='bbox 192 5692 212 5755; x_wconf 65' lang='grc' dir='ltr'><strong>ξ</strong></span> <span class='ocrx_word' id='word_1_556' title='bbox 230 5695 420 5747; x_wconf 72' lang='lat' dir='ltr'><strong>Vaticani</strong></span> <span class='ocrx_word' id='word_1_557' title='bbox 440 5692 655 5755; x_wconf 85' lang='lat' dir='ltr'><strong>codices,</strong></span> <span class='ocrx_word' id='word_1_558' title='bbox 681 5702 806 5755; x_wconf 83' lang='lat' dir='ltr'><strong>vere.</strong></span> 
     </span>
    </p>
   </div>
   <div class='ocr_carea' id='block_1_74' title="bbox 193 5745 1217 5817">
    <p class='ocr_par' dir='ltr' id='par_1_74' title="bbox 193 5745 1217 5817">
     <span class='ocr_line' id='line_1_75' title="bbox 193 5745 1217 5817; baseline -0.016 -8"><span class='ocrx_word' id='word_1_559' title='bbox 193 5753 211 5785; x_wconf 85' lang='grc'>⁸</span> <span class='ocrx_word' id='word_1_560' title='bbox 225 5759 288 5808; x_wconf 75' lang='lat' dir='ltr'><strong>ita</strong></span> <span class='ocrx_word' id='word_1_561' title='bbox 301 5745 910 5817; x_wconf 53' lang='grc' dir='ltr'><strong>ἧλιέὰίιιίεείωιθρνε</strong></span> <span class='ocrx_word' id='word_1_562' title='bbox 930 5745 1217 5798; x_wconf 81' lang='lat' dir='ltr'><strong>debuissent.</strong></span> 
     </span>
    </p>
   </div>
   <div class='ocr_carea' id='block_1_75' title="bbox 1738 2300 3335 2376">
    <p class='ocr_par' dir='ltr' id='par_1_75' title="bbox 1738 2300 3335 2376">
     <span class='ocr_line' id='line_1_76' title="bbox 1738 2300 3335 2376; baseline 0.003 -21"><span class='ocrx_word' id='word_1_563' title='bbox 1738 2300 1881 2356; x_wconf 87' lang='lat' dir='ltr'><strong>mina</strong></span> <span class='ocrx_word' id='word_1_564' title='bbox 1911 2300 2228 2359; x_wconf 82' lang='lat' dir='ltr'><strong>traditarum</strong></span> <span class='ocrx_word' id='word_1_565' title='bbox 2254 2303 2413 2376; x_wconf 69' lang='lat' dir='ltr'><strong>(qua:</strong></span> <span class='ocrx_word' id='word_1_566' title='bbox 2439 2304 2485 2359; x_wconf 88' lang='lat' dir='ltr'><strong>si</strong></span> <span class='ocrx_word' id='word_1_567' title='bbox 2510 2319 2635 2360; x_wconf 88' lang='lat' dir='ltr'><strong>vera</strong></span> <span class='ocrx_word' id='word_1_568' title='bbox 2664 2312 2880 2371; x_wconf 88' lang='lat' dir='ltr'><strong>essent,</strong></span> <span class='ocrx_word' id='word_1_569' title='bbox 2924 2317 3191 2375; x_wconf 85' lang='lat' dir='ltr'><strong>nunquam</strong></span> <span class='ocrx_word' id='word_1_570' title='bbox 3218 2304 3335 2360; x_wconf 92' lang='lat' dir='ltr'><strong>Deo</strong></span> 
     </span>
    </p>
   </div>
   <div class='ocr_carea' id='block_1_76' title="bbox 1738 2393 3330 2467">
    <p class='ocr_par' dir='ltr' id='par_1_76' title="bbox 1738 2393 3330 2467">
     <span class='ocr_line' id='line_1_77' title="bbox 1738 2393 3330 2467; baseline 0.001 -19"><span class='ocrx_word' id='word_1_571' title='bbox 1738 2393 2166 2465; x_wconf 74' lang='lat' dir='ltr'><strong>prmjudicarcnt,</strong></span> <span class='ocrx_word' id='word_1_572' title='bbox 2212 2410 2318 2466; x_wconf 90' lang='lat' dir='ltr'><strong>quo</strong></span> <span class='ocrx_word' id='word_1_573' title='bbox 2359 2396 2535 2451; x_wconf 91' lang='lat' dir='ltr'><strong>minus</strong></span> <span class='ocrx_word' id='word_1_574' title='bbox 2576 2410 2695 2466; x_wconf 65' lang='lat' dir='ltr'><strong>qua:</strong></span> <span class='ocrx_word' id='word_1_575' title='bbox 2734 2393 2981 2466; x_wconf 89' lang='lat' dir='ltr'><strong>promisit</strong></span> <span class='ocrx_word' id='word_1_576' title='bbox 3021 2393 3330 2467; x_wconf 88' lang='lat' dir='ltr'><strong>impleret),</strong></span> 
     </span>
    </p>
   </div>
   <div class='ocr_carea' id='block_1_77' title="bbox 1739 2486 3336 2558">
    <p class='ocr_par' dir='ltr' id='par_1_77' title="bbox 1739 2486 3336 2558">
     <span class='ocr_line' id='line_1_78' title="bbox 1739 2486 3336 2558; baseline 0.001 -18"><span class='ocrx_word' id='word_1_577' title='bbox 1739 2486 1965 2558; x_wconf 89' lang='lat' dir='ltr'><strong>periisse</strong></span> <span class='ocrx_word' id='word_1_578' title='bbox 1993 2487 2178 2542; x_wconf 89' lang='lat' dir='ltr'><strong>dicunt</strong></span> <span class='ocrx_word' id='word_1_579' title='bbox 2203 2487 2546 2543; x_wconf 88' lang='lat' dir='ltr'><strong>christianum</strong></span> <span class='ocrx_word' id='word_1_580' title='bbox 2584 2502 2779 2541; x_wconf 89' lang='lat' dir='ltr'><strong>nomen</strong></span> <span class='ocrx_word' id='word_1_581' title='bbox 2808 2488 2875 2541; x_wconf 90' lang='lat' dir='ltr'><strong>de</strong></span> <span class='ocrx_word' id='word_1_582' title='bbox 2900 2494 2978 2540; x_wconf 92' lang='lat' dir='ltr'><strong>tot</strong></span> <span class='ocrx_word' id='word_1_583' title='bbox 3004 2486 3251 2557; x_wconf 75' lang='lat' dir='ltr'><strong>gentibus</strong></span> <span class='ocrx_word' id='word_1_584' title='bbox 3278 2486 3336 2542; x_wconf 85' lang='lat' dir='ltr'><strong>in</strong></span> 
     </span>
    </p>
   </div>
   <div class='ocr_carea' id='block_1_78' title="bbox 1741 2578 3335 2647">
    <p class='ocr_par' dir='ltr' id='par_1_78' title="bbox 1741 2578 3335 2647">
     <span class='ocr_line' id='line_1_79' title="bbox 1741 2578 3335 2647; baseline 0.001 -13"><span class='ocrx_word' id='word_1_585' title='bbox 1741 2579 1874 2635; x_wconf 87' lang='lat' dir='ltr'><strong>orbe</strong></span> <span class='ocrx_word' id='word_1_586' title='bbox 1900 2588 2184 2647; x_wconf 88' lang='lat' dir='ltr'><strong>terrarum,</strong></span> <span class='ocrx_word' id='word_1_587' title='bbox 2212 2590 2265 2637; x_wconf 92' lang='lat' dir='ltr'><strong>et</strong></span> <span class='ocrx_word' id='word_1_588' title='bbox 2290 2582 2343 2635; x_wconf 91' lang='lat' dir='ltr'><strong>in</strong></span> <span class='ocrx_word' id='word_1_589' title='bbox 2372 2581 2483 2636; x_wconf 90' lang='lat' dir='ltr'><strong>sola</strong></span> <span class='ocrx_word' id='word_1_590' title='bbox 2505 2578 2680 2634; x_wconf 84' lang='lat' dir='ltr'><strong>Africa</strong></span> <span class='ocrx_word' id='word_1_591' title='bbox 2710 2579 3073 2635; x_wconf 84' lang='lat' dir='ltr'><strong>remansisse?</strong></span> <span class='ocrx_word' id='word_1_592' title='bbox 3104 2578 3172 2634; x_wconf 87' lang='lat' dir='ltr'><strong>Et</strong></span> <span class='ocrx_word' id='word_1_593' title='bbox 3197 2578 3335 2635; x_wconf 90' lang='lat' dir='ltr'><strong>banc</strong></span> 
     </span>
    </p>
   </div>
   <div class='ocr_carea' id='block_1_79' title="bbox 1743 2671 3337 2742">
    <p class='ocr_par' dir='ltr' id='par_1_79' title="bbox 1743 2671 3337 2742">
     <span class='ocr_line' id='line_1_80' title="bbox 1743 2671 3337 2742; baseline 0 -16"><span class='ocrx_word' id='word_1_594' title='bbox 1743 2674 2213 2742; x_wconf 73' lang='lat' dir='ltr'><strong>prmsumptionem</strong></span> <span class='ocrx_word' id='word_1_595' title='bbox 2257 2689 2407 2728; x_wconf 88' lang='lat' dir='ltr'><strong>suam</strong></span> <span class='ocrx_word' id='word_1_596' title='bbox 2448 2673 2620 2727; x_wconf 81' lang='lat' dir='ltr'><strong>lucent</strong></span> <span class='ocrx_word' id='word_1_597' title='bbox 2651 2671 2873 2737; x_wconf 89' lang='lat' dir='ltr'><strong>dicunt;</strong></span> <span class='ocrx_word' id='word_1_598' title='bbox 2921 2671 3178 2741; x_wconf 89' lang='lat' dir='ltr'><strong>promissa</strong></span> <span class='ocrx_word' id='word_1_599' title='bbox 3206 2685 3337 2726; x_wconf 83' lang='lat' dir='ltr'><strong>vero</strong></span> 
     </span>
    </p>
   </div>
   <div class='ocr_carea' id='block_1_80' title="bbox 1746 2761 3331 2834">
    <p class='ocr_par' dir='ltr' id='par_1_80' title="bbox 1746 2761 3331 2834">
     <span class='ocr_line' id='line_1_81' title="bbox 1746 2761 3331 2834; baseline -0.001 -17"><span class='ocrx_word' id='word_1_600' title='bbox 1746 2762 1839 2817; x_wconf 90' lang='lat' dir='ltr'><strong>Dei</strong></span> <span class='ocrx_word' id='word_1_601' title='bbox 1873 2763 1984 2833; x_wconf 86' lang='lat' dir='ltr'><strong>jam</strong></span> <span class='ocrx_word' id='word_1_602' title='bbox 2015 2764 2130 2834; x_wconf 90' lang='lat' dir='ltr'><strong>ipso</strong></span> <span class='ocrx_word' id='word_1_603' title='bbox 2173 2763 2362 2818; x_wconf 74' lang='lat' dir='ltr'><strong>effectu</strong></span> <span class='ocrx_word' id='word_1_604' title='bbox 2391 2778 2567 2818; x_wconf 91' lang='lat' dir='ltr'><strong>rerum</strong></span> <span class='ocrx_word' id='word_1_605' title='bbox 2610 2762 2899 2816; x_wconf 89' lang='lat' dir='ltr'><strong>illuminata</strong></span> <span class='ocrx_word' id='word_1_606' title='bbox 2925 2761 3331 2815; x_wconf 82' lang='lat' dir='ltr'><strong>mendacioruni</strong></span> 
     </span>
    </p>
   </div>
   <div class='ocr_carea' id='block_1_81' title="bbox 1745 2854 3336 2927">
    <p class='ocr_par' dir='ltr' id='par_1_81' title="bbox 1745 2854 3336 2927">
     <span class='ocr_line' id='line_1_82' title="bbox 1745 2854 3336 2927; baseline -0.003 -15"><span class='ocrx_word' id='word_1_607' title='bbox 1745 2858 1980 2912; x_wconf 88' lang='lat' dir='ltr'><strong>tenebris</strong></span> <span class='ocrx_word' id='word_1_608' title='bbox 2009 2858 2221 2927; x_wconf 67' lang='lat' dir='ltr'><strong>operire</strong></span> <span class='ocrx_word' id='word_1_609' title='bbox 2265 2857 2612 2912; x_wconf 87' lang='lat' dir='ltr'><strong>contendunt.</strong></span> <span class='ocrx_word' id='word_1_610' title='bbox 2660 2856 2881 2924; x_wconf 87' lang='lat' dir='ltr'><strong>Insuper</strong></span> <span class='ocrx_word' id='word_1_611' title='bbox 2924 2854 3206 2909; x_wconf 85' lang='lat' dir='ltr'><strong>adversum</strong></span> <span class='ocrx_word' id='word_1_612' title='bbox 3237 2868 3336 2908; x_wconf 87' lang='lat' dir='ltr'><strong>nos</strong></span> 
     </span>
    </p>
   </div>
   <div class='ocr_carea' id='block_1_82' title="bbox 1746 2947 3340 3035">
    <p class='ocr_par' dir='ltr' id='par_1_82' title="bbox 1746 2947 3340 3035">
     <span class='ocr_line' id='line_1_83' title="bbox 1746 2947 3340 3035; baseline -0.003 -30"><span class='ocrx_word' id='word_1_613' title='bbox 1746 2947 1884 3005; x_wconf 89' lang='lat' dir='ltr'><strong>facta</strong></span> <span class='ocrx_word' id='word_1_614' title='bbox 1912 2966 2003 3004; x_wconf 89' lang='lat' dir='ltr'><strong>sua</strong></span> <span class='ocrx_word' id='word_1_615' title='bbox 2035 2951 2287 3016; x_wconf 89' lang='lat' dir='ltr'><strong>clamant,</strong></span> <span class='ocrx_word' id='word_1_616' title='bbox 2315 2951 2555 3035; x_wconf 52' lang='lat' dir='ltr'><strong>dicentes</strong></span> <span class='ocrx_word' id='word_1_617' title='bbox 2573 2991 2587 3012; x_wconf 88' lang='lat'><strong>,</strong></span> <span class='ocrx_word' id='word_1_618' title='bbox 2622 2947 2713 3004; x_wconf 80' lang='lat' dir='ltr'><strong>Va:</strong></span> <span class='ocrx_word' id='word_1_619' title='bbox 2736 2949 2814 3003; x_wconf 84' lang='lat' dir='ltr'><strong>Itis</strong></span> <span class='ocrx_word' id='word_1_620' title='bbox 2840 2949 2924 3016; x_wconf 86' lang='lat' dir='ltr'><strong>qui</strong></span> <span class='ocrx_word' id='word_1_621' title='bbox 2956 2957 3147 3017; x_wconf 88' lang='lat' dir='ltr'><strong>ponunt</strong></span> <span class='ocrx_word' id='word_1_622' title='bbox 3176 2947 3340 3000; x_wconf 86' lang='lat' dir='ltr'><strong>lucem</strong></span> 
     </span>
    </p>
   </div>
   <div class='ocr_carea' id='block_1_83' title="bbox 1748 3038 3339 3109">
    <p class='ocr_par' dir='ltr' id='par_1_83' title="bbox 1748 3038 3339 3109">
     <span class='ocr_line' id='line_1_84' title="bbox 1748 3038 3339 3109; baseline 0.001 -15"><span class='ocrx_word' id='word_1_623' title='bbox 1748 3043 1976 3095; x_wconf 84' lang='lat' dir='ltr'><strong>tenebras</strong></span> <span class='ocrx_word' id='word_1_624' title='bbox 1999 3084 2014 3109; x_wconf 92' lang='lat'><strong>,</strong></span> <span class='ocrx_word' id='word_1_625' title='bbox 2055 3052 2102 3095; x_wconf 86' lang='lat' dir='ltr'><strong>et</strong></span> <span class='ocrx_word' id='word_1_626' title='bbox 2131 3042 2357 3097; x_wconf 83' lang='lat' dir='ltr'><strong>tenebras</strong></span> <span class='ocrx_word' id='word_1_627' title='bbox 2388 3044 2570 3097; x_wconf 86' lang='lat' dir='ltr'><strong>lucem.</strong></span> <span class='ocrx_word' id='word_1_628' title='bbox 2626 3041 2772 3097; x_wconf 86' lang='lat' dir='ltr'><strong>Itane</strong></span> <span class='ocrx_word' id='word_1_629' title='bbox 2822 3041 2909 3095; x_wconf 77' lang='lat' dir='ltr'><strong>lux</strong></span> <span class='ocrx_word' id='word_1_630' title='bbox 2952 3050 3066 3095; x_wconf 86' lang='lat' dir='ltr'><strong>erat</strong></span> <span class='ocrx_word' id='word_1_631' title='bbox 3093 3038 3339 3109; x_wconf 86' lang='lat' dir='ltr'><strong>Optatus,</strong></span> 
     </span>
    </p>
   </div>
   <div class='ocr_carea' id='block_1_84' title="bbox 1750 3131 3344 3206">
    <p class='ocr_par' dir='ltr' id='par_1_84' title="bbox 1750 3131 3344 3206">
     <span class='ocr_line' id='line_1_85' title="bbox 1750 3131 3344 3206; baseline -0.001 -19"><span class='ocrx_word' id='word_1_632' title='bbox 1750 3148 1869 3187; x_wconf 88' lang='lat' dir='ltr'><strong>cum</strong></span> <span class='ocrx_word' id='word_1_633' title='bbox 1902 3143 2067 3188; x_wconf 92' lang='lat' dir='ltr'><strong>totum</strong></span> <span class='ocrx_word' id='word_1_634' title='bbox 2098 3136 2282 3190; x_wconf 87' lang='lat' dir='ltr'><strong>orbem</strong></span> <span class='ocrx_word' id='word_1_635' title='bbox 2307 3136 2554 3190; x_wconf 82' lang='lat' dir='ltr'><strong>tenebras</strong></span> <span class='ocrx_word' id='word_1_636' title='bbox 2580 3131 2953 3206; x_wconf 75' lang='lat' dir='ltr'><strong>appellabat&#39;?</strong></span> <span class='ocrx_word' id='word_1_637' title='bbox 2978 3137 3058 3187; x_wconf 80' lang='lat' dir='ltr'><strong>An</strong></span> <span class='ocrx_word' id='word_1_638' title='bbox 3089 3148 3211 3188; x_wconf 88' lang='lat' dir='ltr'><strong>eum</strong></span> <span class='ocrx_word' id='word_1_639' title='bbox 3247 3146 3344 3202; x_wconf 88' lang='lat' dir='ltr'><strong>po-</strong></span> 
     </span>
    </p>
   </div>
   <div class='ocr_carea' id='block_1_85' title="bbox 1752 3224 3343 3286">
    <p class='ocr_par' dir='ltr' id='par_1_85' title="bbox 1752 3224 3343 3286">
     <span class='ocr_line' id='line_1_86' title="bbox 1752 3224 3343 3286; baseline -0.001 -7"><span class='ocrx_word' id='word_1_640' title='bbox 1752 3225 1855 3279; x_wconf 86' lang='lat' dir='ltr'><strong>tius</strong></span> <span class='ocrx_word' id='word_1_641' title='bbox 1885 3240 2003 3280; x_wconf 79' lang='lat' dir='ltr'><strong>esse</strong></span> <span class='ocrx_word' id='word_1_642' title='bbox 2035 3228 2280 3281; x_wconf 90' lang='lat' dir='ltr'><strong>tenebras</strong></span> <span class='ocrx_word' id='word_1_643' title='bbox 2326 3238 2428 3280; x_wconf 87' lang='lat' dir='ltr'><strong>tota</strong></span> <span class='ocrx_word' id='word_1_644' title='bbox 2461 3226 2636 3280; x_wconf 84' lang='lat' dir='ltr'><strong>Africa</strong></span> <span class='ocrx_word' id='word_1_645' title='bbox 2668 3224 2929 3279; x_wconf 87' lang='lat' dir='ltr'><strong>sentiebat</strong></span> <span class='ocrx_word' id='word_1_646' title='bbox 2950 3265 2963 3286; x_wconf 91' lang='lat'><strong>,</strong></span> <span class='ocrx_word' id='word_1_647' title='bbox 3009 3234 3063 3279; x_wconf 92' lang='lat' dir='ltr'><strong>et</strong></span> <span class='ocrx_word' id='word_1_648' title='bbox 3093 3224 3176 3278; x_wconf 85' lang='lat' dir='ltr'><strong>isti</strong></span> <span class='ocrx_word' id='word_1_649' title='bbox 3217 3238 3343 3278; x_wconf 85' lang='lat' dir='ltr'><strong>eum</strong></span> 
     </span>
    </p>
   </div>
   <div class='ocr_carea' id='block_1_86' title="bbox 1752 3314 3346 3389">
    <p class='ocr_par' dir='ltr' id='par_1_86' title="bbox 1752 3314 3346 3389">
     <span class='ocr_line' id='line_1_87' title="bbox 1752 3314 3346 3389; baseline -0.001 -21"><span class='ocrx_word' id='word_1_650' title='bbox 1752 3314 1923 3370; x_wconf 89' lang='lat' dir='ltr'><strong>lucem</strong></span> <span class='ocrx_word' id='word_1_651' title='bbox 1952 3318 2244 3382; x_wconf 77' lang='lat' dir='ltr'><strong>vocabant,</strong></span> <span class='ocrx_word' id='word_1_652' title='bbox 2276 3318 2363 3389; x_wconf 85' lang='lat' dir='ltr'><strong>qni</strong></span> <span class='ocrx_word' id='word_1_653' title='bbox 2388 3328 2578 3387; x_wconf 83' lang='lat' dir='ltr'><strong>ponunt</strong></span> <span class='ocrx_word' id='word_1_654' title='bbox 2605 3318 2625 3349; x_wconf 75' lang='grc'>⁸</span> <span class='ocrx_word' id='word_1_655' title='bbox 2652 3317 2814 3371; x_wconf 86' lang='lat' dir='ltr'><strong>lucem</strong></span> <span class='ocrx_word' id='word_1_656' title='bbox 2844 3315 3070 3369; x_wconf 83' lang='lat' dir='ltr'><strong>tenebras</strong></span> <span class='ocrx_word' id='word_1_657' title='bbox 3088 3355 3103 3379; x_wconf 94' lang='lat'><strong>,</strong></span> <span class='ocrx_word' id='word_1_658' title='bbox 3133 3325 3179 3367; x_wconf 87' lang='lat' dir='ltr'><strong>et</strong></span> <span class='ocrx_word' id='word_1_659' title='bbox 3208 3324 3346 3368; x_wconf 84' lang='lat' dir='ltr'><strong>tene-</strong></span> 
     </span>
    </p>
   </div>
   <div class='ocr_carea' id='block_1_87' title="bbox 1752 3406 3346 3477">
    <p class='ocr_par' dir='ltr' id='par_1_87' title="bbox 1752 3406 3346 3477">
     <span class='ocr_line' id='line_1_88' title="bbox 1752 3406 3346 3477; baseline 0.001 -17"><span class='ocrx_word' id='word_1_660' title='bbox 1752 3406 1869 3462; x_wconf 87' lang='lat' dir='ltr'><strong>bras</strong></span> <span class='ocrx_word' id='word_1_661' title='bbox 1897 3409 2057 3461; x_wconf 86' lang='lat' dir='ltr'><strong>lucent</strong></span> <span class='ocrx_word' id='word_1_662' title='bbox 2079 3408 2105 3462; x_wconf 85' lang='lat'><strong><em>?</em></strong></span> <span class='ocrx_word' id='word_1_663' title='bbox 2139 3428 2158 3461; x_wconf 80' lang='grc' dir='ltr'><strong>ι</strong></span> <span class='ocrx_word' id='word_1_664' title='bbox 2185 3408 2287 3464; x_wconf 75' lang='lat' dir='ltr'><strong>Sed</strong></span> <span class='ocrx_word' id='word_1_665' title='bbox 2313 3408 2660 3477; x_wconf 88' lang='lat' dir='ltr'><strong>displicebat,</strong></span> <span class='ocrx_word' id='word_1_666' title='bbox 2698 3427 2718 3460; x_wconf 76' lang='grc' dir='ltr'><strong>ι</strong></span> <span class='ocrx_word' id='word_1_667' title='bbox 2754 3408 3029 3477; x_wconf 87' lang='lat' dir='ltr'><strong>inquiunt,</strong></span> <span class='ocrx_word' id='word_1_668' title='bbox 3065 3423 3085 3458; x_wconf 73' lang='grc' dir='ltr'><strong>ι</strong></span> <span class='ocrx_word' id='word_1_669' title='bbox 3120 3408 3346 3474; x_wconf 83' lang='lat' dir='ltr'><strong>Optatus</strong></span> 
     </span>
    </p>
   </div>
   <div class='ocr_carea' id='block_1_88' title="bbox 1754 3494 3347 3566">
    <p class='ocr_par' dir='ltr' id='par_1_88' title="bbox 1754 3494 3347 3566">
     <span class='ocr_line' id='line_1_89' title="bbox 1754 3494 3347 3566; baseline -0.001 -13"><span class='ocrx_word' id='word_1_670' title='bbox 1754 3500 1806 3554; x_wconf 90' lang='lat' dir='ltr'><strong>in</strong></span> <span class='ocrx_word' id='word_1_671' title='bbox 1855 3499 2230 3553; x_wconf 81' lang='lat' dir='ltr'><strong>communione</strong></span> <span class='ocrx_word' id='word_1_672' title='bbox 2277 3508 2458 3553; x_wconf 86' lang='lat' dir='ltr'><strong>nostra</strong></span> <span class='ocrx_word' id='word_1_673' title='bbox 2505 3499 2753 3553; x_wconf 88' lang='lat' dir='ltr'><strong>omnibus</strong></span> <span class='ocrx_word' id='word_1_674' title='bbox 2800 3497 2972 3552; x_wconf 86' lang='lat' dir='ltr'><strong>bonis.</strong></span> <span class='ocrx_word' id='word_1_675' title='bbox 3010 3515 3030 3549; x_wconf 80' lang='grc' dir='ltr'><strong>ι</strong></span> <span class='ocrx_word' id='word_1_676' title='bbox 3061 3494 3175 3550; x_wconf 86' lang='grc' dir='ltr'>Νοιι</span> <span class='ocrx_word' id='word_1_677' title='bbox 3215 3509 3347 3566; x_wconf 87' lang='lat' dir='ltr'><strong>ergo</strong></span> 
     </span>
    </p>
   </div>
   <div class='ocr_carea' id='block_1_89' title="bbox 1755 3588 3345 3655">
    <p class='ocr_par' dir='ltr' id='par_1_89' title="bbox 1755 3588 3345 3655">
     <span class='ocr_line' id='line_1_90' title="bbox 1755 3588 3345 3655; baseline -0.003 -8"><span class='ocrx_word' id='word_1_678' title='bbox 1755 3606 1876 3647; x_wconf 90' lang='lat' dir='ltr'><strong>eum</strong></span> <span class='ocrx_word' id='word_1_679' title='bbox 1910 3591 2079 3646; x_wconf 86' lang='lat' dir='ltr'><strong>lucem</strong></span> <span class='ocrx_word' id='word_1_680' title='bbox 2107 3591 2377 3646; x_wconf 80' lang='lat' dir='ltr'><strong>vocabulis</strong></span> <span class='ocrx_word' id='word_1_681' title='bbox 2399 3633 2414 3655; x_wconf 93' lang='lat'><strong>,</strong></span> <span class='ocrx_word' id='word_1_682' title='bbox 2445 3599 2501 3646; x_wconf 91' lang='lat' dir='ltr'><strong>ct</strong></span> <span class='ocrx_word' id='word_1_683' title='bbox 2530 3599 2704 3645; x_wconf 90' lang='lat' dir='ltr'><strong>tamen</strong></span> <span class='ocrx_word' id='word_1_684' title='bbox 2751 3588 2803 3643; x_wconf 89' lang='lat' dir='ltr'><strong>ei</strong></span> <span class='ocrx_word' id='word_1_685' title='bbox 2847 3588 3345 3644; x_wconf 86' lang='lat' dir='ltr'><strong>cummunicabatis.</strong></span> 
     </span>
    </p>
   </div>
   <div class='ocr_carea' id='block_1_90' title="bbox 1757 3680 3349 3753">
    <p class='ocr_par' dir='ltr' id='par_1_90' title="bbox 1757 3680 3349 3753">
     <span class='ocr_line' id='line_1_91' title="bbox 1757 3680 3349 3753; baseline -0.001 -17"><span class='ocrx_word' id='word_1_686' title='bbox 1757 3681 1952 3753; x_wconf 82' lang='lat' dir='ltr'><strong>Eligite</strong></span> <span class='ocrx_word' id='word_1_687' title='bbox 2000 3681 2175 3752; x_wconf 88' lang='lat' dir='ltr'><strong>itaque</strong></span> <span class='ocrx_word' id='word_1_688' title='bbox 2226 3681 2366 3752; x_wconf 86' lang='lat' dir='ltr'><strong>quod</strong></span> <span class='ocrx_word' id='word_1_689' title='bbox 2398 3682 2606 3746; x_wconf 87' lang='lat' dir='ltr'><strong>velitis,</strong></span> <span class='ocrx_word' id='word_1_690' title='bbox 2653 3689 2748 3736; x_wconf 88' lang='lat' dir='ltr'><strong>aut</strong></span> <span class='ocrx_word' id='word_1_691' title='bbox 2794 3696 2898 3734; x_wconf 87' lang='lat' dir='ltr'><strong>non</strong></span> <span class='ocrx_word' id='word_1_692' title='bbox 2942 3680 3131 3734; x_wconf 81' lang='lat' dir='ltr'><strong>obesse</strong></span> <span class='ocrx_word' id='word_1_693' title='bbox 3161 3681 3214 3734; x_wconf 90' lang='lat' dir='ltr'><strong>in</strong></span> <span class='ocrx_word' id='word_1_694' title='bbox 3243 3693 3349 3734; x_wconf 88' lang='lat' dir='ltr'><strong>una</strong></span> 
     </span>
    </p>
   </div>
   <div class='ocr_carea' id='block_1_91' title="bbox 1758 3772 3353 3840">
    <p class='ocr_par' dir='ltr' id='par_1_91' title="bbox 1758 3772 3353 3840">
     <span class='ocr_line' id='line_1_92' title="bbox 1758 3772 3353 3840; baseline -0.003 -9"><span class='ocrx_word' id='word_1_695' title='bbox 1758 3775 2134 3831; x_wconf 88' lang='lat' dir='ltr'><strong>communione</strong></span> <span class='ocrx_word' id='word_1_696' title='bbox 2182 3775 2428 3830; x_wconf 84' lang='lat' dir='ltr'><strong>tenebras</strong></span> <span class='ocrx_word' id='word_1_697' title='bbox 2475 3774 2621 3840; x_wconf 90' lang='lat' dir='ltr'><strong>luci,</strong></span> <span class='ocrx_word' id='word_1_698' title='bbox 2670 3772 2766 3828; x_wconf 88' lang='lat' dir='ltr'><strong>sed</strong></span> <span class='ocrx_word' id='word_1_699' title='bbox 2807 3772 3055 3828; x_wconf 88' lang='lat' dir='ltr'><strong>suflicere</strong></span> <span class='ocrx_word' id='word_1_700' title='bbox 3098 3772 3240 3836; x_wconf 90' lang='lat' dir='ltr'><strong>luci,</strong></span> <span class='ocrx_word' id='word_1_701' title='bbox 3291 3782 3353 3828; x_wconf 82' lang='lat' dir='ltr'><strong>ut</strong></span> 
     </span>
    </p>
   </div>
   <div class='ocr_carea' id='block_1_92' title="bbox 1759 3864 3352 3938">
    <p class='ocr_par' dir='ltr' id='par_1_92' title="bbox 1759 3864 3352 3938">
     <span class='ocr_line' id='line_1_93' title="bbox 1759 3864 3352 3938; baseline -0.003 -14"><span class='ocrx_word' id='word_1_702' title='bbox 1759 3868 2009 3924; x_wconf 84' lang='lat' dir='ltr'><strong>tenebras</strong></span> <span class='ocrx_word' id='word_1_703' title='bbox 2055 3869 2318 3938; x_wconf 78' lang='lat' dir='ltr'><strong>improbet</strong></span> <span class='ocrx_word' id='word_1_704' title='bbox 2340 3910 2355 3935; x_wconf 94' lang='lat'><strong>,</strong></span> <span class='ocrx_word' id='word_1_705' title='bbox 2389 3875 2443 3921; x_wconf 89' lang='lat' dir='ltr'><strong>et</strong></span> <span class='ocrx_word' id='word_1_706' title='bbox 2484 3881 2576 3923; x_wconf 88' lang='lat' dir='ltr'><strong>eas</strong></span> <span class='ocrx_word' id='word_1_707' title='bbox 2603 3881 2699 3935; x_wconf 88' lang='lat' dir='ltr'><strong>pro</strong></span> <span class='ocrx_word' id='word_1_708' title='bbox 2742 3866 2943 3921; x_wconf 87' lang='lat' dir='ltr'><strong>unitate</strong></span> <span class='ocrx_word' id='word_1_709' title='bbox 2965 3904 2981 3931; x_wconf 87' lang='lat'><strong>,</strong></span> <span class='ocrx_word' id='word_1_710' title='bbox 3012 3865 3055 3920; x_wconf 89' lang='lat' dir='ltr'><strong>si</strong></span> <span class='ocrx_word' id='word_1_711' title='bbox 3082 3864 3352 3934; x_wconf 83' lang='lat' dir='ltr'><strong>expellere</strong></span> 
     </span>
    </p>
   </div>
   <div class='ocr_carea' id='block_1_93' title="bbox 1760 3957 3355 4032">
    <p class='ocr_par' dir='ltr' id='par_1_93' title="bbox 1760 3957 3355 4032">
     <span class='ocr_line' id='line_1_94' title="bbox 1760 3957 3355 4032; baseline -0.003 -15"><span class='ocrx_word' id='word_1_712' title='bbox 1760 3978 1867 4017; x_wconf 91' lang='lat' dir='ltr'><strong>non</strong></span> <span class='ocrx_word' id='word_1_713' title='bbox 1896 3970 2103 4032; x_wconf 85' lang='lat' dir='ltr'><strong>potest,</strong></span> <span class='ocrx_word' id='word_1_714' title='bbox 2137 3961 2363 4025; x_wconf 86' lang='lat' dir='ltr'><strong>toleret;</strong></span> <span class='ocrx_word' id='word_1_715' title='bbox 2396 3970 2555 4031; x_wconf 89' lang='lat' dir='ltr'><strong>atque</strong></span> <span class='ocrx_word' id='word_1_716' title='bbox 2581 3960 2651 4014; x_wconf 89' lang='lat' dir='ltr'><strong>ita</strong></span> <span class='ocrx_word' id='word_1_717' title='bbox 2684 3975 2788 4013; x_wconf 89' lang='lat' dir='ltr'><strong>non</strong></span> <span class='ocrx_word' id='word_1_718' title='bbox 2821 3957 2986 4014; x_wconf 88' lang='lat' dir='ltr'><strong>fuisse</strong></span> <span class='ocrx_word' id='word_1_719' title='bbox 3014 3973 3229 4012; x_wconf 88' lang='lat' dir='ltr'><strong>causam</strong></span> <span class='ocrx_word' id='word_1_720' title='bbox 3255 3971 3355 4013; x_wconf 85' lang='lat' dir='ltr'><strong>cur</strong></span> 
     </span>
    </p>
   </div>
   <div class='ocr_carea' id='block_1_94' title="bbox 1761 4050 3355 4122">
    <p class='ocr_par' dir='ltr' id='par_1_94' title="bbox 1761 4050 3355 4122">
     <span class='ocr_line' id='line_1_95' title="bbox 1761 4050 3355 4122; baseline -0.004 -11"><span class='ocrx_word' id='word_1_721' title='bbox 1761 4056 1831 4113; x_wconf 88' lang='lat' dir='ltr'><strong>ab</strong></span> <span class='ocrx_word' id='word_1_722' title='bbox 1862 4054 2242 4119; x_wconf 81' lang='lat' dir='ltr'><strong>innocentibus</strong></span> <span class='ocrx_word' id='word_1_723' title='bbox 2290 4054 2545 4109; x_wconf 67' lang='lat' dir='ltr'><strong>fratribus</strong></span> <span class='ocrx_word' id='word_1_724' title='bbox 2570 4095 2584 4116; x_wconf 93' lang='lat'><strong>,</strong></span> <span class='ocrx_word' id='word_1_725' title='bbox 2629 4066 2765 4122; x_wconf 89' lang='lat' dir='ltr'><strong>quos</strong></span> <span class='ocrx_word' id='word_1_726' title='bbox 2814 4052 2983 4106; x_wconf 89' lang='lat' dir='ltr'><strong>malos</strong></span> <span class='ocrx_word' id='word_1_727' title='bbox 3009 4050 3031 4083; x_wconf 88' lang='grc'>³</span> <span class='ocrx_word' id='word_1_728' title='bbox 3059 4060 3204 4106; x_wconf 89' lang='lat' dir='ltr'><strong>certe</strong></span> <span class='ocrx_word' id='word_1_729' title='bbox 3249 4065 3355 4105; x_wconf 89' lang='lat' dir='ltr'><strong>non</strong></span> 
     </span>
    </p>
   </div>
   <div class='ocr_carea' id='block_1_95' title="bbox 1766 4140 3358 4217">
    <p class='ocr_par' dir='ltr' id='par_1_95' title="bbox 1766 4140 3358 4217">
     <span class='ocr_line' id='line_1_96' title="bbox 1766 4140 3358 4217; baseline -0.001 -19"><span class='ocrx_word' id='word_1_730' title='bbox 1766 4146 2012 4217; x_wconf 86' lang='lat' dir='ltr'><strong>potuistis</strong></span> <span class='ocrx_word' id='word_1_731' title='bbox 2059 4145 2382 4210; x_wconf 85' lang='lat' dir='ltr'><strong>ostendere,</strong></span> <span class='ocrx_word' id='word_1_732' title='bbox 2431 4145 2475 4198; x_wconf 91' lang='lat' dir='ltr'><strong>si</strong></span> <span class='ocrx_word' id='word_1_733' title='bbox 2518 4143 2668 4197; x_wconf 85' lang='lat' dir='ltr'><strong>vobis</strong></span> <span class='ocrx_word' id='word_1_734' title='bbox 2712 4143 2954 4212; x_wconf 83' lang='lat' dir='ltr'><strong>cognitos</strong></span> <span class='ocrx_word' id='word_1_735' title='bbox 3000 4142 3159 4197; x_wconf 86' lang='lat' dir='ltr'><strong>etiam</strong></span> <span class='ocrx_word' id='word_1_736' title='bbox 3193 4140 3358 4196; x_wconf 88' lang='lat' dir='ltr'><strong>fuisse</strong></span> 
     </span>
    </p>
   </div>
   <div class='ocr_carea' id='block_1_96' title="bbox 1764 4235 3356 4306">
    <p class='ocr_par' dir='ltr' id='par_1_96' title="bbox 1764 4235 3356 4306">
     <span class='ocr_line' id='line_1_97' title="bbox 1764 4235 3356 4306; baseline -0.004 -11"><span class='ocrx_word' id='word_1_737' title='bbox 1764 4240 1986 4303; x_wconf 87' lang='lat' dir='ltr'><strong>dicatis,</strong></span> <span class='ocrx_word' id='word_1_738' title='bbox 2036 4239 2318 4294; x_wconf 86' lang='lat' dir='ltr'><strong>tenebroso</strong></span> <span class='ocrx_word' id='word_1_739' title='bbox 2364 4236 2668 4291; x_wconf 84' lang='lat' dir='ltr'><strong>schismalis</strong></span> <span class='ocrx_word' id='word_1_740' title='bbox 2710 4236 2990 4306; x_wconf 85' lang='lat' dir='ltr'><strong>sacrilegio</strong></span> <span class='ocrx_word' id='word_1_741' title='bbox 3020 4235 3356 4305; x_wconf 80' lang='lat' dir='ltr'><strong>disjuugere-</strong></span> 
     </span>
    </p>
   </div>
   <div class='ocr_carea' id='block_1_97' title="bbox 1766 4328 3357 4397">
    <p class='ocr_par' dir='ltr' id='par_1_97' title="bbox 1766 4328 3357 4397">
     <span class='ocr_line' id='line_1_98' title="bbox 1766 4328 3357 4397; baseline -0.004 -10"><span class='ocrx_word' id='word_1_742' title='bbox 1766 4331 1895 4387; x_wconf 86' lang='lat' dir='ltr'><strong>mini</strong></span> <span class='ocrx_word' id='word_1_743' title='bbox 1929 4351 1942 4384; x_wconf 88' lang='lat'><strong>:</strong></span> <span class='ocrx_word' id='word_1_744' title='bbox 1972 4340 2064 4386; x_wconf 89' lang='lat' dir='ltr'><strong>aut</strong></span> <span class='ocrx_word' id='word_1_745' title='bbox 2101 4332 2144 4385; x_wconf 88' lang='lat' dir='ltr'><strong>si</strong></span> <span class='ocrx_word' id='word_1_746' title='bbox 2190 4346 2294 4384; x_wconf 90' lang='lat' dir='ltr'><strong>non</strong></span> <span class='ocrx_word' id='word_1_747' title='bbox 2338 4328 2534 4384; x_wconf 88' lang='lat' dir='ltr'><strong>snflicit</strong></span> <span class='ocrx_word' id='word_1_748' title='bbox 2576 4329 2679 4384; x_wconf 91' lang='lat' dir='ltr'><strong>luci</strong></span> <span class='ocrx_word' id='word_1_749' title='bbox 2720 4339 2775 4381; x_wconf 91' lang='grc' dir='ltr'><strong>ιιι</strong></span> <span class='ocrx_word' id='word_1_750' title='bbox 2806 4328 3068 4397; x_wconf 85' lang='lat' dir='ltr'><strong>improbet</strong></span> <span class='ocrx_word' id='word_1_751' title='bbox 3098 4343 3228 4394; x_wconf 90' lang='lat' dir='ltr'><strong>quas</strong></span> <span class='ocrx_word' id='word_1_752' title='bbox 3258 4341 3357 4380; x_wconf 79' lang='lat' dir='ltr'><strong>ex—</strong></span> 
     </span>
    </p>
   </div>
   <div class='ocr_carea' id='block_1_98' title="bbox 1765 4416 3359 4496">
    <p class='ocr_par' dir='ltr' id='par_1_98' title="bbox 1765 4416 3359 4496">
     <span class='ocr_line' id='line_1_99' title="bbox 1765 4416 3359 4496; baseline -0.005 -15"><span class='ocrx_word' id='word_1_753' title='bbox 1765 4427 1968 4496; x_wconf 90' lang='lat' dir='ltr'><strong>pellere</strong></span> <span class='ocrx_word' id='word_1_754' title='bbox 1998 4439 2101 4478; x_wconf 91' lang='lat' dir='ltr'><strong>non</strong></span> <span class='ocrx_word' id='word_1_755' title='bbox 2148 4432 2321 4492; x_wconf 88' lang='lat' dir='ltr'><strong>potest</strong></span> <span class='ocrx_word' id='word_1_756' title='bbox 2368 4421 2649 4488; x_wconf 87' lang='lat' dir='ltr'><strong>tenebras,</strong></span> <span class='ocrx_word' id='word_1_757' title='bbox 2680 4420 2730 4475; x_wconf 88' lang='lat' dir='ltr'><strong>id</strong></span> <span class='ocrx_word' id='word_1_758' title='bbox 2772 4430 2851 4475; x_wconf 83' lang='lat' dir='ltr'><strong>eSt</strong></span> <span class='ocrx_word' id='word_1_759' title='bbox 2876 4462 2890 4482; x_wconf 89' lang='lat'><strong>,</strong></span> <span class='ocrx_word' id='word_1_760' title='bbox 2924 4420 2967 4474; x_wconf 92' lang='lat' dir='ltr'><strong>si</strong></span> <span class='ocrx_word' id='word_1_761' title='bbox 3014 4434 3117 4473; x_wconf 92' lang='lat' dir='ltr'><strong>non</strong></span> <span class='ocrx_word' id='word_1_762' title='bbox 3160 4416 3359 4473; x_wconf 81' lang='lat' dir='ltr'><strong>sufficit</strong></span> 
     </span>
    </p>
   </div>
   <div class='ocr_carea' id='block_1_99' title="bbox 1771 4514 3360 4586">
    <p class='ocr_par' dir='ltr' id='par_1_99' title="bbox 1771 4514 3360 4586">
     <span class='ocr_line' id='line_1_100' title="bbox 1771 4514 3360 4586; baseline -0.004 -14"><span class='ocrx_word' id='word_1_763' title='bbox 1771 4519 1922 4573; x_wconf 88' lang='lat' dir='ltr'><strong>bonis</strong></span> <span class='ocrx_word' id='word_1_764' title='bbox 1951 4527 2010 4573; x_wconf 93' lang='lat' dir='ltr'><strong>ut</strong></span> <span class='ocrx_word' id='word_1_765' title='bbox 2039 4516 2339 4586; x_wconf 80' lang='lat' dir='ltr'><strong>improbent</strong></span> <span class='ocrx_word' id='word_1_766' title='bbox 2366 4515 2559 4581; x_wconf 85' lang='lat' dir='ltr'><strong>malus,</strong></span> <span class='ocrx_word' id='word_1_767' title='bbox 2591 4530 2724 4585; x_wconf 90' lang='lat' dir='ltr'><strong>quos</strong></span> <span class='ocrx_word' id='word_1_768' title='bbox 2750 4514 3035 4569; x_wconf 79' lang='lat' dir='ltr'><strong>excludere</strong></span> <span class='ocrx_word' id='word_1_769' title='bbox 3062 4514 3144 4567; x_wconf 89' lang='lat' dir='ltr'><strong>vel</strong></span> <span class='ocrx_word' id='word_1_770' title='bbox 3170 4528 3360 4567; x_wconf 86' lang='lat' dir='ltr'><strong>emen-</strong></span> 
     </span>
    </p>
   </div>
   <div class='ocr_carea' id='block_1_100' title="bbox 1771 4600 3363 4673">
    <p class='ocr_par' dir='ltr' id='par_1_100' title="bbox 1771 4600 3363 4673">
     <span class='ocr_line' id='line_1_101' title="bbox 1771 4600 3363 4673; baseline -0.003 -15"><span class='ocrx_word' id='word_1_771' title='bbox 1771 4605 1899 4658; x_wconf 87' lang='lat' dir='ltr'><strong>dare</strong></span> <span class='ocrx_word' id='word_1_772' title='bbox 1925 4618 2031 4658; x_wconf 90' lang='lat' dir='ltr'><strong>non</strong></span> <span class='ocrx_word' id='word_1_773' title='bbox 2069 4610 2327 4673; x_wconf 87' lang='lat' dir='ltr'><strong>possunt;</strong></span> <span class='ocrx_word' id='word_1_774' title='bbox 2372 4603 2578 4657; x_wconf 81' lang='lat' dir='ltr'><strong>facilius</strong></span> <span class='ocrx_word' id='word_1_775' title='bbox 2604 4618 2743 4657; x_wconf 90' lang='lat' dir='ltr'><strong>ttnns</strong></span> <span class='ocrx_word' id='word_1_776' title='bbox 2767 4601 2989 4669; x_wconf 78' lang='lat' dir='ltr'><strong>Optatus</strong></span> <span class='ocrx_word' id='word_1_777' title='bbox 3020 4609 3222 4670; x_wconf 84' lang='lat' dir='ltr'><strong>partem</strong></span> <span class='ocrx_word' id='word_1_778' title='bbox 3255 4600 3363 4654; x_wconf 90' lang='lat' dir='ltr'><strong>Do-</strong></span> 
     </span>
    </p>
   </div>
   <div class='ocr_carea' id='block_1_101' title="bbox 1768 4692 3364 4764">
    <p class='ocr_par' dir='ltr' id='par_1_101' title="bbox 1768 4692 3364 4764">
     <span class='ocr_line' id='line_1_102' title="bbox 1768 4692 3364 4764; baseline -0.004 -11"><span class='ocrx_word' id='word_1_779' title='bbox 1768 4699 1880 4753; x_wconf 88' lang='lat' dir='ltr'><strong>nati</strong></span> <span class='ocrx_word' id='word_1_780' title='bbox 1910 4702 1961 4751; x_wconf 88' lang='lat' dir='ltr'><strong>in</strong></span> <span class='ocrx_word' id='word_1_781' title='bbox 1990 4713 2094 4752; x_wconf 84' lang='lat' dir='ltr'><strong>una</strong></span> <span class='ocrx_word' id='word_1_782' title='bbox 2125 4695 2302 4751; x_wconf 85' lang='lat' dir='ltr'><strong>Africa</strong></span> <span class='ocrx_word' id='word_1_783' title='bbox 2339 4696 2649 4751; x_wconf 75' lang='lat' dir='ltr'><strong>notissimus</strong></span> <span class='ocrx_word' id='word_1_784' title='bbox 2673 4704 2727 4748; x_wconf 88' lang='lat' dir='ltr'><strong>et</strong></span> <span class='ocrx_word' id='word_1_785' title='bbox 2765 4692 3134 4764; x_wconf 86' lang='lat' dir='ltr'><strong>apertissitnns</strong></span> <span class='ocrx_word' id='word_1_786' title='bbox 3177 4707 3364 4747; x_wconf 87' lang='lat' dir='ltr'><strong>macu-</strong></span> 
     </span>
    </p>
   </div>
   <div class='ocr_carea' id='block_1_102' title="bbox 1774 4783 3365 4861">
    <p class='ocr_par' dir='ltr' id='par_1_102' title="bbox 1774 4783 3365 4861">
     <span class='ocr_line' id='line_1_103' title="bbox 1774 4783 3365 4861; baseline -0.005 -14"><span class='ocrx_word' id='word_1_787' title='bbox 1774 4792 1918 4854; x_wconf 86' lang='lat' dir='ltr'><strong>lavit,</strong></span> <span class='ocrx_word' id='word_1_788' title='bbox 1943 4806 2100 4861; x_wconf 89' lang='lat' dir='ltr'><strong>quam</strong></span> <span class='ocrx_word' id='word_1_789' title='bbox 2123 4791 2343 4860; x_wconf 87' lang='lat' dir='ltr'><strong>quilibet</strong></span> <span class='ocrx_word' id='word_1_790' title='bbox 2361 4787 2490 4844; x_wconf 79' lang='lat' dir='ltr'><strong>Afer</strong></span> <span class='ocrx_word' id='word_1_791' title='bbox 2512 4788 2733 4842; x_wconf 82' lang='lat' dir='ltr'><strong>traditur</strong></span> <span class='ocrx_word' id='word_1_792' title='bbox 2755 4794 2829 4839; x_wconf 86' lang='lat' dir='ltr'><strong>tut</strong></span> <span class='ocrx_word' id='word_1_793' title='bbox 2853 4793 3040 4856; x_wconf 82' lang='lat' dir='ltr'><strong>gentes</strong></span> <span class='ocrx_word' id='word_1_794' title='bbox 3064 4800 3158 4855; x_wconf 90' lang='lat' dir='ltr'><strong>per</strong></span> <span class='ocrx_word' id='word_1_795' title='bbox 3176 4783 3365 4839; x_wconf 88' lang='lat' dir='ltr'><strong>orbem</strong></span> 
     </span>
    </p>
   </div>
   <div class='ocr_carea' id='block_1_103' title="bbox 1775 4876 3360 4946">
    <p class='ocr_par' dir='ltr' id='par_1_103' title="bbox 1775 4876 3360 4946">
     <span class='ocr_line' id='line_1_104' title="bbox 1775 4876 3360 4946; baseline -0.005 -9"><span class='ocrx_word' id='word_1_796' title='bbox 1775 4892 2038 4937; x_wconf 89' lang='lat' dir='ltr'><strong>terrarum</strong></span> <span class='ocrx_word' id='word_1_797' title='bbox 2069 4890 2142 4946; x_wconf 93' lang='lat' dir='ltr'><strong>ct,</strong></span> <span class='ocrx_word' id='word_1_798' title='bbox 2159 4881 2322 4935; x_wconf 84' lang='lat' dir='ltr'><strong>sinon</strong></span> <span class='ocrx_word' id='word_1_799' title='bbox 2350 4880 2519 4935; x_wconf 67' lang='lat' dir='ltr'><strong>«licam</strong></span> <span class='ocrx_word' id='word_1_800' title='bbox 2549 4878 2691 4931; x_wconf 85' lang='lat' dir='ltr'><strong>falsis</strong></span> <span class='ocrx_word' id='word_1_801' title='bbox 2715 4876 3030 4931; x_wconf 88' lang='lat' dir='ltr'><strong>criminibus</strong></span> <span class='ocrx_word' id='word_1_802' title='bbox 3057 4884 3360 4942; x_wconf 81' lang='lat' dir='ltr'><strong>accusatus,</strong></span> 
     </span>
    </p>
   </div>
   <div class='ocr_carea' id='block_1_104' title="bbox 1775 4968 3150 5047">
    <p class='ocr_par' dir='ltr' id='par_1_104' title="bbox 1775 4968 3150 5047">
     <span class='ocr_line' id='line_1_105' title="bbox 1775 4968 3150 5047; baseline -0.007 -15"><span class='ocrx_word' id='word_1_803' title='bbox 1775 4987 1954 5033; x_wconf 89' lang='lat' dir='ltr'><strong>tamen</strong></span> <span class='ocrx_word' id='word_1_804' title='bbox 1986 4976 2125 5047; x_wconf 88' lang='lat' dir='ltr'><strong>quod</strong></span> <span class='ocrx_word' id='word_1_805' title='bbox 2154 4972 2612 5043; x_wconf 85' lang='lat' dir='ltr'><strong>impudentissime</strong></span> <span class='ocrx_word' id='word_1_806' title='bbox 2647 4978 2890 5041; x_wconf 82' lang='lat' dir='ltr'><strong>negatur,</strong></span> <span class='ocrx_word' id='word_1_807' title='bbox 2918 4968 3150 5039; x_wconf 82' lang='lat' dir='ltr'><strong>ignotus.</strong></span> 
     </span>
    </p>
   </div>
   <div class='ocr_carea' id='block_1_105' title="bbox 1848 5060 3368 5136">
    <p class='ocr_par' dir='ltr' id='par_1_105' title="bbox 1848 5060 3368 5136">
     <span class='ocr_line' id='line_1_106' title="bbox 1848 5060 3368 5136; baseline -0.006 -11"><span class='ocrx_word' id='word_1_808' title='bbox 1848 5071 1901 5125; x_wconf 84' lang='grc'><strong>5.</strong></span> <span class='ocrx_word' id='word_1_809' title='bbox 1944 5067 2277 5136; x_wconf 85' lang='lat' dir='ltr'><strong>Accipientcs</strong></span> <span class='ocrx_word' id='word_1_810' title='bbox 2309 5067 2485 5134; x_wconf 82' lang='lat' dir='ltr'><strong>itaque</strong></span> <span class='ocrx_word' id='word_1_811' title='bbox 2515 5076 2766 5132; x_wconf 85' lang='lat' dir='ltr'><strong>perverso</strong></span> <span class='ocrx_word' id='word_1_812' title='bbox 2809 5061 2970 5117; x_wconf 86' lang='lat' dir='ltr'><strong>corde</strong></span> <span class='ocrx_word' id='word_1_813' title='bbox 2992 5060 3015 5092; x_wconf 71' lang='grc'>⁸</span> <span class='ocrx_word' id='word_1_814' title='bbox 3043 5061 3368 5131; x_wconf 88' lang='lat' dir='ltr'><strong>Scripturas,</strong></span> 
     </span>
    </p>
   </div>
   <div class='ocr_carea' id='block_1_106' title="bbox 1779 5149 3373 5221">
    <p class='ocr_par' dir='ltr' id='par_1_106' title="bbox 1779 5149 3373 5221">
     <span class='ocr_line' id='line_1_107' title="bbox 1779 5149 3373 5221; baseline -0.007 -4"><span class='ocrx_word' id='word_1_815' title='bbox 1779 5178 1887 5217; x_wconf 88' lang='lat' dir='ltr'><strong>non</strong></span> <span class='ocrx_word' id='word_1_816' title='bbox 1916 5177 2006 5215; x_wconf 88' lang='lat' dir='ltr'><strong>eas</strong></span> <span class='ocrx_word' id='word_1_817' title='bbox 2040 5160 2234 5213; x_wconf 65' lang='lat' dir='ltr'><strong>Faciunt</strong></span> <span class='ocrx_word' id='word_1_818' title='bbox 2274 5157 2463 5211; x_wconf 84' lang='lat' dir='ltr'><strong>obesse</strong></span> <span class='ocrx_word' id='word_1_819' title='bbox 2507 5155 2697 5215; x_wconf 89' lang='lat' dir='ltr'><strong>nobis,</strong></span> <span class='ocrx_word' id='word_1_820' title='bbox 2728 5153 2822 5208; x_wconf 86' lang='lat' dir='ltr'><strong>sed</strong></span> <span class='ocrx_word' id='word_1_821' title='bbox 2870 5151 2969 5206; x_wconf 87' lang='lat' dir='ltr'><strong>sibi</strong></span> <span class='ocrx_word' id='word_1_822' title='bbox 3002 5170 3017 5208; x_wconf 89' lang='lat'><strong>:</strong></span> <span class='ocrx_word' id='word_1_823' title='bbox 3053 5151 3265 5221; x_wconf 86' lang='lat' dir='ltr'><strong>quando</strong></span> <span class='ocrx_word' id='word_1_824' title='bbox 3302 5149 3373 5206; x_wconf 87' lang='lat' dir='ltr'><strong>ad</strong></span> 
     </span>
    </p>
   </div>
   <div class='ocr_carea' id='block_1_107' title="bbox 1779 5243 3374 5323">
    <p class='ocr_par' dir='ltr' id='par_1_107' title="bbox 1779 5243 3374 5323">
     <span class='ocr_line' id='line_1_108' title="bbox 1779 5243 3374 5323; baseline -0.009 -13"><span class='ocrx_word' id='word_1_825' title='bbox 1779 5254 1882 5310; x_wconf 86' lang='lat' dir='ltr'><strong>hoc</strong></span> <span class='ocrx_word' id='word_1_826' title='bbox 1912 5260 2097 5323; x_wconf 87' lang='lat' dir='ltr'><strong>putant</strong></span> <span class='ocrx_word' id='word_1_827' title='bbox 2134 5265 2254 5307; x_wconf 89' lang='lat' dir='ltr'><strong>esse</strong></span> <span class='ocrx_word' id='word_1_828' title='bbox 2293 5248 2585 5317; x_wconf 86' lang='lat' dir='ltr'><strong>scriptum,</strong></span> <span class='ocrx_word' id='word_1_829' title='bbox 2640 5244 2730 5300; x_wconf 79' lang='lat' dir='ltr'><strong>Vte</strong></span> <span class='ocrx_word' id='word_1_830' title='bbox 2771 5244 2850 5299; x_wconf 80' lang='lat' dir='ltr'><strong>Itis</strong></span> <span class='ocrx_word' id='word_1_831' title='bbox 2892 5244 2981 5315; x_wconf 84' lang='lat' dir='ltr'><strong>qui</strong></span> <span class='ocrx_word' id='word_1_832' title='bbox 3026 5243 3197 5296; x_wconf 86' lang='lat' dir='ltr'><strong>dicunt</strong></span> <span class='ocrx_word' id='word_1_833' title='bbox 3238 5245 3374 5312; x_wconf 79' lang='lat' dir='ltr'><strong>quod</strong></span> 
     </span>
    </p>
   </div>
   <div class='ocr_carea' id='block_1_108' title="bbox 1845 5351 3375 5469">
    <p class='ocr_par' dir='ltr' id='par_1_108' title="bbox 1845 5351 3375 5469">
     <span class='ocr_line' id='line_1_109' title="bbox 1845 5351 3375 5469; baseline -0.007 -57"><span class='ocrx_word' id='word_1_834' title='bbox 1845 5369 1861 5400; x_wconf 71' lang='grc' dir='ltr'><strong>ι</strong></span> <span class='ocrx_word' id='word_1_835' title='bbox 1890 5366 2095 5417; x_wconf 80' lang='lat' dir='ltr'><strong>vaticaui</strong></span> <span class='ocrx_word' id='word_1_836' title='bbox 2121 5363 2331 5416; x_wconf 86' lang='lat' dir='ltr'><strong>codices.</strong></span> <span class='ocrx_word' id='word_1_837' title='bbox 2354 5367 2399 5412; x_wconf 88' lang='lat' dir='ltr'><strong>et</strong></span> <span class='ocrx_word' id='word_1_838' title='bbox 2422 5371 2531 5409; x_wconf 80' lang='lat' dir='ltr'><strong>rum</strong></span> <span class='ocrx_word' id='word_1_839' title='bbox 2549 5365 2644 5409; x_wconf 87' lang='lat' dir='ltr'><strong>tota</strong></span> <span class='ocrx_word' id='word_1_840' title='bbox 2670 5356 2820 5469; x_wconf 46' lang='lat' dir='ltr'><strong>{lica</strong></span> <span class='ocrx_word' id='word_1_841' title='bbox 2843 5354 3061 5406; x_wconf 85' lang='lat' dir='ltr'><strong>tenebras</strong></span> <span class='ocrx_word' id='word_1_842' title='bbox 3082 5351 3375 5417; x_wconf 81' lang='lat' dir='ltr'><strong>appellabat.</strong></span> 
     </span>
     <span class='ocr_line' id='line_1_110' title="bbox 1845 5413 3375 5469; baseline -0.004 0"><span class='ocrx_word' id='word_1_843' title='bbox 1845 5431 1867 5469; x_wconf 89' lang='lat' dir='ltr'><strong>ii</strong></span> <span class='ocrx_word' id='word_1_844' title='bbox 1902 5438 2027 5469; x_wconf 66' lang='grc' dir='ltr'>ιιςςι--</span> <span class='ocrx_word' id='word_1_845' title='bbox 2046 5439 2157 5469; x_wconf 72' lang='lat' dir='ltr'><strong>eum</strong></span> <span class='ocrx_word' id='word_1_846' title='bbox 2181 5432 2325 5469; x_wconf 83' lang='lat' dir='ltr'><strong>totam</strong></span> <span class='ocrx_word' id='word_1_847' title='bbox 2373 5421 2562 5469; x_wconf 67' lang='grc' dir='ltr'><strong>ιῆσὶςαηι</strong></span> <span class='ocrx_word' id='word_1_848' title='bbox 2580 5428 2680 5469; x_wconf 72' lang='lat' dir='ltr'><strong>tene</strong></span> <span class='ocrx_word' id='word_1_849' title='bbox 2718 5433 2797 5469; x_wconf 84' lang='lat' dir='ltr'><strong>ras</strong></span> <span class='ocrx_word' id='word_1_850' title='bbox 2818 5415 3110 5469; x_wconf 73' lang='lat' dir='ltr'><strong>appellabat.</strong></span> <span class='ocrx_word' id='word_1_851' title='bbox 3138 5413 3276 5464; x_wconf 76' lang='lat' dir='ltr'><strong>t‘anlo</strong></span> <span class='ocrx_word' id='word_1_852' title='bbox 3294 5426 3375 5464; x_wconf 85' lang='lat' dir='ltr'><strong>su-</strong></span> 
     </span>
    </p>
   </div>
   <div class='ocr_carea' id='block_1_109' title="bbox 1782 5413 3377 5490">
    <p class='ocr_par' dir='ltr' id='par_1_109' title="bbox 1782 5413 3377 5490">
     <span class='ocr_line' id='line_1_111' title="bbox 1782 5413 3377 5490; baseline -0.01 -11"><span class='ocrx_word' id='word_1_853' title='bbox 1782 5429 1868 5479; x_wconf 79' lang='lat' dir='ltr'><strong>Alii</strong></span> <span class='ocrx_word' id='word_1_854' title='bbox 1902 5413 2028 5485; x_wconf 51' lang='lat' dir='ltr'><strong>ossi,</strong></span> <span class='ocrx_word' id='word_1_855' title='bbox 2046 5413 2157 5477; x_wconf 82' lang='lat' dir='ltr'><strong>cum</strong></span> <span class='ocrx_word' id='word_1_856' title='bbox 2181 5413 2329 5490; x_wconf 61' lang='lat' dir='ltr'><strong>(omni</strong></span> <span class='ocrx_word' id='word_1_857' title='bbox 2373 5421 2562 5485; x_wconf 58' lang='lat' dir='ltr'><strong>{ricam</strong></span> <span class='ocrx_word' id='word_1_858' title='bbox 2580 5413 2797 5490; x_wconf 58' lang='lat' dir='ltr'><strong>tenebras</strong></span> <span class='ocrx_word' id='word_1_859' title='bbox 2818 5413 3122 5490; x_wconf 65' lang='lat' dir='ltr'><strong>appellobat.&#39;</strong></span> <span class='ocrx_word' id='word_1_860' title='bbox 3138 5413 3279 5490; x_wconf 58' lang='lat' dir='ltr'><strong>t&#39;janlo</strong></span> <span class='ocrx_word' id='word_1_861' title='bbox 3294 5426 3377 5490; x_wconf 49' lang='lat' dir='ltr'><strong>sit:</strong></span> 
     </span>
    </p>
   </div>
   <div class='ocr_carea' id='block_1_110' title="bbox 1782 5474 3377 5555">
    <p class='ocr_par' dir='ltr' id='par_1_110' title="bbox 1782 5474 3377 5555">
     <span class='ocr_line' id='line_1_112' title="bbox 1782 5474 3377 5555; baseline -0.01 -14"><span class='ocrx_word' id='word_1_862' title='bbox 1782 5474 1867 5555; x_wconf 63' lang='lat' dir='ltr'><strong>iii};</strong></span> <span class='ocrx_word' id='word_1_863' title='bbox 1884 5474 2028 5555; x_wconf 52' lang='lat' dir='ltr'><strong>Lati:</strong></span> <span class='ocrx_word' id='word_1_864' title='bbox 2040 5474 2232 5555; x_wconf 72' lang='lat' dir='ltr'><strong>nisuper</strong></span> <span class='ocrx_word' id='word_1_865' title='bbox 2257 5474 2512 5555; x_wconf 62' lang='lat' dir='ltr'><strong>adversum</strong></span> <span class='ocrx_word' id='word_1_866' title='bbox 2533 5495 2616 5533; x_wconf 83' lang='lat' dir='ltr'><strong>nos</strong></span> <span class='ocrx_word' id='word_1_867' title='bbox 2631 5479 2771 5545; x_wconf 82' lang='lat' dir='ltr'><strong>[actis</strong></span> <span class='ocrx_word' id='word_1_868' title='bbox 2792 5474 2894 5532; x_wconf 74' lang='lat' dir='ltr'><strong>suis</strong></span> <span class='ocrx_word' id='word_1_869' title='bbox 2909 5478 3134 5529; x_wconf 74' lang='lat' dir='ltr'><strong>claruant.</strong></span> <span class='ocrx_word' id='word_1_870' title='bbox 3153 5474 3300 5538; x_wconf 74' lang='lat' dir='ltr'><strong>Lugd.</strong></span> <span class='ocrx_word' id='word_1_871' title='bbox 3320 5482 3377 5527; x_wconf 83' lang='lat' dir='ltr'><strong>et</strong></span> 
     </span>
    </p>
   </div>
   <div class='ocr_carea' id='block_1_111' title="bbox 1784 5552 2425 5613">
    <p class='ocr_par' dir='ltr' id='par_1_111' title="bbox 1784 5552 2425 5613">
     <span class='ocr_line' id='line_1_113' title="bbox 1784 5552 2425 5613; baseline -0.011 -12"><span class='ocrx_word' id='word_1_872' title='bbox 1784 5552 1903 5604; x_wconf 62' lang='lat' dir='ltr'><strong>Ven.</strong></span> <span class='ocrx_word' id='word_1_873' title='bbox 1930 5552 2102 5613; x_wconf 71' lang='lat' dir='ltr'><strong>legunt</strong></span> <span class='ocrx_word' id='word_1_874' title='bbox 2119 5557 2172 5599; x_wconf 91' lang='lat' dir='ltr'><strong>ut</strong></span> <span class='ocrx_word' id='word_1_875' title='bbox 2193 5554 2305 5613; x_wconf 83' lang='lat' dir='ltr'><strong>|.ov_._</strong></span> <span class='ocrx_word' id='word_1_876' title='bbox 2369 5553 2425 5613; x_wconf 55' lang='grc' dir='ltr'><strong>Μ,</strong></span> 
     </span>
    </p>
   </div>
   <div class='ocr_carea' id='block_1_112' title="bbox 1849 5603 3022 5680">
    <p class='ocr_par' dir='ltr' id='par_1_112' title="bbox 1849 5603 3022 5680">
     <span class='ocr_line' id='line_1_114' title="bbox 1849 5603 3022 5680; baseline -0.009 -19"><span class='ocrx_word' id='word_1_877' title='bbox 1849 5618 1870 5680; x_wconf 56' lang='grc' dir='ltr'>ξ</span> <span class='ocrx_word' id='word_1_878' title='bbox 1895 5603 2105 5680; x_wconf 72' lang='lat' dir='ltr'><strong>Vaticani</strong></span> <span class='ocrx_word' id='word_1_879' title='bbox 2116 5618 2174 5680; x_wconf 75' lang='lat' dir='ltr'><strong>et</strong></span> <span class='ocrx_word' id='word_1_880' title='bbox 2211 5608 2435 5680; x_wconf 71' lang='lat' dir='ltr'><strong>Gallicani</strong></span> <span class='ocrx_word' id='word_1_881' title='bbox 2461 5616 2587 5680; x_wconf 60' lang='lat' dir='ltr'><strong>Mss,</strong></span> <span class='ocrx_word' id='word_1_882' title='bbox 2610 5603 2695 5671; x_wconf 78' lang='lat' dir='ltr'><strong>qui</strong></span> <span class='ocrx_word' id='word_1_883' title='bbox 2718 5605 3022 5667; x_wconf 74' lang='lat' dir='ltr'><strong>nmpommt.</strong></span> 
     </span>
    </p>
   </div>
   <div class='ocr_carea' id='block_1_113' title="bbox 1851 5667 2995 5739">
    <p class='ocr_par' dir='ltr' id='par_1_113' title="bbox 1851 5667 2995 5739">
     <span class='ocr_line' id='line_1_115' title="bbox 1851 5667 2995 5739; baseline -0.009 -14"><span class='ocrx_word' id='word_1_884' title='bbox 1851 5678 1872 5709; x_wconf 81' lang='grc'>³</span> <span class='ocrx_word' id='word_1_885' title='bbox 1894 5676 2078 5739; x_wconf 67' lang='lat' dir='ltr'><strong>Aliquot</strong></span> <span class='ocrx_word' id='word_1_886' title='bbox 2096 5679 2221 5739; x_wconf 76' lang='lat' dir='ltr'><strong>Mss.,</strong></span> <span class='ocrx_word' id='word_1_887' title='bbox 2240 5669 2409 5739; x_wconf 77' lang='lat' dir='ltr'><strong>quibus</strong></span> <span class='ocrx_word' id='word_1_888' title='bbox 2425 5667 2591 5739; x_wconf 66' lang='lat' dir='ltr'><strong>malos.</strong></span> <span class='ocrx_word' id='word_1_889' title='bbox 2626 5667 2635 5671; x_wconf 70' lang='grc'>⁷</span> <span class='ocrx_word' id='word_1_890' title='bbox 2994 5704 2995 5707; x_wconf 58' lang='grc' dir='ltr'><strong>η</strong></span> 
     </span>
    </p>
   </div>
   <div class='ocr_carea' id='block_1_114' title="bbox 1854 5729 2532 5796">
    <p class='ocr_par' dir='ltr' id='par_1_114' title="bbox 1854 5729 2532 5796">
     <span class='ocr_line' id='line_1_116' title="bbox 1854 5729 2532 5796; baseline -0.009 -11"><span class='ocrx_word' id='word_1_891' title='bbox 1854 5740 1873 5767; x_wconf 66' lang='grc' dir='ltr'><strong>ι</strong></span> <span class='ocrx_word' id='word_1_892' title='bbox 1898 5744 1942 5784; x_wconf 88' lang='lat' dir='ltr'><strong>tn</strong></span> <span class='ocrx_word' id='word_1_893' title='bbox 1967 5729 2321 5796; x_wconf 78' lang='lat' dir='ltr'><strong>manttseriptis,</strong></span> <span class='ocrx_word' id='word_1_894' title='bbox 2345 5729 2532 5782; x_wconf 78' lang='lat' dir='ltr'><strong>ordine.</strong></span> 
     </span>
    </p>
   </div>
  </div>
