  <div class='ocr_page' id='page_1' title='image "/cluster/home/n/w/nwhite01/storage/ocr_20150623/43/uva.x000827113/034.png"; bbox 0 0 3802 6168; ppageno 0'>
   <div class='ocr_carea' id='block_1_1' title="bbox 151 218 3453 292">
    <p class='ocr_par' dir='ltr' id='par_1_1' title="bbox 151 218 3453 292">
     <span class='ocr_line' id='line_1_1' title="bbox 151 218 3453 292; baseline 0.003 -17"><span class='ocrx_word' id='word_1_1' title='bbox 151 234 236 292; x_wconf 62' lang='grc' dir='ltr'><em>η</em></span> <span class='ocrx_word' id='word_1_2' title='bbox 1481 223 1687 282; x_wconf 77' lang='lat' dir='ltr'><strong><em>LIBER</em></strong></span> <span class='ocrx_word' id='word_1_3' title='bbox 1722 218 2096 282; x_wconf 64' lang='lat' dir='ltr'><strong><em>suosunus.</em></strong></span> <span class='ocrx_word' id='word_1_4' title='bbox 3384 231 3453 284; x_wconf 77' lang='lat' dir='ltr'><strong><em>si</em></strong></span> 
     </span>
    </p>
   </div>
   <div class='ocr_carea' id='block_1_2' title="bbox 163 337 1754 416">
    <p class='ocr_par' dir='ltr' id='par_1_2' title="bbox 163 337 1754 416">
     <span class='ocr_line' id='line_1_2' title="bbox 163 337 1754 416; baseline -0.004 -11"><span class='ocrx_word' id='word_1_5' title='bbox 163 349 348 412; x_wconf 70' lang='lat' dir='ltr'><strong><em>beauit,</em></strong></span> <span class='ocrx_word' id='word_1_6' title='bbox 375 343 526 416; x_wconf 63' lang='lat' dir='ltr'><strong><em>Quod</em></strong></span> <span class='ocrx_word' id='word_1_7' title='bbox 551 343 621 400; x_wconf 76' lang='lat' dir='ltr'><strong><em>ab</em></strong></span> <span class='ocrx_word' id='word_1_8' title='bbox 640 343 769 414; x_wconf 65' lang='lat' dir='ltr'><strong><em>igne</em></strong></span> <span class='ocrx_word' id='word_1_9' title='bbox 793 355 860 400; x_wconf 70' lang='lat' dir='ltr'><strong><em>se</em></strong></span> <span class='ocrx_word' id='word_1_10' title='bbox 908 353 1256 402; x_wconf 62' lang='lat' dir='ltr'><strong><em>omiseram</em></strong></span> <span class='ocrx_word' id='word_1_11' title='bbox 1287 339 1563 408; x_wconf 68' lang='lat' dir='ltr'><strong><em>iactitant.</em></strong></span> <span class='ocrx_word' id='word_1_12' title='bbox 1614 337 1754 410; x_wconf 80' lang='lat' dir='ltr'><strong><em>quod</em></strong></span> 
     </span>
    </p>
   </div>
   <div class='ocr_carea' id='block_1_3' title="bbox 169 435 737 507">
    <p class='ocr_par' dir='ltr' id='par_1_3' title="bbox 169 435 737 507">
     <span class='ocr_line' id='line_1_3' title="bbox 169 435 737 507; baseline -0.014 -9"><span class='ocrx_word' id='word_1_13' title='bbox 169 440 326 498; x_wconf 74' lang='lat' dir='ltr'><strong><em>factis</em></strong></span> <span class='ocrx_word' id='word_1_14' title='bbox 345 454 463 494; x_wconf 75' lang='lat' dir='ltr'><strong><em>.nou</em></strong></span> <span class='ocrx_word' id='word_1_15' title='bbox 483 435 737 507; x_wconf 75' lang='lat' dir='ltr'><strong><em>probant.</em></strong></span> 
     </span>
    </p>
   </div>
   <div class='ocr_carea' id='block_1_4' title="bbox 237 525 1763 598">
    <p class='ocr_par' dir='ltr' id='par_1_4' title="bbox 237 525 1763 598">
     <span class='ocr_line' id='line_1_4' title="bbox 237 525 1763 598; baseline -0.006 -8"><span class='ocrx_word' id='word_1_16' title='bbox 237 530 472 590; x_wconf 64' lang='lat' dir='ltr'><strong><em>CANJT</em></strong></span> <span class='ocrx_word' id='word_1_17' title='bbox 505 529 598 592; x_wconf 66' lang='lat' dir='ltr'><strong><em>ili.</em></strong></span> <span class='ocrx_word' id='word_1_18' title='bbox 635 557 711 576; x_wconf 87' lang='lat'><strong><em>-—</em></strong></span> <span class='ocrx_word' id='word_1_19' title='bbox 741 529 805 586; x_wconf 65' lang='lat' dir='ltr'><strong><em>I.</em></strong></span> <span class='ocrx_word' id='word_1_20' title='bbox 842 527 965 585; x_wconf 71' lang='lat' dir='ltr'><strong><em>dam</em></strong></span> <span class='ocrx_word' id='word_1_21' title='bbox 1010 526 1139 584; x_wconf 73' lang='lat' dir='ltr'><strong><em>illud</em></strong></span> <span class='ocrx_word' id='word_1_22' title='bbox 1173 542 1288 598; x_wconf 64' lang='lat' dir='ltr'><strong><em>quo</em></strong></span> <span class='ocrx_word' id='word_1_23' title='bbox 1327 527 1592 598; x_wconf 69' lang='lat' dir='ltr'><strong><em>pertinet,</em></strong></span> <span class='ocrx_word' id='word_1_24' title='bbox 1617 525 1763 597; x_wconf 81' lang='lat' dir='ltr'><strong><em>quod</em></strong></span> 
     </span>
    </p>
   </div>
   <div class='ocr_carea' id='block_1_5' title="bbox 167 619 1762 693">
    <p class='ocr_par' dir='ltr' id='par_1_5' title="bbox 167 619 1762 693">
     <span class='ocr_line' id='line_1_5' title="bbox 167 619 1762 693; baseline -0.006 -9"><span class='ocrx_word' id='word_1_25' title='bbox 167 628 308 686; x_wconf 75' lang='lat' dir='ltr'><strong><em>idem</em></strong></span> <span class='ocrx_word' id='word_1_26' title='bbox 333 623 724 680; x_wconf 60' lang='lat' dir='ltr'><strong><em>Parmeniona</em></strong></span> <span class='ocrx_word' id='word_1_27' title='bbox 775 636 845 678; x_wconf 77' lang='lat' dir='ltr'><strong><em>ex</em></strong></span> <span class='ocrx_word' id='word_1_28' title='bbox 881 620 1142 693; x_wconf 78' lang='lat' dir='ltr'><strong><em>propheta</em></strong></span> <span class='ocrx_word' id='word_1_29' title='bbox 1169 619 1299 676; x_wconf 73' lang='lat' dir='ltr'><strong><em>lenia</em></strong></span> <span class='ocrx_word' id='word_1_30' title='bbox 1325 620 1483 676; x_wconf 77' lang='lat' dir='ltr'><strong><em>nobis</em></strong></span> <span class='ocrx_word' id='word_1_31' title='bbox 1501 619 1762 690; x_wconf 67' lang='lat' dir='ltr'><strong><em>obiicien-</em></strong></span> 
     </span>
    </p>
   </div>
   <div class='ocr_carea' id='block_1_6' title="bbox 167 713 1762 790">
    <p class='ocr_par' dir='ltr' id='par_1_6' title="bbox 167 713 1762 790">
     <span class='ocr_line' id='line_1_6' title="bbox 167 713 1762 790; baseline -0.004 -13"><span class='ocrx_word' id='word_1_32' title='bbox 167 723 298 778; x_wconf 79' lang='lat' dir='ltr'><strong><em>dum</em></strong></span> <span class='ocrx_word' id='word_1_33' title='bbox 329 717 535 790; x_wconf 72' lang='lat' dir='ltr'><strong><em>putavit</em></strong></span> <span class='ocrx_word' id='word_1_34' title='bbox 560 735 574 773; x_wconf 88' lang='lat'><strong>:</strong></span> <span class='ocrx_word' id='word_1_35' title='bbox 600 714 865 780; x_wconf 72' lang='lat' dir='ltr'><strong><em>Nitde</em></strong></span> <span class='ocrx_word' id='word_1_36' title='bbox 891 732 992 770; x_wconf 76' lang='lat' dir='ltr'><strong><em>non</em></strong></span> <span class='ocrx_word' id='word_1_37' title='bbox 1012 715 1142 769; x_wconf 76' lang='lat' dir='ltr'><strong><em>valet</em></strong></span> <span class='ocrx_word' id='word_1_38' title='bbox 1167 732 1347 769; x_wconf 78' lang='lat' dir='ltr'><strong><em>manus</em></strong></span> <span class='ocrx_word' id='word_1_39' title='bbox 1365 713 1574 769; x_wconf 75' lang='lat' dir='ltr'><strong><em>Domini</em></strong></span> <span class='ocrx_word' id='word_1_40' title='bbox 1599 714 1762 770; x_wconf 71' lang='lat' dir='ltr'><strong><em>calcas</em></strong></span> 
     </span>
    </p>
   </div>
   <div class='ocr_carea' id='block_1_7' title="bbox 169 806 1761 881">
    <p class='ocr_par' dir='ltr' id='par_1_7' title="bbox 169 806 1761 881">
     <span class='ocr_line' id='line_1_7' title="bbox 169 806 1761 881; baseline -0.002 -17"><span class='ocrx_word' id='word_1_41' title='bbox 169 815 336 881; x_wconf 68' lang='lat' dir='ltr'><strong><em>fame</em></strong></span> <span class='ocrx_word' id='word_1_42' title='bbox 355 850 374 875; x_wconf 89' lang='lat'><strong><em>,</em></strong></span> <span class='ocrx_word' id='word_1_43' title='bbox 407 819 495 864; x_wconf 73' lang='lat' dir='ltr'><strong><em>aut</em></strong></span> <span class='ocrx_word' id='word_1_44' title='bbox 524 809 747 880; x_wconf 77' lang='lat' dir='ltr'><strong><em>gravavit</em></strong></span> <span class='ocrx_word' id='word_1_45' title='bbox 771 822 948 862; x_wconf 61' lang='lat' dir='ltr'><strong><em>«rem</em></strong></span> <span class='ocrx_word' id='word_1_46' title='bbox 977 816 1031 862; x_wconf 84' lang='lat' dir='ltr'><strong><em>ut</em></strong></span> <span class='ocrx_word' id='word_1_47' title='bbox 1061 823 1161 860; x_wconf 78' lang='lat' dir='ltr'><strong><em>non</em></strong></span> <span class='ocrx_word' id='word_1_48' title='bbox 1187 808 1429 861; x_wconf 77' lang='lat' dir='ltr'><strong><em>mudiat</em></strong></span> <span class='ocrx_word' id='word_1_49' title='bbox 1450 806 1477 861; x_wconf 68' lang='grc' dir='ltr'><strong><em>Ρ</em></strong></span> <span class='ocrx_word' id='word_1_50' title='bbox 1523 806 1627 861; x_wconf 79' lang='lat' dir='ltr'><strong><em>Sed</em></strong></span> <span class='ocrx_word' id='word_1_51' title='bbox 1667 806 1761 862; x_wconf 84' lang='lat' dir='ltr'><strong><em>de-</em></strong></span> 
     </span>
    </p>
   </div>
   <div class='ocr_carea' id='block_1_8' title="bbox 169 899 1760 971">
    <p class='ocr_par' dir='ltr' id='par_1_8' title="bbox 169 899 1760 971">
     <span class='ocr_line' id='line_1_8' title="bbox 169 899 1760 971; baseline -0.004 -12"><span class='ocrx_word' id='word_1_52' title='bbox 169 906 290 959; x_wconf 80' lang='lat' dir='ltr'><strong><em>licta</em></strong></span> <span class='ocrx_word' id='word_1_53' title='bbox 317 913 481 958; x_wconf 65' lang='lat' dir='ltr'><strong><em>nostra</em></strong></span> <span class='ocrx_word' id='word_1_54' title='bbox 511 902 828 971; x_wconf 74' lang='lat' dir='ltr'><strong><em>distinguunt</em></strong></span> <span class='ocrx_word' id='word_1_55' title='bbox 871 901 1004 955; x_wconf 87' lang='lat' dir='ltr'><strong><em>inter</em></strong></span> <span class='ocrx_word' id='word_1_56' title='bbox 1048 900 1268 954; x_wconf 78' lang='lat' dir='ltr'><strong><em>inedi-unt</em></strong></span> <span class='ocrx_word' id='word_1_57' title='bbox 1306 911 1529 954; x_wconf 80' lang='lat' dir='ltr'><strong><em>oestrum</em></strong></span> <span class='ocrx_word' id='word_1_58' title='bbox 1569 909 1615 953; x_wconf 83' lang='lat' dir='ltr'><strong><em>et</em></strong></span> <span class='ocrx_word' id='word_1_59' title='bbox 1646 899 1760 966; x_wconf 79' lang='lat' dir='ltr'><strong><em>Dei,</em></strong></span> 
     </span>
    </p>
   </div>
   <div class='ocr_carea' id='block_1_9' title="bbox 172 992 1766 1067">
    <p class='ocr_par' dir='ltr' id='par_1_9' title="bbox 172 992 1766 1067">
     <span class='ocr_line' id='line_1_9' title="bbox 172 992 1766 1067; baseline -0.004 -15"><span class='ocrx_word' id='word_1_60' title='bbox 172 1008 217 1052; x_wconf 83' lang='lat' dir='ltr'><strong><em>et</em></strong></span> <span class='ocrx_word' id='word_1_61' title='bbox 264 1009 473 1067; x_wconf 85' lang='lat' dir='ltr'><strong><em>propter</em></strong></span> <span class='ocrx_word' id='word_1_62' title='bbox 511 1005 716 1065; x_wconf 84' lang='lat' dir='ltr'><strong><em>peccata</em></strong></span> <span class='ocrx_word' id='word_1_63' title='bbox 762 1003 926 1047; x_wconf 81' lang='lat' dir='ltr'><strong><em>vestra</em></strong></span> <span class='ocrx_word' id='word_1_64' title='bbox 971 993 1146 1046; x_wconf 80' lang='lat' dir='ltr'><strong><em>avertit</em></strong></span> <span class='ocrx_word' id='word_1_65' title='bbox 1193 992 1375 1061; x_wconf 81' lang='lat' dir='ltr'><strong><em>[aciem</em></strong></span> <span class='ocrx_word' id='word_1_66' title='bbox 1421 1009 1453 1044; x_wconf 90' lang='lat' dir='ltr'><strong><em>a</em></strong></span> <span class='ocrx_word' id='word_1_67' title='bbox 1497 993 1668 1052; x_wconf 80' lang='lat' dir='ltr'><strong><em>vobis,</em></strong></span> <span class='ocrx_word' id='word_1_68' title='bbox 1699 1003 1766 1046; x_wconf 73' lang='lat' dir='ltr'><strong><em>ne</em></strong></span> 
     </span>
    </p>
   </div>
   <div class='ocr_carea' id='block_1_10' title="bbox 167 1083 1764 1152">
    <p class='ocr_par' dir='ltr' id='par_1_10' title="bbox 167 1083 1764 1152">
     <span class='ocr_line' id='line_1_10' title="bbox 167 1083 1764 1152; baseline -0.006 -6"><span class='ocrx_word' id='word_1_69' title='bbox 167 1092 488 1146; x_wconf 73' lang='lat' dir='ltr'><strong><em>misermtur.</em></strong></span> <span class='ocrx_word' id='word_1_70' title='bbox 543 1085 732 1141; x_wconf 71' lang='lat' dir='ltr'><strong><em>Manus</em></strong></span> <span class='ocrx_word' id='word_1_71' title='bbox 773 1086 906 1139; x_wconf 69' lang='lat' dir='ltr'><strong><em>enim</em></strong></span> <span class='ocrx_word' id='word_1_72' title='bbox 933 1095 1108 1138; x_wconf 66' lang='lat' dir='ltr'><strong><em>castra</em></strong></span> <span class='ocrx_word' id='word_1_73' title='bbox 1153 1084 1402 1152; x_wconf 76' lang='lat' dir='ltr'><strong><em>sanguine</em></strong></span> <span class='ocrx_word' id='word_1_74' title='bbox 1430 1083 1764 1151; x_wconf 74' lang='lat' dir='ltr'><strong><em>coinquinata:</em></strong></span> 
     </span>
    </p>
   </div>
   <div class='ocr_carea' id='block_1_11' title="bbox 168 1176 1765 1251">
    <p class='ocr_par' dir='ltr' id='par_1_11' title="bbox 168 1176 1765 1251">
     <span class='ocr_line' id='line_1_11' title="bbox 168 1176 1765 1251; baseline -0.005 -13"><span class='ocrx_word' id='word_1_75' title='bbox 168 1192 315 1244; x_wconf 75' lang='lat' dir='ltr'><strong><em>sunt,</em></strong></span> <span class='ocrx_word' id='word_1_76' title='bbox 351 1192 398 1237; x_wconf 80' lang='lat' dir='ltr'><strong><em>et</em></strong></span> <span class='ocrx_word' id='word_1_77' title='bbox 441 1180 590 1251; x_wconf 78' lang='lat' dir='ltr'><strong><em>digiti</em></strong></span> <span class='ocrx_word' id='word_1_78' title='bbox 628 1180 778 1234; x_wconf 76' lang='lat' dir='ltr'><strong><em>vestri</em></strong></span> <span class='ocrx_word' id='word_1_79' title='bbox 818 1177 872 1232; x_wconf 81' lang='lat' dir='ltr'><strong><em>in</em></strong></span> <span class='ocrx_word' id='word_1_80' title='bbox 915 1177 1132 1249; x_wconf 76' lang='lat' dir='ltr'><strong><em>peccatis</em></strong></span> <span class='ocrx_word' id='word_1_81' title='bbox 1161 1191 1181 1230; x_wconf 90' lang='lat'><strong><em>:</em></strong></span> <span class='ocrx_word' id='word_1_82' title='bbox 1207 1176 1342 1230; x_wconf 89' lang='lat' dir='ltr'><strong><em>lubia</em></strong></span> <span class='ocrx_word' id='word_1_83' title='bbox 1389 1186 1559 1228; x_wconf 80' lang='lat' dir='ltr'><strong><em>autem</em></strong></span> <span class='ocrx_word' id='word_1_84' title='bbox 1601 1184 1765 1230; x_wconf 78' lang='lat' dir='ltr'><strong><em>vestra</em></strong></span> 
     </span>
    </p>
   </div>
   <div class='ocr_carea' id='block_1_12' title="bbox 171 1268 1762 1340">
    <p class='ocr_par' dir='ltr' id='par_1_12' title="bbox 171 1268 1762 1340">
     <span class='ocr_line' id='line_1_12' title="bbox 171 1268 1762 1340; baseline -0.004 -12"><span class='ocrx_word' id='word_1_85' title='bbox 171 1275 336 1329; x_wconf 75' lang='lat' dir='ltr'><strong><em>locuta</em></strong></span> <span class='ocrx_word' id='word_1_86' title='bbox 376 1284 498 1328; x_wconf 76' lang='lat' dir='ltr'><strong><em>sunt</em></strong></span> <span class='ocrx_word' id='word_1_87' title='bbox 540 1273 889 1340; x_wconf 66' lang='lat' dir='ltr'><strong><em>iniquitatem,</em></strong></span> <span class='ocrx_word' id='word_1_88' title='bbox 935 1279 982 1323; x_wconf 79' lang='lat' dir='ltr'><strong><em>et</em></strong></span> <span class='ocrx_word' id='word_1_89' title='bbox 1029 1268 1206 1340; x_wconf 80' lang='lat' dir='ltr'><strong><em>lingua</em></strong></span> <span class='ocrx_word' id='word_1_90' title='bbox 1250 1278 1413 1322; x_wconf 75' lang='lat' dir='ltr'><strong><em>castra</em></strong></span> <span class='ocrx_word' id='word_1_91' title='bbox 1460 1268 1762 1337; x_wconf 82' lang='lat' dir='ltr'><strong><em>injustitiam</em></strong></span> 
     </span>
    </p>
   </div>
   <div class='ocr_carea' id='block_1_13' title="bbox 168 1359 1764 1432">
    <p class='ocr_par' dir='ltr' id='par_1_13' title="bbox 168 1359 1764 1432">
     <span class='ocr_line' id='line_1_13' title="bbox 168 1359 1764 1432; baseline -0.006 -11"><span class='ocrx_word' id='word_1_92' title='bbox 168 1368 469 1421; x_wconf 64' lang='lat' dir='ltr'><strong><em>meditatur.</em></strong></span> <span class='ocrx_word' id='word_1_93' title='bbox 525 1362 694 1417; x_wconf 84' lang='lat' dir='ltr'><strong><em>Nemo</em></strong></span> <span class='ocrx_word' id='word_1_94' title='bbox 747 1361 968 1430; x_wconf 83' lang='lat' dir='ltr'><strong><em>loquitur</em></strong></span> <span class='ocrx_word' id='word_1_95' title='bbox 1011 1361 1191 1432; x_wconf 77' lang='lat' dir='ltr'><strong><em>justa,</em></strong></span> <span class='ocrx_word' id='word_1_96' title='bbox 1243 1376 1346 1413; x_wconf 84' lang='lat' dir='ltr'><strong><em>non</em></strong></span> <span class='ocrx_word' id='word_1_97' title='bbox 1395 1367 1468 1413; x_wconf 77' lang='lat' dir='ltr'><strong><em>est</em></strong></span> <span class='ocrx_word' id='word_1_98' title='bbox 1509 1359 1764 1427; x_wconf 73' lang='lat' dir='ltr'><strong><em>judicium</em></strong></span> 
     </span>
    </p>
   </div>
   <div class='ocr_carea' id='block_1_14' title="bbox 167 1450 1765 1524">
    <p class='ocr_par' dir='ltr' id='par_1_14' title="bbox 167 1450 1765 1524">
     <span class='ocr_line' id='line_1_14' title="bbox 167 1450 1765 1524; baseline -0.006 -10"><span class='ocrx_word' id='word_1_99' title='bbox 167 1474 356 1514; x_wconf 73' lang='lat' dir='ltr'><strong><em>mm.</em></strong></span> <span class='ocrx_word' id='word_1_100' title='bbox 391 1455 672 1524; x_wconf 71' lang='lat' dir='ltr'><strong><em>Conﬁdam</em></strong></span> <span class='ocrx_word' id='word_1_101' title='bbox 701 1455 754 1508; x_wconf 88' lang='lat' dir='ltr'><strong><em>iu</em></strong></span> <span class='ocrx_word' id='word_1_102' title='bbox 793 1453 966 1517; x_wconf 78' lang='lat' dir='ltr'><strong><em>vanis,</em></strong></span> <span class='ocrx_word' id='word_1_103' title='bbox 998 1461 1044 1506; x_wconf 84' lang='lat' dir='ltr'><strong><em>et</em></strong></span> <span class='ocrx_word' id='word_1_104' title='bbox 1089 1452 1364 1522; x_wconf 84' lang='lat' dir='ltr'><strong><em>loquuntur</em></strong></span> <span class='ocrx_word' id='word_1_105' title='bbox 1392 1465 1524 1503; x_wconf 78' lang='lat' dir='ltr'><strong><em>vana</em></strong></span> <span class='ocrx_word' id='word_1_106' title='bbox 1546 1451 1599 1516; x_wconf 73' lang='grc' dir='ltr'><strong><em>’ς</em></strong></span> <span class='ocrx_word' id='word_1_107' title='bbox 1643 1450 1765 1520; x_wconf 86' lang='lat' dir='ltr'><strong><em>quia</em></strong></span> 
     </span>
    </p>
   </div>
   <div class='ocr_carea' id='block_1_15' title="bbox 169 1543 1762 1620">
    <p class='ocr_par' dir='ltr' id='par_1_15' title="bbox 169 1543 1762 1620">
     <span class='ocr_line' id='line_1_15' title="bbox 169 1543 1762 1620; baseline -0.004 -18"><span class='ocrx_word' id='word_1_108' title='bbox 169 1552 458 1620; x_wconf 61' lang='lat' dir='ltr'><strong><em>murium</em></strong></span> <span class='ocrx_word' id='word_1_109' title='bbox 478 1549 736 1613; x_wconf 79' lang='lat' dir='ltr'><strong><em>dolorem,</em></strong></span> <span class='ocrx_word' id='word_1_110' title='bbox 767 1557 815 1601; x_wconf 91' lang='lat' dir='ltr'><strong><em>et</em></strong></span> <span class='ocrx_word' id='word_1_111' title='bbox 855 1547 1056 1616; x_wconf 85' lang='lat' dir='ltr'><strong><em>pariunt</em></strong></span> <span class='ocrx_word' id='word_1_112' title='bbox 1100 1546 1434 1615; x_wconf 81' lang='lat' dir='ltr'><strong><em>iniquitatem.</em></strong></span> <span class='ocrx_word' id='word_1_113' title='bbox 1479 1543 1590 1598; x_wconf 81' lang='lat' dir='ltr'><strong><em>Ova</em></strong></span> <span class='ocrx_word' id='word_1_114' title='bbox 1621 1545 1762 1615; x_wconf 78' lang='lat' dir='ltr'><strong><em>aspi—</em></strong></span> 
     </span>
    </p>
   </div>
   <div class='ocr_carea' id='block_1_16' title="bbox 171 1635 1764 1712">
    <p class='ocr_par' dir='ltr' id='par_1_16' title="bbox 171 1635 1764 1712">
     <span class='ocr_line' id='line_1_16' title="bbox 171 1635 1764 1712; baseline -0.006 -13"><span class='ocrx_word' id='word_1_115' title='bbox 171 1644 287 1699; x_wconf 66' lang='lat' dir='ltr'><strong><em>dutt</em></strong></span> <span class='ocrx_word' id='word_1_116' title='bbox 315 1652 592 1712; x_wconf 70' lang='lat' dir='ltr'><strong><em>eruperunt</em></strong></span> <span class='ocrx_word' id='word_1_117' title='bbox 621 1641 661 1704; x_wconf 87' lang='grc'><em>³,</em></span> <span class='ocrx_word' id='word_1_118' title='bbox 691 1649 736 1692; x_wconf 89' lang='lat' dir='ltr'><strong><em>et</em></strong></span> <span class='ocrx_word' id='word_1_119' title='bbox 775 1640 927 1693; x_wconf 86' lang='lat' dir='ltr'><strong><em>telam</em></strong></span> <span class='ocrx_word' id='word_1_120' title='bbox 953 1653 1156 1690; x_wconf 75' lang='lat' dir='ltr'><strong><em>arcuere</em></strong></span> <span class='ocrx_word' id='word_1_121' title='bbox 1185 1647 1358 1690; x_wconf 74' lang='lat' dir='ltr'><strong><em>texunt</em></strong></span> <span class='ocrx_word' id='word_1_122' title='bbox 1378 1635 1430 1700; x_wconf 76' lang='grc'>⁸;</span> <span class='ocrx_word' id='word_1_123' title='bbox 1471 1645 1518 1689; x_wconf 86' lang='lat' dir='ltr'><strong><em>et</em></strong></span> <span class='ocrx_word' id='word_1_124' title='bbox 1545 1635 1632 1704; x_wconf 88' lang='lat' dir='ltr'><strong><em>qui</em></strong></span> <span class='ocrx_word' id='word_1_125' title='bbox 1657 1642 1764 1689; x_wconf 86' lang='lat' dir='ltr'><strong><em>erat</em></strong></span> 
     </span>
    </p>
   </div>
   <div class='ocr_carea' id='block_1_17' title="bbox 167 1729 1759 1794">
    <p class='ocr_par' dir='ltr' id='par_1_17' title="bbox 167 1729 1759 1794">
     <span class='ocr_line' id='line_1_17' title="bbox 167 1729 1759 1794; baseline -0.004 -6"><span class='ocrx_word' id='word_1_126' title='bbox 167 1739 232 1789; x_wconf 64' lang='lat' dir='ltr'><strong><em>de</em></strong></span> <span class='ocrx_word' id='word_1_127' title='bbox 261 1736 370 1788; x_wconf 73' lang='lat' dir='ltr'><strong><em>ocis</em></strong></span> <span class='ocrx_word' id='word_1_128' title='bbox 415 1733 522 1788; x_wconf 82' lang='lat' dir='ltr'><strong><em>illis</em></strong></span> <span class='ocrx_word' id='word_1_129' title='bbox 557 1732 975 1794; x_wconf 79' lang='lat' dir='ltr'><strong><em>manducaturus,</em></strong></span> <span class='ocrx_word' id='word_1_130' title='bbox 1017 1738 1276 1784; x_wconf 80' lang='lat' dir='ltr'><strong><em>conterens</em></strong></span> <span class='ocrx_word' id='word_1_131' title='bbox 1319 1729 1504 1783; x_wconf 71' lang='lat' dir='ltr'><strong><em>invenit</em></strong></span> <span class='ocrx_word' id='word_1_132' title='bbox 1545 1729 1759 1794; x_wconf 83' lang='lat' dir='ltr'><strong><em>alidum,</em></strong></span> 
     </span>
    </p>
   </div>
   <div class='ocr_carea' id='block_1_18' title="bbox 172 1819 1764 1894">
    <p class='ocr_par' dir='ltr' id='par_1_18' title="bbox 172 1819 1764 1894">
     <span class='ocr_line' id='line_1_18' title="bbox 172 1819 1764 1894; baseline -0.003 -13"><span class='ocrx_word' id='word_1_133' title='bbox 172 1837 220 1881; x_wconf 85' lang='lat' dir='ltr'><strong><em>et</em></strong></span> <span class='ocrx_word' id='word_1_134' title='bbox 255 1831 309 1880; x_wconf 83' lang='lat' dir='ltr'><strong><em>in</em></strong></span> <span class='ocrx_word' id='word_1_135' title='bbox 357 1827 471 1894; x_wconf 77' lang='lat' dir='ltr'><strong><em>ipso</em></strong></span> <span class='ocrx_word' id='word_1_136' title='bbox 519 1825 828 1880; x_wconf 77' lang='lat' dir='ltr'><strong><em>basiliscum.</em></strong></span> <span class='ocrx_word' id='word_1_137' title='bbox 883 1821 1010 1877; x_wconf 84' lang='lat' dir='ltr'><strong><em>Tela</em></strong></span> <span class='ocrx_word' id='word_1_138' title='bbox 1051 1838 1172 1894; x_wconf 85' lang='lat' dir='ltr'><strong><em>ergo</em></strong></span> <span class='ocrx_word' id='word_1_139' title='bbox 1215 1838 1388 1876; x_wconf 88' lang='lat' dir='ltr'><strong><em>eorum</em></strong></span> <span class='ocrx_word' id='word_1_140' title='bbox 1415 1837 1515 1875; x_wconf 84' lang='lat' dir='ltr'><strong><em>non</em></strong></span> <span class='ocrx_word' id='word_1_141' title='bbox 1561 1822 1655 1875; x_wconf 87' lang='lat' dir='ltr'><strong><em>erit</em></strong></span> <span class='ocrx_word' id='word_1_142' title='bbox 1695 1819 1764 1876; x_wconf 76' lang='lat' dir='ltr'><strong><em>ad</em></strong></span> 
     </span>
    </p>
   </div>
   <div class='ocr_carea' id='block_1_19' title="bbox 173 1911 1764 1985">
    <p class='ocr_par' dir='ltr' id='par_1_19' title="bbox 173 1911 1764 1985">
     <span class='ocr_line' id='line_1_19' title="bbox 173 1911 1764 1985; baseline -0.002 -15"><span class='ocrx_word' id='word_1_143' title='bbox 173 1916 488 1972; x_wconf 73' lang='lat' dir='ltr'><strong><em>vestiendum</em></strong></span> <span class='ocrx_word' id='word_1_144' title='bbox 507 1957 522 1979; x_wconf 93' lang='lat'><strong><em>,</em></strong></span> <span class='ocrx_word' id='word_1_145' title='bbox 553 1932 712 1985; x_wconf 82' lang='lat' dir='ltr'><strong><em>neque</em></strong></span> <span class='ocrx_word' id='word_1_146' title='bbox 739 1931 792 1968; x_wconf 80' lang='lat' dir='ltr'><strong><em>se</em></strong></span> <span class='ocrx_word' id='word_1_147' title='bbox 817 1915 1040 1984; x_wconf 84' lang='lat' dir='ltr'><strong><em>operient</em></strong></span> <span class='ocrx_word' id='word_1_148' title='bbox 1064 1913 1127 1966; x_wconf 82' lang='lat' dir='ltr'><strong><em>de</em></strong></span> <span class='ocrx_word' id='word_1_149' title='bbox 1168 1912 1400 1982; x_wconf 74' lang='lat' dir='ltr'><strong><em>operibus</em></strong></span> <span class='ocrx_word' id='word_1_150' title='bbox 1424 1912 1548 1967; x_wconf 79' lang='lat' dir='ltr'><strong><em>suis.</em></strong></span> <span class='ocrx_word' id='word_1_151' title='bbox 1593 1911 1764 1984; x_wconf 83' lang='lat' dir='ltr'><strong><em>Opera</em></strong></span> 
     </span>
    </p>
   </div>
   <div class='ocr_carea' id='block_1_20' title="bbox 174 2005 1764 2076">
    <p class='ocr_par' dir='ltr' id='par_1_20' title="bbox 174 2005 1764 2076">
     <span class='ocr_line' id='line_1_20' title="bbox 174 2005 1764 2076; baseline -0.003 -13"><span class='ocrx_word' id='word_1_152' title='bbox 174 2009 301 2064; x_wconf 81' lang='lat' dir='ltr'><strong><em>enim</em></strong></span> <span class='ocrx_word' id='word_1_153' title='bbox 328 2010 538 2062; x_wconf 72' lang='lat' dir='ltr'><strong><em>illorum</em></strong></span> <span class='ocrx_word' id='word_1_154' title='bbox 576 2023 731 2076; x_wconf 78' lang='lat' dir='ltr'><strong><em>Opera</em></strong></span> <span class='ocrx_word' id='word_1_155' title='bbox 774 2006 1050 2071; x_wconf 81' lang='lat' dir='ltr'><strong><em>iniquitatis</em></strong></span> <span class='ocrx_word' id='word_1_156' title='bbox 1072 2047 1088 2070; x_wconf 93' lang='lat'><strong><em>,</em></strong></span> <span class='ocrx_word' id='word_1_157' title='bbox 1123 2005 1270 2067; x_wconf 72' lang='lat' dir='ltr'><strong><em>pedes</em></strong></span> <span class='ocrx_word' id='word_1_158' title='bbox 1293 2014 1460 2058; x_wconf 86' lang='lat' dir='ltr'><strong><em>autem</em></strong></span> <span class='ocrx_word' id='word_1_159' title='bbox 1495 2021 1669 2058; x_wconf 88' lang='lat' dir='ltr'><strong><em>eorum</em></strong></span> <span class='ocrx_word' id='word_1_160' title='bbox 1696 2005 1764 2060; x_wconf 79' lang='lat' dir='ltr'><strong><em>ad</em></strong></span> 
     </span>
    </p>
   </div>
   <div class='ocr_carea' id='block_1_21' title="bbox 171 2094 1760 2169">
    <p class='ocr_par' dir='ltr' id='par_1_21' title="bbox 171 2094 1760 2169">
     <span class='ocr_line' id='line_1_21' title="bbox 171 2094 1760 2169; baseline -0.001 -18"><span class='ocrx_word' id='word_1_161' title='bbox 171 2101 448 2169; x_wconf 74' lang='lat' dir='ltr'><strong><em>nequitiam</em></strong></span> <span class='ocrx_word' id='word_1_162' title='bbox 473 2107 715 2165; x_wconf 85' lang='lat' dir='ltr'><strong><em>currunt,</em></strong></span> <span class='ocrx_word' id='word_1_163' title='bbox 749 2097 938 2151; x_wconf 77' lang='lat' dir='ltr'><strong><em>veloces</em></strong></span> <span class='ocrx_word' id='word_1_164' title='bbox 964 2096 1033 2149; x_wconf 77' lang='lat' dir='ltr'><strong><em>ad</em></strong></span> <span class='ocrx_word' id='word_1_165' title='bbox 1057 2094 1418 2163; x_wconf 78' lang='lat' dir='ltr'><strong><em>e/Tundendum</em></strong></span> <span class='ocrx_word' id='word_1_166' title='bbox 1444 2097 1760 2168; x_wconf 80' lang='lat' dir='ltr'><strong><em>sanguinem,</em></strong></span> 
     </span>
    </p>
   </div>
   <div class='ocr_carea' id='block_1_22' title="bbox 169 2187 1762 2260">
    <p class='ocr_par' dir='ltr' id='par_1_22' title="bbox 169 2187 1762 2260">
     <span class='ocr_line' id='line_1_22' title="bbox 169 2187 1762 2260; baseline -0.002 -13"><span class='ocrx_word' id='word_1_167' title='bbox 169 2201 216 2248; x_wconf 78' lang='lat' dir='ltr'><strong><em>et</em></strong></span> <span class='ocrx_word' id='word_1_168' title='bbox 248 2192 586 2260; x_wconf 75' lang='lat' dir='ltr'><strong><em>cogitationes</em></strong></span> <span class='ocrx_word' id='word_1_169' title='bbox 629 2205 801 2243; x_wconf 88' lang='lat' dir='ltr'><strong><em>eorum</em></strong></span> <span class='ocrx_word' id='word_1_170' title='bbox 843 2188 1172 2259; x_wconf 81' lang='lat' dir='ltr'><strong><em>cogitationes</em></strong></span> <span class='ocrx_word' id='word_1_171' title='bbox 1217 2188 1577 2255; x_wconf 81' lang='lat' dir='ltr'><strong><em>insipientium.</em></strong></span> <span class='ocrx_word' id='word_1_172' title='bbox 1626 2187 1762 2244; x_wconf 84' lang='lat' dir='ltr'><strong><em>Con-</em></strong></span> 
     </span>
    </p>
   </div>
   <div class='ocr_carea' id='block_1_23' title="bbox 172 2280 1764 2352">
    <p class='ocr_par' dir='ltr' id='par_1_23' title="bbox 172 2280 1764 2352">
     <span class='ocr_line' id='line_1_23' title="bbox 172 2280 1764 2352; baseline -0.003 -14"><span class='ocrx_word' id='word_1_173' title='bbox 172 2285 312 2338; x_wconf 81' lang='lat' dir='ltr'><strong><em>tritio</em></strong></span> <span class='ocrx_word' id='word_1_174' title='bbox 337 2293 385 2338; x_wconf 82' lang='lat' dir='ltr'><strong><em>et</em></strong></span> <span class='ocrx_word' id='word_1_175' title='bbox 416 2283 618 2337; x_wconf 78' lang='lat' dir='ltr'><strong><em>miseria</em></strong></span> <span class='ocrx_word' id='word_1_176' title='bbox 646 2286 697 2337; x_wconf 86' lang='lat' dir='ltr'><strong><em>in</em></strong></span> <span class='ocrx_word' id='word_1_177' title='bbox 723 2281 815 2336; x_wconf 77' lang='lat' dir='ltr'><strong><em>viis</em></strong></span> <span class='ocrx_word' id='word_1_178' title='bbox 836 2298 1032 2343; x_wconf 88' lang='lat' dir='ltr'><strong><em>eorum,</em></strong></span> <span class='ocrx_word' id='word_1_179' title='bbox 1061 2291 1106 2334; x_wconf 88' lang='lat' dir='ltr'><strong><em>et</em></strong></span> <span class='ocrx_word' id='word_1_180' title='bbox 1131 2280 1263 2334; x_wconf 78' lang='lat' dir='ltr'><strong><em>viam</em></strong></span> <span class='ocrx_word' id='word_1_181' title='bbox 1289 2281 1427 2351; x_wconf 80' lang='lat' dir='ltr'><strong><em>pacis</em></strong></span> <span class='ocrx_word' id='word_1_182' title='bbox 1452 2297 1553 2334; x_wconf 86' lang='lat' dir='ltr'><strong><em>non</em></strong></span> <span class='ocrx_word' id='word_1_183' title='bbox 1579 2297 1764 2352; x_wconf 84' lang='lat' dir='ltr'><strong><em>cogno-</em></strong></span> 
     </span>
    </p>
   </div>
   <div class='ocr_carea' id='block_1_24' title="bbox 167 2370 1762 2446">
    <p class='ocr_par' dir='ltr' id='par_1_24' title="bbox 167 2370 1762 2446">
     <span class='ocr_line' id='line_1_24' title="bbox 167 2370 1762 2446; baseline -0.001 -18"><span class='ocrx_word' id='word_1_184' title='bbox 167 2383 350 2428; x_wconf 69' lang='lat' dir='ltr'><strong><em>verunt</em></strong></span> <span class='ocrx_word' id='word_1_185' title='bbox 374 2371 531 2446; x_wconf 79' lang='lat' dir='ltr'><strong><em>(Isai.</em></strong></span> <span class='ocrx_word' id='word_1_186' title='bbox 557 2388 667 2438; x_wconf 72' lang='grc' dir='ltr'>ιιι,</span> <span class='ocrx_word' id='word_1_187' title='bbox 695 2371 874 2441; x_wconf 68' lang='lat'><strong><em>1-8)?</em></strong></span> <span class='ocrx_word' id='word_1_188' title='bbox 911 2370 1056 2438; x_wconf 84' lang='lat' dir='ltr'><strong><em>Quos</em></strong></span> <span class='ocrx_word' id='word_1_189' title='bbox 1084 2371 1185 2427; x_wconf 88' lang='lat' dir='ltr'><strong><em>isto</em></strong></span> <span class='ocrx_word' id='word_1_190' title='bbox 1211 2370 1331 2426; x_wconf 89' lang='lat' dir='ltr'><strong><em>loco</em></strong></span> <span class='ocrx_word' id='word_1_191' title='bbox 1366 2372 1636 2440; x_wconf 80' lang='lat' dir='ltr'><strong><em>Scriptura</em></strong></span> <span class='ocrx_word' id='word_1_192' title='bbox 1665 2372 1762 2426; x_wconf 54' lang='lat' dir='ltr'><strong><em>de:-</em></strong></span> 
     </span>
    </p>
   </div>
   <div class='ocr_carea' id='block_1_25' title="bbox 171 2462 1764 2536">
    <p class='ocr_par' dir='ltr' id='par_1_25' title="bbox 171 2462 1764 2536">
     <span class='ocr_line' id='line_1_25' title="bbox 171 2462 1764 2536; baseline 0.001 -16"><span class='ocrx_word' id='word_1_193' title='bbox 171 2465 399 2531; x_wconf 74' lang='lat' dir='ltr'><strong><em>scribit,</em></strong></span> <span class='ocrx_word' id='word_1_194' title='bbox 429 2466 748 2536; x_wconf 82' lang='lat' dir='ltr'><strong><em>ubicumque</em></strong></span> <span class='ocrx_word' id='word_1_195' title='bbox 791 2462 992 2519; x_wconf 86' lang='lat' dir='ltr'><strong><em>fuerint</em></strong></span> <span class='ocrx_word' id='word_1_196' title='bbox 1022 2464 1161 2519; x_wconf 88' lang='lat' dir='ltr'><strong><em>inter</em></strong></span> <span class='ocrx_word' id='word_1_197' title='bbox 1185 2464 1354 2518; x_wconf 80' lang='lat' dir='ltr'><strong><em>bonos</em></strong></span> <span class='ocrx_word' id='word_1_198' title='bbox 1373 2504 1389 2530; x_wconf 92' lang='lat'><strong><em>,</em></strong></span> <span class='ocrx_word' id='word_1_199' title='bbox 1418 2481 1524 2520; x_wconf 85' lang='lat' dir='ltr'><strong><em>non</em></strong></span> <span class='ocrx_word' id='word_1_200' title='bbox 1568 2466 1764 2522; x_wconf 87' lang='lat' dir='ltr'><strong><em>obsunt</em></strong></span> 
     </span>
    </p>
   </div>
   <div class='ocr_carea' id='block_1_26' title="bbox 165 2553 1765 2625">
    <p class='ocr_par' dir='ltr' id='par_1_26' title="bbox 165 2553 1765 2625">
     <span class='ocr_line' id='line_1_26' title="bbox 165 2553 1765 2625; baseline 0.001 -15"><span class='ocrx_word' id='word_1_201' title='bbox 165 2553 328 2611; x_wconf 82' lang='lat' dir='ltr'><strong><em>bonis</em></strong></span> <span class='ocrx_word' id='word_1_202' title='bbox 347 2597 363 2621; x_wconf 95' lang='lat'><strong><em>,</em></strong></span> <span class='ocrx_word' id='word_1_203' title='bbox 391 2556 531 2610; x_wconf 84' lang='lat' dir='ltr'><strong><em>sicut</em></strong></span> <span class='ocrx_word' id='word_1_204' title='bbox 553 2571 658 2610; x_wconf 90' lang='lat' dir='ltr'><strong><em>non</em></strong></span> <span class='ocrx_word' id='word_1_205' title='bbox 683 2555 837 2610; x_wconf 85' lang='lat' dir='ltr'><strong><em>obest</em></strong></span> <span class='ocrx_word' id='word_1_206' title='bbox 866 2555 1012 2625; x_wconf 79' lang='lat' dir='ltr'><strong><em>palea</em></strong></span> <span class='ocrx_word' id='word_1_207' title='bbox 1052 2555 1367 2621; x_wconf 89' lang='lat' dir='ltr'><strong><em>frumentis,</em></strong></span> <span class='ocrx_word' id='word_1_208' title='bbox 1397 2554 1566 2612; x_wconf 85' lang='lat' dir='ltr'><strong><em>donec</em></strong></span> <span class='ocrx_word' id='word_1_209' title='bbox 1588 2557 1765 2612; x_wconf 86' lang='lat' dir='ltr'><strong><em>veniat</em></strong></span> 
     </span>
    </p>
   </div>
   <div class='ocr_carea' id='block_1_27' title="bbox 169 2647 1766 2714">
    <p class='ocr_par' dir='ltr' id='par_1_27' title="bbox 169 2647 1766 2714">
     <span class='ocr_line' id='line_1_27' title="bbox 169 2647 1766 2714; baseline 0.004 -12"><span class='ocrx_word' id='word_1_210' title='bbox 169 2647 424 2704; x_wconf 85' lang='lat' dir='ltr'><strong><em>dominus</em></strong></span> <span class='ocrx_word' id='word_1_211' title='bbox 452 2663 593 2704; x_wconf 79' lang='lat' dir='ltr'><strong><em>arcte</em></strong></span> <span class='ocrx_word' id='word_1_212' title='bbox 615 2691 630 2714; x_wconf 91' lang='lat'><strong><em>,</em></strong></span> <span class='ocrx_word' id='word_1_213' title='bbox 663 2647 839 2704; x_wconf 83' lang='lat' dir='ltr'><strong><em>ferens</em></strong></span> <span class='ocrx_word' id='word_1_214' title='bbox 870 2648 1224 2703; x_wconf 86' lang='lat' dir='ltr'><strong><em>ventilabrum</em></strong></span> <span class='ocrx_word' id='word_1_215' title='bbox 1269 2649 1322 2704; x_wconf 92' lang='lat' dir='ltr'><strong><em>in</em></strong></span> <span class='ocrx_word' id='word_1_216' title='bbox 1367 2665 1526 2704; x_wconf 80' lang='lat' dir='ltr'><strong><em>manu</em></strong></span> <span class='ocrx_word' id='word_1_217' title='bbox 1567 2664 1662 2705; x_wconf 87' lang='lat' dir='ltr'><strong><em>sua</em></strong></span> <span class='ocrx_word' id='word_1_218' title='bbox 1707 2659 1766 2708; x_wconf 90' lang='lat' dir='ltr'><strong><em>ut</em></strong></span> 
     </span>
    </p>
   </div>
   <div class='ocr_carea' id='block_1_28' title="bbox 169 2742 1758 2810">
    <p class='ocr_par' dir='ltr' id='par_1_28' title="bbox 169 2742 1758 2810">
     <span class='ocr_line' id='line_1_28' title="bbox 169 2742 1758 2810; baseline -0.001 -11"><span class='ocrx_word' id='word_1_219' title='bbox 169 2744 396 2800; x_wconf 73' lang='lat' dir='ltr'><strong><em>mandet</em></strong></span> <span class='ocrx_word' id='word_1_220' title='bbox 425 2757 606 2799; x_wconf 75' lang='lat' dir='ltr'><strong><em>aream</em></strong></span> <span class='ocrx_word' id='word_1_221' title='bbox 631 2758 803 2809; x_wconf 84' lang='lat' dir='ltr'><strong><em>suam,</em></strong></span> <span class='ocrx_word' id='word_1_222' title='bbox 832 2744 1096 2798; x_wconf 82' lang='lat' dir='ltr'><strong><em>frumenta</em></strong></span> <span class='ocrx_word' id='word_1_223' title='bbox 1123 2742 1373 2799; x_wconf 88' lang='lat' dir='ltr'><strong><em>recondat</em></strong></span> <span class='ocrx_word' id='word_1_224' title='bbox 1407 2743 1459 2798; x_wconf 90' lang='lat' dir='ltr'><strong><em>in</em></strong></span> <span class='ocrx_word' id='word_1_225' title='bbox 1486 2742 1758 2810; x_wconf 83' lang='lat' dir='ltr'><strong><em>horreum,</em></strong></span> 
     </span>
    </p>
   </div>
   <div class='ocr_carea' id='block_1_29' title="bbox 173 2835 1760 2909">
    <p class='ocr_par' dir='ltr' id='par_1_29' title="bbox 173 2835 1760 2909">
     <span class='ocr_line' id='line_1_29' title="bbox 173 2835 1760 2909; baseline 0 -18"><span class='ocrx_word' id='word_1_226' title='bbox 173 2837 382 2907; x_wconf 72' lang='lat' dir='ltr'><strong><em>paleam</em></strong></span> <span class='ocrx_word' id='word_1_227' title='bbox 411 2851 538 2892; x_wconf 90' lang='lat' dir='ltr'><strong><em>vero</em></strong></span> <span class='ocrx_word' id='word_1_228' title='bbox 563 2837 842 2892; x_wconf 87' lang='lat' dir='ltr'><strong><em>comburat</em></strong></span> <span class='ocrx_word' id='word_1_229' title='bbox 867 2837 972 2907; x_wconf 76' lang='lat' dir='ltr'><strong><em>igni</em></strong></span> <span class='ocrx_word' id='word_1_230' title='bbox 1004 2836 1418 2907; x_wconf 78' lang='lat' dir='ltr'><strong><em>inexstingnibili</em></strong></span> <span class='ocrx_word' id='word_1_231' title='bbox 1445 2835 1656 2909; x_wconf 73' lang='lat' dir='ltr'><strong><em>(Matth.</em></strong></span> <span class='ocrx_word' id='word_1_232' title='bbox 1681 2851 1760 2902; x_wconf 86' lang='lat' dir='ltr'><strong><em>ut,</em></strong></span> 
     </span>
    </p>
   </div>
   <div class='ocr_carea' id='block_1_30' title="bbox 173 2925 1763 3000">
    <p class='ocr_par' dir='ltr' id='par_1_30' title="bbox 173 2925 1763 3000">
     <span class='ocr_line' id='line_1_30' title="bbox 173 2925 1763 3000; baseline 0.002 -17"><span class='ocrx_word' id='word_1_233' title='bbox 173 2925 286 3000; x_wconf 71' lang='grc'><strong><em>12).</em></strong></span> <span class='ocrx_word' id='word_1_234' title='bbox 315 2927 469 2984; x_wconf 84' lang='lat' dir='ltr'><strong><em>Sicut</em></strong></span> <span class='ocrx_word' id='word_1_235' title='bbox 507 2944 610 2982; x_wconf 88' lang='lat' dir='ltr'><strong><em>non</em></strong></span> <span class='ocrx_word' id='word_1_236' title='bbox 639 2928 809 2982; x_wconf 85' lang='lat' dir='ltr'><strong><em>obfuit</em></strong></span> <span class='ocrx_word' id='word_1_237' title='bbox 847 2929 999 2983; x_wconf 86' lang='lat' dir='ltr'><strong><em>bonis</em></strong></span> <span class='ocrx_word' id='word_1_238' title='bbox 1039 2938 1181 2983; x_wconf 84' lang='lat' dir='ltr'><strong><em>tanta</em></strong></span> <span class='ocrx_word' id='word_1_239' title='bbox 1212 2929 1494 2983; x_wconf 85' lang='lat' dir='ltr'><strong><em>multitudo</em></strong></span> <span class='ocrx_word' id='word_1_240' title='bbox 1530 2930 1763 2986; x_wconf 71' lang='lat' dir='ltr'><strong><em>scelera-</em></strong></span> 
     </span>
    </p>
   </div>
   <div class='ocr_carea' id='block_1_31' title="bbox 174 3021 1759 3094">
    <p class='ocr_par' dir='ltr' id='par_1_31' title="bbox 174 3021 1759 3094">
     <span class='ocr_line' id='line_1_31' title="bbox 174 3021 1759 3094; baseline 0.003 -19"><span class='ocrx_word' id='word_1_241' title='bbox 174 3028 370 3086; x_wconf 85' lang='lat' dir='ltr'><strong><em>torum,</em></strong></span> <span class='ocrx_word' id='word_1_242' title='bbox 418 3021 507 3090; x_wconf 88' lang='lat' dir='ltr'><strong><em>qui</em></strong></span> <span class='ocrx_word' id='word_1_243' title='bbox 553 3035 650 3091; x_wconf 88' lang='lat' dir='ltr'><strong><em>per</em></strong></span> <span class='ocrx_word' id='word_1_244' title='bbox 693 3021 1032 3077; x_wconf 84' lang='lat' dir='ltr'><strong><em>Ezechielem</em></strong></span> <span class='ocrx_word' id='word_1_245' title='bbox 1079 3022 1392 3092; x_wconf 81' lang='lat' dir='ltr'><strong><em>prophetam</em></strong></span> <span class='ocrx_word' id='word_1_246' title='bbox 1437 3023 1563 3078; x_wconf 83' lang='lat' dir='ltr'><strong><em>dicti</em></strong></span> <span class='ocrx_word' id='word_1_247' title='bbox 1611 3031 1759 3094; x_wconf 82' lang='lat' dir='ltr'><strong><em>sunt,</em></strong></span> 
     </span>
    </p>
   </div>
   <div class='ocr_carea' id='block_1_32' title="bbox 175 3111 1764 3184">
    <p class='ocr_par' dir='ltr' id='par_1_32' title="bbox 175 3111 1764 3184">
     <span class='ocr_line' id='line_1_32' title="bbox 175 3111 1764 3184; baseline 0.005 -18"><span class='ocrx_word' id='word_1_248' title='bbox 175 3111 275 3166; x_wconf 83' lang='lat' dir='ltr'><strong><em>illis</em></strong></span> <span class='ocrx_word' id='word_1_249' title='bbox 323 3113 580 3168; x_wconf 75' lang='lat' dir='ltr'><strong><em>videlicet</em></strong></span> <span class='ocrx_word' id='word_1_250' title='bbox 626 3115 714 3182; x_wconf 89' lang='lat' dir='ltr'><strong><em>qui</em></strong></span> <span class='ocrx_word' id='word_1_251' title='bbox 761 3116 1046 3184; x_wconf 82' lang='lat' dir='ltr'><strong><em>gemebant</em></strong></span> <span class='ocrx_word' id='word_1_252' title='bbox 1091 3125 1146 3172; x_wconf 86' lang='lat' dir='ltr'><strong><em>et</em></strong></span> <span class='ocrx_word' id='word_1_253' title='bbox 1190 3117 1488 3171; x_wconf 73' lang='lat' dir='ltr'><strong><em>ntmreltant</em></strong></span> <span class='ocrx_word' id='word_1_254' title='bbox 1531 3119 1764 3174; x_wconf 75' lang='lat' dir='ltr'><strong><em>facinora</em></strong></span> 
     </span>
    </p>
   </div>
   <div class='ocr_carea' id='block_1_33' title="bbox 174 3204 1759 3284">
    <p class='ocr_par' dir='ltr' id='par_1_33' title="bbox 174 3204 1759 3284">
     <span class='ocr_line' id='line_1_33' title="bbox 174 3204 1759 3284; baseline 0.006 -28"><span class='ocrx_word' id='word_1_255' title='bbox 174 3204 350 3273; x_wconf 81' lang='lat' dir='ltr'><strong><em>populi</em></strong></span> <span class='ocrx_word' id='word_1_256' title='bbox 391 3221 511 3275; x_wconf 65' lang='lat' dir='ltr'><strong><em>qua:</em></strong></span> <span class='ocrx_word' id='word_1_257' title='bbox 555 3206 752 3261; x_wconf 74' lang='lat' dir='ltr'><strong><em>fiebant</em></strong></span> <span class='ocrx_word' id='word_1_258' title='bbox 802 3208 853 3260; x_wconf 90' lang='lat' dir='ltr'><strong><em>in</em></strong></span> <span class='ocrx_word' id='word_1_259' title='bbox 894 3207 1071 3261; x_wconf 90' lang='lat' dir='ltr'><strong><em>medio</em></strong></span> <span class='ocrx_word' id='word_1_260' title='bbox 1109 3223 1295 3262; x_wconf 87' lang='lat' dir='ltr'><strong><em>eorum</em></strong></span> <span class='ocrx_word' id='word_1_261' title='bbox 1341 3208 1551 3280; x_wconf 76' lang='lat' dir='ltr'><strong><em>(Ezeeh.</em></strong></span> <span class='ocrx_word' id='word_1_262' title='bbox 1578 3225 1653 3276; x_wconf 80' lang='lat' dir='ltr'><strong><em>ut,</em></strong></span> <span class='ocrx_word' id='word_1_263' title='bbox 1680 3208 1759 3284; x_wconf 72' lang='grc'><strong><em>4).</em></strong></span> 
     </span>
    </p>
   </div>
   <div class='ocr_carea' id='block_1_34' title="bbox 176 3296 1760 3371">
    <p class='ocr_par' dir='ltr' id='par_1_34' title="bbox 176 3296 1760 3371">
     <span class='ocr_line' id='line_1_34' title="bbox 176 3296 1760 3371; baseline 0.004 -18"><span class='ocrx_word' id='word_1_264' title='bbox 176 3296 349 3362; x_wconf 86' lang='lat' dir='ltr'><strong><em>Unde,</em></strong></span> <span class='ocrx_word' id='word_1_265' title='bbox 372 3301 495 3368; x_wconf 83' lang='lat' dir='ltr'><strong><em>quia</em></strong></span> <span class='ocrx_word' id='word_1_266' title='bbox 537 3315 632 3354; x_wconf 82' lang='lat' dir='ltr'><strong><em>eos</em></strong></span> <span class='ocrx_word' id='word_1_267' title='bbox 672 3301 940 3371; x_wconf 79' lang='lat' dir='ltr'><strong><em>corrigere</em></strong></span> <span class='ocrx_word' id='word_1_268' title='bbox 965 3315 1069 3354; x_wconf 89' lang='lat' dir='ltr'><strong><em>non</em></strong></span> <span class='ocrx_word' id='word_1_269' title='bbox 1113 3310 1374 3370; x_wconf 84' lang='lat' dir='ltr'><strong><em>poterant,</em></strong></span> <span class='ocrx_word' id='word_1_270' title='bbox 1417 3317 1515 3357; x_wconf 88' lang='lat' dir='ltr'><strong><em>nec</em></strong></span> <span class='ocrx_word' id='word_1_271' title='bbox 1547 3303 1615 3358; x_wconf 87' lang='lat' dir='ltr'><strong><em>ab</em></strong></span> <span class='ocrx_word' id='word_1_272' title='bbox 1638 3302 1760 3358; x_wconf 86' lang='lat' dir='ltr'><strong><em>nni-</em></strong></span> 
     </span>
    </p>
   </div>
   <div class='ocr_carea' id='block_1_35' title="bbox 175 3379 1758 3461">
    <p class='ocr_par' dir='ltr' id='par_1_35' title="bbox 175 3379 1758 3461">
     <span class='ocr_line' id='line_1_35' title="bbox 175 3379 1758 3461; baseline 0.005 -19"><span class='ocrx_word' id='word_1_273' title='bbox 175 3379 281 3443; x_wconf 80' lang='lat' dir='ltr'><strong><em>tate</em></strong></span> <span class='ocrx_word' id='word_1_274' title='bbox 319 3390 498 3459; x_wconf 83' lang='lat' dir='ltr'><strong><em>pepuli</em></strong></span> <span class='ocrx_word' id='word_1_275' title='bbox 540 3390 632 3445; x_wconf 86' lang='lat' dir='ltr'><strong><em>Dei</em></strong></span> <span class='ocrx_word' id='word_1_276' title='bbox 683 3405 743 3445; x_wconf 85' lang='lat' dir='ltr'><strong><em>sc</em></strong></span> <span class='ocrx_word' id='word_1_277' title='bbox 790 3392 902 3446; x_wconf 87' lang='lat' dir='ltr'><strong><em>ullo</em></strong></span> <span class='ocrx_word' id='word_1_278' title='bbox 943 3390 1102 3446; x_wconf 88' lang='lat' dir='ltr'><strong><em>modo</em></strong></span> <span class='ocrx_word' id='word_1_279' title='bbox 1143 3405 1392 3461; x_wconf 77' lang='lat' dir='ltr'><strong><em>separare</em></strong></span> <span class='ocrx_word' id='word_1_280' title='bbox 1429 3393 1692 3449; x_wconf 78' lang='lat' dir='ltr'><strong><em>debebant</em></strong></span> <span class='ocrx_word' id='word_1_281' title='bbox 1714 3396 1758 3460; x_wconf 84' lang='lat'><strong><em>&#39;,</em></strong></span> 
     </span>
    </p>
   </div>
   <div class='ocr_carea' id='block_1_36' title="bbox 175 3481 1759 3556">
    <p class='ocr_par' dir='ltr' id='par_1_36' title="bbox 175 3481 1759 3556">
     <span class='ocr_line' id='line_1_36' title="bbox 175 3481 1759 3556; baseline 0.005 -22"><span class='ocrx_word' id='word_1_282' title='bbox 175 3494 268 3548; x_wconf 87' lang='lat' dir='ltr'><strong><em>pro</em></strong></span> <span class='ocrx_word' id='word_1_283' title='bbox 316 3481 509 3536; x_wconf 83' lang='lat' dir='ltr'><strong><em>merito</em></strong></span> <span class='ocrx_word' id='word_1_284' title='bbox 551 3482 1000 3538; x_wconf 57' lang='lat' dir='ltr'><strong><em>innocentissimus</em></strong></span> <span class='ocrx_word' id='word_1_285' title='bbox 1069 3484 1362 3539; x_wconf 79' lang='lat' dir='ltr'><strong><em>toleranthe</em></strong></span> <span class='ocrx_word' id='word_1_286' title='bbox 1407 3500 1521 3540; x_wconf 73' lang='lat' dir='ltr'><strong><em>sure</em></strong></span> <span class='ocrx_word' id='word_1_287' title='bbox 1562 3487 1759 3556; x_wconf 82' lang='lat' dir='ltr'><strong><em>signari</em></strong></span> 
     </span>
    </p>
   </div>
   <div class='ocr_carea' id='block_1_37' title="bbox 173 3574 1760 3648">
    <p class='ocr_par' dir='ltr' id='par_1_37' title="bbox 173 3574 1760 3648">
     <span class='ocr_line' id='line_1_37' title="bbox 173 3574 1760 3648; baseline 0.003 -19"><span class='ocrx_word' id='word_1_288' title='bbox 173 3581 502 3640; x_wconf 84' lang='lat' dir='ltr'><strong><em>meruerunt,</em></strong></span> <span class='ocrx_word' id='word_1_289' title='bbox 529 3585 583 3628; x_wconf 86' lang='lat' dir='ltr'><strong><em>et</em></strong></span> <span class='ocrx_word' id='word_1_290' title='bbox 606 3575 658 3628; x_wconf 83' lang='lat' dir='ltr'><strong><em>in</em></strong></span> <span class='ocrx_word' id='word_1_291' title='bbox 689 3574 900 3628; x_wconf 84' lang='lat' dir='ltr'><strong><em>iiiorum</em></strong></span> <span class='ocrx_word' id='word_1_292' title='bbox 929 3575 1254 3644; x_wconf 86' lang='lat' dir='ltr'><strong><em>perditorum</em></strong></span> <span class='ocrx_word' id='word_1_293' title='bbox 1282 3575 1579 3631; x_wconf 71' lang='lat' dir='ltr'><strong><em>vastatione</em></strong></span> <span class='ocrx_word' id='word_1_294' title='bbox 1600 3587 1760 3648; x_wconf 75' lang='lat' dir='ltr'><strong><em>atque</em></strong></span> 
     </span>
    </p>
   </div>
   <div class='ocr_carea' id='block_1_38' title="bbox 173 3662 1760 3738">
    <p class='ocr_par' dir='ltr' id='par_1_38' title="bbox 173 3662 1760 3738">
     <span class='ocr_line' id='line_1_38' title="bbox 173 3662 1760 3738; baseline 0.006 -22"><span class='ocrx_word' id='word_1_295' title='bbox 173 3662 388 3719; x_wconf 81' lang='lat' dir='ltr'><strong><em>interitu</em></strong></span> <span class='ocrx_word' id='word_1_296' title='bbox 426 3664 660 3719; x_wconf 86' lang='lat' dir='ltr'><strong><em>liberari.</em></strong></span> <span class='ocrx_word' id='word_1_297' title='bbox 694 3663 1066 3722; x_wconf 83' lang='lat' dir='ltr'><strong><em>Verumtamen</em></strong></span> <span class='ocrx_word' id='word_1_298' title='bbox 1104 3666 1191 3720; x_wconf 93' lang='lat' dir='ltr'><strong><em>isti</em></strong></span> <span class='ocrx_word' id='word_1_299' title='bbox 1217 3668 1303 3738; x_wconf 82' lang='lat' dir='ltr'><strong><em>qui</em></strong></span> <span class='ocrx_word' id='word_1_300' title='bbox 1332 3667 1446 3724; x_wconf 72' lang='lat' dir='ltr'><strong><em>iure</em></strong></span> <span class='ocrx_word' id='word_1_301' title='bbox 1469 3667 1760 3726; x_wconf 82' lang='lat' dir='ltr'><strong><em>Catholicis</em></strong></span> 
     </span>
    </p>
   </div>
   <div class='ocr_carea' id='block_1_39' title="bbox 172 3756 1759 3829">
    <p class='ocr_par' dir='ltr' id='par_1_39' title="bbox 172 3756 1759 3829">
     <span class='ocr_line' id='line_1_39' title="bbox 172 3756 1759 3829; baseline 0.006 -21"><span class='ocrx_word' id='word_1_302' title='bbox 172 3756 468 3825; x_wconf 80' lang='lat' dir='ltr'><strong><em>objiciunt,</em></strong></span> <span class='ocrx_word' id='word_1_303' title='bbox 511 3770 610 3810; x_wconf 87' lang='lat' dir='ltr'><strong><em>cur</em></strong></span> <span class='ocrx_word' id='word_1_304' title='bbox 650 3772 754 3810; x_wconf 90' lang='lat' dir='ltr'><strong><em>non</em></strong></span> <span class='ocrx_word' id='word_1_305' title='bbox 795 3771 855 3812; x_wconf 89' lang='lat' dir='ltr'><strong><em>se</em></strong></span> <span class='ocrx_word' id='word_1_306' title='bbox 901 3758 1211 3828; x_wconf 83' lang='lat' dir='ltr'><strong><em>respiciunt,</em></strong></span> <span class='ocrx_word' id='word_1_307' title='bbox 1258 3773 1482 3829; x_wconf 86' lang='lat' dir='ltr'><strong><em>quorum</em></strong></span> <span class='ocrx_word' id='word_1_308' title='bbox 1530 3771 1759 3818; x_wconf 67' lang='lat' dir='ltr'><strong><em>catervae</em></strong></span> 
     </span>
    </p>
   </div>
   <div class='ocr_carea' id='block_1_40' title="bbox 170 3845 1758 3919">
    <p class='ocr_par' dir='ltr' id='par_1_40' title="bbox 170 3845 1758 3919">
     <span class='ocr_line' id='line_1_40' title="bbox 170 3845 1758 3919; baseline 0.006 -19"><span class='ocrx_word' id='word_1_309' title='bbox 170 3859 386 3916; x_wconf 72' lang='lat' dir='ltr'><strong><em>gregum</em></strong></span> <span class='ocrx_word' id='word_1_310' title='bbox 429 3845 748 3902; x_wconf 74' lang='lat' dir='ltr'><strong><em>furiosorum</em></strong></span> <span class='ocrx_word' id='word_1_311' title='bbox 775 3846 880 3902; x_wconf 83' lang='lat' dir='ltr'><strong><em>huc</em></strong></span> <span class='ocrx_word' id='word_1_312' title='bbox 914 3857 1076 3919; x_wconf 81' lang='lat' dir='ltr'><strong><em>atque</em></strong></span> <span class='ocrx_word' id='word_1_313' title='bbox 1115 3849 1239 3904; x_wconf 91' lang='lat' dir='ltr'><strong><em>illuc</em></strong></span> <span class='ocrx_word' id='word_1_314' title='bbox 1262 3861 1479 3906; x_wconf 66' lang='lat' dir='ltr'><strong><em>armatis</em></strong></span> <span class='ocrx_word' id='word_1_315' title='bbox 1520 3845 1664 3907; x_wconf 84' lang='lat' dir='ltr'><strong><em>ferro</em></strong></span> <span class='ocrx_word' id='word_1_316' title='bbox 1696 3865 1758 3910; x_wconf 78' lang='lat' dir='ltr'><strong><em>ac</em></strong></span> 
     </span>
    </p>
   </div>
   <div class='ocr_carea' id='block_1_41' title="bbox 171 3937 1758 4011">
    <p class='ocr_par' dir='ltr' id='par_1_41' title="bbox 171 3937 1758 4011">
     <span class='ocr_line' id='line_1_41' title="bbox 171 3937 1758 4011; baseline 0.005 -19"><span class='ocrx_word' id='word_1_317' title='bbox 171 3937 398 3995; x_wconf 66' lang='lat' dir='ltr'><strong><em>instituis</em></strong></span> <span class='ocrx_word' id='word_1_318' title='bbox 421 3939 683 4005; x_wconf 77' lang='lat' dir='ltr'><strong><em>volitant;</em></strong></span> <span class='ocrx_word' id='word_1_319' title='bbox 724 3949 777 3994; x_wconf 85' lang='lat' dir='ltr'><strong><em>et</em></strong></span> <span class='ocrx_word' id='word_1_320' title='bbox 815 3948 923 3994; x_wconf 77' lang='lat' dir='ltr'><strong><em>tam</em></strong></span> <span class='ocrx_word' id='word_1_321' title='bbox 961 3940 1165 3996; x_wconf 80' lang='lat' dir='ltr'><strong><em>crebris</em></strong></span> <span class='ocrx_word' id='word_1_322' title='bbox 1191 3941 1278 3996; x_wconf 84' lang='lat' dir='ltr'><strong><em>ubi</em></strong></span> <span class='ocrx_word' id='word_1_323' title='bbox 1322 3945 1588 4011; x_wconf 80' lang='lat' dir='ltr'><strong><em>potuerint</em></strong></span> <span class='ocrx_word' id='word_1_324' title='bbox 1620 3954 1758 4000; x_wconf 84' lang='lat' dir='ltr'><strong><em>stra-</em></strong></span> 
     </span>
    </p>
   </div>
   <div class='ocr_carea' id='block_1_42' title="bbox 170 4031 1756 4103">
    <p class='ocr_par' dir='ltr' id='par_1_42' title="bbox 170 4031 1756 4103">
     <span class='ocr_line' id='line_1_42' title="bbox 170 4031 1756 4103; baseline 0.004 -19"><span class='ocrx_word' id='word_1_325' title='bbox 170 4031 342 4100; x_wconf 76' lang='lat' dir='ltr'><strong><em>gibus,</em></strong></span> <span class='ocrx_word' id='word_1_326' title='bbox 372 4045 704 4101; x_wconf 78' lang='lat' dir='ltr'><strong><em>nequaquam</em></strong></span> <span class='ocrx_word' id='word_1_327' title='bbox 731 4039 906 4086; x_wconf 84' lang='lat' dir='ltr'><strong><em>tamen</em></strong></span> <span class='ocrx_word' id='word_1_328' title='bbox 935 4040 1079 4088; x_wconf 83' lang='lat' dir='ltr'><strong><em>tanta</em></strong></span> <span class='ocrx_word' id='word_1_329' title='bbox 1117 4033 1446 4088; x_wconf 81' lang='lat' dir='ltr'><strong><em>immanitate</em></strong></span> <span class='ocrx_word' id='word_1_330' title='bbox 1477 4036 1756 4103; x_wconf 78' lang='lat' dir='ltr'><strong><em>satiantur,</em></strong></span> 
     </span>
    </p>
   </div>
   <div class='ocr_carea' id='block_1_43' title="bbox 171 4123 1758 4198">
    <p class='ocr_par' dir='ltr' id='par_1_43' title="bbox 171 4123 1758 4198">
     <span class='ocr_line' id='line_1_43' title="bbox 171 4123 1758 4198; baseline 0.003 -19"><span class='ocrx_word' id='word_1_331' title='bbox 171 4123 258 4179; x_wconf 84' lang='lat' dir='ltr'><strong><em>ubi</em></strong></span> <span class='ocrx_word' id='word_1_332' title='bbox 299 4135 394 4192; x_wconf 83' lang='lat' dir='ltr'><strong><em>per</em></strong></span> <span class='ocrx_word' id='word_1_333' title='bbox 436 4124 586 4178; x_wconf 76' lang='lat' dir='ltr'><strong><em>busta</em></strong></span> <span class='ocrx_word' id='word_1_334' title='bbox 623 4123 938 4178; x_wconf 84' lang='lat' dir='ltr'><strong><em>cadaverum</em></strong></span> <span class='ocrx_word' id='word_1_335' title='bbox 981 4137 1167 4178; x_wconf 83' lang='lat' dir='ltr'><strong><em>eorum</em></strong></span> <span class='ocrx_word' id='word_1_336' title='bbox 1206 4139 1326 4180; x_wconf 86' lang='lat' dir='ltr'><strong><em>cum</em></strong></span> <span class='ocrx_word' id='word_1_337' title='bbox 1372 4125 1602 4191; x_wconf 81' lang='lat' dir='ltr'><strong><em>feminis,</em></strong></span> <span class='ocrx_word' id='word_1_338' title='bbox 1639 4137 1758 4198; x_wconf 72' lang='lat' dir='ltr'><strong><em>quin</em></strong></span> 
     </span>
    </p>
   </div>
   <div class='ocr_carea' id='block_1_44' title="bbox 171 4215 1756 4286">
    <p class='ocr_par' dir='ltr' id='par_1_44' title="bbox 171 4215 1756 4286">
     <span class='ocr_line' id='line_1_44' title="bbox 171 4215 1756 4286; baseline 0.001 -14"><span class='ocrx_word' id='word_1_339' title='bbox 171 4232 290 4272; x_wconf 86' lang='lat' dir='ltr'><strong><em>cum</em></strong></span> <span class='ocrx_word' id='word_1_340' title='bbox 335 4216 439 4270; x_wconf 80' lang='lat' dir='ltr'><strong><em>illis</em></strong></span> <span class='ocrx_word' id='word_1_341' title='bbox 479 4215 678 4286; x_wconf 86' lang='lat' dir='ltr'><strong><em>passim</em></strong></span> <span class='ocrx_word' id='word_1_342' title='bbox 721 4218 1026 4272; x_wconf 64' lang='lat' dir='ltr'><strong><em>commixtis</em></strong></span> <span class='ocrx_word' id='word_1_343' title='bbox 1069 4227 1254 4273; x_wconf 82' lang='lat' dir='ltr'><strong><em>contra</em></strong></span> <span class='ocrx_word' id='word_1_344' title='bbox 1295 4218 1537 4273; x_wconf 85' lang='lat' dir='ltr'><strong><em>ordinem</em></strong></span> <span class='ocrx_word' id='word_1_345' title='bbox 1578 4232 1756 4276; x_wconf 88' lang='lat' dir='ltr'><strong><em>rerum</em></strong></span> 
     </span>
    </p>
   </div>
   <div class='ocr_carea' id='block_1_45' title="bbox 171 4309 1757 4383">
    <p class='ocr_par' dir='ltr' id='par_1_45' title="bbox 171 4309 1757 4383">
     <span class='ocr_line' id='line_1_45' title="bbox 171 4309 1757 4383; baseline 0.001 -17"><span class='ocrx_word' id='word_1_346' title='bbox 171 4309 472 4366; x_wconf 85' lang='lat' dir='ltr'><strong><em>divinarum</em></strong></span> <span class='ocrx_word' id='word_1_347' title='bbox 499 4320 553 4364; x_wconf 86' lang='lat' dir='ltr'><strong><em>et</em></strong></span> <span class='ocrx_word' id='word_1_348' title='bbox 580 4311 925 4367; x_wconf 80' lang='lat' dir='ltr'><strong><em>humanarum</em></strong></span> <span class='ocrx_word' id='word_1_349' title='bbox 956 4311 1145 4368; x_wconf 82' lang='lat' dir='ltr'><strong><em>diebus</em></strong></span> <span class='ocrx_word' id='word_1_350' title='bbox 1172 4325 1235 4367; x_wconf 76' lang='lat' dir='ltr'><strong><em>ne</em></strong></span> <span class='ocrx_word' id='word_1_351' title='bbox 1260 4312 1505 4367; x_wconf 83' lang='lat' dir='ltr'><strong><em>noctibus</em></strong></span> <span class='ocrx_word' id='word_1_352' title='bbox 1530 4325 1757 4383; x_wconf 75' lang='lat' dir='ltr'><strong><em>evagan-</em></strong></span> 
     </span>
    </p>
   </div>
   <div class='ocr_carea' id='block_1_46' title="bbox 173 4398 1755 4474">
    <p class='ocr_par' dir='ltr' id='par_1_46' title="bbox 173 4398 1755 4474">
     <span class='ocr_line' id='line_1_46' title="bbox 173 4398 1755 4474; baseline 0.003 -18"><span class='ocrx_word' id='word_1_353' title='bbox 173 4411 259 4456; x_wconf 85' lang='lat' dir='ltr'><strong><em>tur</em></strong></span> <span class='ocrx_word' id='word_1_354' title='bbox 277 4443 291 4465; x_wconf 91' lang='lat'><strong><em>,</em></strong></span> <span class='ocrx_word' id='word_1_355' title='bbox 322 4411 466 4456; x_wconf 81' lang='lat' dir='ltr'><strong><em>tanta</em></strong></span> <span class='ocrx_word' id='word_1_356' title='bbox 495 4401 661 4457; x_wconf 85' lang='lat' dir='ltr'><strong><em>fervet</em></strong></span> <span class='ocrx_word' id='word_1_357' title='bbox 686 4403 947 4470; x_wconf 85' lang='lat' dir='ltr'><strong><em>ebrietas,</em></strong></span> <span class='ocrx_word' id='word_1_358' title='bbox 976 4414 1033 4457; x_wconf 91' lang='lat' dir='ltr'><strong><em>ut</em></strong></span> <span class='ocrx_word' id='word_1_359' title='bbox 1059 4403 1180 4458; x_wconf 88' lang='lat' dir='ltr'><strong><em>inde</em></strong></span> <span class='ocrx_word' id='word_1_360' title='bbox 1205 4403 1461 4457; x_wconf 78' lang='lat' dir='ltr'><strong><em>insaniam</em></strong></span> <span class='ocrx_word' id='word_1_361' title='bbox 1492 4398 1755 4474; x_wconf 76' lang='lat' dir='ltr'><strong><em>quntidia-</em></strong></span> 
     </span>
    </p>
   </div>
   <div class='ocr_carea' id='block_1_47' title="bbox 171 4493 1757 4564">
    <p class='ocr_par' dir='ltr' id='par_1_47' title="bbox 171 4493 1757 4564">
     <span class='ocr_line' id='line_1_47' title="bbox 171 4493 1757 4564; baseline 0.001 -16"><span class='ocrx_word' id='word_1_362' title='bbox 171 4507 292 4548; x_wconf 77' lang='lat' dir='ltr'><strong><em>narn</em></strong></span> <span class='ocrx_word' id='word_1_363' title='bbox 323 4507 429 4547; x_wconf 90' lang='lat' dir='ltr'><strong><em>non</em></strong></span> <span class='ocrx_word' id='word_1_364' title='bbox 455 4493 630 4548; x_wconf 80' lang='lat' dir='ltr'><strong><em>solum</em></strong></span> <span class='ocrx_word' id='word_1_365' title='bbox 668 4493 802 4547; x_wconf 86' lang='lat' dir='ltr'><strong><em>alios</em></strong></span> <span class='ocrx_word' id='word_1_366' title='bbox 833 4494 1148 4561; x_wconf 87' lang='lat' dir='ltr'><strong><em>insectamli,</em></strong></span> <span class='ocrx_word' id='word_1_367' title='bbox 1178 4495 1272 4549; x_wconf 87' lang='lat' dir='ltr'><strong><em>sed</em></strong></span> <span class='ocrx_word' id='word_1_368' title='bbox 1314 4494 1472 4549; x_wconf 84' lang='lat' dir='ltr'><strong><em>etiam</em></strong></span> <span class='ocrx_word' id='word_1_369' title='bbox 1515 4511 1574 4550; x_wconf 87' lang='lat' dir='ltr'><strong><em>se</em></strong></span> <span class='ocrx_word' id='word_1_370' title='bbox 1613 4495 1757 4564; x_wconf 80' lang='lat' dir='ltr'><strong><em>ipsos</em></strong></span> 
     </span>
    </p>
   </div>
   <div class='ocr_carea' id='block_1_48' title="bbox 168 4583 1758 4656">
    <p class='ocr_par' dir='ltr' id='par_1_48' title="bbox 168 4583 1758 4656">
     <span class='ocr_line' id='line_1_48' title="bbox 168 4583 1758 4656; baseline 0 -15"><span class='ocrx_word' id='word_1_371' title='bbox 168 4583 540 4655; x_wconf 59' lang='lat' dir='ltr'><strong><em>praecipitandi</em></strong></span> <span class='ocrx_word' id='word_1_372' title='bbox 580 4586 923 4655; x_wconf 69' lang='lat' dir='ltr'><strong><em>concipiant?</em></strong></span> <span class='ocrx_word' id='word_1_373' title='bbox 972 4586 1172 4640; x_wconf 83' lang='lat' dir='ltr'><strong><em>florum</em></strong></span> <span class='ocrx_word' id='word_1_374' title='bbox 1214 4585 1378 4656; x_wconf 78' lang='lat' dir='ltr'><strong><em>pedes</em></strong></span> <span class='ocrx_word' id='word_1_375' title='bbox 1413 4587 1478 4640; x_wconf 85' lang='lat' dir='ltr'><strong><em>ad</em></strong></span> <span class='ocrx_word' id='word_1_376' title='bbox 1516 4588 1710 4641; x_wconf 86' lang='lat' dir='ltr'><strong><em>malum</em></strong></span> <span class='ocrx_word' id='word_1_377' title='bbox 1735 4587 1758 4620; x_wconf 81' lang='grc'><strong><em>⁸</em></strong></span> 
     </span>
    </p>
   </div>
   <div class='ocr_carea' id='block_1_49' title="bbox 172 4675 1756 4744">
    <p class='ocr_par' dir='ltr' id='par_1_49' title="bbox 172 4675 1756 4744">
     <span class='ocr_line' id='line_1_49' title="bbox 172 4675 1756 4744; baseline 0.003 -12"><span class='ocrx_word' id='word_1_378' title='bbox 172 4695 279 4732; x_wconf 88' lang='lat' dir='ltr'><strong><em>non</em></strong></span> <span class='ocrx_word' id='word_1_379' title='bbox 322 4685 574 4744; x_wconf 86' lang='lat' dir='ltr'><strong><em>currunt,</em></strong></span> <span class='ocrx_word' id='word_1_380' title='bbox 603 4694 702 4734; x_wconf 88' lang='lat' dir='ltr'><strong><em>nec</em></strong></span> <span class='ocrx_word' id='word_1_381' title='bbox 729 4679 941 4734; x_wconf 77' lang='lat' dir='ltr'><strong><em>veloces</em></strong></span> <span class='ocrx_word' id='word_1_382' title='bbox 980 4689 1099 4734; x_wconf 90' lang='lat' dir='ltr'><strong><em>sunt</em></strong></span> <span class='ocrx_word' id='word_1_383' title='bbox 1142 4679 1208 4734; x_wconf 87' lang='lat' dir='ltr'><strong><em>ad</em></strong></span> <span class='ocrx_word' id='word_1_384' title='bbox 1233 4675 1608 4736; x_wconf 70' lang='lat' dir='ltr'><strong><em>effundendum</em></strong></span> <span class='ocrx_word' id='word_1_385' title='bbox 1633 4695 1756 4736; x_wconf 85' lang='lat' dir='ltr'><strong><em>san-</em></strong></span> 
     </span>
    </p>
   </div>
   <div class='ocr_carea' id='block_1_50' title="bbox 169 4769 1754 4841">
    <p class='ocr_par' dir='ltr' id='par_1_50' title="bbox 169 4769 1754 4841">
     <span class='ocr_line' id='line_1_50' title="bbox 169 4769 1754 4841; baseline 0.004 -17"><span class='ocrx_word' id='word_1_386' title='bbox 169 4769 381 4839; x_wconf 79' lang='lat' dir='ltr'><strong><em>guinem</em></strong></span> <span class='ocrx_word' id='word_1_387' title='bbox 402 4770 429 4824; x_wconf 65' lang='lat'><strong>1</strong></span> <span class='ocrx_word' id='word_1_388' title='bbox 453 4769 536 4825; x_wconf 82' lang='lat' dir='ltr'><strong><em>Ab</em></strong></span> <span class='ocrx_word' id='word_1_389' title='bbox 560 4770 677 4825; x_wconf 82' lang='lat' dir='ltr'><strong><em>istis</em></strong></span> <span class='ocrx_word' id='word_1_390' title='bbox 704 4785 807 4824; x_wconf 90' lang='lat' dir='ltr'><strong><em>non</em></strong></span> <span class='ocrx_word' id='word_1_391' title='bbox 835 4771 1035 4834; x_wconf 76' lang='lat' dir='ltr'><strong><em>recedit</em></strong></span> <span class='ocrx_word' id='word_1_392' title='bbox 1054 4771 1328 4840; x_wconf 83' lang='lat' dir='ltr'><strong><em>judicium,</em></strong></span> <span class='ocrx_word' id='word_1_393' title='bbox 1354 4774 1442 4841; x_wconf 87' lang='lat' dir='ltr'><strong><em>qui</em></strong></span> <span class='ocrx_word' id='word_1_394' title='bbox 1469 4773 1569 4826; x_wconf 83' lang='lat' dir='ltr'><strong><em>sibi</em></strong></span> <span class='ocrx_word' id='word_1_395' title='bbox 1594 4774 1754 4830; x_wconf 77' lang='lat' dir='ltr'><strong><em>etiam</em></strong></span> 
     </span>
    </p>
   </div>
   <div class='ocr_carea' id='block_1_51' title="bbox 170 4861 1756 4935">
    <p class='ocr_par' dir='ltr' id='par_1_51' title="bbox 170 4861 1756 4935">
     <span class='ocr_line' id='line_1_51' title="bbox 170 4861 1756 4935; baseline 0.002 -20"><span class='ocrx_word' id='word_1_396' title='bbox 170 4861 547 4932; x_wconf 76' lang='lat' dir='ltr'><strong><em>iujustissimas</em></strong></span> <span class='ocrx_word' id='word_1_397' title='bbox 566 4863 808 4919; x_wconf 73' lang='lat' dir='ltr'><strong><em>licentiae</em></strong></span> <span class='ocrx_word' id='word_1_398' title='bbox 834 4861 1145 4917; x_wconf 75' lang='lat' dir='ltr'><strong><em>inordinata:</em></strong></span> <span class='ocrx_word' id='word_1_399' title='bbox 1166 4864 1439 4933; x_wconf 82' lang='lat' dir='ltr'><strong><em>potestatis</em></strong></span> <span class='ocrx_word' id='word_1_400' title='bbox 1461 4862 1756 4935; x_wconf 66' lang='lat' dir='ltr'><strong><em>usurpant?</em></strong></span> 
     </span>
    </p>
   </div>
   <div class='ocr_carea' id='block_1_52' title="bbox 233 4990 1757 5058">
    <p class='ocr_par' dir='ltr' id='par_1_52' title="bbox 233 4990 1757 5058">
     <span class='ocr_line' id='line_1_52' title="bbox 233 4990 1757 5058; baseline 0.003 -17"><span class='ocrx_word' id='word_1_401' title='bbox 233 4993 251 5023; x_wconf 76' lang='grc'><strong><em>⁸</em></strong></span> <span class='ocrx_word' id='word_1_402' title='bbox 274 4993 482 5058; x_wconf 53' lang='lat' dir='ltr'><strong><em>Vaticani</em></strong></span> <span class='ocrx_word' id='word_1_403' title='bbox 517 4997 648 5058; x_wconf 63' lang='lat' dir='ltr'><strong><em>uss,</em></strong></span> <span class='ocrx_word' id='word_1_404' title='bbox 671 4990 967 5044; x_wconf 78' lang='lat' dir='ltr'><strong><em>mendaciter</em></strong></span> <span class='ocrx_word' id='word_1_405' title='bbox 992 4991 1237 5055; x_wconf 83' lang='lat' dir='ltr'><strong><em>jactitant,</em></strong></span> <span class='ocrx_word' id='word_1_406' title='bbox 1262 4991 1389 5058; x_wconf 81' lang='lat' dir='ltr'><strong><em>quia,</em></strong></span> <span class='ocrx_word' id='word_1_407' title='bbox 1433 5001 1526 5043; x_wconf 87' lang='lat' dir='ltr'><strong><em>etc.</em></strong></span> <span class='ocrx_word' id='word_1_408' title='bbox 1554 4995 1757 5058; x_wconf 64' lang='lat' dir='ltr'><strong><em>Respicit.</em></strong></span> 
     </span>
    </p>
   </div>
   <div class='ocr_carea' id='block_1_53' title="bbox 167 5052 1757 5118">
    <p class='ocr_par' dir='ltr' id='par_1_53' title="bbox 167 5052 1757 5118">
     <span class='ocr_line' id='line_1_53' title="bbox 167 5052 1757 5118; baseline 0.002 -14"><span class='ocrx_word' id='word_1_409' title='bbox 167 5052 229 5118; x_wconf 68' lang='lat' dir='ltr'><strong><em>ad</em></strong></span> <span class='ocrx_word' id='word_1_410' title='bbox 251 5055 528 5118; x_wconf 76' lang='lat' dir='ltr'><strong><em>Diocletiani</em></strong></span> <span class='ocrx_word' id='word_1_411' title='bbox 553 5058 942 5118; x_wconf 82' lang='lat' dir='ltr'><strong><em>persecutionem</em></strong></span> <span class='ocrx_word' id='word_1_412' title='bbox 963 5052 1058 5118; x_wconf 81' lang='lat' dir='ltr'><strong><em>qua</em></strong></span> <span class='ocrx_word' id='word_1_413' title='bbox 1075 5068 1237 5106; x_wconf 82' lang='lat' dir='ltr'><strong><em>sacros</em></strong></span> <span class='ocrx_word' id='word_1_414' title='bbox 1250 5052 1442 5106; x_wconf 75' lang='lat' dir='ltr'><strong><em>c&#39;odiCes</em></strong></span> <span class='ocrx_word' id='word_1_415' title='bbox 1465 5052 1674 5114; x_wconf 80' lang='lat' dir='ltr'><strong><em>tradere,</em></strong></span> <span class='ocrx_word' id='word_1_416' title='bbox 1705 5064 1757 5107; x_wconf 88' lang='lat' dir='ltr'><strong><em>et</em></strong></span> 
     </span>
    </p>
   </div>
   <div class='ocr_carea' id='block_1_54' title="bbox 169 5116 1756 5225">
    <p class='ocr_par' dir='ltr' id='par_1_54' title="bbox 169 5116 1756 5225">
     <span class='ocr_line' id='line_1_54' title="bbox 169 5116 1756 5225; baseline 0.003 -61"><span class='ocrx_word' id='word_1_417' title='bbox 169 5116 220 5164; x_wconf 91' lang='lat' dir='ltr'><strong><em>in</em></strong></span> <span class='ocrx_word' id='word_1_418' title='bbox 247 5117 410 5188; x_wconf 67' lang='lat' dir='ltr'><strong><em>ignem</em></strong></span> <span class='ocrx_word' id='word_1_419' title='bbox 447 5116 667 5225; x_wconf 38' lang='lat' dir='ltr'><strong><em>irpicem,</em></strong></span> <span class='ocrx_word' id='word_1_420' title='bbox 691 5116 993 5190; x_wconf 74' lang='lat' dir='ltr'><strong><em>cogebantur</em></strong></span> <span class='ocrx_word' id='word_1_421' title='bbox 1027 5119 1314 5192; x_wconf 73' lang='lat' dir='ltr'><strong><em>Christiani:</em></strong></span> <span class='ocrx_word' id='word_1_422' title='bbox 1353 5118 1483 5189; x_wconf 81' lang='lat' dir='ltr'><strong><em>quod</em></strong></span> <span class='ocrx_word' id='word_1_423' title='bbox 1509 5119 1692 5168; x_wconf 79' lang='lat' dir='ltr'><strong><em>facinus</em></strong></span> <span class='ocrx_word' id='word_1_424' title='bbox 1726 5131 1756 5168; x_wconf 83' lang='lat' dir='ltr'><strong><em>a</em></strong></span> 
     </span>
     <span class='ocr_line' id='line_1_55' title="bbox 169 5175 1753 5225; baseline 0 0"><span class='ocrx_word' id='word_1_425' title='bbox 169 5175 417 5225; x_wconf 68' lang='lat' dir='ltr'><strong><em>Caecdtano</em></strong></span> <span class='ocrx_word' id='word_1_426' title='bbox 454 5193 482 5225; x_wconf 86' lang='lat' dir='ltr'><strong><em>a</em></strong></span> <span class='ocrx_word' id='word_1_427' title='bbox 503 5192 660 5225; x_wconf 83' lang='lat' dir='ltr'><strong><em>nsaue</em></strong></span> <span class='ocrx_word' id='word_1_428' title='bbox 691 5177 944 5225; x_wconf 77' lang='lat' dir='ltr'><strong><em>Catbohms</em></strong></span> <span class='ocrx_word' id='word_1_429' title='bbox 966 5179 1230 5225; x_wconf 58' lang='lat' dir='ltr'><strong><em>admmum</em></strong></span> <span class='ocrx_word' id='word_1_430' title='bbox 1271 5186 1528 5225; x_wconf 65' lang='lat' dir='ltr'><strong><em>Donatista:</em></strong></span> <span class='ocrx_word' id='word_1_431' title='bbox 1565 5178 1753 5225; x_wconf 68' lang='lat' dir='ltr'><strong><em>calum-</em></strong></span> 
     </span>
    </p>
   </div>
   <div class='ocr_carea' id='block_1_55' title="bbox 168 5175 1753 5250">
    <p class='ocr_par' dir='ltr' id='par_1_55' title="bbox 168 5175 1753 5250">
     <span class='ocr_line' id='line_1_56' title="bbox 168 5175 1753 5250; baseline 0.003 -25"><span class='ocrx_word' id='word_1_432' title='bbox 168 5175 417 5250; x_wconf 67' lang='lat' dir='ltr'><strong><em>Caeciliano</em></strong></span> <span class='ocrx_word' id='word_1_433' title='bbox 454 5175 664 5244; x_wconf 79' lang='lat' dir='ltr'><strong><em>aliisque</em></strong></span> <span class='ocrx_word' id='word_1_434' title='bbox 691 5175 944 5229; x_wconf 71' lang='lat' dir='ltr'><strong><em>Catholicis</em></strong></span> <span class='ocrx_word' id='word_1_435' title='bbox 966 5179 1230 5236; x_wconf 85' lang='lat' dir='ltr'><strong><em>admissum</em></strong></span> <span class='ocrx_word' id='word_1_436' title='bbox 1271 5175 1528 5230; x_wconf 69' lang='lat' dir='ltr'><strong><em>Donatista:</em></strong></span> <span class='ocrx_word' id='word_1_437' title='bbox 1565 5178 1753 5232; x_wconf 82' lang='lat' dir='ltr'><strong><em>calum-</em></strong></span> 
     </span>
    </p>
   </div>
   <div class='ocr_carea' id='block_1_56' title="bbox 170 5242 1752 5369">
    <p class='ocr_par' dir='ltr' id='par_1_56' title="bbox 170 5242 1752 5369">
     <span class='ocr_line' id='line_1_57' title="bbox 170 5242 1752 5369; baseline 0.002 -17"><span class='ocrx_word' id='word_1_438' title='bbox 601 5303 905 5353; x_wconf 86' lang='lat' dir='ltr'><strong><em>Divionensis</em></strong></span> <span class='ocrx_word' id='word_1_439' title='bbox 925 5308 1028 5363; x_wconf 71' lang='lat'><strong><em>313.,</em></strong></span> <span class='ocrx_word' id='word_1_440' title='bbox 1045 5315 1183 5354; x_wconf 79' lang='lat' dir='ltr'><strong><em>vana.</em></strong></span> <span class='ocrx_word' id='word_1_441' title='bbox 1200 5309 1362 5354; x_wconf 64' lang='lat' dir='ltr'><strong><em>erce</em></strong></span> <span class='ocrx_word' id='word_1_442' title='bbox 1384 5303 1510 5369; x_wconf 88' lang='lat' dir='ltr'><strong><em>apud</em></strong></span> <span class='ocrx_word' id='word_1_443' title='bbox 1531 5310 1639 5353; x_wconf 84' lang='lat' dir='ltr'><strong><em>LXX</em></strong></span> <span class='ocrx_word' id='word_1_444' title='bbox 1658 5312 1752 5364; x_wconf 90' lang='lat' dir='ltr'><strong><em>est,</em></strong></span> 
     </span>
    </p>
   </div>
   <div class='ocr_carea' id='block_1_57' title="bbox 170 5365 1755 5501">
    <p class='ocr_par' dir='ltr' id='par_1_57' title="bbox 170 5365 1755 5501">
     <span class='ocr_line' id='line_1_58' title="bbox 170 5365 1755 5501; baseline 0.014 -35"><span class='ocrx_word' id='word_1_445' title='bbox 170 5365 500 5501; x_wconf 40' lang='lat' dir='ltr'><strong><em>@ﬁonnulii</em></strong></span> <span class='ocrx_word' id='word_1_446' title='bbox 515 5426 723 5485; x_wconf 86' lang='lat' dir='ltr'><strong><em>codices,</em></strong></span> <span class='ocrx_word' id='word_1_447' title='bbox 747 5429 980 5501; x_wconf 43' lang='lat' dir='ltr'><strong><em>nuperum!</em></strong></span> <span class='ocrx_word' id='word_1_448' title='bbox 997 5427 1181 5501; x_wconf 11' lang='grc' dir='ltr'><strong><em>κζ</em></strong></span> <span class='ocrx_word' id='word_1_449' title='bbox 1198 5433 1262 5478; x_wconf 76' lang='lat' dir='ltr'><strong>LX</strong></span> <span class='ocrx_word' id='word_1_450' title='bbox 1270 5433 1310 5501; x_wconf 44' lang='grc' dir='ltr'><strong><em>Χ.</em></strong></span> <span class='ocrx_word' id='word_1_451' title='bbox 1331 5433 1423 5501; x_wconf 75' lang='lat' dir='ltr'><strong><em>est.</em></strong></span> <span class='ocrx_word' id='word_1_452' title='bbox 1448 5421 1755 5501; x_wconf 37' lang='lat' dir='ltr'><strong><em>Sig-Parme-</em></strong></span> 
     </span>
    </p>
   </div>
   <div class='ocr_carea' id='block_1_58' title="bbox 170 5486 1752 5555">
    <p class='ocr_par' dir='ltr' id='par_1_58' title="bbox 170 5486 1752 5555">
     <span class='ocr_line' id='line_1_59' title="bbox 170 5486 1752 5555; baseline 0.001 -16"><span class='ocrx_word' id='word_1_453' title='bbox 170 5490 313 5539; x_wconf 85' lang='lat' dir='ltr'><strong><em>niano</em></strong></span> <span class='ocrx_word' id='word_1_454' title='bbox 333 5489 403 5538; x_wconf 86' lang='lat' dir='ltr'><strong><em>sic</em></strong></span> <span class='ocrx_word' id='word_1_455' title='bbox 427 5490 552 5538; x_wconf 81' lang='lat' dir='ltr'><strong><em>infra</em></strong></span> <span class='ocrx_word' id='word_1_456' title='bbox 567 5486 832 5554; x_wconf 82' lang='lat' dir='ltr'><strong><em>respondet</em></strong></span> <span class='ocrx_word' id='word_1_457' title='bbox 847 5486 1159 5553; x_wconf 71' lang='lat' dir='ltr'><strong><em>Augustinus,</em></strong></span> <span class='ocrx_word' id='word_1_458' title='bbox 1177 5492 1314 5555; x_wconf 86' lang='lat' dir='ltr'><strong><em>quasi</em></strong></span> <span class='ocrx_word' id='word_1_459' title='bbox 1335 5491 1492 5541; x_wconf 85' lang='lat' dir='ltr'><strong><em>citarit</em></strong></span> <span class='ocrx_word' id='word_1_460' title='bbox 1514 5486 1618 5550; x_wconf 78' lang='lat' dir='ltr'><strong><em>ille,</em></strong></span> <span class='ocrx_word' id='word_1_461' title='bbox 1641 5503 1752 5543; x_wconf 85' lang='lat' dir='ltr'><strong><em>eru-</em></strong></span> 
     </span>
    </p>
   </div>
   <div class='ocr_carea' id='block_1_59' title="bbox 168 5567 1750 5685">
    <p class='ocr_par' dir='ltr' id='par_1_59' title="bbox 168 5567 1750 5685">
     <span class='ocr_line' id='line_1_60' title="bbox 168 5567 1750 5685; baseline -0.008 1"><span class='ocrx_word' id='word_1_462' title='bbox 520 5612 831 5685; x_wconf 61' lang='lat' dir='ltr'><strong><em>iexesmc-</em></strong></span> <span class='ocrx_word' id='word_1_463' title='bbox 866 5612 1232 5685; x_wconf 54' lang='lat' dir='ltr'><strong><em>nuptaeque</em></strong></span> <span class='ocrx_word' id='word_1_464' title='bbox 1254 5613 1750 5685; x_wconf 71' lang='grc' dir='ltr'><strong><em>Αιεςιίιιιεεπηεναηι.</em></strong></span> 
     </span>
    </p>
   </div>
   <div class='ocr_carea' id='block_1_60' title="bbox 231 5673 1223 5739">
    <p class='ocr_par' dir='ltr' id='par_1_60' title="bbox 231 5673 1223 5739">
     <span class='ocr_line' id='line_1_61' title="bbox 231 5673 1223 5739; baseline -0.003 -11"><span class='ocrx_word' id='word_1_465' title='bbox 231 5678 252 5710; x_wconf 82' lang='grc'><strong><em>³</em></strong></span> <span class='ocrx_word' id='word_1_466' title='bbox 272 5679 346 5728; x_wconf 82' lang='lat' dir='ltr'><strong><em>sic</em></strong></span> <span class='ocrx_word' id='word_1_467' title='bbox 361 5683 468 5726; x_wconf 78' lang='lat' dir='ltr'><strong><em>uss.</em></strong></span> <span class='ocrx_word' id='word_1_468' title='bbox 500 5673 555 5726; x_wconf 78' lang='lat' dir='ltr'><strong><em>tit</em></strong></span> <span class='ocrx_word' id='word_1_469' title='bbox 583 5673 720 5739; x_wconf 71' lang='lat' dir='ltr'><strong><em>editi,</em></strong></span> <span class='ocrx_word' id='word_1_470' title='bbox 744 5673 973 5739; x_wconf 66' lang='lat' dir='ltr'><strong><em>reparare</em></strong></span> <span class='ocrx_word' id='word_1_471' title='bbox 995 5673 1223 5728; x_wconf 73' lang='lat' dir='ltr'><strong><em>colebant.</em></strong></span> 
     </span>
    </p>
   </div>
   <div class='ocr_carea' id='block_1_61' title="bbox 231 5735 746 5800">
    <p class='ocr_par' dir='ltr' id='par_1_61' title="bbox 231 5735 746 5800">
     <span class='ocr_line' id='line_1_62' title="bbox 231 5735 746 5800; baseline 0 -11"><span class='ocrx_word' id='word_1_472' title='bbox 231 5739 251 5772; x_wconf 77' lang='grc'>⁸</span> <span class='ocrx_word' id='word_1_473' title='bbox 274 5745 324 5789; x_wconf 88' lang='lat' dir='ltr'><strong><em>In</em></strong></span> <span class='ocrx_word' id='word_1_474' title='bbox 347 5745 472 5800; x_wconf 70' lang='lat' dir='ltr'><strong><em>uss,</em></strong></span> <span class='ocrx_word' id='word_1_475' title='bbox 499 5735 746 5789; x_wconf 78' lang='lat' dir='ltr'><strong><em>malitiam.</em></strong></span> 
     </span>
    </p>
   </div>
   <div class='ocr_carea' id='block_1_62' title="bbox 1871 339 3454 412">
    <p class='ocr_par' dir='ltr' id='par_1_62' title="bbox 1871 339 3454 412">
     <span class='ocr_line' id='line_1_63' title="bbox 1871 339 3454 412; baseline 0.003 -14"><span class='ocrx_word' id='word_1_476' title='bbox 1871 339 1992 398; x_wconf 82' lang='lat' dir='ltr'><strong><em>istis</em></strong></span> <span class='ocrx_word' id='word_1_477' title='bbox 2033 356 2140 399; x_wconf 80' lang='lat' dir='ltr'><strong><em>non</em></strong></span> <span class='ocrx_word' id='word_1_478' title='bbox 2173 341 2310 398; x_wconf 75' lang='lat' dir='ltr'><strong><em>ﬁunt</em></strong></span> <span class='ocrx_word' id='word_1_479' title='bbox 2352 342 2586 400; x_wconf 69' lang='lat' dir='ltr'><strong><em>tenebrae</em></strong></span> <span class='ocrx_word' id='word_1_480' title='bbox 2609 383 2628 412; x_wconf 91' lang='lat'><strong><em>,</em></strong></span> <span class='ocrx_word' id='word_1_481' title='bbox 2653 343 2782 401; x_wconf 77' lang='lat' dir='ltr'><strong><em>dum</em></strong></span> <span class='ocrx_word' id='word_1_482' title='bbox 2808 344 2827 377; x_wconf 77' lang='grc'><strong><em>⁸</em></strong></span> <span class='ocrx_word' id='word_1_483' title='bbox 2847 358 2957 402; x_wconf 79' lang='lat' dir='ltr'><strong><em>non</em></strong></span> <span class='ocrx_word' id='word_1_484' title='bbox 2977 345 3157 401; x_wconf 79' lang='lat' dir='ltr'><strong><em>valent</em></strong></span> <span class='ocrx_word' id='word_1_485' title='bbox 3188 346 3454 402; x_wconf 76' lang='lat' dir='ltr'><strong><em>sustinere</em></strong></span> 
     </span>
    </p>
   </div>
   <div class='ocr_carea' id='block_1_63' title="bbox 1867 433 3456 508">
    <p class='ocr_par' dir='ltr' id='par_1_63' title="bbox 1867 433 3456 508">
     <span class='ocr_line' id='line_1_64' title="bbox 1867 433 3456 508; baseline 0.002 -17"><span class='ocrx_word' id='word_1_486' title='bbox 1867 434 2046 491; x_wconf 84' lang='lat' dir='ltr'><strong><em>lumen</em></strong></span> <span class='ocrx_word' id='word_1_487' title='bbox 2083 435 2140 491; x_wconf 77' lang='lat' dir='ltr'><strong><em>in</em></strong></span> <span class='ocrx_word' id='word_1_488' title='bbox 2169 433 2303 493; x_wconf 84' lang='lat' dir='ltr'><strong><em>falso</em></strong></span> <span class='ocrx_word' id='word_1_489' title='bbox 2341 435 2638 508; x_wconf 66' lang='lat' dir='ltr'><strong><em>martyrio?</em></strong></span> <span class='ocrx_word' id='word_1_490' title='bbox 2673 433 2866 493; x_wconf 75' lang='lat' dir='ltr'><strong><em>Nonae</em></strong></span> <span class='ocrx_word' id='word_1_491' title='bbox 2889 436 2978 493; x_wconf 86' lang='lat' dir='ltr'><strong><em>isti</em></strong></span> <span class='ocrx_word' id='word_1_492' title='bbox 3014 437 3070 493; x_wconf 81' lang='lat' dir='ltr'><strong><em>in</em></strong></span> <span class='ocrx_word' id='word_1_493' title='bbox 3094 437 3267 493; x_wconf 81' lang='lat' dir='ltr'><strong><em>media</em></strong></span> <span class='ocrx_word' id='word_1_494' title='bbox 3297 447 3456 495; x_wconf 81' lang='lat' dir='ltr'><strong><em>nocte</em></strong></span> 
     </span>
    </p>
   </div>
   <div class='ocr_carea' id='block_1_64' title="bbox 1861 527 3454 603">
    <p class='ocr_par' dir='ltr' id='par_1_64' title="bbox 1861 527 3454 603">
     <span class='ocr_line' id='line_1_65' title="bbox 1861 527 3454 603; baseline 0.002 -21"><span class='ocrx_word' id='word_1_495' title='bbox 1861 527 2142 583; x_wconf 68' lang='lat' dir='ltr'><strong><em>amlmlant</em></strong></span> <span class='ocrx_word' id='word_1_496' title='bbox 2159 527 2324 584; x_wconf 84' lang='lat' dir='ltr'><strong><em>etiam</em></strong></span> <span class='ocrx_word' id='word_1_497' title='bbox 2350 544 2451 598; x_wconf 80' lang='lat' dir='ltr'><strong><em>per</em></strong></span> <span class='ocrx_word' id='word_1_498' title='bbox 2467 529 2613 585; x_wconf 84' lang='lat' dir='ltr'><strong><em>diem</em></strong></span> <span class='ocrx_word' id='word_1_499' title='bbox 2637 546 2654 595; x_wconf 74' lang='grc' dir='ltr'>ς</span> <span class='ocrx_word' id='word_1_500' title='bbox 2697 529 3128 601; x_wconf 72' lang='lat' dir='ltr'><strong><em>quandoquidem</em></strong></span> <span class='ocrx_word' id='word_1_501' title='bbox 3153 530 3282 586; x_wconf 86' lang='lat' dir='ltr'><strong><em>dicit</em></strong></span> <span class='ocrx_word' id='word_1_502' title='bbox 3307 532 3454 603; x_wconf 82' lang='lat' dir='ltr'><strong><em>Ape-</em></strong></span> 
     </span>
    </p>
   </div>
   <div class='ocr_carea' id='block_1_65' title="bbox 1861 619 3429 693">
    <p class='ocr_par' dir='ltr' id='par_1_65' title="bbox 1861 619 3429 693">
     <span class='ocr_line' id='line_1_66' title="bbox 1861 619 3429 693; baseline 0.002 -18"><span class='ocrx_word' id='word_1_503' title='bbox 1861 619 2068 684; x_wconf 65' lang='lat' dir='ltr'><strong><em>Stelus,</em></strong></span> <span class='ocrx_word' id='word_1_504' title='bbox 2120 620 2221 686; x_wconf 71' lang='lat' dir='ltr'><strong><em>Qui</em></strong></span> <span class='ocrx_word' id='word_1_505' title='bbox 2263 619 2615 689; x_wconf 58' lang='lat' dir='ltr'><strong><em>inebriatur,</em></strong></span> <span class='ocrx_word' id='word_1_506' title='bbox 2655 629 2799 676; x_wconf 80' lang='lat' dir='ltr'><strong><em>nocte</em></strong></span> <span class='ocrx_word' id='word_1_507' title='bbox 2839 631 2957 676; x_wconf 75' lang='lat' dir='ltr'><strong><em>sunt</em></strong></span> <span class='ocrx_word' id='word_1_508' title='bbox 3013 621 3138 677; x_wconf 74' lang='lat' dir='ltr'><strong><em>ebrii</em></strong></span> <span class='ocrx_word' id='word_1_509' title='bbox 3181 621 3429 693; x_wconf 69' lang='lat' dir='ltr'><strong><em>(lTItess</em></strong></span> 
     </span>
    </p>
   </div>
   <div class='ocr_carea' id='block_1_66' title="bbox 1870 711 3453 784">
    <p class='ocr_par' dir='ltr' id='par_1_66' title="bbox 1870 711 3453 784">
     <span class='ocr_line' id='line_1_67' title="bbox 1870 711 3453 784; baseline 0.003 -18"><span class='ocrx_word' id='word_1_510' title='bbox 1870 726 1927 780; x_wconf 72' lang='grc' dir='ltr'><strong><em>ν,</em></strong></span> <span class='ocrx_word' id='word_1_511' title='bbox 1951 712 1980 766; x_wconf 85' lang='grc'><strong>7</strong></span> <span class='ocrx_word' id='word_1_512' title='bbox 1998 711 2062 784; x_wconf 73' lang='grc' dir='ltr'>)ι</span> <span class='ocrx_word' id='word_1_513' title='bbox 2094 712 2282 768; x_wconf 81' lang='lat' dir='ltr'><strong><em>Nonne</em></strong></span> <span class='ocrx_word' id='word_1_514' title='bbox 2303 713 2389 767; x_wconf 83' lang='lat' dir='ltr'><strong><em>isti</em></strong></span> <span class='ocrx_word' id='word_1_515' title='bbox 2417 713 2630 783; x_wconf 79' lang='lat' dir='ltr'><strong><em>palpent</em></strong></span> <span class='ocrx_word' id='word_1_516' title='bbox 2655 714 2706 768; x_wconf 85' lang='lat' dir='ltr'><strong><em>in</em></strong></span> <span class='ocrx_word' id='word_1_517' title='bbox 2735 714 2956 769; x_wconf 85' lang='lat' dir='ltr'><strong><em>meridie</em></strong></span> <span class='ocrx_word' id='word_1_518' title='bbox 2975 715 2997 748; x_wconf 85' lang='grc'>¹</span> <span class='ocrx_word' id='word_1_519' title='bbox 3019 715 3170 784; x_wconf 86' lang='lat' dir='ltr'><strong><em>quasi</em></strong></span> <span class='ocrx_word' id='word_1_520' title='bbox 3199 714 3251 769; x_wconf 89' lang='lat' dir='ltr'><strong><em>in</em></strong></span> <span class='ocrx_word' id='word_1_521' title='bbox 3281 715 3453 771; x_wconf 84' lang='lat' dir='ltr'><strong><em>media</em></strong></span> 
     </span>
    </p>
   </div>
   <div class='ocr_carea' id='block_1_67' title="bbox 1863 804 3454 877">
    <p class='ocr_par' dir='ltr' id='par_1_67' title="bbox 1863 804 3454 877">
     <span class='ocr_line' id='line_1_68' title="bbox 1863 804 3454 877; baseline 0.003 -18"><span class='ocrx_word' id='word_1_522' title='bbox 1863 813 2026 859; x_wconf 73' lang='lat' dir='ltr'><strong><em>nocte</em></strong></span> <span class='ocrx_word' id='word_1_523' title='bbox 2053 804 2172 877; x_wconf 78' lang='lat' dir='ltr'><strong><em>(Job</em></strong></span> <span class='ocrx_word' id='word_1_524' title='bbox 2221 821 2274 870; x_wconf 88' lang='lat' dir='ltr'><strong><em>v,</em></strong></span> <span class='ocrx_word' id='word_1_525' title='bbox 2297 805 2388 874; x_wconf 64' lang='grc' dir='ltr'><strong><em>(Δ.)</em></strong></span> <span class='ocrx_word' id='word_1_526' title='bbox 2415 805 2608 873; x_wconf 68' lang='lat' dir='ltr'><strong><em>iQnod</em></strong></span> <span class='ocrx_word' id='word_1_527' title='bbox 2647 806 2860 875; x_wconf 86' lang='lat' dir='ltr'><strong><em>quidem</em></strong></span> <span class='ocrx_word' id='word_1_528' title='bbox 2886 808 3127 862; x_wconf 87' lang='lat' dir='ltr'><strong><em>omnium</em></strong></span> <span class='ocrx_word' id='word_1_529' title='bbox 3169 808 3454 863; x_wconf 70' lang='lat' dir='ltr'><strong><em>Ita-retice-</em></strong></span> 
     </span>
    </p>
   </div>
   <div class='ocr_carea' id='block_1_68' title="bbox 1865 900 3453 969">
    <p class='ocr_par' dir='ltr' id='par_1_68' title="bbox 1865 900 3453 969">
     <span class='ocr_line' id='line_1_69' title="bbox 1865 900 3453 969; baseline 0.003 -17"><span class='ocrx_word' id='word_1_530' title='bbox 1865 913 1986 952; x_wconf 81' lang='lat' dir='ltr'><strong><em>rom</em></strong></span> <span class='ocrx_word' id='word_1_531' title='bbox 2021 908 2125 960; x_wconf 80' lang='lat' dir='ltr'><strong><em>est,</em></strong></span> <span class='ocrx_word' id='word_1_532' title='bbox 2155 900 2245 969; x_wconf 87' lang='lat' dir='ltr'><strong><em>qui</em></strong></span> <span class='ocrx_word' id='word_1_533' title='bbox 2276 914 2389 954; x_wconf 85' lang='lat' dir='ltr'><strong><em>rem</em></strong></span> <span class='ocrx_word' id='word_1_534' title='bbox 2423 900 2907 956; x_wconf 71' lang='lat' dir='ltr'><strong><em>manifestissimum</em></strong></span> <span class='ocrx_word' id='word_1_535' title='bbox 2944 900 2997 955; x_wconf 92' lang='lat' dir='ltr'><strong><em>in</em></strong></span> <span class='ocrx_word' id='word_1_536' title='bbox 3032 901 3150 956; x_wconf 88' lang='lat' dir='ltr'><strong><em>luce</em></strong></span> <span class='ocrx_word' id='word_1_537' title='bbox 3171 900 3192 932; x_wconf 89' lang='grc'><em>³</em></span> <span class='ocrx_word' id='word_1_538' title='bbox 3213 902 3453 956; x_wconf 91' lang='lat' dir='ltr'><strong><em>omnium</em></strong></span> 
     </span>
    </p>
   </div>
   <div class='ocr_carea' id='block_1_69' title="bbox 1862 990 3456 1061">
    <p class='ocr_par' dir='ltr' id='par_1_69' title="bbox 1862 990 3456 1061">
     <span class='ocr_line' id='line_1_70' title="bbox 1862 990 3456 1061; baseline 0.004 -19"><span class='ocrx_word' id='word_1_539' title='bbox 1862 990 2100 1058; x_wconf 74' lang='lat' dir='ltr'><strong><em>gentium</em></strong></span> <span class='ocrx_word' id='word_1_540' title='bbox 2123 991 2463 1044; x_wconf 79' lang='lat' dir='ltr'><strong><em>coostitutam</em></strong></span> <span class='ocrx_word' id='word_1_541' title='bbox 2491 991 2670 1045; x_wconf 86' lang='lat' dir='ltr'><strong><em>videre</em></strong></span> <span class='ocrx_word' id='word_1_542' title='bbox 2695 1006 2800 1046; x_wconf 83' lang='lat' dir='ltr'><strong><em>non</em></strong></span> <span class='ocrx_word' id='word_1_543' title='bbox 2829 1001 3049 1060; x_wconf 89' lang='lat' dir='ltr'><strong><em>possunt</em></strong></span> <span class='ocrx_word' id='word_1_544' title='bbox 3069 1003 3274 1056; x_wconf 79' lang='lat' dir='ltr'><strong><em>;‘extra</em></strong></span> <span class='ocrx_word' id='word_1_545' title='bbox 3299 993 3456 1061; x_wconf 77' lang='lat' dir='ltr'><strong><em>cujus</em></strong></span> 
     </span>
    </p>
   </div>
   <div class='ocr_carea' id='block_1_70' title="bbox 1867 1082 3451 1153">
    <p class='ocr_par' dir='ltr' id='par_1_70' title="bbox 1867 1082 3451 1153">
     <span class='ocr_line' id='line_1_71' title="bbox 1867 1082 3451 1153; baseline 0.003 -18"><span class='ocrx_word' id='word_1_546' title='bbox 1867 1083 2125 1136; x_wconf 80' lang='lat' dir='ltr'><strong><em>unitatem</em></strong></span> <span class='ocrx_word' id='word_1_547' title='bbox 2149 1082 2404 1152; x_wconf 80' lang='lat' dir='ltr'><strong><em>quidquid</em></strong></span> <span class='ocrx_word' id='word_1_548' title='bbox 2444 1092 2762 1153; x_wconf 80' lang='lat' dir='ltr'><strong><em>operantur,</em></strong></span> <span class='ocrx_word' id='word_1_549' title='bbox 2789 1083 3032 1153; x_wconf 78' lang='lat' dir='ltr'><strong><em>quamvis</em></strong></span> <span class='ocrx_word' id='word_1_550' title='bbox 3063 1099 3248 1153; x_wconf 78' lang='lat' dir='ltr'><strong><em>magna</em></strong></span> <span class='ocrx_word' id='word_1_551' title='bbox 3283 1085 3451 1140; x_wconf 81' lang='lat' dir='ltr'><strong><em>soler-</em></strong></span> 
     </span>
    </p>
   </div>
   <div class='ocr_carea' id='block_1_71' title="bbox 1871 1173 3452 1247">
    <p class='ocr_par' dir='ltr' id='par_1_71' title="bbox 1871 1173 3452 1247">
     <span class='ocr_line' id='line_1_72' title="bbox 1871 1173 3452 1247; baseline 0.004 -22"><span class='ocrx_word' id='word_1_552' title='bbox 1871 1173 1940 1227; x_wconf 76' lang='lat' dir='ltr'><strong><em>tia</em></strong></span> <span class='ocrx_word' id='word_1_553' title='bbox 1957 1183 2004 1227; x_wconf 86' lang='lat' dir='ltr'><strong><em>et</em></strong></span> <span class='ocrx_word' id='word_1_554' title='bbox 2027 1173 2295 1244; x_wconf 81' lang='lat' dir='ltr'><strong><em>diligentia</em></strong></span> <span class='ocrx_word' id='word_1_555' title='bbox 2325 1175 2438 1229; x_wconf 71' lang='lat' dir='ltr'><strong><em>fieri</em></strong></span> <span class='ocrx_word' id='word_1_556' title='bbox 2461 1175 2734 1240; x_wconf 80' lang='lat' dir='ltr'><strong><em>videatur,</em></strong></span> <span class='ocrx_word' id='word_1_557' title='bbox 2757 1185 2936 1234; x_wconf 70' lang='lat' dir='ltr'><strong><em>tamen</em></strong></span> <span class='ocrx_word' id='word_1_558' title='bbox 2976 1177 3080 1231; x_wconf 81' lang='lat' dir='ltr'><strong><em>illis</em></strong></span> <span class='ocrx_word' id='word_1_559' title='bbox 3117 1176 3250 1231; x_wconf 86' lang='lat' dir='ltr'><strong><em>nihil</em></strong></span> <span class='ocrx_word' id='word_1_560' title='bbox 3290 1177 3452 1247; x_wconf 88' lang='lat' dir='ltr'><strong><em>prod-</em></strong></span> 
     </span>
    </p>
   </div>
   <div class='ocr_carea' id='block_1_72' title="bbox 1867 1267 3443 1340">
    <p class='ocr_par' dir='ltr' id='par_1_72' title="bbox 1867 1267 3443 1340">
     <span class='ocr_line' id='line_1_73' title="bbox 1867 1267 3443 1340; baseline 0.004 -20"><span class='ocrx_word' id='word_1_561' title='bbox 1867 1273 1952 1320; x_wconf 87' lang='lat' dir='ltr'><strong><em>est</em></strong></span> <span class='ocrx_word' id='word_1_562' title='bbox 2014 1267 2270 1322; x_wconf 83' lang='lat' dir='ltr'><strong><em>adversus</em></strong></span> <span class='ocrx_word' id='word_1_563' title='bbox 2314 1267 2442 1322; x_wconf 88' lang='lat' dir='ltr'><strong><em>iram</em></strong></span> <span class='ocrx_word' id='word_1_564' title='bbox 2487 1269 2619 1335; x_wconf 90' lang='lat' dir='ltr'><strong><em>Dei,</em></strong></span> <span class='ocrx_word' id='word_1_565' title='bbox 2657 1283 2794 1340; x_wconf 81' lang='lat' dir='ltr'><strong><em>quos</em></strong></span> <span class='ocrx_word' id='word_1_566' title='bbox 2831 1283 2932 1324; x_wconf 82' lang='lat' dir='ltr'><strong><em>nec</em></strong></span> <span class='ocrx_word' id='word_1_567' title='bbox 2968 1283 3282 1325; x_wconf 82' lang='lat' dir='ltr'><strong><em>aranearum</em></strong></span> <span class='ocrx_word' id='word_1_568' title='bbox 3321 1271 3443 1327; x_wconf 69' lang='lat' dir='ltr'><strong><em>tela</em></strong></span> 
     </span>
    </p>
   </div>
   <div class='ocr_carea' id='block_1_73' title="bbox 1868 1360 2720 1432">
    <p class='ocr_par' dir='ltr' id='par_1_73' title="bbox 1868 1360 2720 1432">
     <span class='ocr_line' id='line_1_74' title="bbox 1868 1360 2720 1432; baseline 0.005 -21"><span class='ocrx_word' id='word_1_569' title='bbox 1868 1368 2094 1429; x_wconf 90' lang='lat' dir='ltr'><strong><em>possunt</em></strong></span> <span class='ocrx_word' id='word_1_570' title='bbox 2129 1360 2418 1416; x_wconf 67' lang='lat' dir='ltr'><strong><em>defendere</em></strong></span> <span class='ocrx_word' id='word_1_571' title='bbox 2447 1378 2475 1417; x_wconf 87' lang='lat' dir='ltr'><strong><em>a</em></strong></span> <span class='ocrx_word' id='word_1_572' title='bbox 2507 1363 2720 1432; x_wconf 74' lang='lat' dir='ltr'><strong><em>frigore.</em></strong></span> 
     </span>
    </p>
   </div>
   <div class='ocr_carea' id='block_1_74' title="bbox 1939 1451 3453 1525">
    <p class='ocr_par' dir='ltr' id='par_1_74' title="bbox 1939 1451 3453 1525">
     <span class='ocr_line' id='line_1_75' title="bbox 1939 1451 3453 1525; baseline 0.003 -20"><span class='ocrx_word' id='word_1_573' title='bbox 1939 1451 1990 1505; x_wconf 89' lang='lat'><strong><em>7.</em></strong></span> <span class='ocrx_word' id='word_1_574' title='bbox 2031 1451 2168 1519; x_wconf 83' lang='lat' dir='ltr'><strong><em>Quid</em></strong></span> <span class='ocrx_word' id='word_1_575' title='bbox 2211 1467 2337 1522; x_wconf 77' lang='lat' dir='ltr'><strong><em>ergo</em></strong></span> <span class='ocrx_word' id='word_1_576' title='bbox 2365 1452 2435 1508; x_wconf 75' lang='lat' dir='ltr'><strong><em>de</em></strong></span> <span class='ocrx_word' id='word_1_577' title='bbox 2462 1454 2563 1508; x_wconf 87' lang='lat' dir='ltr'><strong><em>hoc</em></strong></span> <span class='ocrx_word' id='word_1_578' title='bbox 2595 1453 2906 1522; x_wconf 83' lang='lat' dir='ltr'><strong><em>prophetico</em></strong></span> <span class='ocrx_word' id='word_1_579' title='bbox 2939 1455 3174 1524; x_wconf 80' lang='lat' dir='ltr'><strong><em>capitulo</em></strong></span> <span class='ocrx_word' id='word_1_580' title='bbox 3210 1464 3453 1525; x_wconf 85' lang='lat' dir='ltr'><strong><em>ponunt,</em></strong></span> 
     </span>
    </p>
   </div>
   <div class='ocr_carea' id='block_1_75' title="bbox 1866 1543 3456 1615">
    <p class='ocr_par' dir='ltr' id='par_1_75' title="bbox 1866 1543 3456 1615">
     <span class='ocr_line' id='line_1_76' title="bbox 1866 1543 3456 1615; baseline 0.004 -21"><span class='ocrx_word' id='word_1_581' title='bbox 1866 1543 2008 1614; x_wconf 86' lang='lat' dir='ltr'><strong><em>quod</em></strong></span> <span class='ocrx_word' id='word_1_582' title='bbox 2038 1544 2088 1597; x_wconf 92' lang='lat' dir='ltr'><strong><em>in</em></strong></span> <span class='ocrx_word' id='word_1_583' title='bbox 2112 1545 2256 1613; x_wconf 88' lang='lat' dir='ltr'><strong><em>ipsos</em></strong></span> <span class='ocrx_word' id='word_1_584' title='bbox 2282 1546 2574 1615; x_wconf 83' lang='lat' dir='ltr'><strong><em>retorqueri</em></strong></span> <span class='ocrx_word' id='word_1_585' title='bbox 2597 1562 2702 1599; x_wconf 87' lang='lat' dir='ltr'><strong><em>non</em></strong></span> <span class='ocrx_word' id='word_1_586' title='bbox 2731 1544 2937 1615; x_wconf 79' lang='lat' dir='ltr'><strong><em>possit,</em></strong></span> <span class='ocrx_word' id='word_1_587' title='bbox 2966 1546 3067 1599; x_wconf 84' lang='lat' dir='ltr'><strong><em>nisi</em></strong></span> <span class='ocrx_word' id='word_1_588' title='bbox 3092 1544 3229 1601; x_wconf 87' lang='lat' dir='ltr'><strong><em>forte</em></strong></span> <span class='ocrx_word' id='word_1_589' title='bbox 3248 1547 3316 1602; x_wconf 85' lang='lat' dir='ltr'><strong><em>de</em></strong></span> <span class='ocrx_word' id='word_1_590' title='bbox 3341 1547 3456 1601; x_wconf 84' lang='lat' dir='ltr'><strong><em>ovis</em></strong></span> 
     </span>
    </p>
   </div>
   <div class='ocr_carea' id='block_1_76' title="bbox 1865 1637 3456 1708">
    <p class='ocr_par' dir='ltr' id='par_1_76' title="bbox 1865 1637 3456 1708">
     <span class='ocr_line' id='line_1_77' title="bbox 1865 1637 3456 1708; baseline 0.004 -18"><span class='ocrx_word' id='word_1_591' title='bbox 1865 1637 2108 1705; x_wconf 80' lang='lat' dir='ltr'><strong><em>aspidum</em></strong></span> <span class='ocrx_word' id='word_1_592' title='bbox 2136 1679 2150 1702; x_wconf 96' lang='lat'><strong><em>,</em></strong></span> <span class='ocrx_word' id='word_1_593' title='bbox 2197 1652 2421 1708; x_wconf 83' lang='lat' dir='ltr'><strong><em>quorum</em></strong></span> <span class='ocrx_word' id='word_1_594' title='bbox 2471 1640 2640 1694; x_wconf 88' lang='lat' dir='ltr'><strong><em>multo</em></strong></span> <span class='ocrx_word' id='word_1_595' title='bbox 2691 1649 2813 1695; x_wconf 81' lang='lat' dir='ltr'><strong><em>ante</em></strong></span> <span class='ocrx_word' id='word_1_596' title='bbox 2862 1641 3179 1696; x_wconf 78' lang='lat' dir='ltr'><strong><em>meminerat</em></strong></span> <span class='ocrx_word' id='word_1_597' title='bbox 3227 1642 3456 1696; x_wconf 83' lang='lat' dir='ltr'><strong><em>dictator</em></strong></span> 
     </span>
    </p>
   </div>
   <div class='ocr_carea' id='block_1_77' title="bbox 1869 1727 3456 1803">
    <p class='ocr_par' dir='ltr' id='par_1_77' title="bbox 1869 1727 3456 1803">
     <span class='ocr_line' id='line_1_78' title="bbox 1869 1727 3456 1803; baseline 0.005 -22"><span class='ocrx_word' id='word_1_598' title='bbox 1869 1728 2009 1782; x_wconf 85' lang='lat' dir='ltr'><strong><em>illius</em></strong></span> <span class='ocrx_word' id='word_1_599' title='bbox 2050 1727 2074 1760; x_wconf 72' lang='grc'><strong><em>⁵</em></strong></span> <span class='ocrx_word' id='word_1_600' title='bbox 2115 1732 2391 1785; x_wconf 70' lang='lat' dir='ltr'><strong><em>sententia:</em></strong></span> <span class='ocrx_word' id='word_1_601' title='bbox 2437 1732 2515 1803; x_wconf 89' lang='lat' dir='ltr'><strong><em>(a)</em></strong></span> <span class='ocrx_word' id='word_1_602' title='bbox 2559 1733 2782 1803; x_wconf 83' lang='lat' dir='ltr'><strong><em>plenarii</em></strong></span> <span class='ocrx_word' id='word_1_603' title='bbox 2829 1735 3036 1788; x_wconf 87' lang='lat' dir='ltr'><strong><em>concilii</em></strong></span> <span class='ocrx_word' id='word_1_604' title='bbox 3093 1744 3456 1790; x_wconf 78' lang='lat' dir='ltr'><strong><em>trecentorum</em></strong></span> 
     </span>
    </p>
   </div>
   <div class='ocr_carea' id='block_1_78' title="bbox 1868 1821 3453 1892">
    <p class='ocr_par' dir='ltr' id='par_1_78' title="bbox 1868 1821 3453 1892">
     <span class='ocr_line' id='line_1_79' title="bbox 1868 1821 3453 1892; baseline 0.003 -16"><span class='ocrx_word' id='word_1_605' title='bbox 1868 1821 2071 1883; x_wconf 88' lang='lat' dir='ltr'><strong><em>decem,</em></strong></span> <span class='ocrx_word' id='word_1_606' title='bbox 2100 1823 2187 1892; x_wconf 89' lang='lat' dir='ltr'><strong><em>qui</em></strong></span> <span class='ocrx_word' id='word_1_607' title='bbox 2210 1837 2329 1876; x_wconf 90' lang='lat' dir='ltr'><strong><em>cum</em></strong></span> <span class='ocrx_word' id='word_1_608' title='bbox 2357 1824 2616 1878; x_wconf 87' lang='lat' dir='ltr'><strong><em>universis</em></strong></span> <span class='ocrx_word' id='word_1_609' title='bbox 2647 1826 2931 1892; x_wconf 87' lang='lat' dir='ltr'><strong><em>provinciis</em></strong></span> <span class='ocrx_word' id='word_1_610' title='bbox 2962 1825 3154 1879; x_wconf 65' lang='lat' dir='ltr'><strong><em>Africae</em></strong></span> <span class='ocrx_word' id='word_1_611' title='bbox 3180 1839 3453 1881; x_wconf 85' lang='lat' dir='ltr'><strong><em>convene-</em></strong></span> 
     </span>
    </p>
   </div>
   <div class='ocr_carea' id='block_1_79' title="bbox 1867 1912 3448 1983">
    <p class='ocr_par' dir='ltr' id='par_1_79' title="bbox 1867 1912 3448 1983">
     <span class='ocr_line' id='line_1_80' title="bbox 1867 1912 3448 1983; baseline 0.004 -17"><span class='ocrx_word' id='word_1_612' title='bbox 1867 1912 2035 1967; x_wconf 85' lang='lat' dir='ltr'><strong><em>runt?</em></strong></span> <span class='ocrx_word' id='word_1_613' title='bbox 2063 1914 2173 1969; x_wconf 83' lang='lat' dir='ltr'><strong><em>lloc</em></strong></span> <span class='ocrx_word' id='word_1_614' title='bbox 2193 1922 2337 1968; x_wconf 85' lang='lat' dir='ltr'><strong><em>certe</em></strong></span> <span class='ocrx_word' id='word_1_615' title='bbox 2365 1915 2409 1968; x_wconf 82' lang='lat' dir='ltr'><strong><em>si</em></strong></span> <span class='ocrx_word' id='word_1_616' title='bbox 2435 1916 2633 1970; x_wconf 80' lang='lat' dir='ltr'><strong><em>viveret</em></strong></span> <span class='ocrx_word' id='word_1_617' title='bbox 2661 1915 3065 1982; x_wconf 77' lang='lat' dir='ltr'><strong><em>Parmrninnus,</em></strong></span> <span class='ocrx_word' id='word_1_618' title='bbox 3097 1934 3200 1971; x_wconf 90' lang='lat' dir='ltr'><strong><em>non</em></strong></span> <span class='ocrx_word' id='word_1_619' title='bbox 3227 1917 3448 1983; x_wconf 84' lang='lat' dir='ltr'><strong><em>diceret,</em></strong></span> 
     </span>
    </p>
   </div>
   <div class='ocr_carea' id='block_1_80' title="bbox 1867 2005 3452 2076">
    <p class='ocr_par' dir='ltr' id='par_1_80' title="bbox 1867 2005 3452 2076">
     <span class='ocr_line' id='line_1_81' title="bbox 1867 2005 3452 2076; baseline 0.004 -20"><span class='ocrx_word' id='word_1_620' title='bbox 1867 2017 1968 2058; x_wconf 84' lang='lat' dir='ltr'><strong><em>nec</em></strong></span> <span class='ocrx_word' id='word_1_621' title='bbox 2003 2019 2066 2059; x_wconf 82' lang='lat' dir='ltr'><strong><em>ex</em></strong></span> <span class='ocrx_word' id='word_1_622' title='bbox 2113 2005 2243 2058; x_wconf 86' lang='lat' dir='ltr'><strong><em>lsaia</em></strong></span> <span class='ocrx_word' id='word_1_623' title='bbox 2287 2007 2543 2076; x_wconf 81' lang='lat' dir='ltr'><strong><em>propheta</em></strong></span> <span class='ocrx_word' id='word_1_624' title='bbox 2584 2017 2805 2076; x_wconf 83' lang='lat' dir='ltr'><strong><em>poneret</em></strong></span> <span class='ocrx_word' id='word_1_625' title='bbox 2850 2007 3133 2061; x_wconf 88' lang='lat' dir='ltr'><strong><em>adversum</em></strong></span> <span class='ocrx_word' id='word_1_626' title='bbox 3180 2022 3306 2074; x_wconf 87' lang='lat' dir='ltr'><strong><em>nos,</em></strong></span> <span class='ocrx_word' id='word_1_627' title='bbox 3341 2008 3452 2063; x_wconf 78' lang='lat' dir='ltr'><strong><em>Ova</em></strong></span> 
     </span>
    </p>
   </div>
   <div class='ocr_carea' id='block_1_81' title="bbox 1868 2098 3452 2170">
    <p class='ocr_par' dir='ltr' id='par_1_81' title="bbox 1868 2098 3452 2170">
     <span class='ocr_line' id='line_1_82' title="bbox 1868 2098 3452 2170; baseline 0.007 -21"><span class='ocrx_word' id='word_1_628' title='bbox 1868 2098 2103 2170; x_wconf 70' lang='lat' dir='ltr'><strong><em>aspiciunt</em></strong></span> <span class='ocrx_word' id='word_1_629' title='bbox 2127 2109 2417 2170; x_wconf 72' lang='lat' dir='ltr'><strong><em>eruperunt.</em></strong></span> <span class='ocrx_word' id='word_1_630' title='bbox 2447 2099 2753 2170; x_wconf 76' lang='lat' dir='ltr'><strong><em>Despiceret</em></strong></span> <span class='ocrx_word' id='word_1_631' title='bbox 2779 2101 2922 2155; x_wconf 88' lang='lat' dir='ltr'><strong><em>enim</em></strong></span> <span class='ocrx_word' id='word_1_632' title='bbox 2948 2099 3253 2170; x_wconf 74' lang='lat' dir='ltr'><strong><em>adiunctum</em></strong></span> <span class='ocrx_word' id='word_1_633' title='bbox 3283 2103 3452 2159; x_wconf 82' lang='lat' dir='ltr'><strong><em>colle-</em></strong></span> 
     </span>
    </p>
   </div>
   <div class='ocr_carea' id='block_1_82' title="bbox 1864 2189 3454 2260">
    <p class='ocr_par' dir='ltr' id='par_1_82' title="bbox 1864 2189 3454 2260">
     <span class='ocr_line' id='line_1_83' title="bbox 1864 2189 3454 2260; baseline 0.004 -20"><span class='ocrx_word' id='word_1_634' title='bbox 1864 2189 1954 2260; x_wconf 77' lang='lat' dir='ltr'><strong><em>gio</em></strong></span> <span class='ocrx_word' id='word_1_635' title='bbox 1973 2204 2069 2243; x_wconf 89' lang='lat' dir='ltr'><strong><em>suo</em></strong></span> <span class='ocrx_word' id='word_1_636' title='bbox 2089 2189 2406 2245; x_wconf 83' lang='lat' dir='ltr'><strong><em>Feliciauum</em></strong></span> <span class='ocrx_word' id='word_1_637' title='bbox 2431 2191 2768 2246; x_wconf 82' lang='lat' dir='ltr'><strong><em>Mnstitanum</em></strong></span> <span class='ocrx_word' id='word_1_638' title='bbox 2794 2201 2849 2246; x_wconf 91' lang='lat' dir='ltr'><strong><em>et</em></strong></span> <span class='ocrx_word' id='word_1_639' title='bbox 2876 2193 3258 2247; x_wconf 63' lang='lat' dir='ltr'><strong><em>Praetextatum</em></strong></span> <span class='ocrx_word' id='word_1_640' title='bbox 3283 2193 3454 2248; x_wconf 80' lang='lat' dir='ltr'><strong><em>Assu-</em></strong></span> 
     </span>
    </p>
   </div>
   <div class='ocr_carea' id='block_1_83' title="bbox 1868 2283 3455 2352">
    <p class='ocr_par' dir='ltr' id='par_1_83' title="bbox 1868 2283 3455 2352">
     <span class='ocr_line' id='line_1_84' title="bbox 1868 2283 3455 2352; baseline 0.002 -15"><span class='ocrx_word' id='word_1_641' title='bbox 1868 2283 2134 2348; x_wconf 83' lang='lat' dir='ltr'><strong><em>ritanum;</em></strong></span> <span class='ocrx_word' id='word_1_642' title='bbox 2175 2297 2310 2352; x_wconf 87' lang='lat' dir='ltr'><strong><em>quos</em></strong></span> <span class='ocrx_word' id='word_1_643' title='bbox 2351 2299 2414 2338; x_wconf 80' lang='lat' dir='ltr'><strong><em>ex</em></strong></span> <span class='ocrx_word' id='word_1_644' title='bbox 2451 2298 2674 2338; x_wconf 88' lang='lat' dir='ltr'><strong><em>numero</em></strong></span> <span class='ocrx_word' id='word_1_645' title='bbox 2713 2284 3082 2338; x_wconf 83' lang='lat' dir='ltr'><strong><em>damnatorum</em></strong></span> <span class='ocrx_word' id='word_1_646' title='bbox 3118 2283 3268 2350; x_wconf 87' lang='lat' dir='ltr'><strong><em>quasi</em></strong></span> <span class='ocrx_word' id='word_1_647' title='bbox 3314 2285 3455 2340; x_wconf 86' lang='lat' dir='ltr'><strong><em>b0u0</em></strong></span> 
     </span>
    </p>
   </div>
   <div class='ocr_carea' id='block_1_84' title="bbox 1867 2374 3457 2446">
    <p class='ocr_par' dir='ltr' id='par_1_84' title="bbox 1867 2374 3457 2446">
     <span class='ocr_line' id='line_1_85' title="bbox 1867 2374 3457 2446; baseline 0.002 -19"><span class='ocrx_word' id='word_1_648' title='bbox 1867 2377 2032 2444; x_wconf 85' lang='lat' dir='ltr'><strong><em>pacis,</em></strong></span> <span class='ocrx_word' id='word_1_649' title='bbox 2065 2389 2170 2430; x_wconf 90' lang='lat' dir='ltr'><strong><em>non</em></strong></span> <span class='ocrx_word' id='word_1_650' title='bbox 2197 2384 2372 2429; x_wconf 87' lang='lat' dir='ltr'><strong><em>tamen</em></strong></span> <span class='ocrx_word' id='word_1_651' title='bbox 2399 2374 2632 2440; x_wconf 87' lang='lat' dir='ltr'><strong><em>Christi,</em></strong></span> <span class='ocrx_word' id='word_1_652' title='bbox 2661 2375 2755 2430; x_wconf 84' lang='lat' dir='ltr'><strong><em>sed</em></strong></span> <span class='ocrx_word' id='word_1_653' title='bbox 2789 2376 2996 2439; x_wconf 84' lang='lat' dir='ltr'><strong><em>Donati,</em></strong></span> <span class='ocrx_word' id='word_1_654' title='bbox 3035 2376 3178 2431; x_wconf 79' lang='lat' dir='ltr'><strong><em>velut</em></strong></span> <span class='ocrx_word' id='word_1_655' title='bbox 3219 2375 3457 2446; x_wconf 76' lang='lat' dir='ltr'><strong><em>integros</em></strong></span> 
     </span>
    </p>
   </div>
   <div class='ocr_carea' id='block_1_85' title="bbox 1867 2465 3456 2539">
    <p class='ocr_par' dir='ltr' id='par_1_85' title="bbox 1867 2465 3456 2539">
     <span class='ocr_line' id='line_1_86' title="bbox 1867 2465 3456 2539; baseline 0.001 -19"><span class='ocrx_word' id='word_1_656' title='bbox 1867 2465 2044 2521; x_wconf 83' lang='lat' dir='ltr'><strong><em>denuo</em></strong></span> <span class='ocrx_word' id='word_1_657' title='bbox 2071 2476 2406 2536; x_wconf 82' lang='lat' dir='ltr'><strong><em>receperunt,</em></strong></span> <span class='ocrx_word' id='word_1_658' title='bbox 2435 2468 2524 2538; x_wconf 88' lang='lat' dir='ltr'><strong><em>qui</em></strong></span> <span class='ocrx_word' id='word_1_659' title='bbox 2557 2477 2610 2522; x_wconf 88' lang='lat' dir='ltr'><strong><em>et</em></strong></span> <span class='ocrx_word' id='word_1_660' title='bbox 2635 2478 2787 2522; x_wconf 84' lang='lat' dir='ltr'><strong><em>erant</em></strong></span> <span class='ocrx_word' id='word_1_661' title='bbox 2817 2483 2916 2521; x_wconf 89' lang='lat' dir='ltr'><strong><em>ova</em></strong></span> <span class='ocrx_word' id='word_1_662' title='bbox 2947 2467 3210 2539; x_wconf 86' lang='lat' dir='ltr'><strong><em>aspidnm,</em></strong></span> <span class='ocrx_word' id='word_1_663' title='bbox 3245 2479 3294 2523; x_wconf 88' lang='lat' dir='ltr'><strong><em>et</em></strong></span> <span class='ocrx_word' id='word_1_664' title='bbox 3325 2483 3456 2523; x_wconf 89' lang='lat' dir='ltr'><strong><em>eru-</em></strong></span> 
     </span>
    </p>
   </div>
   <div class='ocr_carea' id='block_1_86' title="bbox 1865 2556 3450 2632">
    <p class='ocr_par' dir='ltr' id='par_1_86' title="bbox 1865 2556 3450 2632">
     <span class='ocr_line' id='line_1_87' title="bbox 1865 2556 3450 2632; baseline 0.001 -19"><span class='ocrx_word' id='word_1_665' title='bbox 1865 2567 2075 2631; x_wconf 76' lang='lat' dir='ltr'><strong><em>perant.</em></strong></span> <span class='ocrx_word' id='word_1_666' title='bbox 2103 2556 2191 2615; x_wconf 81' lang='lat' dir='ltr'><strong><em>Sic</em></strong></span> <span class='ocrx_word' id='word_1_667' title='bbox 2217 2561 2360 2615; x_wconf 87' lang='lat' dir='ltr'><strong><em>enim</em></strong></span> <span class='ocrx_word' id='word_1_668' title='bbox 2395 2574 2490 2616; x_wconf 86' lang='lat' dir='ltr'><strong><em>eos</em></strong></span> <span class='ocrx_word' id='word_1_669' title='bbox 2519 2560 2832 2615; x_wconf 86' lang='lat' dir='ltr'><strong><em>describunt</em></strong></span> <span class='ocrx_word' id='word_1_670' title='bbox 2863 2561 3085 2615; x_wconf 80' lang='lat' dir='ltr'><strong><em>trecenti</em></strong></span> <span class='ocrx_word' id='word_1_671' title='bbox 3116 2560 3300 2616; x_wconf 85' lang='lat' dir='ltr'><strong><em>decem</em></strong></span> <span class='ocrx_word' id='word_1_672' title='bbox 3328 2560 3450 2632; x_wconf 84' lang='lat' dir='ltr'><strong><em>ple-</em></strong></span> 
     </span>
    </p>
   </div>
   <div class='ocr_carea' id='block_1_87' title="bbox 1868 2651 3455 2723">
    <p class='ocr_par' dir='ltr' id='par_1_87' title="bbox 1868 2651 3455 2723">
     <span class='ocr_line' id='line_1_88' title="bbox 1868 2651 3455 2723; baseline 0.001 -17"><span class='ocrx_word' id='word_1_673' title='bbox 1868 2653 2000 2706; x_wconf 79' lang='lat' dir='ltr'><strong><em>narii</em></strong></span> <span class='ocrx_word' id='word_1_674' title='bbox 2029 2651 2238 2706; x_wconf 82' lang='lat' dir='ltr'><strong><em>concilii</em></strong></span> <span class='ocrx_word' id='word_1_675' title='bbox 2266 2669 2286 2704; x_wconf 85' lang='grc' dir='ltr'><strong><em>ι</em></strong></span> <span class='ocrx_word' id='word_1_676' title='bbox 2317 2667 2409 2707; x_wconf 89' lang='lat' dir='ltr'><strong><em>ore</em></strong></span> <span class='ocrx_word' id='word_1_677' title='bbox 2436 2652 2690 2721; x_wconf 87' lang='lat' dir='ltr'><strong><em>veridico,</em></strong></span> <span class='ocrx_word' id='word_1_678' title='bbox 2723 2671 2742 2706; x_wconf 76' lang='grc' dir='ltr'><strong><em>ι</em></strong></span> <span class='ocrx_word' id='word_1_679' title='bbox 2777 2655 2913 2708; x_wconf 82' lang='lat' dir='ltr'><strong><em>sicut</em></strong></span> <span class='ocrx_word' id='word_1_680' title='bbox 2935 2667 3120 2708; x_wconf 86' lang='lat' dir='ltr'><strong><em>eorum</em></strong></span> <span class='ocrx_word' id='word_1_681' title='bbox 3150 2655 3307 2708; x_wconf 84' lang='lat' dir='ltr'><strong><em>etiam</em></strong></span> <span class='ocrx_word' id='word_1_682' title='bbox 3333 2667 3455 2723; x_wconf 89' lang='lat' dir='ltr'><strong><em>pro-</em></strong></span> 
     </span>
    </p>
   </div>
   <div class='ocr_carea' id='block_1_88' title="bbox 1867 2742 3456 2815">
    <p class='ocr_par' dir='ltr' id='par_1_88' title="bbox 1867 2742 3456 2815">
     <span class='ocr_line' id='line_1_89' title="bbox 1867 2742 3456 2815; baseline 0.001 -17"><span class='ocrx_word' id='word_1_683' title='bbox 1867 2743 2234 2798; x_wconf 86' lang='lat' dir='ltr'><strong><em>consularibus</em></strong></span> <span class='ocrx_word' id='word_1_684' title='bbox 2267 2742 2442 2800; x_wconf 87' lang='lat' dir='ltr'><strong><em>Gestis</em></strong></span> <span class='ocrx_word' id='word_1_685' title='bbox 2484 2744 2704 2815; x_wconf 76' lang='lat' dir='ltr'><strong><em>allegant</em></strong></span> <span class='ocrx_word' id='word_1_686' title='bbox 2751 2746 2772 2777; x_wconf 86' lang='grc'><strong><em>⁸</em></strong></span> <span class='ocrx_word' id='word_1_687' title='bbox 2815 2754 3093 2800; x_wconf 87' lang='lat' dir='ltr'><strong><em>testantur.</em></strong></span> <span class='ocrx_word' id='word_1_688' title='bbox 3145 2745 3270 2800; x_wconf 73' lang='lat' dir='ltr'><strong><em>limc</em></strong></span> <span class='ocrx_word' id='word_1_689' title='bbox 3307 2755 3456 2801; x_wconf 90' lang='lat' dir='ltr'><strong><em>certe</em></strong></span> 
     </span>
    </p>
   </div>
   <div class='ocr_carea' id='block_1_89' title="bbox 1868 2834 3453 2908">
    <p class='ocr_par' dir='ltr' id='par_1_89' title="bbox 1868 2834 3453 2908">
     <span class='ocr_line' id='line_1_90' title="bbox 1868 2834 3453 2908; baseline 0.002 -17"><span class='ocrx_word' id='word_1_690' title='bbox 1868 2834 2077 2891; x_wconf 85' lang='lat' dir='ltr'><strong><em>concilii</em></strong></span> <span class='ocrx_word' id='word_1_691' title='bbox 2105 2847 2289 2889; x_wconf 84' lang='lat' dir='ltr'><strong><em>eorum</em></strong></span> <span class='ocrx_word' id='word_1_692' title='bbox 2313 2836 2469 2890; x_wconf 86' lang='lat' dir='ltr'><strong><em>verba</em></strong></span> <span class='ocrx_word' id='word_1_693' title='bbox 2495 2845 2655 2891; x_wconf 89' lang='lat' dir='ltr'><strong><em>sunt:</em></strong></span> <span class='ocrx_word' id='word_1_694' title='bbox 2685 2855 2705 2889; x_wconf 77' lang='grc' dir='ltr'><strong><em>ι</em></strong></span> <span class='ocrx_word' id='word_1_695' title='bbox 2736 2837 2882 2892; x_wconf 87' lang='lat' dir='ltr'><strong><em>Licet</em></strong></span> <span class='ocrx_word' id='word_1_696' title='bbox 2903 2839 3044 2892; x_wconf 86' lang='lat' dir='ltr'><strong><em>enim</em></strong></span> <span class='ocrx_word' id='word_1_697' title='bbox 3070 2839 3264 2908; x_wconf 89' lang='lat' dir='ltr'><strong><em>viperei</em></strong></span> <span class='ocrx_word' id='word_1_698' title='bbox 3291 2839 3453 2894; x_wconf 84' lang='lat' dir='ltr'><strong><em>semi-</em></strong></span> 
     </span>
    </p>
   </div>
   <div class='ocr_carea' id='block_1_90' title="bbox 1868 2925 3450 2998">
    <p class='ocr_par' dir='ltr' id='par_1_90' title="bbox 1868 2925 3450 2998">
     <span class='ocr_line' id='line_1_91' title="bbox 1868 2925 3450 2998; baseline 0.004 -19"><span class='ocrx_word' id='word_1_699' title='bbox 1868 2925 1950 2979; x_wconf 86' lang='lat' dir='ltr'><strong><em>nis</em></strong></span> <span class='ocrx_word' id='word_1_700' title='bbox 1981 2926 2168 2979; x_wconf 79' lang='lat' dir='ltr'><strong><em>noxios</em></strong></span> <span class='ocrx_word' id='word_1_701' title='bbox 2199 2935 2378 2995; x_wconf 78' lang='lat' dir='ltr'><strong><em>partes</em></strong></span> <span class='ocrx_word' id='word_1_702' title='bbox 2402 2927 2646 2981; x_wconf 85' lang='lat' dir='ltr'><strong><em>venenati</em></strong></span> <span class='ocrx_word' id='word_1_703' title='bbox 2688 2930 2828 2983; x_wconf 88' lang='lat' dir='ltr'><strong><em>uteri</em></strong></span> <span class='ocrx_word' id='word_1_704' title='bbox 2868 2929 3020 2983; x_wconf 82' lang='lat' dir='ltr'><strong><em>alvus</em></strong></span> <span class='ocrx_word' id='word_1_705' title='bbox 3049 2927 3070 2960; x_wconf 89' lang='grc'>⁶</span> <span class='ocrx_word' id='word_1_706' title='bbox 3100 2929 3188 2983; x_wconf 89' lang='lat' dir='ltr'><strong><em>diu</em></strong></span> <span class='ocrx_word' id='word_1_707' title='bbox 3227 2931 3450 2998; x_wconf 75' lang='lat' dir='ltr'><strong><em>texerit,</em></strong></span> 
     </span>
    </p>
   </div>
   <div class='ocr_carea' id='block_1_91' title="bbox 1867 3018 3451 3092">
    <p class='ocr_par' dir='ltr' id='par_1_91' title="bbox 1867 3018 3451 3092">
     <span class='ocr_line' id='line_1_92' title="bbox 1867 3018 3451 3092; baseline 0.003 -19"><span class='ocrx_word' id='word_1_708' title='bbox 1867 3026 1923 3073; x_wconf 85' lang='lat' dir='ltr'><strong><em>et</em></strong></span> <span class='ocrx_word' id='word_1_709' title='bbox 1949 3018 2188 3089; x_wconf 84' lang='lat' dir='ltr'><strong><em>concepti</em></strong></span> <span class='ocrx_word' id='word_1_710' title='bbox 2215 3019 2559 3076; x_wconf 51' lang='lat' dir='ltr'><strong><em>sceleﬂnda</em></strong></span> <span class='ocrx_word' id='word_1_711' title='bbox 2597 3021 2815 3091; x_wconf 85' lang='lat' dir='ltr'><strong><em>coagula</em></strong></span> <span class='ocrx_word' id='word_1_712' title='bbox 2848 3022 2898 3075; x_wconf 90' lang='lat' dir='ltr'><strong><em>in</em></strong></span> <span class='ocrx_word' id='word_1_713' title='bbox 2931 3021 3171 3092; x_wconf 85' lang='lat' dir='ltr'><strong><em>aspidum</em></strong></span> <span class='ocrx_word' id='word_1_714' title='bbox 3211 3023 3451 3079; x_wconf 86' lang='lat' dir='ltr'><strong><em>membra</em></strong></span> 
     </span>
    </p>
   </div>
   <div class='ocr_carea' id='block_1_92' title="bbox 1867 3108 3455 3182">
    <p class='ocr_par' dir='ltr' id='par_1_92' title="bbox 1867 3108 3455 3182">
     <span class='ocr_line' id='line_1_93' title="bbox 1867 3108 3455 3182; baseline 0.005 -20"><span class='ocrx_word' id='word_1_715' title='bbox 1867 3108 2022 3163; x_wconf 83' lang='lat' dir='ltr'><strong><em>tardo</em></strong></span> <span class='ocrx_word' id='word_1_716' title='bbox 2041 3123 2099 3164; x_wconf 86' lang='lat' dir='ltr'><strong><em>se</em></strong></span> <span class='ocrx_word' id='word_1_717' title='bbox 2124 3110 2301 3164; x_wconf 81' lang='lat' dir='ltr'><strong><em>calore</em></strong></span> <span class='ocrx_word' id='word_1_718' title='bbox 2329 3112 2731 3180; x_wconf 75' lang='lat' dir='ltr'><strong><em>vaporavcrint;</em></strong></span> <span class='ocrx_word' id='word_1_719' title='bbox 2762 3122 2937 3165; x_wconf 86' lang='lat' dir='ltr'><strong><em>tamen</em></strong></span> <span class='ocrx_word' id='word_1_720' title='bbox 2963 3122 3278 3182; x_wconf 74' lang='lat' dir='ltr'><strong><em>conceptum</em></strong></span> <span class='ocrx_word' id='word_1_721' title='bbox 3303 3113 3455 3170; x_wconf 80' lang='lat' dir='ltr'><strong><em>virus</em></strong></span> 
     </span>
    </p>
   </div>
   <div class='ocr_carea' id='block_1_93' title="bbox 1867 3202 3452 3274">
    <p class='ocr_par' dir='ltr' id='par_1_93' title="bbox 1867 3202 3452 3274">
     <span class='ocr_line' id='line_1_94' title="bbox 1867 3202 3452 3274; baseline 0.004 -20"><span class='ocrx_word' id='word_1_722' title='bbox 1867 3208 2218 3256; x_wconf 81' lang='lat' dir='ltr'><strong><em>evanescente</em></strong></span> <span class='ocrx_word' id='word_1_723' title='bbox 2259 3202 2567 3256; x_wconf 85' lang='lat' dir='ltr'><strong><em>umbraculo</em></strong></span> <span class='ocrx_word' id='word_1_724' title='bbox 2610 3203 2768 3258; x_wconf 83' lang='lat' dir='ltr'><strong><em>celari</em></strong></span> <span class='ocrx_word' id='word_1_725' title='bbox 2803 3214 2908 3258; x_wconf 86' lang='lat' dir='ltr'><strong><em>non</em></strong></span> <span class='ocrx_word' id='word_1_726' title='bbox 2941 3205 3141 3274; x_wconf 83' lang='lat' dir='ltr'><strong><em>potuit:</em></strong></span> <span class='ocrx_word' id='word_1_727' title='bbox 3184 3217 3304 3259; x_wconf 83' lang='lat' dir='ltr'><strong><em>nam</em></strong></span> <span class='ocrx_word' id='word_1_728' title='bbox 3349 3206 3452 3260; x_wconf 86' lang='lat' dir='ltr'><strong><em>etsi</em></strong></span> 
     </span>
    </p>
   </div>
   <div class='ocr_carea' id='block_1_94' title="bbox 1865 3293 3450 3363">
    <p class='ocr_par' dir='ltr' id='par_1_94' title="bbox 1865 3293 3450 3363">
     <span class='ocr_line' id='line_1_95' title="bbox 1865 3293 3450 3363; baseline 0.005 -18"><span class='ocrx_word' id='word_1_729' title='bbox 1865 3304 2007 3356; x_wconf 86' lang='lat' dir='ltr'><strong><em>sero,</em></strong></span> <span class='ocrx_word' id='word_1_730' title='bbox 2035 3293 2300 3362; x_wconf 85' lang='lat' dir='ltr'><strong><em>publicum</em></strong></span> <span class='ocrx_word' id='word_1_731' title='bbox 2335 3293 2535 3347; x_wconf 76' lang='lat' dir='ltr'><strong><em>facinus</em></strong></span> <span class='ocrx_word' id='word_1_732' title='bbox 2562 3299 2619 3348; x_wconf 87' lang='lat' dir='ltr'><strong><em>et</em></strong></span> <span class='ocrx_word' id='word_1_733' title='bbox 2645 3295 2983 3363; x_wconf 84' lang='lat' dir='ltr'><strong><em>parricidium</em></strong></span> <span class='ocrx_word' id='word_1_734' title='bbox 3014 3311 3166 3350; x_wconf 89' lang='lat' dir='ltr'><strong><em>suum</em></strong></span> <span class='ocrx_word' id='word_1_735' title='bbox 3199 3296 3300 3351; x_wconf 88' lang='lat' dir='ltr'><strong><em>feta</em></strong></span> <span class='ocrx_word' id='word_1_736' title='bbox 3328 3309 3450 3353; x_wconf 81' lang='lat' dir='ltr'><strong><em>sce-</em></strong></span> 
     </span>
    </p>
   </div>
   <div class='ocr_carea' id='block_1_95' title="bbox 1867 3383 3454 3460">
    <p class='ocr_par' dir='ltr' id='par_1_95' title="bbox 1867 3383 3454 3460">
     <span class='ocr_line' id='line_1_96' title="bbox 1867 3383 3454 3460; baseline 0.004 -22"><span class='ocrx_word' id='word_1_737' title='bbox 1867 3383 2034 3439; x_wconf 87' lang='lat' dir='ltr'><strong><em>lerum</em></strong></span> <span class='ocrx_word' id='word_1_738' title='bbox 2065 3393 2188 3439; x_wconf 79' lang='lat' dir='ltr'><strong><em>vota</em></strong></span> <span class='ocrx_word' id='word_1_739' title='bbox 2232 3397 2553 3456; x_wconf 78' lang='lat' dir='ltr'><strong><em>pepererunt</em></strong></span> <span class='ocrx_word' id='word_1_740' title='bbox 2579 3388 2620 3438; x_wconf 79' lang='grc' dir='ltr'><strong><em>τ.</em></strong></span> <span class='ocrx_word' id='word_1_741' title='bbox 2649 3403 2668 3438; x_wconf 74' lang='grc' dir='ltr'><strong><em>ι</em></strong></span> <span class='ocrx_word' id='word_1_742' title='bbox 2702 3387 2828 3442; x_wconf 73' lang='lat' dir='ltr'><strong><em>lizcc</em></strong></span> <span class='ocrx_word' id='word_1_743' title='bbox 2856 3403 2952 3442; x_wconf 84' lang='lat' dir='ltr'><strong><em>ova</em></strong></span> <span class='ocrx_word' id='word_1_744' title='bbox 2993 3390 3234 3458; x_wconf 58' lang='lat' dir='ltr'><strong><em>asiiidum</em></strong></span> <span class='ocrx_word' id='word_1_745' title='bbox 3263 3405 3454 3460; x_wconf 82' lang='lat' dir='ltr'><strong><em>erupe-</em></strong></span> 
     </span>
    </p>
   </div>
   <div class='ocr_carea' id='block_1_96' title="bbox 1865 3477 3452 3547">
    <p class='ocr_par' dir='ltr' id='par_1_96' title="bbox 1865 3477 3452 3547">
     <span class='ocr_line' id='line_1_97' title="bbox 1865 3477 3452 3547; baseline 0.004 -17"><span class='ocrx_word' id='word_1_746' title='bbox 1865 3484 2004 3538; x_wconf 84' lang='lat' dir='ltr'><strong><em>rant,</em></strong></span> <span class='ocrx_word' id='word_1_747' title='bbox 2023 3477 2240 3547; x_wconf 83' lang='lat' dir='ltr'><strong><em>jamque</em></strong></span> <span class='ocrx_word' id='word_1_748' title='bbox 2266 3477 2538 3532; x_wconf 86' lang='lat' dir='ltr'><strong><em>horribilia</em></strong></span> <span class='ocrx_word' id='word_1_749' title='bbox 2565 3487 2618 3532; x_wconf 89' lang='lat' dir='ltr'><strong><em>et</em></strong></span> <span class='ocrx_word' id='word_1_750' title='bbox 2649 3478 2984 3534; x_wconf 86' lang='lat' dir='ltr'><strong><em>maleolentia</em></strong></span> <span class='ocrx_word' id='word_1_751' title='bbox 3014 3494 3132 3533; x_wconf 86' lang='lat' dir='ltr'><strong><em>cum</em></strong></span> <span class='ocrx_word' id='word_1_752' title='bbox 3167 3482 3452 3536; x_wconf 71' lang='lat' dir='ltr'><strong><em>venenosis</em></strong></span> 
     </span>
    </p>
   </div>
   <div class='ocr_carea' id='block_1_97' title="bbox 1866 3564 3451 3640">
    <p class='ocr_par' dir='ltr' id='par_1_97' title="bbox 1866 3564 3451 3640">
     <span class='ocr_line' id='line_1_98' title="bbox 1866 3564 3451 3640; baseline 0.003 -19"><span class='ocrx_word' id='word_1_753' title='bbox 1866 3564 2060 3621; x_wconf 82' lang='lat' dir='ltr'><strong><em>fetibus</em></strong></span> <span class='ocrx_word' id='word_1_754' title='bbox 2099 3575 2252 3622; x_wconf 87' lang='lat' dir='ltr'><strong><em>erant</em></strong></span> <span class='ocrx_word' id='word_1_755' title='bbox 2287 3567 2354 3622; x_wconf 85' lang='lat' dir='ltr'><strong><em>ab</em></strong></span> <span class='ocrx_word' id='word_1_756' title='bbox 2402 3577 2586 3623; x_wconf 83' lang='lat' dir='ltr'><strong><em>eorum</em></strong></span> <span class='ocrx_word' id='word_1_757' title='bbox 2625 3568 2998 3625; x_wconf 84' lang='lat' dir='ltr'><strong><em>communione</em></strong></span> <span class='ocrx_word' id='word_1_758' title='bbox 3047 3571 3299 3640; x_wconf 73' lang='lat' dir='ltr'><strong><em>proiecta.</em></strong></span> <span class='ocrx_word' id='word_1_759' title='bbox 3342 3570 3451 3626; x_wconf 85' lang='lat' dir='ltr'><strong><em>Sed</em></strong></span> 
     </span>
    </p>
   </div>
   <div class='ocr_carea' id='block_1_98' title="bbox 1863 3658 3447 3733">
    <p class='ocr_par' dir='ltr' id='par_1_98' title="bbox 1863 3658 3447 3733">
     <span class='ocr_line' id='line_1_99' title="bbox 1863 3658 3447 3733; baseline 0.003 -21"><span class='ocrx_word' id='word_1_760' title='bbox 1863 3667 1979 3712; x_wconf 84' lang='lat' dir='ltr'><strong><em>erat</em></strong></span> <span class='ocrx_word' id='word_1_761' title='bbox 2009 3658 2149 3713; x_wconf 83' lang='lat' dir='ltr'><strong><em>intus</em></strong></span> <span class='ocrx_word' id='word_1_762' title='bbox 2175 3658 2398 3728; x_wconf 83' lang='lat' dir='ltr'><strong><em>Optatos</em></strong></span> <span class='ocrx_word' id='word_1_763' title='bbox 2425 3658 2725 3727; x_wconf 79' lang='lat' dir='ltr'><strong><em>basiliscos,</em></strong></span> <span class='ocrx_word' id='word_1_764' title='bbox 2749 3660 2836 3728; x_wconf 90' lang='lat' dir='ltr'><strong><em>qui</em></strong></span> <span class='ocrx_word' id='word_1_765' title='bbox 2859 3671 2990 3715; x_wconf 86' lang='lat' dir='ltr'><strong><em>nutu</em></strong></span> <span class='ocrx_word' id='word_1_766' title='bbox 3011 3662 3239 3732; x_wconf 87' lang='lat' dir='ltr'><strong><em>quodam</em></strong></span> <span class='ocrx_word' id='word_1_767' title='bbox 3261 3664 3447 3733; x_wconf 79' lang='lat' dir='ltr'><strong><em>regali,</em></strong></span> 
     </span>
    </p>
   </div>
   <div class='ocr_carea' id='block_1_99' title="bbox 1864 3750 3448 3826">
    <p class='ocr_par' dir='ltr' id='par_1_99' title="bbox 1864 3750 3448 3826">
     <span class='ocr_line' id='line_1_100' title="bbox 1864 3750 3448 3826; baseline 0.005 -23"><span class='ocrx_word' id='word_1_768' title='bbox 1864 3765 1969 3820; x_wconf 87' lang='lat' dir='ltr'><strong><em>quo</em></strong></span> <span class='ocrx_word' id='word_1_769' title='bbox 1994 3750 2134 3805; x_wconf 88' lang='lat' dir='ltr'><strong><em>inter</em></strong></span> <span class='ocrx_word' id='word_1_770' title='bbox 2158 3761 2434 3821; x_wconf 83' lang='lat' dir='ltr'><strong><em>serpentes</em></strong></span> <span class='ocrx_word' id='word_1_771' title='bbox 2460 3753 2720 3808; x_wconf 79' lang='lat' dir='ltr'><strong><em>excellere</em></strong></span> <span class='ocrx_word' id='word_1_772' title='bbox 2747 3752 2941 3808; x_wconf 80' lang='lat' dir='ltr'><strong><em>dicitur</em></strong></span> <span class='ocrx_word' id='word_1_773' title='bbox 2959 3797 2973 3821; x_wconf 91' lang='lat'><strong><em>,</em></strong></span> <span class='ocrx_word' id='word_1_774' title='bbox 3002 3755 3161 3809; x_wconf 85' lang='lat' dir='ltr'><strong><em>etiam</em></strong></span> <span class='ocrx_word' id='word_1_775' title='bbox 3187 3755 3448 3826; x_wconf 70' lang='lat' dir='ltr'><strong><em>projects:</em></strong></span> 
     </span>
    </p>
   </div>
   <div class='ocr_carea' id='block_1_100' title="bbox 1863 3840 3445 3916">
    <p class='ocr_par' dir='ltr' id='par_1_100' title="bbox 1863 3840 3445 3916">
     <span class='ocr_line' id='line_1_101' title="bbox 1863 3840 3445 3916; baseline 0.004 -22"><span class='ocrx_word' id='word_1_776' title='bbox 1863 3840 2074 3909; x_wconf 87' lang='lat' dir='ltr'><strong><em>aspides</em></strong></span> <span class='ocrx_word' id='word_1_777' title='bbox 2103 3852 2378 3895; x_wconf 83' lang='lat' dir='ltr'><strong><em>revocaret</em></strong></span> <span class='ocrx_word' id='word_1_778' title='bbox 2401 3843 2444 3896; x_wconf 82' lang='grc'><strong>⁸.</strong></span> <span class='ocrx_word' id='word_1_779' title='bbox 2476 3845 2580 3895; x_wconf 85' lang='lat' dir='ltr'><strong><em>Aut</em></strong></span> <span class='ocrx_word' id='word_1_780' title='bbox 2603 3843 2646 3897; x_wconf 87' lang='lat' dir='ltr'><strong><em>si</em></strong></span> <span class='ocrx_word' id='word_1_781' title='bbox 2679 3842 2792 3897; x_wconf 80' lang='lat' dir='ltr'><strong><em>inec</em></strong></span> <span class='ocrx_word' id='word_1_782' title='bbox 2820 3853 2917 3914; x_wconf 86' lang='lat' dir='ltr'><strong><em>pro</em></strong></span> <span class='ocrx_word' id='word_1_783' title='bbox 2937 3859 3068 3916; x_wconf 88' lang='lat' dir='ltr'><strong><em>pace</em></strong></span> <span class='ocrx_word' id='word_1_784' title='bbox 3098 3861 3202 3900; x_wconf 88' lang='lat' dir='ltr'><strong><em>non</em></strong></span> <span class='ocrx_word' id='word_1_785' title='bbox 3229 3847 3445 3911; x_wconf 81' lang='lat' dir='ltr'><strong><em>obsunt,</em></strong></span> 
     </span>
    </p>
   </div>
   <div class='ocr_carea' id='block_1_101' title="bbox 1863 3931 3448 4012">
    <p class='ocr_par' dir='ltr' id='par_1_101' title="bbox 1863 3931 3448 4012">
     <span class='ocr_line' id='line_1_102' title="bbox 1863 3931 3448 4012; baseline 0.007 -28"><span class='ocrx_word' id='word_1_786' title='bbox 1863 3931 1989 4002; x_wconf 90' lang='lat' dir='ltr'><strong><em>quid</em></strong></span> <span class='ocrx_word' id='word_1_787' title='bbox 2027 3932 2315 3987; x_wconf 85' lang='lat' dir='ltr'><strong><em>Catholicis</em></strong></span> <span class='ocrx_word' id='word_1_788' title='bbox 2355 3933 2614 4003; x_wconf 83' lang='lat' dir='ltr'><strong><em>objiciunt</em></strong></span> <span class='ocrx_word' id='word_1_789' title='bbox 2651 3951 2785 4006; x_wconf 87' lang='lat' dir='ltr'><strong><em>quos</em></strong></span> <span class='ocrx_word' id='word_1_790' title='bbox 2834 3941 3152 3996; x_wconf 78' lang='lat' dir='ltr'><strong><em>convincere</em></strong></span> <span class='ocrx_word' id='word_1_791' title='bbox 3193 3943 3448 4012; x_wconf 72' lang='lat' dir='ltr'><strong><em>nequire-:-</em></strong></span> 
     </span>
    </p>
   </div>
   <div class='ocr_carea' id='block_1_102' title="bbox 1863 4025 3451 4101">
    <p class='ocr_par' dir='ltr' id='par_1_102' title="bbox 1863 4025 3451 4101">
     <span class='ocr_line' id='line_1_103' title="bbox 1863 4025 3451 4101; baseline 0.007 -22"><span class='ocrx_word' id='word_1_792' title='bbox 1863 4031 1983 4079; x_wconf 89' lang='lat' dir='ltr'><strong><em>rnnt</em></strong></span> <span class='ocrx_word' id='word_1_793' title='bbox 2004 4065 2019 4091; x_wconf 94' lang='lat'><strong><em>,</em></strong></span> <span class='ocrx_word' id='word_1_794' title='bbox 2051 4039 2170 4079; x_wconf 91' lang='lat' dir='ltr'><strong><em>cum</em></strong></span> <span class='ocrx_word' id='word_1_795' title='bbox 2201 4025 2301 4095; x_wconf 76' lang='lat' dir='ltr'><strong><em>ipsi</em></strong></span> <span class='ocrx_word' id='word_1_796' title='bbox 2327 4026 2624 4096; x_wconf 82' lang='lat' dir='ltr'><strong><em>receperint</em></strong></span> <span class='ocrx_word' id='word_1_797' title='bbox 2649 4041 2781 4097; x_wconf 86' lang='lat' dir='ltr'><strong><em>quos</em></strong></span> <span class='ocrx_word' id='word_1_798' title='bbox 2810 4041 2903 4084; x_wconf 88' lang='lat' dir='ltr'><strong><em>ore</em></strong></span> <span class='ocrx_word' id='word_1_799' title='bbox 2927 4034 3141 4101; x_wconf 84' lang='lat' dir='ltr'><strong><em>proprio</em></strong></span> <span class='ocrx_word' id='word_1_800' title='bbox 3164 4032 3451 4090; x_wconf 83' lang='lat' dir='ltr'><strong><em>damnave-</em></strong></span> 
     </span>
    </p>
   </div>
   <div class='ocr_carea' id='block_1_103' title="bbox 1862 4111 3452 4192">
    <p class='ocr_par' dir='ltr' id='par_1_103' title="bbox 1862 4111 3452 4192">
     <span class='ocr_line' id='line_1_104' title="bbox 1862 4111 3452 4192; baseline 0.006 -20"><span class='ocrx_word' id='word_1_801' title='bbox 1862 4111 2025 4172; x_wconf 84' lang='lat' dir='ltr'><strong><em>runt?</em></strong></span> <span class='ocrx_word' id='word_1_802' title='bbox 2053 4115 2105 4172; x_wconf 82' lang='lat' dir='ltr'><strong><em>Si</em></strong></span> <span class='ocrx_word' id='word_1_803' title='bbox 2153 4116 2268 4172; x_wconf 83' lang='lat' dir='ltr'><strong><em>ha-c</em></strong></span> <span class='ocrx_word' id='word_1_804' title='bbox 2316 4129 2411 4188; x_wconf 88' lang='lat' dir='ltr'><strong><em>pro</em></strong></span> <span class='ocrx_word' id='word_1_805' title='bbox 2453 4131 2585 4188; x_wconf 82' lang='lat' dir='ltr'><strong><em>pace</em></strong></span> <span class='ocrx_word' id='word_1_806' title='bbox 2617 4129 2720 4175; x_wconf 84' lang='lat' dir='ltr'><strong><em>non</em></strong></span> <span class='ocrx_word' id='word_1_807' title='bbox 2759 4123 2952 4177; x_wconf 80' lang='lat' dir='ltr'><strong><em>obsunt</em></strong></span> <span class='ocrx_word' id='word_1_808' title='bbox 2993 4123 3225 4192; x_wconf 80' lang='lat' dir='ltr'><strong><em>Christi,</em></strong></span> <span class='ocrx_word' id='word_1_809' title='bbox 3258 4125 3452 4181; x_wconf 71' lang='lat' dir='ltr'><strong><em>obaunt</em></strong></span> 
     </span>
    </p>
   </div>
   <div class='ocr_carea' id='block_1_104' title="bbox 1863 4210 3447 4286">
    <p class='ocr_par' dir='ltr' id='par_1_104' title="bbox 1863 4210 3447 4286">
     <span class='ocr_line' id='line_1_105' title="bbox 1863 4210 3447 4286; baseline 0.006 -23"><span class='ocrx_word' id='word_1_810' title='bbox 1863 4217 2039 4264; x_wconf 88' lang='lat' dir='ltr'><strong><em>tamen</em></strong></span> <span class='ocrx_word' id='word_1_811' title='bbox 2069 4225 2164 4278; x_wconf 91' lang='lat' dir='ltr'><strong><em>pro</em></strong></span> <span class='ocrx_word' id='word_1_812' title='bbox 2196 4225 2324 4280; x_wconf 89' lang='lat' dir='ltr'><strong><em>pace</em></strong></span> <span class='ocrx_word' id='word_1_813' title='bbox 2358 4210 2582 4277; x_wconf 83' lang='lat' dir='ltr'><strong><em>Donati,</em></strong></span> <span class='ocrx_word' id='word_1_814' title='bbox 2613 4213 2698 4266; x_wconf 89' lang='lat' dir='ltr'><strong><em>cui</em></strong></span> <span class='ocrx_word' id='word_1_815' title='bbox 2727 4214 2950 4269; x_wconf 88' lang='lat' dir='ltr'><strong><em>multum</em></strong></span> <span class='ocrx_word' id='word_1_816' title='bbox 2983 4215 3186 4271; x_wconf 86' lang='lat' dir='ltr'><strong><em>favetur</em></strong></span> <span class='ocrx_word' id='word_1_817' title='bbox 3224 4217 3277 4271; x_wconf 91' lang='lat' dir='ltr'><strong><em>iu</em></strong></span> <span class='ocrx_word' id='word_1_818' title='bbox 3308 4217 3447 4286; x_wconf 83' lang='lat' dir='ltr'><strong><em>inju-</em></strong></span> 
     </span>
    </p>
   </div>
   <div class='ocr_carea' id='block_1_105' title="bbox 1861 4298 3414 4380">
    <p class='ocr_par' dir='ltr' id='par_1_105' title="bbox 1861 4298 3414 4380">
     <span class='ocr_line' id='line_1_106' title="bbox 1861 4298 3414 4380; baseline 0.005 -23"><span class='ocrx_word' id='word_1_819' title='bbox 1861 4302 1993 4357; x_wconf 88' lang='lat' dir='ltr'><strong><em>riam</em></strong></span> <span class='ocrx_word' id='word_1_820' title='bbox 2026 4298 2393 4371; x_wconf 74' lang='lat' dir='ltr'><strong><em>pacis&#39;Christi</em></strong></span> <span class='ocrx_word' id='word_1_821' title='bbox 2416 4345 2431 4370; x_wconf 93' lang='lat'><strong><em>,</em></strong></span> <span class='ocrx_word' id='word_1_822' title='bbox 2465 4319 2560 4372; x_wconf 89' lang='lat' dir='ltr'><strong><em>pro</em></strong></span> <span class='ocrx_word' id='word_1_823' title='bbox 2585 4319 2692 4374; x_wconf 87' lang='lat' dir='ltr'><strong><em>quo</em></strong></span> <span class='ocrx_word' id='word_1_824' title='bbox 2720 4307 2998 4377; x_wconf 81' lang='lat' dir='ltr'><strong><em>sacrilegio</em></strong></span> <span class='ocrx_word' id='word_1_825' title='bbox 3027 4310 3280 4380; x_wconf 81' lang='lat' dir='ltr'><strong><em>quidquid</em></strong></span> <span class='ocrx_word' id='word_1_826' title='bbox 3321 4325 3414 4365; x_wconf 81' lang='lat' dir='ltr'><strong><em>cor</em></strong></span> 
     </span>
    </p>
   </div>
   <div class='ocr_carea' id='block_1_106' title="bbox 1861 4391 3449 4462">
    <p class='ocr_par' dir='ltr' id='par_1_106' title="bbox 1861 4391 3449 4462">
     <span class='ocr_line' id='line_1_107' title="bbox 1861 4391 3449 4462; baseline 0.006 -17"><span class='ocrx_word' id='word_1_827' title='bbox 1861 4391 2131 4462; x_wconf 85' lang='lat' dir='ltr'><strong><em>poralihus</em></strong></span> <span class='ocrx_word' id='word_1_828' title='bbox 2165 4392 2424 4447; x_wconf 79' lang='lat' dir='ltr'><strong><em>nudestiis</em></strong></span> <span class='ocrx_word' id='word_1_829' title='bbox 2465 4393 2770 4462; x_wconf 87' lang='lat' dir='ltr'><strong><em>patiuntur,</em></strong></span> <span class='ocrx_word' id='word_1_830' title='bbox 2802 4397 3092 4451; x_wconf 87' lang='lat' dir='ltr'><strong><em>admonitio</em></strong></span> <span class='ocrx_word' id='word_1_831' title='bbox 3114 4399 3208 4453; x_wconf 82' lang='lat' dir='ltr'><strong><em>Dei</em></strong></span> <span class='ocrx_word' id='word_1_832' title='bbox 3236 4408 3313 4455; x_wconf 86' lang='lat' dir='ltr'><strong><em>est</em></strong></span> <span class='ocrx_word' id='word_1_833' title='bbox 3360 4411 3449 4455; x_wconf 62' lang='lat' dir='ltr'><strong><em>ca.</em></strong></span> 
     </span>
    </p>
   </div>
   <div class='ocr_carea' id='block_1_107' title="bbox 1862 4483 3438 4560">
    <p class='ocr_par' dir='ltr' id='par_1_107' title="bbox 1862 4483 3438 4560">
     <span class='ocr_line' id='line_1_108' title="bbox 1862 4483 3438 4560; baseline 0.006 -23"><span class='ocrx_word' id='word_1_834' title='bbox 1862 4483 2049 4539; x_wconf 66' lang='lat' dir='ltr'><strong><em>venda}</em></strong></span> <span class='ocrx_word' id='word_1_835' title='bbox 2067 4483 2421 4539; x_wconf 83' lang='lat' dir='ltr'><strong><em>damnationis</em></strong></span> <span class='ocrx_word' id='word_1_836' title='bbox 2441 4492 2674 4539; x_wconf 71' lang='lat' dir='ltr'><strong><em>ueterum.</em></strong></span> <span class='ocrx_word' id='word_1_837' title='bbox 2700 4485 2832 4542; x_wconf 80' lang='lat' dir='ltr'><strong><em>Nam</em></strong></span> <span class='ocrx_word' id='word_1_838' title='bbox 2857 4489 2953 4557; x_wconf 92' lang='lat' dir='ltr'><strong><em>ipsi</em></strong></span> <span class='ocrx_word' id='word_1_839' title='bbox 2982 4497 3107 4544; x_wconf 67' lang='lat' dir='ltr'><strong><em>Vere</em></strong></span> <span class='ocrx_word' id='word_1_840' title='bbox 3126 4491 3438 4560; x_wconf 78' lang='lat' dir='ltr'><strong><em>Sanguinem</em></strong></span> 
     </span>
    </p>
   </div>
   <div class='ocr_carea' id='block_1_108' title="bbox 1861 4577 3441 4649">
    <p class='ocr_par' dir='ltr' id='par_1_108' title="bbox 1861 4577 3441 4649">
     <span class='ocr_line' id='line_1_109' title="bbox 1861 4577 3441 4649; baseline 0.004 -18"><span class='ocrx_word' id='word_1_841' title='bbox 1861 4591 1967 4632; x_wconf 88' lang='lat' dir='ltr'><strong><em>non</em></strong></span> <span class='ocrx_word' id='word_1_842' title='bbox 2007 4579 2176 4631; x_wconf 85' lang='lat' dir='ltr'><strong><em>solum</em></strong></span> <span class='ocrx_word' id='word_1_843' title='bbox 2205 4577 2554 4646; x_wconf 81' lang='lat' dir='ltr'><strong><em>corporaliter</em></strong></span> <span class='ocrx_word' id='word_1_844' title='bbox 2580 4589 2678 4649; x_wconf 85' lang='lat' dir='ltr'><strong><em>per</em></strong></span> <span class='ocrx_word' id='word_1_845' title='bbox 2705 4578 2865 4634; x_wconf 85' lang='lat' dir='ltr'><strong><em>furias</em></strong></span> <span class='ocrx_word' id='word_1_846' title='bbox 2893 4581 3393 4638; x_wconf 79' lang='lat' dir='ltr'><strong><em>Circumcellioiutm</em></strong></span> <span class='ocrx_word' id='word_1_847' title='bbox 3429 4628 3441 4645; x_wconf 86' lang='lat'><em>.</em></span> 
     </span>
    </p>
   </div>
   <div class='ocr_carea' id='block_1_109' title="bbox 1862 4665 3442 4742">
    <p class='ocr_par' dir='ltr' id='par_1_109' title="bbox 1862 4665 3442 4742">
     <span class='ocr_line' id='line_1_110' title="bbox 1862 4665 3442 4742; baseline 0.004 -18"><span class='ocrx_word' id='word_1_848' title='bbox 1862 4670 1954 4725; x_wconf 87' lang='lat' dir='ltr'><strong><em>sed</em></strong></span> <span class='ocrx_word' id='word_1_849' title='bbox 1985 4669 2142 4724; x_wconf 79' lang='lat' dir='ltr'><strong><em>etiam</em></strong></span> <span class='ocrx_word' id='word_1_850' title='bbox 2173 4665 2514 4739; x_wconf 79' lang='lat' dir='ltr'><strong><em>spirituaiitor</em></strong></span> <span class='ocrx_word' id='word_1_851' title='bbox 2542 4665 2785 4736; x_wconf 82' lang='lat' dir='ltr'><strong><em>fundunt,</em></strong></span> <span class='ocrx_word' id='word_1_852' title='bbox 2819 4673 2906 4741; x_wconf 87' lang='lat' dir='ltr'><strong><em>qui</em></strong></span> <span class='ocrx_word' id='word_1_853' title='bbox 2932 4671 3118 4728; x_wconf 85' lang='lat' dir='ltr'><strong><em>orbcm&#39;</em></strong></span> <span class='ocrx_word' id='word_1_854' title='bbox 3149 4685 3442 4742; x_wconf 82' lang='lat' dir='ltr'><strong><em>terrarum,</em></strong></span> 
     </span>
    </p>
   </div>
   <div class='ocr_carea' id='block_1_110' title="bbox 1862 4760 3448 4831">
    <p class='ocr_par' dir='ltr' id='par_1_110' title="bbox 1862 4760 3448 4831">
     <span class='ocr_line' id='line_1_111' title="bbox 1862 4760 3448 4831; baseline 0.004 -15"><span class='ocrx_word' id='word_1_855' title='bbox 1862 4760 1906 4816; x_wconf 83' lang='lat' dir='ltr'><strong><em>si</em></strong></span> <span class='ocrx_word' id='word_1_856' title='bbox 1950 4768 2203 4831; x_wconf 80' lang='lat' dir='ltr'><strong><em>pessum,</em></strong></span> <span class='ocrx_word' id='word_1_857' title='bbox 2234 4761 2562 4830; x_wconf 78' lang='lat' dir='ltr'><strong><em>rebaptizare</em></strong></span> <span class='ocrx_word' id='word_1_858' title='bbox 2606 4771 2883 4817; x_wconf 84' lang='lat' dir='ltr'><strong><em>conantur.</em></strong></span> <span class='ocrx_word' id='word_1_859' title='bbox 2937 4765 3043 4818; x_wconf 79' lang='lat' dir='ltr'><strong><em>Aut</em></strong></span> <span class='ocrx_word' id='word_1_860' title='bbox 3082 4765 3128 4819; x_wconf 82' lang='lat' dir='ltr'><strong><em>si</em></strong></span> <span class='ocrx_word' id='word_1_861' title='bbox 3171 4767 3318 4821; x_wconf 77' lang='lat' dir='ltr'><strong><em>solus</em></strong></span> <span class='ocrx_word' id='word_1_862' title='bbox 3357 4768 3448 4822; x_wconf 82' lang='lat' dir='ltr'><strong><em>ille</em></strong></span> 
     </span>
    </p>
   </div>
   <div class='ocr_carea' id='block_1_111' title="bbox 1927 4868 3447 4941">
    <p class='ocr_par' dir='ltr' id='par_1_111' title="bbox 1927 4868 3447 4941">
     <span class='ocr_line' id='line_1_112' title="bbox 1927 4868 3447 4941; baseline 0.007 -20"><span class='ocrx_word' id='word_1_863' title='bbox 1927 4871 1942 4904; x_wconf 77' lang='grc' dir='ltr'><strong><em>ι</em></strong></span> <span class='ocrx_word' id='word_1_864' title='bbox 1969 4871 2118 4941; x_wconf 71' lang='grc' dir='ltr'>ωειῑρ</span> <span class='ocrx_word' id='word_1_865' title='bbox 2139 4880 2247 4923; x_wconf 81' lang='lat' dir='ltr'><strong><em>Lov.</em></strong></span> <span class='ocrx_word' id='word_1_866' title='bbox 2273 4887 2286 4922; x_wconf 93' lang='lat'>:</span> <span class='ocrx_word' id='word_1_867' title='bbox 2318 4873 2422 4924; x_wconf 67' lang='lat' dir='ltr'><strong><em>Istis</em></strong></span> <span class='ocrx_word' id='word_1_868' title='bbox 2445 4885 2536 4925; x_wconf 87' lang='lat' dir='ltr'><strong><em>non</em></strong></span> <span class='ocrx_word' id='word_1_869' title='bbox 2560 4871 2682 4939; x_wconf 78' lang='lat' dir='ltr'><strong><em>ﬁunt</em></strong></span> <span class='ocrx_word' id='word_1_870' title='bbox 2705 4871 2794 4925; x_wconf 78' lang='lat' dir='ltr'><strong><em>tua:</em></strong></span> <span class='ocrx_word' id='word_1_871' title='bbox 2825 4873 3049 4940; x_wconf 67' lang='lat' dir='ltr'><strong><em>tenebris.</em></strong></span> <span class='ocrx_word' id='word_1_872' title='bbox 3090 4873 3252 4940; x_wconf 65' lang='lat' dir='ltr'><strong><em>abest,</em></strong></span> <span class='ocrx_word' id='word_1_873' title='bbox 3289 4868 3390 4941; x_wconf 70' lang='lat' dir='ltr'><strong><em>lict,</em></strong></span> <span class='ocrx_word' id='word_1_874' title='bbox 3422 4895 3447 4930; x_wconf 86' lang='lat' dir='ltr'><strong><em>a</em></strong></span> 
     </span>
    </p>
   </div>
   <div class='ocr_carea' id='block_1_112' title="bbox 1862 4939 3251 5053">
    <p class='ocr_par' dir='ltr' id='par_1_112' title="bbox 1862 4939 3251 5053">
     <span class='ocr_line' id='line_1_113' title="bbox 1955 4944 2251 4986; baseline 0.007 -2"><span class='ocrx_word' id='word_1_875' title='bbox 1955 4973 1968 4984; x_wconf 95' lang='lat'><strong><em>.</em></strong></span> <span class='ocrx_word' id='word_1_876' title='bbox 2116 4951 2129 4981; x_wconf 74' lang='grc' dir='ltr'><strong><em>ι</em></strong></span> <span class='ocrx_word' id='word_1_877' title='bbox 2154 4944 2182 4982; x_wconf 76' lang='grc' dir='ltr'><strong>Α</strong></span> <span class='ocrx_word' id='word_1_878' title='bbox 2241 4975 2251 4986; x_wconf 95' lang='grc'><strong>.</strong></span> 
     </span>
     <span class='ocr_line' id='line_1_114' title="bbox 1862 4939 3251 5053; baseline 0.005 -8"><span class='ocrx_word' id='word_1_879' title='bbox 1862 4942 1953 5028; x_wconf 50' lang='lat' dir='ltr'><strong><em>mg</em></strong></span> <span class='ocrx_word' id='word_1_880' title='bbox 1971 4949 2024 5046; x_wconf 64' lang='lat'><strong><em>1::</em></strong></span> <span class='ocrx_word' id='word_1_881' title='bbox 2028 4939 2267 5049; x_wconf 48' lang='lat' dir='ltr'><strong><em>loiinuitiiis</em></strong></span> <span class='ocrx_word' id='word_1_882' title='bbox 2293 5006 2431 5048; x_wconf 59' lang='lat' dir='ltr'><strong><em>vss:</em></strong></span> <span class='ocrx_word' id='word_1_883' title='bbox 2459 5007 2616 5050; x_wconf 57' lang='lat' dir='ltr'><strong><em>nonne</em></strong></span> <span class='ocrx_word' id='word_1_884' title='bbox 2632 4997 2713 5049; x_wconf 80' lang='lat' dir='ltr'><strong><em>isti</em></strong></span> <span class='ocrx_word' id='word_1_885' title='bbox 2734 4997 2911 5050; x_wconf 86' lang='lat' dir='ltr'><strong><em>cadunt</em></strong></span> <span class='ocrx_word' id='word_1_886' title='bbox 2929 5000 2978 5053; x_wconf 84' lang='lat' dir='ltr'><strong><em>in</em></strong></span> <span class='ocrx_word' id='word_1_887' title='bbox 3000 4998 3205 5053; x_wconf 84' lang='lat' dir='ltr'><strong><em>meridie</em></strong></span> <span class='ocrx_word' id='word_1_888' title='bbox 3228 5000 3251 5052; x_wconf 88' lang='lat'><strong><em>?</em></strong></span> 
     </span>
    </p>
   </div>
   <div class='ocr_carea' id='block_1_113' title="bbox 1927 5057 2666 5117">
    <p class='ocr_par' dir='ltr' id='par_1_113' title="bbox 1927 5057 2666 5117">
     <span class='ocr_line' id='line_1_115' title="bbox 1927 5057 2666 5117; baseline 0.005 -11"><span class='ocrx_word' id='word_1_889' title='bbox 1927 5059 1946 5090; x_wconf 84' lang='grc'>³</span> <span class='ocrx_word' id='word_1_890' title='bbox 1962 5061 2034 5108; x_wconf 91' lang='lat' dir='ltr'><strong><em>sic</em></strong></span> <span class='ocrx_word' id='word_1_891' title='bbox 2058 5067 2161 5109; x_wconf 80' lang='lat' dir='ltr'><strong><em>MSS.</em></strong></span> <span class='ocrx_word' id='word_1_892' title='bbox 2188 5068 2241 5109; x_wconf 78' lang='lat' dir='ltr'><strong><em>At</em></strong></span> <span class='ocrx_word' id='word_1_893' title='bbox 2265 5057 2398 5117; x_wconf 83' lang='lat' dir='ltr'><strong><em>editi,</em></strong></span> <span class='ocrx_word' id='word_1_894' title='bbox 2422 5059 2471 5110; x_wconf 78' lang='lat' dir='ltr'><strong><em>in</em></strong></span> <span class='ocrx_word' id='word_1_895' title='bbox 2497 5058 2666 5110; x_wconf 86' lang='lat' dir='ltr'><strong><em>lucem.</em></strong></span> 
     </span>
    </p>
   </div>
   <div class='ocr_carea' id='block_1_114' title="bbox 1926 5120 2518 5179">
    <p class='ocr_par' dir='ltr' id='par_1_114' title="bbox 1926 5120 2518 5179">
     <span class='ocr_line' id='line_1_116' title="bbox 1926 5120 2518 5179; baseline 0.005 -10"><span class='ocrx_word' id='word_1_896' title='bbox 1926 5121 1946 5154; x_wconf 75' lang='grc' dir='ltr'>δ</span> <span class='ocrx_word' id='word_1_897' title='bbox 1970 5128 2017 5170; x_wconf 93' lang='lat' dir='ltr'><strong><em>In</em></strong></span> <span class='ocrx_word' id='word_1_898' title='bbox 2045 5129 2170 5179; x_wconf 70' lang='lat' dir='ltr'><strong><em>uss,</em></strong></span> <span class='ocrx_word' id='word_1_899' title='bbox 2194 5120 2398 5172; x_wconf 70' lang='lat' dir='ltr'><strong><em>dictaor</em></strong></span> <span class='ocrx_word' id='word_1_900' title='bbox 2421 5123 2518 5173; x_wconf 85' lang='lat' dir='ltr'><strong><em>ille.</em></strong></span> 
     </span>
    </p>
   </div>
   <div class='ocr_carea' id='block_1_115' title="bbox 1916 5183 3493 5262">
    <p class='ocr_par' dir='ltr' id='par_1_115' title="bbox 1916 5183 3493 5262">
     <span class='ocr_line' id='line_1_117' title="bbox 1916 5183 3493 5262; baseline 0.004 -30"><span class='ocrx_word' id='word_1_901' title='bbox 1976 5184 2111 5244; x_wconf 84' lang='lat' dir='ltr'><strong><em>Editi,</em></strong></span> <span class='ocrx_word' id='word_1_902' title='bbox 2153 5183 2335 5249; x_wconf 75' lang='lat' dir='ltr'><strong><em>scripta</em></strong></span> <span class='ocrx_word' id='word_1_903' title='bbox 2386 5184 2608 5252; x_wconf 80' lang='lat' dir='ltr'><strong><em>allegata.</em></strong></span> <span class='ocrx_word' id='word_1_904' title='bbox 2648 5185 2814 5249; x_wconf 85' lang='lat' dir='ltr'><strong><em>Abest,</em></strong></span> <span class='ocrx_word' id='word_1_905' title='bbox 2861 5187 3041 5253; x_wconf 84' lang='lat' dir='ltr'><strong><em>scripta</em></strong></span> <span class='ocrx_word' id='word_1_906' title='bbox 3066 5228 3080 5251; x_wconf 93' lang='lat'><strong><em>,</em></strong></span> <span class='ocrx_word' id='word_1_907' title='bbox 3120 5201 3148 5239; x_wconf 89' lang='lat' dir='ltr'><strong><em>a</em></strong></span> <span class='ocrx_word' id='word_1_908' title='bbox 3189 5194 3448 5240; x_wconf 79' lang='lat' dir='ltr'><strong><em>manuscri-</em></strong></span> <span class='ocrx_word' id='word_1_909' title='bbox 3489 5254 3493 5262; x_wconf 24' lang='grc' dir='ltr'><strong>Δ</strong></span> 
     </span>
    </p>
   </div>
   <div class='ocr_carea' id='block_1_116' title="bbox 1860 5253 3240 5373">
    <p class='ocr_par' dir='ltr' id='par_1_116' title="bbox 1860 5253 3240 5373">
     <span class='ocr_line' id='line_1_118' title="bbox 1860 5253 3240 5373; baseline 0.006 -19"><span class='ocrx_word' id='word_1_910' title='bbox 1860 5253 2280 5373; x_wconf 35' lang='lat' dir='ltr'><strong><em>pufsoriuresyssq</em></strong></span> <span class='ocrx_word' id='word_1_911' title='bbox 2304 5306 2482 5358; x_wconf 73' lang='lat' dir='ltr'><strong><em>atreus.</em></strong></span> <span class='ocrx_word' id='word_1_912' title='bbox 2508 5315 2561 5358; x_wconf 81' lang='lat' dir='ltr'><strong><em>Et</em></strong></span> <span class='ocrx_word' id='word_1_913' title='bbox 2581 5309 2773 5373; x_wconf 78' lang='lat' dir='ltr'><strong><em>quidam</em></strong></span> <span class='ocrx_word' id='word_1_914' title='bbox 2794 5309 2893 5370; x_wconf 86' lang='lat' dir='ltr'><strong><em>alii,</em></strong></span> <span class='ocrx_word' id='word_1_915' title='bbox 2918 5318 3081 5364; x_wconf 77' lang='lat' dir='ltr'><strong><em>uterus</em></strong></span> <span class='ocrx_word' id='word_1_916' title='bbox 3100 5313 3240 5364; x_wconf 73' lang='lat' dir='ltr'><strong><em>alvei.</em></strong></span> 
     </span>
    </p>
   </div>
   <div class='ocr_carea' id='block_1_117' title="bbox 1924 5370 3445 5437">
    <p class='ocr_par' dir='ltr' id='par_1_117' title="bbox 1924 5370 3445 5437">
     <span class='ocr_line' id='line_1_119' title="bbox 1924 5370 3445 5437; baseline 0.003 -18"><span class='ocrx_word' id='word_1_917' title='bbox 1924 5370 1943 5400; x_wconf 86' lang='grc'><strong>⁷</strong></span> <span class='ocrx_word' id='word_1_918' title='bbox 1972 5370 2190 5419; x_wconf 64' lang='lat' dir='ltr'><strong><em>Nonmilli</em></strong></span> <span class='ocrx_word' id='word_1_919' title='bbox 2226 5378 2352 5431; x_wconf 64' lang='lat' dir='ltr'><strong><em>Mss,</em></strong></span> <span class='ocrx_word' id='word_1_920' title='bbox 2384 5378 2489 5420; x_wconf 78' lang='lat' dir='ltr'><strong><em>vota</em></strong></span> <span class='ocrx_word' id='word_1_921' title='bbox 2533 5370 2629 5434; x_wconf 78' lang='lat' dir='ltr'><strong><em>fetu</em></strong></span> <span class='ocrx_word' id='word_1_922' title='bbox 2652 5381 2954 5436; x_wconf 82' lang='lat' dir='ltr'><strong><em>pepererunt.</em></strong></span> <span class='ocrx_word' id='word_1_923' title='bbox 2981 5376 3195 5434; x_wconf 83' lang='lat' dir='ltr'><strong><em>Quidam,</em></strong></span> <span class='ocrx_word' id='word_1_924' title='bbox 3230 5377 3327 5437; x_wconf 77' lang='lat' dir='ltr'><strong><em>feta</em></strong></span> <span class='ocrx_word' id='word_1_925' title='bbox 3362 5388 3445 5425; x_wconf 79' lang='lat' dir='ltr'><strong><em>ora</em></strong></span> 
     </span>
    </p>
   </div>
   <div class='ocr_carea' id='block_1_118' title="bbox 1859 5440 3008 5557">
    <p class='ocr_par' dir='ltr' id='par_1_118' title="bbox 1859 5440 3008 5557">
     <span class='ocr_line' id='line_1_120' title="bbox 1859 5440 2162 5495; baseline -0.003 -14"><span class='ocrx_word' id='word_1_926' title='bbox 1859 5440 2162 5495; x_wconf 82' lang='lat' dir='ltr'><strong><em>pepererunt.</em></strong></span> 
     </span>
     <span class='ocr_line' id='line_1_121' title="bbox 1922 5494 3008 5557; baseline 0.006 -16"><span class='ocrx_word' id='word_1_927' title='bbox 1922 5495 1946 5557; x_wconf 60' lang='grc' dir='ltr'><strong><em>εξ</em></strong></span> <span class='ocrx_word' id='word_1_928' title='bbox 1967 5502 2093 5552; x_wconf 82' lang='lat' dir='ltr'><strong><em>Mss.,</em></strong></span> <span class='ocrx_word' id='word_1_929' title='bbox 2116 5495 2260 5545; x_wconf 79' lang='lat' dir='ltr'><strong><em>etiam</em></strong></span> <span class='ocrx_word' id='word_1_930' title='bbox 2281 5494 2516 5557; x_wconf 72' lang='lat' dir='ltr'><strong><em>proiectos</em></strong></span> <span class='ocrx_word' id='word_1_931' title='bbox 2537 5495 2729 5557; x_wconf 82' lang='lat' dir='ltr'><strong><em>aspides</em></strong></span> <span class='ocrx_word' id='word_1_932' title='bbox 2751 5504 3008 5549; x_wconf 72' lang='lat' dir='ltr'><strong><em>remearet.</em></strong></span> 
     </span>
    </p>
   </div>
   <div class='ocr_carea' id='block_1_119' title="bbox 1887 5554 3449 5622">
    <p class='ocr_par' dir='ltr' id='par_1_119' title="bbox 1887 5554 3449 5622">
     <span class='ocr_line' id='line_1_122' title="bbox 1887 5554 3449 5622; baseline 0.004 -18"><span class='ocrx_word' id='word_1_933' title='bbox 1887 5590 1897 5597; x_wconf 52' lang='grc' dir='ltr'>ς</span> <span class='ocrx_word' id='word_1_934' title='bbox 1927 5554 2002 5620; x_wconf 82' lang='lat' dir='ltr'><strong><em>(a)</em></strong></span> <span class='ocrx_word' id='word_1_935' title='bbox 2028 5565 2151 5604; x_wconf 82' lang='lat' dir='ltr'><strong><em>Hanc</em></strong></span> <span class='ocrx_word' id='word_1_936' title='bbox 2189 5554 2480 5622; x_wconf 67' lang='lat' dir='ltr'><strong><em>sententiain</em></strong></span> <span class='ocrx_word' id='word_1_937' title='bbox 2517 5559 2564 5607; x_wconf 92' lang='lat' dir='ltr'><strong><em>in</em></strong></span> <span class='ocrx_word' id='word_1_938' title='bbox 2593 5554 2850 5622; x_wconf 40' lang='lat' dir='ltr'><strong><em>‘Bagaitano</em></strong></span> <span class='ocrx_word' id='word_1_939' title='bbox 2876 5562 3224 5610; x_wconf 83' lang='lat' dir='ltr'><strong><em>Donatistarum</em></strong></span> <span class='ocrx_word' id='word_1_940' title='bbox 3247 5559 3449 5610; x_wconf 91' lang='lat' dir='ltr'><strong><em>concilio</em></strong></span> 
     </span>
    </p>
   </div>
   <div class='ocr_carea' id='block_1_120' title="bbox 1859 5619 3450 5673">
    <p class='ocr_par' dir='ltr' id='par_1_120' title="bbox 1859 5619 3450 5673">
     <span class='ocr_line' id='line_1_123' title="bbox 1859 5619 3450 5673; baseline 0.003 -5"><span class='ocrx_word' id='word_1_941' title='bbox 1859 5627 1981 5668; x_wconf 62' lang='lat' dir='ltr'><strong><em>cont&#39;</em></strong></span> <span class='ocrx_word' id='word_1_942' title='bbox 1997 5632 2023 5667; x_wconf 91' lang='lat' dir='ltr'><strong><em>a</em></strong></span> <span class='ocrx_word' id='word_1_943' title='bbox 2045 5619 2408 5669; x_wconf 68' lang='lat' dir='ltr'><strong><em>\ravimiauislas</em></strong></span> <span class='ocrx_word' id='word_1_944' title='bbox 2430 5621 2626 5671; x_wconf 87' lang='lat' dir='ltr'><strong><em>dictavit</em></strong></span> <span class='ocrx_word' id='word_1_945' title='bbox 2656 5619 2892 5671; x_wconf 75' lang='lat' dir='ltr'><strong><em>Euteritus</em></strong></span> <span class='ocrx_word' id='word_1_946' title='bbox 2912 5623 3233 5672; x_wconf 69' lang='lat' dir='ltr'><strong><em>Ca‘sareeusis</em></strong></span> <span class='ocrx_word' id='word_1_947' title='bbox 3256 5624 3303 5671; x_wconf 87' lang='lat' dir='ltr'><strong><em>in</em></strong></span> <span class='ocrx_word' id='word_1_948' title='bbox 3330 5630 3450 5673; x_wconf 80' lang='lat' dir='ltr'><strong><em>\tau-</em></strong></span> 
     </span>
    </p>
   </div>
   <div class='ocr_carea' id='block_1_121' title="bbox 1860 5681 3451 5795">
    <p class='ocr_par' dir='ltr' id='par_1_121' title="bbox 1860 5681 3451 5795">
     <span class='ocr_line' id='line_1_124' title="bbox 1860 5681 3451 5795; baseline 0.006 -67"><span class='ocrx_word' id='word_1_949' title='bbox 1860 5681 2336 5795; x_wconf 50' lang='lat' dir='ltr'><strong><em>gianigmepsuquuS,</em></strong></span> <span class='ocrx_word' id='word_1_950' title='bbox 2363 5692 2415 5734; x_wconf 89' lang='lat' dir='ltr'><strong><em>ut</em></strong></span> <span class='ocrx_word' id='word_1_951' title='bbox 2447 5681 2602 5733; x_wconf 85' lang='lat' dir='ltr'><strong><em>refert</em></strong></span> <span class='ocrx_word' id='word_1_952' title='bbox 2635 5685 2924 5746; x_wconf 79' lang='lat' dir='ltr'><strong><em>Augustinus</em></strong></span> <span class='ocrx_word' id='word_1_953' title='bbox 2957 5684 3005 5732; x_wconf 87' lang='lat' dir='ltr'><strong><em>in</em></strong></span> <span class='ocrx_word' id='word_1_954' title='bbox 3038 5682 3161 5734; x_wconf 86' lang='lat' dir='ltr'><strong><em>libro</em></strong></span> <span class='ocrx_word' id='word_1_955' title='bbox 3197 5684 3261 5734; x_wconf 89' lang='lat' dir='ltr'><strong><em>de</em></strong></span> <span class='ocrx_word' id='word_1_956' title='bbox 3297 5687 3451 5736; x_wconf 86' lang='lat' dir='ltr'><strong><em>Gestis</em></strong></span> 
     </span>
     <span class='ocr_line' id='line_1_125' title="bbox 1923 5757 2214 5795; baseline 0.017 -5"><span class='ocrx_word' id='word_1_957' title='bbox 1923 5757 1970 5791; x_wconf 85' lang='grc' dir='ltr'><strong><em>ιιι</em></strong></span> <span class='ocrx_word' id='word_1_958' title='bbox 2075 5757 2144 5793; x_wconf 79' lang='lat' dir='ltr'><strong><em>er.</em></strong></span> <span class='ocrx_word' id='word_1_959' title='bbox 2201 5782 2214 5795; x_wconf 89' lang='lat'><strong><em>.</em></strong></span> 
     </span>
    </p>
   </div>
  </div>
