3764 6208
340 217 405 270 523
1158 210 1428 267 CONTRA
1470 206 1854 267 EPISTULAM
1894 204 2329 275 PAltMENlANl,
2371 208 2428 265 S.
2468 205 2830 264 AUGUSTINI

338 333 647 401 sanguinem
673 327 865 398 fundit,
891 329 984 399 qui
1015 341 1227 383 carnem
1253 326 1531 381 mortalem
1560 325 1645 379 vel
1675 324 1916 378 vulnerat

337 421 423 477 vel
464 420 788 477 vulneratam
825 419 1069 489 perimit;
1101 418 1192 474 ille
1231 426 1411 472 autem
1458 430 1563 471 non
1608 414 1783 471 l‘undit
1823 413 1915 484 qui

339 512 586 570 seductas
628 512 830 566 animas
854 510 1129 580 sacrilegio
1167 508 1470 564 schismatis
1497 507 1723 573 occidit;
1750 518 1918 577 quare

338 607 393 661 in
420 606 785 662 schismaticos
811 617 938 658 suos
966 601 1378 657 MaxintianiStas
1406 616 1504 670 per
1528 599 1769 655 eamdem
1800 597 1914 668 ple-

339 697 702 753 nariicoocilii
744 694 824 749 sui
870 693 1186 749 sententiam
1230 692 1351 747 talia
1381 691 1662 758 dixerunt,
1710 687 1914 744 Velocea

340 789 489 857 pedes
529 803 699 840 eorum
724 786 792 839 ad
831 783 1189 851 effundendum
1229 782 1523 853 sanguinem
1546 796 1566 837 :
1591 794 1713 836 cum
1743 779 1811 834 ab
1835 781 1915 837 eis

334 888 541 934 constet
593 876 939 948 corporaliter
991 876 1257 931 neminem
1312 874 1544 929 occisum
1570 914 1585 937 ,
1642 872 1913 928 neminem

335 969 665 1023 volneratum
692 986 707 1029 ;
735 966 828 1021 sed
856 969 1071 1036 insuper
1088 981 1180 1020 eos
1198 964 1266 1019 ab
1287 964 1400 1018 istis
1417 963 1579 1018 multa
1609 977 1909 1032 perpessos,

316 1075 455 1115 com
481 1058 550 1114 de
591 1057 819 1113 basilicis
862 1072 959 1128 per
983 1056 1291 1127 judiciarias
1333 1064 1626 1127 potestates
1666 1053 1914 1110 exclude-

336 1162 553 1215 rentur,
587 1151 758 1220 qualia
782 1158 906 1203 ante
945 1148 1332 1218 separatioaem
1360 1146 1867 1201 Maximianistarum
1892 1188 1909 1215 ,

333 1260 456 1301 cum
485 1246 535 1299 in
569 1259 729 1298 unum
758 1243 776 1275 ί
806 1240 1006 1312 pariter
1035 1249 1231 1304 essent,
1264 1238 1430 1295 multa
1458 1237 1697 1293 fecerunt
1716 1237 1797 1292 eis
1822 1237 1914 1307 qui

335 1338 514 1409 priora
541 1352 603 1390 ex
634 1345 780 1405 parte
811 1333 995 1388 Donati
1017 1333 1303 1388 schismata
1331 1328 1610 1388 fecerant?
1632 1330 1729 1384 Cui
1772 1329 1913 1385 enim

338 1443 565 1493 unquam
587 1425 924 1480 sehismatico
948 1437 1047 1479 Suo
1070 1431 1437 1493 pepercerunt,
1461 1422 1548 1491 qui
1576 1421 1674 1475 sibi
1699 1421 1767 1475 ab
1786 1420 1916 1476 orbe

336 1528 597 1574 terrarum
620 1560 634 1581 ,
669 1518 821 1586 cujus
860 1517 957 1585 ipsi
1001 1516 1323 1571 sehismatici
1366 1523 1521 1581 sunt,
1552 1515 1712 1569 nimis
1740 1515 1915 1583 impu-

318 1611 527 1667 denter
570 1611 708 1679 parci
753 1608 958 1674 volunt,
990 1623 1108 1662 cum
1160 1623 1191 1662 a
1233 1606 1345 1662 sola
1396 1607 1509 1678 ipsa
1548 1620 1670 1661 vera
1713 1590 1916 1661 unitate

333 1703 627 1771 justissima
654 1700 939 1757 schismata
967 1700 1250 1770 puniantur
1268 1740 1285 1766 ,
1316 1699 1363 1755 si
1388 1694 1453 1755 eo
1480 1696 1640 1753 modo
1683 1698 1783 1753 ista
1814 1712 1913 1768 pu-

338 1793 528 1847 nienda
563 1791 724 1845 sunt?
1812 1790 1815 1793 ’

407 1883 631 1940 CAPUT
671 1882 756 1938 IV.
777 1913 851 1925 —
873 1883 926 1939 8.
968 1882 1032 1937 Et
1057 1880 1185 1937 illud
1213 1879 1354 1951 quod
1382 1879 1636 1949 scriptum
1667 1888 1782 1946 est,
1815 1878 1916 1934 Se-

337 1982 558 2035 cundum
610 1980 884 2051 principem
921 1977 1127 2048 populi,
1162 1976 1236 2032 sic
1278 1985 1325 2030 et
1370 1975 1587 2028 ministri
1626 1974 1822 2043 ipsius;
1868 1980 1918 2028 et

335 2074 499 2144 qualis
521 2083 681 2128 rector
699 2084 771 2127 est
794 2071 1028 2134 civitatis,
1050 2070 1175 2124 tales
1193 2067 1526 2123 inhabitantes
1544 2065 1729 2136 (Eccli.
1751 2081 1808 2130 χ,
1830 2064 1913 2137 2);

337 2165 383 2221 si
414 2165 770 2234 intelligerent
795 2179 902 2233 quo
931 2162 1198 2233 pertinet,
1232 2175 1333 2216 nec
1360 2159 1512 2214 nobis
1535 2158 1830 2228 objicerent
1857 2159 1914 2224 ³,

339 2273 441 2313 nec
468 2258 565 2327 ipsi
594 2272 727 2312 vana
753 2255 1003 2326 jactantia
1032 2253 1389 2325 superbirent.
1415 2251 1523 2306 Nos
1560 2250 1701 2306 enim
1728 2257 1787 2304 ut
1815 2248 1915 2304 ho-

338 2349 540 2403 minum
565 2362 744 2418 spem,
777 2362 895 2417 qua:
929 2346 983 2400 in
1008 2344 1123 2400 solo
1149 2344 1257 2401 Deo
1299 2352 1409 2397 tuta
1435 2353 1686 2412 recteque
1727 2354 1916 2395 secura

338 2450 443 2507 est,
476 2457 580 2495 non
605 2439 657 2494 in
684 2437 987 2493 Mtninibus
1014 2436 1355 2500 collocemus,
1383 2432 1632 2504 quoniam
1660 2431 1916 2500 scripturn

336 2532 700 2597 meminimus,
726 2529 1026 2584 Maledictus
1043 2528 1130 2600 qui
1158 2542 1296 2597 spem
1314 2541 1460 2579 suam
1481 2524 1620 2596 ponit
1637 2524 1690 2577 in
1716 2524 1918 2576 homine

341 2620 552 2693 (Jercm.
583 2636 723 2686 xvtt,
746 2620 838 2687 5);
869 2635 971 2674 non
994 2617 1336 2688 intelligimus
1358 2615 1458 2670 hoc
1481 2615 1596 2669 loco
1622 2613 1915 2683 principem

338 2712 518 2783 populi
539 2721 593 2767 ct
616 2721 876 2766 rectorem
898 2709 1125 2764 civitatis
1144 2708 1448 2778 episcopum
1474 2703 1778 2775 signiﬁcari.
1798 2702 1915 2758 Non

336 2806 457 2860 ideo
484 2803 605 2873 quia
638 2818 739 2857 non
768 2801 1030 2871 possimus
1059 2797 1471 2854 innumerabiles
1498 2803 1710 2850 sanctos
1741 2795 1793 2848 in
1818 2808 1914 2848 ca-

340 2896 530 2951 tholica
562 2896 663 2950 lide
696 2894 974 2964 episcopos
1002 2892 1193 2945 intueri
1220 2907 1235 2945 :
1265 2887 1361 2945 sed
1387 2902 1454 2942 ne
1476 2886 1786 2956 cujusquam
1809 2927 1824 2950 ,
1856 2893 1914 2940 ut

335 2990 467 3057 dixi,
494 3004 617 3059 spes
638 2987 866 3042 hominis
893 2985 1185 3040 collocetur
1210 2983 1260 3037 in
1294 2980 1526 3055 ιιοιὶηε,
1554 2986 1609 3034 ει
1633 2978 1676 3033 si
1706 2978 1841 3032 forte
1865 2976 1917 3031 ei

337 3081 610 3151 contingat
649 3079 705 3133 in
761 3092 823 3133 ea
871 3076 1047 3131 vivere
1087 3074 1301 3129 civitate
1344 3072 1435 3127 ubi
1477 3086 1582 3125 non
1630 3070 1700 3124 sit
1748 3069 1917 3123 bonus

332 3176 651 3244 episcopus,
695 3170 980 3227 arbitretur
1008 3168 1221 3238 impune
1263 3180 1323 3221 se
1360 3165 1555 3219 malum
1588 3162 1700 3217 ﬁeri
1720 3201 1736 3228 ,
1765 3176 1920 3215 usur-

337 3280 469 3333 pans
494 3264 558 3317 ad
586 3263 945 3317 defensionem
972 3274 1121 3314 suam
1166 3266 1270 3311 tam
1303 3269 1549 3326 perverse
1588 3254 1741 3307 istam
1769 3250 1917 3305 Scri-

336 3366 542 3428 pturam
566 3355 607 3417 ³,
631 3370 787 3426 quam
812 3366 1057 3423 perverse
1076 3350 1143 3404 ab
1169 3349 1282 3403 istis
1304 3347 1637 3417 intelligitur;
1661 3354 1715 3399 et
1732 3345 1918 3399 dicens

336 3450 393 3504 in
422 3463 487 3502 eo
511 3463 569 3503 se
590 3447 784 3502 bonum
811 3460 930 3500 esse
955 3459 1059 3498 non
1086 3457 1243 3514 posse
1260 3482 1276 3507 ,
1308 3440 1429 3511 quia
1466 3437 1744 3494 secundum
1774 3437 1917 3506 prin-

334 3543 496 3613 cipem
528 3541 724 3613 pepuli,
755 3540 827 3592 sic
854 3546 899 3592 et
938 3537 1153 3591 ministri
1181 3536 1327 3606 ejus;
1369 3542 1415 3587 et
1442 3532 1607 3604 qualis
1654 3539 1817 3584 rector
1845 3537 1918 3584 est

337 3634 569 3697 civitatis,
611 3632 734 3685 tales
777 3628 1128 3683 inhabitantes.
1172 3624 1567 3681 Contradicitur
1604 3620 1747 3676 enim
1796 3619 1919 3676 huic

337 3724 508 3781 errori
542 3722 788 3777 Veritatis
816 3736 909 3776 ore
934 3718 1156 3776 dicentis
1176 3760 1191 3785 ,
1224 3717 1350 3786 Qua:
1374 3716 1565 3779 dicunt,
1596 3714 1781 3783 facite;
1807 3727 1919 3781 qua:

337 3826 503 3871 autem
532 3815 760 3885 faciunt,
792 3813 943 3868 nolite
971 3813 1133 3882 facere
1158 3826 1177 3864 :
1221 3811 1393 3863 dicunt
1434 3807 1606 3873 enim,
1632 3812 1678 3858 et
1706 3820 1807 3858 non
1831 3803 1915 3872 [a-

336 3909 473 3964 ciunt
505 3906 713 3976 (Matth.
746 3920 905 3968 χχιιι,
932 3903 1009 3975 5).
1045 3901 1309 3957 Habentes
1350 3899 1528 3966 itaque
1568 3895 1750 3965 plebes
1785 3894 1917 3949 tales

336 3999 616 4069 episcopos
635 4039 648 4060 ,
677 3996 766 4066 qui
794 3996 928 4050 bona
957 3993 1137 4049 dicunt
1168 4006 1237 4045 ex
1274 3988 1528 4044 cathedra
1551 3985 1738 4057 Moysi,
1766 3993 1822 4038 et
1853 3999 1916 4039 ea

336 4108 456 4163 qua:
483 4091 664 4145 dicunt
692 4106 795 4145 non
829 4087 1022 4143 iaciunt
1061 4100 1126 4140 ex
1156 4081 1454 4153 pestilentia
1484 4095 1609 4145 sua,
1646 4078 1691 4134 si
1736 4078 1809 4133 illi
1835 4077 1915 4133 fa-

336 4187 479 4240 ciant
503 4198 564 4239 ea
593 4184 725 4239 bona
757 4198 874 4252 quae
894 4180 1099 4244 dicunt,
1125 4186 1179 4232 et
1198 4191 1302 4229 non
1329 4174 1523 4228 faciant
1551 4188 1613 4226 ea
1640 4172 1776 4227 mala
1796 4188 1916 4243 qua:

336 4276 556 4342 faciunt,
583 4277 719 4330 sicut
745 4270 979 4342 pra-cipit
1007 4268 1293 4329 Dominus;
1326 4280 1503 4319 nonne
1531 4265 1661 4319 satis
1682 4263 1918 4319 indicant

336 4385 443 4426 non
470 4370 538 4423 ita
570 4364 963 4436 intelligendum
991 4377 1110 4417 esse
1138 4359 1426 4430 principem
1456 4357 1635 4429 populi
1660 4366 1716 4412 et
1739 4365 1916 4412 recto-

335 4477 449 4516 rem
480 4458 707 4514 civitatis
733 4452 1001 4527 quomodo
1026 4451 1111 4505 isti
1139 4448 1478 4520 intelligunt?
1502 4448 1737 4503 Possunt
1773 4449 1915 4502 enim

335 4570 456 4611 esse
488 4552 663 4624 populi
705 4549 829 4606 boui
860 4546 946 4602 ubi
975 4544 1170 4600 fuerint
1205 4542 1436 4613 episcopi
1466 4543 1623 4608 mali;
1655 4540 1791 4595 sicut
1823 4554 1919 4610 po-

337 4645 439 4700 tttit
481 4661 601 4701 esse
632 4642 854 4714 populus
890 4638 1060 4694 malus
1100 4636 1185 4692 ubi
1215 4634 1314 4690 fuit
1349 4634 1558 4708 Moyses
1588 4635 1835 4704 princeps
1862 4642 1919 4688 et

338 4751 516 4796 rector
561 4738 753 4792 honos.
802 4735 1055 4791 Errantes
1101 4730 1242 4787 enim
1286 4729 1337 4784 in
1386 4728 1565 4785 verbis
1611 4735 1916 4782 sanctarum

338 4832 751 4901 Scripturarum,
777 4838 829 4881 et
853 4828 989 4882 sicut
1016 4825 1141 4879 dicit
1167 4822 1473 4894 Apostolus,
1505 4837 1607 4873 non
1633 4818 1916 4886 intelligen-

339 4936 413 4980 tes
456 4938 611 4989 neque
650 4935 762 4991 quae
797 4919 1094 4988 loquuntur,
1143 4932 1300 4987 neque
1336 4913 1400 4967 de
1446 4911 1625 4983 quibus
1668 4909 1919 4980 afﬁrmant

339 5018 387 5089 (ι
414 5016 548 5071 Tim.
578 5029 629 5080 ι,
659 5011 739 5086 7),
768 5011 865 5079 ipsi
894 5010 1066 5082 potius
1090 5008 1377 5065 secundum
1410 5005 1807 5076 perversitatem
1837 5003 1919 5057 in-

232 5112 235 5115 ’
338 5109 580 5164 tellectus
624 5105 705 5160 sui
751 5119 966 5174 magnas
1013 5103 1286 5173 patiuntur
1329 5098 1619 5167 angustias,
1668 5111 1789 5150 eum
1837 5094 1917 5149 eis

338 5202 536 5259 dicitur
556 5242 573 5267 ,
601 5200 737 5269 Ergo
765 5197 937 5269 qualis
972 5196 1069 5249 fuit
1090 5194 1313 5263 Optatus
1333 5233 1347 5253 ,
1375 5189 1495 5244 talis
1536 5188 1635 5242 fuit
1669 5198 1723 5243 et
1761 5186 1915 5257 plebs

338 5292 827 5365 Thamugadensis:
859 5298 916 5345 et
942 5289 984 5342 si
1016 5284 1388 5341 communione
1414 5280 1877 5337 Sacramentorum
1901 5321 1915 5345 ,

405 5456 419 5485 ³
439 5460 619 5503 Omnes
632 5456 761 5507 Mss,
1029 5502 1041 5513 _
1062 5502 1092 5513 η

404 5516 423 5544 ²
446 5500 581 5572 ἐιιὶῑί,
604 5524 691 5561 nec
712 5500 845 5560 nobis
865 5505 980 5558 talial
995 5502 1268 5566 objicerent.
1296 5503 1455 5563 Abest,
1475 5500 1607 5564 talia,
1653 5502 1716 5552 ah
1749 5515 1891 5552 manu

338 5583 589 5683 ’θῗίέξηῖἓα
640 5642 765 5683 Mss.
820 5638 917 5681 tam
968 5640 1186 5685 peruerse
1226 5626 1506 5675 intellectam
1528 5624 1670 5676 istam
1707 5635 1919 5689 Sco-1pm-

341 5710 461 5746 ram.

2017 320 2154 377 sicut
2174 319 2380 388 dicitis,
2410 322 2839 378 contaminamur
2858 318 3015 379 et'illi
3040 324 3131 395 qui
3160 323 3298 382 facta
3333 323 3478 381 mala
3500 325 3628 383 lm-

2018 411 2260 481 probant,
2284 420 2340 468 et
2363 410 2435 466 illi
2456 412 2545 483 qui
2565 413 2725 468 etiam
2750 427 2813 468 ea
2838 428 2935 484 pro
2954 428 3082 484 pace
3099 413 3330 471 tolerant
3347 414 3627 486 unitatis;

2018 500 2152 558 tales
2177 502 2308 557 estis
2325 510 2385 558 et
2407 517 2505 559 vos
2524 517 2732 570 omnes,
2759 503 2848 575 qui
2874 513 2931 560 et
2952 503 3026 560 illi
3045 505 3263 578 collegae
3283 516 3339 562 et
3361 506 3442 563 illi
3463 507 3629 578 plebi

2017 594 2478 662 communicastis,
2502 610 2625 651 cum
2655 595 2801 652 illum
2828 603 2936 652 tota
2965 596 3141 654 Africa
3169 596 3412 655 Gildonis
3436 599 3629 657 satel-

2016 683 2163 740 litem
2194 685 2472 743 manil’esto
2498 687 2696 759 gemitu
2721 686 3013 744 declararet
3039 690 3081 743 ⁸.
3118 688 3289 756 Quem
3314 698 3628 762 propterea

2017 791 2162 848 saepe
2189 780 2440 847 nomino,
2475 780 2598 850 quia
2638 780 2707 835 ita
2736 779 3049 836 manifestus
3072 780 3351 853 apparuit,
3382 791 3443 836 ut
3480 782 3627 839 ubi-

2017 885 2246 943 cumque
2263 871 2422 928 fuerit
2448 873 2750 930 nominatus
2767 914 2784 942 ,
2816 874 2997 932 nullus
3022 890 3083 932 se
3107 876 3351 947 ignorare
3371 889 3626 947 respon-

2016 960 2160 1018 deat.

2087 1052 2142 1108 9.
2179 1051 2311 1108 Nam
2339 1054 2435 1125 ipsi
2464 1056 2748 1126 respiciant
2772 1067 2829 1113 et
2851 1058 3197 1115 recordentur
3220 1074 3378 1130 quam
3404 1061 3625 1119 multo:

2018 1143 2159 1199 inter
2180 1157 2239 1199 se
2265 1145 2464 1200 similes
2491 1146 2737 1213 habeant,
2767 1163 2992 1217 quorum
3023 1164 3119 1219 par
3142 1150 3343 1206 malitia
3367 1160 3476 1216 est,
3508 1152 3623 1209 sed

2018 1235 2191 1305 impar
2220 1237 2427 1304 notitia,
2454 1249 2509 1294 et
2531 1238 2814 1308 aliquando
2839 1240 3051 1295 veniant
3076 1240 3143 1295 ad
3170 1256 3349 1297 veram
3374 1252 3619 1300 senten-

2021 1328 2145 1382 tiam
2187 1328 2410 1384 iswrum
2452 1330 2772 1400 verborum,
2808 1340 2864 1387 et
2890 1332 3183 1403 intelligant
3227 1349 3390 1388 unum
3424 1335 3624 1407 populi

2019 1421 2310 1491 principem
2340 1422 2619 1479 Dominum
2644 1433 2881 1479 nostrum
2911 1423 3093 1480 Jesum
3118 1424 3390 1481 Christum
3406 1467 3425 1493 ,
3451 1426 3623 1495 ettth

2021 1512 2248 1567 ministri
2275 1525 2399 1568 sunt
2428 1513 2550 1568 boni
2579 1531 2593 1579 ;
2624 1524 2679 1569 et
2706 1515 2875 1583 ipsum
2905 1527 3169 1571 rectorem
3206 1516 3438 1573 civitatis
3466 1518 3621 1575 illius

2016 1604 2333 1671 Jerusalem,
2378 1622 2497 1677 qua:
2543 1617 2625 1662 est
2664 1616 2833 1662 mater
2859 1619 3038 1664 nostra
3078 1610 3129 1664 in
3154 1609 3309 1666 cclis
3366 1618 3617 1678 artem;

2020 1697 2169 1767 cujus
2195 1699 2416 1754 rectoris
2445 1699 2685 1770 dignitati
2709 1709 3009 1771 congruunt
3034 1701 3333 1758 habitantes
3354 1743 3372 1770 ,
3404 1717 3510 1758 non
3541 1702 3623 1759 ad

2018 1794 2396 1863 aequalitatem,
2427 1795 2521 1849 sed
2547 1811 2645 1867 pro
2672 1796 2830 1851 modo
2855 1813 2972 1862 suo,
3004 1799 3126 1869 quia
3155 1798 3356 1855 dictum
3383 1810 3468 1856 est
3484 1801 3574 1858 eis
3596 1839 3619 1867 ,

2023 1882 2201 1939 Sancti
2212 1885 2376 1952 eritis,
2399 1887 2636 1955 quoniam
2659 1896 2707 1941 et
2722 1904 2811 1959 ego
2827 1896 3028 1943 sanctus
3048 1906 3158 1943 sum
3176 1888 3359 1961 (Leuit.
3385 1907 3500 1957 nx,
3519 1890 3619 1963 2):

2020 1978 2312 2032 secundum
2346 1978 2631 2050 quamdam
2669 1980 2874 2035 scilicet
2900 1980 3143 2051 imaginis
3171 1981 3575 2039 similitudinem
3597 2023 3617 2048 .

2022 2070 2073 2124 in
2104 2085 2260 2141 quam
2292 2072 2313 2103 ⁸
2343 2072 2780 2126 transformamur
2806 2071 2874 2127 de
2900 2072 3067 2143 gloria
3098 2073 3149 2127 in
3182 2073 3407 2144 gloriam
3430 2115 3446 2140 ,
3490 2084 3623 2129 tan-

2018 2177 2177 2233 quam
2203 2177 2234 2216 a
2263 2162 2470 2216 Domini
2498 2162 2699 2233 Spiritu
2722 2162 2788 2232 (ll
2818 2162 2938 2218 Cor.
2963 2180 3057 2228 ιιι,
3086 2164 3202 2236 18),
3224 2170 3449 2221 munere
3467 2165 3623 2220 illius

2017 2252 2110 2322 qui
2153 2266 2253 2306 nos
2277 2250 2405 2307 facit
2438 2254 2740 2308 conformes
2762 2253 3006 2325 imaginis
3031 2254 3149 2309 Filii
3169 2257 3250 2310 sui
3279 2256 3457 2328 (Rom.
3481 2272 3583 2314 *ιιι
3600 2298 3621 2325 ,

2018 2342 2133 2412 29).
2163 2343 2257 2399 Est
2290 2353 2344 2398 et
2372 2344 2592 2400 alterius
2616 2344 2742 2399 mali
2770 2346 2950 2415 pepuli
2978 2345 3222 2401 diabolus
3247 2348 3530 2418 princeps,
3562 2358 3625 2404 et

2017 2443 2198 2490 rector
2230 2434 2347 2505 ejus
2383 2435 2611 2490 civitatis
2636 2451 2754 2505 qua:
2796 2437 3018 2508 mystice
3057 2437 3345 2510 Babylonia
3378 2438 3580 2494 dicitur
3602 2480 3621 2506 ,

2017 2542 2177 2597 quem
2209 2527 2501 2597 principem
2534 2535 2589 2583 et
2616 2538 2881 2583 rectorem
2910 2529 3248 2584 tenebrarum
3284 2529 3476 2585 barum
3499 2572 3515 2596 ,
3558 2530 3623 2587 id

2018 2630 2133 2685 est,
2192 2629 2549 2689 peccatorum,
2600 2620 2772 2688 ipsum
2823 2630 2877 2674 et
2924 2621 3144 2691 angelos
3178 2621 3295 2692 ejus
3341 2621 3625 2693 apostolus

2018 2709 2215 2765 Paulus
2251 2710 2482 2779 appellat
2528 2708 2745 2782 (Ephes.
2785 2726 2875 2777 vr,
2924 2711 3057 2775 l2):
3101 2719 3157 2767 et
3197 2713 3340 2767 illius
3379 2712 3622 2769 ministri

2019 2800 2223 2857 similes
2250 2801 2368 2871 ejus
2394 2812 2553 2869 sunt,
2591 2804 2713 2873 quia
2740 2803 3115 2874 transﬁgurant
3152 2818 3213 2861 se
3256 2805 3310 2859 in
3338 2806 3621 2863 ministros

2015 2891 2253 2962 justitize,
2276 2894 2410 2947 sicut
2436 2894 2525 2949 ille
2542 2895 2595 2949 in
2614 2895 2857 2963 angelum
2878 2895 3013 2950 lucis
3034 2895 3102 2969 (ll
3122 2894 3242 2951 Cor.
3266 2912 3355 2963 ιι,
3381 2898 3469 2963 l5,
3502 2896 3621 2970 ιι),

2022 2994 2076 3040 ει
2096 2985 2451 3041 inhabitantes
2473 2987 2667 3041 rectori
2693 2987 2927 3056 pessimo
2945 2986 2999 3041 in
3026 2987 3176 3042 factis
3196 2988 3465 3043 similibus
3486 3004 3594 3045 con

2020 3087 2236 3147 gruunt.
2273 3076 2381 3132 Sed
2409 3078 2626 3133 istorum
2657 3078 2972 3147 populorum
2996 3088 3158 3151 atque
3184 3080 3461 3136 civitatum
3491 3091 3615 3137 tunc

2022 3169 2125 3224 erit
2143 3178 2326 3238 aperta
2349 3169 2635 3239 separatio,
2657 3184 2779 3224 cum
2807 3169 2905 3224 ista
2931 3172 3123 3226 messis
3141 3170 3303 3225 fuerit
3321 3171 3615 3227 ventilata:

2022 3261 2165 3333 quod
2184 3262 2355 3317 donec
2384 3261 2496 3327 liat,
2526 3262 2702 3317 omnia
2731 3263 2924 3319 tolerat
2950 3262 3166 3318 dilectio
3195 3262 3615 3330 frumentorum,

2021 3369 2092 3409 ne
2118 3353 2242 3408 dum
2267 3368 2433 3424 grana
2465 3354 2666 3424 paleam
2692 3370 3031 3426 praepropere
3057 3352 3296 3425 fugiunt,
3326 3371 3359 3410 a
3384 3336 3616 3412 consor-

2022 3445 2163 3501 tibus
2188 3444 2371 3514 grauis
2393 3444 2554 3516 impie
2581 3456 2920 3515 separentur.

2092 3534 2319 3593 CAPUT
2359 3535 2424 3591 V.
2446 3566 2517 3577 —
2540 3537 2627 3591 l0.
2658 3536 2795 3605 Quid
2817 3537 3099 3608 igiturjam
3125 3539 3266 3593 valet
3284 3538 3352 3593 ad
3371 3553 3614 3606 causam,

2019 3631 2162 3701 quod
2193 3630 2279 3686 isti
2304 3630 2458 3685 nobis
2483 3630 2772 3700 objiciunt,
2800 3632 2923 3702 quia
2952 3630 3021 3687 de
3045 3631 3199 3686 malis
3231 3630 3617 3689 sacrificatori-

2020 3723 2121 3779 bus
2146 3721 2404 3778 Dominus
2431 3736 2527 3792 per
2552 3721 2740 3776 lsaiam
2769 3720 2935 3777 dicit:
2967 3721 3307 3777 Faciam-osus
3332 3724 3420 3794 qui
3444 3724 3615 3779 sacri-

2021 3813 2140 3882 ﬁcat
2162 3813 2284 3867 mihi
2306 3813 2536 3877 vitulum,
2561 3813 2704 3882 quasi
2723 3812 2808 3883 qui
2831 3829 3005 3869 canent
3032 3814 3266 3877 occidat;
3289 3825 3341 3868 et
3362 3815 3451 3883 qui
3473 3816 3619 3871 sinti-

2020 3903 2269 3975 laginem,
2298 3905 2444 3973 quasi
2468 3905 2762 3974 sanguinem
2800 3905 3097 3975 porcinum;
3121 3917 3168 3960 et
3194 3907 3281 3976 qui
3308 3905 3458 3973 o/fcrt
3495 3908 3614 3964 thus

2020 3997 2073 4051 in
2102 3998 2414 4062 memoriam,
2441 3999 2585 4069 quasi
2610 3999 2928 4067 blasphemus
2953 3999 2975 4030 ³
3001 3997 3150 4072 (Isai.
3181 4014 3304 4054 ικνι
3325 4040 3342 4067 ,
3374 4000 3467 4071 3)?
3487 3999 3616 4059 [lac

2020 4090 2197 4144 omnia
2224 4091 2391 4145 multo
2409 4090 2788 4161 congruentius
2811 4089 2879 4145 de
2901 4091 3005 4145 illis
3023 4091 3289 4169 dicuntur,
3311 4092 3402 4162 qui
3423 4102 3615 4150 contra

2021 4182 2312 4239 Ecclesiam
2338 4183 2428 4239 Dei
2460 4192 2590 4248 tcto,
2615 4186 2752 4239 sicut
2776 4186 3038 4254 promissa
3061 4195 3164 4253 est,
3189 4186 3319 4242 orbe
3337 4185 3610 4257 dill‘usam,

2022 4274 2192 4330 altare
2209 4273 2290 4328 sui
2306 4274 2613 4330 schismatis
2640 4285 2925 4332 erexerunt
2947 4295 2961 4330 :
2987 4277 3129 4347 quod
3155 4292 3251 4333 eos
3269 4278 3615 4350 sacrilegium

2021 4368 2214 4420 omnes
2237 4366 2488 4425 involvit.
2516 4375 2570 4422 et
2594 4366 2815 4438 quilibet
2839 4368 3062 4424 ubilibet
3088 4368 3244 4423 ol’l'crt
3284 4371 3614 4427 sacriﬁcium

2022 4458 2112 4512 tali
2140 4456 2301 4513 corde
2341 4457 2420 4512 vel
2450 4456 2633 4524 lactis,
2664 4457 2780 4514 haec
2807 4468 2864 4513 ut
2893 4459 3078 4515 audire
3107 4469 3394 4527 mereatur,
3426 4465 3614 4532 perni-

2021 4551 2157 4605 ciem
2193 4550 2293 4606 sibi
2325 4548 2515 4617 inl‘ert,
2549 4565 2655 4605 non
2680 4551 2787 4607 illis
2828 4551 2983 4606 bonis
3008 4554 3097 4621 qui
3127 4553 3393 4622 accipiunt
3421 4553 3492 4609 ab
3531 4555 3616 4611 eis

2021 4641 2363 4697 Sacramenta
2391 4640 2577 4697 eadem
2603 4639 2627 4671 ⁸
2647 4683 2660 4704 ,
2691 4641 2782 4711 qui
2809 4641 3098 4697 secundum
3123 4642 3439 4713 prophetam
3472 4644 3612 4702 Eze-

2020 4733 2245 4789 chielem
2272 4744 2491 4804 gemunt
2518 4742 2574 4788 et
2601 4742 2829 4789 mearent
2852 4743 3067 4805 peccata
3097 4749 3216 4805 (pne
3245 4735 3377 4790 liunt
3406 4735 3465 4791 in
3493 4751 3612 4793 me-

2022 4825 2110 4883 dio
2154 4841 2339 4883 eorum
2393 4825 2601 4899 (Ezech.
2652 4841 2740 4893 rx,
2789 4828 2880 4895 4),
2927 4827 3170 4897 quamvis
3214 4842 3322 4882 non
3373 4840 3436 4884 se
3489 4830 3615 4886 inde

2022 4918 2368 4989 corporaliter
2403 4927 2670 4989 separent.
2718 4916 3013 4988 Unicuique
3054 4918 3195 4973 enim
3239 4918 3381 4975 Deus
3425 4919 3620 4980 tribuit

2022 5010 2312 5067 secundum
2349 5025 2445 5065 cor
2476 5025 2651 5066 suum.
2677 5008 2808 5065 Nam
2835 5010 2880 5065 si
2907 5009 3094 5081 primis
3134 5010 3466 5080 temporibus
3510 5027 3619 5069 non

2022 5103 2303 5160 obfuerunt
2337 5104 2460 5157 mali
2497 5103 2819 5169 sacerdotes,
2865 5103 2946 5157 vel
2992 5102 3211 5175 collegis
3245 5103 3421 5170 bonis,
3478 5105 3618 5164 sicut.

2023 5196 2122 5253 fuit
2143 5195 2427 5253 Zacharias
2448 5194 2597 5266 (Luc.
2620 5212 2658 5263 ι,
2706 5197 2801 5268 5);
2830 5196 2915 5252 vel
2939 5195 3314 5266 popularibus,
3346 5196 3489 5255 sicut
3521 5198 3617 5258 liti;

2087 5381 2107 5412 ί
2127 5379 2203 5429 sic
2221 5385 2328 5429 Mss.
2351 5384 2409 5429 At
2431 5377 2567 5438 editi,
2591 5375 2900 5428 declamaret.

2087 5441 2109 5473 ι
2129 5440 2246 5473 mihi
2289 5438 2340 5473 ὅθι
2364 5452 2459 5473 mm
2496 5439 2720 5473 nlui-imm
2741 5448 2831 5473 um
2896 5456 2900 5468 ‹

2088 5441 2109 5473 ⁸
2129 5440 2268 5502 aliti,
2289 5438 2475 5514 inqua.
2496 5439 2721 5503 Plerique
2741 5448 2867 5514 uss,
2896 5437 2949 5490 in
2984 5452 3146 5511 quam.

2088 5502 2482 5615 ἓὲιέσιῶεεωιοιὶέω
2501 5508 2630 5552 LXX.
2652 5508 2708 5552 At
2724 5500 2862 5565 editi,
2883 5507 2929 5553 et
2949 5513 3033 5566 qut
3050 5501 3190 5567 offert
3212 5500 3342 5566 thus,
3363 5505 3508 5568 quasi
3528 5516 3609 5569 qut

2027 5563 2274 5616 benedicat
2848 5563 2853 5565 ⁷
2962 5563 2972 5566 ⁷
3030 5616 3031 5621 η
3079 5563 3106 5567 “
3325 5563 3335 5566 ’
3376 5563 3387 5568 ’
3543 5563 3555 5569 ’

2029 5623 2626 5738 Βέιιιιιάηιιάαεσὶρὶωιι
2659 5624 2723 5676 ab
2755 5625 2826 5676 eis
2851 5634 3150 5679 sacrmnenta
3186 5628 3376 5691 eadem
3407 5631 3551 5685 abest
3579 5646 3606 5684 τι
