3764 6206
96 324 151 388 81
1395 316 1598 377 LIBER
1636 310 2011 373 SECUNDUS.
3297 317 3372 381 ω

96 444 381 514 Rathanael,
432 448 492 504 in
544 459 660 519 quo
714 444 865 502 dolus
909 457 1011 500 non
1053 450 1168 498 erat
1218 438 1397 515 (Joan.
1426 455 1483 506 ι,
1532 436 1670 507 4ης

98 550 269 615 quanto
292 543 470 614 magis
498 542 637 599 nihil
667 542 821 598 obest
848 540 898 595 in
929 538 1128 594 unitate
1152 535 1440 593 christiana
1467 531 1675 604 episco-

97 651 176 707 pos
202 632 369 689 malus
396 634 487 690 vel
531 631 866 704 coepiscopis
894 629 1046 686 bonis
1087 628 1167 684 vel
1199 626 1347 683 laicis
1368 669 1384 693 ,
1414 640 1535 680 cum
1563 623 1674 695 jam

112 728 169 782 lle
189 726 442 782 sacerdos
468 725 768 783 secundum
793 723 1031 779 ordinem
1061 718 1449 777 Melchisedech
1468 726 1524 774 et
1544 732 1677 788 pon-

95 811 201 875 tifex
223 825 409 873 noster
431 817 637 873 sedens
656 817 722 871 ad
750 816 1022 872 dexteram
1049 814 1222 869 Patris
1250 811 1550 880 interpellat
1578 824 1676 880 pro

96 910 227 965 nobis
269 908 466 978 (Hebr.
503 925 614 978 νη,
663 911 746 972 17.
794 908 912 981 25),
941 909 1030 979 qui
1070 907 1293 962 traditus
1333 915 1417 961 est
1456 912 1677 977 propter

93 1004 260 1059 delicta
291 1012 486 1058 nostra
509 1046 526 1070 ,
567 1012 624 1059 et
658 1003 951 1058 resurrexit
980 1010 1197 1072 propter
1237 997 1673 1071 justiﬁcationem

94 1107 306 1152 nostram
338 1096 531 1168 (Rom.
560 1113 615 1153 tv
638 1140 652 1164 ,
681 1097 820 1169 25)?
856 1095 966 1152 Nec
989 1096 1117 1151 illud
1167 1095 1321 1150 bonis
1363 1094 1550 1160 obest,
1580 1091 1677 1149 sed

94 1183 425 1240 oberemihus
454 1183 611 1239 malis
634 1226 651 1251 ,
682 1183 823 1256 quod
852 1182 1129 1238 verissime
1154 1181 1352 1235 dictum
1381 1189 1464 1236 est
1482 1219 1498 1245 ,
1531 1178 1678 1232 Dona

92 1276 357 1351 briquorum
385 1295 498 1333 non
540 1278 719 1350 probat
754 1278 1042 1332 Altissimus
1087 1273 1275 1346 (Eccli.
1320 1289 1528 1341 xxxrv,
1555 1273 1672 1345 25).

93 1367 191 1425 Nan
215 1371 358 1425 enim
390 1370 554 1437 dixit,
587 1371 732 1425 Dona
764 1385 949 1426 eorum
972 1371 1060 1438 qui
1086 1383 1180 1437 pro
1209 1382 1338 1439 pace
1365 1368 1573 1437 iniquos
1597 1375 1676 1422 to-

93 1461 265 1531 lerant,
292 1477 406 1517 non
436 1461 629 1533 probat
659 1462 980 1517 Altissimus.
1010 1462 1143 1517 Cum
1167 1470 1341 1516 tamen
1373 1474 1471 1516 nec
1501 1459 1586 1513 isti
1613 1473 1676 1514 ea

94 1570 195 1625 qua
236 1554 562 1623 objecerunt
607 1554 834 1625 probare
878 1553 1153 1623 potuerint
1192 1568 1257 1607 eo
1294 1562 1534 1622 tempore
1569 1564 1677 1622 quo

92 1648 305 1702 schisma
333 1646 623 1703 fecerunt:
654 1646 885 1717 alioquin
917 1646 1022 1701 illis
1050 1646 1281 1701 exclusis
1301 1686 1316 1710 ,
1346 1645 1475 1700 istos
1503 1643 1674 1700 luere-

91 1737 215 1793 ditas
237 1739 443 1794 Christi
481 1748 595 1795 toto
622 1738 754 1794 orbe
784 1736 977 1794 diffusa
1004 1738 1059 1792 in
1084 1737 1460 1793 communione
1485 1736 1675 1792 Catho-

92 1830 176 1887 lica
201 1832 479 1888 retineret.

151 1923 374 1979 CAPUT
406 1922 497 1979 Vl.
522 1951 596 1965 —-
621 1924 708 1979 ll.
737 1921 1024 1992 Sacriﬁcia,
1055 1922 1244 1995 inquit,
1270 1922 1541 1992 impiorum
1591 1937 1679 1977 etc-

96 2017 286 2077 secratio
309 2027 388 2073 est
417 2016 639 2071 Domino
663 2032 684 2071 :
709 2017 889 2071 etenim
916 2017 1087 2086 inique
1114 2013 1335 2083 offerunt
1361 2015 1453 2070 illa
1494 2013 1675 2085 (Prov.

97 2123 205 2175 xxi,
227 2110 344 2177 27).
374 2109 496 2165 Jam
524 2124 685 2180 supra
712 2122 1028 2178 responsum
1057 2116 1141 2163 est
1176 2108 1297 2179 quia
1329 2122 1433 2162 non
1462 2116 1547 2162 est
1573 2107 1679 2162 ini-

100 2215 219 2270 quas
256 2200 540 2266 Christus,
586 2200 677 2270 qui
723 2215 822 2272 pro
868 2199 1021 2254 nobis
1062 2213 1124 2254 se
1166 2199 1339 2269 ipsum
1370 2199 1594 2264 obtulit,
1625 2207 1680 2256 et

102 2302 265 2348 noster
289 2292 346 2349 in
374 2294 517 2351 ctelo
542 2293 805 2349 mediator
826 2301 929 2360 est,
956 2307 1063 2364 quo
1086 2307 1238 2349 suam
1266 2292 1558 2348 Eeclesiam
1583 2308 1680 2364 gu-

101 2383 342 2443 bernante
368 2387 528 2443 bonis
556 2385 685 2442 mali
712 2401 817 2441 non
845 2384 1106 2451 oberunt,
1138 2383 1228 2457 qui
1257 2384 1343 2440 vel
1373 2385 1682 2456 ignorantur

101 2478 171 2531 rel
199 2494 293 2549 pro
319 2495 450 2550 pace
477 2479 806 2545 tolerantur,
836 2477 1009 2533 donec
1034 2478 1150 2549 ipse
1177 2479 1354 2533 veniat
1380 2491 1445 2532 ac
1468 2487 1682 2547 separet

104 2572 375 2639 puemissis
402 2571 736 2629 messoribus
762 2586 793 2625 a
821 2585 998 2626 messe
1036 2570 1268 2638 zizania,
1302 2579 1356 2625 et
1382 2570 1681 2627 ventilabro

105 2664 265 2729 paleas
288 2679 321 2719 a
348 2664 652 2721 frumentis.
682 2663 994 2734 Quanquam
1020 2663 1130 2731 isti,
1158 2662 1300 2733 quod
1327 2677 1471 2733 saepe
1498 2662 1681 2718 dicen-

109 2752 217 2810 dum
242 2766 325 2813 est
342 2800 357 2823 ,
384 2757 515 2813 falsa
541 2757 769 2813 crimina
793 2755 1117 2826 objecerint,
1148 2771 1267 2826 qua:
1294 2757 1453 2812 etiam
1483 2756 1527 2811 si
1553 2770 1680 2812 vera

26 2844 29 2893 ῗ
109 2857 287 2912 essent,
308 2848 570 2904 bonorum
593 2846 840 2903 charitati
860 2861 960 2920 pro
984 2847 1188 2903 unitate
1207 2847 1262 2902 in
1283 2848 1483 2903 unitate
1501 2848 1679 2905 omnia

111 2941 332 2999 toleranti
359 2943 489 2999 nihil
521 2951 797 3009 nocerent,
825 2943 869 2998 si
895 2958 958 2999 ea
989 2942 1125 2997 forte
1150 2944 1309 2998 etiam
1337 2942 1569 3013 cognita,
1597 2943 1682 3012 ju-

112 3031 295 3090 dicibus
326 3036 702 3091 ecclesiasticis
746 3034 1051 3105 persuaderi
1086 3049 1191 3090 non
1235 3044 1470 3106 possent.
1499 3037 1680 3091 Sacri-

32 3188 33 3191 ,
111 3122 211 3180 licia
256 3144 380 3200 ergo
420 3129 710 3199 impiorum
757 3127 835 3183 eis
880 3129 1008 3198 ipsis
1051 3128 1281 3183 oberunt
1322 3127 1412 3200 qui
1453 3128 1682 3184 offerunt

113 3216 271 3287 impie.
295 3221 422 3278 Nam
449 3237 616 3277 unum
644 3231 803 3292 atque
830 3222 970 3278 idem
997 3221 1317 3278 sacriﬁcium
1346 3232 1561 3294 propter
1585 3239 1681 3279 no-

113 3326 217 3368 tuen
239 3314 439 3371 Domini
465 3316 609 3387 quod
631 3316 906 3371 invocatur
926 3315 967 3382 ¹,
995 3324 1050 3371 et
1074 3330 1287 3387 semper
1310 3327 1549 3372 sanctum
1575 3325 1678 3382 est,

117 3412 160 3456 et
181 3405 277 3461 tale
301 3409 492 3479 cuique
521 3408 610 3473 lit,
640 3406 782 3478 quali
813 3406 976 3462 corde
1003 3405 1070 3461 ad
1097 3406 1464 3475 accipiendum
1500 3422 1681 3464 acces-

30 3544 31 3547 η
118 3498 243 3552 serit.
275 3500 366 3569 Qui
393 3502 528 3556 enim
554 3500 827 3554 manducat
849 3510 896 3555 et
922 3501 1041 3555 bibit
1065 3500 1289 3571 indigne,
1307 3500 1561 3571 judicium
1586 3501 1684 3555 sibi

123 3592 361 3647 manducet
389 3603 434 3647 et
461 3592 584 3647 bibit
614 3592 657 3662 (l
685 3589 802 3646 Cor.
827 3590 1236 3663 xvut,29).Non
1267 3591 1538 3655 ait,Aliis;
1560 3591 1675 3658 sed,

121 3680 211 3734 sibi.
237 3684 331 3753 Qui
358 3699 490 3755 ergo
519 3683 803 3739 manducat
840 3683 999 3754 digne
1040 3694 1094 3738 et
1128 3681 1296 3748 bibit,
1325 3683 1548 3754 gratiam
1578 3683 1678 3739 sibi

124 3775 371 3831 mandauit
393 3784 449 3831 et
474 3775 627 3831 bibit.
661 3775 741 3829 Illi
765 3790 893 3843 ergo
915 3774 1130 3829 videant
1153 3784 1326 3829 utrum
1351 3774 1508 3846 digne
1532 3790 1679 3831 man-

123 3859 318 3927 ducent.
347 3867 437 3938 qui
468 3867 609 3922 inter
648 3875 756 3920 tam
785 3867 981 3921 multos
1012 3872 1259 3936 parentes
1287 3875 1342 3922 et
1369 3866 1537 3933 ﬁlios,
1564 3883 1680 3921 ma-

125 3952 229 4010 ritos
244 3964 297 4013 et
315 3971 543 4021 uxores;
570 3956 709 4012 inter
736 3965 842 4011 tam
868 3957 1085 4023 multos,
1112 3957 1253 4028 quod
1273 3968 1355 4013 est
1381 3959 1682 4028 patentissi-

124 4059 238 4103 mum
263 4051 302 4117 ',
333 4050 423 4107 Dei
467 4049 711 4106 bteredes
754 4061 809 4106 et
841 4047 1036 4106 Christi
1074 4050 1383 4106 colueredes
1413 4060 1525 4106 toto
1552 4052 1682 4108 orbe

125 4138 342 4211 dill‘usos,
368 4144 576 4199 nefario
616 4144 908 4199 schismate
945 4142 1271 4209 diviserunt;
1311 4158 1432 4198 cum
1464 4153 1683 4215 possent

122 4233 276 4305 utique
315 4235 356 4290 si
404 4235 527 4290 boni
569 4243 753 4291 essent
786 4244 842 4291 et
868 4250 993 4290 vere
1022 4235 1193 4290 malos
1214 4245 1534 4306 arguerent,
1565 4237 1679 4291 l'ru-

123 4329 277 4380 ctuose
305 4326 534 4381 tolerare
564 4340 660 4395 pro
689 4340 819 4396 pace
847 4326 1075 4395 Christi,
1108 4344 1225 4398 quae
1267 4329 1561 4398 perniciose
1601 4337 1681 4385 to-

24 4480 25 4485 )
124 4408 268 4470 lerant
292 4432 385 4487 pro
414 4432 545 4488 pace
576 4416 763 4471 Donati
787 4415 829 4468 ³.

175 4505 385 4566 CAPUT
416 4509 528 4563 Vli.
551 4540 625 4550 —
652 4509 737 4565 12.
768 4507 838 4563 In
867 4507 1067 4574 Exodo,
1099 4510 1289 4581 inquit,
1316 4511 1558 4583 scriptum
1586 4524 1678 4581 est,

129 4614 143 4647 ί
169 4599 451 4658 Sacerdotes
477 4602 567 4673 qui
593 4601 837 4656 accedunt
874 4603 940 4656 ad
967 4601 1236 4656 Dominum
1264 4601 1428 4657 Deum
1456 4606 1682 4675 sanctiﬁ-

126 4703 301 4760 catur,
325 4713 384 4750 ne
419 4696 551 4765 forte
583 4694 892 4764 derelinquat
921 4711 1005 4749 eos
1029 4693 1277 4750 Dominus
1298 4714 1319 4747 ι
1354 4693 1545 4768 (Exod.
1568 4714 1675 4765 xu,

122 4778 197 4856 Ἡ)
217 4804 231 4841 :
255 4797 301 4842 et
320 4789 498 4843 iterum
516 4829 531 4853 ,
569 4808 590 4841 ι
611 4787 738 4842 Cum
760 4789 976 4843 ministri
997 4789 1066 4843 ad
1088 4787 1251 4843 altare
1271 4791 1546 4859 accedunt,
1579 4809 1680 4848 non

126 4876 348 4934 adducant
392 4880 447 4933 in
486 4896 545 4934 se
585 4878 864 4947 delictum,
911 4896 974 4934 ne
1019 4881 1302 4935 moriantur
1329 4900 1347 4933 ι
1399 4881 1516 4954 (Id.
1549 4899 1675 4950 xxx,

127 4965 198 5034 30,
221 4968 305 5041 2i)
331 4988 345 5025 :
376 4980 423 5025 et
448 4970 576 5025 illud
601 4971 656 5024 in
676 4968 915 5034 Leuitico,
951 4988 970 5022 ι
1001 4968 1170 5025 Homo
1194 4971 1281 5042 qui
1310 4972 1538 5027 habuerit
1565 4990 1677 5027 ma-

128 5062 266 5115 culam
290 5073 335 5118 et
357 5064 552 5129 vitium,
584 5079 685 5117 non
714 5062 916 5118 accedat
943 5062 1078 5116 dona
1102 5059 1284 5128 offerre
1307 5061 1416 5117 Deo
1444 5081 1462 5115 ι
1495 5062 1676 5135 (Leuit.

26 5166 27 5171 ‘
130 5164 235 5220 nu,
260 5153 367 5225 2|).
396 5156 544 5212 Bene
568 5154 783 5226 quidem
811 5154 880 5211 de
908 5156 1175 5211 veteribus
1204 5156 1376 5211 Libris
1404 5157 1502 5211 ista
1534 5160 1681 5214 testi-

26 5580 33 5709 ι

24 5854 37 6077 1

129 5247 277 5302 monia
295 5258 613 5320 proponunt.
638 5247 824 5303 Dicant
847 5262 974 5318 ergo
999 5247 1145 5313 mihi,
1174 5249 1257 5303 cui
1284 5258 1467 5305 sancto
1490 5264 1682 5306 secun-

128 5334 233 5391 dum
250 5340 461 5397 salutem
482 5338 817 5411 spiritualem
838 5339 1082 5406 obiuerit,
1108 5339 1189 5394 vel
1220 5340 1270 5395 in
1293 5344 1678 5411 sacerdotibus,

129 5429 200 5485 vel
232 5432 358 5490 inter
397 5433 652 5506 populum
694 5432 1015 5497 constituto,
1049 5433 1218 5487 malus
1259 5445 1349 5488 aut
1389 5435 1683 5491 maculatus

28 5536 31 5598 μ
130 5525 381 5584 sacerdos?
403 5527 511 5585 Ubi
537 5536 655 5583 erat
681 5523 891 5598 Moyses
916 5534 969 5581 et
995 5528 1191 5590 Aaron,
1226 5525 1294 5581 ibi
1324 5537 1680 5582 murmurato-

180 5704 196 5780 ξ
212 5708 561 5780 [πίρωμις-ο
583 5704 1084 5780 Μ,ίθξί.⁶⁷ηὀεατῖ¹νο

177 5767 325 5837 ξΙεεε,
700 5768 913 5837 Quidam,
937 5765 1327 5837 paternissimmn.

180 5829 197 5861 '
214 5829 407 5885 Vaticani
430 5841 560 5893 Mss,
582 5843 676 5899 pro
694 5829 833 5896 parte
861 5829 1041 5882 Donati.

1785 450 1871 490 res
1900 434 2177 507 sacrilegi,
2224 448 2358 507 quos
2388 434 2528 492 Deus
2556 452 2587 492 a
2615 436 2752 493 facie
2779 450 2875 492 sua
2902 449 3118 508 semper
3140 433 3372 510 perdere

1781 528 2098 610 minabatur.
2118 527 2219 584 Ubi
2242 538 2357 584 erat
2382 527 2676 599 Caiphaset
2697 529 2877 586 caeteri
2897 527 3050 597 tales,
3068 526 3139 583 ibi
3164 525 3371 585 Zacha-

1780 623 1909 689 rias,
1943 622 2012 679 ibi
2040 622 2254 680 Simeon
2283 632 2337 678 et
2364 624 2540 679 caeteri
2572 622 2727 690 boni,
2761 623 2851 678 ubi
2877 619 3005 679 Saul
3024 665 3039 689 ,
3067 621 3371 702 ibi‘David;

1781 716 1868 772 ubi
1896 717 2177 785 Jeremias,
2207 717 2293 774 ubi
2320 716 2501 783 Isaias,
2531 717 2619 773 ubi
2646 716 2851 785 Daniel,
2878 716 2969 774 ubi
2996 715 3268 783 Ezechiel,
3300 717 3372 774 ibi

1781 811 2087 868 sacerdotes
2128 812 2251 867 mali
2292 821 2343 868 et
2388 811 2567 883 populi
2610 810 2774 868 mali:
2801 811 2895 868 sed
2923 811 3186 868 sarcinam
3218 824 3369 867 suam

1780 904 2143 977 unusquisque
2174 905 2440 975 portabat.

1853 997 1940 1052 t5.
1970 995 2170 1053 Omitto
2195 997 2378 1055 dicere
2406 1013 2564 1070 quam
2594 997 2851 1053 scelerata
2893 998 3138 1070 superbia
3167 997 3370 1069 dicant,

1780 1088 2029 1143 neminem
2058 1106 2163 1144 esse
2187 1090 2317 1145 inter
2338 1091 2557 1163 collegas
2580 1107 2702 1147 suos
2726 1090 2803 1146 vel
2827 1108 2881 1146 se
2904 1091 3040 1162 ipsos
3063 1108 3175 1146 cum
3199 1091 3373 1164 aliqua

1779 1181 1979 1235 macula
2008 1188 2052 1234 et
2082 1182 2221 1249 vitio,
2249 1199 2353 1237 non
2382 1182 2765 1251 membrorum,
2797 1182 2891 1238 sed
2919 1182 3059 1252 quod
3093 1184 3240 1253 pejus
3266 1194 3371 1253 est,

1780 1291 2008 1330 morum.
2038 1275 2188 1345 Quod
2217 1277 2301 1332 ubi
2327 1292 2488 1349 agere
2514 1293 2634 1332 cum
2660 1278 2738 1332 eis
2759 1276 3082 1347 coeperimus
3106 1292 3121 1340 ;
3152 1290 3346 1345 reSpon

1780 1368 1981 1425 debunt
2001 1413 2016 1435 ,
2052 1369 2310 1425 interesse
2339 1369 2511 1441 qualis
2542 1368 2743 1424 macula
2774 1378 2828 1424 et
2856 1368 3011 1437 quale
3051 1368 3235 1422 vitium
3266 1367 3372 1423 sit;

1780 1463 1931 1532 quasi
1954 1463 1971 1494 ί
1997 1462 2265 1532 Scriptura
2295 1462 2642 1529 discreverit,
2669 1478 2787 1532 qua:
2813 1462 2923 1528 ait,
2959 1460 3126 1515 llomo
3164 1461 3250 1531 qui
3276 1461 3373 1513 ha-

1780 1552 1939 1608 buerit
1983 1557 2235 1609 maculam
2280 1564 2329 1610 et
2370 1555 2577 1620 uitium,
2622 1570 2724 1608 non
2769 1554 2974 1607 accedat
3015 1554 3150 1607 dona
3191 1551 3375 1619 o/Tcrre

1781 1647 1910 1703 Deo.
1936 1647 2219 1703 Nullamne
2257 1647 2518 1702 maculam
2561 1645 2744 1701 habuit
2778 1654 2835 1701 et
2872 1646 3053 1701 vitium
3074 1687 3090 1712 ,
3121 1659 3225 1700 non
3252 1644 3373 1701 dico

1778 1739 2032 1810 Optatos,
2077 1739 2171 1795 sed
2219 1740 2331 1810 ipse
2373 1739 2789 1803 Parmenianus,
2828 1749 2920 1794 aut
2957 1738 3070 1810 ipse
3101 1738 3372 1794 Donatus?

1779 1828 1882 1885 Sed
1916 1839 2064 1886 tanto
2103 1831 2186 1885 isti
2224 1846 2408 1885 amore
2452 1829 2724 1885 hominum
2773 1829 2900 1884 casei
2942 1838 3099 1896 sunt,
3130 1838 3183 1883 et
3210 1827 3374 1886 corde

1781 1921 2049 1992 impudico
2077 1921 2344 1977 adulteros
2380 1922 2575 1977 mentis
2616 1935 2725 1977 suae
2756 1921 2845 1975 uni
2875 1921 3111 1991 legitimo
3135 1921 3251 1976 viro
3276 1934 3373 1977 co-

1780 2031 1993 2088 aequare
2033 2032 2137 2071 non
2176 2016 2415 2072 dubitant
2435 2058 2449 2082 ,
2480 2024 2543 2072 ut
2568 2015 2711 2087 quod
2747 2017 2814 2072 de
2843 2016 2959 2072 solo
2988 2016 3216 2072 Domino
3242 2017 3374 2075 Jesu

1780 2108 1995 2164 Christo
2021 2108 2124 2163 dici
2152 2109 2346 2180 potuit,
2381 2109 2540 2164 etiam
2572 2108 2623 2164 in
2651 2109 2858 2163 Donato
2888 2110 3176 2179 perlectum
3208 2109 3374 2167 fuisse

1780 2200 2124 2256 contendant.
2155 2199 2285 2269 Quis
2307 2200 2453 2256 dabit
2491 2200 2658 2255 oculis
2694 2201 2829 2255 meis
2868 2199 3068 2256 fontem
3108 2200 3373 2274 lacryma-

1781 2307 1899 2349 rum
1918 2292 2130 2364 (Jerem.
2150 2309 2223 2360 ix,
2245 2292 2339 2364 i)?
2360 2292 2489 2361 Quis
2508 2307 2774 2363 congruus
2794 2291 2917 2347 huic
2935 2292 3124 2347 sceleri
3145 2293 3374 2365 gemitus

1781 2400 2045 2443 concusso
2066 2396 2284 2457 pectore
2302 2385 2663 2457 exprimetur?
2682 2386 2785 2443 Sed
2810 2386 3021 2442 interim
3037 2387 3061 2419 ³
3077 2386 3372 2457 attendant,

1782 2487 1961 2533 utrum
1990 2479 2177 2533 saltem
2209 2476 2430 2549 Optatus
2459 2476 2705 2534 habuerit
2731 2477 2962 2549 aliquam
2992 2478 3253 2534 maculam
3283 2485 3376 2533 aut

1783 2569 2008 2624 vitium?
2052 2569 2164 2625 Non
2210 2585 2377 2641 usque
2415 2569 2551 2625 adeo
2589 2571 2712 2626 carci
2754 2578 2909 2637 sunt,
2944 2580 3000 2625 ut
3028 2570 3182 2626 istius
3212 2571 3375 2626 vitam

1782 2676 2004 2718 omnino
2044 2662 2437 2717 immaculatam
2471 2672 2525 2717 et
2554 2662 2697 2717 omni
2728 2662 2855 2717 vitio
2895 2671 3166 2718 carentem
3213 2662 3377 2718 fuisse

1781 2755 2160 2826 respondeant.
2190 2756 2297 2811 Cur
2317 2770 2446 2827 ergo
2468 2754 2757 2810 accedebat
2781 2756 2919 2809 dona
2945 2753 3139 2811 offerre
3162 2755 3294 2819 Deo,
3322 2765 3377 2811 et

1782 2849 1852 2905 ab
1881 2865 1947 2905 eo
1988 2850 2166 2905 caeteri
2211 2848 2509 2919 conjunctis
2553 2846 2796 2903 manibus
2838 2847 3202 2920 accipiebant,
3232 2845 3375 2919 quod

1784 2945 2087 3000 maculosus
2112 2955 2166 3000 et
2194 2945 2414 3000 vitiosus
2439 2942 2745 2999 obtulerat?
2772 2941 3065 2998 Attendant
3089 2944 3141 2997 in
3167 2943 3376 2999 caeteris

1783 3037 2002 3108 collegis
2022 3036 2044 3067 ³
2069 3037 2200 3101 suis,
2231 3046 2410 3105 utrum
2437 3034 2577 3089 nulla
2605 3035 2675 3089 sit
2704 3035 2907 3113 n'tpcula
2935 3033 3238 3114 ebriositas.
3267 3031 3376 3088 Sed

1786 3130 1931 3199 prius
1982 3128 2157 3199 legant
2214 3127 2403 3197 quibus
2456 3112 3019 3182 sceleratis'ebriosos
3071 3112 3377 3197 adjunxerit

1784 3221 2092 3291 Apostolus.
2139 3219 2330 3275 Utrum
2377 3218 2597 3273 avaritia
2643 3218 2787 3272 nulla
2835 3220 2903 3272 sit
2949 3218 3184 3279 macula.
3216 3233 3376 3289 quam

1785 3313 1926 3369 idem
1956 3315 2229 3384 apostolus
2257 3314 2334 3369 sic
2371 3312 2694 3379 detestatur,
2729 3321 2788 3368 ut
2814 3312 3077 3369 idolorum
3107 3320 3380 3384 comparet

1785 3407 2027 3462 servituti
2061 3405 2276 3476 (Ephes.
2308 3421 2362 3472 γ,
2393 3407 2471 3475 5).

1856 3498 1945 3553 ii.
1975 3497 2073 3566 Qui
2102 3505 2275 3551 autem
2300 3496 2595 3551 rectissime
2614 3495 2845 3565 sapiunt.
2870 3495 3169 3567 intelligunt
3191 3512 3380 3567 quem-

1786 3590 1916 3646 libet
1943 3590 2215 3644 hominum
2235 3630 2251 3657 ,
2283 3587 2525 3660 quamvis
2550 3587 2657 3658 jam
2688 3603 2788 3658 pro
2812 3590 3081 3644 consortio
3106 3589 3379 3647 societatis

1780 3680 2034 3739 humanae
2079 3698 2182 3736 non
2224 3680 2452 3737 absurde
2480 3681 2582 3736 dici
2626 3681 2793 3753 possit
2828 3680 3121 3752 justissime
3163 3682 3375 3753 vivere;

1786 3792 1892 3831 non
1923 3791 2079 3848 posse
2106 3783 2283 3830 tamen
2311 3789 2431 3831 esse
2459 3774 2574 3830 sine
2597 3768 2779 3845 liquo
2803 3774 2954 3840 vitio,
2981 3776 3234 3846 quamdiu
3259 3794 3379 3833 caro

1785 3870 2093 3941 concupiscit
2123 3868 2362 3922 adversus
2390 3868 2624 3938 spiritum
2645 3907 2658 3930 ,
2692 3867 2899 3939 spiritus
2928 3879 3096 3924 autem
3138 3869 3381 3926 adversus

1785 3978 1987 4016 carnem
2017 3958 2212 4033 (Colat.
2242 3975 2296 4027 v,
2329 3960 2438 4031 Π).
2464 3958 2553 4024 Εῑ,
2588 3959 2689 4026 Qui
2716 3969 2866 4015 natus
2899 3970 2973 4015 est
3008 3978 3071 4018 ea:
3107 3961 3246 4029 Deo,
3277 3979 3379 4019 non

1786 4063 1956 4125 peccat
1983 4052 2029 4123 (Ι
2056 4052 2213 4107 Joan.
2244 4068 2319 4117 Ill,
2351 4050 2407 4123 9)
2438 4068 2453 4107 :
2485 4062 2558 4118 et,
2590 4050 2652 4107 Si
2664 4052 2956 4106 dictamnus
2979 4054 3095 4124 quia
3122 4066 3380 4126 peccatum

1785 4161 1888 4198 non
1912 4143 2169 4208 habemus,
2198 4143 2528 4212 nosmetipsos
2552 4144 2858 4211 seducimus,
2881 4154 2927 4199 et
2953 4146 3136 4200 veritas
3158 4145 3212 4200 in
3237 4147 3380 4203 nobis

1786 4251 1885 4289 non
1911 4244 1986 4290 est
2012 4233 2176 4305 (Ibid.
2201 4250 2240 4298 1,
2269 4234 2348 4304 8).
2376 4234 2630 4301 Quamvis
2654 4236 2798 4291 enim
2826 4236 2878 4290 in
2903 4247 3158 4307 quantum
3179 4255 3246 4294 ex
3268 4239 3379 4296 Deo

1785 4326 1894 4381 nati
1923 4341 2110 4382 sumus
2137 4342 2243 4381 non
2272 4341 2556 4397 peccemus
2575 4368 2590 4393 ,
2622 4326 2758 4381 inest
2796 4337 2973 4384 tamen
3015 4330 3189 4386 adhuc
3218 4333 3376 4389 etiam

1785 4419 1926 4490 quod
1953 4433 2018 4473 ex
2047 4417 2214 4472 Adam
2248 4418 2355 4473 nati
2382 4433 2598 4483 sumus,
2629 4419 2752 4490 quia
2783 4420 3016 4475 nondum
3047 4422 3282 4493 absorpta
3305 4434 3379 4480 est

1787 4528 1921 4565 mors
1949 4512 2002 4564 in
2029 4510 2288 4564 victoriam
2318 4510 2358 4579 (Ι
2385 4509 2504 4566 Cor.
2534 4525 2620 4575 xv,
2652 4510 2742 4583 54)
2762 4555 2777 4579 ,
2810 4512 2953 4583 quod
2982 4514 3144 4570 etiam
3175 4516 3228 4571 in
3257 4531 3380 4572 cor-

1785 4618 1973 4673 porum
2013 4602 2407 4658 resnrrectione
2437 4604 2789 4672 promittitur,
2827 4614 2886 4659 ut
2912 4605 3131 4661 omnino
3158 4607 3297 4663 beati
3323 4619 3380 4667 et

1786 4693 2110 4751 immaculati
2155 4703 2210 4749 et
2256 4695 2548 4767 incorrupti
2592 4698 2793 4761 simus;
2832 4699 2921 4769 qui
2946 4698 3055 4769 jam
3083 4702 3377 4762 secundum

1786 4787 1946 4842 ﬁdem
1972 4787 2069 4857 [itii
2095 4786 2194 4842 Dei
2219 4804 2413 4853 sumus,
2445 4789 2539 4844 sed
2569 4790 2862 4845 secundum
2892 4791 3127 4863 speciem
3153 4796 3378 4852 nondum

1786 4878 2027 4950 apparuit
2049 4879 2185 4944 quod
2203 4880 2391 4933 erimus
2421 4880 2461 4949 (Ι
2486 4878 2642 4935 Joan.
2667 4895 2743 4943 ιιι,
2764 4878 2843 4952 2).
2868 4880 3108 4937 Nondum
3131 4885 3273 4940 enim
3297 4902 3380 4955 re,

1786 4972 1880 5028 sed
1908 4990 1997 5045 spe
2019 4973 2149 5028 salvi
2172 4974 2296 5047 facti
2322 4990 2515 5029 sumus.
2550 4973 2681 5043 Spes
2704 4985 2872 5028 autem
2896 4992 3008 5047 qua:
3030 4978 3249 5045 videtur,
3280 4996 3380 5035 non

1786 5075 1858 5119 cst
1885 5082 1998 5134 spes
2027 5080 2044 5118 :
2071 5066 2207 5136 quod
2234 5065 2363 5120 enim
2392 5066 2522 5120 videt
2545 5066 2681 5136 quis,
2721 5067 2842 5136 quid
2875 5068 3085 5137 sperat?
3121 5069 3182 5125 Si
3211 5081 3380 5126 autem

1786 5157 1920 5228 quod
1962 5174 2064 5212 non
2100 5157 2327 5213 videmus
2362 5172 2659 5228 speramus,
2685 5175 2774 5228 per
2803 5160 3098 5228 patientiam
3120 5171 3381 5233 exspecta-

1788 5268 1918 5306 mus.
1963 5251 2224 5320 Quamdiu
2276 5263 2452 5306 autem
2504 5266 2871 5320 exspectamus
2923 5271 3020 5327 per
3068 5258 3379 5329 patientiam

1787 5350 2012 5420 corporis
2041 5351 2200 5405 nostri
2228 5349 2618 5421 redemptionem
2648 5351 2821 5424 (Rom.
2852 5368 2946 5407 vtu
2964 5394 2982 5419 ,
3005 5353 3201 5427 25-25)
3222 5396 3238 5422 ,
3272 5369 3381 5411 non

1789 5441 2079 5496 audeamus
2118 5441 2297 5496 dicere
2328 5455 2516 5496 carere
2544 5457 2643 5498 nos
2670 5444 2817 5499 omni
2847 5445 3005 5510 vitio,
3038 5461 3106 5500 ne
3134 5446 3246 5515 ipsa
3286 5460 3379 5502 su-

1792 5533 1971 5604 perbia
2018 5532 2089 5587 sit
2133 5532 2573 5590 immanissimum
2622 5534 2827 5591 vitium.
2871 5535 3196 5607 Evigilemns
3223 5537 3382 5609 igitur

1857 5711 1875 5774 ε
1899 5709 2038 5774 editi,
2061 5709 2280 5774 qutc_sic.
2306 5712 2627 5774 Emendautur
2652 5726 2716 5764 ex
2742 5721 2846 5763 Mss.

1856 5773 1879 5805 θ
1898 5773 1973 5821 sic
1993 5772 2099 5821 Mss.
2125 5772 2241 5822 [ῖΔίιὶ
2265 5787 2401 5834 vero,
2425 5775 2512 5824 sed
2534 5772 2722 5825 iterum.

1864 5834 1882 5864 ³
1900 5840 2075 5882 Omnes
2100 5848 2247 5897 prore
2275 5844 2373 5883 Vss.
2402 5845 2566 5885 carent
2591 5849 2730 5895 voce,
2754 5836 2963 5900 collegis.
