3764 6182
397 241 468 313 ῃ
1173 232 1446 291 CONTRA
1483 231 1865 295 EPISTOLAH
1896 229 2345 299 PARMENJANI,
2382 230 2437 289 S.
2479 229 2844 289 AUGUSTINI
3660 229 3722 293 ω

394 354 698 431 abeundo.
724 363 885 429 atque
907 351 1183 420 videamus
1211 350 1263 408 in
1287 347 1654 411 sacerdotibus
1678 347 1818 421 illius
1847 357 1985 405 tem-

393 450 558 522 poris,
582 462 708 509 cum
732 444 1029 523 corporalia
1055 442 1181 503 vitia
1204 441 1529 513 vitabantur,
1555 440 1707 505 illum
1734 439 1986 515 praeﬁgu-

393 543 499 605 rari
526 543 756 617 quicum
779 548 922 603 esset
945 539 1106 605 Deus,
1134 537 1305 599 Iactus
1328 544 1411 592 est
1436 541 1652 607 propter
1676 547 1775 591 nos
1794 530 1980 603 homo,

393 634 539 691 solus
566 647 725 691 verus
749 634 767 673 ι
797 645 965 709 agnus
992 629 1361 689 immaculatus
1396 633 1451 689 et
1486 624 1741 687 sacerdos
1769 624 1886 681 sine
1910 622 1988 683 vi-

393 727 489 785 tio.
517 724 748 798 Ideoque
771 734 825 779 et
852 732 977 779 tunc
1005 720 1255 776 sacerdos
1282 718 1427 773 solus
1458 715 1687 777 intrabat
1711 716 1761 769 in
1789 715 1985 773 Sancta

394 827 730 882 sanctorum,
760 814 986 886 populus
1023 822 1201 866 autem
1250 810 1424 865 stabat
1466 807 1596 863 foris
1627 825 1641 862 :
1670 807 1809 865 sicut
1845 820 1987 862 nunc

414 913 480 973 lle
510 912 761 971 sacerdos
786 921 903 982 post
929 906 1373 967 resurrectionem
1400 918 1548 959 suam
1576 901 1792 959 intravit
1816 900 1868 959 in
1894 915 1984 959 se-

390 1016 535 1067 .reta
567 1005 849 1067 caelorum,
881 1012 935 1063 ut
965 1000 1031 1061 ad
1062 1000 1335 1054 dexteram
1358 996 1531 1053 Patris
1561 994 1860 1065 interpellet
1891 1009 1988 1065 pro

391 1099 566 1157 nobis.
602 1097 836 1168 Populus
863 1104 1039 1155 autem
1070 1093 1223 1165 cujus
1253 1091 1342 1147 ille
1379 1087 1630 1145 sacerdos
1668 1095 1781 1152 est,
1811 1085 1987 1143 adhuc

392 1191 522 1247 toris
549 1189 737 1261 gemit.
779 1187 909 1245 Nam
941 1202 1061 1241 cum
1091 1185 1371 1254 episcopus
1398 1181 1545 1237 solus
1574 1181 1715 1236 intus
1742 1189 1855 1245 est,
1884 1193 1987 1251 po-

395 1282 554 1351 pulus
582 1290 636 1337 et
664 1289 780 1334 orat
809 1293 930 1333 cum
964 1277 1053 1332 illo
1077 1277 1120 1342 ³,
1149 1283 1202 1329 et
1232 1275 1381 1345 quasi
1409 1270 1749 1329 subscribens
1777 1267 1844 1325 ad
1870 1269 1988 1341 ejus

396 1373 558 1429 verba
585 1370 891 1443 respondet,
914 1369 1105 1424 Anien.
1130 1365 1307 1437 Usque
1328 1363 1462 1419 adeo
1489 1374 1613 1419 tunc
1637 1359 1847 1433 quando
1872 1359 1990 1417 sine

396 1467 504 1529 ulla
547 1465 752 1521 macula
795 1473 850 1519 ct
889 1463 1006 1518 sine
1050 1460 1210 1518 vitio.
1247 1459 1368 1531 quia
1400 1473 1503 1513 non
1544 1463 1787 1528 poterant
1823 1450 1989 1514 animi

396 1559 756 1622 sacerdotum,
786 1572 1008 1627 corpora
1036 1554 1430 1627 qumrebantnr,
1460 1551 1605 1606 solus
1633 1550 1718 1603 ille
1745 1546 1990 1619 prteﬁgu-

396 1653 648 1717 rabatnr,
683 1666 786 1709 non
825 1649 908 1705 isti
948 1646 1165 1723 superbi
1205 1654 1260 1701 et
1295 1643 1470 1716 impii,
1507 1642 1596 1714 qui
1636 1639 1986 1699 fornicantem

395 1744 626 1807 animam
652 1757 755 1799 non
778 1741 954 1801 zelant
977 1753 1196 1811 sponso,
1222 1736 1316 1799 sed
1340 1735 1391 1792 ei
1413 1734 1611 1791 audent
1634 1747 1694 1789 se
1717 1738 1991 1807 ostentare

393 1849 493 1908 pro
522 1849 737 1906 sponso.

465 1924 693 1985 CAPUT
736 1924 866 1981 Vlll.
888 1953 960 1965 —
987 1923 1073 1979 15.
1107 1921 1173 1977 In
1199 1920 1490 1994 Evangelia,
1520 1918 1709 1991 inquit,
1743 1916 1990 1991 scriptum

394 2026 489 2085 est,
527 2036 548 2072 s
577 2015 715 2071 Deus
741 2025 1026 2087 peccatores
1055 2032 1156 2073 nan
1181 2014 1322 2068 audit
1345 2032 1364 2067 :
1387 2012 1475 2067 sed
1502 2011 1544 2065 si
1573 2011 1685 2082 quis
1716 2008 1877 2067 Deum
1905 2023 1991 2062 εοε-

394 2109 473 2181 lit,
502 2118 549 2163 et
573 2108 883 2163 voluntatem
912 2108 1022 2177 ejus
1048 2105 1191 2176 facit,
1224 2108 1357 2159 hunc
1384 2104 1526 2158 audit
1557 2100 1733 2181 (Joan.
1760 2116 1842 2168 ix,
1872 2100 1989 2173 51).

396 2199 464 2255 Ει
503 2198 617 2253 Ιιωο
660 2199 902 2253 absoluta
952 2197 1228 2269 reSponsio
1274 2205 1375 2251 est.
1425 2195 1481 2253 Si
1523 2195 1665 2249 enim
1696 2193 1801 2249 duo
1830 2190 1991 2248 simul

398 2303 583 2357 orent,
617 2305 752 2351 unus
790 2299 1070 2361 peccator,
1104 2298 1158 2346 et
1183 2289 1319 2343 alter
1346 2288 1435 2361 qui
1467 2288 1630 2342 Deum
1656 2285 1785 2341 colit
1811 2295 1865 2340 et
1892 2300 1988 2340 vo-

394 2381 651 2449 luntatem
678 2382 793 2452 ejus
821 2381 965 2447 facit,
991 2379 1241 2439 nimirum
1270 2379 1419 2437 illum
1439 2377 1605 2445 audit,
1628 2385 1683 2433 et
1706 2376 1852 2433 illum
1880 2391 1990 2431 non

395 2474 586 2541 audit?
614 2473 750 2555 Quid
783 2488 911 2546 ergo
939 2474 1039 2529 sibi
1070 2473 1180 2528 vult
1209 2473 1309 2529 hoc
1333 2469 1717 2537 testimonium,
1746 2468 1831 2537 vel
1858 2485 1991 2543 quo-

398 2566 560 2623 modo
590 2582 684 2637 pro
713 2581 773 2631 se
801 2566 1127 2621 arbitrantur
1163 2578 1284 2621 esse
1322 2562 1875 2637 proferendum,.cum
1908 2560 1990 2618 his

396 2658 572 2729 verbis
590 2624 837 2721 inanima
861 2657 1034 2713 securi
1063 2655 1191 2713 ﬁant
1219 2624 1358 2712 inter
1385 2654 1555 2711 malos
1583 2624 1729 2719 boui,
1885 2650 1989 2707 ulla

394 2764 555 2807 causa
579 2750 872 2821 corporalis
891 2748 1241 2820 separationis
1264 2746 1477 2811 existat,
1507 2754 1564 2801 ut
1616 2743 1821 2800 nefario
1848 2742 1990 2799 schi-

394 2850 566 2898 smate
609 2842 853 2901 homines
898 2841 1111 2897 etiama
1152 2839 1305 2895 bonis
1348 2855 1443 2911 per
1481 2837 1639 2895 talem
1668 2835 1989 2892 discordiam

392 2944 744 3011 separentur,
775 2932 1205 3013 quandoquidem
1238 2937 1459 3003 possunt
1484 2940 1539 2986 et
1568 2928 1692 2984 mali
1723 2927 1862 2993 inter
1891 2926 1989 2983 bo-

394 3042 496 3095 nos
539 3028 780 3083 exaudiri
827 3036 1045 3098 proptu-
1090 3025 1246 3081 [idem
1295 3023 1483 3080 suam?
1530 3024 1671 3079 Deus
1711 3021 1853 3078 enim
1898 3021 1989 3093 qui

394 3117 572 3173 cordis
600 3117 872 3199 inspecmr
897 3125 979 3171 est
998 3159 1011 3181 ,
1040 3133 1145 3171 non
1173 3126 1342 3182 errat,
1376 3129 1432 3170 ut
1460 3115 1620 3169 alium
1654 3130 1748 3185 pro
1776 3113 1881 3168 alio
1904 3112 1988 3169 vel

396 3211 643 3266 exaudiat
689 3211 769 3265 vel
816 3211 1057 3289 repellat.
1106 3212 1188 3265 An
1233 3220 1511 3283 propterea
1549 3209 1739 3265 dicunt
1762 3209 1897 3276 hoc,
1930 3216 1991 3263 ut

395 3302 719 3374 intelligatur
746 3305 916 3359 malus
944 3305 1227 3373 episcopus
1267 3318 1373 3361 non
1418 3301 1688 3366 exaudiri,
1730 3315 1850 3356 cum
1892 3314 1988 3371 pro

395 3397 590 3478 populo
634 3399 823 3483 rogat?
865 3397 1018 3465 Quod
1061 3397 1158 3452 etsi
1200 3396 1273 3455 ita
1311 3406 1486 3465 esset,
1520 3412 1622 3452 non
1654 3394 1774 3453 ideo
1809 3402 1985 3450 tamen

390 3490 650 3575 papulus,
694 3491 738 3546 si
786 3491 957 3547 bonus
1000 3501 1158 3562 atque
1205 3491 1374 3546 lidelis
1412 3502 1529 3555 est,
1571 3491 1830 3548 sollicitus
1866 3506 1989 3553 esse

393 3578 635 3638 deberet.
678 3582 907 3649 Securos
946 3583 1088 3637 enim
1131 3582 1251 3639 illos
1280 3579 1407 3647 facit
1430 3581 1703 3652 Scriptura
1731 3600 1849 3655 quae
1872 3583 1983 3639 ait:

398 3671 641 3749 Fratres,
675 3675 782 3729 hwc
824 3674 986 3730 scribo
1025 3675 1191 3749 vab'g,
1230 3685 1283 3731 ut
1325 3693 1425 3730 non
1456 3677 1665 3747 peccetis
1690 3692 1709 3731 :
1733 3685 1779 3730 et
1806 3675 1852 3730 si
1876 3677 1988 3745 quis

398 3691 641 3749 eratres,
675 3691 782 3729 τιατ
824 3691 986 3730 scrtao
1025 3691 1115 3731 vaa
1176 3716 1191 3743 ,
1230 3691 1283 3731 ut
1325 3693 1425 3730 non
1456 3691 1665 3747 peccetis
1690 3692 1709 3731 :
1733 3691 1779 3730 et
1806 3692 1849 3730 st
1876 3693 1988 3745 quis

377 3767 694 3841 peccauerit,
720 3767 1018 3823 advocatum
1043 3691 1283 3825 lanienam
1302 3771 1369 3823 ad
1396 3768 1622 3835 Patrem,
1650 3770 1829 3831 Iesum
1850 3768 1988 3826 Chri-

398 3866 529 3910 stum
547 3859 783 3931 justum;
810 3869 855 3912 et
880 3860 988 3941 ipse
1015 3870 1087 3915 est
1116 3862 1409 3932 propitiatio
1439 3879 1531 3931 pro
1561 3863 1777 3933 peccatis
1804 3865 1987 3919 nostris

399 3949 442 4024 (1
470 3950 627 4006 Jaan.
656 3967 688 4006 ll
710 3994 725 4020 ,
760 3953 811 4016 1,
839 3952 917 4025 2).
951 3952 1060 4023 lloe
1087 3970 1245 4029 quam
1285 3955 1459 4021 veraci
1496 3964 1549 4010 et
1577 3955 1659 4035 pia
1693 3955 1987 4017 humilitate

397 4041 595 4100 dictum
641 4043 710 4097 sit
750 4044 1002 4112 audiant,
1042 4045 1086 4100 si
1133 4045 1329 4101 habent
1369 4059 1528 4100 aures
1566 4046 1706 4101 unde
1747 4046 1983 4113 audiant.

396 4133 633 4201 Joannes
657 4136 797 4190 enim
826 4137 976 4207 dixit,
1011 4137 1136 4194 llaec
1162 4139 1326 4193 scriba
1349 4136 1506 4209 vobis,
1543 4148 1600 4194 ut
1627 4156 1728 4195 non
1753 4140 1984 4212 peccetis.

395 4223 450 4280 Si
481 4226 657 4301 itaque
696 4240 1045 4299 sequeretur,
1077 4238 1131 4285 et
1158 4229 1362 4285 diceret
1386 4228 1428 4297 ³,
1460 4229 1523 4285 Et
1556 4229 1599 4284 si
1642 4231 1759 4313 quis
1794 4248 1987 4307 pecca-

396 4319 559 4382 verit.
588 4320 901 4376 advocatum
946 4322 1153 4378 habetis
1178 4321 1244 4377 ad
1275 4322 1485 4389 Patrem
1512 4322 1691 4379 Jesum
1718 4324 1985 4381 Christum

397 4410 627 4489 iustum;
669 4421 725 4471 et
767 4412 880 4483 ipse
913 4422 995 4469 est
1035 4414 1341 4485 propitiatio
1371 4429 1468 4485 pro
1496 4415 1729 4491 peccatis
1758 4416 1982 4483 veStris;

392 4518 453 4559 se
479 4502 649 4589 ipsum
678 4519 707 4559 a
734 4504 1079 4574 peccantibus
1115 4507 1266 4583 quasi
1304 4521 1616 4585 segregasse
1645 4505 1668 4539 ⁸
1692 4505 1982 4578 videretur,

395 4604 452 4646 ut
480 4593 591 4677 jam
624 4611 728 4649 non
774 4594 822 4650 ei
867 4610 1003 4666 opus
1044 4607 1187 4652 esset
1225 4597 1616 4673 propitiatione,
1657 4613 1776 4671 quas
1807 4598 1864 4653 tit
1889 4614 1986 4677 per

393 4683 736 4742 Mediatorem
764 4687 1039 4743 sedentem
1067 4687 1132 4744 ad
1159 4689 1432 4746 dexteram
1457 4689 1629 4748 Patris
1654 4700 1707 4747 et
1733 4692 1987 4763 interpel-

399 4775 592 4831 lantem
623 4792 723 4848 pro
753 4778 905 4843 nobis
950 4779 1124 4853 (Rom.
1154 4797 1242 4837 vut
1263 4822 1277 4848 ,
1307 4782 1419 4853 54).
1460 4780 1611 4853 Quod
1655 4783 1838 4861 utique
1876 4800 1984 4840 non

394 4866 569 4922 solum
614 4868 871 4940 superbe,
916 4872 1009 4926 sed
1048 4873 1206 4930 etiam
1240 4868 1373 4928 falso
1400 4874 1618 4935 diceret.
1649 4872 1702 4928 Si
1746 4888 1874 4928 vero
1913 4875 1984 4931 ita

393 4959 616 5027 diceret,
646 4959 772 5033 ηενρ
797 4962 985 5035 scripsi
1013 4965 1181 5033 vobis,
1211 4975 1269 5021 ut
1292 4981 1397 5023 non
1425 4964 1653 5037 peccetis
1679 4982 1692 5019 :
1715 4972 1769 5019 et
1793 4965 1836 5019 si
1863 4966 1984 5036 quis

392 5054 711 5125 peccaverit,
746 5054 1091 5112 mediatorem
1122 5075 1204 5113 me
1232 5057 1438 5112 habetis
1463 5056 1527 5110 ad
1550 5055 1779 5121 Patrem,
1810 5068 1862 5111 et
1882 5074 1982 5130 ego

393 5157 561 5199 exoro
583 5158 678 5215 pro
701 5157 929 5216 peccatis
952 5150 1141 5204 vestris
1168 5149 1330 5218 (sicut
1350 5145 1732 5203 Parmcnianus
1751 5130 1979 5220 quodam

395 5232 514 5289 loco
551 5236 895 5293 mediatorem
937 5240 1112 5312 posuit
1144 5240 1450 5310 episcopum
1482 5238 1620 5295 inter
1648 5222 1898 5310 populum
1929 5248 1981 5296 et

456 5373 474 5449 :
497 5373 664 5449 eet.
687 5387 844 5449 ms.
871 5389 901 5427 ο
923 5375 1171 5449 uerene
1194 5383 1301 5431 uss.

454 5436 475 5467 ²
496 5436 570 5485 Sic
590 5433 663 5485 Er.
689 5444 740 5487 et
762 5433 869 5488 Lov.
897 5433 953 5487 Αἰ
991 5433 1140 5488 editio
1181 5436 1552 5488 amerbacbiana
1583 5451 1693 5488 cum
1735 5433 1981 5487 Gallicanis

660 5497 937 5564 Midaaeliuo
959 5509 1011 5550 et
1046 5499 1359 5564 Pratellensi,
1379 5512 1494 5551 nan
1528 5512 1641 5551 cum
1659 5497 1880 5564 episcopo
1900 5512 1980 5550 sa-

389 5568 479 5625 nus
499 5557 626 5609 intus
648 5567 719 5611 est
740 5561 958 5625 populus,
984 5567 1031 5613 et
1051 5568 1156 5612 orat
1178 5557 1410 5614 cum

458 5620 478 5682 ἕ
501 5626 549 5668 tn
567 5630 701 5682 _Mss.,
732 5620 782 5674 ut
802 5620 1001 5675 "diceret.

388 5679 723 5807 qutmqalucani
771 5693 906 5745 Mss,
967 5698 999 5735 a
1053 5684 1357 5751 peccantibus
1422 5698 1741 5755 segregem;
1784 5686 1978 5748 om'wSO.

2097 345 2290 418 Deum)
2309 362 2325 413 ;
2354 345 2473 417 quis
2496 361 2621 404 eum
2641 346 2803 402 ferret
2823 345 3086 401 bonorum
3105 353 3265 418 atque
3286 344 3562 405 ﬁdelium
3583 344 3737 425 clari-3

2095 438 2426 496 stlanorum?
2452 440 2574 514 quis
2597 439 2734 495 sicut
2758 438 3058 510 apostolum
3082 436 3306 506 Christi,
3332 447 3398 495 et
3432 450 3560 494 non
3588 438 3737 495 sicut

2095 530 2464 587 antichristum
2506 530 2840 591 intueretur?
2882 529 2952 587 Et
2981 539 3158 585 tamen
3195 529 3344 587 lacus
3386 528 3601 586 detriti
3638 528 3737 597 ῐυτ

2095 640 2301 685 mosam
2326 641 2519 697 aquam
2576 626 2798 682 istorum
2837 623 3142 695 superbiam
3182 622 3357 681 ferunt
3382 624 3445 691 ⁸,
3495 630 3561 678 et
3599 622 3737 694 Spi-;

2095 719 2256 775 ritum
2300 728 2543 775 sanctum
2592 719 2868 775 continere
2918 732 3023 772 non
3069 726 3324 787 possunt,
3374 725 3448 771 ut
3499 712 3737 770 servent1

2095 811 2352 868 unitatem
2397 810 2613 883 Spiritus
2650 811 2701 866 in
2739 809 2952 866 vinculo
2984 809 3128 881 pacis
3162 809 3382 881 (Epltes.
3420 825 3512 874 tv,
3545 809 3645 878 ὃ),
3670 818 3718 866 et

2096 906 2149 960 in
2193 904 2441 962 omnibus
2481 904 2811 964 orationibus
2854 902 2966 961 suis
3008 902 3078 960 de
3116 918 3224 959 uno
3265 904 3594 961 mediatore
3633 894 3737 959 se-i

2094 997 2208 1059 euri
2237 997 2364 1052 sint.

2170 1091 2259 1146 16.
2302 1088 2556 1147 Homines
2602 1089 2744 1145 enim
2788 1104 2978 1146 omnes
3021 1088 3297 1145 christiani
3344 1087 3607 1144 invicem
3656 1100 3713 1144 se

2096 1183 2477 1241 commendant
2503 1183 2835 1241 orationibus
2867 1184 3000 1239 suis.
3032 1181 3137 1239 Pro
3165 1198 3271 1254 quo
3304 1193 3504 1236 autem
3539 1180 3737 1257 nullus?

2097 1272 2444 1347 interpellat,
2473 1275 2569 1330 sed
2614 1275 2729 1347 ipse
2761 1289 2859 1349 pro
2884 1275 3133 1330 omnibus
3156 1314 3173 1342 ,
3222 1274 3308 1328 hic
3337 1290 3493 1329 unus
3528 1288 3713 1329 verus-

2097 1361 2202 1440 qite
2242 1368 2503 1426 Mediator
2540 1376 2622 1423 est
2659 1385 2673 1421 :
2711 1368 2862 1438 cujus
2903 1377 3060 1442 typus
3098 1367 3349 1435 quoniam
3384 1366 3711 1438 pra-ﬁgura-

2097 1461 2255 1517 batur
2296 1460 2354 1518 1n
2401 1461 2679 1517 sacerdote
2726 1460 2934 1516 Veteris
2970 1459 3298 1515 Testatnenti
3325 1501 3340 1525 ,
3373 1458 3574 1514 nullus
3611 1460 3737 1525 illic,

2100 1553 2369 1615 invenitur
2412 1570 2596 1610 orasse
2622 1570 2721 1625 pro
2749 1553 3048 1610 sacerdote.
3096 1553 3290 1607 Paulus
3340 1562 3541 1608 autem
3590 1558 3737 1625 apo-1

2099 1649 2269 1706 stolus
2309 1664 2611 1727 quanquam
2641 1646 2739 1703 sub
2764 1648 2936 1717 capite
2978 1647 3303 1718 prtecipuum
3350 1645 3671 1703 membrum
3691 1686 3706 1712 ,
3736 1706 3737 1715 χ

2100 1741 2195 1797 sed
2245 1753 2420 1795 tamen
2467 1741 2588 1810 quia
2632 1740 2928 1794 membrum
2958 1747 3044 1793 est
3072 1737 3315 1808 corporis
3358 1737 3617 1805 Christi,
3659 1747 3709 1793 et

2101 1842 2327 1888 noverat
2354 1848 2459 1886 non
2494 1848 2591 1902 per
2618 1832 2839 1904 ﬁguram
2879 1831 2934 1886 in
2972 1831 3221 1887 interiora
3253 1829 3356 1889 veli
3402 1830 3478 1891 ad
3513 1829 3705 1887 Sancta
3736 1830 3737 1855 λ

2100 1934 2406 1982 sanctorum
2457 1922 2657 1996 (Hebr.
2708 1938 2761 1977 ix
2788 1965 2803 1989 ,
2834 1919 2979 1992 12),
3031 1921 3127 1977 sed
3171 1937 3268 1992 per
3305 1936 3630 1993 espreSSam
3657 1928 3708 1975 et

2099 2014 2360 2070 redditam
2407 2013 2682 2069 veritatem
2709 2013 2730 2045 ’
2761 2013 2815 2068 in
2854 2011 3105 2068 interiora
3151 2011 3305 2079 εαξη,
3351 2013 3418 2067 ad
3447 2013 3704 2077 sanctita-
3736 2018 3737 2033 ‘

2103 2116 2208 2162 tem
2234 2122 2339 2162 non
2372 2106 2735 2179 imaginariam
2757 2147 2770 2171 ,
2819 2106 2913 2160 sed
2951 2117 3206 2161 arternam
3233 2146 3247 2170 ,
3278 2120 3379 2178 pro
3429 2106 3597 2162 nobis
3625 2106 3701 2160 in-
3736 2128 3737 2135 η

2102 2208 2272 2253 trasse
2296 2199 2590 2255 maximum
2634 2207 2688 2252 et
2721 2196 3056 2253 verissimum
3087 2196 3422 2251 sacerdotem
3444 2239 3463 2264 ,
3514 2197 3700 2252 Eecle~
3736 2188 3737 2239 ἒ

2100 2289 2194 2344 sia:
2220 2306 2279 2345 se
2307 2288 2637 2347 orationibus
2666 2299 2721 2346 et
2751 2290 2863 2367 ipse
2890 2287 3232 2349 commendat
3255 2286 3278 2319 ³
3308 2305 3322 2343 :
3363 2304 3465 2344 nec
3496 2288 3699 2343 media-
3736 2294 3737 2361 ς

2103 2390 2273 2437 torem
2311 2395 2370 2437 se
2410 2380 2533 2437 facit
2561 2381 2698 2435 inter
2745 2380 2994 2453 papulutn
3043 2385 3098 2434 et
3124 2379 3289 2434 Deum
3321 2395 3336 2439 :
3366 2378 3462 2434 sed
3510 2378 3695 2450 rogat‘
3736 2386 3737 2421 Τ

2101 2482 2159 2528 ut
2198 2488 2296 2551 pro
2345 2489 2404 2531 se
2455 2482 2611 2531 orent
2655 2474 2884 2531 invicem
2933 2472 3110 2528 omnia
3160 2475 3400 2528 membra
3456 2473 3697 2543 corporis
3736 2494 3737 2505 ι

2099 2566 2293 2633 Christi
2324 2585 2337 2621 :
2361 2569 2612 2641 quoniam
2638 2583 2733 2637 pro
2762 2567 2986 2621 invicem
3011 2565 3236 2622 sollicita
3277 2571 3404 2620 sunt
3432 2565 3691 2630 membra,
3736 2602 3737 2641 ἶ

2100 2670 2156 2717 et
2199 2658 2244 2717 si
2289 2661 2485 2731 patitur
2509 2676 2673 2714 unum
2702 2658 2999 2717 membrum
3024 2697 3042 2725 ,
3080 2658 3482 2729 compatiuntur
3521 2655 3694 2711 omnia
3736 2696 3737 2729 γ

2099 2748 2339 2809 membra
2385 2768 2401 2820 ;
2438 2761 2494 2807 et
2534 2751 2577 2809 si
2624 2750 2950 2823 glorificatur
2990 2764 3151 2805 unum
3184 2748 3483 2805 membrum
3518 2789 3537 2816 ,
3567 2762 3688 2803 con-
3736 2790 3737 2793 η

2099 2842 2333 2921 gaudent
2372 2841 2550 2898 omnia
2580 2841 2816 2896 membra
2845 2840 2864 2913 (
2886 2838 2907 2896 l
2932 2840 3051 2896 Car.
3083 2857 3156 2897 xu
3177 2882 3194 2909 ,
3222 2840 3317 2907 25,
3342 2838 3456 2914 26)
3487 2859 3503 2895 :
3535 2857 3598 2897 ac
3620 2840 3690 2896 sic
3736 2860 3737 2869 η

2098 2935 2269 2990 oratio
2319 2950 2418 3009 pro
2463 2934 2687 2989 invicem
2731 2934 3093 2989 membrorum
3140 2934 3380 2989 omnium
3426 2933 3606 2990 adhuc
3638 2930 3685 2988 in
3736 2972 3737 3015 ι

2098 3038 2238 3085 terra
2283 3027 2659 3092 laborantium,
2701 3027 2956 3083 ascendat
3003 3026 3069 3082 ad
3098 3035 3257 3098 caput
3295 3027 3437 3099 quod
3462 3041 3685 3099 prmceso

2096 3125 2168 3179 sit
2196 3123 2247 3178 in
2277 3124 2501 3197 cmlum,
2542 3121 2594 3178 in
2634 3137 2740 3193 quo
2767 3130 2850 3176 est
2878 3121 3179 3192 propitiatio
3205 3136 3300 3191 pro
3322 3123 3559 3191 peccatis
3595 3133 3683 3173 no—

2094 3215 2242 3270 stris.
2282 3213 2413 3270 Nam
2460 3214 2505 3269 si
2535 3224 2679 3270 esset
2724 3212 2985 3268 mediator
3029 3211 3259 3277 Paulus,
3289 3220 3472 3267 essent
3511 3210 3683 3280 utique
3736 3210 3737 3245 ἓ

2096 3314 2152 3363 et
2188 3306 2370 3362 caeteri
2415 3305 2707 3379 coapostoli
2749 3304 2897 3375 ejus,
2934 3317 2997 3358 ac
3043 3303 3121 3357 sic
3167 3302 3321 3357 multi
3367 3302 3680 3357 mediatores

2096 3410 2275 3462 essent
2306 3415 2322 3466 ;
2369 3414 2467 3454 nec
2512 3370 2611 3470 ipsi
2648 3370 2815 3453 Paulo
2844 3405 3110 3451 constaret
3148 3395 3284 3449 ratio
3312 3409 3416 3466 qua
3447 3395 3674 3456 dixerat,
3736 3370 3737 3437 ἲ

2100 3491 2244 3557 Unus
2259 3492 2393 3549 enim
2410 3488 2565 3553 Deus,
2588 3505 2718 3545 unus
2735 3497 2779 3543 et
2798 3488 3044 3542 mediator
3068 3485 3161 3541 Dei
3188 3497 3233 3540 et
3257 3485 3519 3540 hominum
3538 3486 3675 3538 homo
3736 3478 3737 3517 ³

2095 3582 2327 3643 Christus
2362 3583 2515 3637 Iesus
2538 3582 2555 3650 (
2576 3578 2599 3643 ι
2620 3581 2751 3636 Tim.
2781 3596 2838 3645 ιι,
2866 3579 2899 3636 5
2919 3581 2958 3652 ).
2981 3577 3037 3635 lu
3067 3595 3174 3652 quo
3198 3586 3253 3636 et
3278 3593 3376 3633 nos
3405 3594 3569 3634 unum
3598 3589 3676 3631 su-
3736 3622 3737 3633 ς

2097 3689 2237 3741 mus,
2270 3674 2315 3730 si
2344 3688 2619 3733 servemus
2645 3671 2897 3728 unimtem
2925 3672 3142 3742 spiritus
3169 3671 3219 3725 in
3250 3671 3467 3727 vinculo
3493 3670 3632 3742 pacis
3659 3687 3672 3721 :

2096 3783 2197 3825 nec
2244 3776 2463 3839 propter
2501 3767 2668 3821 malos
2723 3767 2890 3821 bonos
2938 3765 3285 3832 deseramus,
3334 3762 3429 3820 sed
3470 3772 3674 3836 propter

2094 3862 2265 3919 bonos
2306 3861 2474 3915 malos
2521 3859 2881 3924 suﬂ‘eramus;
2934 3871 3000 3912 ne
3036 3871 3157 3912 cum
3205 3856 3496 3911 defendere
3539 3855 3675 3910 volu-

2096 3972 2235 4022 mus,
2253 3954 2393 4037 quod
2426 3955 2704 4013 temeraria
2729 3950 3143 4024 praesumptione
3160 3951 3474 4023 reliquimus
3493 3950 3516 3983 '
3541 3949 3673 4005 inco-
3736 4000 3737 4009 χ

2095 4049 2269 4133 gnitos
2296 4088 2313 4116 ,
2360 4061 2613 4127 cogamur
2686 4043 2877 4121 majori
2947 4042 3149 4099 scelere
3189 4040 3449 4097 damnare
3478 4037 3671 4098 inaudi-

2096 4150 2200 4200 tos.

2167 4235 2256 4293 17.
2295 4232 2430 4291 Cum
2466 4232 2624 4289 etiam
2669 4239 2871 4289 certum
2914 4230 2986 4286 sit
3036 4229 3160 4304 quia
3206 4238 3516 4301 peccatores
3545 4228 3671 4283 Deus

2094 4329 2244 4385 audit
2290 4346 2305 4382 :
2354 4326 2495 4399 quod
2522 4326 2735 4398 quidem
2764 4325 3030 4383 invenitur
3055 4323 3107 4379 in
3138 4322 3449 4394 Scripturis.
3471 4320 3667 4377 Balaam
3736 4338 3737 4405 ἦ

2095 4421 2353 4497 propheta
2384 4436 2491 4475 non
2516 4419 2582 4474 de
2609 4419 2804 4490 populo
2834 4416 2997 4473 Israel
3017 4458 3031 4482 ,
3059 4414 3152 4473 sed
3183 4413 3479 4486 alienigena
3505 4456 3520 4481 ,
3550 4425 3667 4469 σου·
3736 4446 3737 4453 η

2094 4513 2288 4573 ductus
2312 4512 2379 4568 ab
2404 4511 2617 4571 inimico
2643 4510 2665 4542 ⁸
2694 4518 2749 4564 ut
2783 4507 2978 4580 populo
3007 4507 3097 4563 Dei
3135 4505 3513 4573 malediceret,
3556 4517 3666 4560 con-

2094 4623 2282 4675 versus
2300 4622 2331 4662 a
2355 4605 2577 4665 Domino
2601 4602 2668 4659 ad
2692 4600 3111 4661 benedicendum
3141 4608 3223 4657 est
3246 4602 3267 4672 (
3291 4598 3449 4654 Nam.
3477 4593 3663 4667 XXIV):
3736 4602 3737 4669 ξ

2158 4746 2176 4783 ⁸
2201 4742 2408 4795 Vaticani
2431 4740 2651 4803 codices,
2688 4738 2925 4803 [inlusam
2948 4736 3152 4803 istarum
3184 4734 3465 4803 ster
3484 4736 3664 4799 [enati

2092 4808 2287 4875 omisso,
2311 4795 2749 4875 amminicalliqini
2765 4801 2870 4874 duo
2890 4808 3014 4875 iussu.
3041 4795 3277 4875 fantast
3298 4795 3503 4875 istarum
3524 4808 3663 4875 esse:

2091 4861 2285 4938 tionem‘
2309 4861 2540 4938 fecerunt.
2577 4864 2919 4938 Beqignianus,
2943 4861 3179 4938 rumpatur:
3200 4861 3428 4938 istarum
3467 4861 3664 4938 fet-erigit

2490 4923 2719 4998 δαψιθηῖ
2755 4923 2952 4975 tandem
2987 4923 3164 4988 Belgici
3198 4929 3434 4986 uss.,pro
3457 4954 3474 4984 ν
3510 4930 3642 4985 lupo!

2091 4993 2240 5068 δέΨῂ
2261 4993 2463 5068 “PQ”?!

2153 5043 2276 5122 ’f'sie‘
2289 5043 2471 5122 habent
2487 5043 2602 5122 Mss,
2625 5051 2743 5101 editi
2765 5062 2905 5106 vero,
2922 5057 2980 5122 _et_
2991 5043 3641 5122 ᾕνηξξιηιλυεῖᾷαεεῖηεμὼῴ

2155 5119 2179 5155 ι
2201 5118 2339 5184 suis.
2363 5120 2409 5165 ει
2432 5111 2734 5184 wisan
2758 5112 3059 5184 meum
3089 5111 3335 5184 eam.
3369 5119 3421 5184 δε
3450 5111 3658 5184 equae

2092 5180 2178 5237 bus
2201 5169 2424 5293 [fidelium
2441 5182 2489 5228 et
2510 5174 2612 5240 ipse
2635 5174 2952 5229 continenda.
2978 5174 3145 5232 Abest,
3175 5169 3415 5237 ﬁdelium,
3448 5181 3478 5218 a
3510 5178 3657 5218 mauu-
3736 5169 3737 5239 ξ

2092 5257 2211 5293 scrin
2250 5257 2291 5293 s.
3736 5278 3737 5293 η

2085 5252 2291 5308 scriptis.

2149 5293 2420 5367 cpiam“
2436 5307 2549 5369 ptes.
2573 5305 2892 5369 praetereunt,
2914 5297 3170 5369 εᾳάωῃας,
3193 5301 3248 5346 ει
3268 5293 3397 5369 illi?!
3407 5299 3533 5357 1³08⁸,

2085 5368 2295 5435 gaudent
2317 5356 2479 5434 «Samia
2498 5356 2712 5414 meinbra
2728 5374 2748 5422 ;
2778 5362 2848 5412 sic
2879 5356 3091 5420 habent;
3113 5356 3278 5430 dicrns
3315 5356 3476 5413 mitem
3544 5356 3659 5407 sdw-
3736 5356 3737 5423 ᾖ

2085 5436 2250 5494 catum
2271 5427 2454 5494 habetis
2471 5437 2559 5491 pro
2572 5424 2722 5494 salute
2733 5423 3065 5494 membrorum
3081 5430 3291 5494 annuum
3305 5418 3468 5494 adhuc
3482 5394 3532 5468 in
3547 5424 3660 5494 terre
3736 5464 3737 5494 ,

2086 5490 2421 5563 laborantium,
2678 5484 2743 5537 ad
2772 5491 2934 5549 caput,
2960 5492 3085 5546 ate;
3108 5484 3302 5534 omissis
3330 5482 3657 5542 vertat-gessit

2084 5562 2239 5607 oratio
2256 5567 2349 5629 pro
2366 5564 2584 5626 uincent.
2854 5609 2866 5620 _
2971 5608 2982 5620 _

2147 5618 2168 5689 ἶ
2193 5617 2309 5689 ἔφη
2334 5615 2600 5689 “fluuii”?
2624 5609 3145 5689 νθῖζὶῖθιΨΜμίίξζ-
3176 5681 3191 5689 -
3226 5666 3452 5689 ...μψῴ
3515 5660 3656 5689 _.....,..-

2093 5678 2183 5794 De;
2195 5663 2607 5739 Εᾶἰὶἰίὰὺάιηὶεο.
2629 5680 2684 5724 At
2706 5663 2831 5734 stas,
2855 5663 2925 5723 ab‘
2949 5670 3147 5723 iam
3170 5681 3191 5721 :
3226 5666 3483 5734 Μθασθο
3513 5663 3656 5741 Ρονυδ
