3764 6218
344 283 417 340 οδ
1136 273 1408 332 CONTRA
1441 271 1822 330 EPISTULAM
1862 270 2302 339 PARMENIANI,
2342 272 2396 328 S.
2441 269 2805 328 AUGUS'l’lNl

2034 386 2103 441 de
2150 385 2256 440 illis
2286 385 2518 456 peccatis
2543 383 2755 452 dicitur,
2784 399 2903 456 quae
2934 383 2985 439 in
3028 382 3286 455 Baptismi
3332 395 3697 457 W

2035 477 2177 531 tione
2218 475 2434 531 dimissa
2480 486 2621 543 sunt,
2661 474 2752 531 sed
2782 475 2852 531 de
2892 475 2957 532 iis
2984 490 3103 548 qua:
3139 474 3378 548 quotidie
3403 476 3501 534 de
3557 491 3695 532 sa-

2034 568 2139 623 culi
2182 567 2529 623 amarissimis
2567 567 2856 623 frnctibus'
2897 568 3143 625 humanae
3170 570 3296 625 vitae
3335 569 3692 627 inﬁrmitas

2035 657 2317 720 contrahit.
2363 659 2552 729 quibus
2595 659 2843 716 curandis
2883 659 3205 717 adhibentur
3233 661 3695 719 medicamenta

2035 751 2515 823 elcemosynarum,
2544 752 2866 822 jejuniorum
2895 765 2952 810 et
2975 756 3298 825 orationum,
3330 766 3389 812 ut
3414 756 3483 813 in
3530 772 3691 814 ora-

2037 845 2181 900 tione
2227 845 2434 900 dicatur
2472 845 2614 917 quod
2660 847 2713 903 in
2754 848 3108 922 eleemosynis
3148 851 3344 922 agitur.
3391 850 3563 908 Nam
3628 862 3694 908 et
3746 868 3747 877 ‘

2039 947 2313 1007 peccatum
2353 940 2494 1009 quod
2535 940 2587 995 in
2617 949 2666 997 te
2695 942 2832 998 alter
2873 942 3108 1010 admisit,
3151 944 3445 1012 dimittere,
3486 955 3573 1003 ut
3626 956 3693 1002 et
3746 982 3747 1025 ξ

2037 1029 2132 1084 tibi
2176 1030 2315 1086 Deus
2339 1030 2590 1098 dimittat,
2626 1049 2872 1105 magnum
2918 1050 3051 1105 opus
3096 1035 3501 1094 misericordic
3550 1046 3685 1094 est.
3746 1046 3747 1103 ἲ

2036 1122 2189 1192 Quod
2233 1125 2279 1179 si
2329 1124 2429 1180 hoc
2468 1126 2519 1181 in
2562 1127 2804 1183 oratione
2849 1128 2969 1184 ficte
3014 1139 3069 1185 et
3106 1146 3212 1186 non
3255 1133 3554 1188 veraciter
3582 1132 3685 1187 di-

2036 1217 2222 1281 cunt',
2270 1226 2517 1286 putantes
2558 1234 2616 1273 se
2670 1234 2773 1274 non
2829 1219 3028 1276 habere
3069 1223 3209 1292 quod
3256 1224 3337 1279 eis
3392 1223 3681 1280 dimittat

2038 1307 2200 1373 Deus,
2228 1309 2456 1381 idipsum
2481 1322 2565 1368 est
2585 1312 2903 1383 inexpiabile
2923 1314 3279 1385 sacrilegium,
3301 1331 3362 1372 ea
3388 1316 3519 1388 ipsa
3554 1317 3681 1372 im-

2037 1401 2123 1472 pia
2166 1411 2249 1459 est
2292 1414 2343 1459 et
2372 1420 2567 1461 vesana
2607 1408 2875 1478 superbia,
2919 1409 3059 1479 quod
3098 1418 3182 1465 est
3219 1420 3369 1467 certe
3395 1411 3676 1468 immane

2039 1504 2335 1565 peccatum.
2392 1497 2521 1552 Nam
2567 1498 2636 1555 de
2687 1500 2959 1556 morituris
3007 1502 3207 1557 muscis
3251 1502 3379 1573 quid
3426 1502 3675 1571 dicam,
3746 1554 3747 1557 η

2037 1586 2252 1657 quando
2281 1588 2332 1643 itt
2363 1589 2441 1644 eis
2459 1605 2565 1645 non
2592 1591 3098 1659 morituros'adbuc,
3129 1592 3222 1679 sed
3245 1594 3355 1663 jam
3387 1606 3673 1652 mortuos
3746 1596 3747 1607 ‘

344 397 468 453 mihi
491 396 616 453 sicut
633 409 764 467 aqua
789 391 1025 458 mendax,
1038 389 1283 460 sinquit,s
1296 404 1395 443 non
1411 389 1597 443 habens
1617 385 1919 460 [idems(1d.

350 504 442 555 xv,
496 483 696 559 18).Et
713 484 846 541 illud
874 482 1011 555 quod
1032 482 1275 552 scriptum
1301 489 1393 546 est,
1425 478 1554 548 «Qui
1581 480 1868 550 baptizatur
1894 496 1925 532 a

347 590 544 635 mortuo
567 581 606 646 ¹,
627 579 749 650 quid
774 575 971 648 proﬁcit
996 573 1179 629 lavatio
1204 573 1342 643 ejus:
1372 569 1558 645 (Eccli.
1588 585 1774 636 xxxw,
1807 567 1927 641 '50)?

356 672 423 727 Et
453 673 583 727 illud
608 673 658 725 in
680 668 891 725 Psalmo
912 683 932 722 :
958 685 977 719 ι
1004 665 1182 721 Oleum
1212 674 1378 718 autem
1405 663 1679 735 peccatoris
1707 678 1808 715 non
1828 662 1927 715 im—

354 766 555 837 uinguet
582 771 734 832 caput
757 777 922 816 meum
950 779 969 811 ι
990 756 1159 830 (Psal.
1187 771 1309 822 cn,
1342 756 1375 810 5
1393 754 1436 827 ).
1466 753 1533 808 Et
1553 754 1735 808 iterum
1759 752 1881 807 alibi
1910 767 1930 807 :

355 873 373 905 ‹
389 855 578 909 Musca:
601 854 858 907 moritura:
871 850 1203 906 exterminant
1229 848 1394 902 oleum
1419 847 1705 901 suavitatis»
1734 844 1926 915 (Ercle.

348 961 399 1011 ι,
429 945 513 1017 1).
542 943 608 1000 Et
627 944 748 999 alibi
774 960 793 999 :
830 961 850 996 ί
886 942 1110 1015 Spiritus
1138 940 1270 995 enim
1293 948 1496 993 sanctus
1524 936 1809 1007 disciplina:
1848 940 1929 1008 ef-

343 1038 504 1109 fugiet
546 1038 719 1106 ﬁctam
746 1077 761 1101 ,
807 1046 855 1090 et
896 1037 1090 1107 auferet
1118 1050 1173 1088 se
1199 1049 1233 1086 a
1256 1029 1641 1101 cogitationibus
1678 1045 1793 1100 qua:
1815 1036 1932 1083 sunt

341 1129 447 1183 sine
479 1129 734 1183 intellectu
768 1145 787 1180 ι
831 1127 991 1199 (Sep.
1020 1143 1069 1190 ι,
1099 1127 1133 1180 5
1153 1123 1196 1197 ).
1247 1123 1372 1179 Htcc
1391 1122 1567 1177 omnia
1607 1121 1650 1175 si
1678 1137 1743 1176 eo
1772 1120 1932 1176 modo

346 1219 684 1291 intelligenda
715 1229 836 1274 sunt
860 1258 876 1285 ,
904 1233 1010 1289 quo
1038 1217 1106 1272 ab
1132 1216 1247 1270 istis
1277 1214 1674 1285 intelliguntur,
1707 1228 1805 1268 nec
1830 1228 1930 1268 no-

342 1311 424 1366 bis
473 1327 570 1368 nec
617 1313 745 1383 ipsis
793 1311 1119 1381 conquadrat
1172 1309 1308 1362 ratio
1348 1306 1607 1361 veritatis.
1649 1305 1708 1360 Si
1750 1314 1931 1361 autem

343 1401 447 1458 alio
489 1403 647 1458 modo
683 1402 916 1460 docuero
946 1398 1285 1470 intelligenda
1309 1439 1326 1466 ,
1375 1398 1450 1453 illi
1488 1398 1587 1453 soli
1628 1413 1724 1453 sua
1755 1397 1931 1467 pravi-

347 1500 453 1548 tate
484 1494 779 1548 turbantur.
823 1491 927 1548 Sed
958 1501 1143 1547 utnon
1171 1490 1480 1554 turbentur,
1512 1489 1579 1545 ad
1606 1489 1931 1557 catholicum

343 1584 609 1655 refugiant
649 1584 973 1641 intellectum
1013 1601 1028 1639 :
1073 1585 1197 1655 quia
1238 1598 1343 1639 non
1390 1583 1672 1638 inveniunt
1725 1583 1932 1638 exitum

342 1678 735 1748 responsionis,
790 1677 917 1733 dum
960 1677 1272 1733 irretiuutur
1328 1674 1556 1732 crimine
1603 1674 1929 1731 schismatis.

344 1767 553 1825 Habent
596 1769 739 1825 enim
785 1780 930 1826 certe
981 1770 1140 1825 etiam
1187 1768 1285 1839 ipsi
1319 1784 1337 1834 ;
1369 1784 1474 1823 non
1514 1767 1726 1835 dicam,
1774 1766 1935 1823 Tales

342 1873 508 1930 sunt,
556 1864 648 1920 sed
687 1864 787 1921 hoc
832 1864 1040 1932 dicam,
1073 1863 1215 1934 quod
1262 1862 1347 1919 vel
1377 1861 1629 1930 fatentur,
1675 1860 1758 1916 vel
1788 1861 1933 1916 iusa-

341 1959 563 2015 nissime
607 1969 800 2031 negant
851 1977 868 2026 ;
920 1958 1118 2015 habent
1164 1972 1295 2029 ergo
1346 1957 1506 2014 etiam
1556 1956 1658 2028 ipsi
1696 1955 1932 2012 derelin-

341 2059 567 2121 quentes
620 2051 786 2107 Deum
829 2052 892 2121 ³,
949 2050 1040 2122 qui
1091 2059 1175 2107 est
1219 2050 1340 2106 fons
1385 2065 1539 2121 aqua:
1592 2050 1726 2105 vivae
1756 2090 1773 2116 ,
1828 2048 1934 2106 hoc

340 2151 426 2199 est
464 2184 480 2208 ,
531 2142 711 2215 inique
773 2142 1032 2198 viventes.
1095 2142 1278 2214 Neque
1330 2142 1477 2198 enim
1544 2142 1814 2214 pedibus,
1864 2158 1928 2200 ac

343 2247 453 2288 non
502 2233 667 2290 corde
711 2234 1028 2305 relinquitur
1093 2232 1255 2288 Deus.
1314 2232 1527 2289 Habent
1573 2242 1630 2290 et
1690 2234 1928 2291 menda-

342 2339 454 2393 ces,
484 2336 538 2382 et
566 2341 671 2382 non
699 2324 956 2382 habentes
987 2324 1168 2393 lldem,
1195 2325 1337 2381 aliud
1362 2324 1674 2396 proﬁtentes
1697 2335 1751 2382 et
1774 2326 1934 2383 aliter

343 2429 741 2476 conversantes.
771 2419 983 2476 Habent
1008 2421 1167 2475 etiam
1208 2430 1447 2474 mortuos
1474 2437 1490 2475 :
1516 2419 1560 2474 si
1599 2420 1743 2475 enim
1780 2420 1931 2476 sexui

342 2510 635 2568 delicatiori
664 2522 715 2569 et
742 2511 1017 2567 inﬁrmiori
1045 2511 1263 2567 delicias
1286 2526 1393 2566 non
1423 2509 1671 2566 concedit
1697 2512 1932 2582 Aposto-

344 2602 447 2670 ius,
477 2602 680 2672 dicens,
722 2601 890 2658 Vidua
926 2618 1039 2674 quae
1064 2602 1118 2657 in
1151 2601 1347 2657 deliciis
1384 2602 1509 2675 agit,
1540 2602 1707 2656 vivens
1733 2610 1935 2656 mortua

345 2704 419 2750 est
444 2694 487 2767 (Ι
505 2694 637 2751 Tim.
659 2710 714 2762 v,
735 2693 827 2766 6);
851 2702 1090 2766 quaerant
1114 2704 1291 2749 utrum
1315 2693 1442 2749 nulli
1465 2692 1603 2763 apud
1625 2707 1685 2748 se
1702 2692 1828 2760 viri,
1856 2701 1933 2761 et,

344 2785 487 2856 quod
528 2786 756 2857 amplius
799 2794 902 2853 est,
950 2785 1219 2856 praepositi
1263 2785 1348 2841 vel
1390 2784 1617 2839 ministri
1659 2785 1838 2839 vivant
1879 2784 1934 2840 in

346 2876 580 2941 deliciis;
622 2887 782 2948 atque
819 2877 864 2932 si
908 2878 979 2931 ita
1022 2876 1240 2943 audent,
1272 2876 1579 2931 renuntient
1606 2890 1668 2931 se
1708 2891 1812 2930 non
1842 2875 1937 2930 Ita-

345 2969 473 3027 bere
501 2980 762 3038 mortuos,
799 2981 854 3026 ct
891 2971 1144 3027 meliores
1185 2985 1307 3027 esse
1346 2986 1505 3042 quam
1546 2971 1634 3026 illa
1674 2970 1932 3037 Ecclesia,

346 3063 500 3132 cujus
538 3064 727 3134 angelo
771 3064 824 3117 in
859 3061 1022 3133 ﬁgura
1068 3063 1472 3134 praepositorum
1515 3063 1597 3118 vel
1637 3064 1935 3119 animarum

346 3153 542 3209 dicitur
568 3154 707 3225 quod
736 3169 840 3209 non
863 3156 1022 3219 vivat,
1050 3154 1142 3209 sed
1176 3163 1417 3209 mortuus
1445 3155 1537 3223 sit,
1563 3164 1618 3211 et
1643 3165 1819 3210 tamen
1849 3156 1934 3209 in-

349 3257 431 3303 ter
468 3257 671 3319 septem
719 3247 989 3305 Ecclesias
1032 3259 1362 3315 numeratur,
1410 3264 1509 3305 nec
1555 3249 1603 3304 ei
1648 3248 1863 3304 divism‘
1903 3262 1936 3304 a

350 3354 607 3412 compage
632 3341 873 3411 corporis
891 3340 1111 3407 Christi,
1139 3338 1234 3395 sed
1266 3340 1321 3394 in
1345 3340 1545 3395 unitate
1572 3338 1934 3411 perseveranti

349 3442 610 3505 praecepta
653 3432 772 3487 vita:
800 3430 1176 3487 insinuatttur'
1225 3430 1410 3504 (Apoc.
1437 3446 1515 3496 tu,
1547 3432 1692 3504 1-6).
1736 3430 1938 3487 Omitto

350 3526 491 3598 quod
510 3527 561 3581 iu
576 3525 805 3581 concilio
823 3539 922 3580 suo
938 3524 1218 3580 adversum
1239 3523 1934 3591 Maximianistasdixcrunt,

355 3636 375 3671 ι
411 3616 777 3689 Egyptiorum
804 3617 1089 3671 admodum
1112 3616 1357 3686 exemplo
1387 3615 1715 3685 pereuntium
1740 3614 1940 3670 funeri-

351 3710 450 3766 bus
466 3710 623 3781 plena
639 3718 761 3764 sunt
778 3710 956 3764 littora
982 3727 1001 3761 ι
1023 3707 1218 3779 (Exod.
1233 3723 1344 3774 ιιν,
1367 3708 1478 3778 Si).
1505 3707 1579 3761 De
1599 3722 1823 3779 quorum
1842 3724 1945 3762 nu—

351 3816 503 3865 mero
525 3809 851 3855 mortuorum
884 3814 1023 3855 nunc
1042 3799 1181 3854 intus
1206 3809 1288 3854 est
1311 3799 1630 3867 Felicianus,
1653 3800 1741 3871 qui
1765 3799 1941 3857 adhuc

350 3903 593 3948 mortuus
613 3891 844 3962 baptizat
866 3908 879 3945 :
899 3898 991 3945 aut
1010 3889 1053 3945 si
1070 3890 1179 3960 jam
1199 3891 1410 3957 revixit,
1436 3889 1599 3947 habet
1617 3906 1797 3946 secum
1824 3893 1942 3948 illos

351 3999 487 4057 quos
514 3992 752 4038 mortuus
782 3984 836 4037 in
876 3982 1164 4038 schismate
1201 3981 1507 4052 baptizavit.
1553 3982 1757 4038 Habent
1797 3994 1942 4040 certe

352 4087 665 4149 peccatores
694 4095 708 4131 :
739 4091 860 4131 nam
902 4077 948 4132 si
980 4077 1370 4149 interrogentur
1393 4077 1713 4147 quicumque
1739 4077 1841 4133 sibi
1886 4078 1940 4133 in

352 4170 483 4244 ipsis
506 4169 682 4242 magni
710 4169 980 4235 videntur,
1020 4170 1180 4225 etiam
1210 4183 1269 4225 se
1311 4169 1456 4240 ipsos
1485 4179 1793 4241 peccatores
1834 4187 1939 4229 non

351 4274 567 4336 negant.
614 4263 799 4334 Neque
835 4264 976 4319 enim
1006 4264 1127 4335 {non
1174 4262 1403 4318 tundunt
1446 4273 1661 4333 pectora
1706 4278 1822 4331 sua,
1851 4273 1945 4321 aut

351 4371 474 4413 cum
506 4355 559 4411 id
586 4354 804 4424 faciunt,
832 4356 1078 4411 simulate
1103 4354 1335 4421 faciunt;
1358 4353 1498 4425 quod
1526 4354 1571 4410 si
1593 4356 1664 4408 ita
1686 4364 1788 4421 est,
1820 4363 1946 4409 tunc

352 4462 501 4508 certe
540 4450 823 4506 infeliciter
851 4461 1091 4521 peccant,
1123 4450 1349 4521 populos
1394 4463 1521 4505 suos
1564 4449 1809 4504 simulata
1840 4447 1942 4503 hu-

352 4544 575 4600 militate
601 4542 844 4600 fallentes
873 4560 887 4599 :
917 4552 1008 4597 aut
1033 4558 1140 4597 non
1168 4542 1387 4599 dicunt'
1420 4542 1473 4597 in
1502 4543 1746 4597 oratione
1773 4541 1945 4597 domi-

352 4637 490 4703 nica,
524 4635 731 4691 Dimitte
768 4634 910 4689 nobis
938 4634 1104 4689 debila
1147 4645 1340 4701 nostra,
1386 4635 1516 4688 sicut
1559 4644 1605 4688 et
1644 4650 1736 4687 nos
1768 4634 1944 4687 dimit-

354 4731 505 4784 timus
529 4728 831 4783 debitoribus
846 4727 1031 4783 nostris
1047 4723 1461 4799 (Matth.w,12);
1478 4725 1617 4797 quod
1632 4726 1813 4795 utique
1838 4740 1945 4780 non

416 4888 433 4920 ί
460 4884 612 4937 Editio
634 4893 732 4934 sm.
760 4884 910 4935 verba
931 4883 1024 4935 hoc
1044 4882 1152 4934 loco
1166 4879 1488 4932 Ecclesiastici
1508 4878 1686 4930 omissa
1716 4880 1949 4929 restitue-

353 4957 446 5009 rat,
480 4947 685 5006 scilicet,
705 4952 752 4996 et
790 4944 965 4997 iterum
984 4943 1135 5013 mugit
1173 4956 1298 4994 eum.
1339 4942 1432 5013 sed
1472 4943 1544 5013 iis
1571 4947 1740 5013 carent
1774 4951 1949 5013 omnes

356 5004 483 5071 Mss,
509 5017 562 5059 et
586 5022 645 5059 ea
666 5004 941 5072 quanquam
965 5006 1023 5072 ad
1040 5004 1147 5056 riam
1184 5013 1349 5072 contra
1381 5004 1649 5054 Douatistas
1671 5004 1949 5072 necessaria

356 5070 763 5135 praeteriresolet
786 5070 1096 5135 Augustinus,
1130 5070 1244 5133 quia
1282 5073 1334 5117 et
1360 5074 1623 5135 antequam
1662 5071 1798 5135 esset
1839 5075 1950 5125 pars

356 5125 540 5202 Donati,
564 5134 632 5202 uti
651 5125 882 5202 observat
901 5132 948 5181 in
971 5130 1095 5202 lii»!
1127 5125 1470 5202 Retractqgap.
1496 5125 1644 5202 ityn:
1664 5127 1711 5202 ξ),

358 5187 572 5245 habebat
595 5193 952 5244 Fcclesiasticus
976 5194 1023 5243 in
1049 5192 1266 5256 plurimis
1287 5187 1533 5256 codicith
1545 5187 1784 5256 Africanis.
1806 5187 1953 5256 Omit-

357 5259 415 5309 tit
438 5256 519 5307 illa
543 5256 999 5320 writergcypriauus
1021 5248 1294 5320 in_t_:pistola
1321 5252 1385 5320 ad
1409 5253 1649 5310 Quintum,
1683 5255 1735 5299 et
1755 5248 1951 5299 Cartha-

586 5314 843 5385 coudlitittt
861 5330 923 5385 eo
945 5314 1243 5385 praesidente
1259 5314 1577 5385 celebratum.

421 5382 442 5448 ξ
468 5382 542 5448 sic
564 5387 747 5448 MS_S._AI.
767 5378 903 5437 editi,
927 5371 1022 5448 rion
1047 5376 1209 5448 dictat:
1226 5375 1364 5448 tales,
1388 5375 1608 5448 sedquos
1629 5371 1704 5448 vel
1723 5373 1950 5445 fatentur,

359 5443 434 5496 uel
466 5440 772 5496 insanissime
812 5444 987 5504 neqaut
1032 5437 1412 5503 deretiuqueutes
1451 5437 1622 5499 Deum,
1656 5437 1774 5498 ete.;
1795 5437 1955 5484 minus

359 5508 602 5628 “gest-15%,
628 5579 737 5631 pro,
757 5563 943 5625 divisis,
966 5565 1181 5631 habent,
1206 5561 1393 5617 diverse
1415 5559 1539 5625 (vel,
1561 5557 1735 5622 divise)
1776 5555 1954 5623 agenti.

362 5627 777 5704 Αδῆιτέθάιεένέ
795 5627 1146 5704 ηηρρξβςὲρμξ

427 5691 452 5724 ⁵
876 5686 1080 5753 inferius
1117 5688 1312 5739 dantur.
1359 5686 1589 5747 Vaticani,
1610 5695 1808 5744 msuper
1830 5691 1957 5733 aan-

363 5752 464 5849 tu,"
476 5816 549 5867 sic
568 5815 753 5867 habent
773 5823 870 5863 sm.
907 5822 961 5864 et
980 5825 1151 5864 omnes
1173 5821 1275 5863 Mss.
1306 5820 1357 5862 At
1381 5817 1512 5864 Lov..
1536 5816 1619 5859 aut
1640 5822 1753 5859 cum
1771 5805 1953 5858 dicunt

2301 174 2329 185 ut
2366 180 2370 183 Α

2038 1679 2403 1751 multipliciter
2428 1682 2674 1749 inveniri,
2706 1684 2819 1739 sive
2848 1684 3131 1749 fateantur,
3164 1685 3278 1742 sive
3295 1687 3673 1742 convincan-

2038 1778 2144 1839 tur,
2167 1773 2535 1828 ostendimus?
2564 1774 2743 1831 Pictos
2768 1791 2897 1832 vero
2921 1790 3057 1847 quos
3082 1776 3214 1848 fugit
3236 1776 3470 1846 Spiritus
3509 1793 3669 1835 san-

2036 1871 2156 1918 ctus
2197 1863 2514 1936 disciplinae,
2556 1876 2613 1923 et
2652 1867 2768 1924 sine
2808 1869 3077 1925 intellectu
3118 1869 3326 1940 perdite
3364 1870 3665 1937 viventes,

2037 1971 2195 2026 quam
2227 1958 2422 2013 multos
2450 1959 2588 2013 inter
2610 1974 2669 2015 se
2704 1946 2954 2024 habeant,
2985 1961 3277 2017 secundum
3299 1976 3365 2019 ea
3388 1977 3529 2034 qua:
3559 1976 3668 2018 su-

2038 2064 2132 2119 pra
2161 2048 2303 2105 dicta
2329 2059 2473 2119 sunt,
2491 2051 2747 2123 cogitent.
2779 2052 2911 2108 Nam
2937 2064 2992 2109 et
3017 2055 3338 2126 quicumque
3364 2055 3438 2110 ibi
3461 2055 3665 2111 latent

2037 2138 2190 2206 mali,
2216 2140 2358 2211 quod
2384 2142 2470 2197 vel
2497 2158 2563 2198 eo
2597 2153 2800 2200 certum
2828 2153 2928 2210 est,
2954 2145 3077 2214 quia
3106 2161 3251 2217 saepe
3280 2146 3479 2216 proditi
3512 2163 3666 2205 con-

2037 2230 2271 2303 victique
2298 2233 2638 2302 damnantur,
2671 2250 2777 2291 non
2798 2236 2866 2292 de
2895 2236 3198 2293 recentibus
3216 2247 3425 2294 tantum
3453 2238 3659 2307 factis,

2036 2322 2131 2378 sed
2181 2323 2341 2378 etiam
2370 2324 2439 2381 de
2466 2334 2646 2382 vetere
2691 2327 3079 2384 consuetudine
3125 2327 3477 2399 ﬂagitiorum,
3515 2331 3660 2401 quia

2037 2413 2351 2470 stultissima
2389 2414 2604 2472 fictione
2632 2416 2722 2473 diu
2761 2418 2923 2474 celari
2946 2419 3308 2491 potuerunt”;
3353 2421 3407 2476 bi
3451 2422 3659 2493 utique

2038 2506 2207 2577 magis
2229 2506 2335 2562 licti
2363 2517 2505 2575 sunt,
2530 2509 2621 2577 qui
2646 2524 2706 2565 se
2729 2508 2898 2565 bonos
2925 2510 3174 2582 tingendo
3201 2511 3500 2583 decipiunt.

2108 2597 2198 2654 21.
2240 2598 2298 2655 Si
2325 2615 2453 2670 ergo
2479 2601 2559 2657 sic
2576 2612 2699 2658 sunt
2726 2602 2827 2659 ista
2855 2604 3199 2675 intelligenda
3225 2615 3286 2661 ut
3315 2606 3402 2661 isti
3432 2607 3655 2664 intelli-

2037 2697 2190 2761 gunt,
2220 2691 2489 2761 quomodo
2515 2692 2598 2750 cis
2635 2693 2773 2749 ratio
2798 2694 3090 2750 subsistere
3115 2697 3331 2766 poterit,
3369 2713 3471 2753 cur
3495 2696 3658 2769 apud

2040 2797 2135 2838 eos
2172 2783 2264 2855 qui
2300 2785 2441 2839 male
2474 2785 2704 2841 vivendo
2750 2786 3126 2858 derelinquunt
3167 2788 3362 2856 Deum,
3411 2790 3537 2846 sive
3569 2790 3656 2845 la-
3746 2780 3747 2787 “

2040 2883 2206 2941 teant,
2253 2875 2366 2933 sive
2404 2879 2514 2933 noti
2558 2879 2686 2945 sint,
2728 2894 2835 2933 non
2878 2879 3072 2935 fuerint
3116 2879 3264 2935 lacus
3306 2880 3516 2949 detriti,
3548 2881 3652 2953 qui

2039 2967 2314 3023 continere
2341 2984 2446 3024 non
2479 2970 2656 3026 valent
2698 2972 2896 3042 aquas?
2919 2970 2988 3025 Et
3015 2970 3061 3027 si
3091 2971 3145 3025 itt
3172 2970 3275 3027 hoc
3301 2972 3422 3028 loco
3446 2987 3650 3029 δίδοι-ιο
3746 3002 3747 3009 ι

2040 3068 2278 3115 mentum
2307 3061 2564 3131 Baptismi
2594 3061 2994 3133 intelligendum
3015 3071 3119 3130 est,
3147 3077 3245 3117 cur
3265 3063 3566 3120 mendaces
3584 3072 3646 3120 et

2040 3150 2284 3207 inlideles
2308 3167 2491 3208 eorum
2522 3154 2770 3221 ministri,
2814 3169 2919 3210 non
2950 3170 3142 3224 aquam
3170 3155 3510 3224 mendacem,
3542 3155 3647 3212 sed
3746 3134 3747 3213 ἲ

2040 3260 2287 3300 veraccm
2343 3246 2424 3302 vel
2475 3248 2606 3304 dare
2654 3249 2738 3303 vel
2785 3248 2985 3304 habere
3037 3248 3364 3305 creduntur?
3403 3249 3517 3306 Cur
3573 3251 3648 3306 ab
3746 3276 3747 3285 ι

2040 3337 2250 3393 illorum
2278 3340 2502 3395 mortuis
2521 3341 2608 3411 qui
2636 3340 2986 3410 baptizantur,
3018 3340 3226 3412 prolicit
3251 3341 3451 3411 aliquid
3479 3342 3642 3397 lava-
3746 3390 3747 3407 η

2042 3428 2118 3484 tio
2142 3429 2408 3485 eorum“!
2445 3429 2554 3486 Cur
2577 3443 2886 3503 peccatores
2924 3432 3258 3502 impingnant
3294 3432 3419 3486 oleo
3455 3434 3644 3504 capita

2041 3522 2261 3580 aliena?
2294 3523 2431 3593 Quid
2465 3524 2558 3578 tibi
2602 3540 2800 3581 musca:
2845 3526 3118 3580 moritura:
3142 3527 3227 3581 vel
3257 3536 3485 3580 mortua:
3524 3541 3645 3581 me—

2043 3626 2286 3685 ruerunt,
2335 3628 2392 3672 ut
2420 3633 2526 3672 non
2556 3618 2918 3674 exterminent
2945 3618 3119 3674 oleum
3152 3617 3471 3673 suavitatis?
3514 3618 3641 3687 Quo

2045 3710 2323 3781 privilegio
2354 3710 2663 3764 muniuntur
2686 3710 3008 3782 quicumque
3037 3710 3108 3764 ibi
3137 3708 3243 3764 ﬁcti
3273 3719 3417 3775 sunt,
3448 3709 3505 3762 id
3533 3719 3642 3774 est,

2041 3800 2259 3871 iustitia:
2290 3801 2425 3872 pelle
2453 3801 2709 3873 obtegunt
2745 3803 2948 3871 lupum,
2980 3809 3038 3856 ut
3063 3815 3170 3856 non
3203 3814 3296 3855 eos
3322 3800 3492 3868 fugiat
3518 3797 3646 3868 Spi-

2046 3892 2180 3949 ritus
2222 3902 2438 3950 sanctus
2480 3893 2816 3964 disciplinae?
2854 3896 2961 3949 Aut
3001 3893 3049 3949 si
3094 3908 3189 3949 eos
3236 3892 3368 3963 fugit
3405 3890 3645 3962 Spiritus

2045 3994 2281 4053 sanctus,
2308 3988 2574 4057 quomodo
2605 4003 2698 4059 per
2722 4003 2816 4043 eos
2841 3988 3118 4060 baptizatis
3141 3987 3337 4043 datur?
3366 3986 3467 4043 Hic
3490 3987 3643 4042 enim

2046 4078 2152 4136 dici
2199 4096 2305 4136 non
2339 4088 2533 4151 potest,
2574 4081 2717 4151 quod
2760 4081 2934 4137 solent
2980 4081 3309 4151 ineptissime
3351 4091 3402 4137 et
3450 4082 3641 4154 impu-

2045 4170 2357 4227 dentissime
2394 4171 2633 4238 dicere',
2684 4189 2703 4223 ι
2734 4181 2857 4227 tunc
2905 4186 3063 4241 posse
3115 4187 3146 4226 a
3191 4172 3330 4226 malo
3375 4170 3644 4242 baptizari

2047 4278 2388 4335 quemquam,
2424 4263 2469 4319 si
2516 4262 2674 4317 lateat
2703 4263 2901 4318 malitia
2939 4263 3277 4334 baptizantis.
3309 4281 3329 4316 ι
3361 4263 3461 4331 Qui
3492 4264 3642 4320 enim

2048 4356 2205 4411 [ictus
2239 4363 2338 4421 est,
2374 4363 2523 4410 tanto
2546 4356 2716 4425 magis
2744 4355 2898 4410 ﬁctus
2924 4365 3026 4419 est,
3058 4364 3259 4427 quanto
3284 4355 3456 4426 magis
3483 4355 3639 4411 latet.

2047 4447 2130 4503 Ab
2169 4447 2271 4501 hoc
2307 4462 2435 4517 ergo
2463 4462 2586 4502 cum
2632 4461 2690 4501 se
2733 4446 2939 4501 auferat
2978 4446 3205 4517 Spiritus
3248 4456 3487 4513 sanctus,
3518 4461 3643 4519 quae

2047 4552 2172 4607 spes
2199 4538 2300 4593 erit
2327 4537 2596 4607 baptizati.
2624 4541 2668 4593 si
2705 4537 3019 4608 baptizantis
3045 4537 3278 4593 hominis
3304 4539 3561 4594 meritum
3587 4540 3640 4593 in

2050 4629 2137 4685 illa
2174 4630 2266 4685 Dei
2293 4630 2458 4701 gratia
2492 4630 2832 4700 cogitandum
2859 4630 2978 4686 est?
3011 4631 3108 4686 llic
3135 4632 3357 4687 omnino
3382 4632 3512 4702 quid
3550 4648 3640 4688 re-

2048 4688 2344 4791 spondeatit
2373 4736 2480 4776 non
2520 4688 2813 4784 invveniunt,
2868 4721 2957 4791 qui
2986 4721 3157 4777 malos
3194 4688 3415 4792 apertos
3438 4722 3642 4778 habere
3746 4688 3747 4751 Ῑ

2050 4827 2110 4868 se
2134 4822 2327 4882 negant
2351 4830 2366 4867 :
2393 4813 2445 4865 in
2475 4828 2581 4882 quo
2608 4811 2823 4881 quidem
2864 4813 3201 4882 apertissime
3225 4814 3638 4870 convincuntur.

2050 4905 2153 4961 Sed
2182 4904 2305 4976 quid
2321 4904 2387 4960 ad
2409 4904 2546 4961 nos?
2572 4904 2713 4961 Satis
2738 4914 2822 4962 est
2851 4906 3003 4962 nobis
3030 4906 3096 4961 ad
3119 4907 3486 4962 necessarium
3512 4906 3641 4963 arti-

2051 4999 2228 5056 culum
2255 5014 2451 5064 causze,
2479 4998 2623 5068 quod
2664 4997 2815 5053 [ictos
2854 4998 3043 5064 bonos,
3072 4998 3125 5053 id
3154 5007 3236 5053 est
3259 4998 3505 5055 occultos
3528 5012 3644 5055 ma-

2116 5117 2134 5148 ι
2167 5114 2471 5176 Divioneusis
2493 5120 2637 5176 vetus
2652 5113 2829 5176 codex,
2852 5110 3093 5176 ﬂuctibus.

2114 5179 2135 5209 ²
2170 5177 2306 5235 Edfti,
2331 5174 2462 5235 Quod
2485 5173 2528 5225 si
2555 5174 2766 5226 homines

2055 5246 2182 5297 Mss,
2206 5234 2339 5298 (med
2357 5234 2509 5300 sirltoc
2530 5234 2947 5300 ittoration'eﬁcte
2976 5242 3030 5300 et
3055 5249 3152 5300 non
3170 5234 3407 5300 ueraciter
3430 5235 3600 5300 dicunt
3625 5247 3641 5285 :

2055 5296 2310 5352 Donatistae
2327 5299 2531 5356 scilicet,
2548 5297 2683 5359 illud,
2709 5296 2900 5348 Dimitte
2919 5296 3061 5359 nobis
3077 5296 3235 5348 debita
3255 5305 3438 5349 nostra.
3456 5299 3640 5359 melius,

2056 5365 2097 5416 si
2122 5364 2390 5459 praesertim
2412 5361 2593 5424 legitur
2615 5372 2779 5459 suﬂpra,
2802 5366 2883 5409 aut
2904 5372 2997 5409 non
3014 5358 3197 5431 dicunt.

2168 5433 2213 5459 In
2239 5425 2463 5459 nmnllmc
2476 5429 2569 5459 Ma
2618 5436 2646 5459 ιι
2696 5430 2910 5459 rmnnlnr
2934 5428 3024 5459 psi-
3053 5422 3140 5459 dun
3171 5435 3197 5459 ρ

2139 5430 2215 5501 [ιιι
2239 5420 2584 5501 omnibus'Mss.
2618 5420 2910 5472 amrmauter
2934 5428 3029 5483 est,
3053 5420 3140 5473 diu
3171 5420 3324 5473 celan
3350 5428 3643 5484 potuerunt;

2270 5498 2388 5593 iiii:
2406 5545 2471 5591 At
2494 5540 2635 5600 editi,
2660 5547 2746 5597 est,
2771 5550 2882 5588 cum
2900 5539 3156 5600 mendaces
3176 5543 3223 5587 et
3242 5538 3469 5599 inﬁdeles
3486 5553 3642 5593 eorum

3616 261 3706 322 σι
3746 256 3747 301 ξ

2850 5173 2895 5225 te
2926 5181 3087 5225 etnon
3105 5173 3340 5228 ueraciter
3363 5174 3554 5227 dicunt.
3592 5179 3643 5224 At
3746 5196 3747 5201 η

2057 5604 2289 5668 asinistri,
2323 5618 2417 5655 non
2438 5599 2875 5668 aquamperacegn,
2901 5599 2990 5650 sed
3020 5601 3305 5668 mendacem
3324 5605 3399 5668 oet
3436 5605 3559 5656 dare
3578 5600 3643 5655 uel
3746 5614 3747 5668 j

2060 5661 2239 5723 habere
2256 5661 2541 5726 credantur,
2563 5662 2682 5729 quid
2699 5662 2761 5713 ab
2783 5661 2979 5715 illorum
3000 5663 3199 5714 mortuis
3220 5664 3305 5727 qui
3327 5665 3640 5729 hominum;

2062 5729 2450 5799 proficit‘lavatic
2469 5725 2637 5799 eorum
2658 5725 2708 5799 ΡΔ
2736 5790 2750 5799 _
2996 5786 3008 5797 ,
3075 5797 3081 5799 Α
3126 5787 3157 5799 η

2127 5787 2232 5843 "In
2255 5793 2393 5854 Mss,
2416 5791 2543 5853 quod
2559 5788 2709 5841 solent
2730 5787 3086 5851 imperitissime
3104 5787 3287 5839 dicere.

3552 6054 3748 6126 ομ
