3764 6188
96 335 155 395 es
858 337 863 342 ’
1461 330 1659 386 ueen
1697 327 2071 387 SECUNDUS.
3314 340 3387 398 ω

96 456 187 515 los,
219 450 363 521 apud
408 463 470 505 se
517 465 646 506 esse
691 464 882 520 negare
923 463 1028 503 non
1059 455 1301 517 possunt.
1350 446 1450 500 Per
1491 445 1686 500 multos

98 545 226 600 enim
255 542 680 613 redarguuntur,
708 542 934 613 quicum
965 540 1034 594 ibi
1063 539 1280 609 perditis
1320 550 1375 594 et
1414 539 1690 595 sceleratis

101 634 328 689 moribus
376 635 648 699 viverent,
703 642 758 688 et
797 649 890 703 per
936 633 1100 703 ipsam
1149 632 1416 687 ﬁctionem
1468 632 1557 686 diu
1609 633 1687 686 la-

103 730 337 792 tuissent,
386 727 678 797 aliquando
709 725 921 796 proditi,
967 727 1172 796 expulsi
1218 711 1360 782 sunt.
1395 725 1690 781 Credamus

105 836 240 890 ergo,
270 821 315 874 si
347 821 536 874 nolunt
564 820 634 875 ibi
659 821 833 874 adhuc
858 835 976 874 esse
1002 819 1209 890 aliquos
1234 837 1246 872 :
1274 819 1404 873 tales
1443 818 1518 874 illi
1546 829 1690 874 certe

105 915 181 981 qui
205 912 358 983 eiecti
392 922 535 975 sunt,
571 928 694 973 cum
717 913 766 966 in
799 912 982 967 eadem
1010 913 1219 967 lictione
1241 912 1484 975 laterent,
1519 921 1573 967 et
1597 926 1690 966 eos

108 1004 302 1074 fugeret
329 1004 564 1075 Spiritus
591 1015 830 1070 sanctus,
860 1004 927 1059 de
957 1019 1062 1072 quo
1089 1004 1345 1075 scriptum
1379 1013 1480 1068 est,
1514 1002 1688 1074 Spiri-

108 1107 178 1150 tus
210 1097 343 1150 enim
367 1106 571 1150 sanctus
598 1097 885 1165 disciplina:
906 1095 1110 1166 e/I'ugiet
1137 1097 1308 1161 ﬁctum
1345 1094 1499 1166 (Sap.
1533 1111 1570 1160 ι,
1605 1095 1687 1164 ὅ),

108 1188 364 1258 qumodo
390 1187 664 1256 baptizare
691 1187 1050 1258 potuerunt‘?
1072 1185 1177 1240 Cur
1211 1201 1313 1240 non
1341 1196 1689 1241 recensentur

111 1281 294 1336 saltem
331 1283 420 1353 qui
450 1283 658 1348 vivunt,
701 1291 760 1336 ut
803 1282 1062 1350 accipiant
1089 1281 1479 1350 Baptismum',
1525 1296 1685 1352 quem

114 1376 290 1446 utique
308 1391 338 1430 ε
371 1375 506 1429 lictis
536 1391 672 1445 quos
699 1374 981 1430 deserebat
1030 1373 1260 1444 Spiritus
1284 1382 1517 1438 sanctus,
1544 1373 1687 1429 acci-

111 1483 230 1539 pere
258 1468 648 1540 nequiverunt?
683 1466 739 1523 Si
778 1477 954 1523 autem
987 1466 1190 1532 dicunt,
1215 1465 1444 1535 Spiritus
1471 1465 1689 1538 quidem

113 1558 546 1616 mdaturis
587 1557 907 1628 [iungentibus
949 1557 1137 1613 deerat
1174 1557 1550 1628 justilicaudis,
1593 1557 1688 1613 sed

114 1652 394 1724 accepturis
418 1652 766 1708 credentibus
793 1651 978 1707 aderat
1011 1650 1289 1707 abluendis
1319 1668 1414 1722 per
1443 1652 1690 1708 inell'abi-

118 1744 212 1799 lem
255 1744 540 1800 clﬁcaciam
567 1744 821 1816 potentia:
875 1760 1020 1808 suae;
1063 1754 1348 1814 utrumque
1390 1744 1570 1799 valens
1609 1745 1689 1800 la-

118 1853 251 1902 cere,
296 1837 409 1892 illos
455 1837 661 1908 fugere,
713 1837 842 1891 istos
871 1836 1076 1902 fovere,
1121 1839 1241 1891 illos
1277 1838 1515 1908 culpare,
1560 1838 1692 1892 istos

120 1929 356 1985 mundare
384 1948 398 1984 :
426 1945 592 2001 quam
644 1945 742 1999 pro
783 1945 840 1985 se
871 1930 1220 2001 quaestionem
1260 1930 1491 1997 solvunt,
1533 1930 1691 1986 simul

122 2033 322 2080 cernant
347 2026 581 2080 solutam
605 2039 726 2079 esse
752 2041 850 2094 pro
874 2025 1047 2080 nobis.

180 2113 264 2169 22.
304 2116 451 2183 Quod
481 2125 660 2172 autem
689 2117 1000 2188 intelligitur
1040 2117 1092 2172 in
1131 2119 1228 2173 hac
1259 2119 1520 2174 sententia
1564 2134 1691 2174 san-

124 2215 210 2262 cta
234 2207 540 2278 Scripturae,
581 2224 740 2280 quam
777 2219 924 2265 certe
969 2210 1068 2279 ipsi
1100 2226 1203 2264 non
1234 2210 1608 2281 intelligentes,
1637 2219 1693 2266 et

125 2303 255 2372 quasi
277 2319 368 2372 pro
389 2303 502 2358 suis
525 2304 767 2373 partibus
799 2313 1176 2374 proponeutes,
1211 2305 1275 2358 ad
1304 2321 1362 2360 se
1388 2306 1530 2376 ipsos
1558 2321 1690 2360 con-

126 2393 390 2450 vincendos
422 2397 674 2464 ingerunt
699 2395 872 2460 nobis,
907 2395 1008 2450 hoc
1034 2411 1172 2466 pene
1214 2397 1264 2450 in
1297 2397 1543 2451 omnibus
1570 2396 1688 2451 tali-

127 2483 214 2540 bus
249 2486 628 2557 qumstionibus
656 2487 1056 2559 intelligendum
1087 2488 1459 2554 admonemus,
1489 2490 1693 2545 scilicet

129 2576 232 2646 quia
255 2578 425 2632 omnia
467 2589 803 2635 sacramenta
843 2595 964 2634 cum
994 2580 1169 2635 obsint
1216 2581 1427 2652 indigne
1460 2590 1691 2635 tractau-

131 2668 269 2735 tibns,
297 2679 516 2739 prosunt
546 2680 722 2726 tamen
751 2688 846 2741 per
868 2687 961 2726 eos
982 2672 1141 2743 digne
1163 2672 1498 2727 sumentibus
1522 2690 1533 2725 :
1556 2673 1693 2728 sicut

134 2769 178 2814 et
200 2761 402 2816 verbum
437 2762 532 2816 Dei
549 2761 600 2828 3;
627 2761 766 2816 unde
791 2762 988 2816 dictum
1002 2774 1103 2827 est,
1128 2762 1256 2826 Quia
1283 2763 1475 2828 dicunt,
1503 2763 1692 2832 facite;

132 2867 226 2918 quia
259 2864 420 2907 autem
470 2853 684 2925 faciunt,
739 2854 905 2924 facere
953 2855 1108 2907 nolite
1166 2853 1378 2926 (Matth.
1424 2871 1578 2920 xxm,
1611 2855 1687 2924 5).

133 2940 242 2997 Nam
265 2945 495 3001 effodere
525 2946 672 3000 lacus
696 2945 919 3001 detritus
943 2947 1030 3016 qui
1069 2947 1346 3003 continere
1378 2963 1481 3001 non
1513 2950 1690 3003 valent

133 3047 293 3101 aquas,
322 3037 442 3107 quis
466 3052 553 3092 me
590 3038 836 3108 prohibet
862 3038 938 3093 sic
969 3038 1307 3110 intelligere;
1342 3041 1392 3095 id
1432 3051 1531 3104 est,
1557 3056 1689 3097 con-

134 3130 246 3184 verti
271 3131 334 3184 ad
364 3132 692 3186 voluntatem
735 3140 1002 3187 terrenam
1018 3131 1062 3200 δ,
1092 3142 1146 3188 et
1174 3148 1277 3187 non
1323 3149 1479 3204 posse
1514 3136 1689 3190 conti-

136 3239 243 3280 nere
263 3226 510 3294 Spiritum
541 3236 806 3290 sanctum,
833 3242 991 3297 quem
1020 3227 1237 3281 nomine
1265 3243 1414 3297 aqua:
1436 3229 1486 3282 in
1519 3231 1691 3284 Evan-

134 3317 250 3385 gelio
272 3317 574 3387 significari,
603 3319 723 3388 quis
749 3332 962 3388 quoquo
989 3319 1148 3376 modo
1188 3320 1511 3376 christianos
1540 3321 1689 3391 igno-

136 3409 236 3462 rat?
259 3411 377 3464 Item
403 3425 540 3480 aqua
568 3410 795 3466 mendax
824 3425 927 3465 non
969 3409 1170 3466 habens
1200 3411 1378 3478 ﬁdem,
1406 3423 1577 3483 potest
1607 3414 1689 3468 in-

138 3499 294 3570 telligi,
322 3517 424 3556 non
455 3501 644 3556 falsum
673 3501 953 3570 baptisma,
983 3502 1076 3557 sed
1107 3505 1335 3573 populus
1370 3505 1600 3558 mendax
1634 3512 1690 3560 et

141 3591 352 3660 inﬁdelis,
399 3609 505 3648 non
555 3593 956 3647 annumeratis‘
995 3593 1275 3648 veracibus
1320 3603 1376 3649 et
1421 3593 1685 3662 lidelibus,

141 3681 214 3735 sed
249 3681 322 3736 his
363 3683 494 3738 solis
521 3684 610 3754 qui
658 3683 942 3739 mendaces
984 3691 1039 3738 et
1089 3683 1328 3738 inﬁdeles
1367 3695 1507 3739 sunt.
1556 3684 1688 3741 Nam

143 3775 332 3843 pepulos
369 3775 656 3847 signiﬁcari
695 3775 980 3846 aliquando
1011 3775 1271 3831 vocabulo
1300 3792 1577 3846 aquarum,
1610 3779 1691 3832 lc-

143 3878 241 3935 gant
266 3869 317 3924 in
344 3868 683 3941 Apocalypsi,
715 3875 770 3923 et
795 3866 1186 3922 calumnientur
1209 3867 1310 3923 sibi
1339 3868 1485 3938 prius
1515 3869 1690 3937 potius

144 3973 268 4027 quam
294 3960 463 4015 nobis.
495 3959 584 4016 Sic
607 3961 748 4014 enim
774 3959 967 4014 dicitur
991 3959 1184 4014 Joanni
1214 3977 1226 4013 :
1256 3959 1427 4032 Aquas
1462 3978 1586 4032 quas
1615 3961 1690 4016 ui-

145 4049 253 4115 disti,
296 4069 442 4124 super
467 4069 598 4123 quas
641 4052 778 4108 sedet
807 4053 1045 4107 meretrix
1090 4052 1182 4106 illa
1221 4055 1396 4124 populi
1444 4065 1490 4108 et
1533 4057 1692 4110 turbat

146 4151 233 4194 sunt
250 4141 287 4209 ⁸,
324 4153 370 4198 et
406 4153 574 4214 gentes
619 4152 665 4197 et
691 4144 881 4213 linguae
908 4142 1092 4212 (Apoc.
1122 4158 1251 4208 xvn,
1286 4144 1398 4215 l5).
1443 4140 1510 4200 Et
1553 4146 1681 4202 illud

144 4232 254 4301 quod
276 4237 524 4306 scriptum
553 4244 654 4298 est,
689 4235 786 4302 Qui
811 4234 1095 4306 baptizatur
1121 4252 1152 4288 a
1180 4245 1400 4304 mortuo,
1429 4237 1552 4310 quid
1571 4256 1692 4309 pro-

143 4327 224 4395 ﬁcit
256 4330 429 4384 lavatio
467 4331 577 4400 ejus
619 4329 802 4400 (Eccli.
835 4345 1026 4395 xxxiv,
1059 4327 1128 4384 '50
1153 4327 1215 4401 )?
1243 4339 1300 4384 ut
1340 4331 1550 4386 interim
1581 4333 1688 4387 dif-

145 4419 278 4477 feram
325 4422 716 4493 diligentiorem
768 4422 988 4476 istorum
1044 4421 1328 4477 verborum
1389 4423 1690 4494 inquisitio-

145 4528 238 4569 nem
257 4515 348 4587 (α),
393 4515 658 4570 tutissime
703 4513 926 4584 accipio,
982 4513 1318 4584 Paganorum
1369 4514 1688 4585 baptismata

144 4619 236 4661 esse
274 4607 538 4672 denotata,
570 4606 693 4676 quia
734 4605 984 4660 homines
1014 4614 1069 4660 et
1097 4620 1126 4659 a
1151 4603 1354 4675 justitia
1399 4616 1451 4660 et
1492 4606 1560 4662 ab
1589 4608 1688 4666 ista

145 4698 224 4752 vita
248 4710 476 4754 mortuos
507 4698 706 4762 colunt,
737 4697 789 4752 in
827 4711 1051 4768 quorum
1083 4696 1299 4750 nomine
1330 4695 1686 4766 baptizantur.

143 4788 354 4855 Quamvis
375 4791 520 4848 enim
541 4798 596 4846 et
616 4789 714 4859 ipsi
742 4788 1049 4845 sacerdotes
1076 4803 1171 4858 per
1193 4788 1516 4858 impietatem
1545 4804 1689 4844 mor-

191 4973 286 5038 fSic
303 4979 407 5022 uss.
447 4979 509 5038 at
536 4977 648 5038 tog.
674 4966 913 5038 picamus
940 4966 1219 5038 θῆρα...βῆ
1258 4966 1549 5038 (quanquam
1585 4967 1688 5038 sola

145 5026 1118 5124 ξῆ,ξξ..,ςειίέεῑτ.τιί⁵ειίοηε
1153 5026 1439 5081 “mm:
1452 5033 1688 5094 σ⁸⁰⁷¹³⁰ί¹⁰

145 5093 345 5157 baptizare
373 5100 565 5162 possunt
585 5106 603 5143 :
625 5093 787 5142 minus
807 5100 962 5140 recte.
1466 5093 1473 5094 '

191 5159 208 5189 ¹
223 5159 448 5209 t‘asalinus
468 5159 624 5228 eode;
647 5169 668 5227 ε.
687 5164 783 5228 cur
795 5159 1220 5228 nonfecensentur
1253 5152 1420 5228 saltem
1441 5153 1526 5228 qui
1545 5153 1606 5205 ab
1625 5155 1690 5209 iis

145 5229 385 5284 acceperunt
427 5227 479 5270 ut
509 5216 750 5281 accipiant
778 5216 1084 5286 baptismum:
1117 5215 1201 5285 alii
1223 5217 1415 5279 quidam
1440 5230 1451 5265 :
1475 5226 1571 5265 cur
1594 5230 1688 5269 non

145 5292 344 5335 recensent
365 5281 534 5334 saltem
561 5287 612 5329 ut
642 5294 673 5328 a
703 5277 958 5329 catholicis
980 5286 1218 5339 accrptant
1260 5279 1564 5338 baptismum.

145 5281 344 5335 recensuit
365 5281 534 5334 saltem
561 5287 612 5329 ut
642 5294 673 5328 a
703 5281 958 5329 catholicis
980 5281 1218 5339 accipiant
1260 5281 1564 5338 baptismum.

192 5346 210 5377 ³
227 5347 346 5404 editi,
368 5345 492 5396 sicut
513 5349 560 5394 et
584 5341 779 5392 verbum
809 5341 892 5391 Dei
916 5347 1128 5390 testatur.
1170 5342 1315 5404 Abest
1336 5355 1363 5389 a
1397 5349 1518 5400 Mss,
1545 5348 1686 5392 testa.

147 5411 242 5460 tur;
262 5418 310 5460 ut
337 5403 704 5468 'suhintelligas,
743 5404 946 5468 verbum
983 5405 1064 5451 Dei
1099 5403 1304 5468 perinde
1347 5410 1493 5464 atque
1526 5412 1686 5454 sacra-

148 5478 274 5520 menta
287 5472 460 5522 obesse
483 5464 687 5530 indig'ne
708 5465 1035 5523 tractantibus,
1062 5471 1114 5513 et
1151 5464 1384 5526 prodesse
1403 5473 1566 5516 tamen
1596 5480 1686 5530 per

148 5541 214 5597 οοβ
227 5534 360 5597 digne
377 5531 703 5597 sumentihus.

194 5591 378 5660 fPlures
393 5603 522 5651 Mss,
545 5592 613 5656 ad
638 5591 919 5660 voluptatem
941 5595 1197 5660 terrenam.

193 5657 347 5718 FEditi,
367 5671 462 5708 non
482 5659 839 5718 annumeratus.
863 5657 1246 5718 Castiganturgex
1271 5657 1374 5700 MSS.

191 5711 354 5794 3min,
378 5725 426 5772 et
446 5717 603 5770 tribus
633 5721 758 5766 sunt.
784 5723 838 5763 At.
860 5711 1055 5774 Mss.,'et
1074 5711 1231 5764 turba:
1249 5718 1375 5763 siml.
1399 5720 1563 5765 Griece
1587 5725 1683 5776 est,

149 5780 378 5906 huic-iiii
394 5845 477 5895 lib.
504 5843 536 5892 2
556 5847 722 5892 contra
742 5841 1064 5896 creseonhtm,
1086 5850 1221 5902 capp.
1247 5837 1310 5888 24
1334 5847 1534 5901 etseqq.

1799 442 1873 496 tui
1902 442 2165 510 dicantur,
2204 458 2307 499 non
2347 451 2524 500 tamen
2553 455 2773 518 propter
2800 461 2894 504 eos
2923 448 3003 505 sic
3039 448 3377 522 intelligitur,

1795 535 1889 590 sed
1923 545 2138 607 propter
2164 547 2402 594 mortuos
2438 537 2570 594 deos
2595 555 2805 606 eorum,
2832 542 2883 598 in
2919 559 3146 614 quorum
3179 545 3387 617 signiﬁ-

1795 629 2002 685 catione
2023 629 2239 696 dicitur,
2266 629 2401 684 Deus
2423 641 2589 686 noster
2614 631 2748 688 Deus
2773 634 2910 690 vivus
2931 634 3146 704 (Jerem.
3177 653 3237 704 ι,
3266 639 3380 710 10).

1794 719 2129 791 Quapropter
2154 723 2254 776 etsi
2293 722 2433 792 apud
2469 722 2798 780 Christianos
2827 736 2954 781 sunt
2980 728 3144 799 aliqui
3175 745 3383 800 praepo-

1795 812 1882 867 siti
1922 814 2002 868 vel
2034 815 2282 883 ministri,
2309 816 2398 886 qui
2433 832 2526 886 per
2550 816 2910 887 impietatem‘
2954 831 3010 877 et
3049 822 3381 895 iniquitatem

1795 919 1944 959 suam
1974 907 2168 962 mortui
2197 917 2338 973 sunt,
2373 908 2500 964 vivit
2522 918 2694 964 tamen
2733 911 2824 968 ille
2853 913 2918 967 de
2940 929 3047 985 quo
3066 914 3267 970 dictum
3299 929 3384 974 est

1796 995 1847 1050 in
1890 997 2198 1068 Evangelio,
2230 998 2330 1053 Hic
2359 1010 2429 1054 est
2461 1004 2547 1071 qui
2574 1001 2792 1072 baptisat
2817 1002 2998 1075 (Joan.
3028 1021 3065 1072 ι,
3094 1008 3184 1079 55)
3215 1026 3230 1063 :
3257 1011 3380 1081 quia

1795 1088 1932 1144 sicut
1973 1090 2098 1146 dicit
2146 1092 2453 1160 Apostolus,
2494 1091 2724 1150 Christus
2768 1112 3033 1168 resurgens
3069 1116 3101 1151 a
3149 1102 3381 1168 mortuis,

1786 1181 1903 1252 jam
1944 1200 2045 1237 non
2089 1185 2337 1254 moritur,
2394 1203 2528 1241 mors
2577 1186 2659 1241 illi
2711 1190 2846 1243 ultra
2888 1206 2989 1244 non
3045 1192 3384 1248 dominabitur

1795 1273 1973 1345 (Rom.
1995 1292 2068 1340 vt,
2088 1275 2166 1347 9).
2191 1275 2378 1333 Oleum
2405 1295 2534 1334 vero
2565 1281 2858 1350 peceatoris
2881 1284 3217 1352 apertissime
3240 1286 3385 1340 Psal-

1795 1383 1913 1424 mus
1966 1370 2183 1437 indicat,
2229 1371 2673 1440 quemadmodum
2722 1373 3122 1444 intelligendum
3163 1377 3250 1433 sit.
3295 1380 3385 1434 Ait

1795 1460 1937 1514 enim
1964 1477 1978 1513 :
2011 1460 2312 1515 Emendabit
2337 1479 2417 1516 me
2447 1464 2620 1535 justus
2645 1463 2698 1517 in
2723 1465 3095 1535 misericordia,
3133 1478 3181 1523 et
3209 1479 3386 1542 arguet

1795 1568 1909 1617 me;
1937 1555 2103 1608 oleum
2123 1564 2291 1609 autent
2314 1556 2592 1625 peccatoris
2621 1572 2721 1610 non
2746 1557 3022 1630 impinguet
3043 1569 3195 1628 caput
3220 1577 3386 1616 meum

1796 1641 1968 1717 (Psal.
1996 1659 2116 1709 CXL,
2149 1645 2230 1717 5).
2257 1643 2416 1702 Undc
2445 1645 2784 1702 manifestum
2811 1657 2915 1715 est,
2943 1649 3062 1704 oleo
3092 1653 3386 1720 peccatoris

1795 1734 2076 1790 blanditias
2116 1737 2410 1792 adulatoris
2449 1753 2570 1794 esse
2616 1739 2958 1808 signiﬁeatas,
2990 1742 3183 1812 quibus
3225 1760 3386 1814 repu-

1795 1826 1954 1882 diatis
1981 1838 2036 1884 et
2072 1828 2350 1883 detestatis
2381 1830 2529 1901 eligit
2571 1847 2601 1885 a
2625 1831 2770 1902 justo
2799 1817 3074 1890 emendari
3113 1845 3168 1891 et
3196 1840 3382 1910 argui;

1794 1919 1917 1990 quia
1958 1920 2060 1976 hoc
2096 1921 2272 1992 jusms
2303 1939 2406 1978 non
2441 1923 2611 1979 fallaci
2655 1926 2876 1982 lenitate
2904 1928 3240 1997 adulationis,
3287 1934 3385 1990 sed

1794 2015 1972 2069 veraci
1997 2016 2286 2084 asperitate
2327 2014 2717 2087 obiurgationis
2760 2019 2980 2086 faciens,
3019 2023 3188 2078 multo
3216 2028 3385 2096 magis

1795 2106 2215 2162 misericorditer
2241 2107 2385 2164 facit.
2419 2108 2572 2166 Unde
2609 2120 2693 2165 est
2719 2121 2772 2166 et
2801 2111 2929 2167 illud
2961 2113 3012 2168 in
3039 2117 3381 2189 Apocalypsi,

1796 2199 1909 2271 Ego
1951 2217 2078 2269 quos
2117 2217 2254 2268 nino,
2299 2220 2458 2273 arguo
2504 2212 2552 2257 et
2592 2205 2783 2276 castigo
2809 2205 2991 2277 (Apoc.
3025 2224 3103 2274 ιιι,
3151 2209 3243 2282 19)
3279 2229 3292 2264 :
3327 2220 3384 2268 et

1797 2291 1925 2348 illud
1981 2295 2120 2366 apud
2162 2294 2524 2364 Salomonem,
2558 2296 2778 2352 Meliora
2819 2309 2938 2354 sunt
2978 2301 3184 2357 vulnera
3210 2305 3382 2374 amici,

1795 2403 1948 2457 quam
1991 2389 2274 2442 uoluntaria
2316 2389 2488 2443 oscula
2529 2389 2719 2444 inimici
2767 2390 2951 2460 (Prov.
2996 2409 3164 2462 xxvtt,
3201 2396 3286 2468 6);
3331 2404 3387 2454 et

1797 2480 1958 2533 multa
1992 2480 2334 2549 reperiuntur
2360 2481 2682 2549 hujusmodi.
2724 2481 2907 2537 Oleum
2931 2499 3060 2540 vero
3101 2488 3383 2556 suauitatis,

1796 2571 2002 2626 scilicet
2037 2572 2233 2627 bonum
2269 2573 2516 2639 odorem,
2561 2572 2612 2628 id
2639 2582 2743 2640 est,
2777 2574 2972 2630 bonam
3003 2576 3196 2633 famam
3227 2579 3384 2636 Chri-

1796 2666 2110 2731 stianorum,
2150 2667 2224 2720 illi
2268 2668 2620 2731 exterminant,
2665 2667 2756 2738 qui
2787 2669 2926 2726 male
2963 2670 3177 2737 victuri,
3220 2683 3275 2728 et
3316 2675 3384 2732 ad

1795 2765 2024 2810 mortem
2053 2771 2268 2810 suarum
2299 2756 2632 2825 iniquitatum
2661 2759 2900 2822 redituri.
2927 2776 3116 2832 magna
3149 2764 3386 2819 multitu-

1795 2845 1920 2900 dine
1951 2846 2177 2912 irruuut,
2211 2857 2269 2901 ut
2289 2846 2366 2901 eis
2397 2863 2491 2916 per
2511 2848 2837 2918 Baptismum
2860 2861 3073 2921 peccata
3095 2851 3380 2920 donentur,

1795 2947 1852 2993 et
1877 2937 1944 2992 ad
1969 2953 2028 2992 ea
2056 2936 2234 2992 denuo
2274 2947 2628 2992 revertantur.
2671 2937 2803 2993 Nam
2844 2948 3062 3011 pr0pter
3089 2945 3386 3002 numerosi-

1797 3040 1956 3085 tatem
1996 3030 2194 3086 muscis
2232 3029 2463 3085 arbitror
2491 3045 2609 3086 esse
2633 3043 2972 3102 comparatos
2993 3029 3188 3103 (Eccle.
3216 3053 3274 3102 x,
3305 3035 3384 3110 1).

1796 3122 1900 3178 Sed
1925 3123 1974 3176 hi
1996 3122 2329 3176 exterminant
2354 3123 2519 3176 oleum
2542 3123 2823 3190 suauitatis,
2849 3126 2936 3195 qui
2962 3139 3065 3180 non
3094 3125 3261 3198 ipsam
3292 3128 3386 3185 Dei

1793 3215 2038 3287 gratiam,
2068 3216 2159 3271 secl
2202 3215 2475 3270 hominum
2507 3231 2682 3271 mores
2720 3216 3024 3284 intuentur;
3056 3219 3386 3290 etquoniam

1795 3308 1934 3362 sicut
1985 3323 2148 3378 grana
2200 3307 2336 3362 inter
2380 3309 2560 3378 paleas
2603 3325 2707 3364 non
2753 3310 3020 3374 videntur,
3064 3312 3133 3366 ita
3175 3313 3262 3383 pie
3307 3315 3387 3370 vi-

1795 3413 1980 3459 ventes
2021 3403 2160 3456 inter
2206 3403 2506 3472 iniquorum
2554 3403 2736 3458 turbas
2779 3419 2882 3458 non
2924 3403 3078 3459 facile
3105 3415 3382 3476 apparent,

1793 3493 2076 3549 carnaliter
2114 3493 2322 3560 oﬁ‘ensi,
2371 3510 2400 3548 a
2447 3494 2785 3563 percipienda
2832 3495 3005 3551 salute
3059 3499 3384 3568 sempiterna

1794 3586 1906 3641 sive
1935 3585 2334 3651 retrahuntur”,
2371 3585 2481 3640 sive
2511 3585 2730 3640 omnino
2755 3585 3014 3641 resiliunt.
3045 3587 3177 3642 Esse
3202 3601 3382 3647 autem

1793 3680 1993 3736 bonum
2023 3680 2241 3736 odorem
2288 3679 2342 3734 iu
2386 3679 2523 3734 bona
2556 3678 2696 3736 fama
2725 3691 2872 3738 recte
2900 3682 3185 3739 viventium
3228 3683 3385 3742 Chri~

1794 3775 2108 3842 stianorum,
2162 3773 2448 3843 Apostolus
2491 3773 2665 3841 docet,
2718 3776 2923 3842 dicens,
2981 3777 3169 3833 Christi
3222 3780 3384 3839 bonus

1795 3867 1922 3922 ador
1947 3883 2119 3922 sumus
2153 3865 2294 3920 Deo'
2316 3868 2371 3921 in
2395 3867 2534 3922 ontui
2566 3868 2676 3922 loco
2707 3867 2770 3942 (11
2802 3867 2922 3925 Cor.
2956 3887 3016 3940 tt,
3046 3873 3155 3943 15).
3184 3871 3383 3933 Contra

1795 3959 1871 4014 illi
1899 3959 2088 4030 quibus
2115 3958 2330 4028 dicitur,
2375 3959 2575 4015 Nomen
2603 3962 2737 4016 enim
2773 3961 2870 4017 Dei
2908 3981 2999 4036 per
3030 3981 3115 4021 vos
3142 3965 3382 4038 blasphe-

1795 4062 1963 4107 matur
1987 4055 2040 4107 in
2063 4054 2292 4126 gentibus
2318 4053 2498 4124 (Rom.
2529 4071 2566 4124 ι,
2589 4056 2720 4126 24);
2753 4058 2935 4129 utique
2975 4061 3136 4116 oleum
3162 4066 3384 4121 suauita-

1793 4149 1856 4203 tis
1884 4149 2236 4203 exterminant.
2266 4146 2355 4204 Sic
2392 4163 2520 4218 ergo
2555 4148 2753 4205 habent
2780 4151 2879 4206 ista
2905 4153 3040 4208 alios
3066 4155 3384 4214 sinceriores

1794 4239 2113 4305 intellectus,
2153 4254 2289 4311 quos
2322 4239 2367 4294 si
2406 4250 2714 4310 sequantur,
2755 4243 2914 4298 etiam
2961 4245 3060 4314 ipsi
3103 4247 3170 4303 ab
3197 4263 3384 4309 carum

1793 4331 2145 4402 quaestionum
2170 4330 2525 4401 expediuntur
2545 4332 2824 4399 angustiis.
2854 4334 3067 4390 Illorum
3093 4347 3268 4394 autem
3298 4341 3384 4394 in-

1795 4423 2040 4479 tellectus
2078 4423 2122 4478 si
2161 4439 2190 4477 a
2220 4423 2373 4478 nobis
2401 4438 2507 4477 non
2537 4424 2901 4491 conlirmetur,
2936 4426 3080 4496 ipsos
3124 4429 3304 4496 solos;
3335 4432 3384 4490 si

1794 4533 1922 4574 vero
1949 4532 1979 4572 a
2005 4517 2158 4572 nobis
2182 4515 2550 4584 conﬁrmetur,
2579 4526 2832 4587 utrosque
2861 4527 3100 4575 nostrum
3121 4521 3381 4593 implicat.

1862 4606 2090 4664 CAPUT
2153 4607 2342 4662 XL—
2387 4607 2477 4663 25.
2536 4607 2674 4676 Quid
2739 4624 2872 4680 opus
2928 4619 3009 4666 est
3057 4613 3166 4682 jam
3228 4614 3382 4686 plura

1793 4700 2098 4756 discutere?
2162 4699 2272 4755 Nisi
2328 4700 2467 4756 forte
2532 4701 2659 4756 illud
2720 4703 2990 4769 movebit,
3051 4705 3194 4776 quod
3260 4723 3384 4768 cum

1791 4793 2018 4864 probare
2067 4792 2453 4849 Parmenianus
2516 4779 2673 4848 vellet
2715 4794 2955 4850 carnales
2997 4794 3241 4854 homines
3276 4817 3383 4860 non

1793 4901 1950 4956 posse
1974 4886 2278 4958 spirituales
2310 4885 2447 4943 ﬁlios
2476 4900 2758 4956 procreare
2780 4928 2796 4953 ,
2851 4887 3054 4945 addidit
3082 4907 3146 4946 ex
3203 4893 3382 4950 Evan‘

1791 4978 1931 5050 gelio
1974 4979 2382 5033 testimonium:
2414 4977 2564 5043 Quod
2603 4985 2776 5032 natum
2817 4989 2889 5035 est
2929 4981 2993 5036 de
3037 4998 3206 5051 carne,
3263 5002 3384 5044 caro

1791 5080 1864 5124 est
1885 5085 1907 5134 ;
1967 5078 2013 5123 et
2063 5070 2198 5141 quod
2264 5078 2439 5123 natum
2495 5077 2568 5122 est
2630 5069 2694 5124 de
2755 5072 2940 5141 spiritu
2962 5115 2978 5140 ,
3039 5075 3249 5146 spiritus
3306 5087 3381 5135 est

1795 5161 1972 5234 (Joan.
2003 5178 2078 5227 ιιι,
2103 5163 2182 5233 6).
2211 5162 2369 5230 Quasi
2402 5175 2499 5216 nos
2525 5161 2762 5218 dicamus
2785 5179 2886 5236 per
2914 5180 2972 5221 se
2996 5165 3168 5237 ipsum
3193 5185 3381 5241 quem-

1791 5255 1919 5310 libet
1961 5254 2230 5310 hominem
2277 5254 2582 5324 spirituales
2632 5255 2767 5310 filios
2803 5272 3082 5328 generare,
3125 5270 3183 5317 et
3223 5279 3327 5318 non
3356 5261 3381 5295 ⁸

1791 5362 1888 5418 per
1910 5347 2284 5418 Evangelium;
2320 5346 2371 5400 in
2403 5346 2554 5416 cujus
2583 5346 2960 5418 praedicatione
2990 5350 3220 5420 Spiritus
3255 5369 3380 5411 san-

1855 5530 1873 5602 t
1898 5528 2086 5602 Αιίίιιξοι
2108 5535 2458 5602 venerantet
2477 5528 2786 5602 impietatem-

1853 5593 1874 5623 ³
1896 5593 1969 5642 sic
1987 5590 2094 5642 Uss.
2117 5598 2171 5640 At
2195 5590 2331 5649 editi,
2368 5590 2466 5642 sive
2487 5590 2757 5643 trahwuur.

1853 5655 1874 5686 ³
1897 5662 2015 5714 vox,
2042 5662 2158 5712 Deo,
2180 5654 2321 5704 abest
2342 5665 2370 5704 a
2392 5656 2739 5719 manuscriptis.

1851 5719 1874 5750 δ
1897 5723 1994 5768 Huc
2014 5729 2302 5782 revocamus
2336 5727 2601 5782 negantem
2631 5716 2944 5782 particulam.
2967 5728 3079 5780 quae
3123 5732 3212 5781 per
3234 5726 3375 5771 ιονι-

1789 5782 1990 5830 nienses
2010 5780 2194 5841 rejecta
2213 5779 2389 5830 fuerat.
2408 5778 2656 5830 'Erstabat
2689 5779 2738 5828 in
2763 5778 3101 5829 editione'Am.
3124 5778 3192 5830 'et
3215 5783 3264 5830 in
3286 5795 3372 5831 no-

1794 5842 1908 5891 stris
1922 5849 2041 5892 us<..
2072 5841 2361 5904 videturque
2395 5843 2587 5889 otnnino
2609 5841 2666 5889 ad
2695 5852 2800 5888 rem
2821 5843 3111 5891 necessaria.
