3764 6134
98 405 165 462 eli.
197 401 324 458 Haec
362 400 442 456 de
473 396 763 470 Scripturis
787 391 984 451 sanctis
1009 390 1328 448 documenta
1373 387 1601 459 proferi-

55 515 152 562 mus,
177 506 224 550 ut
256 503 532 564 appareat
571 491 720 546 facile
764 503 867 544 non
897 501 1019 542 esse
1058 486 1342 555 quidquam
1385 481 1604 553 gravius

55 591 278 660 sacrilegio
351 575 667 642 schismaiis
716 601 730 637 :
788 583 910 651 quia
966 577 1362 649 praecidendae,
1390 573 1604 629 unitatis

55 686 158 738 nulla
181 690 250 736 est
271 680 423 749 iusta
453 677 766 740 necessitas,
794 690 913 732 cum
946 672 1048 727 sibi
1083 684 1418 742 nequaquam
1443 667 1604 738 spici.

56 776 215 829 lualltet'
241 772 527 826 micituros
557 768 728 822 malos
752 765 870 820 ideo
895 765 1124 818 tolerent.
1152 763 1274 816 boni
1297 803 1311 823 ,
1343 775 1412 816 ne
1450 757 1608 828 spirit-

56 870 214 922 nniiter
233 865 596 934 sejungantur
620 876 648 914 a
677 858 849 921 bonis,
876 872 998 914 eum
1026 855 1325 918 disciplinae
1349 852 1607 908 severitao

58 973 134 1016 tein
155 956 508 1016 consideratio
536 951 898 1010 custodiendas
931 949 1076 1019 pacis
1103 947 1340 1002 refrenat
1376 953 1470 999 aut
1505 941 1610 998 dif-

58 1053 155 1116 fert;
179 1065 338 1121 quam
364 1058 543 1102 tamen
575 1045 836 1100 securitas
858 1041 1075 1103 exserit,
1100 1055 1220 1094 cum
1249 1045 1470 1108 apparet
1492 1036 1610 1091 sine

59 1145 226 1197 vulnere
263 1137 576 1196 schismatis
618 1135 684 1189 ad
732 1134 997 1188 salubrem
1029 1129 1416 1184 correctionem
1443 1141 1605 1198 posse

59 1234 212 1304 ιιι-μήὸ
247 1230 618 1288 ecclesiastico
645 1225 848 1297 judicio
875 1221 1150 1276 vindicari.
1203 1220 1440 1275 Dicimus
1467 1219 1612 1273 enim

62 1329 190 1397 magis
211 1339 406 1384 utimeu
438 1321 648 1378 Domini
669 1334 854 1374 eorum
883 1331 1005 1373 esse
1031 1315 1119 1385 qui
1147 1329 1272 1369 eum
1307 1321 1550 1368 metuunt
1570 1311 1611 1378 ί,

63 1419 257 1490 ηιιςιιιιιὶε
285 1416 536 1487 permixti
564 1414 672 1468 sint
703 1411 871 1467 turbis
890 1425 1075 1464 eorum
1104 1407 1192 1476 qui
1223 1422 1348 1461 cum
1369 1421 1472 1460 non
1504 1419 1618 1460 me-

65 1521 209 1570 tuunt:
236 1521 292 1566 et
317 1509 448 1564 illud
478 1506 622 1574 tptod
645 1503 929 1573 Apostolus
951 1501 1044 1561 ait,
1073 1497 1228 1553 Nouit
1259 1495 1504 1550 Dominus
1531 1495 1617 1566 qui

64 1617 146 1658 sunt
171 1606 308 1676 ejus;
336 1613 380 1656 et
401 1601 608 1654 recedat
632 1597 694 1651 ob
719 1596 972 1667 iujuslitia
992 1593 1155 1647 omnis
1188 1593 1275 1662 qui
1300 1592 1496 1644 invocat
1521 1604 1615 1642 ηο-

68 1717 149 1751 men
177 1698 370 1752 Doiuiui
392 1694 457 1766 (II
490 1692 627 1748 Tim.
659 1707 716 1752 ιι.
755 1690 861 1760 l9).
893 1688 950 1744 Si
979 1687 1118 1741 enim
1149 1701 1244 1755 pm
1286 1684 1427 1740 bimo
1454 1682 1617 1752 pacis,

68 1811 116 1847 nc
148 1803 257 1847 aute
297 1800 511 1858 tempus
549 1801 669 1841 cum
711 1783 912 1838 zizania
952 1781 1291 1850 colliguntur,
1322 1774 1622 1832 eradicatur

71 1887 189 1940 simul
213 1894 263 1940 et
293 1883 529 1937 triticum
551 1921 566 1943 ,
615 1877 936 1932 necessitate
962 1874 1174 1942 cogitur
1198 1869 1480 1941 quisquam
1504 1881 1623 1921 esse

72 1980 175 2031 inter
199 1977 420 2044 injustos
445 1988 462 2036 ;
494 1969 708 2025 recedat
736 1967 805 2022 ab
827 1964 1104 2035 iujustitia,
1138 1973 1191 2017 et
1215 1975 1436 2016 securus
1464 1959 1622 2013 invo-

72 2083 133 2123 cat
153 2083 328 2123 nomen
374 2063 587 2120 Domini
610 2064 652 2116 ³.
683 2059 850 2117 Simul
880 2059 1022 2114 enim
1051 2066 1106 2111 et
1137 2054 1208 2109 ab
1235 2053 1445 2123 iujustis
1469 2065 1626 2107 rece-

73 2162 144 2227 dit,
167 2161 298 2216 etab
333 2159 414 2212 eis
439 2156 552 2212 exit
569 2197 584 2218 ,
613 2163 772 2223 atque
798 2159 1078 2218 separatur
1103 2146 1313 2202 interim
1342 2143 1541 2209 corde,
1570 2148 1628 2196 ut

74 2253 200 2306 etiam
223 2264 441 2320 corpore
472 2262 502 2300 a
535 2244 726 2301 talibus
752 2244 802 2296 in
833 2241 934 2296 line
963 2238 1202 2309 separari
1230 2246 1518 2292 mereatur.

127 2341 327 2400 CAPUT
359 2340 474 2395 XII.
518 2369 589 2380 -
627 2336 718 2391 26.
760 2335 828 2389 Et
867 2331 992 2389 illud
1031 2330 1174 2401 quod
1220 2329 1476 2396 scriptum
1520 2335 1623 2393 est,

79 2437 254 2492 Natant
277 2435 501 2505 speciosa
530 2431 643 2486 lous
677 2430 730 2483 in
761 2445 847 2482 ore
875 2425 1154 2498 peccatoris
1180 2424 1198 2495 (
1221 2421 1380 2476 Ereti.
1409 2435 1504 2484 xv,
1531 2418 1626 2489 9).

77 2528 120 2581 ιιι
159 2543 239 2583 ore
273 2541 414 2581 certe
445 2524 680 2578 ﬁdelium
710 2521 888 2589 utique
914 2517 1156 2587 speciosa
1190 2525 1290 2570 est.
1333 2513 1424 2567 Sic
1449 2521 1630 2566 autem

81 2620 318 2690 unicuique
341 2627 425 2674 est
461 2632 524 2671 os
547 2613 841 2683 proprium,
893 2625 992 2664 nec
1033 2609 1320 2678 quisquam
1351 2607 1466 2660 siue
1495 2620 1629 2660 con—

83 2714 288 2768 sensione
313 2712 392 2765 sui
414 2709 595 2763 cordis
614 2723 678 2761 ex
699 2721 791 2760 ore
822 2703 1130 2757 vulneratur
1155 2700 1350 2754 alieno.
1378 2699 1510 2751 Cum
1533 2712 1632 2751 au-

85 2817 169 2858 tem
195 2801 484 2874 pra-dicatio
511 2801 531 2831 ³
560 2797 854 2869 peccatoris
873 2808 967 2848 ore
997 2791 1257 2862 procedit,
1286 2787 1633 2859 quterendutn

84 2894 444 2965 cstcujusmodi
480 2901 813 2961 peccatorem
846 2887 946 2940 hoc
975 2886 1094 2939 loco
1117 2883 1394 2952 Scriptura
1430 2880 1632 2949 signiti-

85 3005 184 3043 care
219 2990 391 3042 voluit.
429 2985 561 3040 Nam
603 2994 656 3038 et
702 2981 1019 3035 Publicanus
1055 2977 1144 3046 qui
1187 2976 1506 3044 justilicatus
1554 2979 1639 3028 est

89 3083 225 3152 magis
265 3095 417 3151 quam
464 3079 554 3132 ille
609 3075 925 3135 Pharisneus,
983 3071 1164 3140 utique
1219 3077 1466 3138 peccator
1523 3074 1640 3120 erat

89 3173 208 3240 (Luc.
230 3190 372 3239 xvut,
406 3173 518 3241 14).
550 3171 607 3225 Si
633 3169 774 3224 enim
801 3182 924 3222 vera
947 3165 1061 3234 ejus
1086 3173 1294 3234 peccata
1325 3178 1430 3216 non
1458 3168 1634 3226 erant,

92 3265 193 3320 falsa
218 3276 321 3320 erat
354 3262 623 3320 confessio
663 3267 998 3330 peccatorum
1040 3273 1054 3309 :
1085 3255 1129 3309 si
1161 3263 1336 3308 autem
1364 3269 1488 3306 vera
1520 3259 1642 3305 erat

92 3357 331 3425 cettfessio,
362 3363 576 3427 prepter
601 3368 758 3423 quant
783 3349 1057 3422 justilicari
1084 3348 1244 3404 etiam
1274 3347 1489 3410 meruit,
1519 3360 1642 3414 pro-

95 3449 162 3502 cui
181 3449 323 3504 dubio
347 3464 471 3506 vera
495 3455 648 3502 erant
676 3453 909 3515 peccata.
939 3442 1054 3496 lloe
1074 3441 1236 3495 etiam
1262 3439 1328 3492 de
1347 3438 1590 3491 oratione
1614 3434 1637 3467 δ

98 3544 233 3597 sancti
263 3542 485 3598 Dauielis
508 3538 786 3595 verissime
826 3536 1072 3598 dixerim,
1101 3534 1190 3600 qui
1221 3532 1460 3602 profecto
1485 3544 1641 3584 vera-

101 3636 204 3689 citer
224 3637 320 3688 ait:
361 3634 484 3690 Cum
507 3647 726 3694 orarem,
757 3639 802 3683 et
823 3629 1086 3697 confiterer
1109 3635 1314 3696 peccata
1341 3639 1451 3676 mea
1479 3632 1524 3676 et
1547 3637 1643 3692 po-

105 3730 186 3797 puli
217 3731 300 3783 inci
335 3727 495 3798 (Dan.
523 3743 602 3791 ix,
642 3724 758 3795 ΞΟ).
792 3723 846 3777 In
887 3722 1038 3791 cujus
1066 3735 1193 3790 ergo
1219 3735 1311 3774 ore
1352 3717 1647 3788 peccatoris

108 3823 195 3878 laus
214 3823 433 3892 speciosa
466 3837 571 3875 nou
603 3827 704 3883 est,
735 3816 837 3871 nisi
872 3815 1102 3870 maxime
1130 3811 1400 3866 mendacis
1433 3821 1488 3864 ct
1515 3810 1643 3875 licti,

109 3930 226 3983 auctu
263 3916 482 3983 Spiritus
511 3922 726 3967 sane-lus
751 3910 1044 3980 disci-plina:
1073 3905 1280 3976 fugiet?
1324 3904 1424 3972 Qui
1467 3914 1649 3958 tamen

110 4021 200 4062 cum
236 4009 457 4078 loquitur
503 4007 782 4060 veritatem
810 4003 853 4069 ⁸,
902 4015 1008 4055 non
1037 4001 1086 4052 in
1113 4001 1230 4066 ejus
1276 4013 1369 4052 ore
1409 3997 1651 4066 speciosa

110 4111 184 4163 ett,
207 4102 313 4169 quia
345 4116 448 4156 non
470 4099 518 4153 ei
538 4097 778 4163 tribuitur
802 4096 952 4162 cujus
982 4093 1246 4162 particeps
1272 4105 1376 4142 non
1407 4098 1490 4142 est
1511 4105 1526 4141 :
1545 4087 1651 4141 sic-

111 4200 153 4244 ut
185 4194 404 4264 speciosa
435 4208 540 4246 nou
578 4197 694 4244 erat
723 4185 995 4258 pmphetia
1026 4183 1079 4237 iu
1106 4197 1202 4236 ore
1228 4180 1445 4250 Caiphae
1475 4179 1650 4247 ponti-

112 4285 198 4339 ﬁcis
219 4285 564 4346 sacerdotum,
595 4283 684 4353 qui
709 4280 928 4335 neSt'iVil
955 4276 1082 4348 quid
1108 4274 1259 4335 dixit,
1289 4271 1383 4326 sed
1410 4287 1532 4326 cum
1562 4283 1654 4325 es-

110 4388 170 4433 tet
193 4380 406 4449 pontifex
435 4377 770 4448 prepiietavit
791 4373 968 4445 (Joun.
998 4385 1077 4434 ιι,
1100 4369 1215 4437 5i):
1245 4367 1338 4420 sed
1360 4375 1536 4420 tamen
1562 4378 1656 4432 per

112 4469 247 4537 ipsum
270 4473 501 4540 speciosa
529 4470 647 4524 laus
673 4475 755 4522 est
783 4465 878 4521 Dei
923 4465 977 4519 in
1005 4461 1222 4517 auribus
1249 4457 1577 4513 audientium
1601 4464 1658 4511 et

113 4564 239 4618 corde
257 4565 604 4620 credentium.

162 4656 362 4716 CAPUT
405 4657 538 4714 Xlll.
573 4685 644 4696 —
682 4655 771 4709 27.
813 4653 950 4720 Quin
976 4649 1136 4705 etiam
1162 4663 1228 4703 ex
1262 4643 1502 4716 Apostoi‘i
1533 4658 1659 4698 scn-

114 4752 241 4804 teutia
267 4752 397 4806 male
434 4757 684 4818 usurpata
716 4747 858 4803 velut
884 4744 1141 4799 insultare
1165 4740 1319 4795 audet
1351 4738 1658 4794 Parmeuia-

113 4854 190 4894 nus
208 4843 278 4896 eis
312 4857 446 4912 quos
480 4850 638 4908 negat
668 4838 864 4894 habere
907 4836 1232 4905 Baptismuin
1255 4871 1270 4897 ,
1298 4839 1353 4886 et
1383 4839 1659 4900 propterea

113 4931 214 4986 dicit
255 4949 344 4989 eos
378 4935 508 4988 dare
536 4949 642 4985 nou
676 4944 850 4997 posse.
895 4926 1032 4992 Quid
1074 4926 1224 4984 enim.
1274 4923 1464 4991 inquit,
1507 4920 1662 4974 habet

114 5026 220 5088 quod
262 5041 358 5078 non
394 5023 631 5094 accepisti
659 5022 704 5091 (ι
745 5020 860 5073 Cor.
903 5034 974 5084 tv,
1005 5016 1104 5087 7)?
1151 5014 1302 5082 Quod
1335 5022 1393 5066 ut
1418 5013 1661 5066 omittam

115 5116 230 5172 unde
249 5126 298 5170 ct
318 5132 482 5188 quare
508 5116 652 5169 dieat
695 5111 1003 5182 Apostolus,
1040 5108 1180 5178 mind
1217 5105 1383 5173 ipsius
1411 5102 1662 5173 Epistolas

115 5213 416 5268 contextione
456 5210 793 5268 declaratur;
834 5205 878 5260 si
920 5204 1024 5259 hoc
1049 5202 1117 5257 de
1137 5201 1411 5270 Baptismo
1443 5197 1555 5251 vult
1582 5196 1664 5251 in-

169 5365 186 5435 ξ
203 5372 268 5415 Sic
285 5375 382 5416 uss.
408 5373 463 5416 Al.
486 5364 623 5424 editi,
647 5373 875 5427 magnum
889 5371 1059 5410 nomen
1091 5353 1280 5408 Domini
1314 5367 1414 5406 esse
1444 5365 1556 5404 cum
1593 5351 1666 5404 eis

122 5435 183 5483 ιιιι
202 5439 297 5477 cum
313 5436 535 5478 motuum.

151 5489 187 5556 ,³
205 5495 322 5556 ἔρνη
339 5491 514 5556 inm
530 5499 702 5556 ml
725 5483 1041 5540 Mox
1057 5482 1235 5556 eadem
1539 5484 1664 5537 Am.,

486 5550 808 5619 durandum:
829 5562 899 5619 ex
921 5545 1270 5608 manuscripts.

175 5612 194 5676 θ
213 5616 399 5666 Vaticani
432 5616 642 5673 codices,
672 5612 901 5676 precatio.

174 5671 747 5737 ftnGalIicanistissL,'de
773 5686 873 5737 qm,
1004 5735 1013 5737 _
1079 5732 1089 5737 _
1535 5723 1556 5737 η
1619 5723 1628 5733 .

174 5723 658 5806 «Caninium;
987 5732 1124 5798 fugit.
1159 5740 1306 5794 Quem
1338 5725 1486 5793 igitur
1526 5723 1668 5790 fugit.

130 5809 217 5849 cum
233 5806 376 5852 tam
389 5799 593 5867 legium
616 5799 880 5852 veritatem.

1319 242 1525 330 usu-tt
1559 263 1944 328 SBGUND-UB.

3223 259 3292 326 ’ω

1709 384 1912 456 telltgi,
1956 391 2012 440 et
2052 383 2097 440 si
2131 381 2222 440 ille
2269 381 2402 440 dare
2444 396 2552 440 non
2587 392 2764 456 potest
2805 387 2900 459 qui
2939 397 3048 445 non
3089 387 3291 458 habet,

1709 477 1799 534 ille
1847 489 2022 533 autem
2061 493 2166 532 non
2195 478 2356 533 habet
2381 480 2469 550 qui
2501 493 2604 533 non
2651 483 2876 553 accepit,
2925 491 2982 538 ut
3027 482 3078 540 ei
3119 485 3298 555 aliquo

1710 572 1872 630 modo
1919 574 1940 608 ί
1976 572 2293 644 ιιιῶειεθιιιιο
2337 573 2476 642 quod
2526 575 2778 644 scriptum
2820 585 2940 646 est,
2991 578 3129 644 Quid
3165 580 3299 634 enim

1709 663 1864 718 Italia
1901 663 2039 731 quod
2089 681 2190 718 non
2246 665 2523 734 accepisti?
2566 681 2752 736 quiet-0
2800 677 2978 723 utrum
3037 683 3146 723 non
3205 670 3302 724 ha-

1709 753 1835 812 beat
1874 756 2019 826 quod
2061 755 2200 826 apud
2235 757 2380 826 ipsos
2407 757 2630 826 accepit.
2681 759 2736 814 Si
2787 758 3038 826 dixerint,
3088 761 3299 829 Habet-2

1711 862 1898 918 quau-0
1943 858 2121 903 utrum
2163 851 2372 905 amittat
2425 850 2470 904 si
2513 850 2580 906 ab
2629 853 2712 905 eis
2758 855 3061 908 recesserit.
3117 852 3176 908 Si
3218 853 3303 909 dit-

1712 950 1860 1008 cunt,
1915 942 2162 1008 Amittit;
2207 941 2554 1012 baptizandus
2609 945 2802 1000 iterum
2847 955 2928 1001 est
2971 947 3014 1000 si
3059 946 3298 1014 redierit,

1715 1043 1773 1088 ut
1814 1033 1865 1090 ei
1905 1036 2072 1104 possit
2116 1036 2320 1090 restitui
2349 1035 2496 1107 quod
2535 1037 2730 1092 amisit.
2779 1037 2834 1093 Si
2863 1045 3041 1092 autem
3069 1039 3168 1095 hoc
3192 1047 3304 1096 non

1715 1126 1809 1194 ﬁt,
1851 1141 1952 1185 nee
1991 1129 2272 1200 quisquam
2319 1129 2448 1184 dicit
2482 1143 2604 1186 esse
2650 1131 2979 1196 faciendum,
3028 1145 3132 1186 non
3175 1137 3304 1205 ergo

1716 1221 1987 1278 amiserint
2039 1217 2207 1275 Porro
2261 1220 2310 1275 si
2353 1222 2592 1292 accepit,
2636 1231 2690 1277 et
2737 1238 2844 1276 non
2881 1238 2948 1277 eo
2988 1223 3176 1290 caruit,
3211 1227 3306 1276 ha~

1718 1310 1808 1366 bet
1834 1312 2020 1382 utique
2047 1312 2188 1384 quod
2229 1313 2476 1383 accepit:
2508 1323 2560 1369 et
2591 1314 2712 1371 ideo
2749 1329 2854 1369 non
2892 1315 2942 1370 ei
2985 1323 3160 1385 potest
3201 1314 3310 1372 dici

1719 1407 2011 1462 secundum
2039 1406 2260 1461 Istorum
2289 1407 2638 1473 intellectum,
2671 1407 2806 1476 Quid
2831 1409 2961 1462 enim
2988 1408 3140 1462 habes
3173 1408 3313 1480 quod

1720 1513 1824 1552 non
1851 1499 2135 1566 accepisti?
2184 1498 2348 1554 Refer
2379 1513 2520 1554 nunc
2562 1501 2798 1554 animum
2828 1500 2896 1554 ad
2941 1500 3108 1569 ipsam
3150 1499 3314 1571 origi-

1720 1589 1894 1661 gincm
1921 1589 2242 1646 schismatis.
2271 1591 2623 1662 Qualemiibct
2647 1593 2954 1649 existiment
2971 1592 3314 1648 C:cciliauum

1724 1685 1904 1754 (quem
1953 1695 2049 1739 nos
2095 1686 2364 1740 credimus
2408 1687 2790 1752 innocentem),
2840 1688 3019 1758 procul
3050 1687 3211 1742 dubio
3253 1688 3309 1742 in

1724 1774 1928 1828 unitate
1958 1777 1976 1807 ³
2010 1776 2300 1846 baptizatus
2328 1787 2445 1831 erat
2495 1795 2509 1830 :
2555 1777 2786 1831 nondum
2827 1779 2966 1834 cuitu
3019 1777 3154 1834 facta
3201 1786 3317 1835 erat

1727 1868 1827 1922 ista
1855 1865 2066 1923 divisio.
2099 1869 2385 1936 Ponatnus,
2413 1870 2548 1924 sicut
2577 1871 2648 1924 illi
2672 1872 2874 1934 volunt,
2915 1872 3055 1941 quod
3095 1872 3161 1927 ab
3201 1872 3318 1927 uui—

1729 1969 1842 2015 tate
1864 1961 1975 2030 ipse
2001 1962 2284 2016 recesserit
2314 1979 2327 2015 :
2377 1977 2480 2015 non
2505 1962 2686 2017 amisit
2716 1963 2894 2032 utique
2922 1962 3064 2032 quod
3089 1977 3315 2034 accepe-

1729 2063 1849 2117 rat;
1882 2068 1985 2107 non
2010 2053 2172 2115 enim,
2200 2054 2242 2107 si
2274 2052 2491 2119 rediret,
2520 2055 2878 2123 baptizaretur
2908 2055 3121 2116 iterum,
3149 2065 3206 2109 ut
3231 2070 3320 2109 rent

1730 2142 1931 2212 ciperet
1971 2143 2114 2214 quod
2157 2145 2428 2199 amiserat.
2479 2144 2646 2200 Porro
2682 2147 2726 2200 si
2765 2161 2831 2199 eo
2856 2146 2996 2216 quod
3039 2155 3323 2217 acceperat

1733 2249 1838 2289 nou
1867 2244 2130 2301 caruerat,
2157 2235 2208 2290 id
2237 2237 2418 2305 utique
2444 2235 2689 2291 habebat.
2725 2237 2781 2290 Si
2812 2253 2938 2306 ergo
2970 2253 3068 2291 nec
3091 2238 3186 2307 ipsi
3215 2236 3324 2292 dici

1731 2326 1904 2397 potuit
1929 2341 1995 2381 ex
2026 2327 2247 2380 istorum
2298 2342 2461 2395 pravo
2494 2329 2782 2394 intellectu,
2837 2327 2975 2396 Quid
3003 2329 3134 2382 enim
3171 2327 3323 2384 habes

1734 2421 1869 2490 quod
1896 2435 1995 2474 non
2025 2421 2264 2490 accepisti
2284 2421 2310 2474 .’
2333 2421 2501 2474 multo
2528 2422 2702 2475 minus
2734 2422 2833 2475 hoc
2856 2421 2994 2477 idem
3016 2421 3122 2476 dici
3146 2429 3327 2492 potest

1737 2513 1783 2566 ei
1824 2511 1914 2582 qui
1943 2527 2038 2580 per
2070 2512 2408 2567 Czcciliauum
2453 2530 2487 2566 a
2518 2513 2742 2569 Domino
2776 2515 2998 2584 accepit.
3048 2515 3158 2570 Cur
3182 2516 3326 2570 enim

1738 2619 1846 2658 non
1881 2605 2050 2673 potuit
2091 2605 2250 2660 homo
2279 2605 2368 2674 qui
2414 2621 2518 2659 non
2559 2606 2874 2675 conjuuclus
2902 2616 2984 2661 est
3014 2607 3165 2661 vobis
3202 2607 3245 2673 ³,
3275 2606 3328 2661 id

1737 2696 1878 2767 quod
1912 2711 2016 2750 non
2047 2696 2272 2750 habebat
2299 2697 2544 2764 accipere
2579 2712 2672 2765 per
2711 2713 2830 2751 eum
2857 2699 2948 2768 qui
2986 2713 3092 2752 non
3127 2699 3327 2766 amisit,

1740 2788 1953 2858 quando
1981 2789 2200 2842 recessit
2240 2803 2271 2841 a
2319 2786 2510 2842 vobis?
2548 2789 2758 2851 Quanto
2787 2803 2916 2856 ergo
2942 2787 3332 2856 imprudentius

1744 2880 1938 2935 dicitur
1966 2882 2080 2934 orbi
2113 2887 2372 2934 terrarum
2398 2920 2410 2938 ,
2456 2879 2590 2944 Quid
2615 2881 2748 2933 enim
2769 2880 2920 2933 habes
2944 2879 3079 2952 quod
3103 2896 3202 2933 non
3241 2895 3334 2933 ae-

1743 2974 1920 3042 cepirti
1937 2974 1962 3026 .9
1991 2972 2130 3027 unde
2158 2973 2322 3041 ips-ius
2359 2971 2684 3026 Sacramenti
2725 2972 2988 3026 connexio
3018 2973 3070 3025 in
3102 2971 3334 3026 Africam

1746 3064 1910 3127 venit,
1957 3065 2045 3134 qui
2092 3078 2184 3132 per
2215 3063 2409 3116 nullius
2441 3063 2709 3116 traditoris
2738 3063 2939 3118 facinus
2966 3065 3133 3133 potuit
3175 3064 3336 3118 amit-

1748 3164 1860 3209 tere
1891 3154 2298 3223 promissionem
2346 3153 2459 3220 Dei,
2488 3156 2821 3223 apertissima
2854 3156 3232 3224 pollicitatione
3258 3154 3340 3210 di-

1747 3247 1917 3304 centis
1937 3248 2002 3300 ad
2034 3245 2325 3322 Abraham,
2359 3245 2629 3301 [mendae
2657 3259 2744 3301 tuo
2780 3249 3135 3304 benedicentur
3169 3266 3344 3306 onmes

1748 3348 1916 3409 gentes
1942 3336 2095 3408 (Gen.
2125 3353 2256 3402 χιιι,
2290 3337 2413 3408 i8);
2445 3339 2604 3392 etiam
2636 3341 2678 3393 si
2730 3340 2814 3392 isti
2846 3355 2952 3394 non
3000 3342 3144 3410 impii
3192 3343 3343 3397 calu-

1750 3429 2041 3483 mniatores
2083 3429 2327 3495 fratrum,
2369 3428 2462 3483 sed
2503 3429 2614 3482 veri
2636 3430 3028 3486 examinatores
3054 3432 3344 3488 criminum

1752 3519 1978 3577 fuissent
1991 3520 2016 3574 ?

1822 3617 1914 3672 28.
1955 3615 2090 3670 Nam
2117 3614 2241 3670 illud
2281 3613 2419 3684 quod
2449 3613 2662 3685 quidam
2696 3628 2880 3669 eorum
2907 3615 3133 3672 veritate
3157 3617 3345 3672 convi-

1755 3709 1827 3764 cti
1856 3709 2033 3763 dicere
2060 3713 2358 3777 cmpernnt,
2396 3725 2415 3758 ι
2446 3707 2772 3775 Baptismum
2801 3706 3014 3777 quidem
3043 3721 3146 3761 non
3184 3708 3344 3763 amit-

1756 3806 1821 3858 tit
1851 3803 1942 3873 qui
1971 3802 2172 3856 recedit
2200 3802 2266 3855 ab
2292 3801 2548 3863 Ecclesia,
2574 3800 2666 3856 sed
2686 3801 2773 3869 jus
2802 3811 2979 3856 tamen
2999 3801 3158 3855 dandi
3189 3803 3348 3856 amit-

1761 3897 1852 3961 tit;
1893 3915 1913 3948 ι
1960 3896 2137 3950 multis
2182 3894 2355 3948 modis
2379 3903 2598 3962 apparet
2624 3892 2819 3947 frustra
2842 3901 2896 3947 et
2945 3892 3174 3947 inaniter
3215 3892 3346 3948 dici.

1760 3989 1962 4053 Primo,
1995 3987 2116 4057 quia
2141 3985 2280 4039 nulla
2303 3985 2600 4039 ostenditur
2623 3997 2783 4037 causa
2810 3998 2906 4037 cur
2933 3983 3019 4037 ille
3050 3983 3138 4052 qui
3169 3981 3347 4051 ipsum

1761 4081 2089 4148 Baptismutn
2134 4078 2378 4132 amittere
2423 4091 2526 4130 nou
2573 4083 2786 4146 potest,
2833 4074 2922 4144 jus
2965 4073 3126 4128 dandi
3177 4083 3351 4142 potest

1761 4173 2007 4226 amittere
2051 4169 2093 4222 ⁸.
2156 4168 2452 4236 Utrumque
2498 4164 2638 4222 enim
2687 4166 3089 4222 Sacrameutum
3137 4175 3247 4228 est;
3295 4172 3352 4221 et

1763 4265 1989 4333 quadam
2019 4261 2418 4317 consecratione
2444 4270 2727 4329 utrumque
2754 4258 2954 4311 homini
2977 4258 3170 4310 datur:
3195 4257 3348 4324 illud,

1763 4373 1884 4414 cum
1929 4357 2256 4426 baptizatur;
2307 4353 2484 4419 istud,
2533 4368 2652 4407 cum
2699 4352 3008 4414 ordinatur;
3041 4350 3266 4419 ideoque
3295 4350 3351 4405 in

1763 4449 2036 4504 Catholica
2064 4455 2346 4514 utrumque
2373 4459 2475 4499 non
2519 4444 2642 4498 licet
2668 4443 2870 4499 iterari.
2901 4441 3031 4496 Nam
3062 4441 3104 4495 si
3135 4440 3351 4511 quando

1765 4557 1831 4598 ex
1861 4542 1979 4610 ipsa
2002 4548 2146 4609 parte
2174 4537 2447 4592 venientes
2473 4538 2632 4593 etiam
2658 4535 2947 4604 prchositi,
2979 4550 3071 4604 pro
3095 4534 3234 4588 bono
3259 4548 3352 4602 pn-

1766 4635 1844 4692 cis
1874 4643 2115 4689 correcta
2141 4629 2443 4685 schismatis
2470 4644 2652 4684 errore
2679 4629 2909 4696 suscepti
2941 4635 3084 4691 sunt,
3114 4636 3162 4680 et
3195 4625 3239 4678 si
3272 4625 3352 4680 vi-

1767 4744 1885 4784 sum
1916 4734 2002 4782 est
2023 4738 2157 4794 Opus
2194 4738 2313 4778 esse
2347 4728 2407 4777 ut
2430 4721 2614 4775 eadem
2641 4718 2810 4772 oflicia
2837 4726 3083 4788 gererent
3109 4732 3228 4786 qua:
3255 4730 3354 4786 ge-

1769 4823 1977 4886 rebant,
2003 4836 2107 4874 non
2129 4826 2252 4871 sunt
2271 4831 2479 4870 rursum
2503 4813 2728 4868 ordinati
2747 4829 2758 4870 ;
2783 4811 2876 4865 sed
2895 4811 3030 4865 sicut
3054 4811 3354 4879 Baptismus

1770 4920 1824 4973 in
1860 4918 1969 4982 eis,
2001 4917 2071 4970 ita
2110 4913 2386 4969 Ordinatio
2417 4909 2608 4963 mansit
2649 4910 2857 4976 integra
2888 4925 2903 4960 :
2929 4904 3049 4975 quia
3084 4905 3136 4960 in
3167 4904 3355 4975 praeci-

1774 5012 1925 5067 sione
1951 5008 2122 5062 fuerat
2141 5006 2348 5068 vitinm,
2373 5001 2512 5072 quod
2535 4999 2749 5052 unitatis
2771 5013 2899 5068 pace
2918 5008 3214 5052 correctum
3236 5003 3350 5062 est;

1773 5119 1878 5158 non
1903 5097 2353 5162 iuS-acramcntis,
2377 5111 2494 5164 qua:
2517 5092 2835 5161 ubicumque
2859 5101 3003 5158 sunt,
3029 5092 3139 5160 ipsa
3162 5100 3287 5143 sunt
3310 5089 3355 5144 '.

1774 5200 1844 5256 Et
1862 5211 1982 5258 cum
2007 5193 2259 5265 eXpedire
2286 5190 2388 5246 hoc
2406 5187 2673 5257 judicatur
2699 5185 2974 5251 Ecclesiae,
3004 5192 3060 5239 ut
3088 5181 3358 5254 praepositi

1841 5336 1857 5367 ³
1884 5342 2061 5383 Omnes
2084 5337 2208 5388 Mss,
2239 5329 2288 5388 ut
2311 5322 2358 5375 ei
2384 5320 2662 5388 qliqtmrtdp.

1837 5400 1865 5472 '_
1886 5376 2207 5472 ﬁf’éiizusis,’
2243 5387 2296 5440 in
2332 5376 2508 5438 unitaie
2552 5381 2690 5449 ﬁdei.
2725 5381 2904 5444 Abest,
2938 5376 3074 5440 fidei,
3118 5392 3146 5430 a
3189 5389 3359 5428 manu-

2012 5529 2186 5582 magno
2209 5525 2450 5568 consensu
2489 5509 2678 5570 ferunt,
2712 5505 2794 5574 qui
2823 5520 2916 5559 non
2957 5502 3196 5558 convictus
3230 5507 3300 5552 est
3332 5513 3362 5549 (ι

1780 5586 2026 5698 vagitibus
2063 5649 2137 5694 Er.
2179 5639 2322 5702 Lugd.
2351 5645 2469 5688 Ven.
2515 5642 2645 5694 l.ov.,
2676 5630 2762 5693 jus
2799 5628 2950 5680 dandi
2994 5616 3214 5678 antittere
3254 5640 3359 5689 pas-

1779 5719 1861 5809 δηίι
1889 5719 2119 5829 td‘editis,
2143 5766 2249 5830 ipsa
2266 5777 2377 5815 vera
2398 5767 2521 5813 sunt.
2550 5759 2710 5814 Abest,
2733 5764 2860 5811 vera,
2885 5763 2910 5800 a
2934 5751 3282 5814 manuscriptis.

1687 5911 1712 5930 ,κ
