3802 6124
111 229 178 287 73
1442 193 1647 256 LIBER
1682 191 1708 250 ε

1910 188 2059 249 DUS.
3312 180 3385 244 7‘

112 356 190 400 tur
211 356 275 399 ea
309 335 428 394 mali
465 332 740 407 polluere,
766 335 1021 402 quantum
1048 323 1099 380 in
1140 322 1269 394 ipsis
1301 329 1388 377 est
1421 319 1687 384 dicuntur,

113 450 222 492 cum
251 432 340 488 illa
372 426 648 498 impolluta
675 427 1052 495 permaneant;
1083 415 1178 472 sed
1208 416 1259 470 in
1291 412 1444 469 bonis
1475 426 1695 482 perma-

111 533 230 582 nent
248 521 315 578 ad
343 518 653 592 premium,
687 515 741 569 in
771 512 922 568 malis
960 515 1274 580 permanent
1315 504 1381 560 ad
1407 503 1686 575 judicium.

112 617 232 674 Nam
261 626 317 671 et
342 613 409 669 de
432 611 632 681 Spiritu
657 608 675 640 ¹
707 605 794 678 qui
824 603 970 659 nullo
999 600 1162 657 modo
1185 607 1364 670 potest
1399 595 1688 667 exstingui,

112 712 298 768 dictum
323 714 407 764 est
425 714 624 771 tamen,
651 699 904 772 Spiritum
923 696 1079 752 nolite
1098 693 1412 764 exstinguere
1437 689 1479 764 (l
1505 689 1686 744 Thess.

114 820 162 870 ν,
192 801 310 874 l9);
337 798 389 855 id
413 805 515 866 est,
544 801 800 868 quantum
825 792 877 847 in
903 789 1055 845 vobis
1081 794 1195 854 est,
1224 785 1386 841 nolite
1410 783 1487 839 sic
1507 797 1687 854 agere,

115 908 350 966 tanquam
368 889 636 949 conemini
658 887 910 960 Spiritum
932 882 1294 963 exstinguere,
1320 887 1413 936 aut
1439 889 1690 949 tanquam

115 960 356 1061 Spiritum
393 984 712 1041 exstinctum
754 977 1019 1049 depuletis
1045 993 1058 1031 :
1086 982 1140 1030 et
1179 960 1374 1029 nomen
1405 971 1498 1026 Dei
1543 969 1692 1024 nullo

116 1060 263 1138 modo
287 1077 451 1151 pollui
484 1083 693 1147 potest,
741 1079 806 1128 et
837 1080 1009 1124 tamen
1052 1065 1251 1122 dictum
1282 1074 1365 1120 est
1391 1104 1406 1127 ,
1446 1060 1612 1116 Filius
1647 1069 1696 1114 et

115 1185 243 1247 pater
267 1171 521 1226 intrabant
546 1168 612 1222 ad
640 1181 793 1220 unam
822 1161 1048 1234 puellam
1067 1201 1083 1229 ,
1109 1165 1163 1214 ut
1190 1155 1470 1230 polluerent
1513 1170 1695 1209 nomen

116 1267 200 1322 Dei
224 1265 304 1320 sui
325 1265 343 1335 (
369 1262 538 1317 Amos.
573 1275 631 1324 tl,
659 1257 735 1328 7).

177 1358 260 1414 3|.
304 1354 415 1410 Nec
444 1352 553 1408 ullo
582 1348 742 1406 modo
771 1347 856 1402 isti
887 1342 1142 1415 expedire
1181 1355 1242 1396 se
1281 1350 1506 1412 possunt
1526 1380 1541 1404 ,
1570 1353 1693 1394 cum

117 1449 186 1505 eis
222 1443 538 1518 proponitur
563 1457 658 1498 cur
681 1438 940 1496 sanctitas
971 1430 1305 1491 Sacramenti
1345 1439 1401 1487 et
1432 1430 1611 1486 haberi
1641 1437 1698 1484 et

118 1539 219 1595 dari
246 1536 420 1609 possit
459 1535 527 1590 ab
552 1548 620 1589 eo
661 1546 821 1602 quem
853 1529 995 1584 intus
1039 1525 1358 1582 sceleratum
1399 1523 1507 1592 jam
1554 1521 1696 1575 Deus

119 1628 399 1696 damnavit,
427 1636 482 1682 et
511 1635 635 1681 tunc
671 1621 888 1693 incipiat
911 1619 978 1674 ab
1006 1632 1070 1673 eo
1090 1616 1205 1672 dari
1233 1631 1336 1670 nan
1361 1628 1541 1684 posse,
1573 1626 1694 1666 cum

119 1722 178 1776 ab
201 1719 506 1776 hominibus
543 1717 830 1772 damnatus
877 1709 1056 1775 luerit,
1091 1722 1213 1763 cum
1243 1715 1419 1760 tamen
1448 1719 1546 1758 nec
1573 1713 1696 1756 tunc

121 1830 222 1890 eam
247 1812 418 1884 possit
437 1808 684 1865 amittere
702 1807 745 1858 '.
769 1804 1048 1861 Postremo
1073 1814 1170 1856 cur
1191 1797 1510 1864 Fclicianus,
1538 1809 1696 1864 quem

121 1886 228 1959 cum
250 1901 572 1958 Maximiano
598 1895 826 1954 trecenti
851 1893 1040 1951 decem
1067 1889 1455 1947 damnaverunt
1478 1929 1493 1952 ,
1525 1895 1578 1940 et
1607 1885 1697 1939 diu

124 1996 240 2052 loris
264 1995 320 2049 in
361 1989 667 2062 sacrilegio,
699 1987 838 2043 sicut
863 1984 964 2055 ipsi
994 1983 1047 2038 in
1087 1979 1316 2038 concilio
1341 1994 1438 2034 suo
1466 1975 1544 2051 (a)
1576 1992 1700 2047 pro-

123 2085 510 2147 nuntiaverunt,
532 2078 837 2136 schismatis
864 2075 963 2131 fuit
985 2073 1025 2141 ³,
1054 2088 1164 2129 non
1190 2072 1364 2127 solum
1395 2070 1566 2139 ipsum
1592 2068 1698 2122 Ba-

122 2179 383 2248 ptismum,
409 2171 509 2230 sed
535 2171 695 2228 etiam
726 2169 814 2240 jus
837 2165 998 2224 dandi
1026 2180 1135 2222 non
1164 2162 1381 2220 amisit?
1408 2161 1464 2216 In
1493 2160 1700 2215 honore

122 2269 303 2342 quippe
326 2280 450 2334 suo,
489 2264 628 2319 sicut
668 2260 893 2328 exierat,
942 2258 1014 2314 ita
1042 2263 1288 2326 receptus
1333 2262 1436 2320 cst,
1466 2268 1585 2308 cum
1614 2250 1699 2307 his

123 2361 360 2419 omnibus
385 2372 521 2431 quos
560 2356 675 2428 ipse
705 2353 834 2410 foris
857 2351 1064 2424 positus
1094 2347 1399 2420 baptizavit,
1432 2344 1578 2400 nullo
1607 2357 1697 2398 eo-

123 2471 229 2511 rum
261 2452 590 2524 rebaptizato
618 2465 631 2502 :
666 2449 790 2520 quia
814 2446 860 2501 si
901 2445 1134 2516 aliquem
1179 2456 1367 2499 eorum
1397 2454 1530 2510 quas
1573 2437 1700 2492 loris

125 2548 492 2620 baptizavcrat,
521 2539 960 2614 rebaptizandum
997 2551 1118 2593 esse
1161 2534 1468 2599 censerent,
1496 2529 1702 2602 judica-

125 2651 235 2698 rent
258 2657 379 2698 eum
409 2637 656 2694 amisisse
681 2634 769 2706 jus
791 2631 949 2688 dandi
981 2645 1102 2686 cum
1132 2628 1262 2686 foris
1299 2635 1462 2689 esset,
1489 2633 1544 2679 et
1588 2638 1703 2692 pro-

127 2743 293 2806 pterea
318 2743 660 2802 consequens
687 2734 804 2782 erat
829 2736 884 2780 ut
915 2725 1089 2794 ipsum
1133 2735 1346 2792 quoque
1392 2719 1584 2773 iterum
1615 2731 1704 2770 or-

127 2825 378 2892 dinarent,
403 2823 452 2878 si
479 2822 602 2877 illos
623 2819 816 2874 iterum
843 2815 1196 2887 baptizarent.
1243 2809 1350 2867 Sed
1374 2825 1493 2865 cum
1522 2807 1589 2862 ad
1618 2822 1704 2878 pa-

127 2933 232 2974 cem
270 2914 470 2973 Christi
513 2920 870 2975 revocantur,
919 2906 1334 2963 calumniatores
1379 2908 1549 2956 sunt:
1579 2914 1703 2955 cum

129 3009 231 3080 paci
269 3006 462 3063 Donati
495 3002 801 3066 consulunt,
830 2997 1255 3055 dissimulatores
1283 3001 1422 3049 sunt.
1455 2990 1592 3061 Quid
1622 3001 1706 3046 est

129 3102 220 3158 hoc
247 3099 412 3168 aliud,
440 3113 602 3170 quam
629 3094 770 3167 quod
801 3107 988 3150 eorum
1021 3089 1314 3146 Tichonius
1338 3085 1360 3119 ⁸
1384 3086 1451 3144 de
1476 3085 1582 3142 illis
1607 3085 1703 3154 ait,

132 3197 264 3262 Quod
289 3194 521 3249 volumus
545 3197 772 3246 sanctum
795 3187 907 3242 est?

191 3285 415 3344 CAPUT
442 3282 582 3340 XlV.
601 3311 674 3323 --
689 3279 778 3335 52.
801 3276 998 3350 thuid
1015 3290 1142 3347 ergo
1157 3271 1540 3331 Parmenianus
1560 3269 1704 3324 inani

133 3378 368 3450 lactantia
397 3375 663 3442 exsultat,
687 3381 740 3429 et
766 3371 897 3427 dicit
929 3387 943 3424 :
991 3388 1009 3422 ι
1045 3368 1322 3437 Nunquam
1353 3363 1548 3420 divina:
1573 3362 1708 3432 legis

138 3491 154 3525 ι
185 3487 405 3529 censura
427 3470 661 3542 patietur
697 3475 754 3522 ut
796 3463 1068 3520 viviﬁcare
1108 3473 1427 3532 quemquam
1465 3464 1708 3511 mortuus

140 3584 156 3619 ι
185 3565 379 3635 possit,
409 3577 600 3620 curare
621 3561 948 3623 vulneratus,
971 3554 1270 3611 illuminare
1293 3565 1488 3615 Caecus,
1512 3546 1710 3603 vestire

141 3676 158 3710 ι
189 3657 388 3723 nudus,
449 3664 503 3711 et
557 3651 815 3708 mundare
867 3645 1139 3720 pollutus?
1191 3664 1209 3698 ι
1268 3643 1522 3698 Dominus
1567 3640 1711 3696 enim

138 3750 339 3806 suscitat
389 3755 666 3812 mortuos,
700 3744 954 3799 Dominus
1018 3746 1169 3796 curat
1215 3737 1550 3799 vulneratos,
1603 3732 1710 3788 Do-

139 3841 298 3896 minus
368 3837 636 3893 illuminat
694 3848 866 3890 caecos
903 3873 918 3898 ,
963 3830 1224 3886 Dominus
1264 3828 1423 3882 vestit
1487 3823 1658 3879 nudos
1693 3864 1709 3892 ,

141 3934 381 3989 Dominus
427 3929 650 3986 mundat
701 3926 952 3998 pollutos.
1008 3921 1145 3991 Quid
1191 3921 1289 3977 sibi
1331 3927 1546 3989 arrogat
1595 3931 1715 3987 quae

142 4023 358 4081 hominis
410 4038 517 4080 non
565 4021 724 4078 sunt?
773 4019 916 4073 Itane
963 4015 1066 4070 vivi
1117 4022 1240 4069 sunt
1288 4011 1427 4083 apud
1480 4023 1574 4065 eos
1626 4007 1716 4079 qui

143 4136 235 4177 non
290 4125 551 4191 peccant,
586 4121 645 4172 ut
700 4113 860 4170 etiam
910 4109 1180 4165 vivilicare
1235 4120 1389 4177 posse
1435 4103 1712 4166 dicantur;

144 4228 251 4269 cum
301 4214 692 4268 incrementum
734 4206 864 4263 dare
906 4219 1012 4260 non
1064 4198 1308 4271 possint?
1355 4197 1501 4270 Ego,
1550 4194 1721 4266 inquit

147 4305 455 4376 Apostolus,
484 4299 741 4372 plantavi,
779 4296 965 4367 Apollo
1001 4293 1217 4366 rigavit;
1253 4289 1340 4345 sed
1381 4287 1520 4343 Deus
1552 4287 1719 4341 incre-

147 4409 352 4453 mentum
379 4396 540 4450 dedit.
570 4393 747 4466 Neque
769 4392 851 4462 qui
883 4390 1079 4462 plantat
1103 4397 1175 4441 est
1202 4383 1394 4457 aliquid
1412 4425 1425 4450 ,
1458 4398 1617 4453 neque
1638 4381 1724 4452 qui

148 4493 262 4562 rigat
282 4533 296 4556 ,
323 4489 416 4546 sed
439 4488 526 4559 qui
546 4488 905 4542 incrementum
923 4482 1010 4536 dat
1030 4479 1169 4536 Deus
1201 4478 1256 4549 (l
1282 4477 1400 4533 Cor.
1428 4492 1482 4530 Ill
1501 4517 1514 4541 ,
1538 4475 1572 4532 6
1591 4517 1605 4542 ,
1630 4476 1660 4528 7
1678 4473 1721 4548 ).

150 4584 358 4654 Quando
379 4583 472 4639 dat
497 4582 659 4637 vitam
682 4587 913 4642 mortuo,
937 4574 1026 4646 qui
1052 4574 1438 4629 incrementum
1465 4569 1594 4624 dare
1617 4581 1724 4623 non

151 4690 312 4748 poteSt
334 4677 497 4733 vivo?
532 4675 676 4731 Sicut
707 4673 836 4728 enim
868 4668 1026 4725 Pater
1046 4667 1254 4722 suscitat
1284 4673 1505 4718 mortuos
1532 4671 1578 4717 et
1606 4661 1728 4717 vivi-

153 4774 288 4841 ﬁcat,
329 4773 404 4828 sic
446 4778 493 4826 et
531 4767 697 4823 Filius
729 4781 854 4838 quos
894 4763 998 4818 vult
1036 4760 1251 4829 vivi/ient
1280 4756 1468 4830 (Joan.
1500 4771 1559 4823 ν,
1591 4753 1654 4809 2|
1681 4754 1724 4825 ).

153 4861 286 4921 itane
312 4861 456 4936 apud
484 4861 602 4917 illos
640 4858 756 4914 sani
798 4864 957 4922 sunt,
998 4863 1057 4910 ut
1107 4850 1314 4923 possint
1352 4849 1509 4905 etiam
1543 4861 1730 4903 curare

158 4971 248 5012 non
276 4969 442 5013 sanos
462 4953 521 5008 '?
559 4950 699 5021 Quid
727 4947 868 5005 aliud
898 4948 1018 5015 isti,
1049 4959 1206 5016 quam
1246 4957 1306 4999 se
1338 4938 1732 4998 benedicendos

212 5101 228 5131 ι
253 5098 460 5150 Vaticani
480 5103 606 5155 uss,
630 5090 810 5158 Spiritu
831 5094 1009 5158 amicta.

213 5163 233 5193 '
255 5146 502 5220 Eiliti,inec
519 5146 630 5208 tunc
651 5146 710 5206 ea
727 5151 872 5218 possit
893 5149 1128 5220 amittere.
1151 5146 1436 5197 Coucinnius
1455 5150 1586 5205 Mss,
1609 5157 1734 5205 eam,

158 5223 329 5274 scilicet
349 5217 655 5272 sanctitatem
681 5217 978 5267 saeramenti.

217 5267 571 5347 i'iaiui‘i'di’éi
585 5267 681 5331 diu
703 5275 891 5348 [crisin
911 5270 1241 5348 sacrilegio....,
1275 5267 1606 5348 scliimtatifus
1626 5267 1734 5348 fuit.

161 5331 728 5460 ιιωιςέᾦξρῖἐεῑρωιωιζ
753 5339 832 5402 qui
857 5351 874 5389 :
901 5347 954 5388 et
975 5331 1105 5397 loco,
1137 5333 1491 5394 scltisnutticus,
1526 5331 1735 5393 habent,

160 5424 206 5460 se
373 5421 434 5460 is.

217 5456 491 5550 ᾖξξῶίιὶδ,
513 5465 737 5531 magister
766 5460 1027 5514 Ticltonius.
1053 5460 1213 5522 Abest,
1241 5456 1484 5522 magister,
1519 5469 1547 5505 a
1570 5468 1739 5505 manu-

161 5543 340 5597 scriptis

222 5571 368 5648 iiii;
393 5596 540 5646 editio
562 5601 695 5657 me,
718 5593 770 5640 ut
791 5588 968 5651 possint
985 5583 1116 5650 apud
1139 5581 1245 5636 illos
1267 5594 1442 5634 curare
1457 5593 1548 5632 non
1569 5591 1743 5643 sanos;

165 5661 348 5720 omisso,
373 5658 530 5710 etiam.

225 5737 295 5800 ((ι)
319 5737 590 5798 Bagaitano.

261 5821 295 5850 ⁶
443 5819 663 5879 Saxcr.
699 5817 974 5876 AUGUST.
1002 5807 1116 5870 IX.

1807 322 1904 377 pro
1933 303 2156 362 Domino
2184 299 2499 374 opponunt?
2529 298 2636 360 Sed
2663 300 2733 357 ab
2760 301 2839 357 eis
2863 299 3009 357 nullo
3033 297 3192 356 modo
3220 299 3386 356 sedu-

1799 408 2010 461 cuntur,
2044 394 2132 466 qui
2161 408 2266 450 non
2289 394 2342 449 in
2362 392 2601 461 homine,
2629 391 2726 450 sed
2746 393 2800 448 in
2820 391 2933 449 Deo
2953 400 3229 463 sperantes
3253 405 3386 447 can-

1801 496 1915 542 tant
1945 508 1958 542 :
1990 485 2222 542 Benedic
2241 525 2258 552 ,
2286 485 2462 540 anima
2489 499 2608 541 mea
2632 525 2647 551 ,
2680 483 2963 540 Dominum
2983 525 2997 552 ,
3030 492 3084 540 et
3111 482 3220 539 noli
3252 474 3391 539 obli-

1799 579 1931 636 visci
1947 591 2136 633 omnes
2149 575 2528 634 retributiones
2542 575 2687 648 ejus;
2705 575 2795 647 qui
2810 575 3126 647 propitiatur
3138 574 3389 630 omnibus

1802 669 2166 741 iniquitatibus
2208 668 2347 736 tuis,
2388 667 2479 739 qui
2517 676 2674 722 sanat
2707 680 2896 723 omnes
2921 667 3206 738 languores
3233 665 3388 722 tuos‘

1803 763 1973 834 (Psal.
2015 777 2121 827 cn,
2165 762 2236 830 2,
2278 760 2367 834 5).
2408 761 2464 817 Si
2507 775 2695 817 omnes
2739 761 3023 832 languores
3059 759 3175 831 ipse
3209 767 3394 824 sanat,

1801 856 2002 912 nullum
2032 853 2286 924 relinquit
2312 867 2470 924 quem
2500 851 2886 908 Parmenianus
2915 866 3106 908 sanare
3140 865 3200 906 se
3226 848 3395 905 dicat.

1801 948 2039 1004 Tantane
2064 945 2202 1018 apud
2234 946 2352 1000 illos
2379 944 2580 1000 lumina
2606 952 2762 1009 sunt,
2795 950 2853 998 ut
2889 942 3191 999 illuminare
3228 942 3396 998 etiam

1801 1040 2043 1112 possint?
2071 1037 2224 1106 Quod
2253 1052 2353 1093 nec
2381 1036 2488 1102 illi,
2520 1051 2625 1106 quo
2655 1035 2708 1091 in
2735 1035 2874 1090 natis
2908 1033 3190 1089 mulierum
3221 1033 3399 1104 major

1801 1132 2032 1188 surrexit
2063 1145 2255 1196 nemo,
2289 1127 2476 1185 Joanni
2511 1127 2763 1198 Baptista:
2804 1125 3039 1182 Joannes
3069 1125 3396 1196 evangelista

1801 1223 2079 1289 concedit;
2102 1221 2168 1277 de
2189 1235 2293 1292 quo
2313 1221 2418 1285 ait,
2441 1217 2562 1274 Non
2583 1228 2689 1273 erat
2710 1217 2798 1272 ille
2823 1217 2995 1272 lumen
3014 1257 3030 1282 ,
3059 1215 3148 1270 sed
3175 1224 3230 1270 ut
3255 1218 3397 1271 testi-

1801 1315 2027 1369 monium
2056 1313 2333 1385 perhiberet
2362 1311 2424 1365 de
2444 1310 2652 1366 lumine.
2683 1307 2814 1363 Erat
2844 1308 3014 1364 lumen
3039 1307 3176 1378 quod
3199 1305 3400 1361 illumi-
3480 1340 3483 1343 -

1802 1414 1889 1460 nat
1938 1420 2136 1459 omnem
2178 1401 2432 1457 hominem
2469 1400 2745 1456 uenientem
2771 1399 2825 1454 in
2855 1399 2990 1454 hunc
3024 1398 3291 1454 mundum.
3341 1396 3402 1454 Si
3484 1456 3489 1462 ,

1801 1511 2016 1552 omnem
2051 1494 2321 1550 hominem
2360 1491 2490 1548 illud
2529 1491 2710 1548 lumen
2741 1490 3034 1557 illuminat,
3069 1490 3275 1548 nullum
3311 1505 3402 1546 re-

1803 1591 1996 1662 linquit
2031 1605 2192 1668 quem
2235 1589 2623 1645 Parmenianus
2660 1588 2960 1645 illuminare
2986 1603 3047 1646 se
3069 1588 3230 1645 dicat.
3262 1587 3398 1656 Quia

1803 1683 1906 1738 etsi
1948 1665 2118 1738 sancti
2162 1679 2445 1748 homines,
2503 1678 2795 1736 secundum
2849 1679 3132 1751 quemdam
3181 1654 3400 1736 modum
3493 1654 3498 1657 ³

1803 1775 2054 1831 dicuntur
2081 1772 2402 1839 luminaria;
2445 1771 2550 1828 alia
2594 1782 2775 1830 tamen
2805 1773 3154 1829 suntlumina
3197 1773 3400 1830 illumi—

1803 1875 1958 1934 nata,
1991 1865 2135 1921 aliud
2165 1865 2342 1920 lumen
2375 1863 2684 1920 illuminans
2707 1906 2722 1932 ,
2755 1863 2894 1935 quod
2928 1864 3056 1920 illud
3086 1874 3169 1922 est
3197 1864 3264 1922 de
3290 1879 3400 1937 quo

1794 1960 1952 2016 idem
1973 1959 2206 2015 Joannes
2220 1957 2458 2028 Baptista
2485 1956 2640 2024 dicit,
2667 1955 2779 2012 Nos
2798 1973 2971 2013 omnes
2996 1959 3060 2013 de
3088 1958 3402 2029 plenitudine

1803 2051 1916 2123 ejus
1945 2049 2229 2122 accepimus
2259 2047 2437 2120 (Joan.
2466 2064 2517 2115 ι,
2541 2047 2604 2113 8,
2632 2047 2688 2116 9,
2717 2048 2840 2120 l6).
2871 2047 3055 2106 Nudos
3082 2058 3256 2106 autem
3277 2051 3401 2120 quis

1806 2143 2006 2213 vestit,
2057 2142 2158 2198 nisi
2201 2141 2292 2213 qui
2334 2139 2501 2206 dicit,
2551 2139 2787 2213 Proferte
2828 2140 2907 2195 illi
2943 2141 3128 2195 stolam
3180 2142 3402 2213 primam

1807 2235 1970 2311 (Luc.
1996 2251 2066 2292 xv
2084 2277 2100 2303 ,
2129 2233 2239 2309 22)
2264 2249 2279 2288 :
2311 2243 2367 2291 et
2390 2233 2480 2306 qui
2505 2232 2854 2306 corruptibile
2882 2231 2985 2290 hoc
3010 2233 3192 2290 induet
3219 2224 3424 2290 incor-'

1807 2326 2148 2398 rnptlonem,
2195 2334 2252 2380 et
2293 2324 2518 2381 mortale
2558 2323 2660 2378 hoc
2710 2322 2894 2380 induet
2946 2323 3404 2381 immortalitatem

1808 2418 1855 2488 (l
1883 2417 2000 2472 Cor.
2032 2431 2124 2484 xv,
2152 2415 2285 2489 55)?
2309 2415 2380 2471 Et
2404 2417 2508 2472 hoc
2533 2415 2815 2487 quisquam
2837 2415 2858 2447 '
2889 2413 3070 2470 divino
3089 2413 3405 2471 indumento

1807 2512 2040 2583 aliquem
2062 2512 2260 2568 vestire
2281 2511 2496 2578 dicitur,
2520 2510 2606 2565 cui
2632 2525 2882 2581 magnum
2910 2517 2994 2565 est
3021 2509 3067 2565 si
3087 2508 3268 2566 vestiri
3289 2509 3408 2580 ipse

1809 2604 2115 2660 mereatur?
2156 2602 2276 2660 Jam
2317 2616 2479 2673 porro
2517 2599 2811 2657 emundare
2838 2599 3094 2671 pollutum
3125 2615 3185 2656 se
3210 2597 3407 2655 audeat

1809 2696 2023 2764 dicere,
2055 2697 2100 2750 si
2139 2694 2288 2766 prius
2325 2693 2487 2750 audet
2524 2707 2586 2749 se
2623 2692 2806 2749 dicere
2833 2707 2941 2750 non
2975 2708 3096 2750 esse
3121 2689 3426 2763 pollutum.’

1809 2788 2049 2846 Mundati
2077 2787 2222 2844 enim
2251 2799 2438 2842 sumus
2465 2800 2569 2858 per
2590 2786 2815 2857 gratiam
2845 2785 2973 2854 Dei;
3017 2785 3112 2842 sed
3150 2800 3250 2842 nec
3279 2795 3408 2842 tunc

1810 2881 2026 2954 quidem
2065 2879 2442 2936 mundabimus
2481 2877 2747 2949 aliquem,
2793 2893 2918 2934 cum
2960 2876 3124 2933 fuerit
3170 2871 3427 2950 perfecta

1811 2985 1994 3033 nostra
2028 2971 2343 3030 mundatio:
2371 2979 2569 3044 quanto
2606 2971 2784 3026 minus
2819 2970 3018 3038 modo,
3060 2984 3182 3026 cum
3209 2983 3408 3040 corpus

1811 3067 1954 3140 quod
1992 3063 2352 3136 corrumpitur
2392 3072 2646 3135 aggravat
2685 3062 2920 3118 animam
2964 3061 3119 3134 (Sap.
3148 3077 3238 3129 ix,
3270 3061 3408 3133 l5)?

1815 3157 1946 3226 Quis
1972 3155 2116 3212 enim
2143 3163 2348 3212 castum
2377 3153 2638 3226 glorietur
2677 3168 2738 3209 se
2782 3151 2981 3209 habere
3015 3152 3143 3208 cor?
3170 3160 3263 3208 aut
3285 3151 3410 3223 quis

1813 3249 2071 3322 glorietur
2092 3247 2349 3303 mundum
2391 3260 2453 3301 se
2493 3260 2615 3301 esse
2653 3259 2684 3299 a
2729 3254 2947 3315 peccato
2987 3243 3169 3317 (Prov.
3195 3259 3303 3313 xx,
3333 3243 3406 3313 9,

1813 3355 1916 3396 sec.
1945 3337 2169 3409 LXX)?
2194 3336 2450 3392 Mundare
2479 3335 2677 3406 quippe
2709 3346 2870 3406 atque
2898 3350 3118 3403 sanare,
3160 3335 3212 3390 in
3246 3335 3408 3405 spiri-

1815 3432 2047 3490 tualibus
2071 3431 2236 3487 rebus
2257 3427 2584 3484 tantumdem
2605 3427 2765 3484 valet.
2791 3427 2941 3483 Sicut
2958 3437 3135 3483 autem
3157 3441 3254 3498 spe
3272 3427 3410 3482 salvi

1814 3524 1939 3581 facti
1963 3537 2148 3579 sumus
2167 3563 2184 3589 ,
2216 3520 2286 3576 ita
2309 3534 2405 3590 spe
2427 3517 2664 3573 mundati
2692 3532 2876 3573 sumus
2896 3518 2951 3574 in
2975 3517 3210 3590 perfecta
3237 3517 3410 3574 salute

1817 3627 1872 3674 et
1901 3617 1952 3672 in
1983 3613 2220 3686 perfecta
2250 3612 2508 3668 munditia
2535 3611 2639 3683 (a).
2671 3610 2950 3679 Quomodo
2975 3626 3104 3683 ergo
3137 3625 3330 3668 sanare
3352 3619 3410 3668 et

1818 3707 2078 3765 mundare
2096 3706 2207 3777 jam
2229 3718 2512 3776 possumus
2531 3745 2548 3772 ,
2573 3702 2664 3774 qui
2686 3717 2786 3759 nec
2806 3711 2929 3759 tunc
2951 3702 3262 3773 poterimus,
3279 3717 3407 3758 cum

1819 3800 1965 3856 omni
1996 3797 2157 3853 modo
2187 3797 2318 3852 salvi
2348 3805 2404 3852 et
2439 3795 2623 3852 mundi
2663 3793 2959 3850 fuerimus?
2991 3812 3009 3845 ι
3039 3792 3144 3850 Sed
3172 3794 3313 3851 Deus
3345 3813 3364 3847 ι
3389 3834 3408 3861 ,

1820 3891 2021 3965 inquit,
2057 3909 2074 3943 ι
2106 3889 2208 3946 hoc
2251 3903 2347 3959 per
2391 3886 2663 3943 hominem
2704 3886 2850 3942 facit.
2879 3903 2900 3938 ι
2935 3885 3086 3941 Facit
3122 3901 3282 3954 sane,
3313 3885 3412 3942 sed

1819 3986 1954 4042 fecit
1975 3993 2032 4041 et
2055 3999 2152 4055 per
2175 3982 2362 4038 ludam
2382 4022 2398 4049 ,
2440 3995 2598 4052 quem
2631 3979 2699 4035 ad
2733 3978 3077 4048 Evangelium
3119 3978 3412 4048 praedican-

1823 4078 1951 4134 dum
1979 4092 2100 4133 cum
2121 4073 2328 4131 caeteris
2352 4072 2496 4127 misit
2526 4071 2746 4145 (Matth.
2776 4087 2842 4137 χ,
2875 4069 3007 4139 1-8)
3040 4088 3053 4124 :
3093 4070 3215 4124 fecit
3239 4079 3292 4125 et
3316 4085 3413 4141 per

1824 4170 2126 4227 Pharisteos
2153 4169 2207 4223 in
2228 4167 2306 4222 eis
2331 4165 2420 4235 qui
2449 4165 2587 4220 bona
2613 4180 2732 4234 quae
2757 4178 2855 4234 per
2879 4178 2974 4219 eos
3000 4161 3288 4219 audiebant
3312 4162 3416 4234 ipsi

1825 4260 2126 4325 faciebant,
2160 4272 2281 4313 cum
2313 4256 2387 4310 illi
2427 4269 2533 4310 non
2571 4255 2804 4310 lacerent
2841 4268 2960 4325 quae
2999 4253 3267 4309 dicebant.
3307 4251 3416 4309 Po-

1827 4361 2062 4417 stremo,
2099 4365 2193 4404 cur
2231 4347 2393 4418 iniqui
2432 4354 2488 4402 et
2524 4345 2771 4400 scelerati
2807 4359 3024 4411 eorum,
3051 4344 3164 4400 sive
3189 4359 3309 4400 cum
3341 4345 3419 4398 la-

1829 4453 1976 4510 tent,
2013 4442 2126 4500 sive
2152 4455 2274 4496 cum
2317 4453 2414 4509 pro
2454 4451 2585 4508 pace
2619 4435 2808 4492 Donati
2832 4435 2854 4468 ³
2894 4435 3220 4504 tolerantur,
3245 4436 3419 4492 viviti-

1829 4545 1982 4602 cant,
2009 4543 2228 4597 curant,
2260 4532 2594 4598 illuminant,
2619 4529 2913 4586 mundam?
2932 4531 3013 4586 An
3042 4529 3141 4599 ipsi
3165 4545 3270 4585 non
3291 4539 3418 4586 sunt

1831 4629 2060 4697 mortui,
2082 4625 2378 4692 vulnerati,
2409 4625 2571 4691 caeci,
2603 4623 2833 4694 polluti?
2856 4623 2939 4679 An
2979 4623 3099 4679 ideo
3134 4638 3240 4679 non
3276 4625 3419 4696 apud

1832 4737 1928 4780 eos
1977 4720 2105 4777 caeci
2155 4733 2328 4775 caecos
2371 4717 2630 4772 ducentes
2669 4715 2827 4771 simul
2866 4715 2919 4770 in
2967 4713 3174 4770 foveam
3223 4716 3423 4772 cadunt

1835 4814 1948 4886 (Id.
1977 4828 2046 4868 xv
2065 4853 2080 4880 ,
2112 4809 2213 4881 M)
2238 4853 2252 4877 ,
2285 4808 2408 4880 quia
2434 4823 2538 4864 non
2567 4807 2711 4877 ipsos
2729 4847 2743 4872 ,
2771 4805 2866 4862 sed
2892 4805 3059 4863 Deum
3090 4821 3249 4877 quem
3281 4824 3421 4878 prae-

1835 4905 2042 4972 dicant,
2074 4903 2147 4959 illi
2184 4899 2448 4957 audiendo
2472 4908 2527 4954 et
2549 4897 2968 4968 obtemperando
2997 4898 3304 4954 sectantur?
3349 4898 3424 4965 Ita

1837 5011 1966 5054 sane
1986 5037 2002 5062 ,
2027 4993 2122 5051 sed
2148 5003 2270 5049 tunc
2289 4990 2580 5063 praedicant
2609 4987 2778 5044 Deum
2800 5029 2816 5056 ,
2846 4988 2891 5045 si
2922 5003 3043 5043 cum
3073 4988 3286 5045 Christo
3317 4992 3428 5045 Cul-

1839 5090 2010 5163 ligunt
2034 5106 2047 5144 :
2080 5086 2402 5159 quicumque
2426 5097 2554 5140 vero
2573 5096 2694 5138 cum
2721 5080 2813 5138 illo
2833 5095 2937 5138 non
2959 5081 3246 5152 colligunt,
3277 5097 3429 5152 spar-

1907 5337 1922 5368 ι
1949 5336 2022 5385 sic
2045 5342 2150 5386 Mss.
2176 5341 2233 5383 At
2251 5331 2385 5391 editi,
2402 5324 2704 5400 infirmitates
2726 5335 2872 5381 tuas:
2897 5336 2949 5380 et
2979 5327 3099 5379 infra
3116 5363 3132 5390 ,
3150 5340 3321 5380 sanare
3343 5327 3432 5378 dc-

1847 5398 1990 5449 beat:
2014 5410 2118 5458 pro,
2142 5407 2314 5446 sanare
2336 5406 2388 5443 se
2405 5391 2560 5458 dicat.

1909 5462 1929 5492 ²
1947 5450 2153 5510 κ’θίἱωίιὶ
2189 5463 2242 5506 et
2279 5468 2309 5505 e
2341 5452 2587 5505 Gallicanis
2622 5451 2840 5505 nonnulli
2884 5461 3012 5514 Mss,
3031 5459 3085 5503 El
3124 5452 3261 5502 homo
3303 5450 3436 5514 quis-

1847 5534 2059 5631 qm'urin.
2084 5587 2134 5630 et
2151 5586 2278 5636 Mss,
2304 5591 2394 5642 pro
2420 5577 2590 5627 Donati
2611 5582 2765 5640 parte.

1916 5658 1991 5721 (a)
2015 5662 2171 5713 Forte,
2197 5653 2475 5718 imperfecta
2507 5653 2658 5705 salute
2686 5659 2732 5705 et
2753 5653 2822 5703 im
2855 5654 3033 5716 arrecta
3051 5651 3304 5705 munditia.
3331 5653 3436 5706 vid.

1916 5719 2036 5774 uel,
2077 5717 2308 5769 Element.
2351 5717 2530 5774 (ritis,
2569 5728 2712 5774 pagg.
2757 5666 2865 5774 14g,
2913 5714 3018 5764 H7.
3083 5721 3144 5768 tl.

2799 5796 3037 5876 (Trois.
3039 5801 3076 5879 ί

1856 5716 2036 5781 Morel,
2077 5716 2308 5769 Element.
2351 5716 2530 5779 (ritis,
2568 5728 2712 5780 pagg.
2757 5716 2777 5766 l
