3764 6192
296 401 428 468 gum
443 384 654 463 (Matth.
672 397 772 451 xu,
790 375 906 452 30);
922 375 1182 434 Donatum
1199 363 1559 468 praedicando:
1577 373 1681 416 non
1697 357 1886 468 Deum,

298 445 428 544 caeci
446 445 629 540 \czecos
656 471 929 547 sequendo
956 465 1114 525 simul
1137 465 1189 520 in
1219 465 1424 518 foveam
1455 451 1673 513 cadunt.
1701 448 1806 508 Sed
1827 445 1896 503 de

300 575 601 652 quiestione
629 543 885 640 Baptismi
923 561 1082 619 latius
1121 553 1321 627 aliquid
1352 550 1582 608 Domino
1610 543 1897 615 adjuvante

303 637 655 732 tractabimus
697 637 850 736 Lib.
881 659 908 713 i
953 655 1016 712 de
1055 651 1318 724 Baptismo
1348 654 1526 702 contra
1562 637 1857 697 Donatistas
1879 674 1896 703 ,

305 787 422 842 cap.
457 768 480 822 l
505 765 558 838 ),
579 775 698 819 cum
726 756 794 814 de
819 745 1068 811 omnibus
1090 741 1408 803 testimoniis
1430 745 1734 796 sanctarum
1756 727 1897 787 Scri-

304 823 608 935 mitrarum,
631 865 750 924 qua:
775 843 931 906 nobis
959 837 1257 914 objicienda
1281 829 1529 898 credidit,
1546 823 1903 886 Parmenia'no

1111 933 1118 935 _
1292 927 1306 935 ,
1473 933 1480 935 _
1645 920 1656 932 ,
1730 933 1772 935 η
1805 912 1901 935 ,ηε

309 912 750 1026 ;esponderimus
773 943 812 995 ‘.
835 937 937 1009 Qui
961 950 1086 993 vere
1108 933 1223 1005 ipse
1244 927 1489 998 adaequat
1510 920 1780 995 proximos
1802 912 1905 970 sibi

309 1003 592 1104 everrsione
636 1032 960 1108 iniquitatis,
1002 1026 1093 1099 qui
1128 1023 1206 1080 eis
1237 1019 1346 1077 tam
1376 1014 1576 1074 malum
1607 1003 1908 1082 propinavit

311 1152 554 1199 errorem
576 1179 592 1202 ,
633 1143 693 1189 ut
717 1143 825 1186 non
851 1140 950 1198 pro
980 1136 1143 1194 pace,
1185 1111 1281 1174 sed
1320 1127 1418 1185 pro
1455 1105 1716 1166 divisione
1743 1109 1798 1158 et
1825 1097 1908 1154 di-

313 1194 591 1296 scissione,
606 1243 713 1285 non
743 1194 920 1280 solum
951 1207 1360 1289 loquatur‘ipse,
1389 1203 1484 1263 sed
1511 1201 1672 1260 etiam
1701 1194 1911 1254 divinos

315 1329 508 1388 Libros
531 1321 680 1395 loqui
704 1313 1042 1391 persuadeat.
1431 1381 1437 1395 Σ

664 1377 783 1470 XIV.
805 1407 983 1464 ——35.
1019 1398 1126 1460 Sed
1163 1398 1302 1453 inter
1339 1381 1505 1479 multa
1541 1383 1708 1443 miror
1735 1377 1912 1479 hom-it

320 1529 448 1575 nem
476 1555 492 1582 ,
523 1524 645 1566 cum
673 1511 858 1577 ageret
884 1514 988 1556 non
1018 1507 1178 1567 posse
1216 1484 1402 1544 haberi
1440 1475 1771 1552 Baptismum
1812 1467 1915 1527 nisi

321 1567 606 1678 acceptum
627 1643 642 1668 ,
675 1613 774 1654 nec
801 1607 957 1667 posse
983 1585 1151 1658 accipi
1179 1583 1296 1639 sine
1320 1579 1502 1643 dante,
1535 1567 1918 1641 interposuisse

327 1716 398 1759 ex
429 1659 720 1766 Ervangelio
749 1659 1111 1746 testimonium
1141 1696 1156 1733 :
1189 1674 1308 1730 Non
1335 1677 1528 1744 potest,
1555 1662 1756 1737 inquit,
1785 1659 1921 1714 acci-

326 2033 520 2146 qiitim,
551 2068 649 2124 nisi
687 2064 865 2118 datum
905 2056 1057 2129 fuerit
1095 2051 1212 2118 illi;
1255 2057 1543 2116 antequam
1575 2037 1832 2101 dixisset,
1865 2033 1928 2088 de

330 2134 460 2225 erato
480 2134 717 2235 ,iputare
744 2156 895 2212 illum
923 2151 1194 2206 dicturum
1221 2158 1250 2197 a
1279 2141 1488 2196 Donato
1522 2134 1687 2190 fuisse
1709 2173 1726 2199 ,
1766 2136 1858 2184 aut
1895 2140 1927 2181 a

316 2226 692 2330 Parmeniano
712 2295 725 2318 ,
755 2258 846 2306 aut
868 2247 936 2304 ab
962 2243 1142 2314 aliquo
1169 2237 1238 2294 de
1266 2243 1416 2307 parte
1443 2226 1633 2288 Donati
1657 2266 1679 2330 ι
1697 2231 1791 2281 aut
1813 2236 1930 2308 orn-l-

329 2309 881 2420 iti‘iiouah'ipsa'parte
905 2309 1120 2395 Donati.
1163 2332 1409 2402 Agnosco
1446 2309 1834 2420 Evangelium,
1876 2321 1934 2370 et

336 2447 449 2504 illic
471 2408 870 2514 scriptum-esse
897 2441 1151 2487 recenseo
1170 2466 1187 2493 ,
1213 2420 1334 2477 Non
1355 2423 1516 2491 potest
1537 2414 1686 2468 homo
1707 2408 1934 2514 accipere

689 2528 789 2584 nisi
817 2525 989 2580 datum
1019 2519 1166 2590 fuerit
1185 2514 1263 2570 illi
1287 2512 1350 2567 de
1373 2508 1519 2565 calo.
1547 2502 1655 2562 Sed
1677 2494 1935 2570 numquid

338 2604 580 2692 Donatus
607 2636 691 2685 est
717 2618 955 2681 ciuium?
983 2610 1239 2684 numquid
1276 2604 1662 2664 Parmenianus
1694 2605 1779 2655 est
1819 2608 1936 2652 cte-

343 2725 499 2785 lum?
539 2714 800 2790 numquid
828 2725 953 2784 pars
981 2708 1094 2778 ipsa
1132 2699 1368 2759 Donati?
1409 2695 1502 2752 llla
1539 2707 1670 2750 vero
1708 2704 1814 2746 non
1857 2695 1942 2744 est

340 2784 539 2878 ccelum
562 2857 580 2884 ,
611 2784 718 2870 non
749 2819 833 2866 est
870 2807 921 2861 in
959 2801 1117 2859 caelo.
1161 2796 1262 2865 Qui
1299 2793 1441 2850 enim
1476 2792 1588 2855 ait,
1630 2784 1754 2842 Non
1781 2790 1943 2856 potest

344 2876 498 2971 lto—mo
525 2876 754 2980 accipere
781 2900 1081 2974 quidquam,
1104 2891 1202 2948 nisi
1229 2887 1380 2962 fuerit
1405 2884 1483 2940 illi
1501 2884 1678 2937 datum
1697 2880 1762 2934 de
1779 2876 1944 2947 caelo,

344 3019 617 3076 nunquam
638 2973 853 3055 diceret
872 2995 917 3059 ‘,
951 2988 1062 3046 Nisi
1093 2986 1276 3041 datum
1306 2977 1466 3036 fuerit
1495 2975 1570 3032 illi
1597 2973 1667 3031 de
1693 2973 1826 3038 sole,
1853 2979 1949 3028 aut

349 3099 419 3156 de
449 3066 571 3152 luna
596 3133 613 3160 ,
656 3097 748 3146 aut
783 3086 853 3143 de
893 3080 1064 3138 stellis
1085 3119 1103 3146 ,
1145 3090 1266 3147 qua:
1307 3079 1486 3127 tamen
1524 3068 1577 3124 in
1608 3066 1747 3124 casio
1772 3072 1898 3121 sunt
1929 3081 1945 3119 :

353 3197 557 3264 quanto
587 3158 764 3240 minus
791 3179 1032 3242 diceret,
1072 3169 1186 3226 Nisi
1210 3167 1392 3223 datum
1423 3161 1581 3220 fuerit
1604 3160 1681 3216 illi
1708 3158 1775 3215 de
1799 3165 1951 3229 parte

350 3248 579 3344 Donati,
621 3289 740 3348 qua:
777 3285 887 3328 non
925 3266 1098 3324 solum
1137 3275 1245 3318 non
1283 3267 1370 3314 est
1395 3255 1590 3313 erelum
1615 3292 1634 3322 ,
1658 3266 1762 3308 nec
1784 3248 1949 3330 estin

353 3374 494 3432 cmlo
517 3413 534 3440 ,
562 3337 659 3426 sed
692 3380 792 3422 nec
817 3364 870 3418 in
901 3373 1067 3431 regno
1096 3352 1209 3410 vult
1235 3365 1356 3408 esse
1380 3347 1664 3406 calorum.
1690 3343 1800 3400 Nec
1820 3337 1953 3398 illud

351 3433 542 3540 procul
566 3460 732 3519 dubio
753 3457 990 3518 diceret,
1015 3449 1131 3506 Non
1153 3451 1330 3518 potest
1352 3442 1514 3498 homo
1540 3438 1782 3510 accipere
1801 3433 1955 3506 quid-

353 3530 516 3634 quam
542 3600 556 3623 ,
586 3552 689 3612 nisi
714 3551 896 3608 datum
927 3544 1086 3602 fuerit
1114 3541 1189 3598 illi
1229 3540 1299 3596 de
1337 3535 1576 3592 Ecclesia
1611 3551 1625 3589 :
1657 3532 1772 3604 ipsa
1809 3530 1954 3586 enim

359 3624 605 3712 F-Jcclesia
633 3647 702 3703 de
727 3638 1110 3709 cmloaccipit.
1153 3634 1210 3690 Si
1238 3641 1416 3687 autem
1448 3629 1682 3691 diceret,
1711 3624 1827 3679 Non
1856 3637 1953 3693 po-

360 3754 470 3803 test
502 3743 664 3796 homo
694 3737 939 3805 accipere
963 3728 1273 3802 quidquam,
1302 3723 1405 3779 nisi
1424 3721 1607 3776 datum
1633 3716 1793 3774 fuerit
1815 3716 1862 3772 ei
1888 3714 1958 3772 ab

362 3836 584 3902 homine
623 3831 806 3903 justo;
837 3827 1102 3880 irruerent
1141 3816 1360 3890 quidem
1403 3814 1491 3870 isti
1526 3809 1750 3867 frontosi
1772 3849 1789 3874 ,
1817 3816 1873 3863 et
1898 3821 1959 3862 se

377 3900 541 4000 iustos
719 3920 1131 3995 proclamarent,
1159 3922 1218 3969 ut
1243 3911 1311 3967 ab
1339 3909 1418 3967 eis
1445 3908 1713 3977 acciperet
1735 3902 1825 3975 qui
1848 3900 1956 3957 vel-

378 4035 444 4085 et
465 4023 711 4094 accipere
742 4035 758 4072 :
791 4030 892 4072 nec
921 4027 1019 4068 nos
1042 4006 1392 4082 qumstionem
1420 4002 1750 4067 faceremus,
1782 4004 1960 4053 utrum

367 4117 495 4192 justi
532 4091 712 4170 essent
750 4124 819 4187 an
861 4101 1004 4172 non;
1046 4100 1141 4157 sed
1170 4100 1308 4155 inter
1336 4110 1431 4154 eos
1455 4107 1576 4151 esse
1613 4091 1697 4147 vel
1737 4091 1963 4147 latentes

372 4181 605 4282 injustos
629 4181 783 4259 facile
807 4195 1210 4255 ostenderemus
1238 4206 1305 4247 ex
1328 4184 1644 4260 quibusdam
1667 4181 1888 4255 proditis
1909 4187 1966 4236 et

371 4273 644 4365 exclusis;
671 4304 729 4353 et
754 4304 930 4350 tamen
969 4303 1062 4345 eos
1090 4300 1198 4342 non
1228 4281 1650 4354 improbaremus
1671 4275 1725 4344 ³,
1758 4289 1860 4332 nec
1883 4273 1966 4330 di-

372 4407 620 4456 ceremus
646 4404 753 4446 non
781 4387 962 4443 datum
984 4424 998 4450 ,
1032 4380 1113 4436 vel
1140 4393 1245 4434 non
1277 4382 1552 4444 acceptum
1571 4413 1587 4440 ,
1616 4368 1757 4442 quod
1783 4367 1965 4424 datum

375 4498 433 4546 et
454 4492 732 4554 acceptum
763 4485 906 4534 esset
931 4489 962 4529 a
989 4470 1204 4528 talibus.
1248 4465 1354 4523 Sed
1381 4474 1436 4520 et
1465 4465 1566 4518 hoc
1594 4460 1730 4516 falso
1757 4457 1966 4514 dicere—

377 4591 487 4645 tur,
518 4548 634 4632 Non
665 4577 842 4643 potest
865 4569 1029 4622 homo
1053 4562 1297 4632 accipere
1321 4557 1631 4629 quidquam,
1656 4551 1758 4607 nisi
1785 4548 1969 4605 datum

378 4639 542 4726 fuerit
572 4667 621 4722 ei
650 4639 719 4719 ah
747 4659 974 4716 homine
986 4655 1150 4728 justo.
1182 4653 1299 4723 Ipse
1328 4649 1472 4707 enim
1500 4648 1674 4717 justus
1702 4658 1732 4698 a
1758 4657 1864 4714 quo
1888 4639 1968 4694 alo

380 4773 464 4820 ter
490 4757 716 4829 accipit,
745 4765 930 4824 quaero
955 4764 986 4804 a
1011 4763 1119 4821 quo
1149 4743 1433 4814 acceperit.
1460 4740 1514 4798 Si
1545 4747 1599 4794 et
1628 4739 1743 4808 ipse
1768 4751 1796 4790 a
1824 4735 1971 4807 justo

381 4828 637 4916 homine,
669 4856 725 4904 et
760 4846 829 4902 de
866 4845 959 4900 illo
997 4843 1069 4898 ita
1097 4854 1282 4912 quaero
1304 4878 1320 4904 ,
1359 4836 1532 4891 donec
1558 4833 1627 4889 ab
1656 4832 1771 4903 ipso
1800 4828 1974 4900 capite

381 4945 590 5012 ordinis
627 4937 846 4996 humani
883 4935 952 4992 ad
989 4934 1220 5006 aliquem
1262 4928 1567 5002 perveniam
1589 4969 1604 4994 ,
1646 4925 1734 4995 qui
1775 4938 1880 4978 non
1907 4922 1975 4978 ab

383 5040 604 5097 homine
648 5031 951 5105 acceperit;
1001 5038 1160 5100 atque
1201 5027 1270 5082 ita
1309 5023 1500 5080 falsum
1549 5034 1670 5076 esse
1712 5019 1973 5081 doceam,

386 5131 531 5206 quod
558 5143 664 5186 non
692 5133 870 5199 potest
894 5123 1056 5179 homo
1084 5120 1329 5191 accipere
1357 5113 1666 5188 quidquam,
1697 5109 1796 5168 nisi
1826 5108 1979 5164 fuerit

387 5227 438 5284 ei
464 5225 532 5282 ab
563 5223 778 5280 homine
806 5219 1010 5276 datum.

461 5319 552 5378 34.
592 5315 729 5387 Quid
758 5324 936 5372 autem
964 5316 1130 5383 agunt
1157 5306 1242 5364 isti
1268 5304 1568 5362 nescientes
1600 5316 1693 5373 per
1715 5297 1983 5373 evangeli-

459 5567 476 5599 ί
502 5571 631 5624 »ωε-ι
655 5549 1983 5634 νεδροηάεῌἮὲ.ἛΞἯΞΞἚΈΨΞἘΕῈἫΨΜτ³

397 5609 700 5691 Quem—"uere
715 5609 829 5686 ipse
852 5619 1077 5681 adaequat
1110 5611 1337 5677 proxima
1356 5609 1447 5662 sibi
1473 5609 1731 5668 eversione,
1757 5615 1852 5658 etc.

461 5713 485 5745 ²
506 5717 646 5760 Juxta
670 5714 744 5758 Er.
770 5703 916 5768 Lugd.
941 5709 1079 5760 Ven.,
1097 5695 1332 5758 nimtqm'd
1357 5694 1555 5745 diceret.
1623 5701 1677 5743 tl.

467 5798 488 5832 ³
509 5794 733 5847 Gallicani
755 5790 949 5856 quidam
969 5789 1094 5848 Mss,
1117 5789 1205 5835 nec
1227 5787 1385 5833 tamen
1402 5792 1479 5832 eos
1502 5779 1571 5831 uti
1589 5780 1915 5844 probaremus.

1077 249 1353 314 CONTRA
1394 229 1778 321 EPiSTOLAM
1817 221 2259 309 PARMENiANl,
2300 238 2361 297 s.
2401 235 2769 298 AUGUSTINI

3528 213 3614 272 76

1999 367 2119 408 cum
2155 355 2514 410 testimonium
2543 355 2594 421 ⁸,
2637 352 2741 409 nisi
2779 360 2837 409 ut
2875 351 3121 409 homines
3160 350 3616 407 admoneantrrr'

2001 460 2060 506 ut
2087 448 2372 521 aliquando
2398 448 2679 519 evigilent,
2709 455 2867 518 atque
2895 445 3170 502 advertant
3197 459 3324 500 vere
3354 457 3462 498 non
3493 443 3614 497 ho-

2004 544 2177 601 mines
2206 558 2325 600 esse
2354 540 2709 598 attendendos
2732 583 2747 607 ,
2781 555 2901 596 cum
2932 549 3171 596 sanctum
3204 535 3406 610 aliquid
3433 533 3619 591 homo

1961 632 1964 636 ’
2005 639 2250 710 accipere
2277 635 2586 703 desiderat,
2618 635 2712 691 sed
2739 634 2889 690 illum
2918 633 3092 689 solum
3122 633 3210 704 qui
3238 631 3306 688 de
3342 630 3488 687 coelo
3513 628 3622 684 dat

2007 731 2246 796 homini;
2271 730 2392 802 quia
2423 745 2525 785 non
2553 737 2714 800 potest
2735 728 2884 782 homo
2907 727 3134 797 accipere
3155 724 3436 796 quidquam
3457 765 3471 788 ,
3505 721 3624 775 nisi

2009 825 2186 879 datum
2213 821 2364 893 fuerit
2391 821 2436 876 ei
2465 821 2528 876 de
2555 820 2678 875 mlo
2700 819 2726 873 ?
2761 817 2915 886 Quod
2951 818 2995 873 si
3034 816 3305 884 dixerint,
3346 815 3427 870 De
3465 811 3624 868 coelo

2012 915 2226 989 quidem
2253 913 2465 985 accipit,
2494 913 2599 969 non
2623 911 2692 969 de
2721 911 2958 974 homine,
2985 910 3080 967 sed
3109 921 3282 965 tamen
3305 921 3406 980 per
3425 904 3621 962 homi-

2014 988 2135 1067 nem
2161 1027 2176 1074 ;
2205 988 2511 1081 qumro‘per
2537 1005 2770 1078 qualem.
2799 1004 2856 1060 Si
2887 1019 2983 1076 per
3004 1003 3206 1074 justum
3230 1009 3438 1057 tantum
3463 1016 3480 1066 ;
3506 1013 3624 1055 non

2014 1102 2214 1158 habent
2236 1100 2311 1156 illi
2333 1102 2421 1171 qui
2447 1098 2583 1169 apud
2606 1114 2697 1154 eos
2721 1099 2866 1168 ipsos
2882 1111 2978 1169 per
2997 1096 3222 1151 latentes
3245 1093 3625 1165 iniquissimus

2016 1204 2344 1265 acceperunt
2375 1211 2388 1248 :
2421 1193 2464 1247 si
2496 1200 2549 1248 et
2579 1207 2673 1262 per
2703 1191 2956 1260 injustum
2981 1206 2996 1257 ;
3042 1203 3161 1258 quae
3189 1202 3348 1243 causa
3376 1200 3510 1257 ergo
3538 1195 3630 1242 est

2018 1295 2077 1343 ut
2117 1287 2348 1358 aliquem
2388 1282 2762 1354 rebaptizent?
2790 1281 2846 1339 Si
2871 1297 2965 1353 per
2986 1281 3243 1351 injustum
3273 1293 3379 1333 non
3409 1278 3514 1332 nisi
3549 1278 3632 1332 la-

2018 1387 2219 1436 tentem
2245 1395 2260 1444 ;
2289 1393 2394 1433 non
2419 1376 2657 1443 habent,
2697 1388 2830 1446 quos
2856 1373 3144 1446 baptizavit
3177 1370 3496 1427 manifestus
3532 1383 3630 1425 sa-

2020 1473 2176 1530 telles
2222 1470 2466 1528 Gildonis
2509 1467 2731 1540 Optatus
2771 1485 2786 1522 :
2838 1467 2882 1523 si
2925 1475 2981 1523 et
3019 1481 3117 1536 per
3155 1464 3410 1535 injustam
3455 1461 3631 1518 etiam

2022 1563 2366 1622 manifestum
2387 1606 2402 1630 ,
2432 1565 2519 1634 qui
2550 1569 2729 1617 tamen
2759 1558 2993 1615 nondum
3026 1556 3308 1614 damnatus
3335 1563 3390 1611 et
3419 1554 3491 1611 ab
3519 1554 3632 1610 Ec-

2023 1659 2204 1716 clesia:
2251 1655 2630 1714 communione
2675 1654 2946 1726 projectus
2983 1652 3094 1718 sit;
3145 1665 3252 1707 non
3299 1649 3501 1705 habent
3550 1648 3634 1706 illi

2025 1765 2161 1824 quos
2189 1749 2491 1816 Felicianus
2529 1747 2846 1804 Mustitanus
2871 1787 2884 1810 ,
2925 1757 3045 1800 cum
3074 1743 3142 1798 ab
3165 1756 3351 1798 eorum
3381 1755 3635 1797 commu-

2027 1845 2190 1900 nione
2217 1841 2348 1898 foris
2374 1850 2539 1907 esset,
2569 1842 2620 1894 in
2653 1838 2955 1895 Maximiani
2985 1835 3274 1893 schismate
3295 1833 3630 1906 baptizavit,

2028 1951 2164 2010 quos
2188 1945 2363 1991 tamen
2393 1946 2533 1988 nunc
2561 1944 2681 1987 cum
2713 1930 2805 1986 illo
2829 1943 3107 2001 regressus
3127 1942 3286 1984 nemo
3306 1926 3632 1998 rebaptizat.

2031 2030 2311 2086 Postremo
2337 2026 2383 2082 si
2411 2025 2600 2092 homo,
2629 2022 2870 2094 quamvis
2900 2022 2967 2078 de
2992 2022 3149 2088 caelo,
3178 2033 3286 2076 non
3312 2027 3497 2076 tamen
3529 2019 3634 2074 nisi

2031 2138 2129 2196 per
2157 2120 2429 2177 hominem
2461 2121 2634 2189 potest
2661 2116 2905 2187 accipere
2942 2113 3229 2186 quidquam
3255 2129 3269 2178 ;
3301 2127 3490 2184 quaero
3517 2113 3636 2182 ipse

2032 2214 2268 2272 Joannes
2295 2209 2532 2283 Baptista
2558 2251 2574 2276 ,
2615 2205 2705 2279 qui
2749 2206 2851 2262 hoc
2891 2206 3000 2270 ait,
3043 2217 3137 2275 per
3163 2211 3324 2274 quem
3351 2202 3632 2258 hominem

2035 2311 2354 2376 acceperat,
2393 2301 2535 2373 quod
2572 2301 2755 2371 utique
2791 2297 2858 2355 de
2895 2297 3032 2354 coelo
3070 2295 3392 2368 acceperat?
3419 2295 3492 2351 Et
3528 2307 3639 2353 non

2037 2397 2307 2456 invenitur
2328 2395 2388 2451 ἐ
2421 2402 2580 2465 atque
2618 2394 2689 2448 ita
2728 2403 2757 2445 a
2788 2405 2848 2446 se
2874 2388 3196 2447 teStimoniis
3235 2387 3462 2458 pniatis
3491 2387 3637 2443 mala

2038 2511 2200 2554 causa
2226 2492 2582 2551 convincitur.
2627 2489 2762 2559 Quia
2788 2489 2888 2546 etsi
2915 2469 3059 2545 dicat
3081 2485 3248 2543 Filius
3272 2486 3553 2557 accepisse
3585 2500 3642 2541 se

2041 2604 2074 2645 a
2100 2585 2261 2646 Patre
2281 2630 2295 2656 ,
2327 2596 2381 2644 et
2404 2584 2660 2659 Spiritum
2699 2591 2942 2640 sanctum
2972 2582 3040 2637 de
3067 2595 3164 2637 suo
3201 2581 3449 2653 accipere
3475 2623 3490 2648 ,
3533 2589 3641 2635 non

2043 2682 2196 2756 quasi
2221 2680 2480 2754 gradatim
2502 2723 2517 2748 ,
2546 2677 2641 2735 sed
2670 2679 2808 2733 sicut
2837 2678 2950 2748 ipse
2979 2673 3227 2747 exposuit
3255 2674 3476 2741 dicens,
3509 2673 3643 2741 Quia

2047 2755 2220 2831 omnia
2247 2788 2363 2846 qua:
2384 2773 2532 2829 habet
2559 2765 2736 2837 Pater,
2765 2785 2876 2825 mea
2900 2775 3018 2824 sunt
3039 2809 3055 2835 ,
3093 2767 3206 2822 ideo
3241 2766 3352 2820 dixi
3374 2808 3390 2833 ,
3424 2755 3507 2820 De
3536 2778 3643 2820 meo

2048 2869 2263 2942 accipiet
2290 2866 2466 2940 (Joan.
2496 2881 2582 2921 xvi
2603 2905 2618 2931 ,
2653 2863 2744 2934 15)
2773 2880 2785 2916 :
2817 2875 2975 2933 posse
3000 2868 3180 2915 tamen
3218 2857 3496 2915 hominem
3539 2873 3644 2912 non

2051 2959 2368 3032 interposito
2396 2957 2613 3014 homine
2645 2955 2899 3011 divinitus
2933 2951 3133 3025 aliquid
3161 2951 3436 3022 accipere,
3460 2961 3646 3007 exem-

2052 3055 2143 3127 plo
2167 3069 2263 3110 suo
2286 3051 2522 3109 Joannes
2548 3050 2661 3122 ipse
2690 3057 2934 3115 testatur,
2969 3051 3024 3103 et
3058 3053 3137 3102 tot
3159 3045 3330 3100 sancti
3357 3051 3645 3116 antequam

2053 3148 2150 3205 Dei
2181 3145 2349 3204 Filius
2377 3143 2541 3201 homo
2568 3143 2719 3200 ﬁeret
2743 3184 2758 3211 ,
2799 3151 2853 3198 et
2888 3149 3236 3214 posteaquam
3266 3140 3570 3195 resurrexit
3597 3144 3648 3192 et

2055 3239 2297 3298 ascendit
2340 3242 2394 3295 in
2440 3237 2636 3295 cmlum
2664 3277 2678 3302 ,
2720 3243 2936 3290 centum
2974 3231 3158 3303 viginti
3199 3231 3445 3288 homines
3491 3228 3649 3284 simul

2056 3333 2363 3406 congregati
2389 3339 2565 3398 erant,
2599 3343 2734 3400 quos
2764 3325 2912 3382 nullo
2937 3325 3154 3381 homine
3181 3324 3235 3380 in
3263 3332 3407 3379 terra
3432 3336 3647 3377 manum

2055 3427 2387 3498 imponente,
2412 3422 2480 3478 de
2504 3421 2642 3478 caelo
2673 3415 2892 3475 veniens
2912 3416 3143 3487 Spiritus
3171 3423 3390 3470 sanctus
3413 3411 3650 3484 implevit

2059 3519 2198 3592 (Act.
2227 3534 2279 3584 r,
2314 3516 2414 3584 15,
2445 3523 2492 3570 et
2519 3530 2588 3579 ιι,
2619 3511 2736 3583 1-4)
2766 3529 2778 3564 :
2806 3517 2861 3566 et
2882 3507 3170 3565 constituto
3193 3505 3302 3578 jam
3330 3504 3526 3561 ordine
3557 3503 3653 3559 Ec-

2059 3614 2274 3679 clesiae,
2314 3607 2694 3666 Centurionem
2735 3599 3041 3658 Cornelium
3094 3608 3217 3654 ante
3257 3598 3434 3669 ipsum
3470 3594 3653 3666 Bapti—

2061 3722 2234 3763 snmm
2260 3746 2275 3769 ,
2307 3711 2430 3758 ante
2457 3699 2850 3771 impositioncm
2874 3708 3080 3760 manus,
3106 3707 3229 3748 cum
3249 3691 3328 3746 eis
3354 3690 3446 3761 qui
3473 3704 3651 3746 secum

2062 3807 2214 3857 erant
2239 3795 2430 3853 eodem
2458 3789 2658 3865 Spiritu
2685 3797 2869 3846 sancto
2889 3786 3177 3859 repletum,
3201 3783 3393 3839 Petrus
3421 3782 3434 3835 i
3443 3796 3540 3852 pse
3561 3779 3654 3836 mi-

2063 3901 2212 3948 ratus
2241 3897 2323 3946 est
2347 3886 2485 3960 (Id.,
2509 3901 2545 3941 ι
2566 3927 2578 3951 ,
2602 3880 2717 3956 ll).
2746 3880 2914 3936 Nemo
2938 3893 3067 3949 ergo
3091 3876 3286 3948 accipit
3311 3874 3429 3930 sine
3450 3873 3614 3929 dante
3641 3889 3654 3926 :

2066 3983 2162 4042 sed
2209 3979 2350 4054 quod
2391 3978 2625 4052 pertinet
2671 3973 2737 4030 ad
2783 3969 3038 4043 Baptismi
3083 3967 3425 4024 sanctitatem
3451 4008 3466 4034 ,
3509 3963 3656 4021 adest

2068 4075 2208 4134 Deus
2233 4072 2324 4146 qui
2349 4069 2466 4136 det,
2493 4078 2548 4125 et
2571 4067 2733 4122 homo
2758 4063 2847 4135 qui
2872 4061 3113 4133 accipiat,
3141 4059 3253 4116 sive
3274 4073 3371 4130 per
3395 4072 3458 4114 se
3485 4057 3654 4128 ipsum

2067 4169 2299 4229 donante
2326 4160 2435 4222 Deo
2461 4206 2476 4233 ,
2519 4162 2631 4219 sive
2667 4175 2762 4231 per
2797 4157 3083 4230 angelum,
3124 4154 3236 4210 sire
3263 4166 3360 4224 per
3387 4151 3653 4206 hominem

2069 4275 2311 4324 sanctum
2333 4303 2347 4329 ,
2375 4260 2513 4316 sicut
2541 4272 2637 4329 per
2657 4255 2874 4311 Petrum
2896 4294 2911 4319 ,
2943 4248 3079 4305 sicut
3104 4261 3200 4319 per
3223 4244 3487 4300 Joannem
3510 4260 3526 4309 ;
3554 4242 3658 4297 sive

2070 4375 2168 4432 per
2192 4354 2461 4413 hominem
2501 4350 2742 4420 iniquum
2765 4388 2781 4413 ,
2810 4343 2947 4399 sicut
2978 4355 3072 4412 per
3112 4348 3217 4394 tam
3251 4336 3448 4393 multos
3472 4335 3560 4391 vel
3587 4333 3656 4387 la-

2073 4425 2247 4508 ientes
2267 4445 2350 4502 vel
2371 4441 2705 4506 manifestos,
2728 4452 2862 4510 quos
2887 4443 3009 4489 ante
3035 4442 3243 4501 tempus
3262 4427 3330 4485 de
3353 4441 3532 4485 messe
3557 4425 3657 4483 col-

2072 4542 2238 4613 ligere
2268 4535 2407 4594 servi
2433 4528 2832 4606 patrisfamilias
2857 4523 3210 4596 prohibentur
3233 4563 3249 4588 ,
3280 4529 3334 4575 et
3362 4533 3498 4591 quos
3525 4516 3660 4575 velut

2075 4611 2284 4707 paleam
2315 4629 2581 4686 frumenta
2611 4621 2876 4681 dominica
2901 4632 3071 4688 usque
3097 4613 3164 4671 ad
3203 4624 3416 4686 tempus
3443 4611 3661 4669 ventila-

2077 4729 2237 4787 tionis
2266 4723 2428 4784 corde
2451 4719 2664 4778 interim
2695 4713 2923 4787 separati
2950 4725 3055 4767 non
3087 4711 3386 4766 temeritate
3417 4718 3662 4778 corpora-

2077 4818 2199 4882 liter
2224 4820 2481 4877 deserunt
2506 4857 2522 4884 ,
2550 4811 2642 4870 sed
2670 4810 2869 4882 pietate
2898 4802 3246 4877 spiritualiter
3277 4800 3473 4856 lerunt.

2151 4912 2378 4974 CAPUT
2418 4909 2556 4966 XVI.
2596 4937 2666 4948 ——
2704 4903 2793 4960 55.
2839 4901 2970 4968 Qui,
3021 4897 3208 4968 inquit,
3263 4895 3397 4950 male
3439 4890 3662 4954 credidit,

2081 5008 2318 5080 consequi
2344 5022 2444 5062 non
2469 5009 2626 5075 potest
2663 4994 2913 5068 Baptismi
2949 4998 3358 5054 sacramentum;
3406 4986 3526 5057 quia
3553 4981 3667 5039 scri-

2086 5076 2354 5176 ptum-est,
2393 5115 2412 5151 ι
2445 5094 2747 5150 Pet-versum
2774 5103 2876 5144 non
2906 5092 3045 5158 potes
3069 5081 3326 5136 adamare
3361 5097 3381 5133 ι
3417 5076 3610 5149 (Eccle.
3633 5087 3665 5136 t,

2153 5332 2171 5363 ι
2195 5325 2332 5384 aditi,
2357 5300 3333 5384 nescientesevangelicwntestimonium;
3356 5301 3557 5358 omisso,
3581 5306 3670 5361 per,

2089 5373 2665 5460 quoiiaIifmaaaseirﬁs
2679 5373 3185 5460 sesima“...
3219 5424 3256 5460 .-

2265 5421 2313 5492 ὦ
3215 5423 3361 5479 simul
3395 5430 3450 5475 ut
3471 5421 3674 5488 aliquat-

3357 5605 3549 5678 ηοήπξηρ
3572 5605 3677 5678 diti;

2098 5665 2670 5762 ἷιῇῗὲδαίεὲιῖῖῖιῗαεῗὲἆῗε
2695 5699 2712 5737 -‘
2736 5665 3028 5762 ἕςμξείιιδδῖ
3044 5665 3331 5762 άέσίέ⁸’ί⁸ἒ.ε¹.
3346 5688 3398 5762 ‘f
3421 5665 3677 5762 (⁸⁸εέΜῶ

2101 5738 2660 5835 $€é‘i:ii§","éi’éfi’déom
2699 5738 3089 5810 redintegramus
3108 5738 3192 5790 ex
3235 5738 3471 5788 vaticauis
3500 5745 3599 5786 Mss.

2097 5644 2246 5694 verba
2271 5653 2283 5687 :
2317 5645 2454 5685 Posse
2489 5637 2649 5694 tamen
