3802 6126
149 218 223 277 τι
1472 193 1675 262 Lmen
1709 193 2087 264 SECUNDUS.
3382 211 3452 286 νε

151 335 245 402 15,
274 350 375 392 sec.
404 330 595 404 LXX).
625 330 764 399 Quid
803 329 846 386 si
875 339 1004 400 ergo
1033 319 1172 398 apud
1216 339 1309 382 eos
1347 324 1611 396 quispiam
1660 321 1752 378 ba-

152 431 387 500 ptizatus
427 425 606 493 fuerit,
629 425 722 495 qui
753 430 1048 494 putaverat,
1081 421 1227 477 verbi
1257 420 1448 492 gratia,
1476 417 1748 475 Christum

151 535 221 576 ex
264 534 333 576 eo
373 532 492 574 esse
534 515 786 586 cepisse,
814 528 880 570 ex
928 527 1035 585 quo
1079 512 1370 568 secundum
1418 527 1632 568 carnem
1680 511 1750 567 de

151 611 362 683 virgine
408 609 570 665 Maria
625 617 778 663 natus
825 615 941 673 est;
994 614 1179 676 postea
1228 604 1468 662 veritatis
1497 619 1749 661 sermone

149 704 532 768 commonitus,
577 717 700 759 cum
747 700 1099 772 comperisset
1145 700 1318 770 ipsum
1364 714 1486 756 esse
1530 699 1601 757 de
1641 715 1750 770 quo

149 795 390 852 Joannes
413 795 504 861 ait,
529 793 597 850 In
627 793 876 864 principio
905 801 1012 847 erat
1047 789 1284 858 Verbum,
1313 799 1362 845 et
1399 788 1618 846 Verbum
1642 799 1750 846 erat

150 888 298 958 apud
321 887 507 953 Deum,
532 897 580 942 et
609 885 747 942 Deus
771 893 878 940 erat
911 883 1160 950 Verbum;
1193 883 1262 940 de
1288 897 1395 955 quo
1415 897 1750 954 consequen-

153 989 239 1037 ter
267 981 364 1044 ait,
406 978 621 1035 Verbum
649 994 769 1033 caro
812 978 1004 1048 factum
1045 985 1141 1045 est,
1167 985 1213 1031 et
1257 975 1496 1031 habitavit
1519 976 1575 1030 in
1607 975 1750 1032 nobis

156 1072 341 1146 (Joan.
374 1091 413 1138 ι,
442 1074 496 1137 I,
527 1072 656 1143 II):
689 1071 948 1128 fateretur
971 1071 1050 1126 eis
1076 1081 1230 1126 suum
1274 1069 1558 1141 pristinum
1593 1083 1747 1125 erro-

153 1181 296 1234 rem,
317 1175 480 1238 atque
507 1166 564 1222 in
585 1180 654 1222 eo
678 1164 928 1222 sciuisse
953 1179 1076 1219 cum
1102 1163 1464 1235 baptizaretur
1491 1164 1748 1220 sollicitus

153 1258 440 1325 indicaret,
460 1257 711 1330 juberent
745 1271 869 1314 eum
912 1256 1090 1312 denuo
1129 1256 1420 1328 baptizari?
1469 1257 1747 1328 Nunquam

153 1350 340 1422 utique
363 1348 643 1406 facerent:
683 1349 779 1404 sed
808 1347 1040 1404 hominis
1087 1348 1386 1418 imperitam
1435 1349 1748 1419 simplicita-

155 1452 265 1498 tem
306 1442 513 1498 earnali
553 1441 805 1513 Opinione
867 1441 1014 1511 prius
1067 1439 1464 1511 depravatam‘,
1513 1441 1751 1498 veritatis

153 1536 368 1591 ratione
404 1542 699 1590 correctam
728 1533 1170 1604 gratularentur:
1203 1540 1296 1588 aut
1339 1534 1383 1589 si
1424 1535 1586 1591 etiam
1631 1535 1750 1591 talis

155 1627 483 1696 perversitas
520 1626 860 1697 pertinaciter
896 1625 945 1681 ei
987 1623 1321 1704 defendenda
1362 1624 1650 1690 videretur,
1696 1635 1751 1681 et

155 1717 247 1773 diu
297 1717 591 1774 reluctatus
631 1732 807 1787 neque
843 1724 1134 1781 correctus,
1191 1717 1350 1772 etiam
1392 1715 1462 1772 de
1511 1717 1750 1772 Ecclesia

156 1811 468 1882 pelleretur,
500 1820 553 1866 et
571 1820 754 1880 postea
780 1810 989 1880 cognita
1014 1809 1239 1864 veritate
1266 1818 1551 1877 remearet,
1582 1808 1751 1879 pinni-

158 1907 322 1961 tentia
367 1907 550 1976 utique
594 1903 888 1959 curandum
933 1917 1053 1958 esse
1098 1911 1402 1968 censerent,
1442 1911 1548 1958 non
1593 1902 1752 1962 itera-

158 2000 306 2054 tione
364 1996 707 2068 Baptismatis
761 1995 1184 2061 vulnerandum;
1243 1995 1492 2065 quamvis
1545 1993 1646 2048 hoc
1697 1995 1750 2049 in

155 2091 324 2147 corde
362 2106 422 2146 se
460 2090 712 2146 habuisse
749 2086 1007 2144 fateretur
1049 2088 1211 2144 etiam
1242 2087 1334 2142 illo
1377 2097 1616 2158 tempore
1644 2102 1751 2157 quo

156 2184 298 2255 apud
347 2184 494 2255 ipsos
531 2182 707 2239 fuerat
751 2181 1065 2252 baptizatus.
1115 2179 1414 2236 Pmersum
1459 2195 1587 2251 ergo
1649 2189 1751 2235 non

159 2287 304 2346 potes
328 2277 605 2340 adamare,
631 2275 756 2345 quia
798 2289 906 2330 non
935 2273 986 2329 ei
1027 2272 1094 2328 ad
1138 2279 1514 2329 ornamentum
1550 2272 1754 2327 valeret

157 2369 566 2425 Sacramentum
587 2365 729 2437 quod
754 2373 1056 2436 acceperat,
1073 2365 1119 2420 si
1144 2365 1198 2420 in
1227 2363 1334 2420 fide
1359 2378 1604 2435 perversa
1630 2378 1751 2434 per-

158 2461 397 2525 sisteret,
425 2459 520 2515 sed
545 2458 722 2529 potius
743 2456 810 2514 ad
839 2456 1193 2528 supplicium:
1222 2470 1344 2512 cum
1372 2463 1549 2512 tamen
1579 2456 1751 2526 ipsum

158 2551 568 2608 Sacramentum
599 2563 697 2620 per
736 2562 816 2616 se,
855 2548 1014 2604 etiam
1058 2547 1112 2602 in
1155 2560 1408 2617 perverso
1440 2561 1598 2616 quem
1645 2561 1751 2600 non

160 2645 408 2711 ornabat,
430 2642 526 2700 sed
552 2641 842 2715 judicabat,
866 2642 1128 2712 integrum
1161 2649 1527 2712 permaneret;
1555 2649 1609 2696 et
1633 2639 1754 2695 ideo

163 2737 312 2793 nullo
357 2737 518 2792 modo
546 2745 691 2792 esset
717 2734 859 2791 illius
902 2733 1233 2790 Sacrameuti
1271 2732 1514 2788 violanda
1553 2733 1751 2789 sancti-

164 2842 266 2896 tas,
295 2827 461 2884 etiam
495 2841 618 2883 cum
647 2833 794 2882 esset
831 2824 974 2882 illius
1018 2824 1248 2881 hominis
1277 2823 1590 2895 corrigenda
1626 2838 1752 2895 per-

164 2923 412 2978 versitas.

232 3015 466 3071 CAPUT
504 3013 668 3071 XVII.
704 3043 778 3056 —
813 3013 904 3069 56.
945 3011 1121 3069 Audet
1162 3023 1324 3070 etiam
1373 3013 1756 3069 Parmenianus

164 3106 322 3163 nobis
349 3105 597 3176 exempla
621 3104 800 3160 divina
827 3118 1149 3174 proponere,
1167 3104 1357 3174 quibus
1382 3119 1440 3160 se
1468 3104 1757 3159 arbitratur

163 3199 484 3266 ostendere,
523 3198 869 3270 quaerendum
920 3211 1040 3253 esse
1085 3196 1356 3252 hominem
1401 3207 1676 3262 sanctum,
1724 3211 1756 3251 a

165 3307 271 3364 quo
309 3291 482 3363 accipi
531 3291 725 3348 debeat
769 3290 1192 3348 Sacramentum.
1247 3289 1388 3360 Ipse,
1421 3290 1609 3361 inquit,
1659 3288 1758 3346 Dei

165 3386 362 3451 Filius,
392 3387 504 3455 ipse
528 3383 778 3440 Dominus
805 3382 959 3439 Iesus
987 3383 1238 3448 Christus,
1265 3398 1298 3435 a
1323 3398 1423 3453 quo
1451 3382 1757 3453 principium

166 3479 452 3551 spiritantia
486 3477 738 3550 Baptismi
785 3489 1015 3533 emortum
1055 3484 1150 3542 est,
1196 3490 1310 3528 cum
1355 3473 1631 3528 secundum
1672 3489 1759 3527 vo-

168 3575 420 3629 luntatem
451 3570 624 3626 Patris
653 3569 988 3640 baptizandus
1034 3575 1182 3632 esset,
1214 3575 1447 3620 utrumne
1471 3565 1537 3618 ad
1569 3565 1758 3619 Phari-

170 3679 298 3720 εσσε
328 3662 553 3732 perﬁdos
575 3669 724 3733 atque
751 3664 1013 3731 profanos,
1033 3675 1099 3712 an
1118 3658 1184 3711 ad
1203 3657 1573 3712 sanctissimum
1590 3654 1758 3710 Joan-

169 3772 282 3809 nem
312 3753 507 3809 venisse
535 3753 878 3808 monstratur?
904 3752 972 3804 At
1000 3749 1044 3805 si
1077 3749 1178 3804 hoc
1204 3748 1449 3819 exemplo
1477 3749 1762 3803 invitamur

170 3848 234 3904 ad
264 3846 635 3918 accipiendum
675 3843 1024 3914 Baptismum,
1064 3841 1367 3898 inferiorem
1416 3841 1571 3898 nobis
1600 3856 1630 3895 a
1655 3855 1762 3912 quo

172 3939 508 4011 baptizemur
545 3937 801 3993 debemus
832 3935 1132 4006 inquirere;
1178 3932 1608 4004 quandoquidem
1652 3933 1763 3989 Do-

173 4033 359 4087 minus
399 4031 466 4084 ab
491 4043 555 4084 eo
598 4028 892 4099 baptizatus
936 4036 1038 4093 est,
1065 4026 1154 4097 qui
1185 4040 1245 4080 se
1273 4025 1341 4080 ab
1380 4025 1495 4096 ipso
1537 4025 1764 4080 Domino

173 4123 434 4194 baptizari
461 4123 657 4178 debere
685 4120 1020 4192 praedixerat,
1053 4128 1106 4176 et
1134 4121 1223 4192 qui
1251 4134 1310 4176 se
1340 4119 1614 4191 indignum
1643 4133 1763 4175 cor-

103 4220 106 4221 ⁷
176 4217 369 4287 rigiam
411 4214 756 4270 calceameuti
797 4213 913 4283 ejus
957 4212 1168 4268 solvere
1211 4211 1505 4268 testabatur
1547 4209 1763 4283 (Matth.

175 4325 251 4376 In,
276 4309 374 4372 la,
405 4309 514 4378 Il).
548 4307 815 4376 Quinimo,
853 4315 909 4361 ut
948 4307 1296 4363 intermitlam
1338 4307 1608 4378 inquiram
1648 4306 1768 4362 dili-

174 4400 392 4470 gentius
423 4414 517 4454 cur
563 4400 676 4469 ipse
719 4398 963 4455 Salvator
1003 4407 1184 4456 noster
1230 4400 1484 4470 baptizari
1516 4400 1765 4470 voluerit,

177 4495 297 4564 quia
334 4501 480 4548 certe
524 4492 696 4563 aliqua
743 4507 903 4548 causa
946 4492 1150 4560 voluit;
1192 4502 1472 4565 propterea
1519 4493 1766 4561 fortasse,

178 4600 296 4640 cum
329 4601 390 4640 se
416 4586 530 4655 ipse
560 4593 739 4656 posset
769 4585 996 4658 tingere,
1027 4587 1117 4658 qui
1144 4587 1304 4642 etiam
1339 4602 1494 4642 suum
1535 4587 1771 4658 baptiza-

183 4690 356 4736 torem
389 4689 595 4750 poterat
633 4680 920 4750 baptizare,
949 4680 1114 4736 voluit
1155 4681 1412 4738 Dominus
1449 4695 1479 4737 a
1508 4695 1687 4752 servo,
1717 4690 1774 4738 et

181 4773 269 4829 ille
296 4789 398 4845 per
423 4789 579 4844 quem
619 4774 753 4829 facta
790 4783 915 4829 sunt
941 4775 1120 4830 omnia
1157 4775 1224 4830 ab
1251 4776 1344 4831 illo
1371 4776 1462 4846 qui
1491 4777 1661 4832 factus
1687 4783 1773 4831 est

183 4867 328 4923 inter
353 4867 554 4933 omnia,
585 4866 862 4937 baptizari,
886 4876 943 4922 ut
979 4877 1030 4924 ct
1057 4867 1274 4924 doceret
1315 4868 1693 4937 humilitatem,
1720 4875 1775 4926 et

184 4959 496 5016 ostenderet
528 4973 636 5014 non
661 4959 922 5016 interesse
949 4962 1068 5032 quis
1102 4977 1132 5016 a
1170 4975 1276 5032 quo
1299 4961 1617 5033 baptizetur,
1645 4963 1773 5019 dum

185 5071 254 5112 eo
285 5055 560 5124 Baptismo
601 5070 706 5125 quo
745 5056 1093 5126 baptizandus
1137 5065 1219 5112 est
1260 5057 1578 5129 baptizetur.
1609 5057 1717 5114 Nec
1743 5069 1774 5114 a

191 5147 480 5202 Phariszeis
526 5147 900 5219 dedignaretur
945 5149 1035 5206 ille
1087 5150 1377 5221 baptizari,
1427 5153 1470 5207 si
1519 5152 1778 5210 haberent

193 5241 501 5312 huiusmodi
529 5241 871 5312 baptismum,
901 5255 1008 5314 quo
1037 5243 1128 5300 ille
1157 5245 1286 5299 certi
1312 5241 1629 5302 sacramenti
1656 5261 1778 5318 gra-

194 5333 264 5388 tia
304 5333 474 5388 voluit
516 5333 790 5404 baptizari.
823 5334 953 5390 Nam
983 5343 1036 5391 ct
1060 5350 1179 5391 cum
1210 5338 1669 5396 circumcidendus
1695 5357 1781 5398 es-

192 5434 297 5490 set,
327 5424 584 5495 numquid
610 5425 842 5482 Joannes
864 5427 1117 5497 quzrsitus
1155 5429 1274 5482 est?
1317 5428 1427 5486 Hoc
1465 5431 1608 5487 enim
1633 5446 1662 5486 a
1689 5431 1779 5488 Ju-

194 5515 330 5575 dacis
355 5516 470 5572 fieri
495 5517 603 5588 jam
643 5517 862 5574 solebat.
893 5519 961 5574 Et
987 5533 1107 5576 cum
1139 5535 1236 5591 pro
1265 5521 1354 5579 illo
1382 5532 1526 5582 esset
1547 5522 1780 5582 oﬂ'ercn-

261 5693 283 5728 ⁸
309 5697 363 5744 In
384 5697 510 5754 κδ,
525 5706 737 5757 prmum.

1862 321 1986 376 dum
2019 320 2189 394 legale
2226 313 2566 396 sacrificium,
2600 331 2856 404 numquid
2885 332 3176 393 devitatum
3209 345 3296 395 est
3323 339 3448 402 illud

1860 413 2146 484 templum,
2195 416 2338 487 quod
2385 418 2454 476 ab
2500 434 2566 477 eo
2606 431 2828 480 vocatur
2872 426 3125 498 spelunca
3179 430 3449 493 latronum

1861 502 2073 574 (Matth.
2095 521 2205 575 ut,
2225 507 2356 579 15)?
2383 509 2500 580 Quo
2523 523 2670 570 certe
2694 524 2749 571 et
2770 516 2897 573 boni
2920 518 3188 578 intrabant
3205 532 3262 580 et
3294 525 3448 582 mali:

1857 609 1955 688 nec
1985 595 2140 652 bouis
2176 597 2403 657 oberant
2431 602 2592 671 mali;
2640 608 2890 677 quoniam
2930 610 3189 670 Dominus
3216 616 3310 688 qui
3353 617 3448 682 ait,

1857 685 2037 780 Sancti
2058 698 2234 780 estote,
2262 692 2382 764 quia
2407 710 2500 768 ego
2524 707 2727 754 sanctus
2753 717 2866 756 sum
2893 701 3076 775 (Leuit.
3105 721 3182 773 ιι,
3209 685 3345 780 ιί5);
3379 710 3447 766 ita

1856 778 2230 838 inviolabiliter
2283 783 2408 840 facit
2449 797 2663 844 sanctos
2711 805 2838 847 suos
2890 795 3092 850 versari
3140 778 3292 854 inter
3330 815 3444 855 ma-

1856 871 1960 939 los,
1991 881 2050 929 ut
2075 875 2408 932 custodiant‘
2435 892 2554 934 eam
2581 895 2741 951 quam
2779 885 3046 955 accipiunt
3083 891 3443 958 sanctitatem,

1853 967 2302 1035 quemadmodum
2333 971 2446 1041 ipse
2478 972 2734 1031 Dominus
2773 975 2928 1033 Jesus
2957 980 3099 1035 nulla
3127 984 3444 1056 contagione

1855 1057 2200 1130 malignitatis
2241 1061 2292 1116 in
2331 1062 2640 1121 Judreorum
2683 1078 2840 1139 gente
2881 1071 3114 1140 pollutus
3138 1083 3242 1142 est,
3273 1092 3443 1148 neque

1854 1161 1976 1204 cum
2004 1150 2093 1206 illa
2121 1153 2289 1221 prima
2320 1165 2653 1213 sacramenta
2693 1161 2985 1216 secundum
3025 1164 3314 1233 perfectam
3340 1168 3440 1224 hu-

1855 1241 2094 1298 militatis
2125 1244 2262 1300 viam
2293 1246 2465 1303 factus
2512 1248 2615 1304 sub
2643 1249 2761 1321 lege
2803 1255 3060 1324 suscepit,
3104 1269 3279 1328 neque
3322 1272 3443 1315 cum

1855 1343 2039 1404 postea
2067 1335 2342 1408 discipulis
2381 1339 2568 1396 electis
2593 1357 2718 1398 cum
2767 1359 2866 1401 suo
2905 1347 3160 1406 traditore
3186 1367 3351 1424 usque
3377 1353 3443 1410 ad
3477 1348 3483 1355 “

1854 1437 2154 1486 extremum
2197 1435 2440 1492 osculum
2486 1438 2634 1494 vixit.
2667 1440 2796 1511 Ejus
2841 1444 2982 1500 enim
3032 1447 3297 1519 exemplo,
3335 1464 3442 1507 non

1853 1522 2026 1578 solum
2055 1539 2161 1579 non
2191 1525 2434 1585 facientis
2463 1531 2624 1597 mala,
2652 1532 2745 1588 sed
2771 1535 2932 1591 etiam
2962 1553 3068 1594 non
3105 1542 3443 1598 consentien-

1857 1612 1924 1667 tis
1946 1613 1966 1644 ⁸
2002 1614 2092 1669 ulli
2123 1616 2358 1684 malitia,
2388 1618 2527 1675 inter
2550 1622 2756 1693 paleam
2785 1624 3050 1684 frumenta
3077 1643 3262 1690 secura
3297 1643 3442 1701 sunt,
3523 1665 3526 1670 -

1853 1703 1974 1773 quia
2005 1720 2178 1776 neque
2206 1709 2330 1764 talia
2357 1709 2577 1781 faciunt,
2614 1730 2788 1786 neque
2820 1723 3169 1778 consentiunt.
3200 1721 3441 1781 facienti-

1853 1795 1990 1861 bus;
2041 1798 2200 1852 etiam
2235 1800 2279 1855 si
2319 1802 2370 1856 in
2414 1803 2601 1861 eadem
2641 1817 2824 1880 segete
2870 1826 3037 1884 usque
3079 1815 3146 1870 ad
3188 1827 3442 1886 messem,

1854 1885 1906 1940 in
1934 1887 2120 1944 eadem
2165 1906 2289 1947 area
2319 1907 2488 1965 usque
2525 1896 2594 1952 ad
2621 1900 3042 1971 ventilationem,
3074 1905 3210 1962 intra
3252 1908 3442 1966 eadem

1855 1981 1986 2035 retia
2018 1996 2183 2053 usque
2210 1985 2275 2039 ad
2303 1989 2690 2056 separationem
2717 2007 2836 2065 qua:
2857 1996 2910 2050 in
2933 1998 3112 2055 littore
3137 1999 3312 2057 futura
3337 2013 3439 2068 est,

1855 2068 1980 2125 boni
2025 2073 2258 2130 tolerent
2301 2078 2472 2134 malos
2513 2079 2726 2152 (Matth.
2757 2100 2838 2152 ιιι,
2883 2087 2968 2153 12,
3001 2097 3048 2143 et
3093 2105 3207 2159 χιιι,
3253 2093 3442 2160 37-45,

1855 2160 2064 2256 47-ξ30).
2098 2163 2202 2219 Sed
2234 2166 2320 2244 isti
2365 2177 2491 2224 sunt
2514 2185 2642 2228 vere
2683 2175 2810 2230 caici
2851 2175 3012 2234 duces
3037 2195 3323 2250 caecorum,
3353 2185 3445 2256 qui

1854 2259 1913 2308 et
1953 2253 2008 2308 in
2035 2271 2260 2312 numero
2305 2272 2520 2315 suorum
2553 2270 2662 2318 tam
2704 2266 2900 2322 multos
2945 2271 3116 2326 malos
3159 2253 3446 2340 videutpet

1855 2341 1996 2398 viam
2027 2346 2171 2415 pacis
2211 2363 2316 2403 non
2341 2349 2557 2420 vident;
2585 2362 2641 2411 et
2665 2364 2724 2411 ut
2760 2371 2820 2414 se
2845 2373 2950 2415 non
2989 2362 3054 2417 ad
3079 2364 3447 2424 sustinendum

1856 2433 2082 2491 invicem
2112 2449 2328 2508 propter
2353 2442 2569 2500 unitatis
2587 2434 2888 2515 vinculum,
2900 2451 2994 2506 sed
3019 2452 3086 2508 ad
3103 2452 3446 2514 dividendum

1855 2527 1922 2620 ab
1950 2528 2176 2585 invicem
2209 2542 2429 2602 propter
2452 2535 2759 2596 schismatis
2791 2543 3129 2617 sacrilegium
3157 2560 3447 2620 sequantur

1860 2616 2126 2686 homines,
2157 2623 2503 2691 persuadent.

1926 2709 2153 2802 CAPUT
2192 2711 2380 2768 XVIII.
2420 2744 2489 2757 -
2527 2717 2621 2773 37.
2662 2721 2733 2776 At
2779 2722 2922 2778 enim
2971 2725 3171 2782 dictum
3222 2740 3306 2786 est
3354 2747 3448 2802 per

1859 2800 2171 2872 prophetam
2201 2805 2313 2876 regi
2337 2806 2638 2879 Josaphat:
2673 2811 2720 2866 0
2761 2830 2852 2868 rea:
2894 2815 3168 2889 Josaphat,
3193 2822 3240 2875 si
3272 2800 3450 2888 pecca-

1859 2902 2016 2948 torem
2045 2903 2098 2948 tu
2122 2895 2360 2966 adjuvat,
2389 2908 2479 2954 aut
2502 2917 2616 2956 eum
2646 2919 2797 2973 quem
2833 2905 3084 2965 Dominus
3112 2912 3218 2965 odit
3246 2921 3301 2966 tu
3330 2914 3451 2969 dili-

1858 2987 1956 3058 gis,
1988 2999 2253 3060 propterea
2276 2991 2374 3060 fuit
2405 3009 2559 3066 super
2591 3003 2638 3050 te
2662 2998 2740 3052 ira
2774 2997 3003 3055 Domini.
3025 3003 3156 3070 Quis
3179 3005 3322 3060 enim
3351 3023 3450 3064 nu-

1859 3089 2028 3172 strum
2058 3081 2190 3137 dicit
2234 3094 2570 3153 peccatorem
2609 3089 2988 3162 adjuvandum,
3019 3096 3086 3150 ad
3127 3097 3230 3154 hoc
3271 3101 3452 3172 utique

1861 3171 1912 3226 in
1939 3165 2045 3243 quo
2069 3188 2290 3243 peccare
2317 3177 2463 3245 vult;
2510 3181 2649 3236 sicut
2679 3183 2793 3252 ipse
2819 3185 3004 3242 Achab
3031 3202 3189 3258 quem
3226 3165 3450 3261 adjuva-

1860 3263 1991 3320 bat'
2014 3265 2290 3339 Josaphat,
2330 3271 2509 3327 eundo
2547 3287 2668 3329 cum
2702 3276 2791 3331 illo
2821 3277 2874 3333 in
2902 3281 3173 3350 praelium,
3203 3298 3324 3340 cum
3363 3285 3453 3342 ille

1862 3355 2096 3414 Michteae
2122 3363 2395 3430 propheta:
2418 3365 2626 3421 veracia
2657 3369 2820 3425 verba
2846 3378 3252 3431 contemneret?
3281 3378 3347 3434 Et
3371 3389 3450 3434 ta-

1863 3463 1986 3504 men
2013 3465 2109 3505 nec
2147 3452 2224 3507 sic
2249 3453 2419 3510 obfuit
2456 3457 2775 3516 innocentia:
2818 3465 2958 3535 regis
2994 3465 3251 3538 Josaphat
3278 3473 3449 3540 pessi-

1864 3556 2007 3594 mum
2040 3542 2285 3598 meritum
2331 3548 2470 3617 regis
2495 3548 2718 3606 Achab:
2750 3554 2874 3625 quia
2901 3555 3048 3610 illum
3090 3557 3346 3617 Dominus
3385 3563 3453 3619 ad

1875 3648 1934 3689 se
1970 3635 2354 3693 exclamantem
2398 3655 2428 3694 a
2475 3643 2711 3712 periculo
2758 3645 2951 3704 bellico
2995 3650 3256 3718 liberavit,
3304 3653 3455 3711 illum

1867 3736 2044 3782 autem
2085 3730 2404 3801 sacrilegum
2434 3743 2855 3807 contemptorem
2899 3740 2952 3796 in
2991 3758 3181 3800 manus
3223 3745 3455 3802 hostium

1867 3820 2052 3875 venire
2073 3822 2313 3890 permisit
2362 3821 2460 3897 (III
2490 3823 2620 3899 Reg.
2653 3829 2817 3902 χιιι).
2861 3830 2928 3886 Et
2970 3833 3013 3888 si
3044 3835 3171 3906 quid
3199 3835 3458 3909 Josaphat

1869 3911 2090 3982 periculi
2137 3923 2391 3985 expertus
2416 3926 2517 3986 est,
2550 3919 2694 3991 quod
2733 3921 2783 3978 ei
2829 3922 3096 3996 Propheta
3143 3930 3341 3987 indicat
3387 3934 3457 3990 ab

1869 4002 1946 4057 ira
1978 4003 2067 4058 Dei
2096 4005 2277 4073 fuisse,
2303 4023 2406 4062 non
2438 4008 2614 4066 alieno
2641 4025 2908 4071 meruerat
2939 4029 3178 4088 peccato,
3202 4024 3296 4078 sed
3325 4041 3454 4093 suo;

1868 4095 1991 4164 quia
2020 4093 2155 4151 sicut
2183 4097 2230 4151 ci
2261 4097 2460 4154 dictum
2500 4108 2602 4168 est,
2641 4115 2949 4172 peccantem
2990 4109 3315 4181 adjuvabat:
3360 4117 3457 4172 sed

1869 4185 2010 4255 apud
2061 4186 2229 4243 Deum
2271 4197 2464 4248 caetera
2509 4191 2625 4264 ejus
2672 4195 2806 4252 bona
2861 4185 2998 4256 faeta
3045 4205 3455 4272 praevalueruut.

1873 4275 1961 4332 Sic
1982 4279 2124 4333 enim
2151 4278 2347 4336 dicitur
2369 4283 2416 4336 ei
2442 4300 2455 4336 :
2489 4281 2813 4341 Peccatorem
2836 4290 3095 4361 adjuvisti,
3125 4306 3175 4349 et
3213 4299 3257 4350 ei
3283 4309 3458 4354 contra

1873 4369 2149 4427 Dominum
2178 4375 2369 4429 anticus
2408 4391 2478 4442 es,
2509 4386 2556 4431 et
2589 4379 2642 4432 in
2668 4380 2762 4433 hoc
2783 4397 2936 4453 super
2958 4392 3005 4438 te
3028 4386 3108 4439 ira
3135 4404 3167 4441 a
3192 4391 3324 4460 facie
3353 4393 3459 4448 Do-

1874 4463 2017 4517 mini.
2049 4463 2319 4520 Sermones
2345 4463 2442 4521 Dei
2473 4468 2588 4522 boni
2613 4469 2665 4524 in
2705 4471 2946 4528 universis
2982 4486 3099 4530 sunt
3129 4486 3309 4546 tecum,
3335 4499 3461 4553 quo-

1874 4562 2012 4611 niam
2056 4556 2307 4613 abstulisti
2334 4560 2474 4615 lucos
2501 4563 2563 4617 de
2591 4572 2747 4632 terra,
2774 4575 2820 4619 et
2849 4571 3042 4634 parasti
3081 4587 3169 4625 car
3211 4583 3354 4628 tuum
3393 4578 3462 4630 ad

1875 4649 2236 4720 requirendum
2276 4650 2439 4707 Deum
2469 4653 2542 4724 (ll
2575 4653 2754 4711 Paral.
2797 4673 2905 4722 nx,
2936 4660 2990 4726 2,
3018 4662 3093 4732 5).
3141 4663 3241 4732 Qui
3282 4675 3460 4723 autem

1876 4755 2123 4800 versatur
2149 4745 2200 4799 in
2230 4745 2466 4802 Ecclesia
2496 4748 2610 4816 Dei,
2641 4749 2728 4805 ubi
2757 4759 2879 4806 sunt
2909 4761 2963 4808 et
2997 4755 3066 4810 illi
3094 4758 3180 4828 qui
3208 4775 3300 4813 sua
3325 4779 3458 4832 qua:-

1878 4848 2016 4906 runt,
2044 4855 2144 4894 non
2182 4856 2293 4910 qua:
2336 4839 2460 4895 Jesu
2489 4841 2692 4907 Christi,
2721 4845 2809 4913 qui
2857 4862 2947 4916 per
2978 4847 3220 4904 invidiam
3263 4863 3310 4906 et
3339 4871 3465 4909 con-

1880 4933 2147 4988 tentionem
2177 4933 2428 4988 Christum
2467 4936 2792 5004 annuntiaut,
2820 4953 2922 4992 non
2965 4951 3141 5010 caste;
3183 4953 3236 4998 et
3279 4946 3458 5013 dicit“,

1883 5025 2002 5081 Sive
2031 5042 2119 5096 per
2163 5027 2500 5089 occasionem,
2539 5029 2641 5082 sive
2687 5045 2775 5097 per
2815 5031 3066 5087 veritatem
3115 5036 3341 5094 Christus
3372 5059 3455 5094 αη-

1885 5116 2176 5183 nuntietur;
2217 5126 2259 5170 ct
2299 5117 2350 5170 in
2393 5117 2486 5170 hoc
2519 5117 2736 5188 gaudeo,
2764 5122 2851 5175 sed
2879 5133 2926 5178 et
2953 5127 3177 5195 gaudebo
3207 5129 3466 5203 (Philipp.

1886 5223 1944 5275 ιι,
1971 5207 2061 5274 21,
2094 5217 2213 5275 ett,
2257 5208 2445 5280 lii-IS)
2475 5227 2486 5262 :
2519 5209 2822 5282 impollutus
2867 5216 3004 5272 inter
3050 5234 3142 5274 eos
3184 5233 3343 5293 atque
3392 5227 3468 5278 in-

1887 5308 2035 5370 teger
2061 5307 2356 5370 permanet,
2389 5300 2511 5369 quia
2556 5316 2662 5357 non
2697 5304 2775 5358 eis
2813 5305 2878 5360 ad
2905 5322 2998 5362 sua
3023 5312 3306 5379 quaerenda
3339 5329 3470 5368 con-

1954 5455 1971 5521 ξ
1996 5455 2073 5521 sic
2093 5455 2425 5521 t'aticaniAMs‘s.
2451 5464 2504 5507 At
2527 5457 2663 5521 editi,
2687 5458 2730 5511 si
2754 5461 3040 5515 custodiunt.

1953 5518 1974 5548 ²
1997 5517 2139 5585 aditi,
2156 5527 2251 5566 non
2285 5516 2513 5580 facientes
2533 5516 2680 5585 mata,
2710 5526 2796 5575 sed
2820 5525 2967 5577 etiam
2997 5539 3092 5579 nan
3113 5530 3454 5583 metientes

1891 5577 2208 5628 Emendantur
2231 5577 2295 5629 ex'
2321 5587 2425 5632 mss.

1955 5641 1978 5722 ἲ
1997 5641 2916 5722 ξὲἑὲεὲςὲειέιὶξεῐορ

1955 5703 1977 5734 δ
1997 5707 2123 5760 Unus
2143 5703 2444 5758 Divionensis
2462 5703 2638 5768 codex.
2661 5713 2713 5760 ut
2732 5703 2803 5763 ait
2833 5712 3106 5781 mactatus,
3129 5714 3225 5771 sive
3245 5728 3351 5782 per,
3377 5727 3473 5772 etc.
