3802 6124
361 285 436 342 79
1180 286 1455 347 CONTRA
1491 287 1876 347 EPISTOLAM
1913 289 2357 365 PARMENIANI,
2397 295 2454 354 S.
2494 295 2866 357 AUGUSTINI
3585 312 3670 372 ω

357 403 545 470 sentit,
580 415 699 459 cum
746 400 847 457 hoc
875 402 1056 474 culpet
1090 409 1249 473 atque
1292 403 1684 474 reprehendat;
1731 419 1833 463 nec
1859 420 1955 462 eos

359 496 428 550 ad
460 495 807 566 peccandum,
837 494 930 551 sed
961 494 1028 550 ad
1055 494 1155 550 hoc
1173 495 1407 567 adjuvat,
1440 497 1584 554 unde
1609 497 1850 556 Christus
1879 499 1956 556 la-

359 587 466 644 tius
492 587 833 659 praadicetur,
863 597 917 642 et
940 586 1009 642 ab
1041 586 1122 642 his
1157 588 1247 660 qui
1275 588 1498 646 audiunt
1524 598 1578 646 et
1617 590 1819 648 faciunt
1856 606 1956 663 per

358 694 455 736 eos
492 680 584 750 qui
613 678 754 751 quod
801 678 985 734 dicunt
1032 693 1136 734 non
1183 680 1401 747 faciunt,
1434 681 1650 738 Christo
1678 683 1949 752 credatur,

355 773 410 829 in
443 773 655 828 Christo
683 781 948 842 speretur,
976 771 1226 828 Christus
1260 773 1529 846 diligatur.
1558 774 1778 832 Talibus
1804 777 1950 834 enim

353 865 595 938 prtecipit
636 865 776 921 idem
807 864 1082 936 apostolus
1107 865 1328 922 dicens:
1362 865 1539 923 Nolite
1566 869 1806 942 conjungi
1833 885 1949 924 cum

351 957 666 1028 inﬁdelibus.
702 958 827 1024 Qua:
855 958 986 1012 enim
1026 959 1346 1030 participatio
1376 961 1593 1030 justitice
1615 978 1730 1016 cum
1759 962 1947 1034 iniqui-

350 1049 495 1104 tate?
539 1049 668 1117 Qute
709 1049 1096 1104 communicatio
1139 1059 1212 1105 est
1258 1051 1360 1105 luci
1403 1052 1471 1105 ad
1500 1054 1772 1109 tenebras?
1823 1053 1950 1122 Qua:

349 1150 522 1196 autem
550 1141 810 1195 conventio
841 1139 1029 1195 Christi
1054 1141 1123 1195 ad
1145 1139 1354 1197 Belial?
1378 1141 1480 1197 Aut
1507 1135 1622 1214 qua:
1645 1161 1766 1214 pars
1806 1146 1948 1215 ﬁdeli

349 1247 465 1286 cum
505 1231 751 1300 inﬁdeli?
801 1231 903 1299 Qui
946 1241 1112 1287 autem
1155 1249 1428 1290 consensus
1471 1237 1657 1308 templo
1695 1236 1792 1292 Dei
1831 1255 1947 1294 cum

345 1323 680 1378 simulacris?
725 1321 823 1377 Vos
861 1323 992 1378 enim
1032 1324 1278 1396 templum
1320 1324 1417 1380 Dei
1459 1327 1586 1382 vivi‘
1635 1329 1772 1384 estis.
1809 1327 1947 1384 Dicit

345 1415 480 1470 enim
505 1430 524 1469 :
556 1413 688 1481 Quia
736 1413 1024 1470 inhabitabo
1067 1415 1120 1470 in
1161 1416 1254 1484 eis,
1286 1425 1330 1471 et
1370 1417 1739 1484 inambulaba;
1784 1429 1830 1474 et
1858 1435 1944 1476 ero

342 1507 550 1563 illorum
578 1506 740 1575 Deus,
768 1517 815 1562 et
844 1509 940 1580 ipsi
965 1517 1110 1563 erunt
1134 1509 1260 1563 mihi
1286 1510 1526 1580 populus.
1570 1510 1790 1582 Propter
1809 1512 1944 1583 quod

344 1599 475 1654 exite
519 1598 582 1654 de
629 1599 792 1653 medio
822 1616 1016 1667 eorum,
1047 1599 1169 1667 dicit
1216 1599 1488 1667 Dominus,
1529 1613 1578 1657 et
1623 1604 1941 1660 immundum

342 1707 407 1746 ne
435 1693 730 1763 tetigeritis;
777 1702 824 1747 et
850 1709 942 1764 ego
967 1694 1208 1764 recipiam
1235 1709 1343 1762 vos,
1376 1703 1422 1748 et
1464 1711 1548 1750 ero
1588 1695 1726 1752 vobis
1767 1698 1820 1752 in
1843 1715 1938 1770 pa-

342 1793 489 1847 trem,
517 1793 564 1838 et
588 1800 673 1839 vos
696 1785 834 1839 eritis
858 1785 980 1840 mihi
1007 1786 1060 1839 in
1097 1786 1232 1856 ﬁlios
1255 1795 1302 1840 et
1341 1787 1497 1856 ﬁlias,
1525 1789 1648 1844 dicit
1688 1788 1940 1848 Dominus

340 1878 654 1948 omnipotens
684 1875 759 1947 (ll
789 1876 908 1933 Cor.
943 1893 1015 1943 v1,
1047 1877 1254 1950 14-18).
1286 1878 1416 1946 Quae
1439 1881 1598 1936 verba
1625 1880 1714 1937 isti
1749 1898 1938 1940 carna-

337 1967 461 2025 liter
486 1971 800 2037 sentieutes,
831 1984 926 2040 per
955 1978 1034 2025 tot
1058 1969 1348 2027 divisiones
1375 1985 1434 2028 se
1460 1973 1606 2042 ipsos
1637 1974 1936 2032 minutatim

335 2062 392 2118 in
434 2062 548 2134 ipsa
577 2077 680 2118 una
719 2060 903 2118 Africa
932 2061 1240 2118 concidunt.
1286 2062 1402 2118 Non
1447 2065 1588 2119 enim
1635 2065 1937 2138 intelligunt

337 2155 610 2209 neminem
658 2152 909 2224 conjungi
968 2167 1090 2209 cum
1141 2152 1474 2220 inﬁdelibus,
1523 2155 1625 2211 nisi
1673 2157 1760 2227 qui
1808 2157 1936 2214 facit

333 2254 554 2318 peccata
584 2245 972 2316 Pagauorum’,
1001 2245 1087 2302 vel
1116 2245 1237 2301 talia
1269 2245 1581 2304 facientibus
1626 2248 1800 2316 favet;
1832 2266 1934 2308 nec

335 2351 656 2408 quemquam
682 2336 796 2393 ﬁeri
817 2337 1130 2410 participem
1155 2337 1467 2409 iniquitatis,
1500 2340 1602 2396 nisi
1627 2343 1717 2412 qui
1751 2343 1932 2414 iniqua

333 2429 422 2486 vel
447 2429 558 2500 agit
584 2429 668 2485 vel
699 2430 977 2500 approbat.
1026 2429 1156 2497 Quis
1183 2439 1360 2487 autem
1386 2433 1746 2489 communicat
1783 2443 1933 2492 tene-

332 2521 476 2591 bris,
524 2523 625 2578 nisi
671 2524 760 2595 qui
819 2538 916 2594 per
964 2523 1212 2581 tenebras
1261 2525 1633 2582 consensionis
1687 2543 1799 2584 suae
1843 2529 1927 2586 di-

330 2617 499 2673 misso
521 2615 734 2672 Christo
762 2616 1001 2688 sequitur
1028 2616 1234 2673 Belial?
1259 2617 1390 2685 Quis
1416 2619 1565 2688 ponit
1591 2633 1711 2675 cum
1743 2619 1930 2679 inﬁde-

329 2708 472 2764 libus
510 2718 714 2780 partem
743 2723 917 2776 suam,
947 2708 1048 2763 nisi
1072 2709 1162 2780 qui
1186 2708 1302 2779 ejus
1323 2708 1651 2766 inﬁdelitatis
1674 2712 1733 2766 ﬁt
1762 2713 1924 2782 parti-

328 2800 496 2870 ceps?
531 2799 605 2855 ita
649 2800 792 2856 enim
841 2799 1097 2870 templum
1147 2799 1243 2854 Dei
1289 2814 1411 2856 esse
1453 2800 1668 2868 desinit,
1721 2817 1820 2860 nec
1868 2817 1927 2861 se

328 2893 485 2948 aliter
526 2891 828 2948 simulacris
863 2891 1120 2963 adjungit.
1153 2890 1254 2961 Qui
1292 2899 1471 2948 autem
1513 2903 1640 2950 sunt
1669 2897 1924 2967 templum

328 2983 424 3038 Dei
451 2983 577 3050 vivi,
604 2991 659 3038 et
683 2982 736 3037 iu
775 2981 951 3038 medio
982 2983 1212 3038 nationis
1252 2990 1508 3040 tortuosze
1547 2999 1612 3040 ac
1654 3000 1925 3056 perversa:

326 3084 590 3148 apparent
651 3077 788 3132 sicut
852 3075 1131 3130 luminaria
1186 3075 1241 3131 in
1305 3075 1503 3134 mundo
1541 3079 1762 3134 verbum
1803 3081 1924 3137 vitae

325 3166 590 3224 habentes
622 3165 880 3239 (Philipp.
907 3182 966 3234 ιι,
992 3167 1103 3238 15),
1128 3166 1261 3222 nihil
1290 3181 1384 3223 eos
1421 3167 1564 3238 quod
1601 3184 1697 3240 pro
1721 3170 1924 3229 unitate

325 3259 559 3315 tolerant
589 3258 794 3325 inﬁcit;
827 3273 928 3315 nec
952 3266 1324 3330 angustantur,
1353 3260 1474 3330 quia
1501 3260 1554 3316 in
1592 3260 1695 3317 illis
1721 3261 1922 3321 habitat

323 3361 379 3410 et
405 3351 710 3408 deambulat
753 3351 937 3408 Deus:
969 3360 1024 3407 et
1065 3360 1262 3408 exeunt
1300 3351 1370 3408 de
1414 3351 1592 3409 medio
1635 3356 1916 3426 malorum,

323 3455 486 3516 atque
529 3453 844 3515 separantur
890 3444 1104 3500 interim
1150 3443 1347 3512 corde;
1395 3459 1465 3501 ne
1510 3443 1649 3502 forte
1690 3462 1811 3503 cum
1864 3449 1919 3505 id

323 3539 503 3596 facere
535 3553 628 3608 per
656 3537 975 3593 seditionem
1005 3536 1310 3591 schismatis
1339 3536 1543 3603 volunt,
1573 3539 1720 3608 prius
1749 3554 1776 3593 a
1817 3539 1916 3596 bo-

322 3631 409 3684 nis
461 3627 828 3698 spiritualiter,
873 3641 1032 3697 quam
1083 3641 1112 3680 a
1160 3627 1318 3682 malis
1364 3628 1716 3698 corporaliter
1757 3645 1914 3703 sepa-

323 3731 528 3778 I‘Cﬂilll‘.

392 3812 620 3869 CAPUT
651 3811 883 3867 XlX.-—
901 3810 987 3867 58.
1021 3811 1174 3878 Quod
1205 3826 1334 3884 ergo
1355 3813 1608 3884 scriptum
1637 3824 1721 3872 est
1749 3816 1914 3872 Deum

322 3909 543 3976 dixisse,
571 3906 676 3962 Eos
701 3907 786 3978 qui
830 3922 909 3960 me
940 3905 1244 3974 clariﬁcant,
1274 3907 1601 3976 clariﬁcabo;
1640 3917 1686 3963 et
1723 3910 1806 3976 qui
1837 3927 1916 3965 me

320 4002 539 4073 spernit,
569 4008 832 4070 spernatur
859 3997 908 4070 (Ι
933 3995 1060 4068 Reg.
1091 4013 1148 4063 ιι,
1181 3997 1310 4068 50);
1344 3997 1444 4068 ipsi
1472 3999 1702 4055 maxime
1727 3999 1914 4057 nolunt

319 4093 537 4150 intueri.
579 4090 858 4160 Quomodo
882 4090 1026 4145 enim
1057 4089 1352 4145 clariﬁcant
1387 4090 1573 4157 Deum,
1607 4091 1696 4162 qui
1730 4091 1914 4148 dicunt

319 4203 417 4259 per
441 4186 626 4241 orbem
655 4193 915 4239 terrarum
945 4182 1149 4254 impleri
1182 4197 1286 4237 non
1311 4197 1465 4253 posse
1487 4184 1602 4252 ejus
1628 4185 1907 4254 promissa,

319 4298 439 4355 quae
467 4278 710 4353 promisit
753 4277 991 4348 patribus
1018 4276 1235 4343 nostris,
1265 4276 1515 4342 Abrahm,
1546 4277 1709 4340 Isaac,
1738 4287 1790 4332 ct
1815 4278 1908 4334 Ja-

318 4376 457 4439 cob;
511 4388 631 4444 quae
682 4386 778 4442 per
823 4369 1118 4442 Prophetas
1164 4378 1310 4424 ιλιιιιο
1353 4377 1476 4426 ante
1523 4371 1906 4440 pra'nuntians,

316 4467 558 4526 exhibuit
600 4481 696 4537 per
737 4463 960 4520 Unicum
991 4478 1168 4529 suum,
1200 4464 1290 4533 qui
1333 4463 1502 4519 factus
1528 4472 1608 4519 est
1647 4465 1698 4520 ei
1723 4480 1787 4520 ex
1823 4479 1908 4520 sc-

316 4563 463 4618 miue
492 4558 657 4614 David
698 4556 988 4614 secundum
1023 4571 1237 4611 carnem
1280 4555 1454 4628 (Rom.
1483 4573 1522 4624 ι,
1546 4557 1602 4626 2,
1643 4557 1720 4631 5),
1755 4566 1810 4613 ιιι
1853 4558 1906 4614 in

316 4654 431 4718 illo,
464 4651 513 4706 id
544 4661 647 4718 est,
682 4651 732 4705 in
761 4649 966 4704 semine
993 4647 1224 4704 Abrahae
1249 4649 1694 4706 benedicerentur
1721 4667 1908 4709 omnes

315 4758 506 4820 gentes
535 4765 549 4802 :
582 4747 673 4818 qui
701 4745 886 4801 dicunt
915 4745 1088 4816 ipsum
1117 4743 1211 4798 Dei
1249 4743 1439 4799 Filium
1468 4745 1659 4800 frustra
1685 4745 1904 4815 dixisse,

317 4844 485 4898 Sinite
514 4850 724 4909 utraque
751 4855 970 4894 crescere
1004 4854 1162 4909 usque
1189 4837 1258 4890 ad
1285 4853 1494 4893 messem
1535 4837 1748 4910 (Matth.
1787 4855 1903 4910 xm,

317 4937 407 5007 50)
439 4953 452 4990 :
485 4933 640 5005 quasi
677 4931 841 4988 falsus
871 4931 1050 5000 fuerit,
1081 4942 1171 4985 aut
1197 4931 1312 5002 ipse
1342 4929 1609 5000 fefellerit,
1640 4947 1762 4988 cum
1793 4933 1904 4990 sola

315 5028 517 5083 zizania
563 5041 659 5096 per
685 5023 938 5079 mundum
977 5024 1278 5091 creverint;
1325 5021 1587 5079 frumenta
1617 5040 1744 5081 vero
1769 5040 1905 5096 prae-

315 5131 398 5177 ter
428 5129 630 5191 partem
667 5117 875 5180 Donati,
903 5116 954 5170 in
986 5123 1096 5171 toto
1127 5125 1388 5171 terrarum
1419 5115 1548 5172 orbe
1572 5115 1904 5173 defecerint?

315 5211 584 5284 quomodo
615 5211 711 5265 ista
757 5209 1047 5265 sentientes
1074 5207 1374 5278 gloriﬁcent
1397 5208 1585 5278 Deum,
1612 5224 1733 5265 cum
1773 5209 1904 5266 scri-

315 5316 463 5376 ptum
496 5304 584 5369 sit,
614 5301 679 5356 In
711 5301 978 5355 latitudine
1010 5303 1172 5372 gentis
1201 5302 1365 5372 gloria
1395 5301 1563 5373 regis;
1601 5303 1654 5356 in
1683 5303 1905 5358 diutinu-

318 5398 452 5452 tione
478 5404 642 5449 autem
673 5393 849 5464 papuli
873 5392 1106 5446 contritio
1136 5393 1376 5463 principis
1415 5391 1598 5463 (Prov.
1629 5410 1741 5462 xw,
1769 5394 1902 5467 28)?

311 5488 418 5543 Aut
462 5484 728 5556 quomodo
775 5498 878 5538 non
925 5492 1179 5554 spernunt
1225 5484 1411 5550 Deum,
1441 5485 1530 5555 qui
1571 5484 1899 5555 Baptismum

375 5646 399 5711 ξ
421 5650 590 5711 Inptss.
616 5644 692 5694 hic
717 5651 768 5693 et
792 5640 927 5701 infra,
952 5640 1128 5703 templa
1153 5636 1398 5711 minimi.”

380 5706 401 5736 ⁸
419 5707 554 5767 Editi,
587 5713 835 5765 peccatum
867 5713 1184 5769 Paganorum.
1210 5709 1266 5755 At
1301 5703 1511 5758 Vaticani
1541 5708 1668 5769 1188..
1705 5709 1904 5770 peccata

311 5778 631 5837 paganorum.

2066 407 2182 478 ejus
2213 409 2263 464 in
2291 410 2369 466 eis
2395 427 2618 483 quorum
2647 429 2862 472 causam
2889 431 2996 475 non
3023 419 3326 493 audierunt,
3357 434 3413 482 et
3440 426 3511 485 de
3537 429 3671 502 qui-

2065 496 2163 555 bus
2199 501 2343 557 nullo
2367 502 2526 559 modo
2548 503 2790 574 judicare
2815 517 3121 580 potuerunt,
3152 514 3453 574 incredibili
3481 496 3656 577 teme-

2062 590 2220 648 ritate
2264 593 2552 664 impietatis
2597 597 2900 667 exsuﬂlant,
2931 609 2986 658 et
3031 603 3131 661 sibi
3175 604 3372 664 audent
3400 624 3668 682 arrogare

2061 685 2204 756 quod
2244 686 2337 742 Dei
2375 697 2492 755 est;
2520 703 2550 744 a
2593 704 2652 747 se
2678 690 2957 750 damnatos
2997 694 3050 750 in
3095 695 3387 756 honoribus
3432 700 3670 774 integris

2060 791 2160 848 pro
2205 777 2393 834 Donati
2437 794 2568 852 pace
2610 782 2891 854 recipiunt,
2923 794 2980 842 et
3005 801 3037 842 a
3079 803 3138 844 se
3166 789 3434 848 inauditos
3461 805 3664 850 contra

2058 882 2246 940 pacem
2276 869 2484 928 Domini
2509 872 2878 942 detestantur;
2920 875 3187 948 Baptisma
3231 881 3284 936 in
3332 882 3434 939 illis
3478 894 3665 941 terra-

2055 979 2173 1021 rum
2203 965 2439 1036 partibus
2467 982 2563 1038 per
2609 969 2898 1040 Apostolos
2944 971 3194 1029 traditum
3245 975 3471 1046 periisse
3517 993 3664 1036 con-

2056 1057 2300 1125 tendunt,
2332 1067 2387 1114 et
2426 1075 2521 1130 per
2557 1059 2883 1118 Felicianum
2915 1063 3054 1134 apud
3094 1065 3508 1126 Maximianistas
3541 1080 3662 1127 tra-

2053 1146 2221 1204 ditttm
2262 1163 2368 1205 non
2417 1150 2641 1221 periisse
2674 1154 3047 1211 concedunt'?
3087 1155 3336 1215 Jamvero
3373 1163 3658 1231 quomodo

2052 1237 2313 1295 Catholici
2366 1255 2471 1296 non
2510 1241 2806 1300 clariﬁcant
2839 1245 3048 1316 Deum,
3079 1248 3168 1319 qui
3219 1251 3475 1321 promissa
3523 1253 3650 1325 ejus

2051 1330 2211 1387 nullis
2255 1332 2532 1390 hominum
2578 1335 2890 1405 sceleribus,
2938 1341 3226 1413 quominus
3267 1343 3644 1415 implerentur.

2049 1421 2294 1493 impediri
2345 1439 2502 1496 posse
2547 1428 2857 1498 conﬁdunt;
2898 1431 2987 1504 qui
3033 1445 3365 1493 sacramenta
3401 1437 3521 1509 ejus
3568 1441 3644 1498 ita

2047 1513 2225 1569 debita
2265 1518 2610 1576 veneratione
2649 1533 3062 1594 prosequuntur,
3104 1535 3162 1582 ut
3197 1541 3261 1584 ea
3291 1529 3336 1585 si
3365 1529 3527 1587 etiam
3572 1533 3643 1589 al.

2046 1603 2277 1678 indignis
2299 1616 2518 1686 tractata
2548 1611 2780 1680 fuerint;
2829 1614 2937 1672 illis
2979 1631 3075 1673 sua
3114 1621 3463 1690 perversitate
3483 1624 3643 1680 dam.

2045 1697 2218 1765 natis,
2280 1700 2366 1756 illa
2433 1702 2746 1763 intemerata
2807 1708 3091 1767 sanctitate
3155 1726 3472 1784 permanere
3535 1715 3641 1775 de-

2043 1800 2345 1850 monstrent
2363 1795 2387 1848 ?

2113 1883 2340 1943 CAPUT
2367 1885 2563 1944 XX.—
2580 1889 2670 1948 39.
2697 1908 2716 1944 ι
2750 1890 2965 1961 lterum,
2992 1913 3012 1949 ι
3037 1896 3311 1969 inquiunt,
3329 1919 3349 1952 ι
3373 1901 3636 1975 scriptum

2041 1985 2124 2032 est
2149 1994 2163 2032 :
2195 1975 2371 2034 Nolite
2397 1982 2768 2039 communicare
2793 1987 3029 2056 operibus
3054 1987 3383 2060 infructuosis
3412 1995 3637 2050 tenebris.

2040 2085 2157 2124 rum
2174 2111 2190 2136 ,
2220 2076 2382 2144 magis
2405 2083 2574 2130 autem
2598 2077 2904 2150 redarguite.
2940 2079 3067 2146 Qua:
3091 2083 3225 2137 enim
3251 2085 3384 2154 ﬁunt
3409 2088 3471 2140 ab
3495 2088 3628 2159 ipsis

2039 2161 2276 2230 latenter,
2310 2174 2458 2236 turpe
2484 2175 2559 2222 est
2587 2175 2633 2222 et
2662 2168 2830 2224 dicere
2864 2188 2883 2223 ι
2917 2169 3133 2241 (Ep/tes.
3162 2188 3218 2242 ν,
3245 2175 3303 2230 Η
3328 2217 3344 2245 ,
3370 2176 3479 2249 12).
3501 2176 3628 2236 Jam

2037 2253 2152 2325 ipsa
2173 2257 2338 2314 verba
2364 2259 2813 2332 quemadmodum
2841 2263 3186 2336 intelligenda
3221 2267 3328 2324 sint
3353 2268 3617 2339 diximus,

2036 2349 2160 2420 quia
2206 2365 2311 2407 non
2357 2355 2758 2412 communicare
2801 2366 2885 2413 est
2925 2373 3032 2415 non
3075 2363 3379 2419 consentire
3421 2381 3436 2419 :
3475 2365 3622 2436 quod

2035 2450 2254 2512 propter
2282 2443 2540 2501 Ecclesiae
2565 2444 2903 2518 disciplinam
2945 2465 3132 2521 parum
3172 2462 3288 2521 est,
3319 2454 3420 2511 nisi
3459 2455 3624 2512 etiam

2034 2533 2442 2606 redarguantur,
2468 2545 2526 2593 ut
2544 2539 2743 2611 corrigi
2773 2541 2998 2611 possint.
3031 2541 3139 2600 Sed
3173 2544 3288 2602 haec
3313 2547 3460 2603 salva
3489 2564 3625 2620 pace

2040 2623 2282 2683 facienda
2323 2637 2481 2698 sunt,
2508 2639 2565 2686 et
2590 2641 2844 2703 quantum
2871 2634 3107 2693 admittit
3133 2637 3367 2695 ofﬁcium
3397 2656 3623 2699 conser-

2032 2719 2220 2776 vandae
2242 2721 2482 2791 unitatis,
2511 2738 2581 2780 ne
2610 2725 2770 2780 simul
2795 2726 3101 2786 eradicetur
3124 2741 3179 2787 et
3201 2733 3455 2791 triticum.

2102 2812 2332 2871 CAPUT
2370 2813 2513 2870 XXI.
2534 2846 2609 2857 —
2630 2817 2718 2874 40.
2749 2836 2768 2871 ι
2806 2819 2999 2876 lterum
3021 2821 3086 2878 ad
3107 2822 3446 2883 Timotheum
3473 2826 3619 2887 idem

2029 2905 2324 2976 apostolus,
2350 2906 2457 2976 Ne,
2483 2909 2671 2981 inquit,
2692 2914 3140 2972 communicaueris
3169 2920 3388 2989 peccatis
3411 2921 3620 2990 alienis;

2029 3005 2076 3052 te
2103 2999 2271 3068 ipsum
2294 3009 2486 3056 castum
2513 3003 2712 3058 custodi
2744 3021 2764 3055 ι
2799 3003 2854 3078 (Ι
2889 3004 3020 3060 Tim.
3046 3022 3100 3075 v,
3141 3007 3272 3080 22).
3321 3009 3512 3067 Docuit
3546 3027 3618 3069 ex

2027 3092 2394 3162 consequenti,
2424 3093 2871 3164 quemadmodum
2891 3097 3034 3168 quod
3055 3098 3202 3169 prius
3225 3099 3380 3166 dixit,
3411 3103 3618 3160 intelli-

2025 3180 2257 3252 gendum
2284 3182 2372 3237 sit.
2401 3183 2499 3252 Qui
2526 3184 2669 3240 enim
2707 3199 2767 3241 se
2805 3186 2978 3257 ipsum
3013 3197 3218 3246 castum
3245 3202 3463 3260 servat,
3503 3210 3616 3254 non

2025 3274 2386 3330 communicat
2413 3276 2648 3345 peccatis
2672 3276 2884 3335 alienis.
2927 3280 2985 3335 Si
3027 3281 3170 3338 enim
3211 3286 3615 3357 communicat,

2024 3365 2326 3421 consentit:
2349 3365 2395 3420 si
2416 3369 2703 3437 consentit,
2729 3372 3091 3442 corrumpitur
3111 3391 3126 3430 :
3152 3373 3198 3429 si
3225 3378 3610 3450 corrumpitur,

2024 3465 2228 3512 castum
2273 3470 2334 3514 se
2377 3471 2484 3513 non
2530 3469 2726 3516 servat.
2760 3459 2865 3516 Sed
2909 3477 3041 3520 sane
3080 3465 3294 3522 tandem
3323 3467 3614 3538 aliquando

2024 3548 2299 3620 evigilavit
2339 3548 2751 3618 Parmenianus,
2776 3561 2832 3609 et
2869 3555 3098 3610 attendit
3134 3557 3261 3627 quid
3285 3557 3490 3617 diceret
3514 3561 3612 3619 Ti-

2022 3636 2269 3707 cbonius,
2299 3639 2394 3695 sed
2424 3639 2616 3696 frustra
2644 3644 2860 3698 :statim
2891 3645 3088 3717 quippe
3113 3662 3300 3707 amore
3327 3654 3612 3711 sententiae

2021 3744 2132 3786 sua:
2152 3741 2337 3788 contra
2360 3735 2636 3790 veritatem
2657 3737 2843 3793 oculos
2863 3738 3071 3796 clausit.
3089 3741 3180 3797 Ait
3194 3742 3338 3800 enim
3364 3762 3380 3801 :
3408 3766 3426 3798 ι
3451 3745 3612 3804 Num-

2018 3823 2168 3893 quid,
2193 3822 2355 3880 frater
2371 3825 2706 3895 charissime,
2730 3842 2835 3884 non
2857 3830 3100 3900 polluant
3120 3833 3255 3890 alios
3277 3835 3452 3892 aliena
3483 3853 3612 3908 pec-

2018 3925 2160 3982 cata,
2194 3926 2250 3973 et
2276 3916 2380 3975 hoc
2408 3928 2491 3974 est
2518 3919 2834 3978 facinorosis
2860 3939 2966 3980 non
3003 3928 3438 3999 communicare,
3477 3931 3609 3990 licet

2017 4021 2138 4063 cum
2185 4007 2313 4081 ipsis
2350 4011 2671 4078 convenias,
2695 4027 2882 4069 eorum
2929 4015 3065 4071 facta
3104 4033 3210 4074 non
3251 4018 3464 4077 facere?
3490 4041 3510 4076 ι
3536 4022 3609 4081 Et

2019 4107 2195 4155 tamen
2222 4115 2329 4156 non
2359 4109 2526 4157 totum
2556 4101 2708 4158 dixit.
2743 4104 2934 4160 Parum
2961 4115 3046 4163 est
3075 4108 3217 4164 enim
3246 4125 3432 4168 eorum
3462 4113 3604 4172 facta

2017 4207 2124 4248 non
2147 4193 2343 4261 facere,
2369 4195 2470 4251 nisi
2493 4195 2809 4268 displiceant
2835 4216 2848 4252 :
2872 4213 3058 4270 parum
3075 4212 3158 4258 est
3177 4213 3236 4258 ut
3255 4203 3598 4277 displiceant,

2017 4286 2121 4342 nisi
2165 4286 2573 4358 redarguantur.
2611 4290 2769 4346 Aliud
2797 4292 2941 4348 enim
2967 4303 3050 4349 est
3087 4312 3193 4352 non
3226 4297 3429 4365 facere,
3457 4300 3602 4358 aliud

2015 4394 2124 4436 non
2151 4380 2571 4450 communicare,
2596 4381 2648 4438 id
2674 4391 2777 4452 est,
2801 4400 2906 4441 non
2931 4389 3237 4445 consentire
3259 4390 3601 4464 facientibus,
3628 4380 3638 4398 ’
3671 4396 3694 4403 ”

2013 4472 2157 4529 aliud
2183 4474 2342 4530 etiam
2373 4474 2713 4547 redarguere.
2736 4475 2844 4534 Cur
2861 4494 2989 4550 ergo
3011 4481 3101 4536 ubi
3130 4481 3312 4540 videre
3337 4497 3600 4557 coeperat,

2013 4566 2193 4622 statim
2221 4583 2280 4624 se
2307 4569 2520 4634 avertit,
2548 4578 2604 4626 et
2632 4585 2801 4642 usque
2823 4571 2876 4626 iu
2906 4571 3066 4630 linem
3088 4574 3258 4631 noluit
3289 4581 3599 4651 pervenire,

2013 4666 2070 4713 et
2088 4658 2174 4713 vix
2198 4659 2449 4716 trientem
2468 4659 2538 4717 de
2563 4670 2675 4717 toto
2697 4663 2911 4734 posuit?
2935 4665 3017 4720 An
3049 4667 3189 4723 sicut
3211 4668 3279 4724 de
3304 4672 3499 4742 populo
3519 4674 3604 4730 fe-

2012 4757 2224 4818 cerunt,
2247 4760 2302 4807 et
2325 4754 2645 4810 sententiam
2670 4755 2912 4814 veritatis
2936 4759 3334 4829 praecidendam
3360 4767 3603 4836 putavit?

2010 4840 2120 4898 Nos
2147 4841 2392 4924 dicimus,
2422 4845 2564 4916 quod
2590 4847 2680 4918 qui
2707 4864 2811 4905 non
2838 4849 2965 4907 facit
2991 4853 3221 4923 malum,
3254 4871 3354 4912 nec
3381 4856 3596 4916 facienti

2010 4937 2307 5003 consentit,
2337 4945 2395 4993 et
2421 4937 2706 4996 facientem
2751 4942 2961 5012 arguit,
2989 4943 3178 5002 ﬁrmus
3201 4956 3362 5019 atque
3389 4949 3602 5022 integer

2009 5027 2152 5083 inter
2192 5027 2404 5098 iniquos
2445 5037 2694 5100 tanquam
2735 5030 3061 5089 frumentum
3088 5036 3229 5092 inter
3254 5039 3434 5108 paleas
3459 5056 3599 5097 con-

2009 5127 2272 5175 versatur.
2313 5118 2408 5175 llle
2442 5128 2622 5176 autem
2649 5123 3018 5180 tantummodo
3047 5127 3150 5196 ait,
3186 5146 3205 5180 ι
3233 5144 3419 5186 eorum
3455 5130 3598 5191 facta

2010 5227 2116 5268 non
2140 5210 2338 5269 facere.
2369 5231 2388 5264 ι
2422 5212 2490 5268 Et
2519 5213 2729 5270 tertiam
2758 5224 2933 5272 tamen
2955 5217 3023 5274 de
3047 5227 3158 5275 tota
3187 5223 3450 5279 sententia
3479 5240 3598 5296 par-

2010 5305 2224 5363 ticulam
2253 5304 2704 5378 quemadmodum
2733 5306 2943 5365 refellat
2967 5309 3265 5369 videamus.

2081 5401 2170 5457 41.
2218 5419 2236 5453 ι
2270 5399 2423 5470 Quod
2456 5408 2640 5456 contra
2681 5401 2854 5472 legem
2891 5417 3011 5459 esse
3039 5403 3311 5474 divinam,
3341 5425 3361 5460 ι
3388 5407 3600 5480 inquit,

2016 5511 2035 5546 ι
2074 5492 2249 5548 nullus
2275 5491 2364 5564 qui
2395 5492 2567 5563 legem
2595 5501 2910 5559 veneratur,
2953 5493 3182 5567 ignorat.
3216 5516 3235 5549 ι
3267 5496 3456 5554 Adhuc
3497 5501 3602 5556 ista

2008 5587 2171 5645 verba
2199 5584 2554 5643 communiter
2576 5583 2680 5642 dici
2721 5595 2962 5656 possunt.
3006 5587 3188 5645 Potest
3210 5589 3353 5647 enim
3383 5600 3438 5648 ct
3460 5591 3608 5651 alius

2076 5766 2096 5801 ι
2118 5764 2254 5830 Bditi,
2275 5763 2578 5817 contendunt.
2605 5762 2772 5818 Melius
2794 5772 2920 5830 mss,
2943 5767 3228 5820 concedunt.

3513 6121 3531 6124 _

3273 6115 3386 6124 Ai—
