3764 6178
135 279 185 338 8l
1438 271 1640 330 LIBER
1675 271 1718 328 Τ

1891 271 2002 330 US.
3336 284 3411 344 ες

137 401 290 457 dicere
306 435 322 460 ,
350 391 513 463 Quod
543 391 842 451 secundum
871 391 1039 464 legem
1064 403 1185 448 esse
1208 388 1443 447 divinam
1468 430 1484 458 ,
1531 386 1711 443 nullus

135 485 208 558 qui
231 487 397 562 legem
423 497 742 554 veneratur,
772 485 994 558 ignorat.
1041 483 1148 542 Sed
1178 498 1313 555 opus
1349 491 1432 539 est
1456 480 1707 553 probare,

132 597 222 639 non
243 581 442 637 dicere.
472 580 833 637 Attendamus
859 593 988 650 ergo
1013 575 1466 649 quemadmodum
1496 574 1707 646 probet.

138 697 153 730 ι
180 673 302 744 Quid
327 674 477 729 enim
511 673 765 744 prodest,
795 690 814 725 ι
846 672 1049 744 inquit,
1085 690 1104 726 ι
1141 671 1501 727 innocentiam
1528 675 1711 724 custo«

132 769 286 832 disse,
320 766 367 822 si
393 782 524 822 cum
555 767 666 823 reis
691 766 888 822 mixtus
912 775 996 822 est
1023 773 1080 822 et
1107 762 1396 821 obnoxiis?
1429 782 1449 816 ι
1485 761 1628 818 Sane
1665 761 1712 817 si

132 865 190 918 ita
212 871 306 926 est,
334 860 708 918 innocentiam
736 859 1033 916 custodisse
1061 875 1167 916 non
1193 857 1474 931 prodest‘,
1505 857 1598 913 sed
1626 857 1710 912 in-

131 954 352 1011 nocentia
389 953 663 1010 custodita
703 969 810 1010 non
848 962 950 1010 est.
996 953 1190 1008 Mixtus
1215 952 1356 1008 enim
1394 951 1499 1008 reis
1526 960 1581 1006 et
1609 950 1711 1006 ob-

132 1048 301 1116 noxiis,
327 1047 430 1102 nisi
458 1062 557 1118 per
576 1046 916 1103 conscientia:
933 1044 1253 1101 maculatam
1273 1041 1706 1109 consensionem,

132 1140 285 1196 nullus
319 1147 474 1196 recte
517 1138 620 1194 dici
653 1146 850 1208 potest.
896 1136 997 1206 Qui
1028 1151 1156 1192 vero
1186 1132 1384 1204 implet'
1403 1132 1546 1205 quod
1573 1133 1710 1189 scri-

133 1241 259 1303 ptum
288 1239 402 1298 est,
437 1229 596 1286 Justo
622 1229 751 1285 nihil
777 1229 942 1301 placet
970 1229 1199 1299 iniquum
1246 1225 1427 1296 (Prov.
1463 1241 1539 1280 xu
1560 1267 1574 1290 ,
1602 1221 1666 1279 21
1693 1265 1709 1290 ,

132 1341 213 1379 sec.
229 1321 412 1393 LXX);
437 1321 666 1380 ubilibet
681 1336 804 1376 eum
826 1319 1029 1376 versari
1051 1317 1302 1390 quaelibet
1321 1317 1610 1373 necessitas
1628 1330 1714 1370 co-

131 1425 222 1487 gat,
240 1413 450 1470 misceri
472 1413 846 1486 iniquitatibus
866 1428 975 1467 non
997 1419 1193 1483 potest.
1219 1429 1238 1464 ‹
1263 1409 1362 1466 Vel
1380 1407 1669 1481 quomodo,
1687 1426 1706 1460 ι

132 1507 298 1578 inquit,
321 1524 340 1559 ι
372 1505 722 1576 incorruptus
761 1504 964 1575 poteris
993 1516 1310 1574 permanere
1334 1542 1350 1568 ,
1374 1501 1419 1556 si
1447 1499 1714 1570 corruptis

134 1595 364 1654 sociaris?
385 1615 404 1649 ι
427 1595 507 1651 lta
533 1597 711 1666 plane,
729 1594 775 1650 si
799 1593 1055 1661 sociatur,
1075 1592 1128 1648 id
1158 1600 1263 1660 est,
1292 1592 1336 1646 si
1364 1590 1490 1646 mali
1515 1589 1714 1661 aliquid

134 1706 234 1747 cum
261 1689 338 1746 eis
362 1688 694 1755 committit,
725 1695 818 1742 aut
840 1684 1299 1742 committentibus
1327 1683 1468 1738 favet
1499 1701 1510 1737 :
1540 1682 1586 1737 si
1614 1697 1714 1736 au-

135 1792 222 1837 tem
249 1789 499 1838 neutrum
533 1779 681 1847 facit,
712 1777 1025 1834 nullomodo
1054 1777 1309 1833 sociatur.
1343 1776 1512 1831 Porro
1539 1775 1584 1830 si
1614 1773 1713 1829 ad-

134 1874 208 1930 dat
229 1875 437 1930 tertium
461 1915 477 1941 ,
527 1885 586 1928 ut
611 1887 720 1927 non
746 1872 816 1928 sit
839 1871 893 1927 in
921 1869 1242 1926 vindicando
1281 1867 1450 1941 piger,
1492 1867 1588 1924 sed
1631 1867 1714 1923 vel

135 1964 361 2036 corripiat
386 1964 571 2035 justus
597 1963 650 2018 in
677 1961 1048 2018 misericordia
1073 1969 1129 2018 et
1157 1968 1380 2032 arguat,
1413 1959 1497 2015 vel
1525 1959 1710 2026 etiam,

136 2057 172 2112 si
201 2039 309 2112 eam
350 2069 646 2128 personam
675 2054 848 2126 gerit,
877 2062 933 2110 et
976 2052 1114 2108 ratio
1141 2050 1523 2108 conservandae
1568 2050 1716 2121 pacis

137 2150 359 2218 admittit,
394 2165 589 2206 coram
619 2149 872 2206 omnibus
900 2155 1186 2220 peccantes
1213 2155 1421 2220 arguat,
1449 2155 1508 2202 ut
1535 2145 1715 2203 caeteri

140 2246 360 2311 timeant;
384 2251 672 2301 removeat
689 2241 853 2299 etiam
876 2243 959 2299 vel
988 2241 1057 2297 ab
1080 2241 1258 2312 aliquo
1283 2239 1449 2312 gradu
1473 2239 1712 2307 honoris,

141 2338 211 2395 vel
245 2337 308 2393 ab
354 2338 472 2409 ipsa
518 2336 903 2392 communione
945 2333 1457 2397 Sacramentorum,
1503 2341 1558 2388 et
1599 2331 1718 2389 haec

139 2430 292 2485 omnia
322 2445 444 2485 cum
476 2427 773 2485 dilectione
799 2425 1124 2498 corrigendi,
1155 2441 1261 2481 non
1282 2440 1406 2481 cum
1433 2423 1558 2480 odio
1589 2439 1716 2495 per-

140 2521 363 2594 sequendi
383 2521 467 2593 (a)
489 2538 505 2587 ;
525 2519 892 2592 plenissimum
907 2515 1161 2584 officium,
1180 2531 1283 2572 non
1301 2515 1472 2572 solum
1485 2514 1720 2570 castissi-

143 2629 227 2667 ma:
249 2612 594 2679 innocentia,
617 2609 715 2668 sed
737 2610 900 2667 etiam
929 2605 1350 2680 diligentissima:
1375 2607 1677 2663 severitatis
1697 2609 1718 2639 ⁸

144 2704 374 2774 implevit.
424 2703 534 2762 Ubi
573 2712 753 2759 autem
793 2710 987 2759 caetera
1031 2699 1430 2771 impediuntur,
1482 2699 1570 2754 illa
1613 2699 1721 2754 duo

147 2779 331 2868 semper
370 2804 587 2853 retenta
613 2794 982 2865 incorruptum
1011 2800 1328 2864 castumque
1366 2789 1716 2859 custodiunt,

145 2897 191 2944 ut
213 2903 300 2945 nec
326 2889 487 2945 faciat
521 2887 745 2952 malum,
773 2900 876 2943 nec
903 2884 1166 2958 approbet
1188 2883 1412 2941 factum.

203 2979 410 3039 CAPUT
447 2978 626 3036 XXII.
648 3008 720 3020 —-
750 2978 841 3034 42.
865 2977 973 3035 Sed
1022 2987 1199 3032 tamen
1250 2977 1529 3033 videamus
1575 2974 1720 3032 unde

147 3071 229 3128 iste
249 3071 432 3129 doceat
456 3070 611 3143 quod
634 3069 869 3126 affirmat
898 3087 912 3125 :
947 3087 967 3122 ι
993 3067 1131 3124 Cum
1160 3065 1416 3139 scriptum
1449 3067 1548 3135 sit,
1583 3085 1602 3120 ι
1634 3067 1719 3122 in-

148 3164 269 3232 quit,
295 3181 314 3216 t
345 3163 615 3218 Modicum
640 3161 945 3232 fermentum
971 3168 1128 3214 totam
1147 3175 1366 3215 massam
1391 3159 1670 3230 corrumpit
1693 3177 1714 3212 ι

150 3252 324 3323 (lCor.
351 3271 401 3321 v,
438 3253 528 3326 6).
562 3252 707 3308 Dixit
749 3245 854 3308 hoc
893 3251 1312 3315 Parmenianus,
1353 3261 1513 3323 atque
1552 3253 1717 3308 abiit:

149 3360 231 3402 nec
254 3347 298 3402 ei
323 3362 464 3404 nunc
495 3344 710 3401 ostendi
738 3353 936 3416 potest,
966 3343 1020 3400 in
1057 3355 1205 3415 parte
1237 3344 1459 3409 Donati,
1483 3359 1592 3400 non
1633 3359 1721 3399 so-

150 3435 248 3492 lum
278 3438 549 3494 modicum
599 3437 882 3506 fermenti,
912 3435 1008 3492 sed
1040 3435 1266 3491 multum
1296 3436 1487 3491 veneni
1518 3451 1580 3489 ex
1612 3435 1719 3492 illis

152 3530 245 3584 ovis
268 3521 508 3602 aspidum
538 3530 741 3600 ruptis,
780 3539 836 3584 et
879 3528 1182 3600 praevalidis
1221 3527 1331 3598 jam
1379 3527 1721 3597 serpentibus

152 3637 229 3692 pro
254 3623 520 3681 Primiano
542 3621 842 3689 damnatis,
867 3632 921 3679 et
947 3623 1014 3679 ad
1039 3623 1370 3678 Primianum
1404 3624 1595 3678 iterum
1625 3639 1686 3678 re
1705 3654 1719 3666 -

154 3717 321 3772 vocatis
339 3717 379 3771 ³.
405 3717 520 3776 Sed
539 3717 773 3773 'correcti
797 3725 940 3781 sunt,
960 3716 1149 3787 inquit.
1178 3717 1286 3771 Deo
1308 3717 1526 3787 gratias.
1549 3716 1604 3773 Si
1630 3733 1721 3773 ve—

157 3821 250 3862 mm
277 3818 383 3876 est,
411 3805 526 3866 non
558 3807 791 3874 invideo,
821 3817 983 3880 atque
1015 3809 1214 3863 utinam
1249 3808 1299 3863 id
1341 3809 1577 3880 perfecte
1608 3809 1717 3864 fiat.

155 3893 200 3952 Si
223 3899 352 3956 enim
383 3899 421 3957 'a
462 3900 878 3957 Maximianistis
908 3899 1086 3956 redire
1127 3899 1194 3954 ad
1247 3909 1450 3971 partem
1492 3901 1718 3970 Donati,

207 4055 389 4119 ιινριιιθ,
411 4069 508 4108 non
522 4053 846 4119 trememtem:
862 4054 1126 4119 custodisse
1141 4067 1234 4119 non
1256 4056 1468 4119 prodest.

158 4116 399 4229 “gemes
432 4126 563 4182 Mss,
605 4118 834 4171 severitas
862 4117 1109 4182 :supple,
1133 4116 1416 4170 irmocentiar
1453 4117 1722 4184 diligentis-

355 4249 428 4294 Er.
462 4249 516 4295 et
535 4243 726 4307 aliquot
745 4248 872 4306 usa,
894 4247 943 4294 et
965 4242 1032 4294 ad
1054 4239 1355 4295 manium
1374 4241 1570 4296 tertium
1589 4257 1721 4296 revo-

209 4341 272 4426 ῖιῖᾖ
299 4366 486 4431 Supple,
500 4365 679 4432 faciat.

165 4481 299 4499 ﬁ

1818 390 2106 448 nonnullus
2149 393 2498 452 correctionis
2545 403 2628 452 est
2676 395 2873 467 gradus
2900 397 2953 464 ¹;
2982 405 3182 470 quanto
3219 400 3401 458 verior

1818 478 2210 554 perfectiorque
2245 487 2508 542 correctio
2532 496 2634 555 est,
2664 487 2732 544 ab
2762 487 2873 558 ipsa
2915 498 3064 560 parte
3105 490 3294 547 Donati
3334 492 3404 548 ad

1819 572 2076 629 unitatem
2107 575 2420 632 catholicam
2447 579 2722 634 remeare?
2748 579 2815 634 Et
2852 579 3143 638 Tichonius
3181 581 3398 654 quidem

1819 665 1984 719 multa
2005 664 2158 734 dixit,
2186 681 2306 738 qua:
2329 667 2434 725 illis
2462 669 2811 739 temporibus,
2830 680 2885 728 et
2904 673 3042 728 sicut
3068 673 3290 730 interior
3311 688 3410 730 no-

1818 767 1988 824 verat,
2018 775 2176 830 quam
2205 775 2312 816 non
2343 761 2573 828 modico,
2599 763 2691 818 sed
2721 764 2885 819 multo
2910 763 3209 836 fermento,
3241 775 3410 822 totam

1819 867 1970 908 suam
1999 869 2230 910 massam
2252 855 2456 912 nollent
2481 855 2634 912 fateri
2659 867 2984 929 corruptam,
3012 859 3102 930 qui
3132 868 3304 916 totum
3329 877 3410 916 or-

1818 943 1941 1000 bem
1989 953 2250 1003 terrarum
2293 949 2527 1019 peccatis
2569 949 2816 1005 Afrorum
2863 950 3237 1008 fermentatum
3285 967 3409 1010 esse

1819 1037 2254 1096 criminarentur.
2287 1039 2394 1096 Sed
2418 1054 2518 1112 ego
2544 1042 2675 1098 istos
2704 1043 2896 1108 miror,
2924 1045 2968 1100 si
2989 1044 3162 1100 adhuc
3183 1045 3262 1101 eis
3288 1047 3407 1118 pla-

1820 1139 1906 1187 cet
1931 1131 2045 1187 haec
2065 1132 2356 1204 apostolica
2378 1135 2538 1190 verba
2559 1137 2579 1167 ¹
2603 1134 2680 1190 sic
2703 1134 3021 1207 intelligere,
3047 1137 3118 1192 ita
3139 1152 3231 1194 eos
3251 1137 3409 1209 Opta-

1821 1231 1933 1279 tum
1965 1223 2344 1281 Gildonianum
2367 1225 2507 1282 velle
2541 1225 2867 1293 defendere,
2899 1237 2957 1283 ut
2995 1244 3097 1284 nec
3136 1228 3406 1285 modicum

1821 1313 2069 1373 fermenti
2091 1333 2211 1373 eum
2235 1317 2397 1374 fuisse
2416 1319 2776 1374 concedant‘.
2801 1315 2953 1387 QuOd
2978 1321 3024 1376 si
3049 1321 3131 1377 vel
3158 1321 3258 1378 hoc
3281 1337 3410 1377 con-

1822 1409 2038 1475 cedunt,
2066 1425 2225 1481 quam
2253 1424 2498 1480 magnam
2531 1418 2716 1480 putant
2741 1426 2862 1468 esse
2891 1427 3122 1468 massam
3154 1427 3326 1482 suam,
3353 1424 3413 1469 ut

1823 1515 1931 1556 non
1969 1502 2203 1572 potuerit
2241 1510 2349 1558 tota
2371 1502 2789 1573 corrumpi?aut
2826 1505 2870 1560 si
2913 1505 2965 1560 in
3007 1504 3088 1561 eis
3126 1505 3257 1562 solis
3300 1514 3411 1562 tota

1822 1603 2071 1663 corrupta
2096 1602 2178 1650 est
2198 1635 2214 1660 ,
2246 1594 2439 1665 quibus
2480 1595 2652 1665 placet
2679 1594 2932 1666 Optatus;
2966 1598 3172 1668 experti
3201 1598 3413 1654 discant

1823 1684 2122 1756 intelligere
2146 1685 2288 1756 quod
2309 1685 2513 1757 legunt,
2541 1687 2662 1756 quia
2689 1687 2828 1742 inest
2855 1696 2963 1744 tota
2991 1703 3163 1744 massa
3185 1689 3250 1744 ad
3273 1705 3410 1761 quos

1823 1778 2051 1846 pertinet
2074 1776 2216 1848 quod
2235 1777 2430 1834 dicitur
2452 1787 2640 1846 totum,
2660 1780 2772 1836 sive
2799 1781 3018 1848 bonum,
3042 1782 3156 1837 sive
3177 1785 3408 1838 malum:

1822 1869 1889 1924 ad
1911 1884 2006 1925 eos
2033 1870 2266 1940 pertinet
2288 1871 2377 1942 qui
2404 1873 2774 1938 consentiunt;
2794 1873 2862 1929 ad
2882 1889 2975 1930 eos
2996 1885 3172 1932 autem
3194 1877 3282 1948 qui
3306 1892 3413 1932 non

1823 1963 2186 2030 consentiunt,
2215 1964 2435 2019 omnino
2461 1980 2566 2019 non
2601 1966 2835 2035 pertinet
2867 1985 2879 2021 :
2907 1977 2960 2022 et
2988 1966 3109 2022 ideo
3129 1967 3414 2039 disciplina

1822 2055 2180 2112 ecclesiastica
2202 2054 2224 2086 "
2251 2056 2626 2128 corrigendum
2655 2066 2757 2124 est,
2780 2073 2848 2112 ne
2875 2057 2942 2113 ad
2971 2059 3165 2114 multos
3192 2075 3414 2131 persua-

1823 2148 2001 2204 dendo
2025 2147 2329 2218 perveniat;
2360 2148 2502 2220 quod
2529 2148 2615 2204 ubi
2643 2148 2757 2206 fieri
2789 2151 3049 2221 permittit
3075 2152 3212 2207 ratio
3236 2154 3409 2223 pacis,

1821 2248 1876 2296 et
1905 2255 2014 2296 non
2041 2239 2118 2308 fit,
2149 2239 2263 2311 ipsa
2292 2239 2614 2312 negligentia
2641 2240 2851 2312 culpam
2881 2242 3072 2308 trahit,
3099 2252 3153 2298 et
3180 2243 3233 2298 in
3263 2244 3412 2314 peri-

1822 2333 1946 2390 culo
1969 2332 2337 2389 consentiendi
2364 2340 2449 2387 est
2474 2347 2568 2404 per
2599 2331 2856 2388 desidiam
2885 2334 3207 2404 corrigendi.

1893 2424 2119 2482 CAPUT
2156 2423 2346 2480 XXIII.
2371 2454 2442 2465 —
2463 2425 2550 2480 45.
2577 2425 2656 2480 Ex
2677 2441 2779 2496 qua
2810 2427 2993 2496 regula
3022 2436 3076 2480 et
3108 2426 3239 2482 illud
3262 2428 3416 2484 intel-

1824 2514 2094 2588 ligendum
2138 2515 2296 2582 est',
2323 2515 2462 2586 quod
2508 2525 2902 2586 consequenter
2943 2518 3184 2587 opponit,
3231 2518 3417 2575 dicens

1825 2623 1946 2664 esse
1971 2608 2227 2678 scriptum
2254 2626 2266 2661 :
2298 2605 2382 2662 Sit
2405 2607 2542 2661 vobis
2570 2607 2849 2678 legitimum
2872 2617 3119 2662 aeternum
3149 2610 3201 2664 in
3231 2627 3417 2683 proge-

1826 2702 1932 2756 nies
1957 2711 2162 2764 vestras,
2192 2699 2412 2753 dividere
2438 2699 2490 2753 in
2519 2699 2686 2752 medio
2716 2709 3008 2754 sanctorum
3034 2709 3080 2755 et
3105 2700 3418 2772 irreligioso-

1825 2812 1958 2861 rum,
1991 2805 2039 2850 et
2067 2796 2120 2848 in
2144 2794 2308 2849 medio
2334 2793 2642 2848 mundorum
2666 2803 2715 2848 et
2741 2795 3113 2849 immundorum
3144 2795 3326 2869 (Levit.
3357 2814 3416 2865 χ,

1825 2886 1881 2956 9,
1905 2887 2018 2958 10).
2041 2887 2212 2942 Tanto
2253 2886 2397 2942 enim
2437 2885 2664 2958 quisque
2693 2887 2885 2943 melius
2909 2887 3010 2944 hoc
3037 2887 3191 2956 facit,
3217 2899 3420 2961 quanto

1825 2983 1994 3052 magis
2021 2980 2073 3035 in
2104 2979 2342 3035 Ecclesia
2374 2979 2604 3050 proficit.
2637 2978 2766 3037 Cum
2795 2980 2936 3036 enim
2967 2982 3199 3038 crevisset
3226 2983 3378 3038 herba
3397 3022 3418 3052 ,

1826 3081 1875 3127 et
1899 3073 2118 3142 fructum
2143 3072 2362 3143 fecisset,
2389 3081 2507 3126 tunc
2527 3080 2876 3142 apparuerunt
2903 3072 3120 3126 zizania.
3143 3073 3214 3128 Et
3231 3089 3424 3144 quam.

1826 3165 1908 3219 vis
1933 3168 2071 3220 inter
2093 3174 2378 3234 utrumque
2397 3163 2508 3234 jam
2531 3163 2672 3218 servi
2695 3162 3092 3234 patrisfamilias
3113 3165 3422 3237 cognitione

1826 3258 2126 3315 dividerent
2153 3267 2308 3329 atque
2334 3255 2750 3327 distinguerent;
2777 3255 3032 3326 jubentur
3055 3265 3229 3313 tamen
3257 3272 3319 3313 ea
3341 3259 3423 3313 si-

1827 3364 1956 3404 nere
1999 3363 2244 3404 crescere
2262 3389 2278 3414 ,
2318 3355 2372 3401 et
2398 3346 2499 3401 hoc
2527 3362 2686 3417 usque
2711 3346 2780 3399 ad
2805 3363 3013 3402 messem
3044 3347 3255 3418 (Matth.
3285 3365 3420 3416 xm,

1826 3440 2045 3512 26-30).
2078 3439 2183 3494 Sed
2208 3439 2323 3493 haec
2352 3438 2609 3493 hactenus
2634 3456 2648 3492 :
2671 3453 2731 3493 ea
2759 3439 2902 3492 enim
2930 3455 3048 3508 quae
3071 3449 3293 3505 restant,
3324 3443 3422 3496 ali-

1827 3542 2025 3605 quanto
2049 3531 2352 3602 diligentius
2378 3529 2445 3586 ab
2472 3529 2575 3584 alio
2596 3529 2817 3585 exordio
2842 3530 3230 3585 consideranda
3252 3540 3418 3603 atque

1828 3626 2100 3683 tractanda
2134 3633 2278 3680 sunt.

1892 3811 1909 3841 ι
1932 3807 2068 3866 Editi,
2126 3811 2197 3856 est
2245 3804 2432 3855 modus.
2465 3801 2618 3853 nostri
2658 3806 2823 3866 autem
2871 3799 3093 3866 Gallicani
3135 3809 3241 3866 Mss.
3274 3803 3422 3852 simul

1825 3885 1938 3924 cum
1960 3863 2194 3920 Vaticanis
2216 3868 2427 3926 habent,
2452 3871 2520 3928 est
2556 3863 2757 3928 gradus.
2782 3871 2912 3914 Hanc
2944 3863 3208 3928 lectionem
3229 3865 3277 3913 in
3299 3877 3423 3928 mar-

1827 3935 1944 3999 gine
1983 3929 2370 3999 Amerbaebianaa
2403 3924 2639 3999 editionis
2673 3932 2968 3999 annotabam,
3011 3924 3290 3999 eligendam
3331 3927 3424 3999 du-

1827 3988 1972 4047 cebat
2008 3994 2244 4044 Henricus
2281 3992 2494 4052 Gravius,
2538 3990 2578 4039 si
2625 3988 2768 4040 modo
2807 3994 3027 4039 exstaret
3064 3988 3115 4037 in
3155 3991 3422 4039 manuscri-

1845 4061 1939 4110 itis.

1827 4073 2062 4179 wishes,
2079 4117 2184 4170 haec
2199 4114 2421 4182 Epistula:
2443 4113 2603 4182 verba.

1892 4184 1914 4217 ³
1935 4184 2006 4232 sic
2024 4177 2128 4233 Mss.
2153 4188 2209 4231 At
2232 4177 2366 4239 editi,
2391 4177 2693 4239 contendant.

1891 4245 1913 4277 ι
1935 4244 2074 4303 Editi,
2095 4248 2144 4293 et
2164 4242 2274 4292 ideo
2306 4234 2362 4290 in
2393 4236 2652 4302 disciplina
2694 4234 3035 4288 ecclesiastica.
3056 4234 3234 4297 Abest,
3272 4235 3324 4288 in
3339 4272 3352 4298 ,
3394 4249 3424 4290 a

1827 4307 2180 4367 manuscriptis.

1890 4371 1912 4403 ⁸
1935 4360 2377 4429 Fditi,'intuendum
2399 4368 2469 4414 est
2495 4374 2512 4412 :
2537 4360 2792 4411 mendose.

305 4482 3389 4508 Μ

1159 4567 1642 4677 LIBER
1728 4569 2046 4678 TER
2067 4566 2472 4676 TIUS.

927 4751 1127 4816 Reliqua
1147 4758 1412 4805 tractantur
1433 4753 1538 4807 loca
1559 4759 1814 4821 Scriptura:
1835 4770 1947 4822 quae
1963 4757 2302 4808 Parmenianus
2323 4753 2613 4818 objectabat.

1525 4911 2014 4944 Μοσσυνο-

218 5021 420 5084 CAPUT
457 5024 842 5086 PRIMUM.—
879 5027 935 5082 l.
960 5025 1096 5083 Cum
1138 5027 1315 5084 omnis
1357 5027 1443 5099 pia
1484 5029 1624 5084 ratio
1667 5038 1721 5085 et

169 5105 323 5174 modus
344 5121 724 5179 ecclesiasticae
757 5120 1052 5192 disciplinae
1099 5121 1358 5178 unitatem
1403 5122 1621 5194 spiritus
1662 5123 1715 5179 in

167 5204 344 5266 vinculo
371 5215 514 5284 pacis
533 5212 769 5269 maxime
792 5210 984 5269 debeat
1009 5212 1225 5276 intueri.
1248 5213 1391 5285 quod
1433 5215 1721 5285 Apostolus

171 5297 429 5360 sullerendo
455 5305 692 5362 invicem
719 5304 961 5376 prmcipit
985 5305 1256 5362 custodire
1287 5305 1505 5381 (Ep/tes.
1542 5323 1616 5378 tv,
1646 5309 1681 5364 ὅ
1701 5351 1716 5377 ,

170 5385 233 5455 ἳ).
254 5401 301 5447 et
323 5411 421 5467 quo
447 5413 555 5453 non
579 5396 846 5453 custodito
867 5396 1132 5454 medicina
1151 5398 1400 5456 vindicta:
1428 5401 1445 5434 ³
1468 5415 1576 5457 non
1602 5409 1721 5456 tan-

175 5486 262 5536 tum
279 5488 552 5558 superflua,
572 5487 672 5546 sed
691 5488 854 5545 etiam
876 5489 1196 5561 perniciosa,
1226 5499 1281 5547 et
1305 5501 1586 5564 propterea
1607 5495 1718 5565 jam

174 5583 253 5630 nec
275 5581 519 5638 medicina
547 5596 671 5640 esse
696 5581 1032 5639 convincitur
1054 5600 1068 5639 :
1093 5583 1167 5639 illi
1192 5583 1286 5641 filii
1311 5586 1454 5652 mali,
1487 5587 1578 5658 qui
1608 5602 1718 5645 non

179 5664 277 5722 odio
293 5671 607 5746 iniquitatum
635 5675 954 5746 alienarum,
985 5675 1080 5733 sed
1110 5677 1290 5736 studio
1316 5681 1718 5738 contentionum

216 5800 230 5834 ³
257 5803 319 5854 Sic
335 5812 431 5860 uss.
457 5818 510 5863 Αι
531 5812 670 5876 editi,
685 5811 942 5864 medicina
963 5809 1190 5864 vindicta.

1826 5046 2043 5088 suarum
2065 5031 2304 5089 infirmas
2325 5029 2509 5103 plebes
2530 5029 2785 5101 iactantia
2806 5032 2891 5086 sui
2911 5031 3142 5088 nominis
3163 5031 3417 5101 irretitas,

1828 5125 1910 5181 vel
1944 5134 2080 5182 totas
2109 5125 2322 5182 trahere
2339 5167 2355 5192 ,
2384 5122 2467 5180 vel
2496 5130 2647 5178 certe
2665 5120 2906 5180 dividere
2925 5123 3199 5192 affectant,
3224 5139 3417 5197 supero

1825 5219 1912 5274 bia
1941 5218 2148 5286 tumidi,
2169 5215 2464 5290 pervicacia
2493 5215 2702 5284 vesani,
2722 5214 3005 5271 calumniis
3035 5215 3298 5283 insidiosi,
3323 5233 3412 5273 se-

1826 5313 2117 5368 ditionibus
2141 5309 2462 5376 turbulenti;
2487 5324 2554 5366 ne
2604 5309 2722 5365 luce
2760 5309 3002 5364 veritatis
3027 5323 3211 5365 carere
3237 5320 3419 5366 osten-

1826 5404 2040 5471 dantur,
2071 5404 2316 5460 umbram
2342 5402 2526 5474 rigidte
2552 5402 2857 5459 severitatis
2879 5400 3198 5468 obtendunt,
3221 5410 3416 5472 etquae

1828 5498 1882 5554 in
1925 5495 2217 5568 Scripturis
2256 5497 2457 5553 sanctis
2497 5495 2642 5552 salva
2684 5494 2988 5550 dilectionis
3017 5492 3324 5549 sinceritate
3364 5503 3420 5550 ct

1828 5589 2090 5646 custodita
2123 5588 2265 5660 pacis
2294 5589 2496 5644 unitate
2516 5631 2531 5655 ,
2569 5587 2636 5644 ad
2675 5586 2990 5658 corrigenda
3021 5584 3257 5646 fraterna
3287 5587 3412 5642 vitia

1829 5679 2150 5737 mordaciori
2173 5681 2189 5713 ⁸
2223 5679 2502 5736 curatione
2532 5679 2645 5735 fieri
2672 5687 2937 5750 praecepta
2962 5686 3120 5745 sunt,
3150 5677 3216 5733 ad
3245 5680 3412 5734 sacri-

1889 5816 1906 5848 ¹
1931 5814 2068 5876 Editi,
2101 5814 2426 5867 moderatiori.
2463 5814 2626 5876 Aptius
2661 5818 2788 5872 Mss,
2830 5809 3140 5862 mordaciori.
3191 5811 3414 5875 Loquitur
