3764 6160
349 298 420 356 εδ
1129 289 1402 348 comas
1438 285 1818 348 EPISTOLAM
1846 249 2303 358 assumunt,
2344 289 2404 348 s.
2445 290 2816 354 suansmu
3572 299 3659 358 ss

345 412 542 485 legium
569 408 872 468 schismatis
891 415 945 465 et
966 405 1031 463 ad
1056 405 1390 464 occasionem
1415 404 1744 477 praecisionis
1769 417 1930 468 usur-

347 513 473 576 pant
493 547 508 571 ,
538 501 776 564 dicentes
799 544 811 568 ,
839 520 860 562 ι
890 501 1028 559 Ecce
1057 500 1131 556 ait
1156 499 1446 572 Apostolus
1465 540 1481 567 ,
1503 499 1710 570 Auferte
1736 497 1932 554 malum

347 615 409 661 ex
435 597 569 652 vobis
596 596 738 668 ipsis.
768 593 920 662 Quod
968 593 1166 650 malum
1215 593 1396 666 utique
1439 593 1484 650 si
1528 593 1767 664 integris,
1797 610 1817 646 ι
1844 592 1929 648 in-

345 690 553 762 quiunt,
591 710 608 743 ι
643 705 748 744 non
779 687 1017 755 obesset,
1045 702 1143 746 nec
1162 687 1441 758 iuberetur
1467 685 1687 752 auferri.
1726 705 1746 738 ι

415 784 466 838 2.
503 781 720 839 Interim
747 780 1021 846 videamus
1048 795 1116 856 ne
1137 780 1272 837 forte
1297 795 1403 840 non
1427 779 1619 838 frustra
1646 794 1752 835 non
1782 777 1933 836 dixe-

347 877 414 930 rit
442 875 748 945 Apostolus,
781 872 1002 930 Auferte
1026 871 1198 936 malos
1222 888 1251 928 a
1277 872 1690 945 congregatione
1719 882 1927 938 vestra;

343 970 436 1028 sed
457 1013 472 1038 ,
497 970 710 1041 Auferte
736 970 927 1024 malum
953 984 1017 1023 ea:
1041 968 1177 1034 vobis
1206 967 1329 1040 ipsis
1357 983 1376 1022 :
1406 967 1528 1040 quia
1557 981 1679 1042 cum
1705 965 1931 1038 quisque

345 1061 629 1134 impeditur
653 1062 720 1118 ab
749 1061 1000 1119 Ecclesia:
1026 1060 1436 1133 congregatione
1479 1059 1649 1129 malos
1685 1059 1932 1132 homines

343 1169 612 1226 separare,
643 1155 688 1210 si
715 1170 778 1211 ex
807 1170 865 1212 se
890 1154 1006 1226 ipso
1029 1151 1239 1210 auferat
1267 1152 1492 1220 malum,
1523 1167 1628 1206 non
1657 1152 1735 1208 eis
1765 1150 1931 1210 corde

344 1248 600 1302 miscetur
623 1245 696 1319 (α)
714 1263 728 1313 ;
747 1254 906 1318 atque
927 1246 997 1303 ita
1019 1243 1368 1316 spiritualiter
1391 1259 1494 1306 non
1515 1243 1686 1302 solum
1708 1242 1932 1313 conjun-

342 1338 484 1408 gitur
513 1336 688 1405 bonis,
713 1335 808 1394 sed
838 1337 996 1394 etiam
1027 1343 1305 1408 separatur
1329 1349 1358 1391 a
1385 1334 1558 1390 malis.
1589 1333 1677 1390 Sic
1703 1333 1844 1388 enim
1877 1333 1929 1390 in

344 1429 437 1485 illo
465 1429 583 1487 loco
608 1429 674 1485 ad
702 1429 1040 1488 Timotheum
1069 1443 1192 1485 cum
1219 1427 1460 1494 dixisset,
1494 1425 1673 1496 Neque
1700 1442 1931 1481 commu-

346 1524 594 1582 nicaveris
637 1523 855 1596 peccatis
897 1521 1077 1578 alienis
1097 1538 1117 1578 :
1147 1529 1398 1592 tanquam
1431 1521 1519 1577 ille
1543 1519 1780 1586 diceret,
1810 1519 1931 1580 ﬁeri

342 1632 501 1690 posse
531 1623 590 1672 ut
617 1614 825 1687 aliquos
851 1613 1018 1672 malos
1043 1613 1110 1670 ab
1138 1612 1397 1670 Ecclesia:
1416 1612 1829 1684 congregatione
1852 1626 1934 1668 se-

341 1725 534 1782 parare
574 1724 680 1766 non
727 1691 946 1782 posset,
976 1716 1029 1764 et
1057 1706 1180 1767 ideo
1205 1707 1434 1774 tolerare
1457 1716 1775 1786 cogeretur;
1809 1717 1930 1766 tan-

343 1819 503 1876 quam
528 1801 811 1860 consilium
835 1801 970 1858 daus
990 1799 1439 1873 quemadmodum
1483 1802 1718 1874 peccatis
1742 1817 1928 1858 eorum

344 1915 457 1956 non
484 1897 942 1965 communicaret,
973 1895 1042 1952 Te
1067 1897 1234 1968 ipsum
1253 1938 1268 1964 ,
1299 1895 1489 1967 inquit,
1511 1905 1705 1952 castum
1732 1895 1932 1956 custodi

346 1992 391 2066 (ι
403 1993 538 2048 Tim.
555 2009 611 2062 v,
637 1990 709 2047 εει
729 1991 770 2063 ).
791 1989 924 2048 Nam
952 1990 1110 2046 malis
1137 1990 1310 2048 malus
1335 1989 1546 2052 misceri
1561 1999 1740 2063 p0test
1761 1990 1801 2055 ',
1828 1990 1928 2048 bo-

342 2101 446 2142 nus
468 2093 648 2142 autem
679 2082 830 2142 nullo
859 2083 1021 2140 modo
1041 2126 1056 2151 ,
1081 2083 1325 2154 quamvis
1352 2097 1473 2142 eum
1495 2083 1574 2141 eis
1593 2081 1648 2152 in
1671 2097 1777 2150 una
1796 2096 1931 2138 eon-

338 2179 655 2252 gregatione
700 2186 959 2234 versetur.
1003 2176 1080 2234 ita
1119 2183 1175 2234 et
1218 2176 1307 2233 hic
1347 2176 1416 2234 ad
1456 2175 1766 2252 Corinthios
1809 2191 1933 2234 cum

345 2270 588 2337 dixisset,
613 2269 727 2338 Quo
754 2269 888 2325 enim
912 2268 1038 2324 mihi
1062 2268 1128 2325 de
1154 2268 1234 2326 his
1256 2269 1344 2340 qui
1368 2268 1495 2338 foris
1521 2277 1637 2330 sunt
1653 2268 1932 2339 judicare?

348 2360 535 2417 Nonne
554 2361 618 2417 de
640 2361 720 2418 liis
743 2360 829 2430 qui
851 2361 988 2416 intus
1007 2369 1124 2416 sunt
1142 2376 1230 2418 vos
1241 2358 1491 2431 iudicatis
1503 2359 1530 2413 2
1556 2374 1626 2415 ne
1652 2357 1789 2416 forte
1816 2368 1933 2416 tur-

346 2454 604 2511 barentur
623 2453 799 2523 aliqua
826 2452 1088 2510 malorum
1112 2451 1517 2516 numerositate,
1545 2451 1625 2508 sic
1651 2451 1932 2522 permixtis

346 2543 655 2612 frumentis,
685 2552 743 2599 ut
771 2544 889 2602 sine
913 2543 1128 2604 illorum
1153 2542 1434 2600 vexatione
1450 2542 1629 2614 colligi
1658 2542 1932 2613 separari-

346 2652 452 2709 que
477 2651 585 2693 non
611 2645 858 2707 possent;
886 2636 1114 2708 Auferte,
1139 2635 1330 2707 inquit,
1350 2637 1543 2692 malum
1565 2653 1627 2691 ex
1645 2635 1783 2692 vobis
1805 2635 1933 2707 ipsis

347 2727 401 2801 (Ι
427 2726 545 2784 Cor.
571 2727 734 2796 v,12,
761 2726 850 2799 i5)
883 2746 896 2783 :
927 2735 988 2784 ut
1029 2727 1077 2790 si
1120 2726 1259 2784 forte
1306 2742 1414 2783 non
1460 2737 1680 2799 possent
1717 2727 1934 2786 auferre

346 2821 517 2878 malos
544 2836 575 2875 a
603 2819 1018 2892 congregatione
1045 2834 1171 2887 sua;
1201 2819 1494 2877 auferendo
1521 2820 1724 2886 malum
1763 2837 1830 2878 ex
1871 2836 1932 2879 se

349 2914 501 2984 ipsis,
531 2913 582 2969 id
610 2923 712 2981 est,
749 2928 852 2968 non
880 2928 999 2968 eum
1031 2913 1107 2968 eis
1138 2913 1438 2984 peccando,
1475 2928 1572 2968 nec
1597 2914 1678 2970 eis
1701 2914 1769 2970 ad
1801 2929 1930 2986 pec-

347 3007 576 3062 candum
607 3005 989 3062 consentiendo
1018 3014 1110 3059 aut
1136 3004 1362 3064 favendo
1383 3048 1396 3072 ,
1427 3005 1759 3077 integerrimi
1791 3005 1930 3062 inter

349 3114 443 3156 eos
470 3106 526 3154 et
549 3098 990 3168 ineorruptissimi
1023 3106 1378 3154 versarentur.
1418 3098 1549 3166 Quia
1593 3113 1692 3169 per
1733 3097 1931 3154 malum

350 3208 506 3249 suum
537 3193 689 3248 malis
713 3193 938 3263 quisque
963 3194 1244 3248 consentit.
1270 3191 1327 3262 Si
1350 3203 1528 3249 autem
1549 3208 1580 3248 a
1607 3209 1668 3251 se
1696 3194 1814 3266 ipso
1837 3208 1932 3249 au-

348 3285 488 3340 ferat
533 3285 730 3340 malum
753 3325 767 3351 ,
795 3285 971 3343 alieno
995 3286 1139 3342 malo
1167 3303 1272 3344 non
1308 3296 1392 3343 est
1429 3287 1570 3347 unde
1605 3288 1929 3344 consentiat.

347 3379 682 3450 Quapropter
700 3379 941 3451 quisquis
958 3380 1117 3444 etiam
1156 3382 1540 3452 contempserit
1561 3381 1817 3444 Ecclesiae
1838 3382 1930 3436 Dei

349 3471 704 3542 disciplinam,
736 3481 792 3528 ut
817 3475 988 3530 malos
1015 3489 1136 3532 eum
1162 3475 1354 3546 quibus
1377 3488 1486 3530 non
1517 3483 1702 3545 peccat
1729 3482 1786 3530 et
1809 3475 1931 3545 qui-

348 3565 449 3619 bus
478 3581 583 3620 uon
614 3567 755 3621 favet
775 3606 790 3632 ,
821 3565 1046 3622 desistat
1070 3581 1290 3622 monere
1308 3609 1324 3634 ,
1352 3568 1655 3638 corrigere,
1683 3583 1930 3639 arguere,

349 3666 403 3712 et
429 3657 472 3712 si
505 3657 662 3712 talem
692 3658 829 3728 gerit
855 3671 1173 3726 personam,
1205 3665 1260 3712 et
1290 3673 1388 3726 pax
1428 3658 1682 3713 Ecclesia:
1705 3660 1926 3729 patitur,

349 3750 509 3804 etiam
529 3763 561 3802 a
580 3748 1045 3804 Sacramentorum
1061 3749 1473 3820 participatione
1491 3753 1805 3821 separare';
1825 3767 1934 3808 non

347 3840 524 3896 alieno
549 3839 691 3896 malo
718 3849 932 3910 peccat,
962 3838 1056 3914 sed
1085 3856 1202 3897 suo.
1237 3839 1354 3912 Ipsa
1383 3841 1578 3914 quippe
1607 3843 1660 3898 in
1701 3851 1845 3898 tanta
1873 3859 1934 3900 re

348 3933 666 4004 negligentia
687 3948 848 4004 grave
867 3933 1065 3988 malum
1085 3942 1170 3990 est
1191 3950 1205 3988 :
1235 3943 1289 3991 et
1314 3917 1457 4002 ideo,
1482 3933 1621 3994 sicut
1643 3937 1934 4008 Apostolus

349 4035 554 4091 monet,
577 4027 621 4082 si
642 4027 847 4082 auferat
873 4027 1070 4083 malum
1090 4042 1120 4083 a
1147 4042 1208 4084 se
1237 4028 1376 4100 ipso,
1395 4044 1501 4088 non
1528 4030 1699 4086 solum
1726 4031 1933 4090 auferet

351 4117 624 4173 audaciam
644 4117 1029 4186 committendi,
1043 4128 1136 4176 aut
1158 4120 1515 4190 pestilentiam
1527 4105 1930 4191 consentiendi;

352 4208 447 4265 sed
473 4209 631 4264 etiam
660 4210 922 4280 pigritiam
949 4211 1285 4283 corrigendi,
1313 4221 1367 4268 et
1408 4213 1782 4285 negligentiam
1813 4216 1932 4270 vin-

351 4302 582 4367 dicandi,
608 4303 843 4359 adhibita
877 4303 1158 4374 prudentia
1177 4313 1234 4361 et
1257 4291 1637 4371 obedientiam
1661 4321 1726 4364 eo
1749 4307 1890 4377 quod
1909 4307 1930 4341 ³

349 4394 590 4466 prmcipit
614 4393 886 4460 Dominus,
914 4409 983 4451 ne
1009 4393 1274 4452 frumenta
1304 4396 1566 4455 laedantur
1587 4396 1799 4469 (Matth.
1815 4415 1930 4469 xm,

345 4486 475 4556 9.9).
507 4483 583 4540 Ea
612 4486 808 4556 quippe
837 4486 1133 4542 intentione
1157 4487 1398 4558 quisquis
1424 4489 1565 4546 inter
1587 4489 1823 4546 triticum
1851 4492 1930 4550 εἰ.

345 4578 500 4632 zania
524 4576 849 4643 toleraverit,
872 4577 1163 4634 auferendo
1182 4593 1213 4633 a
1242 4593 1301 4634 se
1328 4579 1447 4649 ipso
1476 4581 1696 4650 malum,
1723 4597 1831 4638 non
1853 4583 1936 4640 eis

347 4669 708 4726 communicat
734 4687 747 4723 :
775 4679 830 4725 et
855 4684 917 4726 ea
957 4668 1238 4742 distinguit
1276 4685 1340 4727 ac
1374 4670 1580 4747 indicat
1621 4672 1832 4729 interim
1866 4675 1934 4730 ad

348 4763 522 4826 diem;
558 4777 666 4816 non
692 4762 833 4817 enim
864 4762 1013 4818 novit
1039 4761 1166 4835 quid
1195 4778 1318 4819 cras
1350 4764 1582 4820 futurum
1609 4765 1678 4820 sit
1700 4784 1711 4819 :
1733 4776 1788 4822 et
1813 4764 1933 4822 ideo

350 4854 637 4911 dilectione
679 4862 923 4919 servata,
955 4869 1063 4911 non
1099 4856 1217 4913 sine
1253 4870 1352 4928 spe
1378 4858 1726 4914 correctionis
1757 4857 1934 4913 vindi-

347 4948 575 5006 candum
597 4956 700 5015 est,
723 4945 978 5019 quidquid
998 4948 1159 5026 etiam
1179 4947 1323 5028 cogit
1347 4948 1931 5026 necessaria-severitas

344 5105 624 5172 quippeoe
661 5107 721 5158 iis
753 5105 1180 5172 scripturelods,
1218 5106 1399 5172 quibus
1437 5107 1674 5172 acriorem
1711 5107 1937 5172 vitiorum

345 5169 700 5242 correptionem
724 5169 1119 5242 praecipientibus

1193 5169 1458 5224 utebantur
1475 5170 1731 5222 Donatista:
1749 5169 1810 5223 ad
1827 5184 1938 5224 sua-

344 5231 555 5282 ciendam
576 5231 932 5293 separationem
952 5245 982 5283 a
1003 5231 1159 5293 malis.

343 5296 431 5409 ,αἱ
453 5289 649 5344 omnes
672 5301 794 5346 Mss:
821 5302 914 5346 Nec
957 5289 1086 5346 enim
1122 5293 1263 5347 matis
1297 5293 1394 5347 nisi
1427 5293 1583 5346 malus
1615 5292 1808 5345 misceri
1850 5308 1936 5360 po-

407 5443 428 5476 ³
447 5439 528 5514 sic
545 5443 652 5490 Ilss.
668 5439 785 5514 editi
808 5439 1004 5514 vero,‘s_i
1020 5440 1172 5514 etiam
1185 5437 1329 5492 talem
1344 5441 1467 5514 gerit
1775 5447 1939 5514 etpax

344 5501 572 5568 Ecclesiae
610 5501 808 5568 patitur,
833 5506 883 5551 ut
916 5501 1060 5552 etiam
1091 5515 1123 5552 a
1144 5501 1556 5568 sacramentorum
1577 5501 1939 5568 participatione

342 5563 621 5680 eximiam
665 5563 810 5630 possit
845 5576 1090 5626 separare,
1126 5572 1222 5616 non
1259 5563 1415 5617 alieno
1454 5563 1587 5618 maio
1618 5563 1808 5627 peccat,
1850 5567 1939 5620 sed

412 5713 434 5746 ⁸
455 5717 586 5774 t.ov.,
611 5722 668 5764 eo
688 5709 818 5776 quod
834 5723 854 5774 ;
871 5710 1044 5762 omissa
1067 5710 1316 5778 particula,
1339 5710 1410 5763 in.

409 5817 486 5881 (a)
509 5824 544 5866 ll
566 5825 794 5878 neuneu,
815 5828 918 5878 cap.
947 5815 1021 5865 t7.

2042 402 2298 460 vindicari
2323 405 2365 461 ⁸.
2391 404 2545 476 Quod
2569 415 2628 464 ut
2653 409 2784 465 satis
2802 419 3074 483 appareat,
3104 420 3272 469 totum
3299 413 3474 487 ipsum
3509 414 3654 489 Epi-

2037 497 2189 555 stolai
2214 501 2521 570 apostolicae
2548 501 2726 559 locum
2755 503 3062 578 diligentius
3091 514 3405 565 tractemus.

2106 592 2158 652 5.
2194 591 2330 662 Quid
2356 593 2535 664 vultis,
2578 595 2785 667 inquit?
2815 593 2882 650 In
2915 598 3058 668 virga
3084 599 3282 654 veniam
3313 599 3384 656 ad
3407 617 3495 660 vos
3518 644 3534 672 ,
3569 619 3652 658 an

2035 688 2090 752 in
2115 687 2358 742 charitate
2383 696 2430 742 et
2456 686 2637 760 spiritu
2662 688 3107 744 mansuetudinis?
3133 689 3252 745 Iam
3285 690 3374 748 hic
3403 703 3651 765 apparet

2036 795 2159 837 eum
2187 779 2332 850 loqui
2368 777 2437 836 de
2467 778 2698 834 vindicta
2720 821 2734 846 ,
2762 779 2829 836 ad
2857 781 3009 852 cujus
3045 781 3493 856 significationem
3531 786 3654 840 vir-

2034 886 2157 944 gam
2185 871 2496 926 nominavit.
2530 869 2795 941 Numquid
2825 880 3003 927 tamen
3031 880 3087 928 et
3125 873 3270 946 virga
3296 874 3416 930 sine
3451 875 3653 932 chari-

2037 949 2147 1035 tate
2167 975 2270 1035 est,
2293 966 2416 1037 quia
2441 965 2514 1020 ita
2539 965 2834 1032 contexuit,
2865 964 2933 1020 In
2956 966 3096 1037 virga
3121 968 3321 1021 veniam
3338 968 3409 1022 ad
3429 984 3545 1035 vos,
3579 986 3655 1024 an

2037 1061 2091 1132 in
2113 1060 2395 1116 charitate?
2418 1058 2525 1117 Sed
2548 1059 2690 1131 quod
2706 1060 2966 1132 sequitur,
2987 1061 3171 1132 spiritu
3186 1064 3607 1120 mansuetudinis
3630 1107 3648 1130 ,

2036 1153 2288 1211 admonet
2307 1151 2549 1225 intelligi,
2577 1153 2704 1224 quia
2730 1161 2786 1208 et
2812 1153 2958 1224 virga
2984 1152 3297 1211 charitatem
3321 1154 3508 1212 habet.
3532 1155 3654 1212 Sed

2036 1247 2179 1308 aliud
2207 1255 2290 1304 est
2316 1245 2549 1303 cbaritas
2573 1246 2870 1304 severitatis
2893 1289 2908 1314 ,
2931 1246 3075 1302 aliud
3104 1247 3336 1305 cbaritas
3376 1265 3654 1308 mansue-

2037 1341 2256 1400 tudinis.
2304 1339 2416 1398 Una
2440 1340 2656 1412 quidem
2684 1339 2915 1397 cbaritas
2944 1349 3064 1414 est,
3095 1341 3189 1398 sed
3216 1342 3432 1399 diversa
3461 1345 3520 1399 in
3565 1344 3655 1401 di-

2035 1433 2205 1491 versis
2243 1441 2513 1504 operatur.
2569 1431 2823 1502 Omnino,
2867 1434 3061 1505 inquit,
3115 1435 3325 1489 auditur
3369 1437 3507 1492 inter
3557 1454 3654 1493 vos

2035 1526 2326 1597 fornicatio,
2357 1534 2406 1582 et
2427 1526 2542 1582 talis
2569 1525 2862 1599 fornicatio,
2889 1525 3055 1596 qualis
3082 1542 3173 1581 nec
3196 1528 3252 1581 in
3273 1525 3546 1596 Gentibus,
3571 1529 3655 1584 ita

2035 1626 2092 1684 ut
2111 1634 2319 1674 uxorem
2345 1618 2505 1689 patris
2549 1617 2628 1672 sui
2656 1617 2768 1688 quis
2806 1617 3004 1674 habeat.
3051 1617 3128 1674 De
3156 1626 3263 1674 tam
3309 1619 3540 1677 immani
3568 1619 3652 1676 fa-

2035 1718 2125 1767 cto
2163 1708 2438 1768 videamus
2480 1707 2929 1780 quemadmodum
2965 1724 3060 1766 eos
3099 1709 3288 1766 saevire
3332 1713 3648 1785 prtecipiat.

2036 1799 2106 1858 Et
2133 1817 2243 1870 vos,
2273 1800 2461 1870 inquit,
2485 1799 2652 1871 inﬂati
2671 1801 2812 1868 estis,
2840 1810 2887 1855 et
2923 1817 3025 1856 non
3048 1803 3217 1872 potius
3239 1803 3434 1859 luctum
3457 1805 3651 1861 habui-

2036 1883 2147 1962 stis,
2189 1903 2244 1952 ut
2276 1894 2538 1950 tolleretur
2562 1892 2625 1947 de
2652 1893 2817 1948 medio
2846 1902 3064 1948 vestrum
3094 1895 3183 1966 qui
3217 1895 3313 1950 hoc
3339 1913 3474 1968 opus
3498 1898 3646 1969 fecit.

2036 1990 2212 2059 Quare
2241 1989 2428 2043 luctum
2454 1987 2644 2058 potius,
2665 1996 2720 2042 et
2744 2000 2852 2044 non
2889 1987 3022 2044 iram
3044 2029 3058 2054 ,
3089 1987 3190 2044 nisi
3217 1988 3338 2060 quia
3365 1990 3410 2045 si
3439 1991 3650 2062 patitur

2037 2097 2201 2139 unum
2278 2079 2622 2148 membrum,
2677 2077 3073 2152 compatiuntur
3144 2082 3323 2138 omnia
3390 2085 3647 2142 membra

2041 2172 2094 2247 (l
2125 2171 2242 2229 Cor.
2273 2188 2371 2241 xu,
2401 2171 2545 2244 26)?
2565 2179 2621 2228 et
2652 2186 2762 2228 non
2789 2173 3011 2245 luctum,
3045 2175 3168 2248 quia
3199 2175 3519 2246 tollebatur;
3543 2179 3647 2236 sed

2035 2265 2248 2330 luctum,
2281 2263 2469 2336 inquit,
2499 2263 2835 2329 attolleretur
2859 2281 2880 2318 :
2909 2263 2963 2320 id
2992 2277 3094 2334 est,
3124 2276 3182 2322 ut
3211 2267 3510 2340 lugentium
3534 2269 3646 2330 do-

2035 2356 2120 2415 lor
2145 2355 2213 2416 ad
2238 2355 2406 2414 Deum
2433 2352 2767 2422 ascenderet,
2796 2365 2851 2422 et
2891 2355 3006 2432 ipse
3034 2357 3247 2414 tolleret
3281 2358 3381 2416 hoc
3403 2375 3549 2433 opus
3574 2361 3648 2418 de

2037 2449 2214 2512 medio
2237 2465 2444 2514 eorum,
2467 2450 2608 2508 sicut
2626 2448 2744 2520 ipse
2762 2449 2944 2520 sciret,
2969 2466 3036 2510 ne
3060 2449 3200 2508 forte
3227 2452 3296 2508 illi
3328 2467 3426 2524 per
3447 2456 3647 2528 buma-

2037 2557 2160 2598 nam
2202 2540 2522 2614 imperitiam
2559 2540 2898 2606 eradicarent
2933 2549 2990 2598 et
3029 2543 3284 2598 triticum.
3329 2543 3467 2600 Cum
3505 2561 3648 2619 ergo

2037 2633 2105 2690 ad
2133 2632 2292 2691 talem
2317 2631 2609 2690 vindictam
2638 2633 2933 2701 necessitas
2963 2632 3126 2706 cogit,
3149 2633 3421 2691 humilitas
3449 2636 3648 2710 lugen-

2039 2726 2168 2783 tium
2213 2725 2372 2796 debet
2412 2725 2704 2796 impetrare
2741 2724 3160 2796 misericordiam
3184 2769 3200 2794 ,
3231 2741 3390 2798 quam
3419 2728 3648 2801 repellit

2038 2819 2285 2890 superbia
2323 2818 2658 2880 szevientium
2684 2819 2707 2850 ²
2741 2835 2755 2872 :
2785 2832 2886 2882 nec
2915 2818 3055 2876 illius
3097 2818 3266 2895 ipsius
3303 2822 3394 2892 qui
3422 2821 3495 2880 de
3524 2838 3649 2882 me-

2038 2910 2127 2967 dio
2154 2910 2374 2974 fratrum
2404 2909 2610 2966 tollitur
2637 2908 2797 2968 debet
2827 2909 3018 2982 negligi
3045 2909 3221 2977 salus;
3243 2909 3341 2970 sed
3365 2912 3439 2969 ita
3468 2928 3648 2985 agen-

2038 3001 2163 3058 dum
2201 3010 2301 3067 est,
2365 3009 2422 3057 ut
2464 3003 2512 3058 ci
2568 3001 2687 3058 talis
2714 3000 2944 3058 vindicta
2976 3002 3046 3060 sit
3065 3003 3243 3072 utilis;
3289 3012 3344 3064 et
3367 3005 3644 3082 agendum

2039 3105 2163 3154 voto
2201 3105 2256 3152 et
2283 3097 2529 3168 precibus
2549 3139 2563 3165 ,
2594 3097 2638 3154 si
2664 3097 2859 3170 corrigi
2901 3097 3365 3174 objurgationibus
3391 3117 3502 3158 non
3533 3118 3645 3174 po.

2040 3199 2161 3246 test.
2215 3189 2447 3262 Ideoque
2498 3190 2738 3261 sequitur
2773 3199 2829 3246 et
2857 3189 2989 3246 dicit
3031 3209 3042 3246 :
3075 3191 3189 3264 Ego
3223 3193 3423 3264 quidem
3452 3196 3644 3254 absens

2037 3300 2247 3357 corpore
2269 3326 2284 3352 ,
2331 3300 2551 3355 prwsens
2590 3292 2754 3342 autem
2792 3284 2996 3356 spiritu,
3038 3285 3156 3357 jam
3190 3287 3420 3360 judicavi
3487 3293 3647 3362 quasi

2038 3393 2258 3450 praesens
2299 3393 2416 3432 eunt
2463 3377 2549 3447 qui
2577 3376 2648 3431 sic
2677 3385 2914 3446 operatus
2953 3386 3048 3446 est,
3079 3378 3134 3446 in
3181 3380 3383 3440 nomine
3419 3379 3644 3440 Domini

2037 3469 2195 3526 nostri
2218 3468 2345 3526 Jcsu
2370 3467 2558 3524 Christi
2572 3468 2891 3541 congregatis
2907 3468 3045 3526 vobis
3067 3479 3114 3526 et
3141 3486 3252 3526 meo
3274 3471 3481 3544 spiritu,
3508 3491 3635 3532 cum

2037 3565 2219 3621 virtute
2251 3561 2461 3620 Domini
2489 3564 2646 3621 nostri
2686 3563 2815 3620 Jesu
2852 3562 3066 3633 Christi,
3094 3565 3295 3626 tradere
3336 3568 3643 3640 huiusmodi

2035 3666 2231 3714 satana
2247 3657 2301 3712 in
2321 3658 2581 3714 interitum
2614 3658 2815 3726 carnis,
2843 3666 2902 3714 ut
2924 3659 3134 3730 spiritus
3173 3659 3343 3724 subus
3364 3661 3431 3719 sit
3456 3664 3513 3720 in
3551 3665 3641 3722 die

2037 3750 2245 3806 Domini
2291 3749 2412 3821 (Id.
2443 3766 2518 3817 tv,
2544 3749 2715 3820 ﬂi-v,
2745 3752 2839 3826 5).
2881 3751 3019 3820 Quid
3071 3767 3202 3824 ergo
3243 3754 3434 3826 agebat
3479 3756 3638 3829 Apo-

2037 3841 2238 3912 stolus,
2269 3841 2373 3897 nisi
2419 3850 2475 3898 ut
2517 3857 2613 3913 per
2653 3843 2924 3900 interitum
2959 3845 3140 3904 carnis
3180 3846 3338 3904 saluti
3363 3849 3640 3921 spirituali

2037 3934 2380 4002 consuleret,
2408 3942 2467 3989 ut
2495 3935 2608 3990 sive
2635 3935 2809 4006 aliqua
2843 3950 3000 4006 paena
3031 3937 3111 3994 vel
3137 3947 3310 3996 morte
3337 3945 3636 4012 corporali,

2039 4029 2177 4085 sicut
2204 4028 2439 4084 Ananias
2466 4037 2522 4084 et
2546 4042 2684 4083 uxor
2706 4029 2827 4100 ejus
2851 4038 2976 4086 ante
3013 4029 3178 4106 pedes
3206 4035 3436 4106 apostoli
3485 4036 3636 4093 Petri

2039 4119 2348 4176 ceciderunt
2379 4118 2400 4191 (
2423 4119 2536 4174 Act.
2568 4135 2600 4173 v
2624 4159 2640 4186 ,
2668 4119 2722 4187 5,
2765 4119 2901 4194 10);
2954 4123 3069 4180 sive
3108 4139 3205 4193 per
3234 4126 3633 4196 paenitentiam,

2037 4213 2287 4285 quoniam
2317 4221 2518 4268 satanas
2538 4213 2764 4271 traditus
2788 4225 2943 4286 erat,
2976 4218 3309 4276 interimeret
3337 4221 3390 4276 in
3421 4237 3482 4278 se
3510 4238 3637 4282 sce—

2038 4307 2260 4364 leratam
2283 4309 2459 4364 carnis
2473 4309 2959 4380 concupiscentiam
2975 4311 2999 4365 ?
3013 4311 3147 4382 Quia
3176 4313 3291 4384 ipse
3321 4314 3451 4372 item
3477 4316 3633 4388 dicit,

2041 4399 2350 4472 Mortificate
2376 4403 2601 4463 membra
2623 4411 2790 4468 uestra
2811 4420 2925 4474 quae
2962 4415 3080 4471 sunt
3101 4423 3257 4478 super
3284 4417 3474 4464 terram
3501 4428 3522 4466 :
3548 4413 3635 4468 in-

2042 4502 2124 4550 ter
2159 4508 2279 4564 quae
2311 4501 2368 4550 et
2387 4533 2404 4559 ,
2434 4492 2822 4564 fornicationem
2847 4507 3236 4554 commemorat
3268 4498 3510 4570 (Coloss.
3555 4520 3633 4571 in,

2041 4586 2130 4658 5).
2163 4587 2231 4642 Et
2253 4585 2446 4643 iterum
2481 4603 2497 4643 :
2533 4585 2597 4643 Si
2639 4587 2773 4642 enim
2819 4589 3090 4644 secundum
3136 4607 3339 4648 carnem
3384 4595 3633 4663 vixeritis,

2041 4679 2359 4746 moriemini;
2386 4680 2430 4735 si
2451 4688 2618 4736 autem
2655 4680 2838 4752 spiritu
2871 4684 3019 4752 facta
3051 4684 3220 4739 carnis
3248 4686 3636 4756 mortiﬁcaueri-

2041 4769 2126 4835 tis,
2149 4770 2317 4825 vivetis
2342 4769 2362 4842 (
2386 4768 2536 4825 Rom.
2571 4787 2687 4839 vttt,
2717 4773 2786 4828 15
2805 4771 2845 4845 ).
2888 4771 3003 4828 Νοη
3029 4782 3206 4829 tamen
3232 4775 3302 4832 ab
3327 4792 3392 4833 eo
3434 4777 3635 4836 frater-

2041 4875 2163 4915 nam
2197 4870 2410 4931 separat
2428 4862 2765 4930 charitatem,
2791 4879 2946 4933 quem
2977 4863 3043 4918 de
3068 4863 3303 4922 fraterna
3332 4883 3634 4943 congrega-

2043 4950 2187 5006 tione
2216 4950 2236 4982 ³
2269 4951 2778 5024 praecipitseparari.
2798 4953 2911 5020 Hoc
2935 4956 3076 5012 enim
3097 4959 3336 5028 apertius
3360 4961 3429 5018 ad
3455 4962 3636 5022 Thes-

2041 5042 2402 5100 salonicenses
2428 5041 2563 5109 dicit
2600 5061 2614 5099 :
2653 5043 2714 5099 Si
2741 5043 2850 5118 quis
2889 5057 3058 5102 autem
3099 5065 3202 5104 non
3247 5053 3454 5108 obaudit
3483 5059 3638 5112 verba

2042 5145 2214 5194 nostro
2241 5152 2329 5207 per
2353 5136 2650 5208 epistolam,
2680 5136 2812 5191 hunc
2839 5149 3025 5212 notate
3053 5180 3067 5205 ,
3101 5151 3147 5194 et
3177 5159 3279 5198 non
3305 5147 3635 5202 commiscea-

2042 5230 2166 5285 mini
2192 5246 2306 5284 cum
2330 5228 2441 5296 illo,
2485 5239 2538 5282 ut
2575 5229 2874 5286 erubescat:
2900 5241 2946 5287 et
2988 5250 3087 5288 non
3128 5246 3182 5289 ut
3223 5237 3476 5293 inimicum
3521 5257 3639 5297 eum

2108 5387 2126 5418 ι
2153 5393 2219 5437 tta
2239 5391 2346 5453 uss.
2370 5391 2422 5435 At
2447 5385 2580 5453 editi,
2606 5384 2844 5451 quidquid
2861 5387 3040 5453 corrigi
3058 5391 3132 5442 rei
3154 5391 3393 5444 vindicari
3413 5407 3637 5448 necessa-

2044 5448 2128 5520 ria_
2143 5447 2366 5520 severitas
2385 5447 2607 5520 postulat.

2109 5513 2129 5543 ⁸
2154 5519 2270 5574 Vox,
2295 5510 2896 5574 sasvientiumﬁestituitur
2938 5527 3000 5565 ex
3043 5517 3287 5570 codicibus
3311 5519 3560 5570 \‘aticanis.
3589 5529 3639 5572 tn

2045 5571 2152 5622 aliis
2167 5571 2452 5634 quibusdam
2472 5571 2805 5638 Mss.'legitur,
2825 5589 2880 5627 su
2969 5577 3098 5631 biens
3121 5579 3324 5632 animus.
3351 5581 3465 5630 Vide
3492 5571 3637 5643 infra,

2045 5647 2152 5692 cap.
2195 5632 2260 5692 2,
2297 5647 2347 5683 n.
2382 5634 2448 5692 5,
2501 5636 2584 5687 ubi
2643 5649 2837 5689 rursum
3165 5641 3426 5692 tuamtium
3467 5657 3637 5692 conm

2045 5647 2152 5696 απ)-
2185 5632 2260 5706 a,
2297 5647 2347 5683 ιι.
2382 5634 2416 5684 5
2433 5672 2460 5705 ,,
2501 5636 2584 5706 ubi
2643 5632 2837 5698 r'ursuin
2879 5632 3120 5693 hostilitas
3165 5641 3426 5706 iugeratim
3467 5632 3640 5698 conuii

2047 5693 2324 5756 superbiam
2345 5693 2654 5748 servientium.

2115 5758 2134 5789 ³
2158 5765 2256 5805 Am.
2282 5763 2354 5806 Er.
2377 5765 2426 5808 et
2447 5766 2572 5832 Mss,
2598 5775 2856 5827 superruan
2876 5771 3068 5830 separat
3087 5765 3386 5828 charitatem,
3408 5779 3551 5831 quem
3574 5771 3638 5822 de

2050 5831 2256 5882 superna
2277 5829 2652 5884 cmqreqattone.
