3802 6198
177 422 488 494 cstimetis,
538 425 632 502 sed
663 425 982 500 corripiteut
1031 429 1262 499 fratrem.
1295 424 1526 482 Audiam
1576 423 1662 479 isti
1707 419 1810 476 ali-

177 517 438 590 quando,
477 527 549 576 et
572 519 867 592 intelligant
905 518 1354 594 quemadmodum
1401 526 1605 590 satagat
1631 517 1813 573 chari-

178 620 262 668 tas
288 611 641 683 apostolica,
672 620 730 668 ut
759 611 1076 668 sufferentes
1102 611 1329 667 invicem
1358 610 1668 667 studeamus
1683 624 1814 666 con-

175 717 415 759 servare
444 705 718 761 unitatem
749 704 967 775 spiritus
991 703 1045 759 in
1067 704 1278 760 vinculo
1304 703 1450 776 pacis
1477 701 1707 776 (Ep/tes.
1735 719 1808 770 tv,

174 795 232 866 2,
259 796 298 852 3
321 798 368 866 ).
401 795 561 856 Nam
601 807 655 856 et
691 797 778 856 hic
804 813 925 854 cum
952 797 1210 864 dixisset,
1241 795 1308 850 Et
1337 814 1437 852 non
1473 804 1527 850 at
1552 796 1811 851 inimicum

175 907 294 944 eum
321 891 632 959 cstimetis,
654 891 742 949 sed
761 892 996 962 corripite
1011 900 1064 948 ut
1093 893 1336 966 fratrem;
1357 899 1606 963 tanquam
1627 900 1808 946 osten-

175 982 317 1042 dens
343 1000 461 1044 cur
499 987 609 1044 hoc
634 987 850 1056 dixerit,
887 987 1139 1042 continuo
1163 986 1456 1058 subjunxit,
1485 984 1606 1057 Ipse
1642 993 1809 1047 autem

176 1077 326 1134 Deus
377 1080 547 1150 pacis
593 1081 677 1137 det
712 1080 850 1149 nobis
893 1098 1068 1154 pacem
1127 1097 1322 1151 semper
1379 1080 1431 1135 in
1494 1080 1630 1134 onmi
1677 1078 1807 1136 bono

179 1167 245 1241 (ll
274 1167 480 1227 Thess.
534 1187 612 1237 tu,
656 1172 825 1230 14-16
845 1170 888 1244 ).
930 1173 1005 1230 lta
1034 1182 1086 1229 et
1115 1171 1181 1230 de
1211 1172 1313 1229 isto
1340 1171 1429 1244 qui
1460 1186 1678 1230 uxorem
1709 1186 1808 1244 pa-

178 1260 274 1316 tris
314 1263 412 1317 sui
454 1261 672 1332 habuit,
717 1263 919 1320 luctum
965 1263 1144 1336 potius
1190 1263 1393 1340 indicit,
1438 1271 1492 1319 et
1531 1262 1802 1342 pacificum

175 1351 527 1412 charitatem
558 1355 754 1430 ubique
778 1355 1118 1434 commendat
1148 1372 1160 1410 :
1191 1356 1398 1412 sicutet
1418 1355 1485 1411 de
1503 1356 1680 1430 seipso
1706 1356 1802 1422 ait,

177 1444 265 1500 Ne
281 1447 488 1502 iterum
514 1464 630 1504 eum
655 1465 835 1506 venero
863 1448 931 1503 ad
956 1465 1042 1504 vos
1059 1489 1075 1515 ,
1104 1448 1329 1504 humiliet
1355 1464 1432 1503 me
1468 1443 1628 1514 Deus,
1651 1456 1698 1501 et
1722 1446 1804 1502 lu-

175 1553 326 1610 geant
354 1539 563 1595 multos
583 1555 647 1595 ea:
669 1539 748 1598 his
779 1541 866 1612 qui
890 1549 1006 1594 ante
1033 1548 1363 1611 peccauerunt
1397 1549 1444 1595 et
1469 1556 1570 1594 non
1593 1549 1802 1611 egerunt

178 1630 559 1700 penitentiam
583 1648 737 1703 super
771 1631 1095 1712 immunditia
1116 1673 1133 1702 ,
1159 1642 1206 1687 et
1237 1631 1470 1710 luxuria,
1501 1643 1547 1687 et
1576 1633 1801 1706 fornica-

178 1723 317 1778 tione
338 1740 519 1796 quam
541 1734 822 1798 gesserunt.
856 1724 924 1780 Et
966 1725 1123 1797 paulo
1147 1732 1270 1799 post
1293 1724 1368 1780 ait
1410 1743 1423 1780 :
1456 1723 1724 1792 Praedixi,
1752 1736 1800 1780 et

178 1815 418 1886 prtzdico
446 1816 586 1871 sicut
611 1833 834 1887 prwsens
859 1816 1100 1889 secundo,
1132 1824 1178 1871 et
1207 1833 1340 1888 nunc
1361 1815 1540 1874 absens
1562 1859 1577 1886 ,
1609 1816 1688 1872 his
1711 1807 1798 1889 qui

175 1915 295 1961 ante
332 1918 688 1978 peccaverunt
709 1951 728 1977 ,
773 1918 822 1964 et
849 1909 1041 1972 steteris
1079 1910 1330 1984 omnibus,
1375 1909 1493 1981 quia
1534 1909 1579 1964 si
1617 1925 1796 1966 venero

179 1999 394 2070 iterum,
427 2017 540 2056 non
585 2017 790 2074 parcam
816 2000 837 2077 (
859 2001 902 2056 ll
931 2001 1051 2056 Cor.
1078 2017 1174 2069 xu,
1198 2001 1261 2060 21
1285 2044 1299 2072 ,
1327 2011 1380 2058 et
1403 2018 1518 2071 Xlll,
1538 2001 1574 2056 2
1599 1987 1638 2073 ).
1669 2002 1794 2059 ldeo

180 2092 423 2166 lugendo
449 2081 808 2166 judicabat‘,
842 2104 897 2169 ut
925 2094 1020 2150 Dei
1051 2095 1415 2152 misericordia
1452 2095 1568 2170 sine
1609 2111 1794 2151 corru-

181 2187 369 2256 ptione
399 2187 606 2248 vinculi
632 2187 800 2260 pacis,
825 2186 912 2252 ubi
932 2186 1077 2264 salus
1112 2195 1220 2242 tota
1246 2187 1518 2254 consistit,
1548 2196 1794 2246 contere-

180 2287 260 2334 ret
287 2288 590 2349 peccantes
620 2289 778 2354 atque
802 2280 1129 2356 corrigeret;
1162 2279 1300 2336 sicut
1327 2278 1394 2336 de
1427 2279 1528 2334 isto
1557 2279 1673 2350 ipso
1699 2278 1790 2352 qui

183 2387 303 2436 cum
335 2372 516 2442 patris
545 2385 714 2428 uxore
751 2371 923 2446 fuerat
947 2359 1239 2444 fornicatus
1260 2415 1275 2442 ,
1304 2371 1493 2448 fecisse
1535 2371 1783 2448 intelligi-

183 2473 287 2526 tur.
318 2455 463 2526 Nam
492 2481 600 2532 non
629 2465 893 2522 invenitur
920 2463 989 2520 de
1038 2481 1143 2534 quo
1180 2464 1286 2520 alio
1327 2463 1585 2544 signiﬁcet
1617 2464 1670 2534 in
1702 2479 1790 2520 se-

185 2559 356 2620 canda
386 2558 635 2640 Epistola
662 2557 729 2630 ad
755 2557 974 2615 eosdem
995 2555 1324 2626 Corinthios,
1355 2571 1474 2612 cum
1501 2555 1575 2612 ait
1604 2575 1617 2610 :
1649 2558 1789 2638 Nam

183 2670 244 2718 ex
268 2655 440 2722 amita
464 2652 789 2732 tribulatione
813 2661 860 2722 et
883 2651 1118 2724 angustia
1145 2650 1312 2706 cordis
1335 2649 1518 2721 scripsi
1537 2648 1675 2705 vobis
1698 2666 1790 2722 per

186 2749 371 2804 multas
407 2748 702 2826 (minus,
747 2761 848 2820 non
891 2753 949 2814 ut
972 2735 1388 2820 'contristemini,
1419 2743 1507 2798 sed
1535 2751 1591 2818 ut
1616 2743 1788 2799 sciatis

185 2839 507 2912 dilectionem
553 2857 703 2918 quam
747 2838 904 2908 habeo
946 2835 1288 2893 abundantius
1337 2837 1392 2893 in
1438 2853 1542 2892 vos.
1574 2838 1634 2914 Si
1675 2839 1787 2910 quis

185 2946 350 2998 autem
383 2919 725 3012 contristabit,
758 2950 860 2990 non
880 2949 957 3002 me
976 2932 1285 3000 contristabit
1309 2972 1325 3000 ,
1354 2931 1442 2999 sed
1461 2948 1523 3012 ea:
1549 2941 1710 3010 parte,
1730 2941 1786 2986 ut

185 3045 283 3088 non
304 3044 516 3090 onerent
547 3011 716 3102 omnes
736 3042 839 3082 vos.
870 3024 1068 3102 Suﬂicit
1097 3025 1142 3086 ei
1166 3025 1415 3096 correptio
1445 3011 1551 3092 lucc
1577 3039 1688 3096 qua:
1725 3025 1786 3092 ﬁt

186 3137 219 3174 α
243 3121 441 3186 multis,
471 3121 545 3186 ita
571 3128 626 3186 ut
651 3136 678 3174 e
701 3119 955 3186 contrario
984 3133 1068 3190 bos
1095 3117 1288 3173 donetis
1314 3160 1329 3188 ,
1360 3128 1406 3172 et
1432 3116 1781 3186 consolemini,

189 3229 248 3267 ne
267 3213 479 3286 quando
509 3214 695 3287 majori
721 3213 928 3271 tristitia
955 3211 1277 3284 absorbeatur
1297 3213 1383 3291 qui
1410 3211 1659 3292 ejusmodi
1687 3221 1778 3265 est.

191 3304 410 3376 Propter
434 3306 573 3378 quod
599 3307 799 3378 obsecro
826 3322 933 3376 vos,
975 3315 1028 3362 ut
1059 3306 1365 3378 conﬁrmetis
1394 3306 1445 3374 in
1473 3322 1586 3370 eum
1616 3306 1781 3359 chari-

189 3407 359 3454 tatem.
385 3400 469 3455 Ad
503 3400 600 3458 hoc
627 3402 760 3456 enim
783 3409 834 3458 et
857 3400 1072 3471 scripsi,
1099 3408 1158 3470 ut
1191 3415 1490 3476 cognoscam
1529 3398 1784 3472 probatio-

189 3507 300 3546 nem
343 3501 584 3561 uestram,
627 3493 671 3556 si
793 3491 1025 3564 omnibus
1069 3490 1391 3556 obaudientes
1433 3492 1573 3552 estis.
1611 3490 1676 3554 Si
1699 3491 1784 3548 cui

191 3594 356 3640 autem
389 3583 586 3658 aliquid
610 3585 935 3654 donaueritis,
965 3593 1014 3648 et
1034 3599 1146 3662 ego.
1177 3581 1316 3652 Nam
1336 3591 1381 3640 et
1402 3600 1492 3656 ego
1515 3584 1560 3638 si
1583 3583 1669 3638 cui
1689 3583 1782 3640 do-

193 3678 321 3748 nari,
364 3687 576 3750 propter
593 3694 700 3748 vos,
734 3679 789 3738 in
816 3693 1032 3749 persona
1058 3676 1245 3742 Christi
1263 3718 1277 3742 .
1306 3685 1359 3744 με
1384 3693 1484 3736 ηοη
1516 3678 1781 3751 P085544“-

193 3785 304 3824 ηιατ-
322 3787 354 3824 α
372 3781 558 3826 satana
583 3787 603 3826 :
633 3788 734 3826 non
763 3771 894 3825 enim
921 3771 1213 3840 ignoramus
1234 3777 1421 3824 mentes
1440 3771 1550 3841 ejus
1575 3769 1685 3839 (Id.
1717 3787 1778 3840 η,

193 3862 318 3920 ὁ-ΙΙ
339 3865 380 3935 ).
435 3863 575 3932 Quid
602 3863 930 3944 moderatius
950 3904 966 3934 ,
997 3862 1123 3934 quid
1152 3862 1480 3936 diligentius,
1512 3864 1639 3938 quid
1665 3864 1779 3920 sol-

193 3952 464 4020 licitudine
491 3957 576 4030 pia
600 3964 657 4012 et
679 3964 898 4030 paterna
925 3969 988 4016 ac
1011 3963 1250 4026 materna
1289 3955 1549 4028 charitate
1575 3956 1780 4027 plenius

195 4050 302 4106 fieri
330 4059 428 4110 aut
445 4051 552 4110 dici
580 4050 791 4126 potest?
818 4050 969 4125 Sicut
990 4051 1234 4126 peccanti
1266 4050 1486 4108 adhibet
1527 4051 1782 4115 emenda-

197 4143 412 4213 tionem.
443 4145 524 4202 sic
557 4152 804 4222 correcta
829 4156 862 4213 ,'
883 4151 940 4210 et
961 4143 1258 4208 conterenti
1293 4152 1452 4215 atque
1481 4143 1779 4202 humilianti

198 4233 247 4290 in
274 4237 585 4308 permensis
615 4251 712 4298 cor
740 4252 927 4312 suum,
957 4237 1075 4298 vult
1097 4235 1251 4294 reddi
1274 4237 1696 4302 consolationem
1723 4239 1776 4304 ’ς

197 4332 478 4402 neniajori,
505 4331 715 4404 inquit,
747 4331 949 4398 tristitia
975 4329 1317 4396 absorbeatur.
1359 4328 1464 4409 Sed
1495 4330 1621 4402 quid
1649 4328 1779 4388 illud

197 4433 297 4491 quo
321 4423 586 4482 conclusit
620 4423 777 4490 istam
807 4424 1127 4484 sententiam
1151 4465 1166 4492 ,
1202 4422 1271 4485 Ut
1298 4441 1401 4490 non
1433 4424 1780 4494 possideamur

197 4517 458 4582 nutans?
492 4513 615 4584 Nan
652 4517 819 4583 sitim,
857 4516 1048 4590 inquit,
1097 4516 1388 4591 ignoramus
1429 4524 1618 4572 mentes
1647 4517 1775 4588 ejus.

198 4603 310 4674 Ipse
332 4617 417 4666 est
429 4608 574 4670 enim
605 4609 695 4681 qui
720 4624 816 4680 per
840 4610 1124 4684 imaginem
1153 4609 1303 4684 quasi
1340 4609 1499 4680 justas
1525 4610 1780 4684 severita-

202 4695 263 4752 tis
285 4699 554 4762 crudelem
579 4700 836 4764 saevitiam
865 4701 1170 4774 persuadet,
1194 4701 1323 4760 nihil
1352 4701 1494 4761 aliud
1520 4712 1780 4774 appetens

201 4795 608 4871 venenosissitna
635 4795 864 4860 versutia
906 4810 1023 4863 sua,
1054 4796 1157 4854 nisi
1200 4805 1259 4853 ut
1283 4808 1591 4870 corrumpat
1619 4808 1780 4870 atque

201 4881 488 4959 disrumpat
511 4887 777 4958 vinculum
807 4891 952 4961 pacis
993 4899 1049 4948 ct
1073 4891 1369 4958 charitatis,
1421 4907 1528 4964 quo
1552 4907 1778 4948 conser-

202 4987 314 5034 vato
360 4983 498 5040 inter
543 4981 908 5051 Christianos,
951 4986 1091 5042 vires
1135 4987 1251 5055 ejus
1308 5000 1495 5042 omnes
1535 4984 1778 5046 invalida:

206 5070 324 5132 fiunt
349 5075 416 5131 ad
439 5075 762 5146 nocendum,
794 5086 848 5134 et
870 5078 1180 5148 muscipula:
1209 5078 1518 5140 insidiarum
1547 5080 1776 5145 commi-

205 5178 442 5234 nuuntur,
471 5177 526 5224 et
553 5170 773 5225 consilia
799 5156 1090 5226 eversionis
1116 5179 1463 5226 evanescunt.

265 5259 484 5320 CAPUT
508 5259 572 5318 ll.
603 5291 675 5303 ——
699 5263 751 5318 4.
781 5260 889 5319 Sed
911 5263 1010 5318 etsi
1036 5264 1106 5318 de
1127 5263 1306 5332 aliquo
1329 5262 1434 5317 alio
1458 5262 1513 5318 in
1542 5264 1775 5322 secunda

209 5351 266 5406 ad
289 5352 587 5411 Corinthios
615 5355 852 5426 Epistula
894 5354 1101 5414 locutus
1143 5364 1228 5411 est
1272 5356 1594 5427 Apostolus,
1625 5365 1680 5413 et
1705 5357 1776 5414 ibi

262 5512 428 5588 tua.
735 5512 903 5588 υθιὲειε
924 5512 1338 5588 assumimu-

264 5575 282 5605 ¹
303 5577 429 5649 editi,
439 5575 634 5649 adhibet
640 5575 1012 5649 damnationem,
1024 5575 1094 5628 sic
1111 5583 1324 5649 correcta
1333 5584 1473 5649 atque
1487 5584 1778 5649 contremen-

213 5634 333 5709 tim.
351 5634 446 5709 uult
481 5637 692 5709 reddere
723 5639 1110 5709 consolationem.
1134 5641 1297 5703 Aptius
1335 5634 1538 5709 salicum
1563 5643 1773 5709 codices,

211 5696 1563 5792 3893?.

214 5765 331 5830 (Itque
725 5762 826 5814 vult
846 5761 990 5816 reddi
1009 5761 1375 5817 consolationem
1397 5780 1414 5818 :
1439 5776 1650 5831 excepto
1679 5761 1778 5822 uno

214 5823 477 5880 olitionem,
502 5828 584 5889 qui
599 5825 811 5889 praefert,
836 5831 977 5889 tuque
998 5827 1301 5877 convertenti.

1611 300 1816 361 LIBER
1851 299 2171 365 manus.
3207 263 3223 278 ’
3439 320 3510 381 εδ

1923 428 2099 477 tamen
2114 423 2425 498 significavit
2442 437 2636 500 quanta
2653 429 2719 488 ch
2729 430 2919 489 aritate
2945 431 2999 490 in
3025 447 3292 506 quemque
3316 434 3514 496 debeat

1917 511 2274 572 ecclesiastica
2303 516 2532 575 vindicta
2575 522 2882 591 procedere.
2916 522 3030 580 Hoc
3074 535 3156 581 est
3204 525 3334 582 illud
3361 529 3508 599 quod

1917 602 2004 660 isti
2038 622 2142 662 non
2170 609 2523 682 intelligentes
2556 617 2694 672 inter
2719 618 3014 676 calumnias
3041 635 3167 678 suas
3207 622 3384 679 solent
3409 622 3509 681 ha-

1916 696 2043 755 bere
2073 703 2395 773 prtecipuum
2427 724 2440 762 :
2469 705 2768 766 Emendabit
2802 729 2882 767 me
2915 714 3083 786 iustus
3115 715 3171 770 in
3219 716 3506 772 misericor-

1914 788 2020 857 dia,
2043 801 2091 846 et
2117 805 2292 865 arguet
2329 814 2444 864 me;
2472 799 2638 855 oleum
2661 812 2826 858 autem
2865 808 3139 874 peccatoris
3181 823 3283 863 non
3310 809 3504 865 inmin-

1912 893 2030 954 guet
2057 897 2208 957 caput
2223 905 2386 944 meum
2405 891 2580 962 (Psat.
2596 909 2716 962 (ιιι,
2748 895 2825 968 5).
2856 897 2990 966 Quia
3017 915 3146 956 vero
3188 901 3274 956 isti
3307 917 3416 958 non
3445 903 3500 960 ln

1911 977 2277 1036 misericordia
2316 984 2600 1042 emendare
2629 995 2924 1053 noverunt,
2957 990 3305 1049 eLCasciliaui
3333 994 3491 1052 inno-

1909 1073 2137 1128 centiam
2167 1077 2323 1134 saevis
2364 1079 2755 1150 suspicionibus
2781 1083 3024 1140 insectati
3051 1096 3206 1154 sunt,
3237 1097 3292 1144 et
3317 1088 3499 1160 Optati

1910 1162 2215 1223 Gildoiliani
2259 1172 2549 1241 potentiam
2596 1173 2798 1231 fallacis
2819 1177 2940 1232 oleo
2977 1177 3296 1236 adulationis
3322 1198 3494 1240 unxe-

1907 1265 2049 1311 runt.
2105 1257 2238 1316 Nam
2291 1263 2335 1317 si
2391 1274 2608 1336 propter
2643 1267 2912 1323 vinculum
2969 1270 3114 1340 pacis
3161 1271 3497 1344 iniquitatem

1905 1347 2082 1420 Optati
2109 1364 2384 1423 gementes
2421 1357 2766 1431 lugentesqne
2804 1352 3134 1430 tolerarent,
3163 1379 3271 1420 non
3315 1366 3497 1438 utique
3533 1376 3546 1387 ’

1905 1455 2089 1511 pacem
2129 1444 2470 1504 christianum
2505 1461 2663 1521 atque
2704 1453 3020 1509 catholicam
3049 1455 3103 1511 in
3140 1455 3273 1514 orbe
3329 1467 3498 1515 terra-

1902 1548 2043 1603 rum,
2071 1548 2418 1613 sanctamque
2447 1544 2701 1602 nnitatem
2739 1546 3138 1619 disrumperent
3161 1552 3203 1620 ¹,
3233 1561 3326 1608 aut
3348 1563 3495 1610 certe

1901 1641 1932 1682 a
1961 1628 2250 1699 majoribus
2275 1634 2384 1690 suis
2417 1635 2616 1692 nefaria
2645 1639 2883 1695 eiecitate
2912 1640 3206 1712 disruptam
3235 1643 3305 1700 ita
3332 1644 3486 1701 dole-

1899 1729 2036 1786 rent,
2067 1728 2125 1777 ut
2147 1723 2335 1780 saltem
2380 1726 2519 1796 apud
2545 1742 2605 1784 se
2644 1731 2849 1800 experti
2893 1746 3053 1802 quam
3099 1733 3296 1791 multos
3321 1736 3492 1794 malos
3580 1733 3583 1737 ”

1899 1825 1998 1881 pro
2026 1827 2155 1882 pace
2200 1816 2389 1872 Donati
2436 1817 2578 1875 ferre
2611 1829 2900 1892 cogantur,
2951 1823 3242 1894 impacatos
3282 1826 3492 1884 illorum
3573 1832 3582 1837 ’

1897 1905 2190 1962 calumnias
2216 1923 2345 1979 pace
2369 1925 2480 1966 suae
2505 1915 2857 1969 correctionis
2881 1916 3307 1987 exstinguerent.

1968 1998 2020 2054 ὅ.
2048 1998 2154 2055 Sed
2183 2008 2238 2056 et
2262 2001 2329 2056 ad
2367 2002 2511 2058 illius
2551 2004 2739 2075 prima:
2766 2005 2834 2061 ad
2879 2005 3187 2064 Corinthios
3233 2009 3489 2081 Epistolas

1893 2092 2277 2162 consequentia
2323 2093 2626 2151 redeamus.
2689 2097 2824 2154 Cum
2875 2097 3101 2156 dixisset
3147 2102 3438 2173 Apostolus
3465 2147 3485 2174 ,

1896 2178 2118 2237 Tradere
2145 2183 2437 2256 lntjusmodi
2461 2196 2653 2244 satanas
2677 2189 2731 2243 in
2769 2190 3028 2246 interitum
3058 2195 3228 2250 carnis
3246 2236 3262 2263 ,
3294 2207 3350 2252 ut
3373 2199 3488 2269 spi-

1891 2272 2020 2328 ritus
2049 2275 2216 2331 salvus
2235 2277 2298 2331 sit
2326 2278 2378 2332 in
2406 2278 2488 2333 die
2509 2277 2717 2334 Domini
2741 2278 2870 2336 Iesu
2898 2297 2918 2336 :
2944 2283 3104 2338 etiam
3132 2293 3294 2356 atque
3321 2289 3486 2347 etiam

1892 2369 2274 2425 commendans
2319 2370 2620 2430 humilitate
2659 2374 2953 2445 lugentium
2974 2375 3078 2433 hoc
3119 2378 3318 2438 debere
3343 2381 3483 2451 fleri,

1891 2476 1999 2517 non
2042 2463 2289 2534 superbia
2343 2466 2714 2534 stevientium,
2761 2468 3018 2524 continuo
3059 2469 3306 2542 subjecit,
3360 2473 3487 2532 Non

1891 2557 2022 2612 bona
2049 2558 2283 2627 gloriatio
2297 2569 2459 2614 vestra
2481 2577 2494 2613 :
2519 2561 2606 2617 vel
2633 2575 2728 2632 per
2747 2562 3213 2633 exprobrationem
3235 2582 3479 2637 pronun-

1890 2647 2142 2716 tiationis,
2199 2647 2346 2706 Bona
2371 2650 2608 2722 gloriatio
2646 2664 2829 2708 vestra.
2855 2651 2947 2711 Sic
2967 2654 3112 2711 enim
3135 2658 3398 2729 nonnulli,
3425 2669 3484 2718 et

1889 2741 2120 2796 maxime
2146 2741 2294 2797 latini
2317 2742 2533 2799 codices
2557 2743 2777 2813 habent,
2809 2760 2934 2802 cum
2967 2747 3155 2805 eadem
3181 2749 3236 2806 in
3253 2762 3483 2824 utroque

1886 2835 2148 2889 sententia
2199 2843 2460 2891 teneatur.
2482 2835 2600 2892 Non
2620 2837 2764 2893 enim
2792 2839 3136 2896 metuendum
3163 2851 3245 2898 est
3269 2859 3338 2899 ne
3360 2845 3483 2915 quis

1888 2928 2149 3000 intelligat
2177 2929 2442 2986 laudando
2467 2945 2562 2987 eos
2587 2931 2808 2999 dixisse,
2832 2932 2980 2990 Bona
3005 2936 3241 3006 gloriatio
3269 2947 3432 2993 vestra
3457 2956 3482 2995 :

1886 3036 2006 3075 cum
2037 3029 2089 3076 et
2117 3022 2362 3092 superius
2386 3023 2600 3091 dixerit,
2631 3023 2813 3096 lnﬂati
2841 3028 2978 3094 estis,
3003 3038 3050 3083 et
3080 3046 3181 3085 non
3209 3033 3377 3102 potius
3404 3031 3482 3088 lu-

1885 3122 2018 3167 ctum
2046 3114 2320 3182 habuistis;
2367 3125 2418 3172 et
2459 3116 2545 3172 hic
2581 3118 2837 3175 continuo
2883 3120 3166 3193 subiungat
3193 3163 3212 3191 ,
3257 3122 3480 3182 Nescitis

1884 3207 2002 3278 quia
2052 3208 2302 3262 modicum
2351 3212 2649 3281 {mentum
2713 3221 2869 3267 totam
2917 3231 3138 3271 massam
3196 3219 3480 3288 corrumpit

1885 3300 1938 3371 (l
1966 3301 2082 3356 Cor.
2131 3316 2184 3366 ν,
2233 3302 2309 3372 6)
2351 3303 2539 3373 :quod
2585 3303 2652 3358 ad
2703 3305 2871 3375 ipsam
2923 3306 3096 3363 inanis
3144 3309 3478 3380 gloriationis

1885 3393 2284 3464 corruptionem
2310 3395 2691 3465 congruentius
2717 3395 2907 3453 referri
2932 3408 3110 3469 potest
3128 3401 3171 3454 ⁸.
3213 3399 3479 3472 Superbia

1883 3488 2081 3558 quippe
2126 3502 2192 3542 ex
2249 3494 2511 3543 vetustate
2539 3486 2562 3522 ³
2594 3489 2751 3560 primi
2791 3489 3042 3557 hominis,
3092 3493 3182 3562 qui
3222 3495 3476 3564 superbia

1883 3581 2062 3651 lapsus
2082 3588 2186 3650 est,
2216 3581 2365 3651 quasi
2412 3581 2730 3638 fermentata
2757 3590 2814 3638 et
2849 3595 3102 3656 corrupta
3133 3596 3312 3643 mente
3347 3588 3476 3645 facit

1883 3674 2051 3732 elatos
2077 3674 2128 3730 in
2157 3688 2316 3729 unam
2341 3673 2781 3746 conspersionem
2803 3717 2818 3744 ,
2849 3677 2938 3747 qui
2983 3676 3197 3734 sibimet
3226 3681 3277 3735 in
3308 3695 3426 3736 eam
3449 3680 3475 3714 ⁸

1882 3767 2042 3824 simili
2068 3767 2339 3839 jactantia:
2362 3766 2597 3824 vanitate
2614 3769 2975 3826 consentiunt.
3013 3771 3083 3827 Et
3109 3772 3324 3844 gloriari
3352 3775 3473 3846 qui-

1881 3861 2026 3929 dem,
2060 3875 2165 3918 non
2186 3861 2253 3918 de
2270 3863 2502 3934 peccatis
2529 3861 2660 3930 suis,
2689 3861 2784 3918 sed
2810 3878 2972 3935 super
2986 3863 3208 3922 alterius
3233 3876 3468 3938 peccata,

1884 3965 2132 4028 tanquam
2163 3969 2232 4012 ex
2258 3955 2658 4027 comparatione
2683 3956 3004 4012 innocentiae
3031 3972 3163 4025 suae,
3197 3960 3468 4015 modicum

1882 4047 2092 4103 videtur
2128 4046 2484 4114 fermentum;
2514 4047 2636 4118 quia
2667 4045 2734 4102 de
2759 4047 2871 4104 suis
2899 4048 3059 4104 etiam
3105 4050 3474 4120 iniquitatibus

1881 4141 2122 4213 gloriari,
2153 4142 2378 4198 multum
2423 4142 2746 4198 fermentum
2771 4152 2854 4197 est
2888 4161 2902 4197 :
2935 4143 3030 4198 sed
3059 4152 3115 4200 et
3145 4144 3275 4199 illud
3304 4145 3474 4201 modi‘

1881 4250 2003 4290 cum
2031 4245 2194 4291 totam
2224 4250 2455 4291 massam
2485 4235 2800 4308 corrumpit.
2830 4233 2986 4290 Cadit
3032 4236 3174 4291 enim
3211 4239 3475 4307 superbus

1883 4328 2074 4383 merito
2102 4326 2363 4398 superbia:
2412 4341 2544 4392 suae,
2601 4335 2657 4381 ct
2698 4325 2885 4395 incipit
2926 4327 3086 4380 etiam
3118 4337 3332 4397 peccata
3377 4345 3475 4384 sua

1879 4418 2220 4478 defendendo
2244 4419 2383 4474 velle
2404 4417 2640 4490 gloriari.
2669 4417 2821 4486 Quod
2852 4417 3150 4486 prtevidens
3171 4419 3308 4474 idem
3339 4437 3472 4491 apo-

1881 4512 2048 4568 stolus
2075 4512 2190 4567 ait:
2229 4510 2580 4582 Quapropter,
2610 4511 2700 4582 qui
2742 4526 2796 4564 se
2835 4519 2978 4582 putat
3020 4520 3175 4578 stare,
3220 4513 3385 4568 videat
3412 4531 3475 4570 ne

1880 4605 2030 4661 cadat
2077 4604 2197 4674 (Id.
2250 4601 2468 4674 x,12).
2513 4600 2584 4660 Et
2628 4603 2821 4659 iterum
2879 4619 2892 4657 :
2950 4601 3014 4660 Si
3084 4616 3474 4677 prwoccupatus

1881 4699 2031 4774 fuerit
2060 4700 2208 4754 homo
2236 4697 2290 4754 in
2325 4697 2494 4770 aliqua
2521 4696 2704 4753 delicto
2721 4739 2738 4766 ,
2765 4709 2851 4753 vos
2890 4697 2977 4768 qui
3001 4698 3291 4769 spirituales
3329 4702 3471 4769 estis,

1880 4792 2112 4848 instruite
2138 4789 2433 4861 Imjusmodi
2459 4790 2513 4845 in
2534 4791 2716 4861 spiritu
2745 4789 3166 4856 mansuetudinis,
3198 4790 3469 4847 intendens

1882 4886 2124 4956 teipsum,
2160 4901 2222 4938 ne
2247 4893 2295 4939 et
2324 4893 2376 4938 tu
2415 4883 2640 4938 tenteris.
2668 4881 2808 4936 Alter
2834 4879 3045 4937 alterius
3071 4898 3226 4938 onera
3251 4893 3471 4954 portate,
3531 4901 3564 4964 .5

1881 4990 1927 5036 et
1956 4981 2029 5036 sic
2057 4979 2397 5050 adimplebitis
2425 4978 2584 5048 legem
2614 4975 2802 5032 Christi
2831 4974 3027 5049 (Galat.
3057 4992 3134 5043 v1,
3153 4975 3208 5044 l,
3231 4977 3309 5050 2).
3331 4978 3474 5046 Quid
3535 4973 3571 5042 ᾖ

1881 5081 1963 5129 est
2004 5073 2086 5128 lex
2128 5061 2362 5140 Christi,
2396 5070 2516 5138 nisi,
2551 5067 2852 5122 Mandatum
2897 5084 3077 5124 novum
3108 5068 3174 5125 do
3202 5069 3339 5125 vobis
3362 5113 3376 5133 ,
3417 5079 3476 5126 ut

1880 5165 2104 5236 diligatis
2130 5164 2339 5219 invicem
2361 5160 2379 5231 (
2402 5157 2555 5214 Joan.
2587 5176 2702 5226 xut,
2737 5159 2875 5231 34)?
2904 5160 3044 5229 Quid
3075 5168 3157 5215 est
3197 5161 3282 5216 lex
3307 5160 3466 5216 Chri-

1881 5257 1970 5322 sti,
2000 5255 2100 5310 nisi
2126 5297 2141 5323 ,
2172 5253 2362 5310 Parem
2389 5269 2550 5306 nteant
2578 5251 2643 5306 do
2669 5251 2827 5318 vobis,
2856 5268 3032 5323 pacem
3081 5254 3310 5322 relinquo
3336 5253 3473 5309 vobis

1944 5393 1961 5426 ι
1986 5391 2194 5444 Vaticani
2225 5395 2358 5453 uss,
2382 5386 2433 5442 in
2455 5386 2584 5444 orbis
2602 5394 2844 5446 terrarum
2862 5393 3030 5442 saneta
3052 5387 3230 5450 unitate
3253 5366 3478 5441 dierum:

2079 5515 2284 5566 vaticanl
2299 5513 2509 5565 codices.
2529 5519 2586 5565 At
2608 5511 2724 5564 editi
2741 5546 2757 5574 ,
2781 5509 2900 5575 quid
2925 5510 2990 5563 ad
3293 5512 3475 5577 referri

1878 5580 2070 5647 potest}?
2089 5581 2248 5647 minus
2261 5585 2417 5647 recte.
2463 5645 2470 5647 _
2539 5644 2546 5647 _
2588 5644 2595 5647 _
2664 5644 2694 5647 _
2869 5636 2879 5646 ι

1944 5646 1965 5677 ³
1988 5644 2124 5703 Εάἱιὶ,
2147 5641 2272 5703 velut
2295 5652 2360 5692 ea:
2398 5644 2640 5692 vetustate.
2664 5636 2982 5700 Expungitur,
3014 5635 3156 5700 velut,
3183 5638 3476 5691 auctoritate

1878 5702 2293 5774 wdiqsmsaﬂni.
2387 5762 2401 5774 .
2734 5773 2738 5774 ί
3056 5773 3107 5774 έν
3216 5760 3250 5774 _
3297 5772 3305 5774 _
3361 5761 3436 5774 Α.

1943 5770 1966 5801 δ
1989 5769 2156 5819 Plures
2198 5774 2340 5830 Mss,
2380 5762 2432 5817 in
2471 5777 2569 5816 una
2632 5760 2963 5826 conspersiune
2987 5796 3001 5822 ,
3043 5773 3129 5826 qui
3188 5760 3376 5815 sibimet
3415 5761 3472 5814 in

1875 5845 1952 5881 «α.
