3764 6162
383 219 452 276 87
1169 219 1442 280 comas
1481 212 1865 276 EPISTOLAM
1907 174 2351 290 PAlllltiNlANl,
2394 216 2452 274 s.
2493 219 2867 283 AUGUSTINI
3637 228 3712 290 ss

375 342 564 417 (Joan.
610 358 724 411 xlv,
765 339 882 416 27).
912 339 1067 412 Quod
1106 339 1346 412 ergo-hic
1374 337 1528 403 dixit,
1564 333 1786 390 Invicem
1817 347 1973 387 onera

372 446 544 494 vestra
571 445 800 507 portate,
831 445 878 491 et
921 435 994 490 sic
1033 431 1373 504 adimplebitis
1413 431 1570 502 legem
1605 427 1830 492 Christi;
1876 425 1979 480 hoc

366 529 476 588 alio
500 530 619 586 loco
647 531 740 596 ait,
766 527 1077 597 Str/ferentes
1101 527 1312 581 invicem
1338 526 1390 581 in
1411 524 1700 587 dilectione,
1727 520 1980 576 studentes

365 637 567 679 servare
590 623 832 680 unitatem
859 621 1068 693 spiritus
1093 621 1154 674 in
1183 617 1383 675 vinculo
1404 617 1543 689 pacis
1569 614 1786 690 (Ep/tes.
1813 629 1888 682 IV,
1919 612 1975 682 2,

365 715 452 789 3).
486 713 618 771 Nam
647 723 701 770 et
724 714 776 769 in
809 712 900 769 illo
925 712 1196 768 Pharismo
1221 710 1487 766 modicum
1516 708 1834 786 fermentum
1857 719 1978 762 esse

314 850 340 864 .,
368 804 672 874 videbatur,
706 804 829 876 quia
856 813 1196 876 peeeatorem
1223 817 1331 858 non
1374 802 1550 857 solum
1591 815 1695 856 non
1725 797 1969 868 dolebat,

299 877 319 943 ’Ῐ
363 895 458 954 sed
483 911 644 969 super
661 897 778 968 ejus
798 905 1011 967 peccata
1027 894 1093 952 de
1105 895 1216 951 suis
1236 909 1295 950 se
1310 893 1514 950 meritis
1533 891 1842 950 extollebat.
1865 890 1973 948 Sed

361 990 745 1049 descenditille
771 990 1036 1047 confitens
1061 999 1272 1061 peccata
1293 1004 1386 1046 sua
1409 1031 1425 1057 ,
1459 988 1779 1060 justificatus
1805 987 1973 1058 magis

365 1099 530 1155 quam
559 1084 650 1142 ille
672 1084 978 1142 Pharisteus
997 1085 1205 1156 jactans
1231 1084 1421 1141 merita
1447 1098 1542 1139 sua
1576 1101 1591 1140 :
1620 1083 1860 1156 quoniam
1885 1083 1971 1154 qui

301 1178 319 1225 ἴ
359 1192 414 1231 se
439 1177 658 1243 exultat,
691 1177 1042 1233 humiliabitur
1068 1220 1082 1246 ,
1111 1188 1157 1233 et
1186 1179 1274 1250 qui
1294 1194 1348 1233 se
1376 1178 1629 1244 humiliat,
1662 1177 1967 1232 exaltabitur

272 1283 288 1296 ·
357 1267 512 1338 lLuc.
541 1284 690 1336 xvut,
712 1269 924 1343 10-14).
952 1270 1202 1341 Sequitur
1220 1286 1348 1344 ergo
1369 1270 1654 1342 Apostolus
1677 1311 1694 1338 ,
1722 1279 1776 1327 et
1798 1270 1963 1326 dicit:

363 1361 661 1436 Expurgate
683 1373 822 1419 vetus
867 1368 1210 1436 fermentum,
1260 1373 1315 1420 ut
1341 1365 1453 1420 sitis
1496 1381 1626 1419 nova
1654 1363 1962 1434 conspersio,

359 1455 489 1511 sicut
515 1458 633 1513 estis
655 1458 841 1529 azymi.
883 1457 1020 1526 Quid
1062 1465 1166 1524 est,
1187 1465 1242 1512 ut
1281 1459 1390 1513 sitis
1427 1466 1519 1524 :et
1534 1457 1660 1529 quid
1684 1467 1766 1513 est
1792 1499 1808 1526 ,
1834 1458 1964 1512 sicut

358 1549 479 1604 estis
507 1566 525 1603 :
547 1549 650 1606 nisi
679 1550 802 1622 quia
823 1559 977 1606 erant
997 1549 1067 1606 ibi
1086 1550 1238 1618 tales,
1255 1558 1408 1606 erant
1446 1551 1518 1606 ibi
1532 1566 1636 1606 non
1655 1552 1808 1619 tales,
1827 1565 1961 1622 quos

361 1651 423 1697 ut
446 1641 584 1697 tales
607 1649 812 1709 essent,
835 1641 1081 1713 exemplo
1113 1642 1300 1698 talium
1323 1642 1700 1699 commonebat
1717 1643 1957 1700 ?Tamen

358 1749 550 1792 omnes
575 1735 627 1791 in
670 1751 776 1791 uno
807 1743 1057 1807 tanquam
1088 1736 1307 1816 eosdem
1343 1736 1596 1794 admonet
1618 1779 1633 1805 ,
1663 1753 1730 1793 ne
1762 1738 1838 1794 illi
1864 1739 1958 1810 qui

359 1828 498 1884 tales
528 1838 682 1885 erant
710 1830 749 1896 ⁸,
797 1829 1144 1901 desperarent
1185 1829 1254 1887 de
1290 1829 1376 1885 his
1406 1831 1495 1902 qui
1543 1831 1780 1888 nondum
1825 1832 1957 1889 tales

357 1932 534 1988 erant,
557 1932 611 1979 et
625 1937 718 1979 eos
744 1923 812 1978 ad
832 1937 1145 1996 compagem
1173 1924 1256 1980 sui
1281 1925 1524 1996 corporis
1548 1940 1653 1982 non
1681 1926 1956 1997 pertinere

357 2013 781 2082 arbitrarentur;
811 2023 1062 2087 tanquam
1103 2015 1322 2074 eosdem
1347 2015 1602 2074 admonet
1639 2033 1762 2073 cum
1797 2017 1950 2086 dicit,

355 2115 414 2161 ut
436 2107 546 2162 sitis
571 2107 702 2162 sicut
728 2109 868 2163 estis.
918 2106 1187 2165 Noveram
1231 2109 1373 2164 enim
1421 2118 1478 2165 et
1520 2109 1596 2165 illi
1615 2111 1712 2181 qui
1735 2109 1844 2181 jam
1872 2110 1953 2166 sic

359 2206 537 2267 erant,
568 2209 621 2254 et
649 2198 974 2257 admonente
1002 2201 1263 2272 Apostolo
1285 2202 1454 2273 magis
1482 2203 1757 2274 magisque
1787 2217 1949 2260 nosse

357 2290 643 2358 debebant,
673 2292 898 2350 sufferre
919 2294 1040 2351 illos
1063 2296 1154 2367 qui
1182 2295 1418 2352 nondum
1442 2296 1521 2352 sic
1545 2305 1734 2363 erant,
1761 2306 1822 2353 ut
1845 2296 1952 2353 suf-

353 2384 580 2441 ferendo
627 2387 856 2443 invicem
902 2388 955 2443 in
999 2388 1306 2458 dilectione,
1363 2401 1642 2449 servarent
1690 2393 1947 2449 unitatem

353 2477 577 2549 spiritus
603 2479 654 2534 in
697 2479 911 2536 vinculo
937 2483 1103 2551 pacis,
1135 2492 1192 2539 et
1231 2483 1463 2540 invicem
1505 2500 1667 2540 onera
1694 2500 1789 2542 sua
1815 2500 1944 2556 por-

351 2578 554 2639 tantes,
581 2570 864 2641 implerent
891 2573 1071 2644 utique
1097 2575 1270 2646 legem
1296 2574 1518 2644 Christi,
1551 2593 1652 2649 qua
1685 2578 1948 2635 Dominus

353 2670 539 2718 noster
578 2661 734 2719 .lesus
761 2662 1009 2722 Christus
1037 2665 1106 2723 ad
1134 2667 1430 2726 docendam
1461 2669 1776 2728 humilitatis
1803 2673 1944 2730 viam

351 2767 523 2824 usque
541 2754 608 2810 ad
634 2763 865 2812 mortem
895 2757 1072 2814 crucis
1103 2758 1371 2817 humiliari
1396 2761 1649 2834 dignatus
1667 2773 1750 2819 est
1774 2764 1946 2835 (Phi-

350 2845 483 2918 lipp.
508 2861 567 2915 ιι,
591 2846 679 2916 8),
706 2857 760 2905 et
791 2857 1042 2921 tanquam
1071 2851 1312 2909 medicus
1340 2863 1684 2924 azgrotantes,
1717 2857 1790 2912 ita
1819 2873 1942 2914 cum

349 2933 636 2994 dilectione
656 2939 876 3009 pertulit
896 2951 1182 3012 peccantes
1201 2986 1217 3012 ,
1234 2945 1303 3000 de
1317 2946 1510 3017 quibus
1536 2947 1747 3005 dixerat
1773 2991 1788 3017 ,
1812 2949 1935 3007 Non

346 3037 422 3083 est
433 3043 563 3100 apus
577 3031 717 3086 sanis
734 3031 976 3101 medicus,
1001 3037 1092 3090 sed
1108 3038 1468 3108 aegrotantibus
1489 3039 1704 3111 (Matth.
1732 3058 1808 3110 Ix,
1827 3043 1940 3116 12).

345 3118 644 3193 Statimque
695 3124 987 3196 principale
1043 3130 1320 3200 proposuit
1366 3133 1672 3204 exemplum
1718 3134 1937 3204 dicens,

347 3211 552 3271 Etenim
605 3219 795 3287 pascha
845 3231 1075 3277 nostrum
1111 3223 1402 3280 immolatus
1448 3236 1523 3282 est
1567 3227 1796 3285 Christus
1817 3246 1837 3284 :
1883 3239 1943 3286 ut

345 3314 512 3364 tantae
543 3306 861 3368 humilitatis
886 3312 1136 3384 exemplo
1161 3314 1436 3373 discerent
1454 3333 1757 3391 expurgare
1783 3329 1940 3378 vetus

344 3397 692 3467 fermentum,
724 3401 777 3457 id
806 3413 890 3459 est
908 3445 924 3470 ,
973 3405 1230 3477 quidquid
1260 3408 1314 3464 in
1342 3410 1422 3466 eis
1451 3411 1718 3481 superbiae
1747 3413 1816 3470 de
1844 3429 1938 3470 ve-

349 3489 454 3546 teri
483 3491 700 3548 homine
723 3495 1088 3552 remansisset.
1119 3496 1336 3569 Itaque,
1366 3502 1558 3572 inquit,
1590 3503 1724 3558 diem
1753 3508 1938 3577 festum

343 3583 649 3640 celebremus
673 3600 814 3649 ;non
839 3587 1021 3657 utique
1051 3605 1208 3643 unam
1231 3590 1394 3658 diem,
1423 3595 1514 3648 sed
1541 3603 1704 3649 totam
1732 3600 1894 3653 vitam
1921 3616 1934 3652 :

343 3691 447 3730 non
488 3677 539 3730 in
592 3679 836 3745 fermento
882 3680 1051 3747 veteri,
1085 3697 1241 3751 neque
1255 3683 1308 3736 in
1348 3687 1594 3753 fermento
1636 3688 1843 3744 malitia:
1891 3701 1939 3745 et

345 3861 460 3915 litia
492 3861 685 3930 quippe
723 3871 804 3914 est
851 3873 905 3916 et
945 3864 1243 3935 malignitas
1277 3866 1423 3921 velut
1476 3867 1543 3922 de
1581 3869 1756 3925 alieno
1812 3887 1937 3942 pec-

341 3959 464 4006 cato
503 3950 758 4022 gloriari,
792 3955 942 4022 quasi
972 3962 1096 4010 tunc
1123 3955 1315 4012 debeat
1339 3957 1407 4014 de
1431 3958 1638 4028 justitia
1663 3976 1755 4017 sua
1785 3963 1935 4033 quis-

341 4055 450 4112 que
473 4040 736 4112 gaudere,
765 4057 886 4098 cum
928 4043 1091 4101 alium
1116 4046 1318 4117 justum
1345 4064 1465 4106 esse
1491 4066 1596 4106 non
1649 4067 1936 4125 conspexeo

341 4134 434 4190 rit.
467 4133 762 4190 Sinceritas
790 4144 969 4192 autem
996 4145 1052 4193 et
1077 4141 1274 4196 veritas
1299 4150 1415 4209 est,
1453 4144 1613 4198 etiam
1652 4145 1695 4200 si
1725 4148 1936 4216 prolicit

339 4225 535 4298 aliquis
555 4267 570 4294 ,
592 4226 905 4284 meminisse
928 4228 1054 4299 quid
1081 4229 1258 4298 fuerit,
1305 4241 1360 4288 et
1391 4232 1561 4288 multo
1592 4237 1758 4306 magis
1782 4239 1935 4296 mise-

337 4318 445 4374 reri
490 4318 761 4390 lapsorum
812 4338 828 4375 :
873 4321 1302 4394 quandoquidem
1353 4325 1468 4396 ipse
1509 4336 1722 4384 erectus
1771 4338 1855 4403 est
1903 4347 1931 4386 a

338 4411 492 4482 lapsu
542 4425 642 4467 suo
666 4426 764 4483 per
790 4410 991 4469 Christi
1025 4413 1469 4485 misericordiam,
1527 4419 1618 4490 qui
1663 4420 1780 4478 sine
1822 4421 1932 4478 ullo

338 4519 438 4560 suo
467 4515 687 4576 peccato
709 4519 769 4562 se
795 4519 894 4576 pro
934 4509 1302 4577 peccatoribus
1325 4510 1622 4570 humiliavit
1642 4515 1684 4568 ².

411 4599 466 4654 6.
498 4598 604 4654 Sed
629 4613 697 4656 ne
727 4599 1025 4669 perniciose
1053 4601 1422 4674 relinquantur
1440 4646 1456 4672 ,
1497 4614 1554 4662 et
1577 4608 1728 4678 quasi
1767 4608 1931 4666 dissi-

337 4688 606 4746 mulanter
643 4689 978 4760 negligantur
1021 4691 1193 4748 aliena
1237 4703 1484 4764 peccata,
1532 4697 1675 4768 quod
1714 4714 1820 4755 non
1851 4711 1934 4758 est

336 4783 562 4839 minoris
587 4782 916 4840 crudelitatis
939 4827 954 4852 ,
1000 4799 1162 4856 quam
1189 4785 1319 4842 illud
1347 4790 1612 4860 superbia:
1634 4833 1650 4858 ,
1693 4793 1934 4864 sequitur

335 4886 393 4934 et
419 4876 587 4932 dicit:
617 4875 813 4947 Scripsi
839 4877 974 4933 vobis
1003 4878 1060 4933 in
1084 4879 1318 4950 epistola,
1349 4897 1452 4937 non
1480 4884 1794 4941 commisceri
1818 4890 1930 4959 for-

336 4969 575 5034 nicariis;
602 4985 705 5024 non
745 4969 1034 5041 fornicariis
1071 4972 1225 5046 hujus
1266 4975 1474 5042 mundi,
1515 4986 1606 5032 aut
1627 4980 1814 5046 avaris,
1845 4989 1931 5035 aut

337 5061 630 5134 raptoribus
654 5103 670 5129 ,
716 5070 805 5116 aut
833 5061 985 5118 idolis
1010 5065 1333 5122 servientibus
1353 5083 1373 5121 :
1393 5067 1620 5139 alioquin
1647 5069 1930 5127 debueratis

335 5155 400 5212 de
419 5155 516 5211 hoc
535 5154 724 5210 mundo
745 5154 925 5212 exisse.
943 5155 1090 5229 Opus
1109 5158 1252 5215 enim
1276 5169 1513 5216 vestrum
1534 5162 1587 5217 in
1611 5162 1712 5218 hoc
1730 5164 1931 5221 mundo

335 5247 469 5305 illud
492 5257 596 5316 est,
626 5258 685 5305 ut
714 5259 1021 5322 peceatores
1041 5251 1258 5310 Christo
1276 5253 1345 5310 ad
1371 5254 1596 5312 salutem
1623 5256 1926 5315 lucremini.

336 5340 491 5412 Quod
536 5341 652 5398 fieri
692 5357 798 5397 non
842 5345 1078 5414 poterit,
1125 5344 1170 5400 si
1208 5360 1392 5402 eorum
1437 5347 1698 5421 colloquia
1741 5353 1927 5408 convi-

337 5447 588 5509 ctumque
629 5435 860 5509 fugiatis.
907 5436 1062 5493 Nunc
1086 5449 1284 5509 autem,
1332 5441 1542 5513 inquit,
1586 5445 1769 5517 scripsi
1793 5448 1930 5504 vobis

399 5603 587 5676 "Juxta
609 5607 680 5653 Er.
704 5601 996 5676 Lpgd._‘:en.
1029 5609 1156 5676 [.ov.,
1190 5605 1304 5676 quia
1338 5605 1457 5658 tales
1488 5615 1627 5662 erant
1655 5623 1673 5662 :
1699 5620 1750 5662 et
1788 5613 1928 5676 paulo

335 5671 461 5728 post,
477 5664 599 5728 quia
615 5663 828 5715 nonduin
844 5664 961 5716 tales
982 5663 1150 5728 creua
1201 5663 1258 5716 Μ.

399 5727 420 5760 ³
441 5725 610 5779 Plures
629 5733 758 5790 Mss,
783 5740 833 5778 se
849 5725 1177 5791 peccatoribus
1193 5727 1473 5787 Iumtiliatit.

2092 347 2193 386 non
2222 335 2568 392 commisceri:
2585 339 2629 393 si
2653 337 2764 409 quis
2800 344 2958 412 frater
2981 341 3276 399 nominatur
3291 345 3307 378 ¹
3330 344 3464 402 inter
3486 362 3583 403 vos
3608 358 3706 404 aus

2089 425 2384 496 fornicator,
2409 441 2496 486 aut
2515 432 2665 489 idolis
2683 435 2921 504 serviam,
2944 445 3033 491 aut
3047 452 3251 508 avarus,
3273 451 3361 495 aut
3382 442 3697 512 maledicus,

2088 528 2177 573 aut
2209 520 2452 590 ebriosus,
2481 536 2570 580 aut
2603 543 2789 596 rapax,
2818 545 2933 583 cum
2969 531 3220 601 ejusmodi
3253 549 3342 587 nec
3367 533 3536 590 cibum
3569 538 3694 606 qui-

2086 611 2201 668 dem
2226 615 2377 672 simul
2400 635 2614 674 sumere.
2662 618 2774 687 Quo
2798 623 2929 676 enim
2957 623 3080 678 mihi
3105 623 3167 680 de
3196 625 3274 680 his
3299 628 3386 698 qui
3414 628 3547 700 foris
3572 641 3697 684 sunt

2074 706 2349 777 judicare?
2374 708 2562 766 Nonne
2589 712 2653 767 de
2676 713 2755 769 his
2777 715 2866 786 qui
2889 716 3024 772 intus
3045 726 3164 773 sunt
3188 734 3275 774 vos
3291 720 3540 790 judicatis
3557 725 3588 777 ?
3615 722 3696 776 De

2083 797 2163 853 his
2190 810 2358 856 autem
2383 803 2469 872 qui
2493 804 2619 875 foris
2645 815 2783 874 sunt,
2812 805 2949 863 Deus
2962 809 3235 879 judicabit.
3253 810 3461 882 Auferte
3487 816 3692 870 malum

2082 904 2146 944 ea:
2171 892 2308 948 vobis
2337 893 2462 966 ipsis
2487 895 2528 966 (Ι
2559 896 2677 952 Cor.
2708 912 2764 962 ν,
2796 899 2972 970 7-12).

2153 985 2204 1039 7.
2237 986 2374 1043 Ecce
2404 990 2854 1059 quemadmodum
2900 993 2964 1048 ad
3009 993 3146 1050 hanc
3175 999 3498 1055 sententiam
3532 1003 3686 1056 venit

2079 1075 2397 1146 Apostolus,
2427 1080 2578 1150 cujus
2607 1082 2844 1138 ultimam
2873 1086 3188 1156 particulam
3217 1091 3520 1160 ponendam
3550 1109 3680 1150 cre-

2076 1167 2209 1224 didit
2254 1171 2672 1244 Parmenianus,
2724 1176 2900 1234 licens
2943 1195 3065 1236 esse
3122 1184 3414 1253 scriptum,
3462 1184 3686 1257 Auferte

2074 1262 2267 1316 malum
2307 1279 2370 1319 ea:
2411 1263 2547 1320 vobis
2583 1267 2727 1338 ipsis.
2792 1268 3004 1337 «Quod,
3035 1289 3054 1323 ι
3092 1271 3302 1344 inquit,
3355 1293 3372 1326 ι
3403 1276 3594 1347 utique
3639 1279 3685 1333 si

2073 1353 2228 1410 bonis
2252 1365 2307 1410 et
2327 1356 2548 1429 integris
2568 1374 2676 1415 non
2697 1371 2935 1430 noceret,
2965 1378 3070 1419 non
3091 1364 3371 1435 juberetur
3392 1368 3625 1424 auferri.
3656 1389 3675 1422 ι

2071 1446 2200 1515 Qua:
2228 1459 2406 1505 autem
2433 1454 2678 1523 superius
2710 1454 2850 1511 dicta
2878 1466 3024 1522 sunt,
3059 1458 3200 1515 unde
3225 1460 3292 1515 ad
3323 1461 3425 1519 hoc
3451 1474 3679 1519 ventum

2071 1547 2174 1606 est,
2201 1545 2572 1612 praetermisit;
2602 1546 2795 1616 quibus
2818 1549 3000 1621 utique
3018 1550 3084 1607 ad
3112 1551 3163 1607 id
3181 1553 3322 1624 quod
3346 1557 3678 1625 persuadere

2067 1632 2348 1703 cupiebat,
2405 1639 2796 1706 separationem
2847 1657 2878 1697 a
2929 1643 3086 1698 malis
3139 1644 3255 1701 fieri
3309 1649 3676 1718 corporaliter

2065 1734 2349 1794 oportere,
2407 1737 2614 1798 poterat
2661 1730 2899 1802 adjuvari
2949 1733 3159 1792 dicente
3205 1737 3489 1808 Apostolo,
3542 1740 3676 1795 Cum

2064 1815 2358 1886 hujusmodi
2398 1835 2489 1874 nec
2535 1821 2700 1877 cibum
2752 1823 2908 1878 simul
2950 1843 3166 1883 sumere.
3231 1827 3340 1884 Cur
3378 1846 3510 1902 ergo
3559 1849 3671 1888 non

2063 1912 2504 1966 commemoravit
2532 1913 2674 1984 quod
2699 1915 2817 1984 ejus
2847 1916 3197 1975 intentionem
3227 1922 3462 1980 maxime
3505 1925 3667 1995 adju-

2060 2016 2188 2057 vare
2221 2017 2378 2073 posse
2417 2003 2735 2063 videbatur?
2773 2007 2908 2065 Cum
2949 2011 3092 2066 enim
3121 2011 3472 2072 vehementer
3499 2017 3670 2073 instet

2058 2103 2118 2150 ut
2156 2111 2187 2151 a
2233 2097 2373 2153 male
2415 2099 2720 2157 viventibus
2757 2104 3094 2174 corporalem
3141 2109 3540 2177 separationem
3585 2113 3668 2167 fa-

2057 2187 2304 2243 ciendam
2333 2203 2453 2246 esse
2480 2192 2832 2263 persuadeat,
2879 2210 2975 2251 cur
3021 2213 3129 2252 non
3170 2199 3390 2256 adhibet
3414 2201 3666 2259 testimo-

2060 2279 2209 2336 nium
2240 2280 2484 2352 Apostoli
2526 2282 2784 2351 dicentis,
2816 2285 2878 2342 Si
2903 2288 3014 2359 quis
3044 2289 3204 2359 frater
3227 2292 3525 2348 nominatur
3554 2298 3665 2366 for-

2057 2373 2276 2442 nicator,
2302 2384 2392 2429 aut
2414 2374 2567 2430 idolis
2587 2379 2840 2449 serviens,
2875 2390 2962 2435 aut
2995 2399 3197 2449 avarus,
3225 2395 3315 2440 aut
3340 2386 3661 2458 maledicus,

2053 2472 2142 2518 aut
2162 2464 2407 2533 ebriosus,
2449 2476 2536 2520 aut
2560 2484 2744 2539 rapax,
2777 2486 2892 2525 cum
2930 2473 3179 2544 ejusmodi
3201 2492 3292 2530 nec
3314 2477 3485 2533 cibum
3509 2479 3666 2535 simul

2053 2571 2251 2612 sumere
2272 2572 2291 2613 :
2311 2558 2413 2613 nisi
2439 2560 2562 2630 quia
2593 2560 2758 2629 vidit,
2792 2562 2836 2618 si
2865 2562 2966 2619 hoc
2991 2565 3221 2635 diceret,
3245 2582 3404 2639 posse
3437 2571 3547 2628 sibi
3571 2589 3662 2630 re-

2052 2649 2306 2718 sponderi
2327 2691 2344 2717 ,
2389 2650 2536 2708 Itane
2579 2667 2676 2708 vos
2703 2655 2865 2710 etiam
2893 2655 3244 2715 fornicatores
3272 2667 3328 2717 et
3352 2661 3512 2719 idolis
3540 2680 3663 2721 ser-

2051 2740 2261 2795 vientes
2289 2748 2382 2797 aut
2411 2757 2516 2798 non
2559 2743 2802 2814 habetis,
2844 2756 2937 2803 aut
2975 2763 3068 2804 eos
3099 2749 3395 2820 ignoratis?
3435 2754 3659 2814 Nullum

2050 2848 2295 2904 avarum,
2326 2844 2420 2891 aut
2445 2837 2796 2907 maledicum,
2827 2851 2920 2896 aut
2948 2841 3242 2913 ebriosum,
3271 2855 3364 2903 aut
3401 2863 3659 2920 rapacem

2051 2927 2195 2983 inter
2234 2942 2330 2984 vos
2373 2929 2565 2986 videtis
2608 2942 2664 2988 et
2712 2933 2921 2990 nostis?
2973 2935 3079 2992 Cur
3115 2951 3245 3010 ergo
3286 2955 3408 2996 cum
3457 2942 3658 3000 talibus

2050 3027 2237 3074 contra
2265 3031 2590 3092 praeceptum
2621 3024 2890 3095 Apostoli,
2914 3042 3021 3083 non
3044 3029 3218 3086 solum
3242 3031 3421 3088 cibum
3444 3048 3656 3092 mensae

2003 3112 2008 3116 “
2050 3119 2244 3166 vestra:
2275 3112 2486 3168 sumitis
2505 3155 2520 3180 ,
2548 3114 2645 3171 sed
2673 3116 2834 3172 etiam
2858 3133 3068 3174 coenam
3086 3121 3107 3152 '
3128 3136 3329 3178 mensa:
3353 3122 3655 3182 Dominica:

2008 3203 2497 3260 'communicatis?
2553 3205 2667 3262 Hoc
2725 3222 2855 3279 ergo
2912 3209 3328 3283 Parmenianus,
3386 3224 3652 3287 quantum

2048 3293 2302 3360 arbitror,
2331 3296 2535 3353 evitare
2559 3309 2785 3355 conatus
2807 3308 2920 3367 est,
2961 3318 3029 3358 ne
3058 3303 3161 3361 sibi
3191 3308 3649 3380 responderetur;

2046 3395 2104 3441 ut
2146 3385 2197 3441 id
2228 3401 2334 3442 non
2362 3397 2590 3458 poneret
2631 3391 2775 3461 quod
2819 3407 2917 3464 pro
2959 3394 3077 3465 ejus
3115 3411 3275 3452 causa
3318 3399 3652 3459 validissime

2045 3490 2240 3534 sonare
2263 3478 2570 3535 videretur:
2596 3497 2719 3537 nam
2751 3481 2852 3540 hoc
2878 3483 3131 3556 Epistolte
3159 3490 3466 3560 apostolicae
3495 3495 3651 3566 capi-

2049 3573 2215 3628 tulum
2243 3575 2287 3628 si
2319 3589 2437 3629 eum
2466 3573 2742 3647 fugisset',
2772 3580 2900 3635 etei
2930 3596 3036 3636 non
3053 3583 3375 3640 occurrisset
3399 3626 3414 3652 ,
3445 3603 3552 3642 non
3586 3605 3650 3644 ex

1993 3658 2006 3667 ’
2045 3665 2162 3734 ejus
2203 3665 2385 3720 ultima
2430 3678 2581 3738 parte
2622 3681 2882 3740 poneret,
2924 3673 3132 3745 Auferte
3169 3677 3358 3731 malum
3402 3695 3466 3734 ea:
3509 3684 3651 3737 vobis

343 3767 696 3836 maliqnitatis,
727 3769 816 3822 sed
854 3770 906 3823 in
934 3773 1126 3842 azymis
1162 3773 1465 3829 sinceritatis
1489 3785 1536 3829 et
1561 3778 1800 3834 veritatis.
1829 3780 1938 3836 Ma-
2043 3757 2189 3852 ipsi"

2117 3847 2172 3902 8.
2200 3846 2316 3922 Sed.
2334 3864 2477 3905 nunc
2503 3851 2625 3922 quia
2653 3851 2756 3908 hoc
2785 3853 3016 3913 diximus
3034 3899 3050 3926 ,
3079 3841 3330 3916 fortasse.
3352 3862 3441 3918 isti
3481 3866 3648 3922 aude-

2042 3941 2176 3997 bunt
2205 3959 2403 4016 negare
2436 3945 2620 4003 haberi
2664 3948 2806 4005 inter
2829 3964 2890 4006 se
2917 3966 3142 4022 avaros,
3187 3964 3280 4010 aut
3307 3957 3604 4017 maledicos
3625 4002 3643 4029 ,

1985 4032 1992 4036 ’
2042 4046 2134 4093 aut
2159 4037 2443 4105 ebriosos.
2475 4048 2567 4094 aut
2612 4055 2869 4112 rapaces;
2918 4052 2975 4100 et
3015 4045 3187 4116 ipsum
3215 4045 3467 4119 Optatum
3497 4094 3512 4117 ,
3555 4054 3644 4126 qui

2042 4128 2308 4185 universae
2337 4129 2536 4186 Africa:
2565 4132 2877 4190 notissimus
2918 4134 3037 4203 fuit,
3083 4153 3244 4208 quem
3277 4142 3482 4198 tamdiu
3517 4161 3641 4216 per-

1988 4233 1992 4236 '
2041 4221 2324 4290 tulerunt;
2378 4215 2633 4295 quanidiu
2678 4226 3008 4297 timuerunt,
3062 4229 3292 4290 fortasse
3346 4215 3642 4296 defendere

2040 4317 2401 4373 conabuntur.
2453 4316 2645 4374 Dicant
2675 4335 2824 4392 ergo,
2849 4322 2894 4377 si
2945 4332 3200 4394 possunt,
3255 4327 3540 4385 meliorem
3584 4347 3641 4388 se

2040 4417 2200 4480 atque
2245 4409 2606 4482 purgatiorem
2654 4411 2850 4470 habere
2896 4430 3038 4472 nunc
3084 4415 3422 4488 Ecclesiam,
3473 4437 3638 4493 quam

2039 4511 2155 4558 erat
2182 4503 2295 4573 ipsa
2333 4504 2508 4559 unitas
2534 4504 2826 4560 beatissimi
2861 4503 3116 4579 Cypriani
3143 4509 3518 4580 temporibus,
3550 4514 3639 4586 qui

1979 4593 1982 4595 ’
2038 4593 2271 4675 collegas
2298 4610 2446 4664 suos,
2486 4611 2516 4650 a
2541 4597 2735 4668 quibus
2764 4606 2944 4654 tamen
2974 4599 3119 4656 nulla
3142 4603 3409 4672 corporali
3431 4603 3639 4677 disjun-

2038 4691 2214 4746 ctione
2242 4701 2521 4763 separatus
2557 4697 2680 4762 est,’
2709 4694 2914 4751 nullum
2958 4711 3143 4753 eorum
3189 4699 3510 4757 nominatim
3540 4718 3636 4775 ap-

2038 4783 2275 4852 pellans,
2323 4784 2418 4841 sed
2468 4787 2760 4857 prudenter
2783 4804 2846 4844 ac
2872 4789 3049 4845 sobrie
3086 4791 3462 4851 saluberrima:
3487 4811 3636 4854 mor—

2036 4873 2282 4930 dacitatis
2325 4876 2559 4934 inferens
2599 4879 2622 4911 ¹⁶
2650 4880 2987 4950 medicinam,
3034 4881 3118 4940 his
3161 4886 3340 4942 verbis
3387 4892 3630 4959 graviter

2035 4968 2230 5040 arguit,
2262 4971 2384 5041 quia
2415 4973 2772 5029 esurientibus
2799 4975 2851 5029 in
2883 4975 3119 5032 Ecclesia
3146 4977 3402 5035 fratribus
3431 4981 3633 5039 habere

2036 5074 2313 5134 argentum
2343 5065 2560 5138 largiter
2586 5067 2807 5136 vellent,
2841 5068 3032 5126 fundos
3059 5072 3331 5129 insidiosis
3357 5074 3635 5134 fraudibus

2101 5178 2117 5210 ¹
2144 5177 2278 5239 aliti,
2303 5178 2576 5252 nominatur
2598 5185 2745 5252 etest.
2773 5181 2896 5252 Male
2911 5183 3138 5246 additum,
3163 5191 3314 5248 etest,
3332 5189 3464 5252 quod
3482 5201 3634 5244 nostri

2035 5253 2380 5318 omnes‘pwpe
2401 5241 2622 5318 Gallicani
2647 5251 2749 5318 Mss.
2777 5241 3276 5318 meritoprgetereunt
3295 5241 3312 5309 ,’
3336 5241 3450 5300 cum
3474 5241 3634 5318 augu-

2035 5304 2192 5354 stinus
2211 5302 2336 5353 lianc
2371 5304 2581 5366 Apostoli
2601 5307 2896 5357 sententiam
2925 5302 2996 5358 sic
3027 5302 3386 5373 interpretetur
3410 5327 3424 5363 :
3451 5317 3495 5364 Si
3519 5302 3635 5367 "quis

2035 5365 2184 5430 frater
2207 5366 2257 5415 in
2291 5363 2466 5430 talibus
2495 5367 2700 5430 sirtgvitiis
2722 5370 2993 5420 nominatus
3016 5377 3067 5420 et
3088 5369 3316 5425 famosus.
3337 5377 3456 5428 vide

2034 5365 2184 5440 frater
2207 5366 2271 5440 in‘
2291 5363 2466 5440 talibus
2495 5367 2700 5440 _s_i.t_vitii_s
2719 5370 2993 5440 nominatus
3016 5377 3078 5440 et_
3088 5363 3320 5425 fauiosus.
3337 5363 3464 5428 videi

2033 5441 2084 5478 n.
2108 5428 2198 5492 ης
2226 5435 2278 5492 et
2301 5427 2384 5477 lib.
2408 5427 2472 5492 de
2497 5428 2609 5478 Fide
2635 5438 2688 5479 et
2702 5431 2955 5492 Operibus,
2983 5446 3030 5481 n.
3049 5433 3096 5483 5.

2097 5491 2118 5521 ²
2145 5489 2353 5539 Vaticani
2377 5490 2569 5540 codices
2592 5489 2836 5548 omittunt.
2862 5489 3065 5545 cautam.

2099 5551 2212 5625 {sic
2241 5554 2612 5628 praestantiore-5
2644 5560 2755 5628 μεθ’.
2782 5554 2865 5603 Alii
2903 5557 3114 5621 quidam,
3139 5558 3183 5609 si
3219 5574 3331 5612 cum
3370 5577 3428 5614 eo
3450 5566 3630 5628 fuisset.

2033 5612 2151 5664 illiti
2175 5612 2356 5674 autem,
2379 5615 2421 5665 si
2439 5615 2761 5667 consuluisset.

2097 5677 2119 5707 δ
2141 5677 2212 5726 Sic
2233 5682 2338 5756 [διεδ.
2367 5684 2418 5727 et
2437 5677 2633 5743 quidam
2665 5679 2799 5733 editi.
2836 5680 2928 5736 sed
2965 5682 3081 5732 editi
3119 5682 3273 5737 multo
3304 5687 3493 5756 plures,
3519 5705 3632 5748 utve.
