3764 6194
76 297 130 356 39
1430 287 1635 346 usus
1674 285 1988 351 manus.
3276 310 3344 368 aa

76 428 295 496 raperent
314 463 331 490 ,
362 421 557 484 usuris
589 417 1058 492 multiplicantibus
1096 417 1249 473 fenus
1274 421 1549 486 augerent.
1578 413 1647 468 Et

75 526 122 574 ut
139 514 476 587 apertissime
518 513 827 570 oswnderet
849 511 918 568 de
942 510 1026 566 his
1051 523 1111 566 se
1136 509 1316 564 dicere
1335 549 1351 574 ,
1378 521 1498 561 cum
1530 505 1650 576 qui-

74 612 153 670 bus
189 609 239 665 in
279 607 445 664 unius
477 606 736 664 Ecclesiae
762 604 1136 663 communione
1160 601 1407 669 vivebat,
1458 615 1650 657 conse-

73 710 270 774 quenter
285 699 556 760 annexuit
575 717 589 755 :
614 716 632 751 ι
654 696 791 766 Quid
810 711 915 753 non
937 694 1141 766 perpeti
1159 693 1293 749 tales
1309 706 1406 763 pro
1419 691 1655 764 peccatis

75 790 351 866 huiusmodi
374 804 716 847 mereremur
736 806 757 842 ι
791 787 1120 861 (Cyprianus,
1135 784 1302 842 Serm.
1323 785 1386 838 de
1403 781 1611 857 Lapsis)
1628 783 1654 837 ?

74 889 170 946 Non
195 887 333 944 enim
356 887 461 952 ait,
496 885 854 950 Mererentur;
886 881 1002 949 sed,
1035 899 1054 933 ‹
1074 893 1437 936 mereremur:
1464 896 1483 931 ι
1510 875 1653 949 quod

75 982 198 1040 nullo.
221 979 384 1036 modo
411 978 643 1035 dixisset
660 1019 676 1046 ,
697 991 819 1033 cum
849 975 970 1031 talis
995 973 1180 1045 utique
1208 973 1323 1044 ipse
1349 985 1454 1027 non
1477 978 1650 1037 esset,

79 1075 159 1131 nisi
184 1072 536 1130 manifestare
561 1069 723 1128 vellet
746 1083 934 1127 eorum
964 1067 1103 1123 facta
1133 1079 1192 1121 se
1219 1077 1456 1136 gemere,
1487 1061 1576 1134 qui
1602 1061 1653 1117 ei

77 1184 161 1225 non
185 1166 353 1224 solum
388 1165 651 1222 Ecclesia:
680 1162 943 1228 unitate‘,
973 1158 1068 1216 sed
1095 1158 1254 1216 etiam
1286 1155 1494 1227 collegii
1524 1168 1656 1210 con-

79 1264 219 1318 sortio
257 1261 657 1332 iungerentur,
698 1255 943 1328 quamvis
972 1252 1042 1308 ab
1079 1252 1158 1310 eis
1187 1252 1330 1318 vita,
1377 1247 1650 1316 moribus,

77 1355 228 1418 corde,
249 1351 536 1423 proposito
550 1350 900 1420 discreparet.
920 1346 1110 1401 Dicant
1125 1357 1251 1413 ergo
1268 1341 1355 1397 isti
1375 1339 1652 1395 meliorem

79 1464 194 1504 nunc
228 1461 348 1502 esse
396 1443 695 1501 Ecclesiatn
734 1455 920 1502 suam,
966 1445 1023 1494 et
1046 1452 1153 1492 non
1181 1449 1241 1492 se
1269 1433 1468 1490 habere
1496 1431 1650 1497 tales,

79 1540 240 1612 quales
278 1537 476 1592 habuit
502 1537 556 1591 in
592 1536 706 1606 ipsa
737 1532 938 1587 unitate
969 1529 1289 1602 Cyprianus.
1312 1523 1548 1582 Credant
1574 1522 1654 1579 eis

80 1637 150 1706 qui
170 1635 367 1700 volunt,
387 1640 449 1687 et
471 1630 729 1686 adversus
743 1641 806 1684 ea
823 1625 962 1681 mala
979 1640 1099 1694 qua:
1117 1621 1186 1678 de
1207 1620 1444 1676 moribus
1467 1632 1652 1674 eorum

79 1724 353 1780 insimulata
384 1721 651 1785 fuerint’,
685 1717 868 1774 oculos
892 1714 1140 1771 claudant
1165 1730 1178 1767 :
1202 1727 1303 1782 ego
1328 1725 1423 1766 eos
1449 1708 1515 1765 ad
1563 1708 1652 1763 illa

83 1821 172 1889 ipsa
198 1817 370 1888 priora
395 1813 619 1870 unitatis
644 1820 884 1882 tempora
909 1807 1193 1872 revocabo,
1224 1813 1279 1860 et
1303 1803 1372 1859 ab
1396 1804 1475 1858 eis
1504 1817 1651 1873 qure-

80 1929 170 1969 ram
193 1955 207 1980 ,
254 1922 436 1966 utrum
481 1907 697 1981 quando
726 1905 813 1960 ille
855 1911 1035 1959 tantus
1071 1901 1353 1970 episcopus
1379 1894 1655 1966 Carthagi-

85 2006 235 2061 nensis
276 2002 549 2059 Ecclesia:
593 1999 892 2072 Cyprianus
935 1995 1002 2071 de
1044 2003 1152 2050 tam
1202 1992 1342 2048 malo
1387 1990 1651 2060 collegio,

87 2098 364 2152 testimonio
392 2094 581 2149 libera:
606 2091 750 2147 vocis
780 2103 948 2160 usque
975 2086 1040 2142 ad
1069 2101 1132 2142 ea
1160 2085 1379 2156 scripta,
1410 2098 1530 2156 qua:
1554 2096 1654 2152 po-

87 2189 218 2243 steris
255 2188 416 2242 etiam
463 2182 852 2256 proderentur,
907 2177 1200 2250 ingemuit,
1251 2183 1370 2233 erat
1418 2173 1655 2230 Ecclesia

86 2278 274 2343 Christi,
305 2292 371 2331 an
419 2288 530 2331 non
573 2283 708 2331 erat.
735 2271 794 2329 Si
817 2281 955 2338 erat,
999 2283 1183 2342 quaero
1207 2267 1653 2340 quemadmodum

89 2371 350 2443 Cyprianus
377 2379 434 2426 et
462 2368 646 2424 czeteri
670 2365 874 2422 similes
893 2363 1010 2435 eius
1032 2361 1326 2432 implebant
1344 2359 1487 2432 quod
1514 2375 1654 2430 pra:-

89 2465 204 2534 cepit
229 2463 538 2534 Apostolus,
574 2459 636 2516 Si
672 2461 784 2530 quis
817 2461 974 2530 frater
1000 2455 1290 2510 nominatur
1315 2460 1405 2506 aut
1430 2450 1653 2523 fornica-

94 2564 184 2619 tor,
211 2565 291 2608 aut
313 2569 534 2618 avarus,
565 2559 654 2604 aut
678 2547 830 2604 idolis
851 2549 1066 2602 serviens
1084 2585 1101 2612 ,
1127 2553 1215 2599 aut
1241 2542 1538 2608 maledicus,
1566 2550 1657 2596 aut

91 2652 310 2716 ebriosus,
355 2660 447 2704 aut
491 2664 692 2720 rapax,
739 2662 856 2700 cum
894 2641 1144 2717 ejusmodi
1185 2656 1274 2695 nec
1300 2639 1463 2693 cibum
1502 2634 1659 2692 simul

96 2743 525 2816 sumere:quando
548 2757 670 2798 cum
699 2740 782 2794 his
810 2736 983 2793 avaris
1007 2745 1061 2791 et
1090 2732 1389 2804 rapacibus,
1417 2729 1506 2801 qui
1529 2744 1655 2785 esu-

98 2836 321 2891 rientibus
359 2836 414 2890 in
447 2832 696 2890 Ecclesia
734 2829 988 2886 fratribus
1015 2825 1216 2881 habere
1244 2831 1520 2894 argentum
1550 2821 1656 2876 lar-

98 2929 207 2998 giter
227 2928 456 2996 vellent,
506 2925 701 2982 fundos
741 2921 1011 2980 insidiosis
1053 2915 1326 2974 fraudibus
1367 2922 1653 2985 raperent,

99 3021 244 3076 usuris
264 3017 740 3093 multiplicantibus
762 3015 916 3071 fenus
934 3019 1210 3083 augerent,
1236 3021 1428 3080 panem
1445 3004 1656 3060 Domini

99 3112 473 3175 manducabant,
506 3118 563 3166 et
585 3107 809 3164 calicem
839 3101 1132 3161 bibebant?

153 3202 196 3257 9.
223 3205 298 3258 An
325 3203 466 3260 forte
509 3215 673 3273 parva
697 3207 822 3255 sunt
848 3197 947 3252 ista
979 3194 1232 3261 crimina,
1259 3200 1315 3248 et
1335 3189 1485 3262 parvi
1513 3189 1657 3245 aesti-

102 3295 292 3350 manda?
318 3295 511 3353 Solent
546 3293 690 3350 enim
718 3290 805 3346 isti
835 3289 994 3346 etiam
1020 3288 1122 3344 hoc
1147 3285 1346 3350 dicere,
1374 3291 1656 3354 pensantes

104 3401 151 3440 ea
172 3402 262 3442 non
290 3388 342 3443 in
370 3396 574 3444 statera
600 3397 750 3457 aequa
777 3381 1076 3438 divinarum
1101 3377 1498 3449 Scripturarum
1517 3419 1530 3442 ,
1560 3374 1655 3430 sed

103 3477 146 3531 in
166 3487 341 3536 statera
378 3481 570 3537 dolosa
611 3475 1057 3534 consuetudinum
1104 3487 1345 3529 suarum.
1388 3467 1654 3539 Quidquid

106 3573 216 3627 enim
257 3575 466 3631 sceleris
511 3582 569 3629 et
613 3572 906 3644 iniquitatis
951 3568 1181 3624 inebriat
1226 3563 1652 3629 multitudinem,

107 3666 258 3720 amittit
292 3666 554 3723 examinis
600 3666 897 3720 veritatem.
937 3660 1044 3717 Sed
1092 3658 1212 3714 ideo
1256 3664 1380 3712 sunt
1405 3664 1654 3722 tanquam

109 3757 480 3816 sincerissimum
516 3758 790 3830 speculum
817 3753 1086 3827 proposita
1107 3749 1413 3806 hominibus
1441 3746 1655 3803 oracula

108 3851 356 3908 cmicstium
384 3853 720 3926 paginarum,
751 3859 808 3904 ut
834 3846 907 3903 ibi
935 3847 1158 3918 quisque
1179 3842 1357 3898 videat
1380 3839 1657 3911 quodlibet

111 3953 336 4008 peccatum
377 3955 641 4018 quantum
682 3942 782 4008 sit,
815 3939 956 4012 quod
987 3938 1125 3994 forte
1162 3949 1413 4006 magnum
1437 3940 1520 3988 est
1542 3974 1556 3996 ,
1601 3939 1656 3988 et

109 4036 212 4090 male
255 4039 743 4097 viventium'cteco
783 4051 936 4092 more
981 4033 1361 4091 contemnitur.
1407 4029 1655 4085 Potuitne

111 4130 276 4192 Salvius
324 4131 523 4189 divinis
562 4129 787 4202 eloquiis
831 4125 1074 4184 accusari
1121 4123 1375 4189 avaritia,
1408 4136 1567 4192 quam
1599 4127 1656 4175 ut

114 4217 372 4280 idololatriae
423 4225 886 4281 demonstraretur
913 4217 1166 4291 aequalis,
1205 4225 1260 4272 et
1287 4216 1403 4286 ejus
1440 4213 1656 4270 nomine

118 4315 441 4384 ‘Ppellaretur,
486 4317 700 4373 dicente
739 4313 1017 4387 Apostolo,
1065 4309 1132 4366 Et
1159 4308 1397 4375 avaritia,
1442 4322 1554 4378 quoe
1586 4311 1656 4360 est

121 4401 312 4462 dolorum
352 4410 569 4465 servitus
614 4404 832 4478 (Coloss.
887 4420 980 4473 ιιι,
1033 4400 1124 4475 5)?
1169 4399 1418 4457 Potuitne
1466 4396 1654 4469 majori

113 4510 232 4564 Ju‘na
256 4500 404 4572 digna
436 4501 659 4574 iudicari
680 4542 696 4563 ,
734 4513 895 4570 quam
925 4504 984 4552 ut
1010 4495 1152 4551 inter
1175 4493 1265 4549 illa
1303 4490 1526 4547 crimina
1556 4504 1655 4560 po-

112 4601 314 4661 :tcrclur,
360 4596 558 4668 quibus
598 4592 803 4648 obsessi
849 4603 1074 4661 regnum
1120 4585 1213 4640 Dei
1258 4598 1362 4639 non
1408 4581 1654 4653 posside-

115 4672 241 4739 bunt?
278 4689 590 4758 Aperiantur
633 4684 772 4742 oculi
812 4681 1027 4746 cordis,
1077 4694 1146 4734 ne
1191 4674 1384 4732 frustra
1440 4681 1656 4745 pateant

115 4775 221 4831 Oculi
244 4785 469 4854 corporis
487 4824 502 4848 ,
546 4789 600 4836 et
628 4780 806 4851 legant
831 4774 1233 4848 praedicatorem
1260 4769 1485 4824 liberum
1513 4767 1654 4823 veri-

119 4867 211 4921 tatis
245 4871 289 4925 in
338 4874 524 4930 eadem
570 4872 683 4942 ipsa
731 4868 902 4940 prima
954 4865 1019 4920 ad
1062 4860 1369 4919 Corinthios
1417 4859 1654 4931 Epistola

123 4958 429 5021 scribentem:
467 4961 642 5018 Nolite
684 4976 888 5024 errare;
938 4972 1097 5027 neque
1152 4952 1446 5026 fornicarii,
1499 4965 1657 5022 neque

127 5046 235 5108 idolis
254 5060 533 5124 seruientes,
577 5072 734 5126 neque
759 5051 1008 5116 adulteri,
1048 5064 1206 5119 neque
1246 5046 1454 5110 molles,
1500 5061 1659 5115 neque

128 5210 310 5324 uigilia,
331 5232 422 5270 non
443 5215 600 5324 wing:
618 5215 673 5266 in
694 5208 920 5265 Ecclesiae
935 5207 1130 5260 unitate.
1147 5202 1445 5266 Particulam,
1467 5202 1536 5265 in,
1561 5216 1658 5255 non

281 5293 538 5324 manum“.
585 5315 597 5324 .

171 5285 264 5326 Dent
281 5285 597 5342 manuscripti.
995 5332 1006 5342 ο
1405 5327 1416 5337 _
1557 5326 1568 5337 ,
1622 5326 1634 5338 ο

171 5334 374 5402 {Vaticani
413 5342 624 5395 codices,
648 5348 758 5402 qua:
791 5334 853 5402 de
883 5335 1093 5402 moribus
1121 5331 1493 5402 ferantfuerant
1515 5328 1659 5378 diss:-

127 5395 349 5470 Ἦίωυῑιοη
367 5392 788 5470 [υσεάηρίοειιιοδ
807 5396 1052 5470 “sumt-
1086 5392 1660 5470 A'Eiﬂltiéimi'ii-EBEP

131 5406 606 5518 WWmttJugerint,
627 5406 788 5451 oculos
807 5406 1052 5466 claudant.
1086 5406 1173 5463 Ant
1194 5406 1389 5462 quidam
1423 5406 1526 5439 mss.
1549 5406 1659 5462 cum

131 5458 219 5525 ἔως,
236 5474 326 5525 qua:
375 5482 400 5518 e
425 5463 638 5516 moribus
653 5473 819 5512 eorum
841 5457 890 5510 in
912 5459 1086 5525 [acrem
1103 5452 1430 5525 simulemttugt
1461 5451 1659 5514 fuerint,

131 5516 255 5587 eruca
265 5516 494 5580 clmidant.
522 5526 845 5587 Benignianus
861 5516 1039 5587 codex,
1059 5529 1170 5587 quia
1184 5516 1244 5566 de
1258 5516 1476 5587 moribus
1491 5527 1664 5587 eorum

131 5574 248 5655 [emit
524 5574 876 5655 simulantium
893 5619 907 5642 ,
931 5574 1094 5655 oculos
1124 5577 1539 5655 mandanturque
1560 5575 1662 5655 'le-

135 5636 320 5712 Εθηάυῐιίξ
332 5636 519 5716 alia}:
541 5636 754 5700 moribus
773 5636 938 5698 eorum
959 5641 1136 5708 feriunt
1159 5639 1334 5706 [aciem
1350 5636 1660 5690 dissimulan-

133 5701 234 5768 ιυιεη.
247 5715 386 5767 oculos
401 5713 657 5768 claudant.
1522 5761 1532 5768 _
1620 5762 1631 5768 ,

135 5731 657 5884 nam?
685 5772 806 5839 forte
829 5781 939 5821 cum
978 5779 1202 5830 magnum
1226 5771 1313 5829 est,
1338 5777 1402 5817 ex
1434 5761 1560 5819 male
1587 5762 1658 5816 vi-

245 5847 296 5888 ιη.

1763 417 2101 472 masculorum
2139 421 2481 477 concubitores
2501 463 2516 489 ,
2561 439 2720 496 neque
2764 429 2931 497 fures,
2975 443 3132 497 neque
3172 427 3311 482 avari
3328 470 3343 496 ,

1758 524 1917 578 neque
1940 511 2152 576 ebriosi,
2184 529 2340 584 neque
2376 514 2645 582 maledici,
2678 534 2835 589 neque
2863 536 3073 589 rapaces
3093 563 3109 588 ,
3139 537 3349 592 regnum

1757 600 1857 657 Dei
1881 605 2204 676 possidebunt
2225 606 2279 678 (I
2303 605 2420 663 Cor.
2449 625 2522 672 v1,
2551 609 2605 677 9,
2640 609 2749 684 10).
2783 611 3064 682 Quomodo
3090 629 3217 685 ergo
3236 614 3345 686 Cy-

1759 696 1983 766 prianus
2010 706 2064 753 et
2089 698 2190 754 alia
2219 699 2409 755 similia
2432 697 2700 758 frumenta
2735 704 3001 762 dominica
3027 704 3080 760 in
3104 705 3196 761 illa
3221 715 3347 762 tunc

1759 789 1978 845 unitatis
2007 790 2244 847 Ecclesia
2274 809 2396 848 cum
2437 795 2612 850 avaris
2655 805 2710 852 et
2750 798 3059 868 rapacibus,
3103 814 3224 854 cum
3265 799 3348 854 his

1756 881 1846 953 qui
1875 897 2102 953 regnum
2132 883 2227 939 Dei
2267 900 2370 940 non
2398 885 2778 956 possidebunt,
2807 903 2911 943 non
2940 889 3089 944 laicis
3117 889 3198 945 vel
3224 889 3345 960 qui-

1757 973 2088 1043 buscumque
2134 975 2380 1045 clericis,
2431 977 2525 1033 sed
2569 987 2626 1034 ct
2668 978 2797 1050 ipsis
2840 981 3105 1052 episcopis
3155 997 3346 1052 panem

1759 1065 1968 1122 Domini
2015 1067 2444 1137 manducabant,
2483 1080 2537 1127 et
2562 1071 2788 1128 calicem
2820 1073 3029 1129 Domini
3065 1074 3344 1142 bibebant;

1757 1172 1879 1213 cum
1909 1159 2048 1214 idem
2075 1161 2351 1231 apostolus
2378 1162 2650 1233 przecipiat
2680 1179 2781 1218 non
2822 1165 2900 1220 eis
2920 1165 3234 1220 commisceri
3251 1175 3350 1232 ,'et

1757 1251 1952 1308 clamet
1980 1270 2094 1307 cum
2119 1254 2370 1327 ejusmodi
2398 1271 2488 1310 nec
2516 1257 2680 1310 cibum
2703 1257 2935 1312 sumere?
2961 1258 3041 1312 An
3085 1257 3208 1328 quia
3239 1273 3346 1312 non

1759 1355 2005 1418 poterant
2045 1347 2114 1404 ab
2155 1352 2232 1405 eis
2261 1350 2614 1421 corporaliter
2635 1352 2911 1423 separari,
2954 1367 3022 1408 ne
3048 1351 3204 1406 simul
3231 1367 3352 1407 era-

1758 1439 2000 1496 dicarent
2032 1449 2088 1496 et
2129 1440 2394 1508 triticum,
2437 1441 2738 1498 sufficiebat
2774 1443 2854 1499 eis
2891 1458 2919 1497 a
2951 1442 3146 1498 talibus
3186 1442 3350 1498 corde

1757 1533 1989 1604 seiungi,
2016 1535 2125 1590 vita
2153 1535 2497 1607 moribusque
2538 1536 2812 1609 distingui,
2844 1546 3062 1608 propter
3090 1551 3349 1607 compen-

1758 1625 2019 1682 sationem
2063 1626 2446 1683 custodiendia:
2483 1628 2630 1698 pacis
2663 1637 2718 1685 et
2745 1629 2981 1696 unitatis,
3018 1641 3236 1701 propter
3263 1645 3351 1685 sa-

1758 1715 1926 1773 lutem
1957 1717 2288 1774 infirmorum
2330 1727 2386 1776 et
2425 1729 2676 1790 tanquam
2706 1721 3010 1776 lactentium
3050 1721 3348 1778 frumento-

1757 1823 1876 1864 rum
1905 1852 1923 1878 ,
1977 1825 2046 1866 ne
2098 1811 2336 1866 membra
2394 1813 2636 1883 corporis
2689 1811 2884 1868 Christi
2941 1828 3038 1884 per
3089 1813 3349 1886 sacrilega

1757 1903 2045 1960 schismata
2076 1905 2369 1961 laniarent'l

1831 1997 1918 2054 10.
1958 1997 2064 2054 Sed
2089 2013 2215 2055 ecce
2239 2013 2338 2070 ego
2361 2013 2469 2055 non
2497 2012 2662 2072 urgeo
2684 2013 3003 2071 quemquam
3029 1999 3241 2054 illorum
3270 1998 3350 2055 sic

1758 2089 2057 2161 intelligere
2089 2109 2102 2145 :
2132 2090 2233 2161 ipsi
2275 2091 2543 2162 explicent
2584 2089 3033 2162 quemadmodum
3078 2104 3198 2146 esse
3249 2104 3349 2160 po-

1760 2181 1921 2237 tuerit
1969 2181 2057 2236 illa
2101 2189 2228 2237 tunc
2301 2181 2538 2238 Ecclesia
2583 2182 2814 2253 gloriosa
2870 2182 2986 2238 sine
3036 2182 3242 2237 macula
3294 2189 3351 2238 et

1759 2287 1889 2343 ruga
1917 2271 2133 2346 (Ep/tes.
2164 2288 2220 2341 v,
2250 2272 2369 2345 27),
2403 2273 2490 2329 ubi
2516 2272 2875 2330 esurientibus
2900 2273 2953 2328 in
2981 2273 3217 2329 Ecclesia
3245 2273 3352 2329 frac

1762 2365 1932 2421 tribus
1963 2366 2161 2422 habere
2184 2366 2402 2438 largiter
2425 2376 2702 2438 argentum
2731 2367 3001 2436 volebant,
3027 2367 3118 2423 ubi
3162 2367 3354 2424 fundos

1761 2457 2032 2515 insidiosis
2057 2458 2327 2515 fraudibus
2347 2460 2645 2530 rapiebant,
2668 2459 2758 2514 ubi
2782 2459 2960 2514 usuris
2987 2459 3354 2530 multiplican-

1762 2554 1903 2609 tibus
1930 2553 2082 2610 fenus
2106 2553 2388 2624 augebant,
2417 2553 2506 2608 ubi
2533 2553 2694 2609 tantis
2718 2562 2871 2610 erant
2897 2551 3117 2608 involuti
3157 2552 3356 2623 iniqui-

1762 2644 1979 2711 tatibus,
2035 2654 2092 2700 ut
2129 2659 2227 2715 per
2264 2644 2384 2700 illas
2428 2659 2651 2715 regnum
2699 2643 2796 2698 Dei
2844 2658 2947 2698 non
2998 2643 3354 2715 possiderent.

1760 2735 1913 2805 Quod
1939 2737 1982 2792 si
2011 2736 2240 2808 gloriosa
2269 2735 2505 2791 Ecclesia
2529 2735 2645 2790 sine
2673 2735 2881 2790 macula
2907 2743 2999 2789 aut
3036 2749 3166 2806 ruga
3195 2735 3246 2789 in
3274 2734 3356 2790 eis

1759 2828 1890 2884 solis
1917 2827 2342 2898 computabatur,
2371 2827 2461 2899 qui
2505 2826 2805 2882 mmrebant
2843 2834 2898 2881 ct
2923 2826 3206 2898 gemebant
3234 2825 3356 2883 illas

1761 2919 2087 2990 iniquitates,
2117 2934 2234 2990 qua:
2263 2918 2460 2973 fiebant
2481 2919 2532 2974 in
2556 2917 2732 2973 medio
2751 2932 2936 2973 eorum
2956 2936 2971 2982 ;
2998 2915 3137 2972 unde
3152 2917 3315 2973 etiam
3333 2917 3353 2949 ί

1761 3011 2055 3068 secundum
2082 3012 2252 3068 sancti
2273 3011 2571 3068 Ezechielis
2601 3010 2957 3083 prophetiam,
2986 3010 3116 3065 tales
3137 3010 3357 3081 proprio

1761 3105 1915 3174 signo
1951 3105 2149 3175 signari
2208 3113 2539 3171 meruerunt,
2575 3111 2631 3158 ut
2679 3118 2713 3160 a
2755 3104 3050 3159 vastatione
3090 3112 3146 3159 et
3173 3102 3354 3175 perdi-

1763 3196 1909 3252 tione
1950 3196 2251 3268 iniquorum
2299 3196 2550 3253 tutissimi
2597 3194 2889 3260 evaderent
2919 3213 2932 3250 :
2964 3195 3212 3252 desinant
3260 3210 3358 3252 ca-

1762 3288 2012 3345 lumniari
2041 3291 2212 3354 bonis,
2243 3304 2348 3344 non
2380 3289 2724 3360 operantibus
2764 3289 2902 3344 mala
2931 3305 3027 3360 per
3054 3289 3356 3346 morbidam

1762 3382 2128 3452 cupiditatem,
2157 3381 2253 3437 sed
2281 3381 2630 3436 tolerantibus
2657 3389 2880 3451 pr0pter
2906 3379 3179 3451 pacificum
3221 3379 3355 3436 cha-

1761 3478 1994 3538 ritatem,
2021 3472 2214 3543 quibus
2237 3472 2434 3527 dictum
2463 3481 2562 3538 est,
2592 3470 2736 3526 Beati
2758 3472 2976 3542 paciﬁci,
2998 3472 3235 3540 quoniam
3258 3472 3357 3540 ﬁlii

1761 3567 1860 3622 Dei
1885 3566 2195 3622 vocabuntur
2221 3563 2433 3637 (Matth.
2464 3582 2514 3631 v,
2543 3565 2622 3635 9).
2654 3563 2786 3618 Nam
2816 3572 3094 3633 propterea
3122 3562 3354 3633 Spiritus

1761 3669 1979 3718 sanctus
2009 3675 2104 3731 per
2141 3667 2494 3715 memoratum
2526 3658 2859 3714 Ezechielem
2905 3657 3214 3728 prophetam
3263 3658 3354 3713 tali

1761 3755 1924 3812 verbo
1949 3753 2246 3823 designavit
2267 3753 2455 3817 malos,
2485 3767 2619 3823 quos
2647 3753 2698 3807 in
2728 3751 2927 3807 unitate
2948 3751 3174 3806 tolerant
3203 3750 3351 3815 boni,

1761 3858 1821 3904 ut
1860 3862 1954 3904 eos
1985 3847 2036 3901 in
2083 3846 2261 3902 medio
2289 3847 2550 3902 bonorum
2580 3845 2784 3901 diceret
2827 3844 3143 3900 constitutos
3185 3863 3199 3899 :
3229 3844 3355 3914 quia

1761 3941 1806 3995 si
1835 3940 2005 3995 bonos
2030 3939 2232 3994 diceret
2257 3939 2310 3993 in
2339 3939 2516 3994 medio
2545 3939 2827 4002 malorum,
2862 3937 2934 3992 illi
2966 3938 3116 4008 quasi
3147 3939 3356 3992 extrin-

1761 4045 1919 4088 secus
1961 4040 2016 4086 et
2045 4030 2339 4085 forinsecus
2367 4044 2488 4086 esse
2512 4030 2840 4085 viderentur.
2874 4027 3107 4095 Gemunt,
3141 4027 3310 4100 inquit
3333 4070 3350 4092 ,

1759 4133 1809 4179 et
1836 4131 2044 4178 moerent
2085 4121 2373 4193 iniquitates
2410 4121 2587 4194 pepuli
2614 4123 2730 4188 mei,
2762 4137 2874 4192 quia
2917 4121 3048 4191 ﬁunt
3088 4121 3142 4175 in
3187 4120 3353 4176 medio

1759 4231 1935 4271 eorum
1963 4213 2176 4288 (Ezecb.
2208 4229 2283 4280 ix,
2310 4213 2368 4284 4)
2398 4230 2412 4266 :
2437 4221 2497 4268 ut
2524 4213 2644 4269 illos
2671 4213 2880 4284 iniquos
2909 4227 3015 4268 non
3044 4212 3216 4269 solum
3243 4229 3354 4271 non

1760 4306 2028 4372 exclusos,
2058 4304 2152 4360 sed
2178 4304 2338 4360 etiam
2359 4303 2592 4359 inclusos
2617 4303 2991 4374 cogitaremus.

1833 4399 1920 4453 11.
1962 4395 2021 4451 Si
2059 4410 2187 4452 vero
2221 4395 2333 4466 iam
2364 4403 2490 4450 tunc
2516 4411 2622 4450 non
2664 4402 2780 4450 erat
2805 4393 3065 4459 Ecclesia,
3097 4394 3220 4464 quia
3244 4393 3354 4468 Cy-

1760 4490 1979 4563 prianus
2003 4497 2059 4545 ct
2080 4487 2400 4560 quicumque
2427 4500 2548 4541 cum
2573 4499 2641 4542 eo
2663 4498 2853 4541 avaros
2877 4483 2998 4540 illos
3022 4499 3352 4556 rapacesque

1760 4589 2039 4646 noverant,
2068 4576 2257 4649 quales
2294 4577 2392 4648 ipsi
2417 4591 2522 4632 non
2547 4585 2721 4641 erant,
2761 4575 3004 4647 quamvis
3029 4589 3123 4631 eos
3147 4577 3352 4646 gravis-

1759 4672 1912 4729 simis
1935 4670 2220 4744 gemitibus
2245 4678 2299 4726 et
2325 4668 2742 4740 praeclarissimis
2770 4668 2989 4723 vocibus
3013 4681 3347 4736 accusarent,

1760 4781 1920 4822 unam
1951 4772 2128 4820 tamen
2167 4777 2291 4819 cum
2323 4763 2402 4818 eis
2445 4763 2704 4818 intrantes
2745 4760 3049 4825 ecclesiam,
3084 4769 3138 4816 et
3167 4759 3217 4814 in
3243 4777 3350 4818 una

1760 4859 2175 4931 congregatione
2219 4857 2366 4929 paria
2393 4857 2738 4914 Sacramenta
2782 4864 3094 4922 tractantes,
3124 4871 3221 4926 per
3250 4857 3352 4911 hn-

1758 4952 1993 5024 iusmodi
2032 4951 2464 5008 communionem
2500 4951 2523 4982 ³
2567 4949 2710 5019 paris
2755 4948 2917 5004 sortis
2963 4948 3138 5004 effecti
3182 4960 3349 5006 sunt:

1761 5045 1885 5116 quia
1925 5059 2031 5099 non
2059 5044 2560 5116 obtemperaverunt
2600 5041 2858 5111 Apostolo
2889 5039 3116 5112 iubenti,
3149 5050 3207 5097 ut
3231 5058 3351 5098 cum

1762 5135 2069 5206 huiusmodi
2119 5150 2219 5191 nec
2241 5135 2418 5190 cibum
2459 5131 2674 5204 quidem
2701 5132 2859 5188 simul
2902 5140 3215 5199 sumerent;
3257 5143 3349 5198 ct,

1763 5229 1974 5300 Auferte
1997 5226 2184 5282 malum
2212 5242 2274 5281 ea:
2295 5224 2432 5279 vobis
2459 5224 2585 5296 ipsis
2613 5241 2633 5279 :
2662 5225 2788 5296 quid
2819 5223 2993 5280 adhuc
3012 5224 3353 5280 laboramus?

1764 5319 1901 5390 Quid
1931 5333 1990 5374 se
2015 5317 2115 5388 ipsi
2141 5317 2343 5388 iactant
2360 5315 2501 5386 quod
2526 5315 2756 5372 habeant
2773 5315 3007 5386 aliquam
3032 5314 3348 5380 Ecclesium,

1765 5413 1810 5468 si
1848 5411 1956 5482 iam
2007 5409 2111 5466 illis
2157 5407 2485 5478 temporibus
2536 5421 2656 5464 esse
2697 5407 2939 5463 destitit?
2985 5407 3172 5463 Dic:th
3211 5407 3353 5462 unde

1766 5516 1922 5561 natus
1947 5512 2024 5556 est
2051 5500 2342 5572 Maiorinus
2369 5509 2460 5554 aut
2490 5500 2744 5569 Donatus,
2771 5509 2830 5556 ut
2851 5514 2949 5572 per
2971 5514 3067 5556 eos
3103 5511 3354 5553 nascere-

1831 5639 1848 5670 ί
1873 5637 1945 5687 sic
1960 5643 2064 5686 Mss.
2083 5635 2202 5686 ιτΔὶιὶ
2225 5646 2362 5693 vero,
2382 5631 2479 5686 imo
2498 5633 2661 5686 etiam.

1830 5701 1851 5732 ³
1875 5700 2082 5760 Vaticani
2113 5697 2306 5760 codices
2330 5697 2516 5760 omisso
2531 5699 2710 5760 verbo,
2735 5701 2992 5760 tractantes
3006 5731 3023 5757 ,
3045 5693 3238 5759 ferunt,
3265 5709 3357 5760 per

1767 5758 2043 5825 huiusmodi
2060 5757 2710 5825 conummionem_habentes.
2736 5757 2823 5808 Alii
2849 5766 2976 5820 Mss,
2999 5771 3117 5825 pro,
3139 5757 3354 5814 contritu-

1772 5821 1972 5885 iilmem,
1998 5823 2198 5882 habent,
2224 5820 2712 5875 communicationem.
