3764 6212
43 295 127 356 45

59 417 272 475 etsalva
306 434 461 490 pace
494 424 809 497 corrigitur,
835 432 892 482 et
927 439 1034 481 non
1061 425 1422 483 interfectorie
1447 426 1686 498 percuti-

65 519 160 576 tur,
208 512 311 567 sed
370 517 790 574 medicinaliter
829 520 1015 575 uritur.
1048 519 1340 591 Propterea
1386 529 1442 576 et
1486 520 1553 576 de
1597 521 1686 577 illo

63 601 202 669 dixit,
232 618 414 674 quem
467 610 563 664 tali
595 610 859 666 medicina
895 612 1075 666 sanari
1107 612 1369 680 voluerat,
1401 612 1543 668 Satis
1571 613 1688 669 huic

61 707 124 751 est
171 700 451 768 correptio
500 718 616 772 quat
661 703 722 771 fit
761 719 793 756 a
840 704 1032 760 ntultis.
1087 703 1272 776 Neque
1318 706 1462 760 enim
1510 715 1688 778 potest

60 803 171 845 esse
198 789 459 848 salubris
504 809 534 849 a
566 795 748 851 multis
789 797 1078 867 correptio,
1127 797 1229 854 nisi
1273 814 1394 854 cum
1444 801 1535 856 ille
1563 816 1687 856 cor-

61 881 242 950 ripitur
267 884 366 952 qui
405 900 528 940 non
561 885 721 943 habet
744 888 945 944 sociam
965 890 1377 948 multitudinem.
1397 892 1530 949 Cum
1559 909 1688 950 vero

61 973 193 1030 idem
222 976 479 1033 morbus
507 981 765 1050 plurimos
791 985 1171 1054 occupaverit,
1204 986 1335 1042 nihil
1361 987 1503 1043 aliud
1531 987 1688 1045 bonis

59 1075 218 1122 result
269 1084 458 1139 quam
504 1071 661 1129 dolor
705 1083 758 1130 et
786 1077 1055 1146 gemitus,
1081 1087 1142 1133 ut
1185 1094 1280 1152 per
1323 1081 1448 1136 illud
1478 1083 1688 1154 signum

59 1159 192 1230 quod
247 1161 552 1221 Ezechieli
601 1176 785 1223 sancto
832 1171 1121 1239 revelatur,
1166 1172 1317 1228 il'itesi
1362 1175 1588 1231 evadere
1621 1175 1689 1231 ab

61 1252 268 1308 illorum
302 1258 632 1315 vastatione
655 1273 965 1318 mereantur
987 1262 1198 1336 (Ezech.
1231 1281 1305 1333 ιι,
1337 1267 1416 1338 4).
1452 1268 1531 1322 Ad
1563 1283 1686 1324 eum

61 1347 191 1400 enim
217 1348 316 1418 qui
366 1363 571 1408 errare
596 1368 701 1408 non
726 1362 908 1425 potest
934 1357 1167 1413 clamant
1203 1376 1216 1414 ε
1253 1357 1336 1414 Ne
1361 1361 1545 1432 perdas
1574 1378 1688 1416 cum

8 1431 12 1438 ’
63 1440 256 1509 impiis,
293 1440 452 1496 Deus
471 1485 486 1508 ,
514 1445 736 1500 animum
763 1463 926 1502 meam
951 1490 966 1514 ,
996 1459 1039 1502 et
1081 1466 1194 1504 cum
1227 1451 1346 1506 viris
1383 1453 1688 1523 sanguinum

61 1537 206 1588 vitam
225 1552 412 1590 meam
434 1536 611 1611 (Psal.
639 1556 771 1608 xxv,
803 1541 882 1612 9).
905 1541 983 1598 Ne
1010 1557 1130 1598 cum
1152 1545 1415 1601 voluerint
1436 1547 1689 1617 colligere

67 1629 254 1683 zizania
279 1671 295 1696 ,
330 1631 630 1689 eradicent
657 1633 820 1688 simul
847 1643 901 1690 et
929 1635 1183 1702 triticum;
1217 1651 1314 1693 nec
1343 1653 1438 1708 per
1462 1638 1687 1710 diligen-

65 1720 182 1774 tiam
229 1731 499 1792 segetem
541 1723 865 1779 dominicam
905 1735 1164 1796 purgent,
1199 1726 1292 1782 sed
1335 1742 1429 1798 per
1471 1728 1690 1784 temeri-

70 1823 218 1868 tatem
273 1815 384 1883 ipsi
468 1817 646 1886 potius
712 1817 852 1873 inter
901 1829 1250 1890 purgamenta
1317 1830 1683 1878 numerentur.

66 1905 290 1977 ideoque
325 1907 490 1963 idem
519 1909 796 1979 apostolus
825 1925 945 1964 cum
969 1911 1078 1982 jam
1117 1913 1313 1968 multos
1337 1913 1689 1984 comperisset

73 2000 344 2054 immunda
405 2001 620 2057 luxuria
674 2010 729 2058 et
775 2002 1214 2060 fornicatiouibus
1259 2007 1686 2077 inquinatos;ad

71 2093 276 2147 eosdem
303 2092 632 2151 Corinthios
660 2096 712 2151 in
739 2097 972 2152 secunda
1005 2097 1243 2168 Epistoia
1274 2100 1515 2156 scribens
1534 2143 1550 2167 ,
1579 2115 1684 2157 non

77 2185 247 2240 itidem
283 2189 544 2260 praecipit
572 2198 632 2244 ut
668 2204 788 2245 cum
817 2191 1010 2247 talibus
1045 2207 1146 2248 nec
1185 2193 1362 2249 cibum
1392 2207 1683 2253 sumerent.

77 2277 210 2332 ilulti
257 2280 417 2334 eriizn
477 2291 665 2350 erant,
696 2297 794 2337 nec
836 2282 942 2337 dici
985 2283 1054 2339 de
1104 2284 1187 2339 his
1211 2293 1453 2354 poterat,
1487 2287 1549 2342 Si
1575 2289 1688 2358 quis

79 2375 223 2438 frater
265 2375 576 2429 nominatur
632 2375 927 2448 fornicator,
965 2386 1052 2430 aut
1108 2377 1260 2431 idolis
1305 2380 1556 2445 serviens,
1600 2390 1686 2434 aut

79 2480 268 2532 scarus,
298 2476 400 2520 aut
428 2466 634 2537 aliquid
663 2468 804 2533 tale;
837 2484 950 2521 cum
975 2468 1228 2539 ejusmodi
1257 2485 1346 2523 nec
1373 2470 1535 2524 cibum
1563 2472 1679 2540 qui-

84 2556 184 2609 dem
207 2557 382 2612 simul
408 2575 609 2614 sumere
637 2577 655 2614 :
685 2559 777 2614 sed
807 2558 916 2626 ait,
945 2557 1028 2613 Ne
1055 2560 1236 2613 iterum
1278 2576 1393 2613 cum
1423 2577 1600 2615 venero
1619 2563 1687 2616 ad

83 2663 177 2712 eos,
203 2649 450 2706 humiliet
479 2667 560 2704 me
584 2650 740 2716 Deus,
773 2660 819 2704 et
843 2651 1040 2722 lugeam
1072 2651 1256 2706 multos
1278 2667 1340 2706 ea:
1359 2652 1424 2705 iis
1451 2653 1537 2722 qui
1570 2663 1687 2708 ante

91 2755 414 2808 peccaverunt
439 2784 457 2810 ,
489 2753 536 2798 et
566 2760 668 2798 non
693 2753 901 2815 egerunt
925 2743 1268 2814 ptenitentiam
1293 2759 1446 2815 super
1469 2745 1688 2799 immun-

86 2835 195 2888 ditia
216 2876 232 2901 ,
256 2845 306 2890 et
355 2837 605 2905 luxuria,
634 2845 681 2891 et
705 2836 1040 2905 fornicatione
1077 2853 1231 2906 qttam
1265 2846 1526 2908 gesserunt
1548 2852 1568 2901 ;
1589 2852 1687 2907 per

86 2923 267 2980 luctum
310 2943 480 2983 suum
525 2929 703 2998 potius
751 2943 845 2983 eos
884 2926 1065 2982 divino
1105 2927 1317 2998 ﬂagello
1360 2927 1686 2983 coercendos

89 3016 278 3072 minans
307 3019 362 3086 ⁸,
397 3032 564 3090 quam
596 3035 690 3088 per
731 3018 874 3073 illam
923 3021 1316 3089 correptionem
1347 3062 1362 3086 ,
1395 3031 1451 3074 ιιι
1499 3019 1682 3075 caeteri

90 3109 146 3163 ab
183 3125 369 3168 eorum
407 3112 787 3182 conjunctione
816 3127 876 3168 se
920 3113 1250 3168 contineant.
1280 3112 1685 3185 Consequentcr

96 3201 218 3256 enim
266 3202 452 3260 dicit:
510 3201 647 3259 Ecce
689 3203 836 3259 tertio
889 3204 983 3259 hoc
1011 3205 1209 3260 veniam
1254 3205 1320 3257 ad
1363 3220 1449 3259 vos
1476 3221 1496 3259 :
1522 3206 1576 3259 in
1600 3222 1686 3261 ore

94 3296 283 3353 duorum
305 3301 388 3355 vel
417 3301 575 3354 trium
604 3299 804 3355 testium
831 3298 980 3353 stabit
1003 3315 1151 3353 omne
1177 3299 1400 3355 verbum.
1430 3297 1681 3368 Praedixi,

93 3398 132 3440 et
162 3391 376 3460 predico
405 3394 539 3448 sicut
585 3408 804 3463 praesens
847 3392 1066 3446 secundo
1088 3433 1100 3455 ,
1129 3400 1176 3446 et
1205 3407 1338 3445 nunc
1380 3391 1556 3446 absens
1576 3432 1590 3454 ,
1621 3393 1683 3446 iis

95 3479 165 3545 qui
196 3493 310 3537 ante
336 3491 695 3554 peccaverunt,
726 3491 774 3538 et
799 3482 994 3537 cteteris
1018 3482 1269 3548 omnibus,
1297 3482 1414 3552 quia
1433 3483 1475 3535 si
1504 3497 1681 3536 venero

100 3568 138 3621 it
217 3590 250 3626 ιι
275 3617 292 3642 ,
340 3593 450 3631 non
489 3591 700 3647 parcam
723 3591 742 3639 ;
765 3575 883 3645 quia
925 3573 1271 3646 probationem
1309 3573 1531 3645 quan-itis
1571 3574 1681 3644 ejus

99 3676 165 3728 qut
209 3663 258 3718 in
283 3682 365 3722 me
403 3666 631 3738 loquitur
663 3662 891 3721 Christus
916 3664 995 3736 (ll
1024 3665 1142 3720 Cor.
1188 3681 1260 3721 xu
1281 3706 1298 3732 ,
1325 3664 1518 3721 21-1111
1544 3707 1558 3731 ,
1585 3667 1676 3737 5).

101 3751 214 3819 Quid
240 3757 384 3814 aliud
406 3759 542 3814 dixit
567 3758 655 3814 hic
673 3798 690 3825 ,
725 3756 846 3812 Non
874 3773 1105 3827 parcam;
1133 3757 1234 3812 nisi
1262 3757 1403 3828 quod
1431 3759 1678 3828 superius

102 3845 188 3912 ait,
212 3847 278 3903 Et
307 3850 516 3924 lugeam
545 3851 768 3904 multos:
800 3857 856 3904 nt
886 3849 1060 3904 luctus
1097 3849 1213 3918 ejus
1251 3844 1562 3918 impetraret
1581 3847 1678 3903 fla-

104 3938 271 4006 gellum
292 3957 322 3997 a
349 3943 583 3999 Domino
610 3957 717 4014 quo
742 3941 818 3996 illi
851 3943 1266 4011 corriperentur,
1294 3942 1385 4011 qui
1410 3942 1518 4010 jam
1547 3955 1674 4011 pro-

105 4035 200 4095 pter
235 4033 634 4090 multitudinem
678 4047 784 4087 non
827 4041 1075 4102 poterant
1109 4032 1180 4086 ita
1228 4031 1426 4101 corripi
1458 4075 1468 4098 ,
1502 4039 1560 4086 ut
1605 4031 1698 4118 ab

108 4131 261 4179 eorum
305 4125 688 4197 conjunctione
733 4141 794 4180 se
841 4123 1022 4180 cmteri
1071 4123 1441 4189 continerent,
1486 4132 1540 4180 et
1582 4139 1674 4181 eos

106 4215 396 4277 erubescere
449 4220 723 4286 facerent,
776 4219 915 4275 sicut
964 4217 1266 4273 faciendum
1310 4226 1425 4283 est,
1471 4219 1515 4273 si
1555 4219 1674 4290 quis

108 4305 244 4365 frater
262 4311 314 4368 in
340 4313 524 4383 aliquo
551 4311 761 4368 caeteris
789 4310 1034 4366 dissimili
1061 4311 1286 4365 crimine
1328 4310 1674 4366 nominetur?

109 4399 160 4455 Et
179 4418 352 4461 revera
384 4406 431 4462 si
476 4405 726 4477 contagio
767 4403 1017 4475 peccandi
1045 4401 1440 4458 multitudinem
1467 4403 1675 4458 invase-

110 4493 196 4564 rit,
221 4497 409 4556 divina:
435 4498 733 4570 disciplinae
759 4511 946 4555 severa
973 4495 1340 4552 misericordia
1367 4494 1672 4552 necessaria

111 4598 176 4644 est
199 4609 212 4645 :
239 4609 357 4650 nam
383 4594 606 4650 consilia
642 4591 993 4664 separationis
1017 4598 1073 4646 et
1100 4590 1275 4645 inania
1302 4598 1426 4644 sunt
1454 4596 1509 4644 et
1550 4602 1674 4658 per-

115 4679 278 4739 niciosa
323 4695 488 4757 atque
538 4684 819 4754 sacrilega;
862 4682 984 4753 quia
1031 4690 1087 4737 et
1140 4680 1301 4752 impia
1347 4683 1401 4734 et
1443 4679 1672 4748 superba

116 4771 250 4844 fiunt,
279 4789 332 4835 et
357 4778 478 4851 plus
505 4777 817 4848 perturbant
859 4774 1099 4830 inﬁmos
1137 4773 1333 4839 bonos,
1363 4785 1523 4844 quam
1547 4786 1672 4827 cor-

118 4863 260 4935 rigunt
302 4872 579 4927 animosos
619 4867 810 4923 malos.
840 4865 989 4924 Sicut
1011 4867 1033 4899 ³
1065 4865 1162 4922 ille
1193 4865 1539 4920 fidelissimus
1587 4873 1670 4920 te-

118 4957 190 5012 stis
220 4962 445 5020 avaritia:
489 4963 837 5034 collegarum,
866 4975 986 5016 cum
1012 4973 1075 5016 ea
1105 4960 1242 5015 mala
1267 4959 1671 5015 tribulationum

121 5062 210 5115 ¹Ιιιῖε
243 5057 534 5128 patiebatur
576 5054 668 5110 illo
710 5061 952 5124 tempore
996 5051 1270 5120 Ecclesia,
1300 5067 1542 5108 censum
1584 5051 1670 5106 di-

123 5137 225 5199 vinae
264 5157 315 5204 et
361 5146 659 5216 disciplinae
709 5146 1004 5211 tribueret,
1053 5143 1486 5198 commemoratis
1535 5156 1671 5212 quos

122 5246 297 5296 noverat
323 5240 698 5312 episcoporum
730 5237 979 5309 pessimis
1022 5236 1288 5300 moribus,
1319 5235 1407 5307 qui
1431 5236 1672 5292 esurien-

124 5324 230 5382 libus
273 5333 522 5389 fratribus
581 5332 779 5387 habere
830 5337 1106 5402 argentum
1159 5327 1378 5401 largiter
1427 5329 1666 5395 vellent,

123 5415 272 5481 fundos
291 5426 560 5484 insidiosis
590 5425 862 5481 fraudibus
895 5431 1180 5495 raperent,
1212 5424 1390 5479 usuris
1415 5422 1671 5492 multipli-

125 5517 318 5578 canlibus
371 5520 527 5578 fenus
551 5527 845 5590 augerent:
879 5516 1016 5584 Quid
1063 5533 1165 5572 non
1189 5557 1202 5584 ,
1231 5515 1443 5588 inquit,
1476 5514 1668 5587 perpeti

652 5759 995 5824 Eapunximus,
1021 5757 1166 5819 enim,
1190 5756 1474 5810 auctoritate
1495 5764 1666 5808 manu-

127 5817 353 5881 NW

1511 309 1717 368 LIBER
1751 310 2065 373 TERTIUS.
3315 333 3388 396 οι

1793 429 1918 485 tales
1965 449 2056 502 pro
2087 435 2300 504 peccatis
2344 437 2638 510 hujusmodi
2687 450 3036 506 mererentur?
3085 451 3153 509 Et
3193 453 3388 514 deinde

1793 518 2008 578 adhibet
2059 526 2419 584 testimonium
2465 531 2532 586 de
2571 531 2798 590 Psalmis
2844 537 3029 597 dicens
3063 543 3235 599 :Cum
3272 547 3387 618 jam

1793 615 1989 685 pridem
2016 620 2263 675 monuerit
2307 631 2355 676 et
2377 624 2561 680 dixerit
2587 643 2798 684 censura
2839 631 3010 688 divina
3029 615 3342 708 (Cyprianus
3365 683 3382 710 ,

1795 707 1964 763 Serm.
1993 710 2056 764 de
2082 710 2265 782 Lapsis
2289 715 2327 784 ),
2360 733 2380 767 ι
2417 715 2480 771 Si
2527 717 2882 791 dereliquerint
2927 707 3047 794 ﬁlii
3071 729 3182 799 ejus
3226 707 3386 802 legem

1800 816 1820 851 ι
1853 817 2049 869 meam,
2081 803 2204 858 etin
2242 807 2446 874 iudiciis
2475 809 2598 864 meis
2645 828 2746 866 non
2783 814 3185 886 ambulaverint;
3213 824 3258 877 si
3291 828 3386 894 ju-

1801 908 1820 944 ι
1852 893 2015 948 stitias
2056 911 2192 950 meas
2235 901 2642 971 profanaverint,
2673 913 2716 958 et
2740 918 2990 978 praecepta
3017 927 3132 965 mea
3169 930 3269 968 non
3294 893 3384 970 ob-

1800 999 1820 1033 ι
1855 987 2154 1040 servaverint
2176 1005 2196 1052 ;
2217 989 2425 1045 visitabo
2454 991 2506 1046 in
2547 994 2688 1066 virga
2712 997 2996 1065 iniquitates
3025 1018 3195 1058 eorum
3213 1047 3227 1071 ,
3257 1017 3304 1060 et
3331 1010 3383 1062 in

1799 1092 1820 1127 ι
1853 1076 2068 1148 flagellis
2110 1077 2296 1134 delicta
2336 1098 2509 1138 eorum
2541 1101 2560 1139 :
2587 1072 2985 1144 misericordiam
3025 1104 3189 1148 autem
3216 1113 3380 1153 meam

1802 1184 1820 1218 ι
1853 1183 1954 1260 non
1982 1168 2268 1242 dispergam
2291 1174 2354 1226 ab
2377 1175 2452 1230 eis
2485 1195 2504 1228 ι
2538 1175 2707 1249 (Psal.
2736 1196 2990 1250 Lxxxvm,
3019 1186 3234 1260 51-34).

1866 1259 1952 1316 15.
1982 1260 2396 1320 Miscricorditer
2432 1267 2592 1338 igitur
2635 1271 2890 1341 corripiat
2919 1273 3082 1330 homo
3112 1259 3252 1347 quad
3282 1295 3378 1349 po.

1796 1359 1898 1407 test
1931 1354 2109 1424 :quod
2151 1365 2326 1414 autem
2358 1373 2462 1414 non
2492 1370 2706 1431 potest,
2733 1367 2996 1434 patienter
3029 1368 3193 1434 ferat;
3223 1383 3279 1427 et
3301 1374 3373 1428 di

1793 1446 2023 1504 lectione
2053 1449 2069 1480 ³
2094 1460 2270 1520 gemat
2295 1460 2456 1523 atque
2482 1454 2657 1525 lugeat
2681 1498 2695 1521 ,
2728 1456 2900 1514 donec
2924 1469 3014 1515 aut
3041 1462 3128 1518 ille
3153 1463 3385 1535 desuper

1794 1539 2042 1595 emendet
2070 1549 2124 1596 et
2159 1543 2730 1618 eorrigat,autusque
2778 1549 2845 1604 ad
2897 1567 3126 1608 messem
3173 1556 3384 1612 differat

1792 1631 2064 1689 cradicare
2090 1635 2313 1702 zizania,
2342 1647 2398 1692 et
2435 1640 2640 1708 paleam
2666 1642 2924 1698 ventilare
2952 1660 2966 1700 :
3001 1655 3058 1700 ut
3084 1653 3260 1702 tamen
3290 1663 3380 1705 se-

1793 1725 1908 1780 curi
1947 1725 2014 1782 de
2042 1727 2216 1783 salute
2240 1744 2332 1784 sua
2379 1729 2532 1786 bonae
2561 1733 2672 1802 spei
2700 1732 2990 1791 Christiani
3021 1737 3158 1794 inter
3186 1739 3380 1811 despe-

1794 1824 1957 1881 ratos,
1986 1832 2120 1886 quos
2157 1819 2426 1890 corripere
2451 1836 2556 1876 non
2587 1823 2798 1891 valent,
2833 1825 2885 1880 in
2926 1827 3127 1884 unitate
3153 1845 3381 1887 versen-

1795 1916 1897 1973 tur,
1920 1907 2162 1964 auferant
2187 1910 2384 1965 malum
2412 1927 2442 1965 a
2471 1927 2530 1967 se
2551 1913 2698 1982 ipsis,
2731 1914 2782 1969 id
2812 1923 2928 1982 est,
2961 1926 3016 1972 ut
3040 1918 3094 1974 in
3121 1918 3250 1988 ipsis
3276 1937 3383 1978 non

1794 1999 2097 2056 inveniatur
2149 2001 2293 2073 quod
2342 2002 2394 2058 in
2440 2004 2677 2061 moribus
2719 2006 2947 2062 aliorum
2994 2010 3073 2064 eis
3114 2010 3380 2080 displicet.

1791 2092 1925 2149 Cum
1980 2095 2121 2150 enim
2167 2095 2391 2153 dixisset
2438 2097 2760 2168 Apostolus,
2793 2099 2904 2165 Quo
2925 2101 3058 2155 enim
3084 2103 3209 2162 mihi
3233 2104 3295 2160 de
3317 2107 3382 2160 iis

1791 2187 1878 2256 qui
1906 2186 2032 2256 foris
2084 2197 2200 2241 sunt
2241 2189 2478 2260 judicare
2500 2189 2526 2243 .9
2554 2187 2740 2244 Nonne
2786 2195 2848 2246 de
2872 2192 2936 2246 iis
2978 2193 3065 2261 qui
3087 2194 3222 2249 intus
3262 2206 3381 2251 sunt

1792 2295 1877 2332 vos
1915 2280 2206 2350 judicatis?
2228 2281 2306 2335 De
2350 2282 2429 2336 his
2456 2293 2623 2337 autem
2651 2283 2741 2354 qui
2773 2284 2900 2354 foris
2935 2295 3052 2340 sunt
3081 2286 3220 2344 Deus
3245 2291 3380 2359 judi-

1791 2370 1922 2425 cabit
1947 2369 1991 2442 (Ι
2021 2371 2137 2426 Cor.
2169 2389 2223 2436 ν,
2251 2372 2341 2445 12)
2375 2391 2389 2427 :
2422 2384 2675 2446 tanquam
2702 2375 2776 2430 illi
2803 2379 3210 2448 responderent,
3245 2381 3384 2450 Quid

1792 2465 2017 2534 agimus,
2045 2481 2164 2520 cum
2197 2466 2267 2521 ita
2299 2467 2659 2537 improborum
2705 2469 3041 2526 multitudine
3069 2473 3382 2542 premimur,

1792 2565 1849 2610 ut
1869 2555 2126 2624 judicium
2173 2566 2415 2612 nostrum
2446 2559 2498 2613 in
2525 2559 2698 2630 aliqua
2733 2561 3060 2618 coercitione
3075 2578 3184 2619 non
3213 2567 3385 2635 possi-

1793 2663 1912 2703 mus
1935 2651 2226 2705 excrcere‘t
2255 2651 2463 2722 Auferte
2481 2694 2495 2718 ,
2523 2653 2694 2723 inquit
2717 2695 2732 2721 ,
2761 2655 2951 2710 malum
2987 2648 3049 2710 ἐκ
3073 2657 3211 2712 vobis
3235 2658 3382 2729 ipsis,

1792 2741 1844 2796 id
1874 2751 1956 2796 est
1976 2781 1990 2806 ,
2020 2743 2063 2795 si
2108 2758 2212 2796 non
2262 2744 2483 2812 potestis
2510 2743 2719 2800 auferre
2771 2746 2941 2802 malos
2985 2762 3054 2804 ex
3081 2749 3259 2805 medio
3286 2765 3384 2807 ve-

1790 2841 1983 2898 strum,
2012 2834 2186 2904 ipsum
2215 2834 2411 2890 malum
2451 2834 2655 2891 auferte
2680 2851 2746 2890 ex
2769 2837 2922 2894 vobis
2945 2837 3074 2908 ipsis
3101 2839 3200 2911 (a).
3229 2841 3383 2908 Quod

1791 2926 1834 2980 si
1863 2926 2142 2996 quisquam
2175 2925 2302 2981 velit
2329 2926 2406 2981 sic
2431 2927 2729 2998 intelligere
2755 2929 2897 2999 quod
2925 2929 3125 2990 dictum
3149 2942 3251 3000 est,
3274 2933 3379 2988 Au-

1791 3019 1916 3087 ferte
1937 3015 2130 3071 malum
2161 3033 2224 3072 ea:
2247 3017 2384 3072 vobis
2409 3018 2532 3090 ipsis
2557 3034 2575 3081 ;
2598 3027 2656 3072 ut
2700 3034 2796 3089 per
2847 3021 3240 3090 correptionem
3291 3038 3382 3080 se-

1790 3110 2081 3180 paratiouis
2128 3111 2195 3164 de
2232 3109 2644 3180 congregatione
2674 3110 2898 3166 fratrum
2944 3113 3114 3170 maius
3155 3115 3383 3184 quisque

1788 3200 2113 3257 auferendus
2139 3202 2210 3256 sit
2241 3219 2254 3256 :
2283 3202 2458 3258 studio
2490 3210 2666 3258 tamen
2696 3203 2916 3259 sanandi
2941 3244 2956 3269 ,
2999 3220 3103 3262 non
3134 3207 3258 3264 odio
3287 3216 3382 3276 pe-

1788 3292 2016 3348 rimendi
2067 3307 2186 3348 esse
2212 3293 2540 3357 faciendum,
2585 3305 2743 3348 nemo
2784 3293 3127 3358 dubitaverit.
3157 3297 3222 3352 Et
3258 3298 3380 3368 quis

1787 3385 2122 3441 adhibendus
2166 3386 2236 3439 sit
2259 3384 2449 3440 modus
2491 3393 2841 3455 temporaque
2869 3386 3147 3452 servanda,
3179 3403 3246 3442 ne
3274 3404 3379 3458 pax

1788 3477 2045 3532 Ecclesiae
2067 3475 2311 3541 violetur,
2347 3475 2402 3532 in
2442 3491 2544 3546 qua
2576 3476 2806 3531 maxime
2847 3477 3023 3534 tritico
3051 3481 3376 3548 parcendum

1785 3578 1896 3633 est,
1928 3583 1997 3624 ne
2024 3568 2184 3623 simul
2204 3582 2329 3623 cum
2354 3567 2576 3622 zizaniis
2603 3567 2934 3634 eradicetur,
2961 3569 3103 3638 quod
3133 3570 3187 3628 in
3234 3585 3376 3640 pra:-

1784 3661 1956 3719 sentia
1987 3662 2158 3718 visum
2185 3668 2271 3718 est
2313 3661 2697 3728 necessarium,
2729 3659 3096 3718 disseruimus.
3133 3661 3260 3718 Haec
3284 3664 3376 3734 qui

1782 3752 2065 3825 diligenter
2107 3752 2340 3824 cogitat,
2380 3767 2482 3810 nec
2508 3751 2560 3808 in
2605 3752 3011 3810 conservatione
3037 3753 3256 3810 unitatis
3282 3770 3377 3811 ne-

1781 3845 1930 3917 gligit
1955 3843 2248 3915 disciplinae
2279 3843 2617 3902 severitatem
2643 3886 2658 3909 ,
2687 3857 2787 3899 nec
2813 3843 3254 3904 immoderatione
3277 3861 3374 3902 co-

1782 3936 2056 3994 crcitionis
2083 3935 2367 4006 disrumpit
2391 3935 2658 3990 vinculum
2686 3934 2977 3990 societatis.

1853 4029 1943 4086 16.
1972 4029 2106 4086 Nam
2149 4031 2252 4085 hoc
2281 4029 2454 4098 ipsum
2474 4027 2617 4099 quod
2643 4027 2717 4083 ait
2739 4029 3048 4098 Apostolus,
3080 4025 3206 4090 Cum
3234 4030 3374 4102 ejus-

1779 4123 1918 4178 modi
1953 4138 2043 4178 nec
2067 4122 2233 4178 cibum
2257 4120 2411 4180 simul
2432 4135 2630 4175 sumere
2654 4135 2673 4174 :
2699 4135 2858 4191 quam
2887 4120 3037 4176 multi
3067 4121 3190 4176 boni
3231 4121 3376 4178 chri-

1779 4216 1936 4272 stiani
1956 4217 2000 4282 ³,
2029 4214 2096 4270 de
2123 4214 2190 4270 iis
2216 4213 2284 4269 de
2306 4212 2501 4283 quibus
2529 4212 2838 4268 familiarius
2857 4227 3042 4267 curam
3073 4223 3284 4284 gerunt,
3316 4223 3376 4270 ut

1777 4325 1806 4364 a
1827 4324 2054 4380 quorum
2080 4306 2350 4363 consortio
2386 4319 2447 4361 se
2493 4305 2762 4376 potuerint
2790 4321 3039 4377 separare
3061 4348 3076 4373 ,
3101 4323 3236 4378 quos
3281 4309 3372 4365 tali

1777 4403 2114 4473 correptione
2139 4414 2298 4471 posse
2340 4399 2533 4469 corrigi
2559 4398 2832 4481 sentiunt,
2865 4399 2946 4452 vel
2973 4413 3106 4468 quos
3153 4400 3372 4457 omnino

1777 4497 1970 4568 corrigi
2025 4509 2184 4567 posse
2210 4493 2525 4564 desperant,
2567 4507 2634 4547 ne
2670 4491 2805 4551 alios
2833 4490 3219 4560 colloquiorum
3252 4507 3372 4548 ina-

1779 4593 1951 4649 lorum
1971 4590 2288 4660 contagione
2323 4596 2670 4658 corrumpant
2696 4628 2710 4652 ,
2740 4602 2847 4642 non
2872 4584 3118 4642 dubitant
3146 4585 3371 4644 facere?

1777 4684 1923 4739 Facit
1950 4691 2126 4738 autem
2158 4681 2261 4737 hoc
2285 4681 2440 4747 bene,
2472 4679 2524 4738 id
2548 4687 2652 4749 est,
2679 4678 2863 4736 humili
2891 4678 3156 4756 charitate
3181 4694 3245 4735 ac
3270 4679 3370 4736 be-

1777 4777 1932 4848 nigna
1979 4776 2264 4832 severitate
2285 4815 2302 4843 ,
2331 4775 2422 4846 qui
2460 4775 2538 4831 sic
2567 4783 2761 4846 praeest
2786 4772 3058 4840 fratribus,
3087 4783 3144 4828 ut
3181 4789 3370 4831 eorum

1777 4888 1987 4930 servum
2017 4886 2075 4927 se
2123 4885 2244 4928 esse
2281 4868 2615 4934 meminerit,
2648 4869 2785 4924 sicut
2823 4880 2943 4922 sese
2973 4866 3171 4928 habent
3204 4867 3370 4938 ipsius

1777 4965 1987 5022 Domini
2015 4973 2070 5020 et
2112 4971 2435 5034 praeceptum
2461 4971 2516 5018 et
2550 4959 2851 5032 exemplum
2881 4957 3095 5030 (Matth.
3131 4974 3235 5026 xx,
3264 4958 3366 5014 26—

1773 5057 1887 5130 28).
1920 5057 2070 5112 Tunc
2086 5055 2230 5112 enim
2258 5055 2315 5109 fit
2341 5054 2459 5109 sine
2485 5052 2648 5122 typho
2670 5050 2691 5082 ³
2717 5051 2963 5106 elationis
2993 5049 3047 5106 in
3071 5049 3365 5117 hominem,

1775 5158 1832 5206 et
1882 5163 2005 5204 cum
2036 5148 2177 5203 luctu
2201 5143 2592 5215 deprecationis
2635 5145 2701 5198 ad
2732 5142 2920 5198 Deum.
2970 5131 3075 5196 Sed
3104 5155 3266 5211 quam
3292 5141 3369 5196 fa-

1775 5242 1878 5298 cile
1896 5241 1962 5296 de
1983 5239 2152 5312 gradu
2196 5238 2510 5295 clericorum
2536 5236 2761 5306 quisque
2799 5234 2866 5289 ab
2891 5233 3164 5304 episcopo,
3194 5233 3275 5288 vel
3298 5232 3368 5288 de

1775 5347 2001 5390 numero
2030 5346 2320 5403 pauperum
2365 5344 2498 5400 quos
2543 5329 2715 5400 pascit
2741 5326 2978 5382 Ecclesia
3001 5368 3017 5394 ,
3049 5326 3131 5381 vel
3157 5325 3224 5382 de
3252 5327 3366 5395 ipsa

1774 5425 2187 5498 congregatione
2233 5423 2528 5488 laicorum,
2575 5421 2689 5478 sive
2735 5418 2804 5475 ab
2829 5419 3116 5489 episeopo,
3166 5418 3282 5474 sive
3333 5431 3365 5472 a

1837 5561 1855 5594 ¹
1884 5568 1982 5611 Am.
2007 5566 2081 5610 Er.
2110 5565 2162 5626 et
2182 5557 2366 5623 aliquot
2388 5565 2516 5626 Mss,
2534 5561 2718 5626 etcum
2751 5551 3020 5626 dilectione.
3113 5612 3141 5626 _
3273 5613 3288 5626 _
3305 5613 3336 5626 ῃ

1836 5626 1856 5658 ²
1881 5630 1930 5694 19
1956 5623 2166 5694 excusis,
2195 5612 2320 5694 post,
2364 5612 2513 5672 multi
2528 5615 2635 5670 boni
2658 5613 2934 5677 christiani,
2959 5612 3209 5679 superﬂuo
3230 5613 3367 5667 addi-

1772 5694 1876 5740 tum
1897 5686 2083 5748 fuerat,
2114 5685 2313 5749 faciam.

1837 5750 1859 5784 ³
1879 5749 2028 5799 Fdltio
2048 5758 2168 5810 Am.,
2188 5753 2318 5812 typo.

1838 5811 1910 5874 (α)
1935 5817 1969 5860 n
1992 5807 2227 5870 Retract,‘
2241 5807 2349 5872 cap.
2375 5808 2454 5858 t1.
3221 5807 3298 5914 θ
3387 5868 3399 5908 τ
