3764 6172
397 250 468 314 95
1194 249 1470 310 CONTRA
1507 244 1890 308 EPISTOLAM
1928 241 2371 318 PARMENIANI,
2411 249 2469 308 S.
2499 249 2868 313 AUGUSTINI

394 369 542 427 clero
570 369 654 425 vel
679 383 1014 442 quocumque
1039 369 1342 440 praeposito,
1372 367 1459 424 cui
1483 375 1568 424 est
1588 373 1845 439 potestas,
1869 363 1988 420 exi-

397 462 581 527 mitur,
610 463 679 517 ita
704 470 760 517 ut
787 477 907 518 cum
933 459 1195 532 ejusmodi
1225 475 1255 515 a
1284 458 1492 516 caeteris
1518 458 1709 529 quibus
1723 456 1826 513 hoc
1844 471 1986 529 pra:-

392 555 495 625 cipi
545 565 751 628 potest,
779 570 877 612 nec
899 555 1049 611 cibus
1088 563 1348 622 sumatur;
1377 562 1484 610 tam
1524 552 1676 608 facile
1721 551 1984 606 malorum

392 646 677 702 multitudo
718 647 770 702 in
820 645 1060 718 quolibet
1103 645 1292 703 ordine
1320 644 1577 702 Ecclesia:
1602 660 1705 700 non
1755 652 1984 715 potesta

395 737 654 798 bonorum
683 738 1065 794 commixtione
1102 737 1303 795 secludi
1333 747 1389 795 et
1430 737 1647 809 expelli.
1679 735 1813 792 Nam
1851 736 1983 792 etin

391 828 641 885 domibus
667 830 780 886 suis
806 831 1004 903 quique
1028 830 1154 887 boni
1184 829 1368 887 ﬁdeles
1393 830 1466 886 ita
1492 829 1826 901 disciplinam
1852 844 1980 886 suo-

389 938 507 979 rum
551 922 898 980 moderantur
921 931 976 980 et
1000 932 1211 996 regunt,
1244 933 1304 979 ut
1343 923 1414 980 ibi
1443 937 1657 995 quoque
1699 920 1982 992 obtempe-

387 1025 508 1074 rent
548 1017 806 1088 Apostolo
846 1013 1176 1089 prmcipiénti
1199 1057 1215 1082 ,
1246 1032 1362 1071 cum
1390 1015 1641 1089 ejusmodi
1683 1030 1774 1069 nec
1815 1014 1981 1068 cibum

384 1109 538 1163 simu.
576 1125 772 1164 sumere
793 1150 808 1176 ,
839 1123 961 1164 cum
987 1118 1038 1166 et
1066 1107 1136 1164 de
1155 1107 1275 1164 ﬁliis
1300 1108 1412 1163 suis
1436 1114 1491 1162 et
1514 1105 1582 1163 de
1608 1105 1768 1162 domo
1793 1104 1937 1177 pacis
1961 1105 1978 1138 ⁸

385 1199 492 1256 hoc
519 1199 722 1255 faciunt
752 1201 838 1257 vel
884 1201 1000 1258 ﬁeri
1037 1201 1260 1272 jubent;
1287 1215 1409 1256 cum
1435 1213 1530 1256 eos
1567 1197 1751 1254 vident
1797 1198 1869 1253 ita
1895 1197 1977 1253 vi-

384 1307 534 1359 vere,
565 1303 623 1350 ut
649 1294 749 1351 hoc
791 1295 870 1352 eis
915 1309 1035 1351 esse
1081 1293 1379 1350 faciendum
1407 1293 1518 1364 ipsa
1547 1306 1703 1364 quam
1752 1289 1980 1346 habetur

385 1384 439 1441 in
479 1399 574 1441 eos
618 1384 851 1442 charitas
894 1394 1165 1458 suggerat.
1205 1384 1382 1440 Turba
1410 1393 1586 1440 autem
1632 1384 1933 1455 iniquorum
1958 1423 1974 1450 ,

383 1490 506 1532 cum
548 1476 769 1532 facultas
793 1476 954 1533 estin
984 1477 1192 1549 populis
1218 1475 1496 1548 promendi
1521 1489 1844 1540 sermonem,
1876 1489 1976 1546 ge-

383 1568 550 1625 nerali
581 1568 948 1641 objurgatione
978 1569 1212 1626 ferienda
1237 1579 1320 1626 est
1341 1610 1358 1638 ,
1389 1579 1445 1626 et
1471 1570 1701 1626 maxime
1743 1567 1790 1625 si
1817 1583 1975 1625 occa-

383 1659 588 1717 sionem
631 1669 792 1733 atque
829 1663 1276 1733 opportunitatem
1312 1661 1598 1732 praebuerit
1621 1660 1835 1733 aliquod
1867 1660 1976 1716 Do-

381 1753 512 1810 mini
544 1754 808 1826 ﬂagellum
842 1756 1104 1827 desuper,
1136 1771 1242 1828 quo
1287 1770 1384 1812 eos
1429 1765 1687 1840 appareat
1727 1769 1823 1827 pro
1861 1753 1974 1811 suis

310 1861 321 1870 '
381 1849 587 1906 meritis
610 1851 879 1922 vapulare.
911 1849 1063 1908 Tunc
1110 1851 1254 1907 enim
1285 1865 1446 1908 aures
1491 1849 1721 1906 humiles
1770 1848 1973 1920 przehet

380 1942 747 2000 emendatorio
771 1944 1004 2000 sermoni
1051 1943 1326 1999 calamitas
1367 1941 1668 1999 auditorum
1694 1983 1709 2008 ,
1738 1940 1970 1997 facilius-

378 2051 483 2107 que
511 2036 563 2092 in
591 2037 847 2109 gemitum
894 2037 1186 2094 conﬁtendi
1211 2051 1372 2108 quam
1419 2035 1475 2091 in
1523 2048 1797 2090 murmura
1837 2033 1972 2088 resi-

377 2127 552 2183 stendi
596 2127 792 2184 afﬂicta
837 2127 1000 2184 corda
1048 2127 1323 2198 compellit
1363 2145 1376 2181 :
1420 2125 1561 2182 sicut
1604 2134 1731 2180 tunc
1781 2123 1970 2180 beatus

377 2218 674 2291 Cyprianus
713 2219 783 2276 de
823 2219 1045 2290 collegis
1074 2218 1186 2273 suis
1223 2217 1451 2274 fortasse
1478 2215 1564 2272 illa
1593 2231 1699 2272 non
1725 2214 1964 2282 diceret,

377 2312 478 2368 nisi
496 2327 617 2368 eum
630 2312 1052 2385 desuperdivina
1069 2313 1329 2368 severitas
1353 2311 1647 2382 adiuvaret.
1671 2308 1968 2379 Eo‘quippe

377 2414 621 2476 tempore
670 2403 756 2460 illa
785 2403 998 2460 dicebat
1035 2413 1145 2459 tam
1197 2402 1461 2466 molesto,
1501 2410 1609 2456 tam
1653 2399 1968 2454 calamitosa

375 2505 536 2567 atque
586 2495 869 2564 luctuoso,
896 2503 954 2551 ut
993 2494 1067 2550 illi
1112 2509 1219 2551 non
1265 2493 1442 2550 solum
1488 2505 1808 2548 succensere
1855 2503 1965 2546 non

372 2590 633 2647 auderent
660 2632 674 2656 ,
705 2588 798 2646 sed
824 2589 986 2647 etiam
1012 2589 1098 2644 vis
1140 2604 1171 2644 a
1198 2586 1635 2645 succensentibus
1669 2585 1878 2643 veniam
1905 2599 1966 2640 se

371 2696 530 2754 posse
557 2684 843 2756 impetrare
888 2683 1169 2740 sentirent.
1197 2683 1510 2755 Quanquam
1545 2682 1647 2739 etsi
1694 2681 1838 2737 nulla
1867 2695 1962 2737 ca-

371 2775 581 2839 hmitas
627 2777 984 2835 tribulationis
1036 2787 1276 2850 premat,
1324 2793 1446 2834 cum
1494 2775 1719 2834 facultas
1767 2775 1960 2843 datur,

371 2869 575 2926 utiliter
601 2871 886 2942 corripitur
912 2871 964 2927 in
995 2871 1336 2927 multitudine
1356 2870 1674 2926 multitudo:
1698 2885 1823 2925 nam
1841 2869 1960 2938 sic-

370 2971 432 3018 ut
484 2971 727 3034 separata
755 2963 970 3028 smvire,
1001 2963 1079 3018 sic
1122 2963 1173 3018 in
1206 2963 1318 3033 ipsa
1348 2961 1758 3034 congregatione
1781 2959 1964 3031 objur-

370 3063 491 3125 gata
516 3069 732 3126 gemere
767 3055 1064 3112 consuevit.
1109 3055 1470 3124 Quamobrem
1507 3063 1563 3111 et
1587 3053 1716 3111 illud
1757 3069 1961 3126 praece-

370 3154 520 3218 ptum
568 3147 808 3218 Apostoli
859 3148 1004 3203 nullo
1055 3148 1216 3203 modo
1258 3147 1631 3220 negligendum
1676 3156 1791 3214 est,
1835 3163 1959 3205 cum

369 3239 488 3295 sine
524 3238 766 3310 periculo
793 3239 1052 3295 violandae
1081 3239 1228 3310 pacis
1280 3240 1395 3295 ﬁeri
1444 3248 1656 3311 potest;
1687 3239 1810 3310 quia
1859 3255 1961 3297 nec

372 3329 488 3402 ipse
527 3330 682 3387 aliter
711 3331 827 3386 ﬁeri
854 3331 1056 3400 voluit,
1087 3341 1145 3387 ut
1189 3348 1220 3387 a
1258 3331 1670 3404 congregatione
1697 3332 1958 3388 bonorum

368 3433 648 3496 separetur
675 3425 844 3482 malus
878 3443 889 3479 :
919 3434 973 3480 et
1011 3425 1251 3496 ejusdem
1296 3425 1428 3481 illud
1473 3426 1740 3497 przecipue
1785 3437 1959 3482 atten-

367 3517 602 3572 dendum
653 3526 769 3584 est,
799 3525 857 3572 ut
882 3517 1200 3575 sufferentes
1241 3519 1466 3575 invicem
1506 3519 1816 3575 studeamus
1841 3533 1958 3575 ser-

367 3625 495 3665 vare
541 3610 798 3666 unitatem
850 3611 1068 3681 spiritus
1116 3613 1166 3666 in
1197 3612 1410 3666 vinculo
1455 3612 1954 3682 pacis(Ephes.tv,

366 3699 422 3764 2,
448 3699 523 3769 5).
556 3699 686 3755 ltem
719 3701 948 3756 Domino
976 3702 1025 3755 in
1060 3702 1346 3773 Evangelio
1389 3703 1584 3758 dicenti
1611 3746 1625 3770 ,
1659 3704 1712 3757 in
1742 3704 1834 3758 illo
1859 3704 1959 3759 ob-

367 3802 668 3863 temperare
713 3793 971 3849 debemus
1014 3795 1101 3849 ubi
1131 3795 1236 3862 ait,
1272 3795 1334 3851 Si
1373 3812 1531 3867 neque
1556 3796 1837 3852 Ecclesium
1863 3814 1957 3852 au-

366 3883 549 3950 dierit,
584 3884 649 3938 sit
679 3884 767 3938 tibi
790 3894 1028 3956 tanquam
1056 3887 1282 3942 ethnicus
1327 3897 1372 3942 et
1403 3888 1705 3959 publicanus
1737 3889 1960 3961 (Mattlt.'

366 3991 498 4032 xvm
521 4017 537 4044 ,
567 3976 658 4047 l7)
691 3995 704 4031 :
736 3986 792 4032 et
813 3977 866 4032 in
906 3978 998 4034 illo
1023 3979 1110 4036 ubi
1135 3979 1411 4051 prohibuit
1435 3980 1610 4054 colligi
1637 3982 1861 4051 zizania,
1888 3998 1958 4040 ne

364 4066 524 4122 simul
570 4066 868 4124 cradicetur
919 4079 975 4124 et
1016 4069 1383 4142 triticumUd.
1432 4087 1564 4138 xm,
1611 4070 1727 4144 29).
1772 4073 1960 4130 Potest

365 4158 510 4215 cnim
541 4168 823 4230 utrumque
865 4160 1121 4217 custodiri
1141 4161 1209 4217 ab
1257 4162 1336 4218 eis
1382 4163 1576 4235 quibus
1603 4163 1806 4221 dictum
1835 4175 1954 4234 est,

363 4252 510 4308 Beati
563 4254 764 4326 paciﬁci
785 4295 800 4322 ,
855 4257 1094 4327 quoniam
1159 4257 1257 4327 ﬁlii
1306 4255 1402 4312 Dei
1455 4258 1768 4314 vocabuntur
1825 4259 1953 4331 (Id.

362 4360 415 4414 v,
444 4345 522 4417 9).

433 4437 661 4496 CAPUT
700 4438 786 4495 lll.
813 4439 986 4497 —l7.
1017 4439 1123 4496 Sed
1168 4440 1280 4512 jam
1336 4449 1553 4512 caetera,
1575 4458 1695 4515 qua:
1738 4444 1955 4501 Parme-

360 4532 552 4589 nianus
589 4532 795 4602 posuit,
843 4533 1147 4588 testimonia
1198 4533 1495 4590 videamus.
1545 4536 1688 4591 Inter
1734 4537 1950 4604 omnia,

359 4627 555 4697 quibus
608 4641 812 4682 eorum
851 4625 1140 4697 sacrilegus
1177 4634 1360 4682 tumor
1383 4629 1404 4660 ’
1431 4636 1669 4699 apparet,
1719 4628 1868 4685 nullo
1894 4644 1954 4687 se

359 4719 480 4774 loco
507 4719 676 4790 magis
703 4720 949 4790 aperuit,
978 4733 1136 4790 quam
1159 4718 1213 4773 in
1247 4734 1314 4775 eo
1337 4719 1478 4792 quod
1500 4735 1663 4776 ausus
1687 4730 1771 4777 est
1789 4722 1951 4778 etiam

358 4810 488 4866 illud
518 4810 764 4867 Ieremia:
813 4810 1087 4882 propheta:
1113 4825 1313 4883 ponere
1335 4855 1352 4880 ,
1399 4812 1540 4869 unde
1601 4815 1953 4884 persuaderet

355 4905 566 4961 crcteris
636 4901 975 4972 hominibus,
1027 4904 1456 4960 communionem
1519 4895 1948 4976 Donatistarum,

357 5012 462 5052 non
492 4997 663 5053 solum
693 4995 988 5052 Ecclesiam
1017 5013 1195 5053 veram
1239 5012 1359 5054 esse
1388 4998 1409 5031 ³
1433 5042 1447 5067 ,
1475 5000 1569 5055 sed
1603 5000 1761 5056 etiam
1788 5001 1948 5058 talem

353 5089 461 5162 jam
504 5087 606 5144 hoc
631 5097 873 5158 tempore
893 5131 908 5157 ,
933 5089 1104 5159 qualis
1131 5099 1253 5160 post
1280 5089 1517 5146 ultimam
1547 5093 1948 5150 vcntilationem

353 5180 592 5257 Ecclesia
645 5188 827 5236 sancta
873 5179 1049 5236 futura
1077 5191 1180 5238 est.
1222 5183 1318 5238 Cui
1365 5183 1638 5257 sacrilega:
1685 5201 1950 5257 prmsum-

354 5255 520 5346 ptioni
560 5281 614 5328 et
638 5272 882 5329 nefandae
928 5273 1147 5330 elationi
1190 5275 1316 5346 quid
1342 5275 1463 5332 addi
1496 5255 1703 5347 possit,
1735 5278 1942 5349 ignoro.

354 5367 426 5422 Et
455 5366 635 5421 multis
664 5365 876 5436 quidem
901 5366 1034 5423 locis
1062 5382 1371 5424 sermonum
1393 5383 1613 5426 suorum
1643 5368 1773 5425 nihil
1801 5370 1942 5427 aliud

351 5477 509 5534 quam
542 5475 867 5533 praesumere
896 5461 1284 5534 intelliguntur;
1327 5463 1424 5520 sed
1453 5462 1737 5537 aliquando
1767 5474 1946 5523 tamen

416 5622 431 5654 ί
461 5630 575 5681 vox,
597 5619 745 5685 pacis,
771 5622 913 5674 abest
933 5635 961 5673 a
976 5622 1189 5685 casalino
1210 5629 1291 5672 tus.

416 5685 436 5750 ξ
460 5691 506 5732 ιιι
529 5683 740 5737 CuSalino
755 5685 941 5750 codice,
959 5684 1128 5750 quibus
1149 5683 1392 5748 sacnlegii
1411 5688 1606 5738 iratior.-

409 5745 436 5780 ⁸
455 5754 558 5798 Duo
580 5755 704 5814 Mss,
729 5745 990 5802 ecclesiam
1010 5753 1214 5802 ualerem
1233 5745 1353 5799 esse.

3636 257 3711 316 96
3761 279 3764 302 .

2095 365 2555 436 verecundantur,
2606 385 2729 428 cum
2776 388 2872 431 eos
2899 375 3099 434 veritas
3145 391 3338 450 urgere
3386 376 3622 449 coeperit
3651 378 3707 446 ¹,

2094 455 2306 527 quando
2331 459 2727 533 interrogantur
2764 474 2940 523 utrum
2970 483 3078 525 non
3108 468 3370 535 habeant,
3390 470 3480 527 vel
3514 480 3706 526 utrum

2094 565 2200 606 non
2221 551 2446 624 siutipsi
2475 566 2820 626 peccatores:
2853 571 3219 620 verumtamen
3246 562 3299 619 in
3328 563 3430 619 hoc
3466 564 3705 636 prophe-

2092 642 2199 699 tico
2253 646 2558 704 testimonio
2604 648 2820 723 impiam
2860 653 3146 711 vanitatem
3192 663 3248 710 et
3271 670 3422 712 suam
3469 656 3703 712 nimiam

2092 737 2498 806 perversitatem
2543 744 2883 813 apertissime
2935 747 3303 817 prodiderunt.
3353 748 3489 806 Cum
3545 750 3700 806 enim

2088 827 2352 887 Jeremias
2395 844 2611 892 sanctus
2659 836 2820 894 vellet
2854 839 3140 896 ostendere
3177 841 3334 900 bonis
3384 851 3439 898 et
3485 842 3652 899 malis
3680 883 3698 908 ,

2088 922 2298 979 etiamsi
2338 923 2406 980 ad
2451 933 2662 998 tempus
2709 928 2779 984 sit
2805 933 3232 1003 congregationis
3270 949 3374 988 una
3416 934 3696 998 societas.

2088 1012 2245 1085 longe
2272 1021 2446 1072 tamen
2475 1017 2707 1089 disparia
2737 1035 2856 1078 esse
2882 1036 3151 1079 momenta
3179 1039 3386 1081 morum
3417 1025 3699 1098 ﬁnemque

2086 1107 2399 1164 meritorum
2426 1127 2440 1165 :
2467 1108 2605 1177 Quid
2645 1113 2834 1182 paleis,
2881 1114 3078 1187 inquit,
3109 1117 3177 1172 ad
3209 1118 3428 1174 triticum
3468 1118 3693 1192 (Jercm.

2085 1211 2216 1253 χχιιι
2239 1240 2254 1266 ,
2290 1198 2412 1271 28)?
2428 1199 2811 1261 Parmenianus
2835 1215 3011 1264 autem
3039 1223 3161 1265 cum
3191 1210 3350 1266 vellet
3364 1210 3694 1268 Tichonium

2085 1289 2332 1348 refellere
2359 1291 2625 1350 dicentem
2647 1337 2664 1365 ,
2704 1297 2872 1354 malos
2891 1314 2922 1354 a
2951 1298 3107 1356 bonis
3134 1301 3186 1356 in
3215 1303 3418 1359 unitate
3459 1304 3692 1360 interim

2085 1394 2183 1451 pro
2237 1397 2367 1453 pace
2418 1385 2725 1443 tolerandos
2750 1430 2767 1456 ,
2794 1398 2850 1446 et
2884 1390 2939 1445 in
2970 1391 3076 1448 ﬁne
3117 1393 3287 1449 ultimi
3311 1393 3498 1466 judicii
3528 1410 3695 1466 sepa-

2082 1473 2298 1542 randos,
2333 1476 2509 1547 posuit
2556 1477 2660 1535 hoc
2700 1479 2950 1539 Jeremia:
3004 1485 3363 1541 testimonium
3390 1529 3405 1553 ,
3436 1503 3541 1559 quo
3563 1503 3693 1560 per-

2083 1579 2269 1622 versus
2295 1576 2458 1638 atque
2499 1584 2688 1627 errans
2717 1588 2996 1643 perversos
3045 1583 3099 1630 et
3125 1586 3367 1633 errantes
3393 1578 3462 1634 ad
3490 1580 3690 1635 turbu-

2081 1654 2404 1716 lentissimas
2432 1669 2487 1717 et
2533 1662 2974 1721 sceleratissimas
3013 1667 3304 1725 seditiones
3338 1668 3638 1727 inﬂammet
3667 1689 3684 1738 ;

2082 1756 2139 1803 ut
2164 1749 2404 1822 quisquis
2431 1751 2610 1808 inﬂata
2640 1764 2817 1811 mente
2857 1758 3036 1815 carnis
3060 1775 3172 1816 suae
3197 1759 3406 1817 videtur
3450 1763 3552 1820 sibi
3579 1764 3690 1819 ali-

2078 1839 2205 1911 quid
2233 1857 2355 1899 esse
2376 1885 2391 1910 ,
2421 1859 2543 1900 cum
2579 1845 2708 1902 nihil
2753 1848 2823 1903 sit
2849 1847 3043 1922 (Galat.
3075 1867 3128 1908 vt
3148 1893 3163 1919 ,
3191 1850 3268 1925 ὅ),
3289 1868 3348 1910 se
3376 1869 3442 1911 ac
3473 1855 3687 1914 similes
3762 1909 3764 1912 .

2075 1932 2158 1988 sui
2185 1941 2436 2006 tanquam
2478 1951 2639 2008 grana
2679 1941 3052 2012 purgatissima
3081 1943 3393 1999 existimans
3415 1985 3434 2014 ,
3466 1945 3536 2001 ad
3567 1946 3682 2003 Ec-

2075 2027 2255 2084 clesia:
2292 2032 2760 2102 congregationem
2782 2075 2797 2099 ,
2827 2034 2881 2090 in
2910 2049 3014 2108 qua
3057 2051 3280 2094 necesse
3307 2044 3392 2093 est
3419 2047 3478 2093 ut
3508 2039 3545 2094 li
3583 2040 3680 2111 qui

2074 2116 2142 2173 ad
2174 2118 2334 2175 vitam
2355 2131 2610 2178 aeternam
2643 2125 2948 2195 pertinent,
2970 2141 3066 2184 eos
3089 2128 3179 2199 qui
3204 2129 3272 2184 ad
3303 2129 3484 2200 ignem
3516 2140 3684 2187 arter-

2074 2224 2202 2265 num
2253 2213 2564 2283 pertinent,
2625 2231 2793 2288 usque
2833 2217 2900 2274 ad
2951 2228 3154 2275 certum
3203 2219 3365 2276 ﬁnem
3423 2231 3681 2294 tanquam

2073 2300 2338 2361 frumenta
2367 2307 2570 2378 paleam
2591 2324 2743 2365 suam
2765 2311 3023 2379 tolerent,
3049 2313 3155 2384 iam
3181 2314 3283 2370 sibi
3310 2314 3682 2373 accedendum

2072 2408 2193 2451 esse
2246 2411 2352 2453 non
2404 2408 2571 2470 putet.
2617 2400 2803 2458 Nullus
2849 2403 2985 2459 alius
3023 2404 3179 2460 ﬂatus
3219 2404 3289 2461 de
3321 2421 3452 2462 area
3479 2405 3677 2464 Christi

2072 2485 2400 2545 levissimam
2442 2493 2648 2563 paleam
2693 2505 2818 2552 ante
2844 2505 3054 2568 tempus
3081 2498 3450 2555 ventilationis
3479 2515 3680 2559 excus-

2069 2577 2174 2645 sit;
2207 2580 2352 2636 nulla
2372 2582 2475 2638 alia
2514 2587 2895 2658 praesumptio”
2923 2589 3181 2662 sacrilega
3207 2590 3501 2649 schismata
3528 2609 3682 2666 quac-

2069 2684 2318 2744 cumque,
2344 2674 2666 2750 ubicumque
2692 2689 2837 2749 sunt,
2866 2679 3006 2738 fecit.

2140 2763 2228 2819 18.
2268 2764 2518 2823 Admonet
2534 2811 2550 2837 ,
2579 2769 2770 2842 inquit,
2795 2769 3047 2829 Ieremia:
3073 2777 3418 2834 sanctissimus
3441 2820 3459 2848 ,
3503 2780 3680 2851 infru-

2068 2861 2271 2909 cluosas
2298 2865 2345 2911 et
2372 2859 2568 2914 steriles
2597 2863 2911 2932 peccantium
2937 2863 3108 2921 turbas
3151 2867 3214 2922 ab
3244 2856 3498 2925 honorata
3524 2871 3681 2944 fruge

2056 2944 2317 3015 justorum
2360 2950 2617 3021 discerni,
2662 2952 2833 3009 dicens
2858 2970 2879 3010 :
2907 2954 3044 3023 Quid
3088 2959 3248 3030 paleis
3291 2959 3359 3014 ad
3399 2961 3630 3018 triticum
3655 2965 3681 3018 ?

2065 3036 2110 3093 Ο
2136 3039 2259 3095 tuba
2286 3039 2513 3098 furoris!
2544 3059 2578 3098 ο
2605 3059 2711 3101 vox
2739 3049 3084 3122 exsecrabilis
3112 3051 3433 3121 pestilentiae
3460 3056 3475 3110 !
3499 3053 3678 3112 Num-

2064 3129 2190 3199 quid
2221 3129 2359 3190 forte
2382 3133 2464 3189 sic
2490 3143 2635 3191 errat
2653 3152 2821 3208 genus
2848 3138 3161 3208 humanum,
3193 3153 3250 3200 ut
3279 3160 3385 3202 non
3410 3158 3680 3218 agnoscat

2065 3224 2437 3284 ventilatorem
2482 3228 2938 3290 Parmeuianum?
2967 3238 3051 3292 An
3094 3246 3148 3294 et
3192 3227 3306 3309 ipse
3345 3238 3439 3296 dat
3490 3241 3676 3298 locum

2044 3315 2304 3390 Donato,
2335 3329 2390 3376 et
2414 3319 2483 3378 ad
2508 3334 2784 3395 purgatam
2824 3342 2922 3398 per
2948 3344 3070 3386 eum
3093 3345 3336 3394 massam
3366 3349 3426 3390 se
3453 3337 3678 3394 venisse

2063 3409 2371 3480 gloriatur?
2399 3412 2532 3469 Nam
2560 3415 2650 3472 ille
2687 3427 2811 3475 ante
2839 3435 2898 3476 se
2927 3421 3243 3492 Majorinum
3273 3427 3457 3482 nescio
3489 3439 3673 3486 utrum

2065 3502 2307 3574 dignetur
2331 3520 2642 3577 agnoscere.
2675 3510 2757 3565 An
2798 3511 2884 3566 isti
2917 3520 3024 3569 tres
3056 3524 3303 3586 tanquam
3329 3517 3428 3572 tria
3465 3533 3674 3576 cornua

2063 3594 2337 3664 cujusdam
2373 3598 2650 3655 ventilabri
2697 3600 2751 3656 in
2801 3617 2961 3658 manu
3014 3605 3221 3679 Domini
3273 3607 3528 3676 fuerunt,
3576 3626 3674 3682 per

2063 3701 2198 3755 quos
2227 3689 2418 3743 messis
2450 3691 2613 3746 totius
2639 3693 2786 3748 orbis
2815 3695 3180 3764 mundaretur;
3208 3707 3262 3754 et
3286 3698 3465 3755 Africa
3494 3703 3672 3760 electa

2063 3788 2147 3835 est
2167 3822 2183 3846 ,
2214 3781 2304 3837 ubi
2338 3793 2558 3856 purgata
2601 3801 2777 3842 massa
2817 3789 3170 3858 consisteret,
3204 3801 3454 3849 cacteram
3485 3807 3673 3854 autem

2063 3886 2278 3928 omnem
2319 3883 2516 3931 terram
2558 3877 2708 3948 palea
2751 3889 2996 3950 separata
3053 3884 3311 3938 vestiret?
3340 3883 3496 3943 Unde
3537 3902 3675 3961 ergo

2065 3967 2194 4022 tanti
2222 3983 2412 4040 greges
2434 3969 2934 4030 Circumcellionum
2951 3974 2974 4028 ?
2990 3973 3142 4033 Unde
3158 3992 3284 4048 ergo
3305 3987 3469 4035 tanta:
3497 3981 3673 4038 turba:

2061 4061 2402 4118 convivarum
2459 4063 2794 4121 ebriosorum
2821 4109 2837 4134 ,
2881 4075 2937 4124 et
2989 4068 3368 4146 innuptarum,
3393 4072 3500 4140 sed
3557 4089 3670 4131 non

2063 4153 2533 4228 incorruptarum,
2593 4158 3004 4220 innumerabilia
3056 4173 3242 4236 stupra
3295 4166 3670 4226 feminarum?

2063 4245 2217 4305 Unde
2242 4258 2388 4306 tanta
2417 4249 2569 4306 turba
2597 4260 2894 4324 raptorum,
2911 4270 3215 4327 avarorum,
3248 4256 3668 4339 feneratorum?

2063 4338 2217 4396 Unde
2244 4349 2352 4397 tam
2380 4341 2535 4399 multi
2563 4358 2662 4415 per
2685 4360 2813 4402 suas
2837 4347 3034 4419 quique
3063 4350 3312 4422 regiones
3349 4338 3628 4412 notissimi
3646 4397 3663 4424 ,

2061 4431 2391 4490 tantumdem
2435 4433 2829 4506 volentes,sed
2871 4454 2976 4495 non
3023 4442 3356 4499 tantumdem
3382 4445 3663 4513 valentes,

2041 4523 2278 4594 .Optati?
2304 4525 2442 4592 Quid
2479 4526 2690 4595 adlhzec
2732 4531 3167 4602 respondebunt?
3190 4533 3307 4591 Non
3351 4547 3478 4594 sunt
3516 4539 3664 4597 ista!

2035 4619 2143 4673 .An
2163 4658 2181 4686 ,
2212 4617 2281 4674 Et
2305 4617 2408 4674 hoc
2437 4620 2672 4678 triticum
2702 4624 2828 4679 est?
2865 4623 2956 4680 Va:
2986 4625 3469 4698 impudentissima:
3496 4648 3665 4704 nega-

2034 4709 2191 4766 -tioni
2213 4750 2229 4776 ,
2256 4710 2303 4767 si
2344 4711 2487 4782 apud
2529 4727 2588 4769 se
2629 4713 2729 4770 ista
2770 4730 2876 4772 non
2921 4731 3071 4785 esse;
3103 4735 3183 4776 va:
3229 4722 3663 4782 sceleratissime:

2058 4801 2416 4872 perversitati,
2445 4803 2492 4860 si
2520 4803 2785 4863 frumenta
2807 4821 2929 4865 esse
2955 4811 3349 4883 responderint;
3380 4815 3662 4875 Postremo

2056 4907 2291 4950 massam
2311 4894 2522 4966 purgati
2538 4895 2697 4953 tritici
2719 4909 2837 4969 post
2862 4907 3020 4956 tanta:
3037 4903 3368 4961 auctoritatis
3385 4906 3659 4978 trientem,

2057 4985 2112 5043 id
2139 4995 2222 5044 est
2248 5029 2264 5055 ,
2296 4987 2614 5061 Majorinum
2635 5031 2651 5058 ,
2677 4991 2983 5064 Donatum,
3019 4994 3465 5067 Parmenianum,
3497 5002 3660 5057 etiam

2056 5079 2360 5139 Primianus
2385 5082 2578 5139 iterum
2603 5099 2768 5142 ausus
2793 5094 2877 5142 est
2900 5088 3193 5156 ventilare,
3226 5100 3284 5146 ut
3317 5090 3663 5149 Maximiani-

2055 5183 2168 5230 stas
2188 5174 2255 5231 de
2278 5191 2375 5232 sua
2398 5178 2778 5235 communione
2795 5191 3086 5251 separaret.
3115 5183 3199 5238 An
3231 5183 3366 5241 forte
3390 5185 3659 5244 frumenta

2055 5265 2319 5338 projecit?
2372 5266 2511 5337 Quid
2559 5277 2644 5326 est
2684 5283 2815 5342 ergo
2864 5270 2979 5341 ipse
3028 5287 3151 5328 cum
3200 5276 3341 5343 suis,
3389 5277 3482 5348 qui
3537 5279 3659 5334 talia

2055 5360 2438 5431 projecerunt?
2465 5362 2548 5418 An
2587 5362 2660 5420 ita
2703 5364 2804 5420 ista
2845 5363 3111 5422 frumenta
3141 5378 3364 5440 purgata
3404 5383 3530 5427 sunt
3555 5414 3572 5438 ,
3605 5382 3662 5428 ut

2053 5467 2115 5509 se
2157 5452 2387 5510 invicem
2414 5469 2519 5512 non
2549 5466 2842 5530 agnoscant
2864 5499 2880 5525 ,
2910 5467 2965 5515 et
2992 5474 3052 5516 se
3079 5460 3309 5518 invicem
3349 5463 3658 5522 damnando

2053 5546 2312 5605 ventilare
2337 5549 2635 5606 conentur?
2655 5550 2902 5609 Potuitne
2930 5552 3084 5624 palea
3117 5553 3389 5626 baptizare
3415 5556 3653 5616 frumen-

2118 5687 2139 5756 ξ
2161 5687 2380 5756 uouuulli
2399 5695 2528 5751 Mss,
2551 5701 2660 5756 cum
2679 5700 2759 5740 eos
2779 5687 2885 5756 quis
2901 5701 3076 5755 urgere
3095 5689 3311 5756 ceperit.

2120 5751 2142 5785 ι
2160 5749 2299 5816 Editi,
2321 5749 2707 5817 praswirptione.
2728 5749 2898 5805 Melius
2917 5749 3042 5817 uss,
3065 5749 3394 5819 prwsumptio.
