1882 3091
207 110 242 140 99
584 103 720 136 CONTRA
739 95 928 132 EPISTOLAM
947 96 1168 132 PARMENIANI,
1190 99 1218 127 S.
1240 94 1424 129 AUGUSTINI

208 166 320 202 Quando
343 167 394 195 ista
406 165 567 194 faciebamus
579 185 586 196 ,
600 163 717 191 nondum
731 161 870 198 Bagaiensi
884 159 1001 188 concilio

209 218 293 242 totmn
317 213 408 241 orbem
425 217 552 239 terrarum
566 210 788 238 damnaveramus
804 214 894 235 :nunc
914 210 1002 234 autem

210 259 295 295 rogati
310 256 518 286 misericorditer
529 255 712 284 concessimus
724 275 732 288 ,
746 258 775 282 ut
792 261 839 281 eos
854 253 900 281 tali
914 251 1006 281 conci-

180 298 189 341 ξ
210 304 247 333 iio
260 305 446 333 damnaremus
457 324 465 337 ,
480 302 550 338 quali
570 301 779 330 Maximianistas
798 298 984 328 damnavimus
996 318 1004 331 ,

210 358 323 386 quorum
337 350 501 385 Baptismum
526 355 578 375 non
599 347 755 382 repetimus.
774 345 844 380 Quid
861 352 925 380 ergo
946 351 1006 372 ma-

185 388 189 398 '
210 404 290 432 gnum
303 400 344 423 est
360 416 368 428 ,
382 394 444 430 quid
458 394 567 422 difficile
582 414 589 426 ,
604 396 732 428 praestare
745 391 869 420 omnibus
883 390 1008 427 gentibus

212 446 310 469 tantam
336 441 515 477 dignationem
537 439 761 467 damnationis“?
785 439 825 466 An
845 438 943 467 iterare
961 437 1009 465 ba.

211 487 337 523 ptismum
351 486 422 514 orbis
438 490 569 514 terrarum
580 485 652 518 licet,
664 489 691 512 et
701 484 799 512 iterare
808 482 1008 512 damnationem

211 533 285 561 orbis
306 538 436 561 terrarum
461 540 514 560 non
529 531 614 559 licet?
628 530 716 558 Etiam
740 530 803 558 hinc
825 529 913 557 securi
935 530 1007 563 sint,

212 588 266 608 non
280 580 446 607 inveniemus
458 586 511 614 quo
523 578 636 606 concilio
647 582 686 606 tot
698 582 794 614 gentes
806 576 1010 612 provinciasque

215 626 411 655 damnaverint.
426 625 560 660 Quosdam
581 633 681 662 paucos
706 625 733 653 in
756 625 846 654 Africa
864 625 1010 653 damnave-

213 677 295 705 runt,
312 680 326 699 a
340 673 435 707 quibus
449 672 529 700 totius
543 671 616 699 orbis
635 671 734 706 judicio
745 671 865 707 superati
878 675 941 698 sunt
954 669 1010 707 (a);

214 726 264 747 nec
278 718 335 746 ausi
359 722 421 746 sunt
434 722 527 753 postea
540 717 668 745 damnare
683 716 786 752 iudices
797 716 867 752 apud
881 723 949 752 quos
963 723 1012 744 su-

214 764 300 799 perati
318 768 381 791 sunt
398 772 405 791 :
420 763 483 799 quid
506 764 577 792 enim
591 767 663 792 esset
678 763 875 799 impudentius?
885 763 949 798 quid
968 762 1011 790 in-

215 809 325 837 sanius?
339 809 421 836 Multo
440 808 528 837 minus
554 809 684 837 damnare
711 813 853 844 potuerunt
881 809 961 836 etiam
985 808 1012 836 in

215 855 322 882 creteris
352 860 482 883 terrarum
510 855 629 890 partibus
652 855 831 889 constitutos,
858 854 903 890 qui
927 854 1012 890 magis

216 901 312 929 talibus
329 901 463 936 judicibus
483 901 674 930 ecclesiasticis
695 902 807 929 credere
818 922 826 936 ,
842 909 922 937 quam
936 902 1013 930 victis

215 948 389 983 litigatoribus
410 948 561 976 voluerunt.
577 948 612 976 Et
637 952 726 976 tamen
740 948 1012 982 Maximianistarum,

215 1001 282 1029 quos
307 993 420 1022 trecenti
445 993 538 1022 decem
565 994 710 1021 Donatista:
731 993 872 1029 Bagaiensi
898 993 1014 1021 concilio

215 1039 425 1072 damnaverunt,
439 1040 590 1075 Baptismus
599 1039 752 1075 agnoscitur
763 1059 770 1071 ,
784 1043 939 1074 aceeptatnr
949 1060 957 1071 ,
968 1038 1013 1067 ad-

215 1087 330 1120 mittitur
343 1095 350 1114 :
364 1087 438 1115 orbis
451 1091 541 1114 autem
554 1091 685 1114 terrarum
696 1106 703 1118 ,
721 1093 768 1120 per
780 1092 860 1120 quem
873 1084 1014 1112 htereditas

216 1131 315 1160 Christi
329 1132 369 1160 sie
383 1132 501 1160 exhibita
515 1136 557 1160 est
571 1135 600 1159 ut
610 1131 741 1167 promissa
755 1135 806 1164 est,
821 1131 847 1158 in
863 1138 915 1172 qua
925 1135 952 1158 et
964 1131 1014 1166 ipsi

216 1182 279 1206 ante
292 1185 391 1213 paucos
403 1185 489 1206 annos
503 1178 620 1211 fuerunt,
633 1184 714 1213 quem
728 1177 802 1205 nullo
812 1176 873 1212 jure
886 1176 1015 1205 damnare

216 1228 372 1260 potuerunt,
383 1229 411 1252 et
423 1224 495 1252 nulla
509 1224 605 1252 saltem
619 1224 727 1252 concilii
741 1224 919 1259 perversitate
937 1224 1014 1251 dam-

216 1275 324 1304 narunt,
338 1271 489 1307 Baptismus
504 1271 682 1307 improbatur,
698 1270 856 1299 exsui'llatur
868 1291 877 1303 ,
892 1271 1013 1298 iteratur.

217 1316 240 1345 0
252 1320 343 1345 sancta
357 1316 493 1345 damnatio
506 1336 514 1350 ,
526 1323 606 1351 quam
621 1316 824 1343 Maximianiataa
838 1320 1013 1349 meruerunt;

216 1367 245 1391 et
258 1363 390 1391 laboriosa
406 1362 558 1391 innocentia
571 1362 689 1397 gentium
701 1382 710 1396 ,
723 1369 783 1397 qua:
797 1362 869 1397 apud
882 1362 940 1389 illos
956 1368 1015 1396 pro-

218 1414 310 1445 pterea
320 1408 495 1437 christianum
508 1416 605 1436 nomen
618 1408 707 1435 amisit
722 1427 730 1440 ,
741 1407 803 1443 quia
815 1408 895 1436 talem
905 1407 1015 1435 damna-

217 1455 298 1483 tionis
312 1455 399 1482 locum
414 1455 534 1482 invenire
547 1461 600 1482 non
616 1454 716 1489 potuit!

252 1501 298 1528 22.
320 1501 348 1529 Si
368 1506 458 1528 autem
483 1500 522 1528 illi
543 1499 594 1527 soli
614 1507 630 1526 a
653 1499 857 1527 Maximianistis
875 1499 1015 1527 venientes

220 1555 273 1575 non
293 1547 495 1582 rebaptizantur
505 1567 514 1580 ,
528 1546 573 1581 qui
591 1553 652 1574 cum
668 1546 724 1573 suis
736 1546 945 1581 baptizatoribus
955 1545 1015 1573 red-

218 1598 303 1627 eunt,
327 1594 396 1622 sicut
423 1593 451 1621 hi
481 1593 527 1629 qui
551 1600 612 1621 cum
639 1592 801 1620 Printexlato
824 1598 851 1621 et
879 1592 1015 1621 Feliciano

221 1640 357 1674 rcdieru_nt
378 1640 486 1673 :primo
512 1639 620 1667 videant
645 1638 871 1674 quemadmodum
893 1639 1014 1674 ejusdem

213 1684 555 1718 seﬁlsﬁrﬁ‘sﬂimtismum
583 1688 659 1712 extra
680 1692 773 1713 eorum
797 1685 1013 1713 communionem

213 1716 215 1718 τ
267 1686 293 1712 is
306 1685 326 1711 ⁷.
338 1684 370 1712 ξ
459 1685 555 1712 ismum

262 1694 329 1758 'st
351 1739 381 1758 na
403 1722 456 1780 ιέρ
513 1740 556 1759 um

243 1787 248 1790 '
463 1796 467 1804 ί
540 1778 556 1804 h

217 1778 429 1849 eﬂ‘ﬁmi‘éola
547 1786 565 1849 si

218 1873 319 1910 reatum
332 1865 445 1899 siii‘ﬂest
466 1868 537 1907 53m,
564 1876 565 1895 ξ

139 1909 186 1941 Ξί
235 1914 425 1955 οηῆιπηδιηηευ
461 1918 470 1940 ι
493 1911 537 1953 ja'

148 1945 198 1987 θ
218 1968 232 1988 c
284 1956 404 1988 mea?
444 1949 504 1988 cd’fr
524 1956 565 1988 ’tit

519 2011 547 2033 nt
570 2006 643 2042 quod
667 2006 694 2034 in
717 2006 777 2034 aliis
802 2007 969 2042 approbant;
985 2007 1012 2034 in

278 2052 483 2088 acetisde
497 2052 548 2079 illis
563 2056 657 2080 contra
671 2059 701 2080 se
716 2052 899 2080 testimonium
911 2052 1011 2080 dicunt.

219 2090 419 2132 ρυῖῐὲἱεῗϊῖηἶιῖ
426 2106 509 2134 quare
523 2106 575 2126 non
591 2098 710 2134 baptizes
723 2105 771 2127 eos
783 2106 850 2135 quos
864 2098 1013 2127 Felicianus

210 2145 247 2185 jn
260 2145 411 2173 Maximiani
427 2144 573 2174 schismate
597 2145 743 2181 baptizavit
758 2155 764 2173 :
780 2145 842 2181 quia
853 2145 952 2173 Christi
963 2146 1013 2174 Ba-

218 2191 343 2227 ptismum
354 2195 525 2226 acceperunt,
535 2198 570 2219 an
582 2191 642 2226 quia
655 2190 784 2219 Feliciani
798 2190 809 2217 ?
825 2190 852 2219 Si
864 2191 924 2226 quia
940 2191 1013 2219 Feli-

217 2238 297 2272 ciani;
308 2238 378 2274 apud
391 2238 602 2266 Maximianistas
615 2245 677 2265 eum
689 2237 763 2266 dedit
773 2237 913 2266 damnatus
923 2257 931 2271 ,
949 2237 1013 2265 foris

217 2290 292 2313 extra
315 2285 530 2312 communionem
558 2288 675 2312 vestram
701 2284 776 2313 dedit
803 2293 882 2319 eum;
899 2285 950 2313 hoc
972 2290 1014 2313 est

217 2331 282 2359 illud
297 2331 429 2367 Baptisma
440 2352 447 2365 ,
462 2330 533 2366 quod
549 2335 576 2358 et
590 2330 672 2359 Salvii
687 2330 885 2360 Membresitani
899 2337 926 2359 et
944 2332 1012 2360 alio-

218 2384 277 2404 rum
289 2376 379 2404 talium
395 2385 401 2403 :
417 2377 439 2404 si
452 2380 541 2404 autem
553 2376 614 2411 quia
627 2376 735 2409 Christi;
751 2377 810 2412 plus
825 2377 893 2412 apud
906 2382 930 2405 te
942 2378 1013 2406 valet

218 2430 268 2458 pro
281 2422 418 2457 Baptismo
432 2422 533 2450 Christi
554 2422 705 2450 Felicianus
718 2422 744 2449 in
756 2422 916 2456 Mustitauis,
932 2431 1012 2459 quam

217 2468 275 2504 ipse
289 2467 410 2496 Christus
431 2468 458 2495 in
482 2469 607 2497 omnibus
622 2468 719 2501 terris;
733 2469 794 2505 plus
811 2469 880 2505 apud
903 2475 929 2497 te
942 2470 1012 2498 valet

217 2522 266 2550 pro
276 2514 411 2550 Baptismo
422 2514 520 2542 Christi
533 2515 630 2543 sedens
645 2514 679 2543 ad
693 2515 763 2542 latus
775 2519 847 2543 tuum
861 2520 888 2544 et
901 2515 1012 2544 damna-

217 2565 260 2589 tus
283 2565 355 2594 ate,
370 2568 449 2596 quam
469 2560 514 2588 ille
536 2561 632 2589 sedens
655 2562 688 2589 ad
713 2560 851 2589 dexteram
873 2561 960 2589 Patris
984 2567 1011 2590 et

217 2607 360 2635 cruciﬁxus
379 2614 426 2642 pro
442 2607 488 2634 te?
503 2606 624 2635 Parcitur
644 2607 671 2638 in
695 2607 861 2643 paucissimis
876 2608 1011 2644 Baptismo

218 2653 333 2687 Christi,
348 2660 382 2681 ne
397 2653 547 2682 Felicianus
565 2653 717 2682 offendatur
732 2663 739 2682 :
755 2659 783 2682 et
797 2661 850 2682 non
871 2655 986 2690 parcitur
1001 2677 1008 2690 ,

215 2721 353 2783 “agures
364 2726 428 2754 Mss,
442 2726 535 2748 tinuum
547 2721 709 2754 dignationis;
721 2723 809 2748 omissa
822 2729 882 2748 voce
890 2741 898 2754 ,
911 2722 1010 2749 damna-

247 2796 370 2827 ?vatiuini
382 2798 446 2825 Mss,
453 2795 489 2820 rei
500 2794 568 2827 ﬁunt.

247 2826 284 2859 (α)
296 2831 345 2852 Hoc
355 2828 429 2859 totius
445 2826 510 2859 orbis
522 2826 653 2859 judicium,

731 2827 859 2852 Donatista:
872 2827 1010 2859 litigatores

217 2857 322 2891 superati
334 2862 391 2886 sunt
400 2858 432 2884 ab
442 2857 596 2889 adversariis,
608 2863 657 2883 non

698 2857 732 2883 ud
742 2863 815 2890 quam
825 2857 976 2884 Arelatense.

1061 163 1095 183 ne
1123 156 1180 191 ipse
1208 155 1331 184 Christus
1360 157 1387 185 in
1412 161 1451 185 tot
1474 157 1594 193 gentium
1620 158 1741 187 millibus
1771 159 1861 186 mnf

1060 202 1138 230 fletur
1151 202 1163 230 ?

1095 249 1141 277 25.
1161 249 1213 277 Sed
1233 249 1395 278 incredibilis
1414 255 1455 278 est
1473 251 1580 278 caecitas
1598 250 1747 285 hominum,
1765 256 1799 280 et
1811 259 1870 279 om-

1061 296 1125 324 nino
1137 297 1228 325 nescio
1240 297 1462 331 quemadmodum
1474 297 1547 325 credi
1561 303 1651 333 posset
1661 306 1723 326 esse
1735 299 1765 326 in
1778 298 1872 326 homi-

1062 342 1140 370 nibus
1160 347 1233 370 tanta
1255 343 1424 378 perversitas,
1443 344 1493 372 nisi
1514 345 1698 379 experimento
1717 345 1870 373 verborum

1062 396 1170 416 suorum
1184 388 1368 424 factorumque
1378 394 1527 424 patesceret
1538 398 1622 426 usque
1635 391 1704 419 adeo
1716 392 1870 420 seclausos

1062 433 1163 462 habere
1175 434 1264 462 cordis
1278 435 1380 469 oculos,
1398 439 1427 463 ut
1445 443 1506 463 cum
1527 442 1742 465 commemorent
1764 443 1870 466 sanctae

1062 480 1207 516 Scriptura:
1230 482 1391 515 testimonia,
1407 489 1461 510 non
1482 483 1635 511 intueantur
1655 484 1683 511 in
1704 485 1787 513 factis
1800 485 1869 513 Pro-

1063 525 1221 561 phetarum,
1244 527 1469 562 quemadmodum
1496 529 1666 565 intelligenda
1693 535 1758 558 sunt
1785 532 1869 558 verba

1064 571 1269 608 Prophetarum.
1281 574 1353 602 Dixit
1362 574 1503 609 Jeremias,
1517 576 1585 609 Quid
1596 577 1675 612 paleis
1686 577 1721 604 ad
1732 578 1872 605 triticum!

1063 626 1118 647 non
1133 620 1140 635 ¹
1153 624 1182 647 ut
1205 620 1262 654 ipse
1282 620 1422 649 recederet
1436 629 1450 648 a
1465 622 1548 656 paleis
1567 623 1655 658 populi
1675 626 1728 656 sui,
1749 624 1779 652 in
1804 633 1870 660 quas

1065 668 1138 693 tanta
1149 665 1194 693 illa
1205 673 1268 694 vera
1278 667 1392 695 dicebat.
1407 667 1476 695 Dixit
1491 668 1581 701 Isaias,
1593 669 1721 704 Recedite,
1738 671 1871 704 recedite;

1064 712 1130 740 exile
1153 713 1221 746 inde,
1247 718 1271 741 et
1293 714 1454 742 immundum
1476 716 1553 743 nolite
1567 721 1678 753 tangere.
1693 718 1751 746 Cur
1766 719 1828 754 ipse
1844 720 1869 747 in

1065 757 1112 786 illo
1127 759 1225 794 populo
1244 759 1439 788 immunditiam
1453 769 1532 796 quam
1546 764 1661 798 graviter
1673 765 1825 799 arguebat,
1843 766 1870 793 in

1065 812 1117 831 una
1138 812 1199 833 cum
1219 805 1257 833 eis
1277 807 1483 842 congregatione
1499 809 1638 844 tangebat?
1650 810 1755 846 Legam
1767 817 1868 847 quanta

1067 850 1093 877 in
1109 850 1194 878 malos
1209 852 1297 887 populi
1313 853 1364 886 sui,
1377 858 1404 881 et
1416 861 1495 889 quam
1507 855 1677 883 vehementer
1688 863 1721 885 ac
1734 858 1869 886 veraciter

1066 897 1180 931 dixerit,
1199 906 1214 926 a
1231 899 1327 934 quibus
1349 908 1378 928 se
1399 905 1487 929 tamen
1512 902 1583 929 nulla
1606 904 1740 938 corporali
1764 904 1868 933 direm-

1068 943 1158 978 ptione
1168 944 1178 959 ¹
1189 946 1362 979 separaverit.
1375 946 1446 974 Dixit
1455 947 1537 975 David
1550 957 1557 975 :
1571 947 1631 975 Non
1646 949 1701 976 εεάὶ
1713 957 1776 977 cum
1787 952 1869 978 conci-

1067 989 1102 1016 lio
1114 990 1241 1023 vanitatis,
1258 995 1281 1018 et
1295 999 1352 1018 cum
1365 992 1515 1027 facinorosis
1532 1001 1582 1020 non
1600 994 1710 1022 introibo
1720 1003 1731 1022 :
1745 996 1809 1023 odio
1821 997 1868 1023 Iur-

1067 1034 1110 1061 bui
1131 1036 1228 1063 curiam
1248 1037 1468 1071 nequiuimorum,
1488 1043 1511 1065 et
1528 1047 1585 1066 cum
1605 1040 1690 1076 impii:
1706 1050 1760 1069 non
1778 1043 1868 1070 sedebo

1068 1080 1153 1117 (Psal.
1166 1090 1230 1115 xxv,
1244 1083 1271 1115 4,
1282 1083 1321 1119 5).
1332 1083 1434 1119 Legant
1448 1084 1540 1119 quales
1554 1086 1612 1121 ipse
1627 1087 1799 1122 temporibus
1814 1088 1867 1116 suis

1070 1128 1095 1154 in
1107 1128 1152 1155 illo
1166 1129 1263 1163 populo
1277 1129 1417 1163 toleravit;
1432 1131 1477 1165 qui
1493 1132 1626 1159 unctionis
1645 1133 1762 1168 mystico
1776 1141 1866 1161 sacra-

1068 1178 1158 1202 mento
1171 1179 1272 1202 tantum
1290 1175 1419 1203 honorem
1437 1177 1542 1211 detulit,
1557 1182 1586 1205 ut
1599 1178 1625 1206 id
1641 1186 1691 1207 nec
1705 1179 1734 1207 in
1750 1180 1865 1208 scelera-

1068 1220 1171 1248 tissimo
1183 1220 1263 1249 SaitIe
1277 1226 1479 1257 contemneret;
1493 1223 1547 1251 imo
1561 1228 1664 1252 tantum
1678 1231 1863 1258 veneraretur.

1068 1269 1097 1293 ut
1106 1267 1220 1301 amplius
1230 1268 1339 1295 omnino
1351 1276 1404 1296 non
1419 1274 1518 1304 posset.
1530 1270 1634 1304 Nonne,
1644 1271 1667 1299 si
1677 1279 1774 1301 eorum
1788 1274 1864 1301 verba

1068 1311 1144 1340 factis
1163 1320 1256 1341 eorum
1277 1314 1472 1349 objieeremus,
1494 1317 1686 1352 responderent
1701 1320 1782 1348 nobis
1796 1320 1864 1348 :Nos

1067 1359 1146 1394 plane
1161 1367 1222 1387 cum
1241 1361 1338 1389 talibus
1353 1362 1454 1390 nullum
1468 1363 1610 1393 habuimus
1622 1366 1648 1393 in
1661 1366 1743 1395 corde
1753 1375 1851 1396 consor

1068 1404 1144 1438 tiutn,
1165 1413 1215 1434 nec
1238 1407 1408 1442 tangebamus
1431 1408 1596 1438 immundum
1618 1411 1663 1440 ubi
1683 1418 1775 1447 potest
1794 1415 1863 1441 coin-

1066 1451 1172 1486 quinari
1186 1458 1341 1488 contactus;
1358 1454 1384 1482 id
1399 1460 1448 1490 est,
1470 1458 1648 1487 consensione
1666 1463 1747 1495 atque
1768 1457 1863 1495 placito

1067 1499 1237 1527 conscientia:
1260 1501 1461 1537 recedebamus,
1484 1508 1511 1531 et
1535 1504 1682 1539 exibamus,
1699 1506 1733 1534 ab
1753 1508 1805 1541 eis,
1821 1508 1862 1543 qui

1050 1552 1121 1571 'non
1135 1545 1221 1572 solum
1240 1546 1301 1573 talia
1319 1555 1372 1575 non
1392 1548 1565 1584 faciebamus,
1581 1551 1629 1579 sed
1643 1560 1691 1580 nec
1704 1552 1862 1581 facientibus

1067 1590 1241 1619 tacebamus?
1254 1592 1298 1620 Isti
1319 1599 1408 1622 autem
1424 1595 1543 1624 seditiosi
1557 1601 1583 1625 et
1597 1598 1691 1630 insani,
1708 1599 1754 1634 qui
1770 1600 1859 1628 defen-

1066 1638 1168 1666 sionem
1182 1640 1347 1674 prazcisionis
1361 1648 1416 1669 sum
1430 1648 1552 1677 quzerunt
1568 1651 1601 1672 ex
1613 1646 1728 1674 oraculis
1740 1646 1860 1682 Prophe-

1067 1687 1164 1717 tarum,
1186 1691 1310 1720 superest
1330 1691 1360 1714 ut
1382 1687 1517 1723 impietate
1533 1697 1630 1718 vesana
1645 1691 1680 1719 de
1694 1692 1786 1721 verbis
1800 1700 1858 1728 pro—

1066 1729 1179 1764 pheticis
1193 1738 1282 1759 mores
1296 1738 1407 1768 arguant
1421 1734 1623 1769 Prophetarum.
1639 1737 1679 1764 An
1695 1737 1747 1766 hoc
1766 1739 1858 1767 dicturi

1066 1780 1137 1809 sunt,
1158 1777 1229 1812 quod
1253 1778 1305 1806 illis
1328 1780 1491 1814 temporibus
1512 1782 1640 1810 recedere
1657 1783 1737 1819 justis
1757 1792 1773 1812 a
1795 1786 1858 1813 malo

1065 1822 1165 1856 populo
1179 1831 1232 1850 non
1247 1824 1353 1858 licebat,
1371 1826 1428 1853 istis
1440 1834 1503 1854 vero
1520 1829 1683 1863 temporibus
1697 1830 1782 1859 licet?
1795 1831 1857 1866 Quid

1065 1867 1118 1896 dici
1135 1871 1284 1904 perversius
1300 1877 1402 1906 potest,
1418 1873 1464 1901 illo
1477 1877 1598 1909 tempore
1613 1883 1665 1903 non
1680 1878 1802 1912 potuisse
1816 1879 1856 1905 bo-

1066 1922 1116 1943 nos
1129 1923 1143 1942 a
1157 1917 1426 1953 malis‘corporaliter
1446 1920 1574 1955 separari,
1593 1922 1699 1957 quando
1719 1924 1803 1952 multa
1818 1932 1856 1951 sa-

1065 1967 1202 1990 cramenta
1229 1965 1403 1999 corporaliter
1427 1966 1562 1994 observari
1590 1968 1767 2002 videbantur;
1792 1978 1856 1998 nunc

1065 2015 1155 2038 autem
1178 2011 1356 2039 necessariam
1380 2019 1440 2040 esse
1462 2014 1628 2048 corporalem
1650 2017 1855 2051 separationcm,

1065 2057 1172 2092 quando
1188 2057 1243 2093 jam
1259 2058 1302 2086 illa
1316 2058 1488 2093 spiritualiter
1503 2061 1701 2090 observantur?

1100 2104 1145 2132 24.
1166 2103 1213 2132 Vae
1234 2105 1312 2133 czccis
1334 2105 1490 2135 ducentibus
1515 2112 1542 2135 et
1565 2108 1643 2136 ctccis
1667 2110 1852 2144 sequentibus!

1066 2150 1139 2179 itane
1159 2159 1212 2179 non
1232 2151 1327 2180 timent
1348 2152 1397 2180 ista
1416 2152 1545 2188 dicentes,
1561 2162 1595 2182 ne
1615 2154 1684 2183 forte
1700 2163 1748 2191 per
1761 2160 1853 2185 tantam

1066 2198 1232 2226 latitudinem
1246 2198 1319 2227 orbis
1334 2202 1475 2233 terrarum,
1489 2209 1540 2236 qua
1556 2200 1621 2229 fides
1632 2200 1734 2229 Christi
1748 2210 1853 2230 nomen.

1065 2252 1117 2279 quc
1129 2243 1254 2272 diffusum
1268 2249 1319 2278 est,
1333 2250 1476 2281 antequam
1491 2254 1519 2274 se
1533 2246 1575 2274 isti
1590 2253 1757 2283 separarent,
1772 2249 1797 2276 in
1810 2248 1852 2275 ali-

1065 2298 1115 2326 qtta
1130 2294 1206 2326 parte
1225 2295 1355 2318 terrarutn
1373 2291 1406 2319 ab
1421 2291 1552 2321 Africanis
1565 2293 1719 2329 regionibus
1735 2295 1853 2322 remotis-

1065 2338 1130 2363 sima
1142 2338 1197 2371 jam
1210 2338 1260 2364 hoc
1273 2337 1337 2372 justi
1351 2336 1472 2372 fecerint,
1487 2343 1511 2366 ct
1523 2338 1609 2366 adhuc
1622 2339 1665 2367 isti
1675 2340 1701 2367 in
1715 2339 1850 2368 immundi-

1066 2383 1118 2416 tirc,
1141 2390 1221 2418 quam
1246 2383 1282 2410 illi
1308 2383 1439 2419 fugerant,
1460 2385 1617 2420 contagione
1639 2386 1785 2414 vivebant?
1797 2386 1852 2420 Quis

1065 2428 1135 2456 enim
1147 2429 1186 2456 eis
1196 2434 1272 2457 cavet
1282 2429 1302 2462 ³,
1316 2430 1373 2464 quis
1383 2437 1430 2458 eos
1441 2438 1549 2459 securos
1563 2431 1635 2465 facit,
1648 2433 1669 2461 si
1680 2433 1830 2469 hujusmodi
1840 2440 1850 2459 ι

1064 2473 1140 2501 malis
1154 2474 1285 2509 separatio
1299 2474 1418 2503 facienda
1433 2481 1484 2509 est,
1501 2476 1578 2511 hanc,
1597 2482 1740 2514 antequam
1755 2480 1789 2507 ab
1804 2479 1847 2507 istit

1065 2520 1148 2554 ﬁeret,
1165 2528 1300 2556 nunquam
1316 2521 1412 2559 factam
1431 2523 1512 2551 fuisse
1533 2528 1587 2551 tam
1609 2524 1704 2561 longe,
1723 2531 1754 2554 ut
1770 2526 1850 2554 Africa

1064 2568 1172 2596 omnino
1185 2568 1335 2603 nesciret‘,
1350 2569 1418 2597 sicut
1437 2570 1463 2598 in
1483 2571 1610 2599 extremis
1623 2572 1727 2600 illarum
1743 2573 1849 2609 partiun‘

1096 2672 1103 2685 ι
1117 2668 1256 2702 Particulam
1264 2673 1396 2702 negantem
1405 2670 1445 2702 hic
1455 2670 1587 2702 adjecimus
1596 2678 1627 2696 ex
1639 2672 1747 2697 Casalino
1757 2673 1848 2698 codice'

1063 2708 1137 2734 quam
1145 2702 1167 2726 si
1174 2700 1261 2734 delere
1272 2699 1360 2734 placet,
1371 2701 1476 2726 delenda
1483 2699 1558 2734 simul
1571 2702 1666 2727 videtur
1677 2704 1803 2734 particula,
1815 2706 1837 2728 ut

1063 2731 1104 2758 vel
1116 2733 1170 2764 ejus
1180 2731 1233 2757 loco
1242 2731 1384 2764 legendum,
1397 2735 1430 2757 at.
1443 2733 1514 2757 Paulo
1531 2737 1585 2764 post
1605 2733 1669 2758 idem
1677 2731 1726 2759 'Ms.
1737 2735 1848 2759 (“assiliuntr

1063 2763 1146 2795 habet,
1157 2763 1183 2789 in
1191 2770 1251 2795 quas
1262 2765 1328 2795 unua
1336 2763 1449 2795 ἰηυςειίυα
1459 2763 1562 2790 dicebat.

1095 2797 1105 2812 ²
1117 2793 1167 2820 Am.
1181 2793 1207 2820 et
1214 2798 1277 2824 Mss,
1290 2793 1422 2827 direptione
1434 2802 1442 2819 :
1452 2799 1479 2820 ut
1487 2802 1568 2827 supra,
1580 2795 1622 2821 lib.
1633 2796 1656 2826 1,
1664 2802 1689 2821 n.
1700 2796 1724 2821 8.

1096 2828 1106 2843 ³
1117 2827 1155 2851 sic
1166 2827 1269 2851 Vaticani
1280 2829 1333 2850 Mss.
1343 2828 1370 2850 At
1378 2826 1446 2856 editi,
1456 2832 1497 2851 eos
1503 2826 1577 2852 cavet.

1095 2859 1106 2875 δ
1118 2857 1185 2889 Editi,
1195 2861 1221 2884 ut
1232 2856 1338 2888 Africam
1352 2856 1448 2883 omnino
1457 2857 1583 2885 nescirent.
1596 2858 1745 2891 tegendum,
1752 2858 1794 2886 vel
1804 2865 1845 2885 om
