3764 6144
77 215 156 275 ιοι
1429 201 1631 264 LIBER
1668 202 1980 267 TERTIUS.

75 329 206 386 terris
226 343 348 400 pars
367 325 569 385 Donati
597 343 809 401 prorsus
831 322 1011 400 ignota
1038 323 1152 384 est?
1179 326 1427 384 Fortasse
1451 327 1631 382 dicent

75 425 237 480 obesse
262 424 364 480 sibi
393 439 503 480 non
532 424 764 496 potuisse
785 423 922 494 quod
948 423 1279 494 ignorabam.
1308 421 1395 479 Sic
1423 435 1551 492 ergo
1577 429 1634 476 et

73 515 155 569 illis
196 516 353 571 terris
398 515 594 572 obesse
633 530 735 570 non
773 522 950 587 potest
975 515 1117 586 quod
1141 523 1347 586 gestum
1379 514 1431 569 in
1455 512 1632 568 Africa

74 606 309 676 ignorant,
342 607 556 662 etiamsi
586 621 711 662 vera
737 606 823 661 isti
850 605 1109 674 dicerent,
1137 621 1257 677 quae
1286 605 1354 661 de
1380 605 1632 660 Afrorum

72 697 356 756 criminibus
384 701 733 757 mentiuntur.
757 698 814 757 Si
840 708 1016 755 autem
1040 699 1224 755 dicunt
1252 699 1416 754 latere
1441 713 1498 753 se
1523 713 1631 753 non

72 792 300 864 potuisse,
345 793 395 849 si
439 793 594 850 fieret
626 812 639 849 :
670 793 830 849 modo
867 792 1078 860 dicant,
1129 807 1225 861 per
1261 806 1450 848 omnes
1488 790 1635 846 orbis

73 894 200 938 terra:
242 893 428 955 partes
471 885 614 956 quod
659 886 890 942 schisma
936 885 1131 941 factum
1174 885 1261 940 sit.
1291 884 1520 939 Nimium
1549 891 1634 940 est

71 975 184 1046 quod
211 976 484 1048 interrogo
511 994 523 1030 :
553 977 604 1032 in
635 976 746 1047 ipsa
777 977 955 1033 Africa
985 975 1165 1033 dicant
1189 976 1477 1032 Donatista!
1499 973 1632 1031 Car-

73 1065 410 1136 thaginenscs,
442 1067 529 1123 vel
558 1068 876 1138 quicumque
903 1077 1028 1123 sunt
1075 1068 1128 1122 in
1173 1067 1386 1122 civitate
1411 1065 1634 1132 Cartha-

70 1157 211 1229 ginis,
245 1168 380 1229 quot
410 1169 587 1229 partes
617 1176 713 1232 per
738 1159 1036 1216 Numidiam
1067 1169 1122 1215 et
1147 1159 1514 1214 Mauritaniam
1557 1158 1634 1213 fa-

71 1261 148 1305 cta:
165 1251 263 1306 sint
289 1251 359 1308 de
388 1253 500 1321 ipsa
534 1264 683 1324 parte
701 1253 913 1319 Donati,
939 1267 1160 1324 quarum
1185 1252 1421 1307 omnium
1443 1265 1634 1306 causas

72 1343 222 1415 utique
246 1360 412 1401 nosse
439 1344 737 1412 deberent;
767 1361 834 1401 ne
862 1343 1001 1401 forte
1025 1345 1153 1416 justi
1183 1343 1346 1415 aliqui
1377 1344 1428 1398 in
1453 1344 1632 1415 regio-

71 1435 199 1491 nibus
227 1435 333 1492 illis
364 1436 631 1492 malorum
659 1452 876 1492 suorum
916 1437 1226 1493 societatem
1261 1434 1632 1507 congregatio-

71 1543 266 1599 nemque
305 1530 616 1596 vitaverint,
651 1537 706 1586 et
742 1529 969 1586 exierint
1006 1529 1148 1595 inde,
1191 1544 1259 1584 ne
1300 1526 1632 1583 immundum

73 1631 336 1693 tangerent,
385 1639 458 1679 ne
502 1639 623 1679 cum
671 1620 986 1679 facinorosis
1031 1622 1344 1687 introirent;
1387 1635 1454 1675 ne
1497 1618 1634 1674 forte

70 1716 136 1770 isti
155 1715 258 1784 jam
288 1725 420 1773 ante
449 1717 652 1788 aliquot
675 1731 845 1772 annos
875 1716 925 1770 in
950 1715 1128 1786 aliquo
1154 1715 1346 1786 angulo
1370 1713 1632 1769 Numidiae

71 1806 134 1861 vel
170 1805 500 1864 Mauritaniae
545 1806 914 1880 separantibus
950 1821 1009 1862 se
1049 1806 1327 1862 frumentis
1355 1806 1504 1877 palea
1549 1824 1633 1862 ιυι

70 1899 332 1956 manserint
376 1910 434 1958 et
481 1901 731 1958 nesciunt
756 1903 796 1954 ί.
818 1900 921 1958 Sed
961 1900 1098 1956 unde
1142 1900 1314 1956 securi
1355 1908 1498 1966 sunt,
1527 1899 1632 1954 nisi

69 1993 165 2062 quia
185 2003 387 2050 certum
411 1994 612 2051 habent
638 1994 808 2050 bonos
830 2008 950 2050 esse
971 2009 1074 2049 non
1097 1994 1355 2064 potuisse,
1373 1993 1459 2064 qui
1486 2007 1544 2046 se
1562 1992 1632 2047 ab

70 2085 242 2141 unitate
267 2086 666 2143 communionis
692 2085 906 2153 Donati,
934 2101 1052 2156 quae
1082 2099 1176 2154 per
1203 2093 1364 2140 totam
1398 2083 1632 2139 Africam

71 2174 372 2246 dili‘unditur,
423 2165 814 2249 segregarunt?
852 2176 984 2245 Quia
1033 2177 1076 2232 si
1121 2176 1289 2231 malos
1326 2175 1532 2247 aliquos
1575 2176 1629 2230 in

70 2282 144 2321 sua
178 2268 452 2325 vicinitate
495 2269 831 2340 patiebantur
854 2270 893 2336 ⁸,
919 2283 1054 2340 quos
1095 2267 1380 2323 ostendere
1421 2266 1631 2324 cmteris

71 2376 154 2416 non
183 2361 453 2430 valebant,
491 2377 584 2420 eos
631 2361 860 2418 tolerare
897 2362 1071 2431 potius
1113 2361 1438 2428 debuerunt,
1469 2375 1629 2430 quam

70 2451 274 2510 dividere
318 2469 380 2512 se
425 2471 456 2509 a
495 2462 575 2510 tot
622 2452 1058 2520 innocentibus’,
1087 2451 1278 2524 quibus
1321 2450 1632 2523 persuaderi

71 2559 154 2598 non
181 2553 424 2616 poterant
464 2545 638 2602 aliena
677 2553 913 2616 peccata,
937 2543 1143 2598 etiamsi
1184 2557 1247 2599 ea
1292 2543 1389 2614 ipsi
1433 2542 1633 2612 optime

71 2644 277 2692 nossent.
300 2636 415 2693 Cur
451 2651 581 2706 ergo
621 2635 736 2692 haec
773 2625 1076 2690 innocentia
1107 2649 1210 2690 non
1241 2633 1488 2688 tribuitur
1514 2633 1630 2688 orbi

73 2733 298 2782 terrarum
340 2727 395 2782 in
443 2734 588 2781 tanta
627 2724 967 2781 multitudine
1009 2725 1267 2796 gentium,
1299 2738 1632 2794 quacumque

72 2813 235 2872 Christi
263 2817 555 2873 haereditas
580 2826 744 2888 patet,
770 2827 824 2872 ut
854 2827 998 2873 certa
1027 2825 1186 2886 atque
1212 2831 1396 2871 secura
1424 2815 1509 2880 sit,
1535 2831 1631 2871 eos

72 2909 139 2976 qui
163 2923 218 2965 se
245 2909 417 2965 bonos
444 2907 647 2974 dicunt,
669 2918 724 2964 et
753 2925 813 2964 se
842 2907 908 2963 ab
935 2909 1108 2963 omnis
1134 2907 1514 2963 terrae-unitate
1538 2921 1628 2962 se-

69 2998 280 3070 iungunt,
320 3015 389 3056 eo
429 2999 548 3072 ipso
582 3000 948 3056 demonstrare
975 2999 1159 3070 quales
1187 3000 1328 3054 sint?
1347 2999 1457 3056 Sibi
1486 2999 1628 3053 enim

70 3091 170 3160 justi
195 3093 462 3157 videntur,
493 3101 549 3148 et
573 3099 831 3164 Spernunt
857 3101 1113 3158 caeteros;
1141 3101 1194 3146 et
1222 3091 1343 3147 ideo
1367 3107 1473 3145 non
1502 3106 1631 3146 ean-

73 3192 160 3240 tant
178 3187 442 3242 canticum
468 3197 694 3253 novum,
717 3184 840 3256 quia
866 3183 934 3240 de
961 3183 1204 3254 superbia
1231 3183 1427 3239 veteris
1457 3182 1630 3237 homi-

74 3275 135 3332 nis
158 3278 502 3336 extolluntur.
533 3277 615 3334 Ab
634 3291 697 3334 ea
716 3275 738 3310 "
759 3277 953 3348 quippe
977 3275 1349 3332 communione
1377 3289 1630 3345 separan-

74 3377 137 3423 tur
156 3369 233 3426 cui
266 3370 472 3426 dictum
501 3376 616 3436 est,
649 3368 859 3423 Cantate
886 3365 1107 3422 Domino
1133 3366 1381 3421 canticum
1409 3381 1628 3431 novum;

72 3469 235 3517 cantate
251 3461 497 3529 Domino,
519 3461 683 3517 omnis
704 3467 838 3515 terra
864 3457 1034 3533 (Psal.
1058 3473 1187 3525 xcv,
1211 3456 1286 3526 i).
1309 3455 1410 3525 Qui
1435 3456 1478 3511 si
1503 3470 1627 3511 vere

70 3551 168 3621 justi
197 3563 397 3622 essent,
424 3563 481 3609 et
510 3552 741 3608 humiles
765 3558 979 3607 essent:
1003 3550 1045 3603 si
1081 3557 1257 3602 autem
1295 3547 1521 3602 humiles
1545 3561 1629 3601 es-

72 3655 182 3712 sent,
209 3647 417 3703 etiamsi
447 3655 578 3702 vere
607 3643 774 3698 malos
804 3643 856 3697 in
883 3655 992 3696 suae
1017 3639 1300 3695 vicinitatis
1334 3652 1626 3708 congrega-

75 3735 189 3792 tione
218 3745 554 3809 paterentur,
596 3749 730 3805 quos
767 3733 834 3788 ab
876 3731 1076 3787 unitate
1113 3729 1313 3786 Christi
1360 3729 1628 3800 expellere

73 3841 156 3882 non
168 3829 420 3896 valerent,
436 3826 697 3883 charitate
712 3825 906 3881 Christi
924 3824 1150 3880 tolerare
1165 3823 1464 3894 diligerent.
1485 3823 1627 3890 Quo-

74 3919 200 3976 modo
223 3929 403 3977 autem
430 3924 653 3991 possunt
673 3916 740 3974 de
763 3918 826 3973 iis
853 3915 982 3988 ipsis
1002 3929 1136 3988 quos
1160 3915 1214 3970 in
1237 3927 1334 3971 sua
1354 3914 1624 3970 vicinitate

74 4012 210 4070 malos
231 4022 483 4086 arguunt,
507 4014 707 4084 justum
735 4011 930 4068 habere
952 4009 1232 4081 judicium,
1255 4023 1374 4064 cum
1401 4017 1629 4063 temera-

73 4103 132 4158 rla
156 4110 389 4162 excitate
420 4114 528 4161 tam
560 4105 715 4176 longe
742 4119 768 4157 a
797 4113 857 4159 se
886 4103 1088 4174 positos
1128 4100 1487 4172 ignotissimos
1518 4099 1626 4155 cri-

73 4195 344 4254 minantur?
370 4197 564 4254 Utrum
608 4197 748 4251 enim
798 4194 880 4249 vel
935 4194 1076 4248 cives
1123 4205 1251 4247 suos
1293 4191 1377 4246 vel
1425 4190 1627 4246 vicinos

72 4300 177 4354 quos
202 4297 451 4361 arguunt,
475 4287 644 4342 malos
672 4301 790 4342 esse
821 4284 1085 4350 noverint,
1111 4283 1372 4338 incertum
1402 4289 1484 4337 est
1508 4281 1625 4336 orbi

73 4384 299 4435 terrarum
326 4379 491 4451 :quia
511 4393 638 4433 vero
667 4377 733 4431 ah
759 4377 833 4431 cis
862 4389 1084 4447 quorum
1109 4374 1268 4428 vitam
1300 4373 1456 4443 longe
1485 4371 1628 4443 posi-

72 4474 215 4526 torum
234 4486 399 4528 nosse
421 4485 527 4525 non
547 4478 786 4542 possunt,
812 4465 1092 4522 temeraria
1117 4464 1354 4519 caecitate
1376 4477 1626 4533 separen-

73 4567 153 4626 tur,
186 4573 386 4620 certum
430 4571 512 4618 est
553 4559 670 4615 orbi
718 4566 1013 4622 terrarum;
1045 4563 1099 4611 et
1141 4556 1261 4626 quia
1307 4568 1424 4609 cum
1471 4552 1627 4610 laude

71 4652 306 4717 patientiae
331 4653 459 4708 mali
489 4651 804 4726 tolerantur,
833 4664 902 4705 ne
929 4648 1091 4719 ignoti
1119 4646 1244 4702 boni
1281 4645 1622 4714 damnentur,

71 4752 241 4799 certum
269 4753 356 4801 est
376 4742 494 4799 orbi
521 4749 800 4797 terrarum.
826 4737 1161 4808 Quapropter
1185 4751 1404 4792 securus
1424 4736 1627 4803 judieat

70 4832 186 4890 orbis
221 4844 523 4901 terrarum,
551 4833 719 4887 bonos
755 4847 862 4886 non
903 4845 1023 4886 esse
1063 4829 1151 4898 qui
1193 4846 1250 4883 se
1289 4828 1527 4884 dividunt
1557 4828 1625 4884 ab

72 4925 174 4982 orbe
200 4937 458 4985 terrarum
484 4926 539 4982 in
569 4937 903 4996 quacumque
930 4929 1082 4993 parte
1105 4930 1384 4976 terrarum.

122 5015 219 5074 25.’
239 5019 540 5081 Postremo,
586 5017 631 5071 si
674 5015 955 5085 Prophetas
995 5021 1239 5082 posteros
1283 5018 1622 5078 monuerunt,

73 5111 120 5161 ut
139 5123 190 5164 se
207 5119 328 5166 ante
357 5113 568 5179 tempus
591 5108 794 5162 ultima:
813 5103 1172 5161 ventilationis
1191 5117 1217 5155 a
1243 5103 1408 5173 paleis
1433 5115 1624 5172 corpo-

72 5237 272 5308 i’atieauis
285 5237 586 5308 me,”th
608 5235 797 5308 omnino
816 5234 1020 5308 nescier
1035 5232 1172 5308 ,:_v_el,
1200 5232 1414 5308 Africani
1434 5231 1622 5307 omnino

1159 5274 1623 5370 catnurnscri-

73 5366 182 5427 litum
199 5356 340 5415 briése
363 5377 377 5414 :
402 5356 834 5433 sed_quia'.voca‘li.s
852 5358 872 5410 i
888 5360 1086 5410 carebat
1107 5356 1271 5422 apice,
1289 5359 1411 5418 loco,
1433 5359 1619 5422 Africa-

71 5431 136 5516 m;
155 5421 1303 5555 gitneig'tcugtméarthaginenses
1341 5481 1617 5555 Ironatt'stte,

73 5551 106 5593 tt
123 5544 584 5616 _carnMcarrt_illis,
609 5555 657 5616 et
680 5552 925 5616 nonnocet
939 5545 1036 5616 hoc
1066 5544 1153 5616 eis.
1173 5545 1262 5616 Sed
1283 5544 1429 5602 unde,
1460 5552 1554 5594 etc.

123 5609 355 5679 {bellicam
611 5609 664 5658 in
682 5623 772 5679 sua
791 5607 974 5660 civitate
993 5607 1306 5679 patiebantur.

123 5670 264 5742 fVox.
285 5670 628 5742 intrat-antibus,
652 5673 792 5742 abest
809 5683 836 5720 a
861 5670 1209 5732 manuscriptis.

123 5731 139 5760 ⁵
159 5733 437 5788 Divionensis
455 5731 640 5799 codex,
659 5733 725 5784 Αῡ
740 5732 860 5796 ejus.

3225 221 3334 280 ιω

1740 326 1924 382 raliter
1943 333 2270 397 separarent,
2289 333 2343 385 et
2364 327 2450 386 tali
2470 333 2804 402 separatione
2845 344 3094 392 caverent
3116 345 3331 411 tangere

1742 419 2092 486 immundum,
2133 431 2188 478 et
2228 439 2349 478 eum
2395 425 2710 482 facinorosis
2749 443 2854 482 non
2900 428 3200 496 introirent,
3233 445 3331 487 cur

1735 515 1844 570 hoc
1879 529 1984 571 non
2024 516 2148 572 fecit
2188 519 2459 588 apostolus
2488 520 2720 576 Paulus?
2747 524 2827 578 An
2857 524 3006 593 palea
3039 542 3143 581 non
3176 535 3329 582 erant

1742 607 1829 676 qui
1861 622 1965 662 non
1992 623 2057 664 ex
2087 610 2328 675 veritate,
2361 612 2455 668 sed
2481 628 2546 669 ex
2586 614 2782 670 invidia
2812 616 3082 674 Christum
3119 635 3329 676 annun-

1742 700 1982 756 tiabant?
2009 704 2086 757 An
2120 703 2377 760 immundi
2408 721 2511 762 non
2543 718 2693 764 erant
2719 712 2810 780 qui
2840 725 2944 766 non
2981 723 3128 769 caste
3155 714 3328 769 Evan-

1740 791 1936 862 gelium
1967 793 2345 863 praedicabant,
2375 813 2508 868 quos
2550 799 2600 853 in
2632 800 2773 856 illius
2803 803 3055 874 temporis
3083 804 3325 862 Ecclesia

1741 881 1906 939 fuisse
1929 893 2155 942 testatur
2183 886 2437 960 (Philipp.
2462 904 2500 958 ι,
2527 891 2616 960 15,
2647 891 2756 964 17),
2785 900 2839 948 et
2865 893 3015 964 cujus
3052 897 3290 953 excellen
3309 929 3322 939 -

1743 976 2001 1034 tissimam
2038 979 2351 1038 charitatetn
2391 983 2568 1038 omnia
2605 984 2918 1041 tolerantem
2955 988 3113 1044 etiam
3143 1000 3324 1060 poste-

1741 1069 1913 1126 riores
1942 1071 2128 1127 imitati
2156 1073 2319 1128 sunt?
2345 1075 2424 1128 An
2455 1075 2788 1131 immunditia
2812 1093 2914 1132 non
2941 1088 3022 1134 est
3042 1081 3261 1135 avaritia
3281 1083 3322 1143 ¹.

1741 1173 1902 1229 quam
1945 1159 2242 1232 Cyprianus
2285 1164 2448 1220 corde
2490 1179 2596 1220 non
2646 1167 2836 1238 tetigit,
2873 1178 2925 1224 et
2968 1178 3140 1225 tamen
3187 1171 3326 1226 inter

1742 1265 1936 1306 avaros
1960 1252 2188 1324 collegas
2209 1255 2548 1325 pacatissime
2567 1257 2736 1313 vixit?
2754 1257 3118 1316 Obsurduerat
3138 1261 3326 1318 videli-

1740 1348 1826 1396 cet
1850 1343 1870 1373 ²
1895 1341 2152 1399 adversus
2186 1346 2344 1402 verba
2389 1346 2744 1417 Psalmorum,
2777 1359 2836 1407 ut
2868 1352 3084 1409 sederet
3118 1353 3170 1410 in
3199 1369 3326 1410 con-

1740 1434 2009 1489 venticulo
2037 1436 2305 1506 vanitatis,
2327 1445 2526 1494 etcum
2556 1439 2870 1498 facinorosis
2896 1443 3172 1512 introiret;
3202 1445 3327 1501 odio

1741 1537 1850 1578 non
1880 1525 2095 1581 haberet
2116 1527 2318 1582 curiam
2345 1529 2720 1600 malignorum,
2743 1539 2796 1588 et
2820 1548 2940 1588 cum
2968 1534 3143 1604 impiis
3168 1535 3324 1592 sede-

1740 1626 1823 1674 ret
1843 1617 1898 1670 1"2
1923 1619 2112 1674 Annon
2141 1630 2256 1676 erat
2282 1624 2708 1680 conventiculum
2738 1627 2984 1683 vanitatis
3023 1628 3076 1683 in
3109 1629 3206 1696 eis,
3233 1631 3322 1700 qui

1740 1709 2095 1766 esurientibus
2124 1712 2176 1766 in
2205 1713 2439 1770 Ecclesia
2481 1714 2733 1772 fratribus
2772 1718 3072 1790 largissime
3101 1729 3325 1793 argento

1741 1801 1912 1858 nitere
1935 1803 2253 1872 cupiebant?
2281 1807 2470 1863 Annon
2497 1819 2648 1864 erant
2675 1809 2981 1880 facinerosi,
3013 1813 3101 1884 qui
3131 1814 3325 1872 fundos

1741 1893 2008 1952 insidiosis
2055 1896 2330 1955 fraudibus
2375 1901 2686 1971 rapiebant?
2725 1905 2804 1958 An
2854 1906 3166 1975 nequissimi
3215 1923 3325 1964 non

1739 1997 1912 2052 erant,
1953 1989 2042 2058 qui
2087 1991 2267 2047 usuris
2309 1992 2779 2064 multiplicantibus
2825 1996 2975 2053 fenus
3017 1999 3326 2070 augebant?

1739 2075 1834 2131 llle
1867 2093 1994 2134 vero
2035 2079 2245 2136 lavabat
2282 2097 2470 2138 manus
2513 2099 2636 2139 suas
2676 2101 2798 2140 cum
2843 2086 3231 2155 innocentibus,
3269 2098 3327 2147 et

1743 2167 2110 2226 circumdabat
2136 2172 2303 2229 altare
2327 2174 2556 2230 Domini.
2583 2175 2706 2232 Ideo
2725 2177 2920 2249 quippe
2946 2179 3207 2236 tolerabat
3230 2197 3324 2237 no-

1753 2270 1958 2329 centes,
1988 2278 2056 2320 ne
2091 2264 2362 2322 desereret
2401 2267 2728 2336 innocentes,
2759 2285 2881 2326 cum
2904 2271 3096 2342 quibus
3135 2289 3327 2332 manus

1747 2349 1986 2420 lavabat,
2013 2355 2132 2424 quia
2161 2355 2413 2427 diligebat
2449 2360 2683 2428 speciem
2712 2360 2904 2416 domus
2934 2363 3177 2431 Domini,
3207 2380 3328 2436 qua:

1740 2444 1949 2513 species
1965 2444 2018 2500 in
2036 2446 2175 2502 vasis
2197 2449 2597 2506 honorabilibus
2613 2460 2728 2507 erat
2743 2451 2841 2525 (a).
2865 2452 2934 2509 In
2954 2471 3137 2527 magna
3156 2467 3328 2513 autent

1739 2534 1890 2590 domo
1916 2553 2017 2590 non
2042 2539 2203 2592 solum
2237 2555 2357 2594 vasa
2393 2552 2511 2596 sunt
2534 2559 2691 2598 aurea
2724 2553 2771 2599 et
2801 2555 3055 2617 argentea,
3078 2549 3167 2603 sed
3188 2557 3236 2608 et
3263 2549 3328 2604 li-

1740 2642 1869 2696 gnea
1909 2635 1956 2681 et
1987 2628 2184 2698 ﬁctilia.
2221 2629 2289 2685 Et
2329 2633 2420 2686 illa
2447 2633 2648 2704 quidem
2689 2644 2806 2690 sunt
2839 2637 2892 2690 in
2935 2637 3206 2707 honorem,
3234 2640 3328 2695 illa

1741 2734 1857 2775 vero
1880 2721 1932 2775 in
1957 2725 2332 2779 contumeliam.
2356 2727 2422 2782 Et
2448 2729 2741 2784 mundabat
2766 2733 3109 2802 semetipsum
3130 2735 3198 2790 ab
3225 2734 3327 2791 htt-

1736 2813 1990 2881 jusmodi,
2023 2824 2080 2870 ut
2115 2827 2256 2874 esset
2280 2819 2441 2874 etiam
2473 2836 2560 2876 uas
2587 2823 2640 2877 in
2669 2824 2910 2879 honorem
2929 2828 3321 2896 sanctiﬁcatum,

1740 2903 1863 2958 utit'e
1901 2905 2139 2973 Domino,
2176 2909 2246 2962 ad
2270 2926 2416 2964 omne
2449 2928 2580 2984 opus
2613 2914 2797 2968 bonum
2825 2926 3059 2984 paratum
3082 2916 3100 2987 (
3122 2917 3165 2972 ll
3191 2915 3322 2973 Tim.

1739 3012 1798 3064 ιι,
1826 2995 1919 3064 20,
1941 2998 2004 3053 21
2032 2997 2052 3070 )
2085 3017 2098 3054 :
2129 3015 2229 3055 nec
2255 3011 2471 3071 propter
2496 3019 2618 3059 vasa
2647 3021 2766 3075 quae
2791 3014 2944 3061 erant
2967 3006 3020 3062 in
3042 3017 3324 3064 contume-

1740 3085 1866 3141 liam
1891 3103 1950 3144 se
1975 3103 2005 3142 a
2033 3105 2225 3161 magna
2251 3091 2414 3147 domo
2437 3095 2753 3165 separabat;
2790 3095 2884 3153 sed
2919 3112 3012 3154 eos
3044 3098 3098 3153 in
3125 3101 3327 3156 unitate

1739 3178 1881 3235 illius
1903 3180 2095 3239 domus
2119 3199 2348 3255 arguens
2378 3186 2658 3257 tolerabat,
2685 3203 2716 3244 a
2741 3189 2932 3261 quibus
2963 3204 3024 3247 se
3060 3207 3168 3248 non
3206 3193 3330 3249 imi-

1739 3271 1902 3327 tando
1927 3274 2216 3331 mundabat
2235 3275 2277 3329 ⁸.

1809 3364 2035 3422 CAPUT
2062 3366 2290 3424 V.—26.
2309 3368 2414 3426 Sed
2435 3371 2580 3427 novit
2599 3383 2800 3442 ponere
2816 3374 3197 3432 Parmenianus
3212 3394 3327 3435 vero
3400 3391 3407 3397 '

1738 3455 1806 3511 ba
1823 3456 2122 3527 PrOphetae,
2144 3459 2371 3516 dicentis
2391 3479 2404 3515 :
2426 3461 2548 3517 Non
2567 3463 2674 3518 sedi
2694 3479 2809 3518 cum
2831 3466 3045 3520 concilio
3065 3469 3321 3538 vanitatis,

1739 3559 1786 3605 et
1811 3567 1925 3605 cum
1955 3553 2252 3622 facinorosis
2277 3571 2378 3610 non
2405 3556 2622 3611 introibo
2649 3573 2669 3612 :
2693 3557 2809 3613 odio
2838 3557 2992 3614 habui
3015 3565 3207 3615 curiam
3230 3579 3322 3618 ne-

1736 3643 2113 3712 quissimorum.
2138 3645 2338 3701 Lavabo
2364 3664 2477 3702 cum
2509 3648 2856 3706 innocentibus
2887 3668 3067 3709 manus
3093 3670 3249 3725 meas,
3278 3665 3326 3712 et

1738 3734 2061 3791 circumdabo
2089 3737 2254 3793 altare
2277 3737 2484 3794 Domini
2509 3757 2528 3794 :
2554 3749 2608 3794 ut
2635 3742 2844 3798 audiam
2875 3759 3017 3800 voces
3050 3746 3248 3815 laudis,
3277 3757 3326 3804 et

1738 3843 1966 3882 enarrem
1999 3831 2170 3883 omnia
2198 3831 2450 3886 mirabilia
2485 3841 2591 3888 tua.
2636 3833 2881 3904 Domine,
2915 3837 3080 3893 dilexi
3109 3840 3328 3910 speciem

1739 3919 1920 3974 domus
1947 3929 2066 3989 tuae,
2093 3932 2142 3977 et
2169 3923 2334 3978 locum
2369 3924 2677 3980 tabernaculi
2699 3927 2948 3983 claritatis
2975 3937 3096 3984 tute.
3127 3928 3212 3986 Ne
3246 3931 3324 3987 si-

1737 4010 1847 4065 mul
1872 4013 2152 4082 perdideris
2178 4031 2290 4068 cum
2318 4016 2660 4086 peccatoribus
2684 4019 2908 4074 animum
2930 4035 3114 4089 meam,
3140 4029 3188 4076 et
3212 4038 3328 4077 cum

1737 4103 1859 4157 uiris
1886 4105 2190 4175 sanguinum
2224 4108 2376 4160 vitam
2417 4123 2577 4161 meam
2603 4123 2622 4162 :
2648 4110 2701 4162 in
2726 4126 2942 4180 quorum
2967 4111 3198 4167 manibus
3229 4112 3325 4169 de-

1737 4195 1857 4249 licta
1883 4205 2040 4261 sunt;
2066 4197 2271 4252 dextera
2298 4215 2471 4252 eorum
2499 4199 2706 4270 impleta
2730 4209 2804 4255 est
2831 4202 3120 4258 muneribus
3148 4203 3322 4276 (Psal.

1737 4303 1866 4356 xxv,
1889 4286 2064 4362 4-10).
2105 4289 2263 4345 Novit
2301 4289 2404 4346 hoc
2441 4305 2640 4360 ponere
2678 4291 3089 4361 Parmenianus,
3120 4303 3176 4351 et
3215 4311 3324 4352 non

1737 4391 1886 4436 curat
1916 4381 2196 4437 advertere
2231 4381 2677 4452 quemadmodum
2717 4383 2802 4440 his
2839 4387 3016 4442 verbis
3060 4387 3176 4444 sine
3214 4388 3326 4446 ullo

1737 4475 2012 4532 divisionis
2042 4475 2258 4531 nefaria:
2298 4476 2577 4548 sacrilegio
2615 4478 2896 4534 serviatur.
2919 4473 3140 4550 Species
3177 4480 3321 4538 enim

1737 4571 1928 4626 domus
1955 4580 2008 4626 et
2037 4570 2184 4626 locus
2213 4569 2539 4627 tabernaculi
2569 4570 2828 4628 claritatis
2855 4572 2948 4628 Dei
2979 4573 3031 4628 in
3058 4574 3198 4630 vasis
3217 4583 3322 4644 est,

1738 4672 1796 4718 ut
1818 4661 1947 4730 dixi,
1977 4677 2081 4717 non
2114 4662 2165 4716 in
2192 4661 2458 4727 omnibus,
2480 4678 2600 4733 qua:
2621 4671 2801 4720 tamen
2827 4665 2878 4718 in
2905 4679 3012 4720 una
3036 4663 3197 4722 domo
3217 4680 3324 4722 ma-

1736 4771 1840 4828 gna
1860 4764 2013 4821 sunt;
2037 4755 2130 4811 sed
2161 4757 2212 4810 in
2241 4756 2304 4811 iis
2323 4771 2442 4827 qum
2467 4765 2593 4812 sunt
2617 4758 2668 4812 in
2693 4760 2950 4813 honorem
2975 4759 3318 4828 sanctiﬁcata,

1739 4849 1964 4903 Domino
1985 4847 2150 4914 utilia,
2183 4847 2249 4903 ad
2276 4863 2437 4903 onnte
2469 4863 2604 4918 opus
2638 4847 2836 4904 bonum
2876 4863 3088 4922 semper
3116 4860 3319 4922 parata.

1735 4940 1792 4996 In
1818 4941 1901 4997 his
1925 4941 2161 5012 quisquis
2187 4941 2435 4998 dilexerit
2452 4942 2684 5012 speciem
2706 4942 2897 5000 domus
2920 4945 3033 5010 Dei,
3062 4955 3116 5001 et
3143 4947 3319 5003 locum

1739 5033 2066 5089 tabernaculi
2095 5035 2351 5089 claritatis
2376 5034 2510 5105 cjtts,
2537 5034 2727 5090 tolerat
2754 5051 2814 5092 ea
2837 5052 2955 5107 quae
2981 5047 3106 5094 sunt
3128 5039 3181 5094 in
3203 5054 3301 5096 con

1738 5126 2029 5194 tumeliam,
2055 5140 2155 5182 nec
2178 5134 2396 5197 propter
2424 5125 2539 5181 haec
2568 5127 2821 5200 relinquit
2851 5129 3066 5185 domum
3091 5174 3105 5198 ,
3137 5148 3204 5187 ne
3233 5134 3324 5189 ttat

1738 5219 1852 5290 ipse
1896 5233 2002 5275 non
2035 5232 2131 5274 vas
2179 5218 2234 5274 in
2274 5217 2673 5287 contumeliam,
2699 5219 2838 5292 quod
2873 5231 3046 5279 tamen
3075 5223 3129 5279 in
3159 5225 3322 5280 dmno

1799 5417 1815 5448 ι
1841 5412 1987 5464 Editi:
2015 5421 2085 5462 An
2112 5405 2416 5464 inmunditia
2434 5405 2460 5460 Ρ
2478 5423 2540 5460 an
2569 5409 2713 5461 etiam
2743 5405 2992 5472 avaritia?
3025 5412 3315 5474 Castigantur

1734 5485 1926 5588 ex8MsSi8c.
1944 5546 2047 5587 uss.
2075 5544 2129 5586 Αι
2149 5535 2298 5607 editi,
2326 5518 2430 5607 Non
2445 5533 2573 5607 enim
2594 5534 2926 5607 Obsurduerat
2937 5533 3187 5607 adversus.

1797 5603 1818 5635 ³
1842 5601 1977 5656 Editi,
2002 5612 2093 5648 non
2109 5597 2316 5647 sederet.
2345 5597 2508 5655 Abest,
2534 5610 2642 5657 non,
2669 5609 2696 5646 a
2719 5605 2824 5646 Mss.
2852 5597 3106 5645 \‘aticanis.

1795 5665 1816 5695 δ
1844 5673 1941 5709 Am.
1965 5669 2038 5709 Er.
2068 5669 2118 5710 et
2139 5658 2333 5721 quidam
2359 5666 2459 5717 ats.,
2485 5671 2578 5710 non
2607 5657 2840 5710 imitando
2853 5657 3090 5709 seruabat.

1802 5725 1874 5786 (at
1901 5732 1924 5770 ι’
1937 5725 2013 5774 ide
2033 5727 2330 5786 Cyprianum,
2348 5727 2499 5770 Serm.
2519 5721 2583 5772 de
2599 5721 2771 5786 Lapsis.
