3764 6184
399 242 506 301 103

399 359 674 420 toleratur,
721 351 814 409 sed
859 358 1064 408 stercus
1100 347 1242 420 quod
1283 345 1352 402 de
1389 345 1551 401 domo
1589 340 1903 414 projicitur;
1934 344 1990 394 et

399 458 616 523 pr0pter
641 447 808 518 ipsam
839 439 1226 514 temporalem‘
1250 453 1374 494 cum
1411 437 1567 493 malis
1606 435 1659 490 in
1697 447 1802 490 una
1828 430 1992 487 domo

398 538 862 612 congregationem
890 543 1008 590 orat
1038 532 1243 598 dicens,
1271 528 1355 585 Ne
1382 528 1537 585 simul
1564 525 1846 599 perdideris
1874 537 1992 578 eum

401 631 736 706 peccatoribus
761 628 985 684 animum
1013 641 1197 691 meam,
1225 632 1273 678 et
1302 639 1420 678 cum
1448 621 1568 677 viris
1592 619 1899 691 sanguinum
1921 615 1991 671 oi-

399 738 502 784 tam
531 741 690 781 meam
721 739 740 778 :
765 722 818 777 in
842 736 1054 792 quorum
1093 716 1327 772 manibus
1363 714 1547 770 delicta
1586 721 1747 777 sunt;
1784 710 1990 766 dextera

397 836 570 877 eorum
593 814 784 888 repleta
803 822 876 870 est
897 810 1207 867 muneribus.
1233 809 1345 864 Hoc
1371 806 1554 878 utique
1577 812 1718 870 orat,
1741 818 1810 860 ne
1829 798 1990 858 simul

395 920 582 985 pereat
599 925 720 966 cum
757 907 822 963 iis
847 921 969 962 cum
992 903 1186 976 quibus
1206 916 1330 958 eum
1357 899 1516 956 simul
1543 898 1727 954 vivere
1754 894 1990 953 charitas

395 1006 574 1064 omnia
616 1002 853 1060 tolerans
895 999 1156 1061 hortatur,
1189 994 1343 1067 cujus
1381 990 1700 1049 sacriﬁcium
1731 985 1992 1061 praemisit

394 1099 604 1166 dicens,
629 1093 869 1159 Domine,
905 1089 1061 1146 dilexi
1102 1087 1315 1158 speciem
1352 1085 1534 1140 domus
1575 1091 1696 1151 tute,
1732 1089 1780 1137 et
1821 1080 1990 1136 locum

395 1187 707 1246 tabernaculi
747 1185 994 1242 claritatis
1036 1192 1154 1238 tute.
1191 1180 1322 1250 Quia
1365 1179 1510 1235 enim
1548 1176 1709 1234 dilexi
1752 1174 1990 1246 speciem

397 1283 588 1340 domus
619 1290 742 1348 tum,
773 1286 830 1334 et
855 1285 1074 1348 propter
1095 1274 1265 1346 ipsam
1294 1269 1633 1327 dilectionem
1663 1266 1832 1323 tolero
1863 1279 1988 1320 vasa

397 1391 516 1448 quae
558 1381 685 1431 sunt
723 1373 776 1428 in
808 1367 1213 1434 contumeliam,
1238 1364 1361 1436 quia
1387 1361 1619 1419 charitas
1653 1361 1830 1415 omnia
1857 1355 1991 1413 tole-

397 1475 501 1536 rat,
541 1481 609 1522 ne
649 1463 808 1520 simul
852 1476 976 1518 cum
1021 1459 1099 1516 eis
1137 1454 1436 1528 perdideris
1470 1453 1704 1510 animam
1743 1464 1917 1506 meam
1943 1449 1986 1503 ³.

397 1560 584 1618 Nonne
609 1565 832 1630 apparet
856 1556 908 1611 in
930 1554 1015 1610 his
1040 1551 1217 1609 verbis
1239 1566 1341 1606 vox
1372 1549 1605 1613 illorum,
1628 1544 1718 1617 qui
1746 1558 1841 1616 per
1865 1542 1992 1598 Eze-

396 1655 624 1714 chielcm
658 1649 958 1725 prophetali
999 1655 1124 1705 sunt
1165 1660 1382 1718 gemere
1421 1651 1478 1699 et
1516 1653 1745 1696 maerere
1779 1637 1850 1694 ob
1887 1634 1990 1691 ini-

395 1750 626 1821 quitatcs
649 1743 829 1818 populi
863 1757 982 1815 qua:
1018 1740 1216 1798 ﬁebant
1245 1738 1298 1792 in
1328 1734 1509 1792 medio
1535 1747 1757 1798 eorum;
1784 1737 1839 1787 et
1861 1727 1990 1800 quia

396 1847 551 1896 erant
589 1852 715 1894 vasa
759 1836 812 1891 in
849 1834 1139 1897 honorem,
1176 1827 1447 1901 proprium
1491 1824 1702 1898 signum
1743 1822 1989 1893 accipere

395 1939 724 1994 meruerunt,
747 1935 807 1983 ut
828 1939 950 1982 cum
973 1923 1046 1979 illi
1068 1936 1260 1978 omnes
1282 1919 1579 1990 inciperent
1603 1913 1801 1970 vastari
1827 1921 1991 1983 atque

392 2021 581 2088 deleri,
610 2020 752 2076 Deus
781 2033 886 2074 non
926 2014 1176 2088 perderet
1213 2027 1334 2068 cum
1371 2007 1743 2082 peccatoribus
1780 2002 1989 2061 animas

392 2127 578 2171 eorum
611 2111 630 2182 (
657 2109 843 2164 Ezeeh.
873 2124 948 2171 Ix,
981 2108 1016 2162 4
1040 2106 1096 2174 )?
1125 2103 1214 2159 isti
1245 2112 1422 2158 autem
1450 2109 1576 2157 sunt
1604 2096 1868 2166 infelices,
1897 2096 1990 2168 qui

393 2221 452 2263 se
486 2204 553 2261 ab
589 2202 733 2259 omni
771 2199 1034 2256 malorum
1058 2197 1080 2229 ³
1108 2194 1525 2267 congregatione
1560 2199 1812 2262 tanquam
1854 2188 1992 2244 triti-

394 2313 516 2355 cum
559 2312 589 2351 a
632 2294 799 2366 paleis
841 2299 1093 2363 purgatos
1137 2302 1257 2343 esse
1300 2293 1648 2359 praesumunt.
1685 2281 1794 2338 Per
1830 2281 1988 2337 istam

395 2392 538 2449 enim
564 2389 852 2444 vanitatem
875 2381 1289 2456 przejudicarunt
1318 2377 1437 2445 sibi,
1470 2386 1529 2433 ut
1557 2379 1609 2432 in
1637 2375 1848 2446 populis
1871 2372 1990 2445 qui-

395 2483 494 2540 bus
534 2487 789 2554 przesunt,
835 2475 1195 2548 iniquissimus
1235 2481 1287 2528 et
1326 2468 1766 2542 ﬁagitiosissimas
1806 2466 1988 2521 turbas

396 2590 504 2632 non
529 2573 759 2629 audeant
787 2571 1060 2639 corripere
1087 2575 1142 2622 ut
1167 2565 1523 2636 corrigantur,
1552 2577 1619 2618 ne
1644 2575 1740 2631 per
1764 2559 1866 2614 hoc
1893 2573 1988 2615 co-

395 2681 584 2740 gantur
608 2663 850 2722 conﬁteri
875 2662 998 2735 quia
1027 2660 1149 2715 mali
1188 2667 1334 2726 sunt,
1367 2666 1420 2712 et
1457 2657 1664 2712 dicatur
1690 2655 1768 2710 eis
1792 2670 1805 2708 :
1830 2654 1987 2709 Certe

396 2761 570 2817 tritico
597 2765 823 2831 purgato
866 2752 1165 2825 loquimini.
1197 2767 1294 2808 cur
1329 2765 1424 2820 per
1459 2747 1556 2802 has
1590 2760 1748 2803 voces
1785 2753 1986 2799 tantam

396 2853 803 2912 commixturam
834 2863 954 2906 esse
986 2845 1224 2903 fatemini
1247 2844 1303 2898 ⁸⁸2
1328 2845 1392 2899 Et
1421 2842 1541 2898 ideo
1567 2842 1689 2912 quia
1715 2839 1845 2911 justi
1879 2853 1985 2892 non

397 2953 540 3010 sunt,
573 2959 678 2999 non
706 2939 994 2998 emendant
1029 2947 1083 2993 et
1121 2943 1350 3008 arguunt
1379 2933 1430 2989 in
1461 2931 1827 2988 misericordia
1848 2972 1862 2996 ,
1892 2928 1986 2985 sed

397 3039 521 3094 oleo
545 3033 864 3091 adulationis
893 3029 1224 3101 impinguant
1246 3027 1420 3096 capita
1447 3039 1632 3080 eorum
1663 3021 1834 3094 (Psal.
1862 3035 1985 3088 CLX,

398 3128 497 3200 5),
527 3125 720 3198 quibus
749 3123 850 3195 ipsi
879 3121 1052 3192 capita
1082 3135 1204 3176 esse
1233 3117 1450 3182 volunt;
1480 3115 1728 3187 quoniam
1757 3112 1856 3168 sub
1883 3126 1990 3168 uno

397 3218 572 3291 capite
599 3215 740 3288 quod
769 3215 820 3270 in
847 3213 986 3270 caelo
1009 3221 1111 3280 est,
1143 3211 1195 3267 in
1223 3209 1428 3266 unitate
1456 3206 1698 3279 corporis
1725 3205 1864 3278 quod
1895 3220 1992 3276 per

400 3323 564 3369 totam
607 3321 804 3368 terram
842 3317 948 3376 est,
991 3321 1112 3364 esse
1154 3305 1381 3361 nolunt:
1409 3311 1467 3357 ut
1506 3301 1696 3357 merito
1745 3298 1994 3372 plebibus

399 3421 584 3464 eorum
621 3403 848 3469 dicatur,
879 3401 980 3470 Qui
1016 3416 1102 3455 vos
1138 3396 1309 3472 felices
1344 3397 1544 3463 dicunt,
1580 3395 1634 3449 in
1660 3409 1881 3449 errorem
1905 3406 1992 3447 vos

402 3500 607 3555 mittam
626 3538 641 3566 ,
670 3506 717 3554 et
746 3496 1044 3551 conturbant
1069 3491 1272 3548 semitas
1299 3488 1484 3561 pedum
1512 3497 1790 3542 vestrorum
1818 3481 1990 3556 (Isai.

407 3609 484 3654 ιιι,
506 3589 617 3662 l2).

471 3683 561 3736 Ἦ.
593 3679 690 3748 Qui
709 3693 835 3749 ergo
859 3691 965 3732 non
987 3675 1101 3730 vult
1125 3674 1317 3730 sedere
1341 3672 1396 3728 in
1417 3669 1646 3728 concilio
1662 3668 1913 3724 vanitatis
1942 3667 1991 3735 ⁸,

403 3788 509 3830 non
531 3778 813 3827 evanesczit
841 3766 1006 3840 typho
1031 3765 1316 3837 superbire,
1344 3777 1592 3833 qumrens
1621 3757 1992 3816 conventicula

403 3865 661 3936 iustorum
682 3875 712 3915 a
740 3861 899 3915 totius
915 3858 1060 3913 orbis
1086 3858 1288 3912 unitate
1310 3861 1572 3924 separata,
1599 3867 1719 3924 qua:
1760 3865 1865 3906 non
1896 3863 1995 3919 po-

407 3968 510 4014 test
534 3954 794 4011 invenire.
826 3952 961 4009 Justi
1001 3959 1176 4005 autem
1230 3957 1354 4004 sunt
1405 3962 1501 4019 per
1528 3946 1832 4002 universam
1863 3943 1993 4000 civi-

406 4059 591 4114 tatem,
622 4062 742 4118 quae
776 4043 1030 4102 abscondi
1059 4056 1162 4097 non
1194 4049 1389 4112 potest,
1417 4039 1538 4111 quia
1565 4052 1727 4108 supra
1757 4045 1994 4091 montem

405 4141 689 4200 constituta
724 4149 804 4195 est
831 4140 849 4209 (
873 4137 1058 4194 Matth.
1082 4151 1139 4204 v,
1170 4135 1298 4206 14).
1327 4133 1558 4190 Montem
1588 4132 1736 4187 illum
1754 4131 1875 4186 dico
1893 4131 1997 4186 Da-

406 4235 580 4303 nielis,
611 4235 786 4305 inquo
809 4231 938 4303 lapis
960 4231 1049 4286 ille
1071 4228 1314 4300 prazcisus
1336 4227 1357 4258 ⁸
1395 4230 1504 4281 sine
1522 4225 1776 4289 manibus,
1802 4223 1992 4290 crevit,

406 4339 453 4387 et
495 4327 720 4400 implevit
763 4326 1047 4380 uniuersam
1082 4332 1267 4377 terram
1293 4323 1313 4393 (
1343 4318 1478 4374 Dan.
1518 4335 1575 4385 ιι,
1601 4319 1694 4385 Si,
1725 4317 1795 4374 55
1815 4316 1856 4388 ).
1886 4315 1994 4371 Per

407 4435 570 4482 t0tam
599 4423 757 4494 igitur
795 4420 950 4475 istam
970 4417 1240 4474 civitatem
1273 4422 1384 4470 toto
1407 4411 1540 4469 orbe
1582 4410 1829 4468 diffusam
1862 4406 1995 4480 justi

407 4523 690 4592 gemuntet
715 4520 942 4569 maerent
970 4510 1040 4565 ob
1065 4509 1368 4578 iniquitates
1409 4521 1526 4578 qua:
1574 4505 1709 4560 ﬁunt
1738 4503 1790 4559 in
1818 4500 1997 4557 medio

408 4625 615 4667 eorum.
644 4606 758 4663 Non
789 4619 919 4677 ergo
950 4608 1156 4674 qumrat
1175 4599 1293 4671 quis
1335 4606 1607 4670 separatos
1649 4597 1864 4667 justos;
1900 4593 1996 4651 sed

409 4717 528 4757 cum
551 4700 680 4771 ipsis
708 4699 884 4771 potius
909 4697 964 4752 in
994 4693 1256 4752 malorum
1297 4689 1579 4762 temporali
1611 4686 1995 4745 commixtione

410 4793 747 4860 concorditer
768 4801 966 4865 gemat.
995 4789 1112 4846 Non
1141 4785 1284 4844 enim
1310 4784 1516 4842 sedebit
1546 4784 1598 4839 in
1619 4781 1993 4840 conventiculo

412 4883 660 4940 vanitatis
684 4901 698 4938 :
721 4883 844 4954 quia
875 4882 947 4939 ibi
995 4879 1225 4948 sedebit,
1263 4875 1357 4933 ubi
1399 4883 1788 4943 conversatur;
1817 4873 2000 4932 audiet

477 5067 493 5099 ⁸
522 5065 688 5128 Plures
709 5067 836 5128 Mss,
863 5059 1025 5128 talem.
1054 5123 1064 5128 _
1369 5118 1400 5128 __
1889 5117 1901 5128 .

475 5131 496 5160 ²
519 5126 741 5177 Gallicani
764 5118 872 5175 Mss.
897 5124 969 5174 sic
990 5123 1175 5172 habent
1199 5135 1212 5171 :
1243 5129 1341 5170 Hoc
1362 5118 1526 5180 itaque
1561 5129 1707 5180 orans
1724 5154 1740 5180 ,
1762 5130 1822 5180 ne
1857 5118 2002 5171 simul

413 5196 577 5257 pereat
599 5201 710 5257 cum
726 5185 805 5257 iis,
841 5198 954 5237 cum
974 5182 1160 5257 quibus
1175 5195 1284 5234 eum
1302 5179 1458 5257 simul
1471 5179 1638 5257 pipere
1660 5179 1873 5257 charitas
1893 5194 2004 5257 qua:

413 5241 574 5304 bmnia
597 5249 765 5302 tolerat
791 5241 1073 5313 'contpell'it;
1108 5259 1261 5317 nonne
1280 5248 1482 5317 apparet
1505 5243 1554 5294 in
1578 5241 1661 5316 his.
1683 5243 1858 5317 uerbis,
1884 5241 2000 5317 etc;

416 5323 469 5368 et
489 5327 652 5378 ιιι-ονε
675 5325 847 5378 omnes
870 5306 1172 5378 praetereunt
1192 5321 1285 5378 se}:
1307 5306 1418 5356 illos
1436 5318 1612 5378 versus
1651 5306 2003 5378 intermedios,

415 5369 556 5442 cuius
590 5369 892 5440 sacriﬁcium
924 5371 1156 5439 praemisit
1207 5369 1408 5432 dicens,
1453 5369 1752 5420 Domine.....
1793 5369 2005 5422 animant

480 5505 504 5538 ⁸
526 5502 694 5554 Plures
714 5508 842 5560 Mss.,
865 5496 1076 5550 omnium
1100 5494 1355 5560 malorum.

480 5565 504 5599 δ
521 5553 736 5636 p'atican'l
757 5553 978 5622 codices,
1003 5565 1183 5611 tantam
1204 5557 1396 5622 paleam
1430 5553 1741 5608 conmixtam
1781 5569 1886 5611 esse
1928 5559 2004 5624 fa-

482 5693 504 5724 δ
528 5697 656 5750 Mss,
675 5687 727 5739 in
744 5683 1066 5750 convomiculo
1086 5682 1324 5750 uanitatis.

484 5752 506 5785 ⁸
532 5747 652 5813 Vox,
665 5749 916 5815 praecisus,
939 5749 1085 5802 deest
1107 5748 1157 5798 in
1176 5747 1342 5799 multis
1373 5752 1477 5797 Mss.

1138 228 1413 289 CONTRA
1451 220 1839 286 EPISTOLAM
1874 215 2324 290 PARMENIANI,
2361 219 2421 279 S.
2461 218 2835 280 AUGUSTINI

3610 212 3732 276 1οι

2101 343 2278 392 autem
2309 335 2571 394 dicentem
2618 336 2954 408 Apostolum,
2989 335 3183 392 Nostra
3220 343 3390 391 autem
3427 352 3728 392 conversa-

2099 427 2170 482 tio
2195 428 2248 484 in
2265 428 2404 485 caelis
2421 437 2496 483 est
2521 431 2540 500 (
2566 427 2798 500 Philipp.
2849 444 2927 495 ιιι,
2948 427 3020 485 20
3043 429 3083 498 ).
3125 427 3200 484 lbi
3226 443 3347 484 eum
3378 426 3721 484 facinorosis

2100 533 2206 575 non
2234 521 2359 589 erit,
2388 520 2459 576 ibi
2485 521 2690 577 curiam
2721 521 3171 591 nequissimorum
3197 535 3303 575 non
3339 521 3605 591 patietur,
3632 519 3716 575 ibi

2098 627 2221 670 cum
2251 613 2429 685 impiis
2472 629 2579 672 non
2627 615 2856 673 sedebit.
2902 615 2960 670 In
2991 616 3079 672 tali
3110 630 3207 687 spe
3251 615 3456 672 habitet
3486 615 3526 681 ι,
3552 624 3621 670 ιιι
3643 614 3719 670 ad

2097 723 2215 766 rem
2244 710 2396 781 cujus
2417 710 2576 766 habet
2590 724 2741 782 spem
2773 710 3051 780 pervenire
3075 707 3366 782 aliquando
3394 719 3714 766 mereatur.
3741 707 3749 778 'j

2096 798 2213 856 Non
2230 799 2372 857 enim
2411 801 2521 871 jam
2565 801 2959 857 resurreximus
2986 800 3127 858 sicut
3169 799 3438 869 Christus,
3465 811 3563 856 aut
3585 799 3712 872 jam

2097 906 2220 948 cum
2236 892 2326 949 illo
2345 893 2597 950 sedemus
2623 894 2676 950 in
2703 895 3013 952 caelestibus
3034 911 3048 961 ;
3073 904 3130 951 et
3150 903 3330 951 tamen
3359 895 3484 966 quia
3529 895 3713 951 talem

2095 1001 2247 1058 spem
2293 987 2448 1044 nobis
2475 987 2642 1056 dedit,
2689 997 2744 1044 et
2771 1003 2867 1059 per
2904 987 3074 1059 ipsam
3103 1002 3254 1061 spem
3297 989 3410 1060 jam
3461 989 3712 1060 quodam

2095 1080 2258 1137 modo
2285 1081 2355 1137 ibi
2389 1095 2790 1148 conversamur,
2841 1081 2973 1138 dicit
2996 1082 3302 1154 Apostolus,
3339 1082 3402 1140 Si
3426 1094 3608 1138 autem
3627 1101 3712 1138 re-

2095 1175 2385 1230 surrexistis
2404 1191 2518 1230 cum
2562 1175 2777 1243 Christo,
2803 1191 2916 1245 quia
2945 1192 3149 1231 sursum
3182 1185 3300 1231 sunt
3341 1177 3579 1248 quierite,
3620 1176 3713 1232 ubi

2097 1266 2327 1323 Christus
2367 1277 2439 1322 est
2463 1267 2518 1322 in
2547 1268 2755 1323 dextera
2782 1266 2878 1322 Dei
2917 1267 3140 1334 sedens;
3165 1284 3278 1338 qua:
3329 1285 3538 1324 sursum
3581 1278 3710 1324 sunt

2094 1360 2274 1431 sapite,
2308 1376 2407 1415 non
2425 1376 2540 1429 qua:
2558 1376 2709 1431 super
2732 1368 2938 1416 terram.
2969 1359 3164 1416 Μογῑαί
3202 1361 3338 1416 enim
3378 1363 3520 1429 estis,
3541 1371 3597 1417 et
3629 1362 3710 1416 ci-

2095 1461 2147 1508 ta
2172 1463 2332 1509 vestra
2357 1452 2648 1508 abscondita
2676 1462 2747 1508 est
2788 1469 2904 1508 cum
2960 1452 3161 1509 Christo
3203 1454 3257 1508 in
3317 1452 3427 1509 Deo
3456 1453 3704 1527 (Coloss.

2095 1562 2173 1615 ιιι,
2203 1546 2355 1618 1-5).
2387 1546 2441 1602 In
2471 1547 2558 1602 illa
2583 1547 2688 1602 vita
2730 1556 2911 1604 nostra
2958 1561 3080 1616 quae
3123 1546 3436 1603 abscondita
3465 1557 3550 1604 est
3569 1563 3703 1603 cum

2095 1639 2306 1696 Christo
2335 1641 2386 1696 in
2423 1641 2550 1706 Deo,
2581 1655 2687 1696 non
2708 1640 2957 1698 sedemus
2985 1641 3039 1696 in
3067 1641 3443 1698 conventiculo
3476 1642 3695 1697 vanita-

2095 1732 2184 1799 tis,
2207 1733 2350 1804 quia,
2375 1733 2513 1788 sicut
2537 1732 2666 1788 dicit
2685 1733 2992 1804 Apostolus,
3039 1732 3212 1790 Simul
3240 1751 3334 1790 nos
3358 1735 3623 1798 excitauit,
3651 1743 3702 1789 et

2094 1825 2246 1879 simul
2268 1841 2359 1880 nos
2382 1823 2558 1880 sedere
2576 1825 2690 1894 fecit
2711 1825 2764 1880 in
2796 1824 3078 1880 cmlestibus
3106 1824 3125 1897 (
3148 1824 3340 1897 Ephes.
3374 1842 3431 1888 ιι.
3452 1827 3488 1882 6
3519 1826 3570 1899 );
3597 1827 3698 1882 sed

2095 1915 2148 1971 in
2164 1931 2276 1988 spe,
2307 1915 2546 1972 nondum
2579 1916 2632 1972 in
2659 1932 2737 1972 re.
2765 1916 2896 1989 Spes
2925 1927 3094 1973 autem
3131 1933 3246 1988 qua:
3271 1917 3470 1974 videtur
3494 1935 3599 1974 non
3624 1928 3701 1972 est

2093 2026 2207 2082 spes
2224 2026 2243 2065 :
2267 2011 2402 2082 quod
2421 2012 2553 2066 enim
2581 2011 2692 2082 quis
2707 2011 2858 2078 videt,
2882 2011 3006 2083 quid
3029 2014 3244 2083 sperat?
3269 2012 3334 2069 Si
3359 2022 3534 2068 autem
3557 2013 3702 2084 quod

2095 2118 2196 2158 non
2219 2103 2464 2170 uidemus,
2503 2119 2767 2174 speramus
2789 2144 2806 2171 ,
2859 2121 2948 2175 per
2999 2105 3298 2175 patientiam
3331 2115 3699 2176 mpectamus

2095 2194 2284 2266 (Rom.
2308 2211 2419 2264 vm,
2449 2195 2539 2263 24,
2562 2195 2634 2251 25
2660 2195 2704 2268 ).
2723 2196 2891 2265 Quam
2931 2197 3241 2268 patientiam
3257 2198 3343 2254 isti
3370 2199 3559 2256 miseri
3581 2217 3698 2270 per-

2093 2286 2364 2355 diderunt,
2391 2297 2446 2345 et
2486 2289 2797 2346 festinantes
2835 2305 2894 2347 se
2922 2299 3047 2347 ante
3073 2299 3283 2363 tempus
3309 2293 3457 2348 velut
3480 2309 3512 2348 a
3543 2294 3699 2366 palea

2093 2393 2374 2452 separare,
2421 2396 2480 2436 se
2532 2381 2676 2451 ipsos
2725 2395 2847 2438 esse
2890 2380 3217 2438 levissimam
3268 2383 3478 2454 paleam
3525 2395 3691 2441 vento

2095 2473 2326 2529 ablatam
2352 2473 2421 2530 de
2457 2489 2580 2530 area
2601 2473 3061 2531 demonstrarunt.
3116 2476 3268 2543 Quod
3299 2492 3429 2548 ergo
3479 2479 3560 2534 ait
3593 2478 3694 2534 Sa-

2093 2566 2291 2637 pientia
2325 2575 2634 2622 teneamus:
2667 2566 2767 2632 Qui
2812 2575 2980 2622 autem
3024 2584 3105 2622 me
3141 2566 3303 2634 audit,
3357 2568 3608 2625 habitabit
3644 2573 3695 2625 in

2092 2674 2202 2730 spe,
2226 2667 2272 2713 et
2293 2658 2458 2714 silebit
2483 2659 2591 2714 sine
2645 2659 2824 2714 timore
2864 2658 2926 2714 ab
2956 2660 3095 2715 omni
3129 2660 3444 2733 malignitate
3473 2662 3494 2728 (
3527 2663 3686 2718 Prov.

2094 2766 2129 2818 ι,
2164 2751 2235 2807 55
2260 2749 2302 2822 ).
2353 2751 2485 2807 Dum
2517 2766 2646 2823 ergo
2673 2743 2974 2809 habitamus
2999 2753 3051 2808 in
3077 2768 3193 2824 spe,
3221 2754 3518 2826 cogitantes
3543 2757 3566 2788 ¹
3588 2771 3688 2812 non

2093 2843 2222 2914 quid
2270 2859 2478 2912 sumus,
2503 2843 2595 2900 sed
2639 2844 2766 2916 quid
2796 2845 3033 2901 erimus:
3057 2847 3178 2916 quia
3203 2847 3300 2916 [illi
3337 2847 3558 2920 quidem
3600 2848 3694 2904 Dei

2093 2958 2288 3007 sumus,
2321 2923 2684 2999 sed.nondum
2712 2946 2949 3017 apparuit
2992 2947 3128 3019 quod
3156 2947 3385 3015 erimus;
3419 2950 3544 3020 quia
3580 2969 3693 3006 cum

2095 3037 2409 3107 apparuerit,
2428 3037 2616 3093 similes
2653 3040 2698 3092 ei
2719 3038 2924 3108 erimus,
2979 3039 3222 3110 quoniam
3271 3042 3556 3099 videbimus
3581 3061 3692 3099 eum

2094 3129 2243 3182 sicuti
2269 3137 2339 3183 est
2361 3129 2421 3201 (l
2449 3127 2602 3184 Joan.
2628 3145 2702 3196 ιιι,
2726 3129 2801 3201 2)
2827 3149 2840 3185 :
2872 3131 2923 3186 in
2946 3131 3039 3187 tali
3083 3148 3179 3204 spe
3211 3132 3541 3203 habitantes,
3561 3137 3681 3208 quia

2097 3217 2214 3285 haec
2257 3217 2514 3274 habitatio
2540 3219 2561 3252 ³
2613 3235 2719 3276 non
2755 3220 2916 3278 habet
2946 3223 3136 3290 malos,
3180 3239 3280 3280 nec
3318 3228 3688 3284 conventicula

2099 3311 2369 3376 vanitatis,
2391 3327 2490 3368 nec
2514 3310 2866 3382 facinorosos,
2910 3329 3012 3371 nec
3061 3315 3294 3388 iniquos,
3355 3332 3456 3373 nec
3491 3317 3686 3389 impios

2098 3402 2368 3473 patimur;
2413 3412 2464 3458 et
2489 3417 2583 3464 eos
2611 3412 2786 3460 tamen
2813 3419 2918 3460 non
2948 3405 3002 3460 in
3023 3420 3119 3476 spe
3147 3422 3266 3478 qure
3293 3423 3399 3464 non
3430 3409 3638 3466 videtur
3665 3410 3687 3442 ⁸

2098 3497 2329 3567 patimur
2355 3496 2406 3551 in
2436 3498 2844 3569 congregatione
2873 3497 3133 3554 catholica
3161 3506 3271 3556 toto
3315 3499 3449 3558 orbe
3473 3500 3684 3569 dilfusa,

2097 3591 2270 3648 donec
2313 3599 2548 3647 transeat
2582 3590 2849 3662 iniquitas,
2876 3591 3049 3648 donec
3093 3600 3338 3664 tempore
3389 3579 3686 3649 tnessis'zi~

2098 3683 2249 3737 zania
2292 3683 2642 3756 colligantur(
2672 3681 2856 3738 Matth.
2912 3699 3027 3750 ιιιιι,
3079 3684 3224 3754 50),
3273 3683 3447 3741 donec
3501 3683 3688 3741 ultimo

2099 3774 2397 3830 ventilabro
2425 3791 2454 3830 a
2481 3775 2748 3832 frumento
2787 3775 2936 3846 palea
2974 3776 3298 3847 separetur(
3328 3773 3416 3830 Id.
3445 3793 3522 3846 ιιι,
3557 3776 3626 3832 l2
3647 3775 3683 3841 ι,

2100 3868 2270 3925 donec
2291 3869 2462 3939 pisces
2503 3869 2624 3924 boni
2664 3884 2695 3923 a
2739 3868 2972 3940 piscibus
2997 3868 3171 3935 malis,
3199 3883 3321 3925 cum
3342 3870 3536 3941 quibus
3557 3871 3687 3926 intra

2101 3963 2285 4018 eadem
2310 3962 2440 4018 retia
2482 3962 2786 4034 congregati
2817 3970 2961 4029 sunt,
2991 3963 3041 4018 in
3073 3961 3250 4018 littore
3280 3963 3549 4035 eligantur
3576 3961 3683 4035 (Id.

2100 4069 2215 4120 xm,
2241 4051 2366 4126 48),
2393 4052 2564 4109 donec
2591 4053 2728 4108 hurdi
2757 4053 2826 4109 ab
2872 4053 3061 4109 ovibus
3091 4039 3212 4109 cum
3238 4054 3435 4126 quibus
3464 4054 3566 4112 sub
3583 4069 3685 4110 uno

2101 4154 2316 4214 pastore
2343 4143 2394 4198 in
2443 4142 2643 4201 eisdem
2692 4143 2902 4214 pascuis
2932 4143 3131 4200 tamdiu
3165 4155 3448 4216 paverunt,
3480 4148 3533 4202 in
3562 4145 3679 4203 ulti-

2103 4251 2192 4292 mo
2216 4235 2282 4291 ad
2307 4235 2576 4292 sinistram
2601 4245 2945 4307 segregentur
2973 4235 2993 4308 (
3023 4234 3109 4291 Id.
3136 4253 3260 4304 xxv,
3293 4237 3364 4293 55
3391 4235 3434 4310 ).

2173 4328 2264 4384 28.
2293 4326 2444 4383 Nulla
2474 4337 2557 4382 est
2609 4327 2767 4399 igitur
2795 4326 3053 4383 securitas
3081 4328 3321 4393 unitatis,
3353 4329 3458 4385 nisi
3489 4344 3556 4386 ex
3574 4343 3684 4401 pro-

2105 4421 2284 4479 missis
2311 4419 2408 4476 Dei
2437 4419 2671 4476 Ecclesia
2695 4420 2716 4452 ⁵
2742 4418 3007 4477 declarata
3026 4461 3043 4489 ,
3071 4436 3190 4492 qua:
3234 4435 3396 4493 super
3433 4429 3685 4486 montem,

2103 4525 2164 4571 ut
2203 4515 2404 4571 dictum
2450 4523 2552 4582 est,
2603 4512 2889 4569 constituta
2934 4513 3189 4569 abscondi
3232 4530 3339 4569 non
3394 4525 3572 4586 potest
3599 4533 3612 4569 ε
3640 4520 3683 4569 et

2107 4607 2227 4664 ideo
2253 4621 2474 4663 necesse
2501 4614 2583 4662 est
2611 4615 2667 4660 ut
2710 4605 2959 4661 omnibus
2989 4615 3249 4662 terrarum
3300 4607 3545 4677 partibus
3573 4618 3680 4664 nota

2106 4700 2194 4755 sit.
2224 4699 2600 4755 inconcussum
2633 4697 2794 4769 igitur
2825 4697 2846 4729 ⁶
2874 4697 3192 4770 ﬁrmumque
3232 4706 3544 4769 teneamus,
3577 4699 3709 4759 nul-.

2107 4791 2187 4847 los
2213 4789 2383 4846 bonos
2410 4789 2477 4846 ab
2503 4805 2562 4844 ea
2590 4804 2648 4845 se
2678 4803 2836 4860 posse
2881 4788 3140 4858 dividere,
3172 4789 3224 4846 id
3268 4799 3372 4859 est,
3402 4791 3579 4848 nullos
3603 4789 3673 4844 bo
3695 4831 3710 4860 ί.

2107 4897 2226 4950 nos,
2257 4880 2464 4938 etiamsi
2489 4859 2730 4952 cognitos
2758 4881 2861 4938 sibi
2909 4881 3079 4939 malos
3113 4883 3407 4954 patiantur,
3457 4859 3711 4950 ubicumfJ

2107 4989 2211 5046 que
2234 4981 2532 5040 versentur,
2562 4981 2778 5043 propter
2805 4986 2900 5030 eos
2923 4988 2983 5029 se
3012 4989 3042 5028 a
3073 4973 3229 5045 longe
3252 4973 3444 5046 positis
3472 4984 3528 5032 et
3555 4975 3663 5030 inco
3696 4959 3702 4965 ’

2107 5065 2268 5138 gnitis
2292 5065 2446 5122 bonis
2464 5064 2746 5121 temerario
2767 5064 3071 5120 schismatis
3101 5064 3385 5138 sacrilegio
3409 5080 3679 5138 separare;

2110 5168 2169 5215 ut
2195 5159 2247 5214 in
2269 5172 2603 5229 quacumque
2633 5164 2784 5227 parte
2838 5167 3100 5214 terrarum
3123 5157 3207 5214 vel
3237 5159 3372 5214 facta
3419 5167 3545 5214 sunt
3573 5159 3679 5221 ista,

2112 5251 2194 5308 vel
2225 5251 2377 5318 ﬁunt,
2404 5249 2490 5306 vel
2516 5248 2688 5304 futura
2745 5258 2885 5317 sunt,
2916 5250 3128 5308 caeteris
3167 5257 3430 5308 terrarum
3461 5252 3683 5323 partibus

2179 5431 2196 5463 ι
2219 5430 2293 5479 sic
2316 5435 2419 5479 Mss.
2445 5425 2565 5477 Editi
2589 5438 2728 5486 vero,
2753 5423 3000 5476 habitabit.

2177 5496 2198 5526 ²
2222 5489 2523 5556 Sicyaticani
2549 5495 2602 5539 et
2623 5486 2846 5556 (_:al_li_cani
2867 5487 3115 5556 Mss._Fditi
3138 5502 3278 5556 vero,
3303 5486 3564 5556 cogitemus

2179 5552 2444 5622 {Gallicani
2479 5559 2605 5612 Mss,
2630 5548 2862 5622 habitatio
2878 5549 3188 5622 cogitationis.

2178 5618 2203 5651 δ
2225 5617 2436 5666 Vaticani
2459 5621 2583 5673 Mss,
2608 5626 2716 5676 quia
2733 5613 2962 5676 ridetur}
2984 5615 3180 5674 omisso,
3204 5625 3316 5665 non.

2179 5683 2200 5715 ³
2226 5678 2394 5729 Plures
2416 5685 2542 5736 Mss,
2562 5673 2803 5736 Ec'clesiie.

2183 5742 2205 5775 θ
2230 5750 2351 5804 Mss,
2377 5734 2710 5792 inconcussum
2739 5734 3026 5801 ﬁrmumque
3039 5749 3059 5801 ;
3082 5738 3259 5789 omisso
3277 5773 3292 5801 ,
3317 5737 3480 5805 igitur.
