3764 6168
57 471 204 542 longe
242 469 482 542 positis,
513 476 576 526 et
611 476 781 525 utrum
823 463 960 522 facta
989 463 1098 522 sint
1123 463 1212 521 vel
1249 476 1348 519 cur
1373 461 1509 518 facta
1548 461 1660 518 sint

60 562 458 635 ignorantibus,
493 571 554 616 et
597 570 768 616 tamen
795 572 914 614 cum
940 557 1072 613 orbe
1113 565 1379 612 terrarum
1407 555 1460 610 in
1489 555 1664 610 unita-

61 660 120 712 tis
134 657 366 712 vinculo
394 654 856 726 permanentibus,
877 667 942 708 ea
971 652 1085 722 ipsa
1107 651 1176 707 sit
1204 650 1357 706 ﬁrma
1377 649 1658 716 securitas,

61 761 157 803 non
189 747 300 802 hoc
338 747 593 818 potuisse
637 746 829 811 facere,
859 742 962 798 nisi
1006 751 1098 798 aut
1139 741 1405 813 superbize
1452 749 1662 796 tumore

63 841 305 906 furiosos,
336 847 434 894 aut
465 838 770 894 invidentia!
807 837 974 892 livore
1001 850 1252 901 vesanus,
1300 844 1392 890 aut
1415 833 1660 890 saeculari

62 932 450 986 commoditate
499 939 798 1000 corruptos,
828 935 922 982 aut
962 928 1165 982 carnali
1212 927 1404 981 timore
1432 941 1656 995 perver-

63 1037 164 1077 sos.
209 1023 429 1090 Quibus
453 1023 702 1078 omnibus
728 1020 903 1077 causis
931 1019 1160 1076 efficitur
1188 1028 1249 1074 ut
1293 1019 1378 1075 vel
1407 1019 1532 1074 boni
1562 1017 1663 1073 fal-

63 1116 131 1171 sis
152 1115 483 1171 criminibus
506 1113 847 1181 infamentur,
879 1112 968 1168 vel
1021 1121 1226 1168 temere
1251 1111 1319 1167 de
1344 1110 1500 1166 bonis
1527 1110 1659 1167 falsa

63 1204 376 1271 credantur,
408 1206 496 1262 vel
533 1205 694 1262 etiam
743 1204 868 1260 mali
892 1204 983 1276 qui
1033 1219 1130 1275 pro
1180 1203 1396 1258 unitatis
1445 1201 1660 1258 vinculo

65 1297 276 1351 tolerati
303 1296 442 1352 nihil
474 1296 671 1352 obsunt
724 1297 900 1363 bonis,
936 1295 1176 1366 disrupta
1218 1295 1480 1352 bonorum
1521 1310 1655 1364 pace

67 1387 477 1456 perversissime
501 1386 787 1458 fugiantur,
814 1402 938 1442 cum
959 1386 1227 1442 vexationi
1270 1386 1658 1442 frumentorum

67 1492 168 1533 non
204 1478 468 1548 parcitur,
512 1477 888 1549 usurpantibus
911 1477 1012 1533 sibi
1033 1476 1340 1533 hominibus
1365 1484 1489 1532 ante
1513 1490 1658 1533 mes-
1707 1476 1712 1481 “

66 1583 178 1624 sem
202 1567 353 1638 quod
371 1567 562 1639 Angeli
589 1568 645 1623 in
659 1582 834 1624 messe
861 1567 1054 1624 facturi
1077 1577 1224 1623 sunt.

129 1658 366 1717 CAPUT
407 1659 496 1714 Vl.
524 1659 703 1716 —29.
725 1659 855 1728 Qua:
874 1675 996 1716 cum
1021 1659 1093 1714 ita
1113 1659 1241 1725 sint,
1272 1659 1471 1715 audent
1497 1659 1657 1716 etiam

69 1751 328 1823 sacrilega
358 1751 649 1808 schismata
672 1753 759 1808 vel
801 1752 1036 1809 haereses
1065 1750 1263 1822 impiae,
1293 1751 1339 1806 si
1365 1751 1577 1822 quando
1601 1752 1658 1807 in

71 1843 278 1914 ﬂagello
302 1853 364 1899 ut
382 1858 444 1900 se
477 1843 749 1916 corrigunt
805 1843 1196 1913 admonentur,
1222 1857 1412 1913 prunas
1460 1842 1659 1899 furoris

72 1935 151 1990 sui
175 1936 340 1991 etiam
395 1937 536 1992 inter
562 1937 815 2009 martyrio
841 1936 1119 2007 deputare.
1167 1935 1320 2004 Quod
1345 1935 1658 1992 existimans

71 2028 226 2083 etiam
252 2027 642 2084 Parmenianus
666 2069 680 2092 ,
706 2028 760 2083 in
791 2027 896 2083 fine
923 2027 1167 2098 epistolae
1209 2043 1320 2084 sua:
1346 2027 1658 2085 exhortatur

76 2118 385 2175 fidicinem
411 2128 472 2176 ut
496 2119 552 2175 in
578 2128 727 2190 parte
755 2119 944 2175 Donati
973 2127 1285 2192 permaneat
1327 2128 1383 2176 et
1406 2134 1658 2190 persecu-

75 2213 238 2268 tiones
253 2211 520 2284 perferat,
535 2211 741 2280 dicens,
767 2228 870 2266 non
889 2228 941 2266 se
962 2211 1141 2266 debere
1161 2212 1416 2267 voluntate
1439 2213 1657 2282 conjun-

74 2306 123 2374 gi
144 2306 231 2371 eis,
253 2305 433 2376 quibus
455 2306 798 2372 persecutione
815 2314 1022 2376 cogente
1061 2322 1160 2359 non
1182 2305 1354 2376 juncti
1377 2314 1494 2360 sunt
1515 2321 1536 2371 ;
1561 2304 1658 2360 ad-

75 2396 254 2452 hibens
278 2397 441 2453 etiam
474 2397 830 2454 testimonium
877 2397 1166 2467 Scriptum
1187 2396 1432 2464 dicentis,
1467 2395 1558 2453 Va:
1575 2397 1654 2453 his

79 2490 157 2556 qui
179 2488 508 2559 perdiderunt
537 2489 903 2552 sustinentium,
933 2498 978 2549 et
989 2487 1294 2542 diverterunt
1321 2488 1374 2541 in
1397 2488 1504 2542 vias
1528 2504 1654 2558 pra-

77 2599 175 2637 ειαε.
200 2582 403 2654 thuid
421 2583 632 2652 facient,
656 2599 772 2636 cum
791 2582 1038 2653 inspicere
1062 2581 1268 2650 creperi!
1294 2596 1378 2635 eos
1404 2579 1653 2636 Dominus

83 2674 101 2742 (
128 2673 271 2729 Eccli.
300 2691 356 2738 ιι,
389 2675 476 2740 16,
508 2675 574 2730 17
600 2672 664 2744 )?
700 2688 849 2729 more
892 2687 990 2728 suo
1016 2680 1203 2728 cuncta
1241 2671 1309 2727 de
1333 2672 1527 2727 divinis
1557 2672 1649 2727 Li-

82 2768 180 2824 bris
200 2768 458 2826 adversus
509 2782 570 2824 se
615 2767 761 2838 ipsos
810 2766 1174 2837 proponens‘.
1199 2765 1299 2833 Qui
1332 2765 1474 2821 enim
1501 2765 1656 2821 susti-

86 2860 296 2925 nentiam
326 2857 693 2929 perdiderunt,
724 2857 825 2912 nisi
845 2856 934 2926 qui
973 2869 1068 2912 eos
1087 2855 1156 2911 de
1195 2855 1508 2911 criminibus
1532 2870 1653 2926 quas

83 2949 384 3021 objiciebant
428 2949 758 3006 convincere
801 2947 1171 3019 nequiverunt,
1212 2960 1347 3017 quos
1401 2961 1499 3018 pro
1524 2962 1654 3018 pace

82 3043 255 3098 Christi
275 3043 509 3099 tolerare
542 3042 832 3098 noluerunt
853 3057 868 3106 ;
893 3048 946 3096 et
972 3054 1096 3096 sero
1124 3049 1306 3110 postea
1333 3041 1651 3111 cogitantes,

86 3134 232 3202 ipsam
258 3143 462 3205 partem
499 3148 654 3189 suam
699 3147 805 3188 non
845 3146 964 3188 esse
996 3146 1088 3202 por
1124 3131 1318 3187 multas
1370 3132 1654 3202 particulas

88 3227 397 3283 dividendam
421 3268 439 3294 ,
484 3227 648 3283 etiam
695 3225 797 3281 sibi
859 3224 1321 3281 manifestissimos
1365 3224 1654 3296 sacrilegos

89 3333 203 3388 quos
227 3318 324 3390 ipsi
351 3317 694 3382 damnarunt,
721 3331 910 3372 rursus
928 3323 1172 3385 receptos
1195 3329 1292 3384 pro
1319 3313 1452 3370 falsa
1481 3315 1655 3370 Dona-

92 3411 254 3481 tipace
303 3411 636 3466 tolerarunt?
666 3409 734 3464 Et
783 3409 893 3478 jam
946 3422 1087 3463 nunc
1113 3407 1326 3492 tandem
1369 3407 1656 3478 aliquando

92 3510 386 3572 cognoscant
411 3510 466 3557 et
481 3502 768 3571 corrigant,
794 3500 936 3571 quod
981 3514 1041 3556 se
1065 3499 1227 3570 impie
1254 3499 1465 3564 fecisse,
1496 3514 1559 3554 ex
1585 3513 1653 3555 eo

95 3593 252 3648 saltem
279 3591 419 3664 quod
448 3608 478 3646 a
511 3591 832 3646 Maximiano
862 3590 1003 3661 passi
1023 3599 1168 3657 sunt,
1195 3589 1516 3646 didicerunt.
1543 3589 1650 3646 Sed

95 3686 267 3742 scilicet
306 3685 649 3747 erubescunt,
674 3685 694 3716 ³
725 3682 1170 3739 manifestissimis
1197 3681 1489 3737 rationibus
1528 3695 1654 3737 cor-

97 3775 192 3846 rigi,
234 3777 350 3847 quia
391 3777 768 3846 imperatorum
812 3773 1142 3844 jussionibus
1188 3772 1530 3840 restiterunt,
1584 3786 1654 3827 ne

98 3866 168 3922 illa
189 3883 300 3936 que
329 3882 390 3922 se
415 3874 816 3936 conquerantur
854 3863 1020 3920 fuisse
1069 3878 1372 3936 perpessos,
1426 3865 1653 3920 correcti

100 3958 361 4026 perdidisse
386 3957 665 4012 videantur
693 3975 707 4010 :
737 3955 884 4026 quasi
906 3972 1013 4010 non
1062 3956 1252 4010 melius
1282 3954 1511 4026 perdunt
1540 3955 1646 4021 illa,

101 4063 228 4118 quam
257 4057 498 4119 pereunt.
556 4046 613 4102 Si
665 4047 806 4101 cnim
848 4045 1046 4101 habent
1071 4045 1090 4076 ³
1118 4046 1348 4117 aliquam
1386 4047 1650 4113 umbram,

104 4141 312 4208 quamvis
359 4140 549 4194 falsam
592 4147 751 4209 atque
796 4137 1060 4203 fallacem,
1111 4147 1289 4192 tamen
1344 4139 1653 4194 nonnullam

100 4227 349 4301 imaginem
375 4229 722 4297 fortitudinis,
749 4229 953 4300 jubenti
974 4245 1080 4284 nun
1107 4229 1651 4301 cedereimpcratori:

100 4321 225 4390 cujus
243 4321 321 4377 vel
337 4319 589 4376 humana:
638 4319 811 4374 laudis
857 4319 1106 4375 illecebra
1153 4328 1256 4386 est,
1300 4320 1654 4390 apertissima:

99 4411 429 4468 contradicere
459 4409 706 4466 veritati?
732 4409 840 4464 Cur
881 4408 1078 4464 clausis
1124 4409 1296 4464 oculis
1343 4419 1449 4464 tam
1489 4410 1654 4465 multa

99 4501 150 4558 de
169 4502 444 4574 Scripturis
470 4502 773 4559 testimonia
801 4499 1107 4572 proferunt,
1133 4518 1251 4572 qua:
1280 4502 1546 4558 intellecta
1574 4511 1654 4558 at-

98 4609 180 4664 que
201 4605 377 4652 contra
418 4609 479 4650 se
516 4593 722 4665 prolata
760 4593 1073 4663 repudiant;
1115 4608 1235 4663 qum
1274 4595 1318 4648 si
1362 4593 1652 4649 secundum

99 4699 254 4742 eorum
296 4685 626 4741 intellectum
670 4683 1030 4755 recipiuntur,
1080 4682 1425 4738 nihilominus
1458 4699 1550 4739 eos
1588 4684 1655 4739 de

99 4790 176 4832 sua
216 4778 562 4850 perversitate
607 4776 966 4832 convincunt?
1015 4775 1202 4832 Nonne
1248 4776 1503 4847 scriptum
1550 4785 1652 4842 est,

103 4866 200 4924 Non
235 4869 547 4925 contradicas
588 4868 694 4922 ullo
735 4868 883 4921 modo
919 4867 1117 4922 veritati
1157 4866 1266 4937 (Id.
1295 4884 1368 4935 ιν,
1395 4867 1523 4940 50)?
1559 4867 1654 4924 Cui

102 4969 250 5019 autem
275 4963 377 5018 nisi
406 4961 616 5018 veritati
642 4961 1051 5028 contradicitur,
1078 4976 1197 5016 cum
1237 4961 1395 5016 etiam
1438 4963 1547 5032 regi
1587 4977 1653 5017 ex

103 5051 292 5108 veritate
315 5051 517 5123 aliquid
540 5051 746 5121 jubenti
773 5050 1075 5106 resistitur?
1098 5050 1201 5106 Sed
1239 5067 1332 5107 rex
1369 5051 1530 5108 homo
1565 5054 1654 5123 qui

106 5144 304 5202 minatur
328 5146 413 5202 vel
453 5145 545 5216 qui
589 5143 852 5210 vindicat,
897 5143 964 5198 ad
1006 5153 1213 5214 tempus
1247 5146 1506 5200 molestus
1533 5156 1651 5200 est:

107 5250 193 5291 non
217 5237 288 5294 sic
324 5237 413 5294 ille
438 5238 554 5293 Rex
584 5237 672 5306 qui
711 5237 868 5292 etiam
896 5236 1104 5292 Veritas
1139 5238 1329 5292 dicitur
1347 5279 1363 5305 ,
1389 5237 1480 5309 qui
1513 5254 1655 5294 nunc

107 5341 287 5400 quoque
324 5329 428 5386 illis
469 5343 569 5401 per
610 5327 920 5399 prephetam
950 5329 1177 5394 clamat,
1210 5327 1333 5384 Sine
1357 5345 1508 5384 causa
1535 5346 1652 5400 per-

127 5544 135 5551 _
159 5483 317 5547 ‘Initi,
338 5490 669 5550 proponentes.
715 5485 1016 5536 Divioucnsis
1037 5486 1210 5546 codex,
1235 5498 1536 5550 proponens;
1558 5487 1656 5537 sci-

110 5539 205 5593 licet
230 5539 574 5599 Partuenlanus.

115 5607 325 5715 Ingliditi,
347 5608 499 5661 Sedxi
521 5607 631 5660 licet
666 5606 958 5659 erubescant.
1004 5608 1324 5659 [intendantur
1362 5623 1389 5659 a
1423 5611 1659 5661 Vaticanis

163 5729 180 5760 ³
396 5741 513 5796 Mss.
527 5734 756 5796 omittunt
771 5766 787 5790 ,
810 5730 983 5782 habent
1003 5746 1125 5796 {pro
1139 5747 1235 5796 quo
1262 5733 1455 5784 videtur
1478 5732 1654 5796 legen-

238 5792 382 5862 ltubet.
408 5793 552 5862 Paulo
568 5803 677 5862 post
697 5784 803 5842 loco
820 5830 833 5851 ,
858 5784 1133 5862 nonnullum
1155 5784 1170 5854 ξ
1199 5797 1474 5858 reperimus
1491 5831 1505 5857 ,
1532 5784 1646 5845 7mi-

117 5846 192 5899 ίωη
207 5846 255 5904 iu
273 5861 372 5907 Mss.
399 5859 514 5906 etin
538 5846 752 5907 editione
777 5846 1090 5905 At'nerbachii.

351 5940 570 6002 Saucr.
614 5940 884 5998 Aueusr.
921 5938 1032 5998 1X.

1418 339 1622 396 LIBER
1659 337 1971 398 TERTIUS.

3249 357 3353 416 106

1771 462 1906 517 euasi
1933 462 2066 530 ﬁlios
2100 471 2285 519 vestros
2307 480 2326 530 ;
2351 467 2671 537 disciplinam
2697 482 2798 524 non
2820 481 3112 543 receperunt
3137 472 3351 546 (Jerem.

1768 551 1842 619 it,
1868 552 1980 622 50).
2023 554 2123 622 Qui
2161 564 2441 626 propterea
2479 573 2576 628 per
2599 558 2858 616 humanas
2885 571 3176 632 potestates
3212 584 3356 626 nunc

1767 645 2183 701 misericorditer
2201 647 2469 714 admonet,
2496 666 2564 706 ne
2587 651 2640 706 in
2665 651 2768 708 ﬁne
2792 653 2872 708 sic
2891 656 3144 726 vindicet,
3170 670 3225 713 ut
3245 675 3351 716 non

1767 751 1829 793 se
1867 739 2074 808 possint
2113 741 2326 810 superbi
2367 741 2435 796 de
2471 758 2565 797 sua
2602 744 2939 802 damnatione
2975 749 3197 819 jactare.
3239 752 3355 810 Sub

1767 831 1998 887 vindicta
2022 834 2161 888 enim
2192 849 2375 906 regum
2404 845 2582 906 potest
2607 837 2878 895 hominum
2903 843 3190 910 pertinacia
3217 846 3353 902 falso

1767 921 1985 979 nomine
2019 923 2227 980 virtutis
2268 926 2405 982 velle
2431 925 2668 993 laudari;
2698 931 2912 986 aeternis
2934 943 3110 989 autem
3138 935 3348 1004 ignibus

1766 1015 2130 1084 concremari,
2175 1031 2275 1072 nec
2315 1017 2444 1083 erit,
2479 1032 2578 1073 nec
2616 1020 2892 1076 vocabitur
2929 1022 3200 1080 fortitudo.
3230 1025 3346 1083 Non

1766 1105 1908 1161 enim
1938 1115 2095 1162 erunt
2121 1107 2172 1162 in
2196 1106 2284 1164 die
2309 1108 2398 1163 illa
2420 1109 2507 1180 qui
2533 1121 2691 1180 caput
2715 1121 2912 1182 ungunt
2939 1114 3058 1170 oleo
3082 1115 3347 1173 adulatio-

1767 1199 1872 1265 nis,
1902 1209 1994 1254 aut
2021 1201 2164 1255 varia
2207 1202 2224 1234 ³
2253 1200 2463 1272 decepti
2500 1202 2706 1258 fallacia
2742 1214 3023 1261 coronatos
3067 1211 3339 1266 somnient

1766 1289 2063 1358 damnatos,
2098 1291 2356 1360 dicentes,
2390 1293 2552 1364 Euge,
2589 1309 2753 1365 euge;
2775 1305 2829 1351 et
2861 1296 3104 1367 iurantes
3128 1315 3222 1370 per
3241 1315 3337 1356 ca-

1765 1398 1867 1467 nos
1891 1399 2097 1451 eorum,
2125 1385 2217 1454 qui
2247 1395 2404 1455 caput
2452 1401 2639 1442 sanum
2667 1403 2772 1442 non
2803 1388 3133 1458 habuerunt,
3165 1399 3221 1446 et
3250 1408 3346 1461 per

1767 1490 2054 1546 compages
2079 1478 2100 1508 '
2130 1491 2316 1532 eorum
2342 1479 2428 1548 qui
2456 1478 2594 1533 viam
2645 1479 2789 1549 pacis
2837 1495 2942 1536 non
2994 1489 3346 1554 agnoverunt.

1766 1567 1962 1635 Quales
1987 1568 2167 1624 turbas
2192 1569 2278 1624 isti
2305 1578 2609 1625 avertentes
2635 1585 2667 1625 a
2697 1571 2892 1626 Christi
2927 1552 3152 1640 unitate,
3195 1581 3250 1630 et
3278 1575 3347 1629 ad

1765 1673 1919 1716 suum
1945 1675 2138 1716 nomen
2163 1670 2474 1718 convertere
2494 1662 2787 1732 cupientes,
2817 1663 3029 1720 interim
3075 1674 3346 1735 tempora-

1765 1750 1836 1806 lia
1863 1751 2117 1822 supplicia
2150 1752 2453 1807 schismatis
2482 1754 2562 1807 sui
2591 1753 2837 1809 conferre
2867 1755 3065 1811 audent
3093 1758 3351 1827 passioni-

1763 1841 1862 1898 bus
1886 1851 2206 1913 martyrum,
2237 1852 2293 1898 ut
2317 1843 2398 1899 eis
2422 1859 2700 1914 poenarum
2747 1860 2959 1901 suarum
2990 1849 3223 1904 natalitia
3250 1865 3345 1907 ce-

1764 1934 2040 1990 lebrentur
2089 1951 2282 2006 magno
2324 1946 2590 1992 conventu
2646 1937 2921 1994 hominum
2971 1938 3342 1998 furiosorum:

1763 2040 1991 2097 quorum
2043 2042 2074 2082 e
2106 2042 2328 2083 numero
2357 2028 2429 2082 illi
2461 2038 2587 2083 sunt
2608 2070 2623 2096 ,
2655 2030 2744 2100 qui
2791 2030 2953 2085 etiam
2983 2032 3131 2086 nullo
3157 2048 3342 2104 perse-

1764 2125 1982 2187 quente,
2005 2129 2064 2172 se
2093 2117 2239 2186 ipsos
2259 2117 2399 2172 ultro
2427 2133 2523 2188 per
2553 2119 2813 2174 montium
2844 2120 3069 2192 abrupta
3100 2123 3346 2193 praecipi-

1765 2216 1899 2273 tant,
1960 2216 2018 2262 nt
2055 2209 2248 2263 malam
2277 2209 2443 2264 vitam
2493 2211 2675 2280 pejore
2725 2221 2899 2267 morte
2949 2225 3341 2272 consumment.

1763 2299 1881 2355 Non
1907 2309 2066 2356 erunt
2094 2300 2148 2355 in
2174 2300 2262 2356 die
2298 2300 2387 2355 illa
2442 2301 2618 2356 stultae
2667 2302 2852 2372 plebes
2893 2304 3086 2374 quibus
3140 2305 3343 2374 dicant,

1763 2389 1876 2448 Nos
1903 2406 2086 2446 sumus
2112 2391 2238 2462 justi
2269 2392 2360 2462 qui
2395 2397 2623 2462 patimur
2647 2395 3071 2464 persecutionem
3105 2413 3118 2450 :
3148 2406 3204 2452 ct
3223 2399 3342 2469 qui

1761 2481 1863 2538 bus
1886 2484 2043 2539 caecis
2068 2483 2327 2540 vendatur
2357 2485 2618 2554 reprobus
2657 2485 2790 2555 lapis
2838 2501 2936 2556 pro
2981 2503 3188 2557 gemma
3217 2484 3369 2559 pre-°

1764 2576 1922 2641 tiosa,
1952 2574 2003 2628 id
2031 2582 2131 2641 est,
2164 2575 2392 2629 carnalis
2417 2575 2606 2629 duritia
2649 2590 2748 2646 pro
2774 2577 3036 2646 spirituali
3065 2578 3339 2647 patientia.

1761 2663 1880 2720 Non
1912 2677 2068 2721 erunt
2091 2667 2178 2736 qui
2209 2667 2424 2721 nomina
2448 2667 2747 2738 principum
2787 2667 2982 2723 furoris
3010 2669 3091 2724 sui
3117 2671 3345 2727 recitent

1761 2758 1830 2812 ad
1853 2759 2062 2823 altaria,
2081 2759 2165 2814 vel
2194 2773 2312 2828 qua:
2341 2759 2407 2813 ab
2433 2759 2633 2813 unitate
2668 2758 2866 2813 Christi
2895 2759 3218 2828 diviserunt,
3256 2764 3341 2818 vel

1762 2865 1881 2921 quae
1934 2851 2033 2906 sub
2089 2850 2303 2906 nomine
2354 2849 2550 2905 Christi
2593 2857 2777 2904 contra
2822 2861 3107 2906 erexerunt
3145 2853 3185 2906 ³.
3213 2853 3341 2910 llazc

1766 2941 1911 2996 enim
1940 2950 2064 2996 sunt
2098 2942 2290 3011 pretia,
2323 2956 2440 3011 qua:
2470 2941 2554 2995 isti
2598 2949 2654 2996 ut
2675 2941 2971 3011 accipiant,
3004 2943 3129 2998 dum
3157 2946 3343 3000 volunt

1761 3035 1960 3092 habere
1985 3035 2124 3104 quod
2156 3034 2407 3099 vendant,
2433 3034 2665 3089 excitant
2699 3033 2982 3089 adversum
3007 3049 3066 3090 se
3109 3044 3348 3106 potesta-

1761 3136 1872 3184 tum
1897 3129 2244 3184 sevcritatem
2273 3142 2366 3197 per
2409 3128 2703 3182 animosam
2726 3128 3150 3197 perversitatem,
3176 3144 3242 3184 ne
3264 3129 3342 3184 illi

1760 3220 1853 3292 qui
1878 3220 1944 3275 ab
1975 3221 2053 3274 eis
2081 3219 2405 3274 seducuntur
2429 3261 2443 3286 ,
2475 3227 2528 3272 et
2581 3233 2674 3273 eos
2716 3228 2995 3288 propterea
3022 3220 3197 3289 justos
3241 3236 3344 3291 pu-

1760 3321 1910 3375 tant,
1943 3312 2062 3380 quia
2112 3325 2296 3380 pmnas
2345 3309 2638 3379 iniquitatis
2666 3311 2969 3375 exsolvunt,
3011 3310 3237 3366 redeant
3273 3314 3344 3366 ad

1759 3417 1873 3468 cor,
1902 3410 1956 3456 et
1976 3401 2317 3456 considerent
2337 3415 2502 3470 quare
2531 3400 2801 3470 patiantur
2829 3417 2946 3470 qua:
2969 3417 3029 3457 se
3073 3403 3182 3472 pati
3219 3404 3339 3473 glo-

1759 3492 1965 3548 riantur
1995 3490 2044 3544 ".
2077 3492 2340 3558 Quantum
2370 3490 2512 3544 enim
2555 3499 2671 3544 erat
2707 3499 2764 3545 ut
2791 3492 3061 3560 paululum
3091 3493 3341 3548 adverte-

1759 3593 1880 3639 rent
1919 3583 2040 3638 talia
2088 3584 2266 3638 dicere
2318 3583 2723 3638 Parmenianum
2756 3584 3016 3640 Tichonio
3043 3586 3111 3642 de
3166 3587 3342 3658 perfe-

1759 3677 1940 3732 rendis
2000 3677 2458 3746 persecutionibus
2517 3687 2569 3731 ct
2606 3678 2770 3748 gloria
2817 3679 3131 3749 tolerantiae,
3162 3683 3339 3752 qualia

1760 3767 1942 3822 dicunt
1966 3782 2152 3822 omnes
2177 3767 2435 3834 haeretici,
2463 3767 2531 3823 de
2559 3769 2748 3838 quibus
2786 3772 3094 3827 coercendis
3131 3775 3212 3829 vel
3244 3791 3342 3846 puo

1759 3859 1969 3913 niendis
1993 3859 2184 3913 similia
2207 3874 2387 3929 regum
2413 3859 2563 3928 jussa
2586 3859 2956 3930 proferuntur;
2986 3866 3158 3935 qualia
3189 3879 3339 3924 certe

1759 3950 2182 4007 Membresitanis
2234 3952 2345 4006 suis
2387 3951 2516 4006 dicit
2559 3951 2716 4006 etiam
2759 3953 3002 4022 Salvius,
3055 3958 3138 4011 cui
3166 3967 3342 4015 tantas

1760 4044 2100 4099 Abitincnses
2123 4045 2302 4113 plagas
2323 4045 2735 4098 etcontumclias
2753 4045 3071 4116 intulerunt,
3094 4064 3188 4118 per
3206 4066 3343 4121 quos

1761 4137 1846 4192 isti
1878 4148 2180 4193 meruerant
2227 4146 2285 4191 ut
2311 4137 2378 4192 de
2425 4137 2662 4192 Ecclesia
2697 4139 2985 4208 pelleretur
3024 4141 3065 4208 ⁸,
3113 4152 3170 4196 ut
3221 4144 3340 4213 ejus

1759 4230 1959 4284 cervici
1983 4230 2141 4284 etiam
2171 4238 2502 4283 mortuorum
2524 4243 2712 4282 canum
2731 4229 2985 4285 cadavera
3005 4231 3335 4303 colligarent,

1760 4327 1819 4376 ut
1856 4328 2126 4388 postremo
2146 4333 2266 4373 cum
2297 4319 2387 4372 illo
2413 4317 2478 4372 ad
2514 4327 2694 4387 turpes
2715 4334 2873 4375 voces
2897 4321 3335 4392 cantatioucsqne

1759 4415 2033 4468 saltarent.
2074 4412 2241 4480 Quem
2292 4425 2596 4466 sermonem
2622 4451 2635 4474 ,
2671 4420 3016 4482 posteaquam
3044 4421 3184 4471 tanta
3218 4429 3340 4482 per-

1760 4519 1948 4577 pessus
1995 4513 2110 4570 est,
2142 4519 2263 4558 eum
2314 4511 2562 4572 putamus
2590 4502 2838 4557 habuisse
2865 4518 2986 4558 cum
3022 4504 3166 4570 suis,
3205 4521 3339 4574 quos

1761 4599 1988 4653 miseros
2035 4595 2246 4665 decepit
2275 4604 2332 4648 ut
2370 4595 2591 4649 alteram
2649 4595 2748 4650 sibi
2799 4595 3070 4650 basilicam
3109 4595 3339 4651 fabrica~

1763 4691 1918 4746 rent?
1943 4690 2147 4757 Quanta
2201 4689 2335 4744 dixit
2363 4687 2430 4745 de
2462 4688 2663 4760 justiti-.1
2685 4729 2700 4756 ,
2726 4703 2822 4758 pro
2849 4704 2950 4760 qua
2981 4689 3103 4744 talia
3132 4692 3338 4761 perpeti

1824 4930 1841 4961 ί
1870 4929 2076 4990 Vaticani
2099 4929 2306 4990 codices,
2334 4943 2470 4979 ctum.

1823 4993 1844 5022 ²
1876 4989 2020 5039 Morel
2039 4989 2312 5056 ,tllement.
2344 4994 2519 5051 Critic.,
2539 5003 2664 5056 pag:
2684 4989 2845 5051 18-20,
2866 4992 3036 5053 probat
3058 4992 3338 5056 legendum,

1761 5064 2028 5117 compagos,
2055 5052 2101 5100 id
2126 5060 2201 5102 est
2225 5051 2554 5117 episcoporum
2570 5051 2776 5117 religas.
2819 5051 2876 5117 ut.

1826 5115 1846 5144 ³
1866 5114 1967 5176 Ἀῶ.
1997 5121 2048 5162 et
2071 5121 2175 5163 Mss.
2216 5114 2420 5164 Vaticani
2459 5127 2515 5163 ac
2537 5114 2760 5176 plerique
2783 5115 3032 5174 Gallicani,
3059 5121 3224 5166 contra
3249 5126 3340 5168 Ec-

1759 5174 1958 5239 clesium
1978 5182 2253 5225 erexerunt.
2279 5183 2470 5234 Vocem,
2496 5174 2787 5235 Ecclesium,
2819 5179 2930 5239 quia
2953 5190 2980 5225 a
3005 5176 3207 5238 Belgicis
3233 5187 3338 5229 Mss.

1760 5237 1955 5296 aberat,
1983 5244 2330 5299 cxpuuxerunt
2363 5241 2684 5287 Lovanieuses
2701 5272 2714 5296 ,
2749 5237 2850 5288 aut
2878 5239 2941 5288 sit
2969 5237 3174 5299 sensus,
3199 5257 3222 5284 ι
3263 5242 3337 5290 in-

1760 5300 1957 5363 quiunt,
1992 5316 2014 5344 «
2035 5312 2227 5363 quaeex
2249 5298 2453 5363 adverso
2477 5306 2810 5363 erexerunt.»

1823 5362 1940 5470 ri}:
1962 5358 2167 5470 Vaticani
2193 5370 2298 5410 Mss.
2340 5358 2424 5409 Alii
2450 5374 2568 5410 vero
2591 5374 2700 5410 cum
2725 5361 2883 5422 editis,
2919 5373 3068 5424 quare
3091 5367 3135 5411 et
3157 5375 3266 5424 qua:
3287 5377 3339 5414 se

1843 5435 1858 5470 ι
1881 5435 1911 5470 a
1931 5435 2065 5470 orum
2089 5435 2162 5470 ur.

1843 5429 1858 5471 t
1881 5429 2162 5472 alort'lmlur.

1760 5427 2177 5544 pugilli?
2203 5481 2511 5546 pellerentur.
2566 5485 2917 5546 Lovauienses,
2963 5484 3341 5546 reclamantibus

1762 5546 1876 5609 licet
1887 5553 1990 5595 Mss.
2007 5547 2090 5609 qui
2105 5545 2279 5595 revera
2295 5547 2503 5608 antiquis
2519 5545 2808 5609 editionibus
2821 5545 3150 5609 astipulantur,
3169 5558 3338 5596 emcn-

1759 5608 1954 5678 daruut,
1975 5606 2262 5680 pelleretur;
2283 5609 2394 5680 quia
2410 5606 2473 5680 de
2490 5606 2629 5680 salt'ii
2652 5614 2832 5657 tantum
2852 5606 3136 5680 expulsione
3161 5609 3338 5680 agitur,

1761 5683 1903 5732 quam
1944 5669 2032 5718 iisi
2080 5670 2433 5718 Membresitani
2477 5671 2713 5717 memisse
2740 5682 2826 5730 per
2849 5669 3337 5718 Abitinensesdicun-

1763 5740 1857 5777 tur.
1883 5685 2056 5777 siclib.
2076 5729 2105 5776 4
2121 5738 2286 5777 contra
2307 5734 2629 5777 Cresconium.
2650 5743 2697 5777 η.
2717 5730 2795 5777 59.
2827 5747 2849 5774 ‹ι
2890 5742 2976 5777 per
3011 5741 3170 5777 (tuam.
3197 5747 3217 5774 ιθ
3249 5733 3334 5777 ait.

1763 5729 1857 5782 fur.
1883 5732 1954 5779 sic
1966 5729 2056 5779 lib.
2076 5729 2105 5776 4
2121 5738 2286 5779 contra
2307 5734 2629 5788 Cresconium,
2650 5743 2697 5777 η.
2717 5729 2795 5786 59,
2827 5747 2849 5774 ‹ι
2890 5742 2976 5787 per
3011 5741 3170 5788 quam,
3197 5747 3217 5774 ιθ
3249 5733 3334 5790 ait,

1769 5811 1790 5838 α
1814 5793 2057 5841 civitatem
2080 5794 2278 5840 vicinam
2303 5793 2436 5854 (puta
2465 5791 2809 5896 Al)lllllt?lisel'l2
2847 5789 3104 5848 judicatum
3130 5792 3334 5896 implere

1769 5855 1912 5896 vestri
1929 5861 2232 5896 tiiertmrtml:
2254 5872 2272 5896 ν)
2303 5862 2354 5896 ut
2369 5853 2549 5896 scilicet
2568 5867 2593 5896 ιι
2610 5865 2694 5896 sua
2716 5864 2770 5896 se
2809 5865 2835 5896 ρ
2854 5848 3119 5896 pelleretur
3136 5859 3188 5896 Su
3215 5855 3333 5896 vius.

1763 5855 1912 5905 vestri
1929 5861 2232 5916 meruerunt;
2254 5872 2272 5898 η
2303 5848 2354 5902 ὗῑ
2369 5853 2550 5903 scilicet
2568 5867 2593 5900 a
2610 5865 2694 5900 sua
2716 5848 2835 5898 sede
2854 5848 3119 5910 pelleretur
3136 5848 3333 5903 Salvius.

2098 5976 2135 6012 .
2704 5933 3030 6009 (ρααίνω
