3764 6188
388 390 566 437 autem
588 380 695 437 illic
718 387 861 436 recte
883 379 1068 449 accipi,
1099 379 1284 433 nolunt
1306 377 1477 432 fateri.
1511 377 1710 433 llarum
1740 385 1965 446 quatuor

387 473 766 528 sententiarum
812 481 919 526 tres
965 479 1158 525 nostrae
1205 478 1409 524 tantum
1453 475 1599 535 sunt,
1643 484 1798 522 unam
1843 480 1968 521 vero

385 565 597 634 utrique
623 562 869 618 dicimus.
903 561 1034 616 Nam
1063 575 1180 616 esse
1209 561 1260 614 in
1305 559 1574 616 Catholica
1614 558 1963 627 Baptismum,

387 666 442 713 et
462 667 608 713 recte
637 657 744 711 illic
763 655 951 725 accipi,
992 663 1045 709 et
1071 653 1207 724 apud
1241 653 1542 707 Donatistas
1572 666 1674 705 non
1705 658 1849 705 recte
1869 663 1962 704 ae-

386 746 512 814 eipi,
554 761 649 800 nos
684 753 888 800 tantum
936 743 1162 798 dicimus
1194 762 1209 797 :
1237 757 1356 797 esse
1391 757 1518 797 vero
1559 741 1884 810 Baptismum
1909 748 1964 794 et

386 837 526 907 apud
557 837 878 901 Donatistas,
910 843 963 889 et
990 834 1065 888 illi
1089 842 1352 899 asserunt,
1403 841 1456 887 et
1478 848 1572 888 nos
1601 831 1960 887 concedimus.

385 927 635 998 Quisquis
673 940 802 996 ergo
829 926 940 979 vult
976 923 1250 993 baptizari,
1293 931 1348 978 et
1385 934 1566 977 certus
1603 931 1685 976 est
1727 921 1836 990 jam
1861 920 1962 976 sibi

381 1029 624 1076 nostram
651 1017 942 1073 Eeelesiam
973 1015 1039 1070 ad
1068 1014 1407 1069 ehristianam
1431 1015 1654 1068 salutem
1689 1027 1808 1067 esse
1829 1012 1964 1066 deli-

384 1109 612 1180 gendam
641 1110 680 1173 ⁸,
703 1116 758 1161 et
792 1107 844 1161 in
871 1120 934 1161 ea
967 1106 1077 1160 sola
1126 1105 1379 1175 prodesse
1423 1103 1745 1173 baptismum
1765 1101 1964 1156 Christi

386 1203 593 1258 etiamsi
619 1201 742 1255 alibi
771 1207 1043 1269 acceptum
1080 1198 1265 1258 fuerit;
1298 1197 1390 1252 sed
1419 1196 1540 1251 ideo
1571 1195 1622 1249 in
1675 1202 1824 1264 parte
1855 1196 1962 1249 Do-

387 1295 494 1349 nati
519 1292 626 1347 vult
669 1290 945 1361 baptizari,
977 1289 1100 1359 quia
1137 1303 1256 1343 esse
1303 1288 1374 1341 ibi
1401 1287 1724 1356 Baptismum
1755 1301 1861 1340 non
1888 1285 1963 1340 illi

386 1386 489 1440 soli
538 1398 710 1453 neque
753 1397 850 1437 nos
888 1381 1007 1447 soli,
1053 1379 1146 1434 sed
1177 1380 1388 1448 utrique
1431 1379 1657 1433 dicimus
1688 1377 1964 1433 :attendat

389 1479 494 1533 alia
523 1477 639 1532 tria.
661 1477 718 1531 Si
743 1475 885 1529 enim
923 1490 1020 1528 nos
1042 1473 1199 1543 elegit
1242 1472 1393 1541 sequi
1424 1472 1475 1525 in
1521 1472 1584 1526 iis
1611 1487 1729 1541 quae
1759 1471 1832 1524 illi
1857 1485 1962 1524 non

388 1571 592 1637 dicunt,
634 1584 697 1625 ea
725 1583 853 1623 vero
895 1582 1014 1638 quae
1056 1565 1266 1634 utrique
1305 1564 1550 1629 dicimus,
1594 1563 1852 1633 praeponit
1880 1562 1964 1616 his

387 1679 506 1733 qua:
543 1677 641 1715 nos
695 1661 794 1715 soli
835 1659 1086 1723 dicimus;
1126 1658 1253 1711 satis
1273 1665 1354 1711 est
1382 1656 1533 1709 nobis
1562 1655 1703 1725 quod
1748 1669 1809 1709 ea
1845 1669 1963 1724 quae

385 1754 462 1808 illi
488 1768 591 1811 non
617 1753 818 1818 dicunt,
843 1759 897 1804 et
929 1765 1026 1804 nos
1054 1748 1155 1804 soli
1184 1748 1430 1813 dicimus,
1463 1746 1723 1816 praeponit
1742 1746 1818 1800 eis
1845 1759 1965 1814 qua:

381 1846 465 1901 illi
492 1845 588 1899 soli
617 1844 816 1898 dicunt.
857 1843 986 1896 Esse
1025 1850 1198 1895 autem
1239 1841 1290 1892 in
1321 1839 1589 1892 Catholica
1612 1837 1960 1907 Baptismum,

383 1952 485 1993 nos
511 1937 753 1999 dicimus,
783 1935 856 1989 illi
897 1948 1004 1990 non
1027 1933 1232 1988 dicunt.
1268 1933 1433 1986 Recte
1461 1932 1627 2002 accipi
1673 1931 1725 1984 in
1765 1931 1964 1986 Catho-

386 2029 486 2082 lica
526 2027 876 2098 Baptismum,
922 2039 1021 2079 nos
1075 2024 1322 2089 dicimus,
1351 2023 1427 2076 illi
1457 2037 1563 2076 non
1608 2021 1810 2076 dicunt.
1846 2022 1964 2078 Non

383 2127 530 2175 recte
546 2119 714 2188 accipi
745 2119 796 2172 in
819 2126 969 2188 parte
1005 2116 1193 2170 Donati
1218 2116 1564 2186 Baptismum,
1592 2130 1686 2170 nos
1715 2115 1962 2180 dicimus,

385 2210 462 2264 illi
490 2223 594 2263 non
623 2209 825 2262 dicunt.
873 2207 1167 2275 Sicutergo
1218 2205 1271 2260 id
1301 2206 1474 2274 potius
1502 2204 1673 2259 credit
1699 2204 1837 2274 quod
1869 2219 1966 2258 nos

385 2299 487 2354 soli
511 2298 735 2353 dicimus
784 2312 903 2352 esse
948 2295 1302 2359 credendum;
1349 2296 1418 2349 ita
1446 2295 1547 2348 hoc
1589 2295 1763 2363 potius
1810 2293 1969 2347 faciat

386 2388 528 2459 quod
558 2401 656 2442 nos
691 2387 790 2442 soli
820 2385 1046 2440 dicimus
1078 2399 1196 2440 esse
1238 2383 1555 2440 faciendum.
1605 2383 1757 2450 Quod
1793 2392 1967 2438 autem

389 2481 600 2550 utrique
624 2494 742 2533 esse
789 2475 1110 2532 credendum
1149 2475 1394 2540 dicimus,
1437 2477 1556 2541 hoc,
1583 2475 1626 2529 si
1673 2475 1742 2527 ita
1797 2484 1965 2543 putat,

391 2571 660 2628 robustius
684 2569 884 2634 credat;
927 2584 1081 2640 quam
1110 2568 1161 2623 id
1187 2568 1328 2638 quod
1365 2583 1396 2620 a
1418 2567 1545 2622 solis
1573 2566 1725 2620 nobis
1753 2565 1965 2621 dicitur.

390 2662 679 2718 Iiobustius
702 2663 845 2716 enim
870 2659 1164 2716 crediturus
1186 2669 1267 2714 est
1287 2674 1406 2714 esse
1427 2658 1753 2728 Baptismum
1773 2656 1970 2712 Christi

391 2754 446 2810 in
476 2764 623 2823 parte
665 2752 878 2819 Donati,
921 2751 1059 2820 quod
1098 2751 1164 2806 ab
1188 2751 1425 2820 utrisque
1468 2757 1708 2803 nostrum
1753 2747 1965 2813 dicitur,

389 2862 548 2916 quam
570 2860 690 2900 esse
719 2844 1046 2913 Baptismum
1071 2842 1124 2896 in
1149 2840 1442 2905 Catholica,
1467 2838 1606 2908 quod
1628 2854 1658 2892 a
1692 2837 1971 2893 catholicis

393 2937 761 2994 tantummodo
790 2935 1001 2990 dicitur.
1027 2933 1132 2989 Sed
1162 2947 1344 2987 rursus
1371 2932 1538 3000 magis
1564 2929 1864 2985 crediturus
1889 2935 1974 2983 est

393 3045 515 3087 esse
561 3028 888 3097 Baptismum
937 3025 1134 3080 Christi
1165 3024 1323 3078 etiam
1353 3022 1491 3092 apud
1523 3036 1642 3088 nos,
1689 3020 1830 3092 quod
1874 3036 1972 3076 nos

393 3122 499 3178 soli
523 3120 770 3184 dicimus,
793 3132 950 3188 quam
980 3130 1087 3170 non
1118 3130 1236 3170 esse
1263 3113 1402 3184 apud
1432 3128 1550 3181 nos,
1580 3113 1722 3184 quod
1759 3113 1835 3167 illi
1873 3114 1972 3168 soli

393 3211 594 3269 dicunt.
620 3210 734 3265 Jam
766 3209 907 3264 enim
927 3205 1229 3262 deerevitet
1248 3213 1427 3260 certus
1451 3212 1552 3270 est,
1578 3205 1630 3258 in
1652 3204 1841 3274 quibus
1865 3203 1975 3258 dis-

394 3303 674 3366 sentimus,
709 3315 808 3354 nos
832 3299 938 3353 illis
961 3312 1082 3353 esse
1107 3295 1514 3367 praeponendos.
1556 3294 1632 3349 ita
1653 3310 1799 3364 ergo,
1831 3294 1974 3364 quod

393 3410 496 3451 nos
523 3393 621 3450 soli
647 3392 889 3453 dicimus,
924 3397 1070 3444 recte
1101 3386 1244 3456 apud
1269 3401 1367 3441 nos
1394 3385 1582 3456 accipi,
1611 3385 1780 3456 magis
1799 3385 1974 3440 credi-

393 3498 547 3544 turus
575 3495 675 3552 est,
699 3499 860 3555 quam
885 3498 991 3538 non
1026 3488 1172 3536 recte
1204 3479 1345 3551 apud
1372 3493 1471 3534 nos
1490 3477 1680 3548 accipi,
1723 3478 1845 3547 quia
1871 3477 1974 3531 hoc

394 3581 470 3635 illi
497 3579 596 3634 soli
616 3577 816 3632 dicunt.
850 3573 1050 3628 Eadem
1078 3571 1282 3640 regula,
1306 3569 1447 3640 quod
1479 3583 1576 3623 nos
1601 3569 1703 3623 soli
1723 3569 1970 3634 dicimus,

392 3685 503 3726 non
548 3676 693 3723 recte
743 3664 884 3733 apud
925 3662 1047 3718 illos
1096 3659 1286 3729 accipi,
1337 3658 1504 3728 magis
1541 3658 1837 3712 crediturus
1870 3667 1971 3721 est,

394 3774 554 3831 quam
581 3757 634 3812 id
659 3753 803 3827 quod
830 3753 907 3809 illi
939 3753 1038 3808 soli
1068 3751 1269 3818 dicunt,
1300 3748 1354 3804 id
1381 3758 1484 3817 est,
1507 3757 1654 3804 recte
1678 3749 1817 3818 apud
1857 3749 1974 3804 illos

375 3850 587 3919 ,accipi.
618 3848 835 3904 Frustra
874 3845 1052 3915 itaque
1093 3843 1194 3901 sibi
1246 3841 1453 3896 videtur
1501 3854 1722 3896 securus
1747 3840 1815 3896 ibi
1837 3841 1977 3896 acci-

394 3957 545 4014 pere,
573 3940 715 4011 quod
747 3953 867 3994 esse
904 3935 1118 4008 quidem
1161 3934 1233 3989 ibi
1264 3935 1473 4004 utrique
1516 3933 1760 4000 dicimus,
1785 3932 1878 3988 sed
1900 3931 1973 3987 ibi

395 4048 518 4090 esse
538 4030 906 4102 accipiendum
947 4042 1052 4084 non
1081 4027 1290 4096 utrique
1317 4025 1563 4080 dicimus.
1595 4025 1769 4096 Elegit
1796 4035 1976 4080 autem

396 4126 534 4194 ipse.
557 4124 611 4178 in
639 4137 705 4178 eo
745 4119 886 4192 quod
927 4135 1032 4174 non
1066 4118 1274 4188 utrique
1316 4116 1562 4180 dicimus,
1605 4117 1757 4172 nobis
1803 4117 1975 4186 potius

395 4215 684 4272 inhaerere.
715 4213 810 4266 llic
849 4225 978 4282 ergo
1020 4224 1240 4264 securus
1273 4206 1520 4277 accipiat,
1561 4206 1649 4261 ubi
1701 4215 1899 4262 etesse
1922 4217 1977 4263 et

397 4315 549 4364 recte
599 4303 767 4374 accipi
813 4311 993 4357 certus
1045 4308 1128 4355 est
1157 4316 1170 4353 :
1204 4299 1313 4353 illic
1362 4308 1536 4352 autem
1577 4313 1682 4352 non
1727 4299 1971 4368 accipiat,

396 4397 538 4470 quod
561 4411 682 4452 esse
704 4395 773 4450 ibi
795 4393 1008 4464 quidem
1026 4391 1230 4457 dicunt,
1260 4388 1354 4444 sed
1378 4389 1445 4443 ibi
1473 4389 1835 4458 accipiendum
1857 4405 1977 4445 esse

397 4506 507 4546 non
555 4488 768 4552 dicunt,
819 4499 1043 4554 quorum
1109 4481 1428 4536 sententiam
1477 4480 1713 4535 decrevit
1754 4481 1971 4550 eligere.

399 4583 713 4649 Quanquam
733 4574 894 4630 etiam
931 4573 976 4627 si
1015 4571 1233 4626 dubium
1286 4571 1524 4635 haberet,
1553 4587 1660 4626 non
1689 4571 1798 4626 illic
1831 4581 1977 4628 recte

397 4673 565 4740 accipi
588 4668 729 4740 quod
756 4669 807 4722 in
846 4663 1122 4720 Catholica
1147 4672 1292 4718 recte
1321 4663 1485 4732 accipi
1508 4673 1709 4719 certum
1738 4665 1974 4732 haberet,

380 4763 632 4834 graviter
669 4765 935 4828 peccaret,
959 4757 1013 4810 in
1043 4755 1198 4809 rebus
1225 4753 1291 4807 ad
1321 4754 1544 4809 salutem
1586 4755 1780 4808 animae
1813 4757 1978 4826 perti-

398 4851 676 4917 nentibus,
699 4849 785 4903 vel
807 4863 870 4902 eo
893 4846 1009 4902 solo
1034 4846 1175 4915 quod
1200 4846 1359 4900 certis
1390 4845 1588 4900 incerta
1613 4856 1972 4916 praeponeret.

401 4946 569 5002 Recte
597 4942 792 5012 quippe
818 4938 1086 4993 hominem
1126 4935 1180 4991 in
1206 4937 1445 4992 Ecclesia
1500 4939 1759 4995 catholica
1811 4940 1978 5010 bapti-

400 5035 510 5092 zari
539 5048 604 5089 eo
646 5033 760 5102 ipso
789 5038 966 5085 certus
1008 5038 1109 5095 est,
1163 5030 1303 5099 quod
1338 5031 1494 5085 etiam
1533 5031 1656 5085 alibi
1685 5031 1978 5100 baptizatus

397 5127 507 5181 huc
534 5123 760 5179 transire
782 5120 1032 5177 decrevit.
1064 5119 1179 5174 Non
1216 5129 1361 5174 recte
1398 5128 1573 5174 autem
1621 5121 1759 5188 apud
1800 5121 1976 5178 Dona-

402 5220 554 5273 tistas
587 5216 854 5270 hominem
889 5213 1166 5284 baptizari,
1215 5211 1404 5266 saltem
1453 5210 1713 5266 incertum
1763 5212 1974 5281 habeat,

401 5325 522 5366 cum
553 5307 653 5362 hoc
675 5305 746 5361 illi
767 5305 1206 5374 dieant,qnorum
1228 5301 1543 5357 sententiam
1575 5302 1859 5361 Donatistis
1885 5322 1978 5362 an-

400 5398 755 5472 teponendam
809 5411 926 5452 esse
977 5404 1180 5450 certum
1235 5393 1396 5449 habet
1431 5412 1444 5448 :
1477 5405 1532 5450 et
1570 5396 1784 5453 incertis
1830 5409 1977 5456 certa

401 5491 734 5565 praeferendo
773 5491 856 5544 hic
880 5489 1194 5557 baptizetur,
1236 5488 1324 5543 ubi
1363 5501 1642 5561 prepterea
1689 5503 1866 5549 certus
1895 5505 1979 5550 est

469 5652 485 5685 ι
511 5650 626 5698 mm
649 5684 660 5706 ,
686 5644 994 5710 ditigmdam.
1040 5642 1209 5710 Melius
1231 5645 1589 5710 Lovaniensium
1608 5647 1808 5710 judicio,
1853 5649 1975 5700 deli-

401 5712 604 5777 gmdmn
636 5703 656 5758 :'
678 5717 727 5757 et
757 5703 825 5756 sic
849 5711 988 5755 vetus
1003 5703 1156 5752 codex
1183 5713 1345 5756 noster
1371 5703 1682 5772 hemigianiis.

1131 263 1215 318 DE
1253 259 1590 318 BAPTISMO
1625 258 1900 317 CONTRA
1938 257 2382 328 DONATISTAS,
2422 260 2482 316 S.
2523 259 2888 318 AUGUSTINI

3561 260 3694 318 us
3762 251 3764 342 ς

2079 384 2225 430 recte
2255 375 2390 442 ﬁeri,
2415 376 2536 446 quia
2563 385 2619 432 et
2645 392 2766 432 cum
2814 376 2940 433 alibi
2981 376 3156 432 facere
3193 375 3464 449 cogitabat
3492 379 3532 446 ',
3561 377 3692 436 huc

2076 466 2454 521 transeundum
2481 482 2601 522 esse
2620 467 2948 523 decreverat.

2143 557 2368 615 CAPUT
2408 559 2495 613 IV.
2525 589 2598 600 —-
2639 560 2692 614 5.
2720 559 2835 614 Jam
2863 575 2991 616 vero
3017 561 3061 616 si
3102 561 3222 631 quis
3265 575 3372 616 non
3417 561 3690 633 intelligit

2071 650 2338 719 quomodo
2381 649 2492 705 ﬁeri
2534 651 2731 720 possit,
2763 659 2822 705 ut
2849 651 2989 722 quod
3028 651 3100 707 ibi
3141 666 3263 708 esse
3301 652 3638 709 conﬁtemur
3664 697 3682 719 ,
3762 649 3764 694 ⁵

2070 755 2176 794 non
2204 740 2272 793 ibi
2299 748 2443 795 recte
2472 741 2586 795 dari
2630 741 2901 808 dicamus;
2941 742 3069 796 illud
3097 742 3334 800 attendat
3357 784 3372 810 ,
3414 744 3538 813 quia
3569 760 3687 799 nec

2069 840 2216 886 recte
2240 831 2313 886 ibi
2341 846 2459 887 esse
2483 832 2740 900 dicimus,
2767 833 2910 904 quod
2948 842 2999 888 et
3025 834 3098 889 illi
3124 833 3308 890 dicunt
3355 836 3409 890 in
3451 835 3534 890 his
3577 841 3682 906 qui

2069 922 2138 976 ab
2172 937 2356 978 eorum
2396 924 2770 979 communione
2802 924 3101 980 discedunt.
3148 924 3424 980 lntueatur
3451 929 3474 960 ¹¹
3503 926 3684 982 etiam

2069 1012 2465 1067 similitudinem
2507 1022 2648 1069 notae
2689 1014 2968 1082 militaris,
3000 1015 3122 1086 quia
3159 1024 3311 1072 extra
3340 1016 3594 1072 militiam
3647 1033 3681 1072 a

2069 1101 2430 1158 desertoribus
2467 1113 2523 1159 et
2562 1104 2745 1160 haberi
2786 1113 2842 1160 et
2881 1106 3048 1176 accipi
3091 1115 3300 1176 potest;
3340 1107 3437 1163 sed
3481 1115 3681 1163 tamen

2067 1204 2217 1250 extra
2242 1197 2480 1251 militiam
2508 1211 2606 1252 nec
2628 1197 2867 1253 habenda
2897 1212 2999 1254 nee
3019 1199 3326 1268 accipienda
3356 1208 3461 1268 est,
3494 1210 3550 1254 et
3583 1215 3679 1256 re-
3762 1213 3764 1270 ξ

2068 1287 2226 1343 ducto
2255 1289 2337 1343 vel
2368 1289 2621 1359 perducto
2650 1289 2716 1344 ad
2755 1290 2997 1345 militiam
3026 1305 3126 1346 nee
3151 1292 3403 1346 mutanda
3430 1305 3532 1347 nee
3560 1292 3679 1347 ite-

2067 1379 2234 1434 randa
2275 1390 2376 1434 est.
2405 1380 2784 1436 Verumtamen
2812 1382 2914 1436 alia
2944 1397 3103 1437 causa
3131 1391 3215 1438 est
3242 1397 3431 1438 eorum
3469 1383 3568 1454 qui
3617 1383 3676 1438 in

2069 1469 2199 1523 istos
2229 1468 2508 1524 haereticos
2552 1470 2916 1540 imprudenter
2963 1472 3278 1536 incurrunt,
3325 1473 3497 1543 ipsam
3541 1486 3676 1528 esse

2068 1558 2263 1614 Christi
2294 1561 2584 1616 Eeclesiam
2610 1562 3012 1617 existimantes:
3043 1563 3143 1617 alia
3163 1578 3350 1618 eorum
3375 1565 3467 1634 qui
3494 1577 3674 1619 nove-

2068 1658 2193 1704 runt
2209 1665 2312 1704 non
2326 1666 2443 1706 esse
2459 1652 2770 1707 catholicam
2798 1652 3112 1718 Ecciesiam,
3133 1654 3367 1710 nisieam
3393 1671 3538 1725 quae,
3563 1655 3676 1712 sie-

2069 1751 2125 1796 ut
2163 1743 2424 1812 promissa
2491 1751 2572 1798 est
2596 1783 2612 1811 ,
2656 1752 2766 1799 toto
2806 1753 3067 1800 terrarum
3107 1745 3238 1801 orbe
3266 1745 3588 1803 diﬂ‘unditur
3615 1756 3677 1803 et

2069 1834 2370 1888 extenditur
2399 1849 2567 1904 usque
2599 1834 2667 1889 ad
2694 1835 2829 1892 lines
2860 1843 3044 1902 terra}.
3087 1853 3208 1906 qua:
3246 1852 3498 1894 crescens
3523 1839 3678 1896 inter

2069 1925 2267 1979 zizania
2297 1933 2352 1980 et
2379 1925 2429 1978 in
2459 1925 2616 1980 tzedio
2642 1926 3016 1982 scandalorum
3037 1928 3276 1998 requiem
3302 1929 3535 1985 futuram
3570 1929 3677 1986 de-

2071 2015 2338 2081 siderans,
2368 2015 2496 2070 dicit
2525 2017 2574 2070 in
2605 2017 2830 2071 Psalmis
2850 2059 2864 2083 ,
2895 2017 2938 2070 A
2975 2018 3160 2086 finibus
3196 2028 3343 2075 terrae
3368 2021 3438 2074 ad
3476 2030 3524 2076 te
3555 2020 3677 2076 cla-

2071 2108 2234 2171 mavi;
2265 2109 2384 2160 dum
2411 2109 2611 2164 (arderet
2648 2109 2820 2162 anima
2859 2125 3003 2175 mea,
3039 2110 3094 2163 in
3131 2119 3274 2182 petra
3303 2111 3543 2168 exaltaati
3570 2131 3676 2168 me.

2073 2198 2224 2252 Petra
2253 2207 2427 2253 autem
2454 2209 2569 2254 erat
2597 2199 2838 2255 Christus
2869 2219 2882 2255 :
2907 2202 2958 2256 in
2986 2217 3092 2273 quo
3116 2217 3213 2258 nos
3232 2202 3346 2274 jam
3373 2204 3678 2262 resuscita-

2075 2296 2155 2342 tos
2178 2299 2231 2343 et
2258 2290 2310 2342 in
2336 2291 2471 2344 coelo
2493 2291 2850 2358 considentes,
2879 2291 3010 2348 dicit
3031 2294 3320 2364 Apostolus
3335 2295 3564 2367 (ερΙιεε.
3599 2313 3639 2352 u
3658 2337 3677 2366 ,

2074 2383 2153 2452 6),
2187 2382 2422 2438 nondum
2452 2383 2502 2438 in
2529 2399 2608 2450 re,
2636 2383 2730 2440 sed
2760 2385 2812 2439 in
2840 2399 2955 2455 spe.
2989 2385 3220 2457 ideoque
3243 2388 3486 2458 sequitur
3512 2389 3676 2446 Psai-
3762 2413 3764 2416 ·

2073 2491 2222 2540 mus,
2254 2484 2307 2530 et
2336 2475 2462 2530 dicit
2493 2494 2505 2528 :
2536 2475 2802 2532 Deduxisti
2827 2494 2938 2542 me,
2969 2479 3087 2548 quia
3113 2479 3277 2548 factus
3301 2497 3355 2536 es
3380 2497 3498 2550 spes
3524 2498 3673 2550 mea,

2076 2568 2228 2619 turris
2256 2567 2562 2636 fortitudinis
2586 2584 2616 2620 a
2646 2569 2775 2639 facie
2806 2569 2998 2624 inimici
3024 2569 3194 2640 (Psal.
3220 2587 3288 2626 ιι
3309 2613 3324 2638 ,
3366 2573 3402 2628 5
3426 2615 3441 2638 ,
3476 2572 3560 2645 ι).
3593 2573 3677 2630 Ex
3762 2607 3764 2620 ι

2077 2658 2216 2713 illius
2242 2659 2262 2689 ³
2288 2660 2480 2730 quippe
2518 2662 2957 2730 promissionibus
2983 2673 3228 2735 tanquam
3257 2667 3376 2722 telis
3403 2677 3460 2722 et
3480 2668 3678 2736 jaeuiis

2078 2750 2130 2803 in
2159 2751 2289 2804 turri
2324 2752 2675 2806 munitissima
2713 2754 3046 2822 constitutis,
3077 2772 3182 2811 non
3213 2758 3391 2814 solum
3422 2769 3673 2828 cavetur,
3762 2775 3764 2816 ξ

2079 2840 2172 2894 sed
2210 2841 2367 2894 etiam
2399 2852 2731 2911 expugnatur
2769 2843 3051 2914 inimicus,
3083 2846 3308 2903 induens
3351 2849 3511 2920 lupos
3548 2866 3677 2907 suos

2078 2933 2304 3002 pellibus
2329 2933 2504 2987 ovium
2541 2934 2752 3004 (Matth.
2782 2952 2852 2990 vu
2880 2978 2896 3003 ,
2925 2936 3014 3009 15)
3040 2980 3054 3003 ,
3082 2949 3138 2994 ιιι
3167 2939 3347 2996 dicant
3369 2983 3387 3008 ,
3434 2942 3574 2998 Ecce
3595 2945 3676 2999 hic
3762 2959 3764 2964 '

2079 3033 2151 3077 est
2173 3023 2433 3089 Christus,
2462 3041 2572 3079 ecce
2595 3025 2700 3080 illic
2730 3025 2838 3097 (Id.
2876 3044 3038 3096 xxw,
3078 3029 3210 3100 es);
3239 3033 3386 3088 etab
3413 3035 3679 3091 universi.
3762 3019 3764 3082 i

2079 3125 2188 3170 tate
2211 3115 2439 3172 civitatis
2463 3132 2625 3186 super
2648 3128 2882 3174 montem
2920 3122 3220 3178 constituta:
3240 3165 3255 3190 ,
3281 3123 3348 3178 ad
3385 3127 3677 3195 particulas

2080 3209 2387 3264 insidiarum
2419 3225 2633 3266 suarum
2665 3213 2859 3268 multos
2879 3225 3158 3284 separent,
3188 3225 3243 3272 et
3271 3217 3549 3287 jugulatos
3583 3219 3680 3276 ab-
3762 3203 3764 3244 ³

2080 3310 2310 3356 sumant.
2334 3302 2409 3378 Et
2433 3316 2552 3356 cum
2581 3302 2681 3357 hoc
2711 3304 2952 3359 noverint
2978 3345 2991 3370 ,
3022 3305 3224 3376 eligunt
3252 3318 3406 3362 extra
3435 3325 3675 3366 commu-

2080 3392 2293 3446 nionem
2333 3393 2548 3448 unitatis
2572 3395 2812 3463 corporis
2846 3393 3042 3451 Christi
3067 3397 3310 3468 accipere
3341 3399 3673 3472 Baptismum
3762 3389 3764 3456 ί

2079 3481 2295 3546 Christi,
2328 3483 2394 3537 ad
2421 3483 2664 3538 eamdem
2689 3486 3118 3542 communionem
3140 3503 3262 3542 cum
3285 3503 3354 3543 eo
3379 3490 3529 3558 quod
3551 3490 3674 3546 alibi

2079 3575 2383 3644 acceperint
2427 3585 2607 3645 postea
2653 3578 2948 3648 migraturi.
2981 3578 3223 3636 Scientes
3251 3580 3393 3635 enim
3441 3581 3672 3638 habituri

2080 3676 2207 3722 sunt
2231 3668 2487 3724 adversus
2523 3669 2811 3724 Eeelesiam
2840 3669 3038 3726 Christi
3073 3671 3400 3741 Baptismum
3429 3673 3634 3731 Christi
3655 3716 3671 3742 ,

2081 3761 2163 3816 vel
2192 3777 2256 3817 eo
2286 3762 2403 3831 ipso
2425 3762 2510 3818 die
2533 3777 2636 3833 quo
2661 3763 2945 3834 accipiunt.
2967 3762 3120 3832 Quod
3147 3766 3191 3820 si
3218 3765 3549 3823 sceleratum
3568 3776 3671 3834 est.

2081 3852 2199 3923 quis
2228 3864 2310 3908 est
2345 3854 2433 3923 qui
2473 3853 2648 3918 dicat,
2687 3853 3036 3909 Permittatur
3077 3855 3208 3909 mihi
3245 3870 3351 3910 uno
3379 3856 3470 3913 die
3497 3859 3675 3919 scelus

2080 3946 2398 4002 admittere?
2443 3946 2497 4002 Si
2530 3947 2671 4002 enim
2715 3947 3033 4002 transiturus
3070 3957 3154 4003 est
3193 3947 3260 4004 ad
3299 3948 3670 4016 Catholicam,

2081 4053 2263 4107 quaero
2289 4052 2524 4092 causam.
2562 4037 2700 4106 Quid
2725 4037 2867 4092 aliud
2895 4051 3250 4108 responsurus
3276 4047 3386 4105 est,
3421 4041 3527 4096 nisi
3551 4042 3671 4114 quia

2081 4130 2279 4183 malum
2305 4139 2386 4185 est
2413 4144 2533 4185 esse
2560 4131 2612 4184 in
2639 4139 2787 4198 parte
2813 4130 3023 4198 Donati,
3046 4139 3101 4187 et
3121 4147 3226 4187 non
3249 4147 3369 4189 esse
3397 4134 3452 4188 in
3477 4137 3670 4192 catho-

2080 4219 2180 4273 lica
2209 4219 2447 4274 unitate?
2484 4219 2598 4275 Hoc
2635 4219 2792 4290 igitur
2819 4222 3015 4276 malum
3050 4231 3180 4293 quot
3206 4222 3395 4280 diebus
3435 4224 3669 4293 feceris,

2083 4321 2161 4365 tot
2186 4311 2388 4366 dierum
2418 4311 2617 4366 malum
2655 4311 2889 4368 facturus
2912 4327 2971 4368 es
3006 4321 3100 4370 :et
3123 4314 3226 4370 dici
3256 4324 3469 4385 potest,
3501 4317 3671 4389 majus

2082 4401 2278 4456 malum
2308 4404 2418 4456 tieri
2448 4403 2674 4472 plurium
2706 4402 2934 4468 dierum,
2958 4405 3133 4459 minus
3151 4415 3326 4462 autem
3354 4421 3668 4478 paucorum;

2083 4495 2288 4549 nullum
2341 4505 2516 4551 autem
2573 4496 2771 4552 malum
2824 4497 2978 4565 ﬁeri,
3009 4497 3114 4553 diei
3153 4514 3258 4554 non
3306 4510 3504 4572 potest.
3535 4503 3669 4574 Quid

2085 4596 2265 4640 autem
2319 4602 2452 4656 opus
2501 4595 2584 4642 est
2635 4587 2737 4641 hoc
2784 4595 2890 4641 tam
2958 4589 3284 4644 exsecrabile
3332 4591 3538 4648 malum
3590 4593 3666 4650 vel

2090 4692 2198 4730 uno
2241 4677 2349 4742 die,
2378 4676 2462 4731 vel
2490 4691 2590 4730 una
2619 4675 2751 4731 hora
2795 4678 3166 4734 committere?
3208 4679 3321 4736 Hoc
3371 4684 3517 4740 enim
3581 4684 3666 4756 qui

2084 4768 2183 4823 sibi
2215 4767 2435 4823 concedi
2464 4768 2596 4834 vult,
2619 4777 2793 4839 potest
2836 4768 2903 4823 ab
2924 4770 3159 4826 Ecclesia
3185 4772 3270 4827 vel
3313 4773 3384 4829 ab
3409 4775 3526 4845 ipso
3565 4777 3668 4832 Deo

2083 4872 2282 4931 petere,
2314 4872 2370 4916 ut
2393 4858 2493 4918 sibi
2523 4863 2607 4917 vel
2641 4878 2748 4918 uno
2771 4863 2856 4918 die
2899 4874 3200 4933 apostatare
3223 4868 3504 4924 concedat.
3535 4869 3665 4926 Nam

2083 4969 2178 5008 cur
2231 4955 2387 5008 unius
2417 4953 2520 5011 diei
2573 4971 2693 5011 esse
2736 4964 2972 5024 apostata
3028 4956 3245 5025 timeat,
3273 4967 3331 5013 et
3361 4962 3522 5016 unius
3568 4961 3663 5017 diei

2083 5063 2201 5102 esse
2269 5047 2639 5104 schismaticus
2688 5047 3038 5104 ltazreticusve
3089 5064 3196 5105 non
3262 5050 3470 5120 timeat,
3526 5056 3661 5110 nulla
3762 5083 3764 5086 -

2083 5156 2242 5197 causa
2274 5153 2376 5196 est.

2151 5233 2378 5288 CAPUT
2413 5233 2471 5286 ν.
2499 5262 2570 5272 -
2593 5231 2646 5288 ϐ.
2672 5231 2784 5289 Illic
2806 5274 2821 5299 ,
2849 5233 3050 5305 inquit,
3078 5235 3319 5304 accipere
3353 5237 3520 5292 malui
3542 5279 3557 5303 ,
3579 5235 3660 5292 ubi

2083 5329 2405 5398 Baptismum
2432 5325 2625 5382 Christi
2651 5341 2771 5382 esse
2795 5328 3004 5397 utrique
3033 5329 3390 5383 consentiunt.
3419 5327 3529 5385 Sed
3564 5329 3661 5385 illic

2137 5528 2160 5600 f
2188 5526 2336 5584 Editi,
2384 5521 2502 5572 alibi
2543 5522 2683 5573 aliter
2721 5524 2898 5584 facere.
2941 5524 3104 5584 Abest,
3137 5521 3308 5586 aliter,
3348 5534 3377 5573 a
3398 5535 3658 5577 ωιιςαιο

2081 5597 2192 5652 pus.

2145 5653 2164 5682 ³
2189 5656 2237 5697 In
2259 5655 2363 5697 Mss.
2374 5685 2386 5707 ,
2417 5650 2709 5695 lntueantur.

2149 5714 2168 5743 ³
2191 5713 2259 5759 sic
2281 5705 2382 5758 Mss.
2411 5717 2464 5758 At.
2489 5707 2622 5769 editi,
2648 5715 2718 5758 Ex
2743 5705 2852 5758 illis.
