3764 6174
825 220 877 250 Γ-

108 299 205 360 H3

108 430 201 475 non
221 419 366 471 recte
389 411 567 483 accipi
590 453 605 477 ,
640 409 716 466 illi
750 406 818 465 ad
845 421 980 479 quos
1014 407 1335 478 migraturus
1356 417 1418 461 es
1442 403 1626 459 dicunt
1665 419 1679 455 :

110 515 237 563 recte
254 518 385 561 vero
407 502 527 559 illic
553 499 754 572 accipi,
780 500 910 555 illia
934 496 1128 569 quibus
1157 497 1478 568 migraturus
1520 507 1579 550 es
1604 492 1685 548 di-

108 604 239 655 cunt.
259 592 393 651 illud
414 594 601 664 itaque
617 589 760 662 quod
784 591 838 645 hi
866 588 1069 656 dicunt,
1099 602 1233 659 quos
1255 588 1369 657 ipse
1399 583 1679 656 postponis

107 686 587 748 contradicentibus
613 684 720 741 illis
741 698 874 754 quos
903 682 1016 753 ipse
1038 681 1317 752 anteponis
1333 722 1348 746 ,
1376 686 1468 735 aut
1493 677 1685 733 falsum

108 791 212 848 est,
236 788 326 835 aut
344 819 361 841 ,
391 786 454 833 ut
472 777 656 832 mitius
682 775 887 831 dicatur
908 815 924 842 ,
958 774 1237 830 incertum.
1267 771 1404 828 Vera
1431 785 1560 842 ergo
1581 768 1683 825 fal-

108 874 203 935 eis,
236 880 329 926 aut
356 869 586 926 incertis
614 876 759 922 certa
785 880 1056 936 praepone.
1084 863 1198 919 Illic
1225 863 1366 918 enim
1390 905 1405 927 ,
1436 876 1542 932 quo
1579 860 1683 915 mi-

110 969 337 1033 gratums
361 973 428 1014 es
465 972 590 1013 cum
617 955 745 1010 alibi
784 956 1086 1024 acceperis,
1130 962 1275 1009 recte
1319 967 1475 1023 posse
1515 951 1681 1021 accipi

109 1050 233 1122 quod
271 1047 556 1105 desideras
577 1088 593 1115 ,
624 1061 730 1102 non
769 1045 846 1102 illi
874 1052 1077 1100 tantum
1104 1044 1170 1099 ad
1194 1058 1331 1114 quos
1354 1042 1676 1098 transiturus

110 1160 190 1211 es,
212 1141 305 1199 sed
328 1152 387 1197 tu
412 1141 535 1212 ipse
555 1140 645 1211 qui
670 1139 987 1195 transiturus
1012 1152 1074 1194 es
1116 1135 1406 1193 confiteris.
1447 1134 1506 1192 Si
1538 1134 1684 1191 enim

110 1242 266 1288 utrum
294 1240 446 1288 recte
474 1231 583 1286 illic
620 1236 799 1300 posset
822 1227 992 1297 accipi
1015 1226 1285 1282 dubitares
1305 1267 1321 1294 ,
1351 1226 1513 1282 etiam
1558 1225 1685 1282 illuc

112 1322 482 1380 transeundum
504 1335 624 1377 esse
643 1319 936 1375 dubitares.
963 1318 1223 1389 Accipere
1248 1318 1425 1388 itaque
1452 1318 1506 1373 in
1532 1328 1682 1387 parte

112 1415 312 1482 Donati,
340 1413 389 1470 si
418 1414 685 1469 incertum
712 1420 796 1470 est
822 1425 944 1467 esse
971 1419 1284 1481 peccatum;
1319 1410 1439 1481 quis
1480 1410 1685 1469 dubitet

111 1517 295 1564 certum
319 1521 446 1564 esse
472 1516 752 1578 peccatum
773 1546 789 1572 ,
815 1520 923 1560 non
963 1503 1036 1558 ibi
1072 1503 1250 1574 potius
1285 1503 1560 1574 accipere,
1594 1502 1685 1559 ubi

113 1610 295 1657 eertum
318 1609 404 1656 est
427 1615 540 1656 non
566 1613 685 1654 esse
709 1606 984 1670 peccatum
1000 1597 1026 1650 ‘i
1046 1595 1126 1653 llli
1149 1611 1277 1652 vero
1299 1596 1388 1667 qui
1414 1612 1510 1668 per
1534 1596 1683 1667 igno-

111 1691 316 1748 rantiam
359 1691 436 1747 ibi
476 1690 843 1762 baptizantur,
882 1688 1200 1744 arbitrantes
1236 1688 1404 1759 ipsam
1432 1703 1551 1744 esse
1576 1688 1684 1745 Ee-

114 1785 310 1842 elesiam
335 1782 567 1852 Christi,
593 1784 645 1838 in
671 1783 895 1839 istorum
917 1780 1133 1853 quidem
1153 1781 1551 1852 comparatione
1578 1781 1682 1837 mi~

115 1896 200 1936 nus
226 1888 453 1952 peccant
483 1898 497 1935 :
529 1880 808 1951 sacrilegio
848 1886 1027 1935 tamen
1073 1877 1374 1934 schismatis
1400 1876 1684 1933 vulneran-

117 1982 189 2027 tur
212 1991 226 2028 :
248 1987 354 2027 non
384 1970 517 2027 ideo
540 1986 645 2028 non
672 1971 940 2042 graviter,
984 1970 1128 2041 quod
1170 1971 1258 2026 alii
1282 1969 1514 2042 gravius.
1549 1966 1683 2024 Cum

115 2063 238 2118 enim
263 2062 469 2118 dictum
496 2071 581 2118 est
606 2060 920 2132 quibusdam
937 2102 952 2127 ,
973 2059 1310 2116 Tolerabilius
1328 2061 1420 2114 erit
1445 2059 1684 2115 Sodomis

116 2154 160 2208 in
179 2153 254 2209 die
265 2154 458 2227 judicii
475 2169 629 2225 quam
650 2151 785 2207 vobis
817 2150 1028 2224 (Matth.
1062 2168 1141 2221 ιι,
1170 2150 1262 2223 24)
1283 2169 1297 2220 ;
1320 2165 1423 2207 non
1449 2150 1572 2207 ideo
1596 2150 1681 2206 di-

116 2256 240 2302 ctum
259 2256 339 2304 est
353 2288 370 2314 ,
401 2248 531 2319 quia
553 2246 843 2303 Sodomita:
860 2262 969 2304 non
997 2247 1386 2318 torquebantur
1402 2287 1417 2314 ,
1447 2245 1542 2302 sed
1561 2244 1683 2317 quia

118 2337 180 2393 illi
200 2337 402 2410 gravius
420 2338 829 2410 torquebuntur.

177 2429 222 2483 7.
262 2429 581 2501 Quanquam
624 2430 728 2485 hoc
779 2429 953 2486 fuerat
998 2430 1220 2486 fortasse
1263 2429 1527 2487 occultum
1584 2429 1683 2484 ali-

117 2520 303 2591 quando
329 2530 385 2577 et
419 2521 705 2577 incertum.
737 2520 886 2578 Unde
910 2531 1085 2579 autem
1116 2532 1373 2578 sanantur
1395 2524 1449 2578 hi
1475 2523 1564 2593 qui
1589 2521 1682 2578 ad.

120 2620 305 2671 vertant
344 2621 401 2667 et
442 2611 822 2683 corriguntur,
870 2611 994 2668 inde
1025 2621 1320 2685 gravantur
1348 2613 1402 2666 hi
1443 2613 1683 2683 quicum

120 2699 210 2771 iam
232 2701 474 2774 ignorare
521 2717 628 2758 non
664 2702 1033 2773 permittantur
1055 2743 1071 2769 ,
1102 2703 1157 2756 in
1203 2701 1491 2772 perniciem
1532 2716 1685 2757 suam

122 2793 435 2862 pertinaciter
462 2793 711 2849 szeviunt.
745 2793 1023 2849 Damnatio
1048 2793 1244 2864 quippe
1272 2793 1683 2849 Maximianista—

120 2898 237 2949 rum,
256 2893 307 2940 et
327 2885 571 2956 receptio
597 2885 989 2954 damnatorum,
1013 2900 1133 2940 cum
1161 2884 1246 2940 his
1264 2900 1398 2956 quos
1422 2894 1571 2941 extra
1591 2901 1680 2941 eo.

123 2992 222 3032 rum
244 2978 678 3034 communionem
714 2978 770 3032 in
799 2977 1077 3048 sacrilegio
1098 3018 1113 3044 ,
1136 2977 1272 3032 sicut
1297 2977 1579 3033 concilium
1604 2975 1682 3050 (a)

122 3082 281 3126 eorum
301 3069 521 3137 clamat,
552 3070 608 3125 in
632 3068 920 3125 schismate
948 3068 1303 3139 baptizarunt,
1336 3076 1497 3123 totam
1530 3069 1684 3124 istam

123 3160 259 3216 solvit
280 3161 631 3231 quaestionem
651 3201 668 3227 ,
706 3168 871 3218 totam
901 3159 1297 3216 contentionem
1326 3158 1559 3214 abstulit.
1589 3159 1682 3214 Ni—

122 3249 185 3309 hil
204 3253 413 3309 omnino
453 3254 598 3309 inter
622 3266 720 3307 nos
748 3259 803 3308 et
842 3266 936 3308 eos
970 3252 1270 3307 Donatistas
1299 3253 1387 3322 qui
1414 3251 1684 3307 Primiano

124 3344 498 3401 communicant
521 3343 839 3414 dereliquit,
878 3341 1018 3397 unde
1047 3342 1315 3397 dubitetur
1334 3383 1348 3409 ,
1374 3358 1482 3420 pon
1510 3342 1683 3400 solum

122 3429 317 3503 haberi,
344 3436 438 3493 sed
470 3435 635 3490 etiam
673 3433 786 3490 dari
826 3448 986 3504 posse
1016 3433 1338 3513 Baptismum
1382 3432 1573 3489 Christi
1617 3435 1684 3491 ab

126 3524 295 3596 eisqui
322 3527 390 3583 ab
418 3526 664 3582 Ecclesia
706 3533 1040 3596 separantur.
1086 3525 1403 3581 Sicutcnim
1448 3526 1544 3596 ipsi
1590 3541 1684 3583 eos

126 3629 239 3683 quos
255 3615 555 3673 Felicianus
579 3618 632 3672 in
661 3615 947 3671 schismate
966 3615 1272 3686 baptizavit,
1298 3632 1484 3671 verum
1507 3617 1684 3687 Bapti-

128 3718 276 3763 smum
301 3708 577 3781 accepisse
598 3707 753 3763 fateri
777 3714 1056 3779 coguntur,
1075 3708 1196 3779 quia
1225 3721 1318 3762 eos
1342 3722 1521 3763 secum
1544 3723 1684 3764 nunc

130 3796 300 3856 habent
321 3802 373 3857 in
402 3802 527 3874 ipso
545 3800 817 3872 Baptismo
850 3815 1008 3873 quem
1033 3801 1085 3855 in
1113 3800 1399 3857 schismate
1427 3817 1681 3873 percepe-

129 3898 233 3946 runt
257 3908 272 3948 :
297 3892 373 3949 sic
408 3907 515 3949 nos
549 3891 776 3947 dicimus
802 3891 1130 3963 Baptismum
1155 3892 1351 3949 Christi
1377 3907 1495 3948 esse
1523 3892 1684 3967 etiam

130 3992 256 4039 extra
274 3985 703 4042 communionem
722 3982 1059 4050 catholicam,
1077 4000 1235 4056 quem
1252 3984 1381 4040 dant
1398 3970 1474 4041 illi
1500 3968 1589 4056 qui
1616 3985 1685 4040 ab

132 4072 292 4132 eadem
334 4077 713 4134 cummunione
748 4076 958 4149 praecisi
985 4085 1147 4144 sunt,
1193 4077 1316 4148 quia
1359 4094 1514 4144 eum,
1563 4092 1686 4134 cum

132 4164 549 4235 praeciderentur,
583 4182 689 4223 non
719 4169 1033 4224 amiserunt.
1062 4169 1130 4223 Et
1160 4169 1303 4239 quod
1345 4168 1447 4239 ipsi
1484 4183 1543 4224 se
1589 4184 1688 4239 pu-

131 4259 227 4312 tant
242 4259 529 4315 contulisse
548 4259 655 4315 illis
668 4273 802 4330 quos
815 4258 1115 4315 Felieianus
1136 4258 1188 4315 in
1204 4260 1489 4317 schismate
1509 4262 1684 4331 bapti-

131 4346 278 4415 zavit,
300 4364 421 4405 cum
446 4364 545 4406 eos
564 4350 666 4406 sibi
693 4350 1204 4417 reconciliaverunt;
1235 4351 1290 4407 id
1328 4360 1410 4407 est
1430 4393 1447 4418 ,
1474 4368 1581 4408 non
1627 4364 1687 4410 ut

132 4438 402 4511 acciperent
434 4442 581 4513 quod
618 4458 727 4498 non
751 4441 1049 4510 habebant,
1080 4442 1175 4499 sed
1199 4451 1258 4498 ut
1293 4442 1571 4514 prodesset
1606 4444 1686 4502 eis

132 4529 251 4596 quod
274 4530 532 4590 inutiliter
561 4532 616 4588 in
642 4533 926 4590 schismate
950 4542 1264 4605 acceperant
1290 4543 1342 4589 et
1371 4533 1637 4591 habebant
1665 4554 1679 4591 :

134 4615 219 4674 hoc
235 4636 353 4680 vere
373 4623 586 4681 confert
610 4631 668 4680 et
693 4633 910 4695 praestat
948 4624 1088 4680 Deus
1128 4640 1223 4696 per
1257 4625 1682 4682 communionem

135 4709 421 4772 catholicam
432 4715 546 4771 illis
567 4715 656 4786 qui
684 4716 902 4793 veniunt
921 4716 989 4771 ab
1008 4716 1182 4787 aliqua
1210 4715 1403 4773 haeresi
1425 4718 1508 4772 vel
1536 4718 1681 4773 schi-

135 4811 298 4870 smate,
318 4806 403 4863 ubi
434 4806 762 4876 Baptismum
783 4805 982 4863 Christi
1012 4817 1347 4878 acceperunt;
1372 4808 1422 4863 id
1449 4817 1550 4877 est,
1575 4824 1680 4865 non

138 4890 443 4965 ntBaptisml
469 4906 860 4952 sacramentum
894 4898 1147 4969 incipiant
1171 4898 1368 4955 habere
1396 4899 1539 4970 quod
1576 4914 1682 4956 non

138 4978 403 5057 habebant,
448 4989 548 5047 sed
590 4991 907 5065 utincipiat
943 4991 1022 5047 eis
1058 4991 1311 5062 prodesse
1338 4994 1479 5065 quod
1514 4992 1681 5051 habe-

138 5070 245 5133 bant
264 5082 300 5136 τ.
1010 5072 1013 5073 ⁷

195 5168 397 5234 CAPUT
425 5175 527 5232 Vl.
555 5206 630 5219 --
673 5177 726 5233 8.
770 5177 1103 5249 QuaprOpter
1138 5179 1277 5235 inter
1310 5193 1409 5235 nos
1446 5186 1501 5235 et
1536 5178 1682 5250 ipsos

141 5261 335 5328 quodam
355 5268 518 5324 modo
537 5267 832 5324 cardinales
858 5269 1189 5337 Donatistas,
1224 5282 1447 5340 quorum
1476 5269 1681 5340 episeo-

141 5363 222 5418 ΡΒ
239 5359 367 5427 apud
391 5360 769 5432 Carthaginem
794 5361 1092 5417 Primianus
1119 5371 1237 5427 est,
1264 5361 1374 5432 jam
1399 5362 1466 5418 de
1492 5362 1590 5418 hac
1620 5378 1682 5419 re

144 5441 258 5499 nulla
289 5456 367 5505 est
400 5449 789 5507 controversia.
832 5450 1012 5506 Voluit
1047 5451 1186 5507 enim
1215 5452 1358 5508 Deus
1387 5468 1480 5523 per
1506 5453 1680 5509 Maxi-

143 5532 375 5598 mianistas
400 5558 516 5600 eam
541 5542 704 5610 ﬁniri,
729 5552 787 5599 ut
812 5544 953 5615 quod
974 5543 1231 5602 charitate
1256 5544 1510 5603 suadente
1533 5545 1679 5603 nole-

194 5670 365 5748 Aet
538 5676 668 5742 quod
682 5675 913 5732 ἱηωίαῗλετ
928 5676 1175 5730 habeam.

191 5728 252 5795 (υ)
270 5728 577 5801 Bagaitanum.

1484 285 1687 344 LIBER
1725 282 1997 344 PRIMUS.

3260 296 3369 356 ΗΑ

1788 401 1945 470 bant,
1968 414 2109 458 exen‘
2125 404 2212 474 plo
2231 419 2329 460 suo
2347 413 2569 476 cogente
2592 405 2875 463 fateantur.
2903 402 3010 464 Sed
3034 407 3207 466 adhuc
3245 426 3374 481 pro.

1788 503 1966 563 pterea
2012 494 2136 550 inde
2157 494 2514 566 disputamus,
2541 514 2610 554 ne
2644 498 2719 553 illi
2749 499 2849 556 sibi
2871 500 3150 557 videantur
3169 502 3372 574 aliquid

1789 582 1968 640 dicere
1991 626 2006 650 ,
2050 586 2139 656 qui
2164 601 2264 643 nec
2298 588 2412 643 istis
2436 590 2829 647 communicant
2849 631 2865 657 ,
2904 591 2996 663 qui
3021 591 3162 663 apud
3186 607 3248 649 se
3276 607 3375 665 po-

1790 675 1926 741 tius,
1971 686 2168 746 quanto
2196 678 2498 748 pauciores,
2530 689 2677 738 tanto
2713 682 3029 740 sinceriores
3068 685 3373 743 Donatistas

1788 767 2109 823 remansisse
2135 770 2481 828 contendunt.
2512 771 2612 839 Qui
2637 774 2682 829 si
2710 774 3111 832 Maximianistae
3139 778 3239 832 soli
3276 793 3367 834 es-

1790 868 1943 927 sent,
1974 875 2075 917 nec
2117 862 2350 932 ipsorum
2396 866 2622 921 salutem
2646 876 2986 925 contemnere
3026 869 3370 927 deberemus.

1789 950 1997 1017 Quanto
2021 967 2149 1024 ergo
2178 955 2345 1025 magis
2371 957 2492 1025 quia
2520 957 2706 1014 eadem
2731 972 2855 1028 pars
2891 960 3079 1016 Donati
3121 961 3176 1017 in
3202 964 3371 1019 multa

1788 1043 2138 1101 minutissima
2192 1046 2359 1103 frusta
2396 1050 2608 1106 concisa
2637 1061 2754 1119 est,
2793 1066 2913 1122 qum
2937 1067 3122 1111 omnes
3153 1055 3372 1111 minutae

1788 1135 2059 1205 particulae
2084 1136 2221 1195 hanc
2250 1154 2404 1194 unam
2445 1140 2612 1197 multo
2645 1141 2978 1212 grandiorem
2998 1185 3014 1210 ,
3042 1145 3094 1198 in
3120 1160 3223 1215 qua
3249 1146 3371 1202 Pri-

1790 1225 1998 1281 mianus
2017 1236 2119 1295 est,
2147 1227 2215 1284 de
2234 1237 2449 1300 recepto
2466 1230 2969 1289 Maximianistarum
2996 1234 3268 1305 Baptismo
3288 1218 3372 1294 re-

1788 1318 2158 1389 prehendunt,
2195 1329 2251 1377 et
2288 1322 2510 1393 singulae
2536 1333 2798 1382 conantur
2833 1340 3075 1382 asserere
3095 1369 3110 1395 ,
3140 1328 3279 1399 apud
3308 1345 3372 1386 se

1788 1412 2157 1468 tantummodo
2186 1427 2367 1468 verum
2397 1415 2721 1485 Baptismum
2748 1418 3067 1473 remansisse
3084 1460 3100 1485 ,
3128 1433 3228 1474 nec
3255 1434 3373 1475 om-

1789 1501 1917 1557 nino
1942 1516 2062 1558 esse
2079 1503 2242 1571 alibi,
2268 1520 2368 1561 nec
2392 1505 2445 1560 in
2471 1513 2581 1562 toto
2607 1507 2738 1563 orbe
2765 1516 3158 1579 terrarum'qua
3182 1510 3372 1575 Eccle-

1788 1591 1867 1646 sia
1888 1593 2148 1650 eatholica
2174 1594 2489 1664 expanditur
2512 1639 2528 1664 ,
2559 1611 2660 1653 nec
2680 1598 2733 1652 in
2760 1598 2873 1668 ipsa
2900 1598 3182 1669 grandiore
3219 1610 3373 1670 parte

1787 1683 2012 1750 Donati,
2040 1701 2139 1742 nec
2162 1686 2217 1742 in
2241 1688 2446 1744 caeteris
2475 1698 2668 1758 praeter
2695 1704 2756 1745 se
2778 1705 2935 1745 unam
2965 1706 3029 1746 ex
3060 1691 3370 1749 minutissi-

1787 1776 1891 1831 mis
1914 1777 2188 1847 partibus?
2214 1777 2343 1846 Quae
2371 1794 2555 1834 omnes
2593 1780 2864 1850 particulae
2891 1781 2935 1836 si
2961 1781 3241 1838 advertere
3268 1796 3369 1839 vo.

1786 1867 1982 1924 iuerint
2006 1883 2191 1925 vocem
2216 1884 2324 1924 non
2345 1869 2595 1939 hominis,
2619 1871 2713 1927 sed
2734 1871 2901 1941 ipsius
2921 1872 3370 1931 manifestissime

1788 1958 2025 2015 veritatis
2049 2001 2063 2025 ,
2104 1967 2160 2016 et
2205 1960 2503 2016 animosum
2555 1961 2797 2031 spiritum
2847 1976 2958 2018 sua:
3005 1964 3372 2033 perversitatis

1787 2050 2035 2107 edomare
2058 2092 2073 2118 ,
2097 2066 2202 2106 non
2231 2052 2409 2122 utique
2432 2051 2497 2108 ad
2536 2060 2738 2122 partem
2766 2053 2954 2107 Donati
2984 2053 3238 2123 majorem
3258 2096 3274 2120 ,
3296 2054 3373 2115 de

1786 2158 1890 2215 qua
1917 2144 2138 2215 praecisa
2160 2145 2398 2215 praecisae
2421 2154 2544 2200 sunt
2567 2187 2582 2211 ,
2615 2144 2707 2201 sed
2733 2144 2799 2200 ad
2836 2145 3004 2215 ipsam
3046 2145 3375 2204 viriditatem

1787 2234 1981 2291 radicis
2022 2235 2308 2291 Catholicae
2352 2236 2422 2292 de
2468 2236 2708 2292 ariditate
2755 2238 2966 2308 propria
3011 2247 3370 2294 revertentur.

1788 2326 1985 2383 Omnes
2005 2328 2199 2400 quippe
2220 2329 2307 2383 isti
2348 2329 2434 2383 ubi
2459 2340 2644 2386 contra
2686 2344 2785 2385 nos
2822 2346 2927 2386 non
2954 2338 3106 2398 sunt,
3129 2345 3227 2401 pro
3263 2346 3371 2387 no-

1786 2418 1872 2475 bis
1900 2427 2025 2474 sunt
2062 2436 2075 2473 :
2122 2419 2209 2475 ubi
2236 2427 2411 2475 autem
2441 2420 2715 2477 nobiscum
2743 2436 2847 2476 non
2883 2422 3166 2492 colligunt,
3210 2436 3371 2492 spar-

1786 2520 1934 2582 gunt.
3380 2542 3392 2593 ι

1857 2600 2081 2658 CAPUT
2106 2603 2216 2658 Vll.
2241 2632 2311 2643 ——
2338 2603 2390 2659 9.
2431 2604 2547 2659 Jam
2582 2605 2729 2661 enim
2781 2622 2848 2660 ne
2891 2606 3071 2663 videar
3118 2605 3375 2665 humanis

1788 2695 2111 2766 argumentis
2138 2694 2190 2749 id
2210 2709 2387 2765 agere,
2411 2696 2660 2765 quoniam
2677 2696 2983 2765 quaestionis
3000 2696 3154 2767 hujus
3174 2698 3378 2754 obseu-

1787 2786 1915 2842 ritas
1940 2786 2204 2857 prioribus
2225 2786 2479 2845 Ecclesiae
2509 2787 2840 2856 temporibus
2857 2795 2981 2842 ante
3004 2786 3241 2843 schisma
3261 2786 3372 2847 Do-

1787 2881 1897 2937 nati
1918 2896 2138 2951 magnos
2161 2881 2320 2947 viros,
2346 2889 2402 2935 et
2422 2895 2610 2951 magna
2638 2879 2895 2935 charitate
2918 2880 3170 2951 praeditos
3183 2889 3368 2951 patres

1786 2975 2064 3047 episcopos
2101 2975 2173 3030 ita
2210 2974 2349 3030 inter
2374 2989 2434 3030 se
2457 2973 2712 3044 compulit
2739 2973 2881 3030 salva
2906 2988 3039 3046 pace
3063 2974 3374 3045 disceptare

1786 3075 1944 3140 atque
1969 3066 2245 3131 ﬂuctuare,
2276 3073 2336 3121 ut
2361 3065 2451 3121 diu
2478 3065 2825 3121 conciliorum
2848 3065 2903 3120 in
2927 3065 3039 3122 suis
3065 3066 3375 3149 quibusque

1787 3159 2092 3231 regionibus
2113 3158 2328 3214 diversa
2353 3164 2548 3213 statuta
2576 3156 2899 3225 putaverint,
2925 3157 3098 3214 donec
3127 3159 3379 3229 plenario:

1788 3251 1949 3306 totius
1987 3250 2131 3306 orbis
2158 3250 2405 3316 concilio,
2437 3248 2577 3321 quod
2615 3249 2965 3308 saluberrime
3002 3250 3333 3319 sentiebatur
3344 3289 3376 3319 ,

1787 3343 1948 3400 etiam
1994 3343 2214 3397 remotis
2262 3340 2715 3407 dubitationibus,
2758 3336 3063 3399 ﬁrmaretur
3121 3328 3217 3414 (a):
3244 3362 3265 3399 τ
3300 3358 3375 3403 ex

1787 3435 2083 3511 Evangelia
2101 3434 2313 3505 profero
2337 3441 2483 3490 certa
2505 3433 2859 3498 documenta,
2905 3435 3098 3505 quibus
3124 3436 3383 3492 Domino

1787 3527 2069 3597 adjuvante
2094 3526 2421 3592 demonstro,
2449 3540 2608 3596 quam
2630 3534 2777 3582 recte
2796 3526 3055 3597 placuerit
3072 3536 3126 3584 ct
3139 3544 3265 3587 vere
3284 3543 3389 3587 sea

1787 3617 2019 3673 cundum
2058 3617 2255 3685 Deum,
2298 3623 2354 3670 ut
2391 3615 2490 3670 hoc
2517 3614 2571 3669 in
2610 3630 2874 3685 quoquam
2914 3617 3259 3689 schismatico
3287 3619 3385 3680 vel.

1789 3708 2041 3764 hceretico
2065 3706 2423 3764 ecclesiastica
2470 3706 2731 3762 medicina
2760 3717 2991 3774 curaret,
3021 3709 3073 3763 in
3118 3726 3227 3782 quo
3253 3712 3389 3769 vul-

1787 3815 1918 3857 nere
1942 3800 2285 3871 separabatur
2302 3800 2350 3866 ²;
2380 3798 2509 3854 illud
2538 3808 2712 3854 autem
2734 3798 2873 3869 quod
2888 3814 3078 3873 sanum
3104 3815 3413 3874 maneret,

1787 3892 2021 3965 agnitum
2050 3891 2223 3962 potius
2249 3890 2650 3961 approbaretur,
2681 3904 2840 3961 quam
2869 3890 3223 3962 improbatum
3250 3898 3389 3957 vult-

1788 3992 2084 4043 neraretur.
2109 3984 2267 4040 Certe
2295 3984 2549 4039 Dominus
2573 3983 2625 4038 in
2644 3982 2928 4053 Evangelia
2956 3983 3122 4041 dicit:
3148 3989 3250 4055 Qui
3267 4007 3393 4047 non:

1789 4084 1860 4130 est
1886 4092 2097 4141 mecum,
2119 4075 2383 4130 adversum
2407 4091 2488 4128 me
2509 4082 2615 4140 est;
2645 4083 2691 4128 et
2711 4077 2796 4146 qui
2816 4092 3009 4130 mecum
3030 4094 3133 4133 non
3152 4080 3389 4153 colligit”

1788 4169 2002 4239 spargit.
2031 4166 2230 4225 Tamen
2256 4182 2376 4223 eum
2400 4165 2466 4220 ad
2488 4181 2609 4222 eum
2635 4166 2881 4235 discipuli
2905 4169 3247 4240 retulissent,
3288 4173 3387 4229 vim

1788 4259 1930 4316 disse
1955 4275 2014 4315 se
2042 4258 2326 4330 quemdam
2352 4258 2405 4312 in
2435 4256 2551 4325 ejus
2586 4257 2802 4311 nomine
2840 4258 3129 4327 pellentem
3167 4262 3395 4321 (ἰίιξιιιοο.

1788 4354 1894 4420 nia,
1919 4361 1971 4409 et
1998 4351 2351 4422 prohibuisse,
2379 4349 2502 4420 quia
2536 4362 2654 4402 cum
2684 4348 2784 4402 illis
2800 4364 2933 4403 eum
2968 4365 3073 4406 non
3100 4334 3393 4424 sequeha-l

1791 4456 1877 4501 tur
1907 4464 1921 4501 :
1954 4443 2146 4511 Nolite,
2180 4442 2367 4512 inquit,
2400 4439 2679 4510 prohibere.
2713 4438 2811 4508 Qui
2835 4450 3011 4494 contra
3034 4459 3119 4498 vos
3150 4460 3249 4498 non
3271 4457 3395 4521 est”,

1785 4554 1879 4608 pro
1906 4537 2040 4591 vobis
2063 4544 2156 4590 est.
2177 4532 2296 4589 Non
2316 4542 2472 4605 potest
2504 4532 2635 4587 enim
2679 4533 2941 4603 quisquam
2965 4535 3017 4588 in
3038 4551 3146 4590 meo
3165 4531 3391 4594 nomine:

1787 4635 1954 4702 facere
1980 4627 2190 4701 aliquid,
2216 4636 2261 4681 et
2286 4624 2417 4679 male
2445 4625 2581 4697 loqui
2611 4623 2673 4679 de
2699 4640 2778 4679 me
2803 4624 2821 4697 (
2842 4623 3006 4681 Marc.
3024 4632 3116 4693 'tx,
3140 4626 3229 4691 '58.
3258 4626 3392 4697 '59P;

1787 4732 1832 4777 et
1854 4720 1979 4775 Luc.
2010 4735 2085 4787 rx,
2110 4716 2221 4791 '50).
2246 4717 2303 4774 Si
2332 4715 2462 4771 nihil
2491 4715 2544 4770 in
2572 4716 2663 4772 illo
2688 4716 3064 4789 corrigendum
3096 4726 3215 4774 erat
3238 4733 3386 4785 gae»

1786 4828 1945 4869 curus
1975 4826 2104 4882 ergo
2123 4811 2191 4865 sit
2216 4811 2453 4881 quisquis
2479 4816 2626 4864 extra
2652 4810 3077 4865 communionem
3104 4810 3385 4870 Ecclesia:

1785 4905 2100 4961 constitutus
2140 4901 2339 4972 colligit
2375 4900 2427 4955 in
2467 4899 2665 4955 Christi
2708 4901 2955 4969 nomine,
2986 4901 3378 4962 dissoc‘mtusa:

1786 4997 2070 5053 christiana
2092 4996 2343 5051 societate
2367 5011 2379 5047 :
2403 5003 2561 5063 atque
2602 4993 2672 5046 ita
2706 4992 2894 5047 falsum
2934 4995 3036 5048 erit
3078 4995 3227 5060 illud;
3264 4994 3380 5062 Qui?

1785 5108 1884 5146 non
1912 5099 1984 5144 est
2007 5105 2223 5156 mecum,
2252 5087 2517 5141 adversum
2557 5100 2634 5138 me
2670 5093 2784 5149 est;
2825 5093 2868 5138 et
2903 5085 2987 5154 qui
3032 5104 3130 5139 non
3172 5088 3379 5159 colligit!

1784 5199 1994 5247 mecum,
2037 5180 2248 5251 spargit.
2277 5177 2335 5233 Si
2374 5184 2551 5232 autem
2581 5174 2720 5245 quod
2755 5172 2997 5243 discipuli
3038 5175 3243 5231 Domini
3267 5193 3378 5248 per:

1786 5272 2135 5344 ignorantiam
2166 5268 2341 5323 facere
2371 5266 2687 5329 voluerunt,
2718 5263 2768 5318 id
2802 5264 2856 5319 in
2894 5280 2959 5320 eo
2988 5266 3370 5335 corrigendum

1785 5374 1900 5431 est;
1933 5361 2072 5434 quod
2099 5361 2232 5417 dixit
2262 5357 2518 5414 Dominus
2538 5398 2551 5422 ,
2596 5355 2771 5410 Nolite
2812 5356 3072 5441 prohibere
3099 5371 3118 5410 :
3137 5370 3233 5413 cur
3260 5357 3370 5414 hoc

1785 5459 1896 5528 ipse
1917 5453 2181 5527 prohiberi
2200 5449 2503 5523 prohibuit?
2528 5448 2597 5504 Et
2613 5446 2878 5518 quomodo
2894 5448 2994 5502 erit
3012 5459 3196 5501 verum
3218 5447 3390 5532 quod.

1849 5683 1864 5752 ξ
1893 5678 2227 5752 aliquotttssq
2242 5674 2301 5752 in
2325 5686 2418 5752 σέ.ιο
2434 5666 2790 5752 euagabatur.
3215 5626 3359 5746 ,τὲ

1845 5743 1915 5807 (τι)
1939 5731 2055 5789 Vide
2078 5731 2223 5799 intra,
2242 5731 2400 5797 lil)."2,
2426 5746 2528 5797 (ap.
2548 5731 2598 5781 9.
