3802 6122
65 213 150 272 m
509 231 521 242 .
705 167 708 170 ”
917 155 920 158 ’
1403 197 1604 257 LIBER
1643 193 1912 258 PRIMUS.

68 352 85 386 ι
111 339 228 387 euut
259 309 308 384 ει-
321 309 481 384 nobis
505 325 571 382 ad
610 338 737 392 vos,
781 337 902 379 cum
929 319 1066 392 apud
1093 335 1192 377 nos
1223 318 1418 376 fuerint
1455 317 1630 388 bapti-

69 444 85 475 ι
116 421 227 488 zati,
246 420 292 476 si
321 418 560 492 nondum
585 418 693 472 nati
719 415 876 472 sunt?
915 435 932 466 ι
1615 401 1630 464 3

124 515 202 570 ιι.
241 513 402 584 Quasi
433 527 562 568 vero
591 527 658 567 ex
682 510 786 585 hoc.
813 515 1031 580 generet
1069 505 1210 570 unde
1253 510 1494 585 separata
1526 509 1631 580 csr,

63 620 226 666 etnon
256 582 323 662 ex
347 605 453 661 hoc
482 603 621 668 unde
648 583 933 680 cenjuneta
955 609 1055 656 est.
1097 582 1352 672 Separata
1380 607 1461 652 est
1487 596 1628 664 enim

63 697 304 753 arineulo
330 696 610 752 charitatis
654 702 707 750 et
740 694 908 765 pacis,
945 691 1038 756 sed
1087 691 1260 762 juncta
1309 694 1390 744 est
1425 687 1476 740 in
1525 702 1631 741 uno

65 794 381 863 Baptismate.
409 790 591 861 Itaque
619 791 828 864 est’una
854 785 1114 862 Ecclesia,
1146 799 1263 854 qua:
1287 781 1399 838 sola
1428 779 1630 835 Catho-

3225 205 3331 270 "8

1745 324 1920 372 tamen
1939 315 2182 372 eamdem
2211 313 2575 380 hsereditatem
2598 315 2930 401 sumentibus
2953 317 3064 394 (Id.
3089 334 3222 388 xxx,
3247 321 3330 398 ὅ).
3357 383 3362 388 ς

1742 409 1840 476 Qui
1862 418 2037 464 autem
2066 409 2132 464 de
2159 417 2312 464 utero
2339 409 2506 481 ipsius
2528 410 2716 465 matris
2737 410 2879 466 intus
2903 411 2956 466 in
2972 413 3174 468 unitate
3190 414 3328 481 nati,

1741 501 2011 572 negligunt
2032 501 2255 572 gratiam
2277 517 2434 572 quam
2457 511 2798 574 acceperunt,
2819 503 3022 562 similes
3043 515 3166 561 sunt
3181 505 3326 561 Esau

1743 591 1850 646 filio
1890 592 2054 660 lsaac,
2086 593 2176 664 qui
2203 593 2516 664 reprobatus
2559 604 2670 660 est,
2721 595 2829 651 Deo
2855 604 3140 654 attestante
3169 597 3332 652 etdi-

1741 691 1916 749 cente,
1934 681 2096 737 Jacob
2122 683 2298 750 dilexi,
2322 682 2464 738 Esau
2489 694 2656 738 autem
2677 685 2792 747 odio
2811 685 2962 740 habui
2983 703 3001 740 :
3029 702 3150 748 cum
3169 687 3328 742 ambo

1740 789 1805 830 ex
1839 789 1947 830 uno
1978 775 2265 832 concubitu
2302 777 2564 848 concepti,
2607 792 2670 832 ex
2717 794 2822 834 uno
2865 788 3019 836 utero
3065 781 3174 836 nati
3223 781 3332 836 sint

65 886 146 940 lica
169 883 473 948 nominatur
489 857 584 950 {et
608 859 862 952 quidquid
907 892 1061 932 suum
1099 857 1267 928 habet
1298 873 1351 926 in
1379 885 1624 934 commu-

65 976 286 1033 nionibus
306 975 641 1031 diversorum
671 989 700 1028 a
727 987 821 1036 sua
852 955 1056 1028 unitate
1082 965 1340 1044 separatis
1357 1009 1370 1032 ,
1393 978 1490 1033 per
1521 963 1620 1016 hoc

64 1068 180 1140 quod
205 1084 358 1125 suum
411 1068 466 1122 in
513 1063 591 1142 eis
640 1065 818 1132 habet,
859 1065 972 1146 ipsa
1019 1062 1200 1134 utique
1243 1065 1480 1132 generat,
1523 1068 1631 1108 non

66 1163 168 1216 illm.
198 1160 378 1233 Neque
405 1159 552 1224 enim
591 1157 855 1230 separatio
885 1169 1066 1213 carum
1093 1159 1332 1226 generat,
1362 1147 1454 1204 sed
1485 1147 1629 1219 quod

65 1268 218 1320 secum
254 1251 322 1308 de
363 1253 465 1309 ista
496 1253 782 1324 tenuerunt
815 1245 1000 1324 :quod
1025 1245 1069 1300 si
1113 1253 1168 1300 et
1208 1243 1310 1297 hoc
1340 1241 1625 1306 dimittant,

66 1343 252 1406 omnino
270 1359 375 1412 non
393 1350 671 1416 generant.
693 1339 819 1396 llzec
844 1339 1024 1410 itaque
1049 1337 1101 1391 in
1120 1335 1364 1400 omnibus
1389 1340 1627 1403 generat,

67 1435 193 1506 cujus
219 1433 566 1506 Sacramenta
593 1433 909 1498 retinentur,
942 1428 1082 1486 unde
1111 1430 1277 1498 possit
1305 1425 1412 1481 tale
1435 1423 1630 1495 aliquid

67 1529 356 1602 ubicumque
376 1527 625 1602 generari
653 1544 665 1580 :
691 1523 932 1598 quamvis
963 1537 1070 1576 non
1095 1535 1281 1577 omnes
1307 1533 1440 1590 quos
1469 1531 1631 1598 gene-

69 1631 133 1676 rat
157 1620 216 1675 ad
245 1620 361 1692 ejus
392 1623 699 1691 pertineant
726 1617 1005 1682 unitatem,
1044 1630 1162 1686 qua:
1191 1627 1358 1683 Usque
1390 1611 1440 1665 in
1471 1610 1630 1666 linem

69 1724 446 1786 perseverantes
487 1712 730 1776 salvabit.
761 1709 947 1781 Neque
987 1709 1127 1763 enim
1174 1705 1228 1760 hi
1262 1705 1362 1760 soli
1404 1702 1470 1760 ad
1512 1717 1628 1757 eam

70 1822 156 1864 non
183 1807 469 1878 pertinent,
493 1805 581 1877 qui
617 1801 974 1875 separationis
1002 1808 1186 1871 aperto
1212 1797 1490 1870 sacrilegio
1521 1812 1632 1849 ma-

71 1898 217 1966 nifesti
241 1909 394 1963 sunt;
429 1899 526 1954 sed
559 1899 717 1953 etiam
746 1895 820 1963 illi
839 1897 926 1967 qui
955 1894 1006 1948 in
1029 1893 1144 1964 ejus
1164 1891 1364 1947 unitate
1389 1904 1634 1960 corpora-

71 1991 167 2046 liter
190 1990 334 2045 mixti
367 2005 467 2067 per
507 1990 674 2044 vitam
719 1987 1002 2059 pessimam
1049 1989 1380 2054 separantur.
1422 1980 1631 2035 Etenim

70 2083 311 2138 Simonem
352 2096 570 2154 magum
614 2095 708 2150 per
748 2078 1017 2148 Baptisma
1059 2076 1170 2150 ipsa
1199 2081 1475 2146 pepererat
1505 2090 1517 2123 :
1546 2070 1633 2126 cui

73 2185 218 2230 tamen
235 2175 435 2238 dictum
469 2183 571 2241 est,
598 2171 740 2244 quod
765 2187 868 2240 non
900 2170 1120 2225 haberet
1150 2178 1352 2238 partem
1387 2167 1440 2220 in
1471 2165 1635 2220 haere-

71 2265 206 2322 ditate
229 2263 424 2322 Christi
459 2263 596 2340 (Act.
625 2280 734 2332 vm,
771 2263 857 2331 15,
917 2260 1030 2335 21).
1076 2259 1346 2332 Numquid
1376 2259 1422 2316 ei
1455 2259 1633 2328 Bapti—

71 2373 213 2427 smus,
234 2357 490 2430 numquid
516 2356 882 2430 Evangelium,
909 2353 1164 2426 numquid
1183 2353 1522 2414 Sacramenta
1540 2351 1634 2410 de-

71 2452 284 2508 fuerunt?
308 2452 415 2509 Sed
439 2452 527 2508 cui
557 2451 792 2518 charitas
822 2449 1008 2516 defuit,
1039 2447 1233 2502 frustra
1261 2455 1418 2510 natus
1449 2434 1550 2510 est,
1581 2454 1634 2500 et

73 2545 108 2598 ei
126 2543 422 2614 expediebat
471 2543 696 2598 fortasse
725 2557 830 2596 non
863 2539 1028 2596 nasci.
1058 2535 1321 2608 Numquid
1347 2552 1451 2591 non
1483 2545 1635 2594 erant

73 2637 160 2692 nati
185 2637 368 2708 quibus
390 2635 685 2706 Apostolus
706 2632 852 2699 dicit,
880 2630 1140 2701 Tanquam
1170 2629 1393 2699 parvulis
1415 2631 1467 2682 in
1489 2627 1636 2682 Chri-

73 2741 133 2783 sto
156 2732 225 2785 lac
247 2729 382 2795 vobis
407 2741 584 2801 potum
612 2728 749 2795 dedi,
774 2741 874 2781 non
912 2740 1074 2780 escam
1093 2722 1119 2776 ?
1147 2722 1255 2778 Eos
1285 2729 1462 2777 tamen
1493 2736 1522 2776 ξι
1549 2735 1635 2777 sa-

75 2822 261 2895 crilegio
296 2822 608 2880 schismatis
649 2827 902 2884 revocat,
935 2819 987 2872 in
1015 2814 1157 2886 quod
1188 2815 1308 2870 ideo
1335 2814 1632 2883 irruebant,

77 2917 174 2985 quia
199 2917 438 2976 carnales
459 2923 614 2971 erant
645 2933 657 2969 :
689 2913 850 2981 Quasi
869 2911 1117 2984 parvulis,
1145 2909 1336 2980 inquit,
1366 2909 1420 2963 in
1437 2907 1636 2964 Christo

78 3007 137 3060 lac
157 3009 282 3066 vobis
310 3019 489 3081 potum
518 3007 666 3073 dedi,
709 3023 811 3061 non
841 3022 1005 3062 escam
1026 3019 1047 3069 ;
1084 3004 1309 3060 nondum
1338 3003 1470 3058 enim
1497 3012 1638 3075 pote.

76 3104 174 3178 ratis
197 3104 320 3160 :scd
356 3119 455 3160 nec
495 3102 662 3158 adhuc
705 3099 905 3171 quidem
945 3098 1181 3170 potestis;
1228 3096 1462 3152 carnales
1505 3098 1638 3152 enim

79 3197 172 3252 estis
195 3197 375 3252 adhuc.
405 3193 540 3254 Cum
564 3194 698 3250 enim
725 3193 826 3250 sint
867 3192 998 3246 inter
1036 3206 1122 3245 vos
1149 3188 1408 3244 azmulatio
1437 3197 1484 3243 et
1511 3205 1637 3243 con-

80 3289 226 3358 tentio,
252 3305 418 3346 nonne
442 3286 673 3354 carnales
698 3285 836 3352 estis,
865 3291 911 3338 et
948 3281 1224 3338 secundum
1253 3282 1506 3336 hominem
1525 3299 1640 3336 am-

79 3381 270 3437 bulatis?
295 3379 424 3439 Cum
453 3381 585 3450 enim
619 3379 729 3450 quis
752 3378 906 3444 dicat,
935 3374 1271 3448 Egoquidem
1307 3392 1420 3430 sum
1442 3373 1598 3429 Pauli
1619 3389 1640 3439 ;

79 3472 185 3536 alius
208 3481 392 3540 autem,
426 3468 541 3542 Ego
568 3469 792 3542 Apollo;
827 3483 994 3522 nonne
1038 3466 1264 3521 homines
1289 3466 1405 3520 estis
1433 3463 1452 3538 (
1478 3463 1637 3519 ICor.

80 3580 140 3628 ιιι,
161 3565 304 3638 1-4)⁴Ρ
327 3566 410 3636 De
438 3563 524 3628 his
543 3564 686 3620 enim
715 3577 879 3632 supra
906 3560 1035 3617 dicit
1065 3576 1078 3612 :
1114 3558 1329 3614 Obsecro
1347 3569 1640 3627 antemnas,

83 3661 256 3727 fratres,
291 3675 380 3728 per
397 3673 587 3734 ,npmen
612 3654 818 3725 Domini
836 3653 994 3718 nostri
1018 3651 1142 3718 Jesu
1168 3650 1385 3718 Christi,
1421 3661 1475 3716 ut
1503 3650 1641 3722 idip-

84 3765 178 3804 sum
201 3750 378 3816 dicatis
408 3765 604 3819 omnes,
637 3757 684 3802 et
706 3764 808 3802 non
832 3747 931 3802 sint
969 3747 1024 3811 in
1045 3746 1182 3800 vobis
1207 3745 1511 3809 schismata;
1535 3743 1645 3799 sitis

82 3850 221 3896 autem
259 3841 472 3914 perfecti
508 3841 562 3894 in
585 3842 761 3895 eodem
805 3854 956 3901 sensu
990 3847 1037 3892 et
1078 3838 1130 3891 in
1175 3838 1347 3892 eadem
1376 3838 1638 3900 sententia,

85 3929 470 4004 Nuntiatumest
488 3932 622 3988 enim
651 3930 777 3986 mihi
816 3929 879 3985 de
921 3928 1086 3995 vobis,
1120 3931 1304 4000 fratres
1333 3928 1448 3994 mei,
1479 3927 1540 3982 ab
1567 3929 1646 3983 his

81 4025 152 4093 qui
172 4034 280 4095 sunt
303 4024 525 4094 Chloris,
551 4023 671 4094 quia
712 4021 1054 4078 contentiones
1093 4020 1290 4074 suntin
1335 4019 1489 4074 vobis.
1531 4017 1646 4073 Hoc

82 4131 226 4186 autem
247 4105 384 4188 dico,
402 4119 527 4190 quia
555 4116 895 4188 unusquisque
915 4121 1132 4182 vestrum
1149 4113 1292 4179 dicit,
1316 4109 1428 4182 Ego
1448 4110 1648 4181 quidem

82 4226 176 4264 sum
199 4209 368 4280 Rutili,
403 4227 510 4283 ego.
535 4218 712 4266 autem.
730 4207 938 4280 Apollo,
986 4222 1076 4278 ego
1104 4204 1310 4275 Cephea,
1353 4220 1443 4275 ego
1478 4212 1650 4268 autem

83 4303 270 4370 Christi.
291 4306 502 4372 Divinis
527 4315 600 4364 est
641 4299 916 4366 Christus?
947 4297 1220 4369 Numquid,
1249 4297 1441 4356 Paulus
1480 4297 1648 4351 cruci-

85 4396 294 4462 ﬁxum
321 4415 420 4470 pro.
447 4396 601 4460 nobis,
634 4404 721 4448 aut
750 4393 803 4448 in
847 4389 1229 4453 nominePanli
1258 4387 1498 4458 baptisati
1534 4387 1650 4442 est-is

87 4486 181 4556 (Id.
203 4504 244 4557 1,
272 4488 504 4560 ΠΜὸΠ
529 4486 623 4552 isti
649 4501 778 4558 ergo
805 4484 850 4546 si
871 4482 924 4542 in
953 4483 1058 4546 hac
1075 4479 1438 4545 obstinatione
1455 4485 1649 4546 etper-

89 4579 338 4646 versitase.
361 4585 725 4646 remanerent.
767 4584 920 4640 certe
953 4572 1171 4644 quidem
1211 4571 1327 4634 nati.
1349 4577 1525 4638 erant.
1551 4583 1651 4637 τιβο

89 4669 336 4734 tamensed
383 4671 570 4748 ipsam.
601 4666 900 4734 Ecclesiae;
939 4663 1026 4730 de,
1051 4678 1151 4734 qua
1200 4660 1326 4730 nati.
1353 4669 1526 4729 erant.
1555 4674 1652 4733 per

89 4761 394 4834 pacis-asque
419 4761 638 4828 unitatis
666 4757 938 4825 vinculum
965 4755 1312 4827 pen-timent:
1359 4753 1501 4824 Em
1538 4753 1660 4823 ipsa;

91 4865 312 4923 generata.
323 4862 719 4927 etpeeuterm
731 4866 912 4916 suum.
935 4859 1105 4920 eum
1315 4846 1652 4914 ancillarum.

91 4961 142 5001 ex
169 4949 360 5005 eisdem
386 4947 766 5014 Saeramentis,
792 4955 1041 5015 tanquam
1085 4957 1151 4997 ex
1192 4941 1291 4996 viri
1322 4941 1404 5004 sui
1425 4939 1649 5005 semine.

92 5038 190 5097 Non
212 5039 749 5105 manusua-dicit
794 5035 1106 5107 Apostolus.
1147 5033 1334 5095 omnia.
1368 5032 1459 5095 illa
1498 5030 1652 5096 ialir

93 5146 204 5200 gnra
243 5149 364 5192 esse
405 5142 554 5206 gesta
589 5133 605 5208 (
637 5130 721 5187 Id.
751 5145 810 5195 χ,
844 5130 905 5208 ll
933 5128 972 5200 ).
1005 5126 1110 5208 Sed
1138 5125 1227 5195 qui
1257 5122 1573 5194 superbiant
1598 5129 1652 5176 et

94 5221 320 5298 legitimae
348 5203 1032 5296 matrinonadjunguntur,
1057 5203 1392 5277 similessunt
1416 5216 1649 5285 lsmaeli,

94 5317 152 5374 de
168 5334 268 5391 quo
292 5321 510 5386 dictum.
521 5328 642 5377 est:
677 5317 821 5389 Ejice
845 5315 1096 5372 armillam.
1109 5322 1154 5370 et
1180 5313 1346 5381 ﬁlium
1368 5311 1520 5382 ejus;
1551 5325 1651 5363 non

95 5411 384 5480 enimth
402 5411 656 5482 criti/ilius
680 5409 881 5482 ancilla:
909 5422 1022 5460 cum
1047 5403 1158 5474 filio
1175 5418 1283 5456 meo
1320 5399 1468 5456 Isaac
1499 5397 1648 5471 (Gen.

97 5518 192 5570 ιιι,
219 5489 328 5578 lli).
358 5491 457 5572 Qui
482 5512 657 5558 autem
687 5495 904 5574 pacifica
921 5498 1148 5569 diligunt
1172 5493 1461 5565 legitimam
1489 5491 1653 5562 patris

97 5594 166 5649 sui
188 5585 485 5684 coniugem,
513 5592 666 5676 cujus
695 5592 932 5666 legitimo
958 5590 1077 5660 jure
1121 5586 1360 5660 generati
1401 5592 1556 5654 sunt,
1588 5582 1654 5637 si-

99 5673 380 5745 miles-sunt
415 5688 535 5746 ﬁliis
559 5673 740 5754 Iacob,
771 5683 1011 5757 quamvis
1034 5683 1102 5741 de
1130 5683 1336 5740 ancillis
1365 5680 1522 5744 natis,
1555 5677 1647 5734 sed

1745 853 1996 940 (Malae/1.
2029 869 2067 933 i,
2095 868 2151 935 2,
2181 870 2244 934 5;
2276 877 2322 923 et
2350 867 2476 922 Gen.
2510 883 2635 934 xxv,
2655 867 2772 938 24).

1809 961 2034 1019 CAPUT
2072 962 2162 1024 XI.
2193 993 2265 1005 ——
2296 962 2382 1022 15.
2415 962 2676 1030 Qutcrunt
2697 963 2876 1031 etiam,
2917 973 3092 1026 utrum,
3121 975 3328 1036 peccata

1740 1055 2058 1109 dimittantur
2085 1072 2173 1127 per
2189 1054 2512 1126 Baptismum
2532 1056 2584 1109 in
2611 1063 2755 1126 parte
2779 1049 2969 1122 Donati
2994 1074 3010 1110 :
3039 1066 3094 1112 ut
3113 1058 3158 1112 si
3175 1059 3327 1115 dixe—
3381 1045 3401 1120 ςῖ

1738 1147 1906 1202 rimus
1953 1145 2180 1212 dimitti,
2228 1145 2629 1218 respondeant,
2681 1146 2823 1218 Ergo
2853 1156 2936 1202 est
2963 1147 3068 1209 illic
3097 1147 3331 1218 Spiritus

1734 1248 1982 1304 sanctus;
2031 1240 2152 1313 quia
2200 1254 2324 1306 cum
2378 1239 2692 1298 iusulllaute.
2734 1241 2958 1302 Domino
3001 1241 3156 1300 datus
3186 1252 3331 1304 esset

1738 1332 2009 1404 discipulis
2030 1374 2044 1400 ,
2075 1341 2200 1390 tunc
2226 1340 2444 1389 secutus
2472 1340 2554 1388 est
2581 1341 2634 1388 et
2660 1333 2732 1389 ait
2757 1350 2768 1387 :
2800 1332 3063 1404 Baptizate
3082 1344 3250 1404 gentes
3277 1335 3332 1388 in

1738 1424 1938 1477 nomine
1967 1421 2136 1477 Patris
2161 1431 2204 1476 et
2228 1419 2355 1476 Filii
2382 1432 2426 1476 et
2456 1421 2678 1494 Spiritus
2708 1423 2868 1480 sancti
2891 1421 3107 1494 (Matth.
3139 1440 3329 1491 xxvm,

1739 1515 1874 1598 19))
1907 1516 1952 1570 si
1980 1517 2059 1570 cui
2105 1516 2392 1571 dimiseritis
2437 1525 2669 1587 peccata,
2724 1516 3034 1573 dimittantur
3073 1519 3152 1581 ei;
3177 1517 3222 1571 si
3250 1517 3352 1581 cui

1737 1610 2011 1680 tenueritis,
2046 1611 2340 1667 tenebunt-ur
2367 1608 2546 1681 (Joan.
2577 1627 2666 1675 xx,
2695 1609 2786 1678 2‘2,
2817 1609 2930 1681 ‘25).
2965 1609 3094 1665 Etsi
3124 1611 3192 1664 ita
3224 1620 3329 1677 est,

1737 1700 2003 1783 inquiunt,
2036 1701 2340 1758 communio
2371 1710 2551 1770 nostra
2580 1710 2663 1756 est
2693 1701 2930 1756 Ecclesia
2960 1701 3152 1756 Christi
3179 1719 3192 1756 :
3221 1717 3331 1757 non

1736 1795 1878 1850 enim
1911 1805 2104 1866 praeter
2133 1793 2427 1861 Ecclesiam
2450 1794 2816 1858 dimissionem
2845 1803 3185 1866 peccatorum
3208 1794 3332 1864 Spi-

1738 1889 1871 1950 ritus
1895 1898 2110 1954 sanctus
2138 1898 2406 1960 operatur.
2461 1887 2528 1942 Et
2580 1887 2626 1952 si
2676 1895 2856 1942 nostra
2901 1888 3210 1958 communio
3247 1895 3332 1943 est

1738 1983 1974 2048 Ecclesia
1994 1983 2212 2049 Christi,
2237 1998 2342 2036 non
2368 1989 2449 2037 est
2479 1979 2715 2048 Ecclesia
2744 1979 2939 2050 Christi
2973 1989 3149 2036 vestra
3180 1996 3332 2035 com-

1737 2076 1939 2148 munio.
1965 2075 2077 2136 Una
2120 2083 2201 2129 est
2238 2074 2416 2138 enim,
2457 2086 2803 2144 qumcumque
2845 2072 2932 2142 illa
2983 2072 3084 2138 sit,
3128 2066 3195 2127 de
3224 2088 3330 2142 qua

1738 2166 1935 2232 dictum
1977 2175 2076 2231 est,
2117 2165 2231 2220 Una
2259 2172 2329 2230 est
2362 2165 2592 2230 columba
2632 2181 2740 2217 mea
2760 2206 2773 2230 ,
2805 2179 2906 2215 una
2946 2173 3015 2216 est
3045 2163 3192 2218 matri
3221 2179 3345 2217 suae.

1739 2259 1910 2332 (Cant.
1944 2276 2015 2326 γι,
2059 2257 2112 2329 8)
2148 2275 2161 2312 :
2194 2273 2293 2315 nec
2322 2265 2549 2334 possunt
2580 2254 2832 2310 Ecclesia:
2876 2262 2951 2314 tot
2992 2269 3112 2322 esse
3136 2296 3151 2320 ,
3197 2264 3332 2325 quot

1739 2352 2046 2414 schismata.
2081 2351 2136 2406 Si
2168 2361 2348 2416 autem
2381 2350 2673 2417 dixerimus
2715 2364 2819 2414 non
2859 2348 2928 2414 ibi
2974 2349 3167 2402 dimitti
3204 2363 3332 2417 pec-

1738 2455 1855 2500 cata
1885 2462 1896 2498 :
1929 2444 2092 2515 Ergo,
2123 2443 2392 2514 inquiunt,
2422 2458 2525 2502 non
2555 2449 2638 2504 est
2678 2440 2782 2494 illic
2809 2454 2964 2504 verus
2992 2438 3328 2510 Baptismus;

1739 2529 2118 2608 et‘propterea
2161 2550 2293 2606 quos
2322 2550 2352 2588 a
2380 2533 2533 2588 nobis
2577 2531 2866 2601 suscipitis,
2920 2544 3015 2584 vos
3059 2531 3332 2599 baptizare

1739 2628 1977 2694 debetis;
2004 2625 2144 2698 quod
2173 2625 2296 2696 quia
2327 2641 2432 2687 non
2463 2623 2654 2689 facitis,
2683 2611 2746 2677 in
2768 2621 3000 2688 Ecclesia
3020 2619 3218 2676 Christi
3234 2633 3332 2676 vos

1741 2738 1846 2784 non
1876 2737 1994 2778 esse
2025 2719 2286 2777 fatemini.
2524 2705 2526 2708 ’

1813 2814 1900 2870 16.
1929 2813 2021 2868 llis
2045 2813 2116 2867 ita
2150 2799 2451 2866 resistimus
2474 2849 2489 2876 ,
2531 2805 2822 2873 secundum
2856 2804 3158 2876 Scripturas
3183 2845 3198 2871 ,
3235 2816 3332 2862 eos

1741 2905 2130 2976 interrogantes
2151 2945 2165 2970 ,
2195 2910 2255 2958 ut
2278 2899 2418 2972 quod
2445 2915 2478 2958 a,
2502 2898 2654 2956 nobis
2684 2904 2952 2976 quaerunt,
2982 2896 3080 2952 sibi
3109 2896 3208 2966 ipsi
3237 2910 3333 2950 re-

1740 2996 2058 3070 spondeant.
2086 2995 2279 3064 Quazro
2309 2992 2452 3048 enim
2482 3000 2541 3045 ut
2565 2989 2766 3054 dicant,
2791 2997 2972 3051 utrum
2995 2986 3334 3054 dimittantur

1741 3096 1955 3159 peccata
1986 3086 2077 3142 ubi
2100 3085 2334 3142 charitas
2361 3097 2465 3138 non
2495 3090 2594 3143 est.
2640 3081 2863 3146 Peccata
2907 3080 3049 3134 enim
3097 3078 3333 3138 tenebrae

1741 3180 2038 3243 animarum
2067 3184 2208 3232 sunt.
2240 3175 2498 3230 Audimus
2525 3172 2720 3243 quippe
2749 3171 3009 3242 Joannem
3037 3170 3325 3240 dicentem,

1745 3272 1847 3338 Qui
1875 3271 1981 3326 odit
2008 3274 2215 3341 fratrem
2260 3283 2438 3332 suum,
2488 3250 2812 3328 intenebris
2851 3271 2922 3324 est
2969 3280 3123 3331 usque
3165 3261 3334 3316 adhuc

1748 3364 1801 3437 (l
1827 3363 1986 3418 Joan.
2018 3377 2077 3426 ιι,
2111 3359 2220 3433 ll).
2252 3357 2398 3420 Nulli
2433 3364 2608 3411 autem
2653 3341 2943 3420 schismata
2985 3353 3238 3418 facerent,
3285 3354 3336 3410 si

1745 3455 1980 3512 fraterno
2004 3451 2128 3509 odio
2156 3466 2261 3506 non
2292 3454 2710 3508 excaecarentur.
2740 3445 2796 3502 Si
2820 3460 2948 3515 ergo
2973 3444 3201 3504 dicimus
3221 3459 3334 3500 non

1744 3547 1826 3606 ibi,
1861 3544 2056 3616 dimitti
2091 3552 2334 3614 peccata;
2385 3539 2654 3613 quomodo
2701 3537 2996 3598 renascitur
3049 3537 3140 3608 qui
3189 3537 3334 3608 apud

1746 3655 1840 3697 eos
1879 3637 2209 3710 baptizatur?
2253 3633 2390 3705 Quid
2431 3641 2515 3690 est
2553 3632 2700 3688 enim
2742 3631 2950 3688 renasci
2997 3646 3093 3700 per
3146 3629 3334 3699 Bapti-

1747 3748 1946 3802 smum,
1969 3732 2071 3786 nisi
2089 3745 2120 3786 a
2142 3739 2407 3792 vetustate
2427 3723 2711 3784 renovari?
2737 3723 3015 3790 Quomodo
3045 3731 3224 3790 autem
3247 3737 3334 3778 re—

1748 3837 1975 3892 novatur
2001 3842 2032 3881 a
2060 3833 2348 3891 vetustate,
2379 3823 2464 3877 cui
2493 3829 2710 3892 peccata
2734 3818 2999 3889 prmterita
3023 3832 3130 3878 non
3156 3815 3336 3872 dimit-

1750 3921 1967 3978 tuntur?
1992 3918 2154 3987 Quod
2171 3918 2224 3980 si,
2241 3925 2463 3978 renatus
2484 3929 2592 3970 non
2610 3921 2712 3976 est,
2735 3927 2834 3967 nec
2850 3909 3121 3967 Christum
3144 3907 3340 3972 induit,

1750 4031 1836 4078 ex,
1869 4029 1975 4084 quo
2016 4010 2298 4074 conficitur
2342 4016 2398 4064 ut
2437 4006 2614 4068 denuo
2668 4001 3016 4078 baptizandus
3073 4000 3341 4057 videatur.

1750 4108 1884 4176 Quia
1912 4106 2041 4161 dicit
2082 4101 2391 4173 Apostolus,
2431 4099 2684 4169 Quotquot
2708 4096 2844 4150 enim
2870 4095 2922 4149 in
2949 4091 3145 4154 Christo
3173 4090 3340 4161 bapti-

1751 4198 1855 4252 καιὶ
1877 4197 2014 4259 estis,
2037 4193 2290 4260 Christum
2315 4189 2553 4254 induistis
2583 4185 2779 4260 (Colat.
2803 4201 2882 4250 ιιι,
2910 4183 3003 4254 27)
3034 4202 3046 4237 :
3072 4197 3230 4252 quem
3252 4181 3349 4242 ille.

1753 4291 1797 4346 si
1827 4305 1936 4348 non
1955 4286 2144 4350 induit,
2167 4299 2267 4346 nec
2291 4281 2585 4346 inChristo
2615 4277 2908 4348 baptizatus
2931 4273 3208 4330 habendus
3229 4280 3339 4326 est.

1753 4383 1920 4438 Porro
1948 4379 2072 4449 quia
2117 4377 2172 4432 in
2213 4373 2424 4432 Christo
2463 4371 2688 4430 dicimus
2731 4367 3076 4436 baptizatum,
3110 4363 3342 4423 fatemur

1755 4489 1880 4537 eum
1898 4471 2180 4535 Christum
2211 4464 2442 4530 induisse
2470 4480 2484 4516 :
2525 4469 2584 4516 et
2616 4461 2664 4514 si
2710 4459 2811 4514 hoc
2835 4456 3086 4521 fatemur,
3108 4467 3340 4524 regene-

1754 4575 1927 4627 ratum
1952 4563 2198 4630 fatemur.
2229 4555 2392 4627 Quod.
2425 4555 2469 4610 si
2490 4554 2584 4616 ,ιω
2623 4560 2740 4627 est,
2787 4562 2838 4605 et
2871 4555 3084 4618 peccata
3120 4544 3342 4601 dimissa

1756 4665 1899 4722 sunt.
2262 4663 2388 4720 θιεο
2416 4645 2547 4710 dicit
2583 4644 2837 4708 Joannes,
2873 4639 2970 4708 Qui
2997 4637 3105 4710 odit,
3133 4640 3344 4710 fratrem

1755 4765 1920 4814 suum,
1967 4742 2268 4809 intenebris
2312 4748 2478 4808 ntanet
2523 4753 2677 4810 usque
2721 4732 2924 4798 adhuc;
2971 4731 3020 4789 si
3055 4730 3165 4800 jam
3205 4726 3345 4784 facta

1757 4836 2136 4902 est
2165 4829 2544 4906 peccatorum?
2585 4829 2778 4900 Annon
2813 4832 2906 4882 est.
2943 4822 2997 4886 in
3055 4820 3345 4877 schismate

1757 4935 1940 4996 oditsm
1989 4925 2326 4994 fraternum?
2369 4923 2485 4995 quis
2527 4920 2630 4977 hoc
2672 4915 2900 4980 dixerit.
2929 4929 3050 4974 cum
3083 4920 3138 4968 et
3192 4909 3346 4979 origo

1757 5034 1812 5082 et
1851 5021 2156 5096 pentimﬂﬁ,
2186 5015 2492 5085 salsismatis
2532 5010 2676 5078 nulla.
2716 5009 2786 5068 sit
2833 5009 2969 5072 alia,
3020 5005 3119 5064 nisi
3160 5002 3342 5068 odium

1760 5115 1976 5176 fratris?

1829 5211 1918 5264 ﬁt.
1965 5206 2122 5267 Hane
2163 5203 2246 5264 illi.
2287 5197 2641 5271 quaestionem
2690 5195 2898 5258 sol-vere
2951 5191 3052 5248 sibi
3100 5188 3346 5247 videntur

1759 5308 1902 5358 eius).
1915 5298 2097 5360 dicunt
2122 5315 2136 5352 :
2157 5294 2280 5356 Non
2302 5301 2374 5350 est
2400 5305 2521 5361 ergo
2548 5288 2601 5345 in
2625 5287 2889 5358 schismate
2911 5283 3138 5344 remissio
3167 5295 3345 5351 pecca-

1762 5405 1948 5458 torum,
1975 5401 2020 5446 et
2045 5389 2156 5448 ideo
2182 5381 2601 5455 necregeneratio
2625 5377 3004 5449 novi/somniis,
3017 5384 3062 5430 et
3085 5381 3345 5446 propterea

1761 5501 1852 5541 nec
1891 5481 2181 5553 Baptismns
2231 5474 2438 5541 Christi.
2484 5471 2810 5532 Nosautem
2854 5469 2973 5538 quia
3006 5467 3235 5527 fatemur
3272 5461 3350 5521 ibi

1763 5590 1882 5632 esse
1920 5572 2250 5642 Baptismum
2294 5565 2512 5630 Christi,
2549 5563 2688 5618 hanc
2726 5563 2804 5618 eis
2843 5559 3190 5630 qusestioncm
3235 5553 3346 5608 sol-

1764 5667 1988 5726 vendam
2035 5659 2381 5735 proponi-mus
2407 5674 2422 5713 :
2450 5656 2634 5728 Magus
2664 5653 2753 5710 illo
2778 5652 2984 5716 Simon,
3017 5655 3194 5705 utrum
3221 5656 3348 5703 vero
