3764 6154
360 243 464 312 119

357 366 555 428 Christi
602 356 925 439 Baptismate
962 365 1156 422 tinctus
1199 366 1287 421 sit.
1331 363 1780 436 Respondebunt,
1819 362 1937 429 Ita;

356 465 480 534 quia
524 469 722 517 sancta:
764 458 1051 529 Scriptura:
1092 457 1408 513 auctoritate
1445 464 1725 527 coguntur.
1749 452 1943 522 Quaero

356 569 485 625 ergo
541 562 717 608 utrum
758 548 1026 605 fateantur
1059 549 1109 605 ei
1146 548 1364 605 dimissa
1397 548 1655 619 peccata?
1694 545 1943 602 Profecto

356 644 683 698 fatebuntur.
726 641 856 698 Item
900 655 1102 712 quarto,
1142 654 1238 695 cur
1267 639 1317 695 ei
1359 638 1552 694 dixerit
1577 638 1803 704 Petrus,
1833 651 1943 693 non

355 752 480 791 eum
526 735 725 792 habere
769 743 971 805 partem
1002 733 1058 788 in
1086 741 1231 789 sorte
1260 731 1598 786 sanctorum?
1640 730 1772 798 Quia
1797 770 1813 796 ,
1854 729 1942 784 in-

353 831 565 899 quiunt,
593 837 775 901 postea
798 827 1056 899 peccavit,
1083 824 1305 895 pecunia
1332 823 1515 880 volens
1533 837 1714 880 emere
1738 821 1938 877 donum

356 923 473 984 Dei,
500 920 651 991 cujus
679 918 985 974 venditores
1010 932 1129 973 esse
1150 915 1432 987 Apostolos
1458 912 1704 970 credidit.

425 1012 653 1070 CAPUT
686 1011 803 1067 XII.
838 1040 911 1051 —-
935 1010 1022 1066 18.
1054 1009 1189 1077 Quid
1210 1049 1223 1071 .
1254 1009 1298 1064 si
1323 1007 1389 1063 ad
1417 1007 1588 1078 ipsum
1608 1006 1936 1077 Baptismum

355 1106 511 1162 fictus
538 1103 796 1160 accessit?
823 1102 1042 1157 dimissa
1081 1109 1207 1157 sunt
1234 1102 1282 1157 ei
1316 1110 1528 1171 peccata
1553 1142 1569 1168 ,
1593 1115 1662 1155 an
1684 1114 1793 1155 non
1811 1108 1941 1156 sunt

354 1196 618 1252 diruisse?
645 1196 851 1267 Eligant
891 1194 1031 1266 quod
1062 1194 1271 1258 volunt;
1305 1191 1614 1247 utrumlibet
1636 1192 1891 1262 elegerint
1916 1231 1933 1257 ,

357 1286 556 1343 suflleit
604 1287 774 1342 nobis.
828 1284 883 1341 Si
925 1285 1141 1340 dimissa
1193 1283 1458 1347 dixerint;
1507 1283 1773 1353 quomodo
1811 1298 1940 1353 ergo

357 1370 593 1448 Spiritus.
612 1385 815 1431 sanctus
841 1374 1121 1445 disciplina:
1148 1373 1349 1445 e/I‘ugiet
1388 1374 1561 1442 ﬁctum
1592 1371 1746 1447 (Sap.
1772 1389 1810 1440 ι,
1840 1372 1896 1442 5)
1922 1412 1935 1435 ,

356 1473 404 1527 si
432 1472 486 1527 in
516 1472 614 1527 isto
645 1472 765 1525 ficto
794 1468 1160 1524 remissionem
1188 1475 1438 1538 Operatus
1462 1475 1538 1523 est
1566 1466 1939 1536 peccatorum?

354 1563 412 1622 Si
432 1563 663 1619 dixerint
682 1577 787 1617 non
814 1575 931 1616 esse
960 1558 1210 1625 dimissa;
1234 1572 1436 1629 quaero,
1468 1558 1514 1612 si
1541 1564 1723 1627 postea
1766 1555 1939 1611 fictio-

355 1671 480 1712 nem
510 1671 659 1710 suam
698 1652 861 1709 corde
891 1665 1151 1708 concusso
1179 1659 1233 1706 et
1258 1664 1385 1705 vero
1417 1647 1603 1704 dolore
1641 1647 1897 1703 fateretur
1919 1687 1936 1713 ,

354 1749 533 1803 denuo
574 1744 921 1817 baptizandus
955 1740 1316 1813 judicaretur?
1348 1739 1498 1807 Quod
1529 1739 1573 1795 si
1598 1738 1938 1795 dementissi-

354 1854 499 1894 mum
523 1847 606 1894 est
639 1837 847 1902 dicere;
871 1833 1138 1891 fateantur
1162 1847 1291 1889 vero
1319 1832 1587 1902 Baptismo
1613 1830 1813 1888 Christi
1836 1830 1935 1886 ba-

354 1932 538 2002 ptizari
569 1945 727 2001 posse
751 1928 1051 1993 hominem,
1087 1935 1144 1983 et
1187 1934 1363 1980 tamen
1394 1939 1490 1980 cor
1513 1924 1630 1994 ejus
1654 1923 1706 1978 in
1734 1922 1936 1979 malitia

351 2023 437 2077 vel
482 2021 759 2091 sacrilegio
799 2032 1169 2090 perseverans,
1220 2022 1562 2085 peccatorum
1590 2012 1937 2075 abolitionem

349 2128 458 2169 non
506 2114 683 2168 sinere
712 2111 824 2166 fieri
854 2128 867 2165 :
899 2118 1057 2180 atque
1098 2107 1169 2163 ita
1199 2106 1495 2175 intelligant
1523 2104 1576 2159 in
1606 2104 1937 2160 communio-

348 2204 506 2260 nibus
531 2203 598 2257 ab
627 2202 863 2258 Ecclesia
889 2200 1146 2270 separatis
1177 2212 1334 2268 posse
1363 2195 1607 2251 homines
1632 2196 1887 2267 baptizari
1914 2236 1932 2263 ,

347 2294 440 2349 ubi
469 2294 665 2348 Christi
691 2292 990 2362 Baptismus
1015 2289 1205 2347 eadem
1228 2288 1546 2344 sacramenti
1571 2287 1935 2343 celebratione

347 2386 505 2441 datur
531 2395 588 2442 et
612 2385 869 2450 sumitur;
915 2385 1003 2454 qui
1054 2392 1229 2438 tamen
1282 2391 1405 2436 tunc
1456 2380 1624 2451 prosit
1645 2379 1712 2435 ad
1742 2379 1935 2434 remis.

347 2480 554 2534 sionem
585 2486 923 2549 peccatorum
948 2518 961 2543 ,
1006 2489 1125 2530 cum
1156 2474 1274 2545 quis
1299 2470 1672 2528 reconciliatus
1697 2471 1885 2526 unitati
1914 2512 1929 2537 ,

347 2570 627 2639 sacrilegio
656 2566 1002 2625 dissensionis
1027 2565 1257 2631 exuitur,
1281 2580 1386 2634 quo
1409 2562 1524 2632 ejus
1545 2570 1758 2633 peccata
1782 2571 1933 2617 tene-

346 2661 567 2726 bantur,
609 2669 662 2716 et
704 2657 895 2713 dimitti
926 2672 1029 2713 non
1057 2657 1387 2712 sinebantur.
1417 2655 1563 2711 Sicut
1591 2655 1732 2710 enim
1759 2654 1811 2708 in
1841 2654 1933 2707 illo

346 2752 436 2821 qui
468 2751 624 2806 fictus
647 2758 969 2815 accesserat,
1001 2748 1061 2802 fit
1088 2756 1147 2802 ut
1172 2762 1277 2800 non
1303 2745 1478 2800 denuo
1496 2744 1811 2814 baptizetur,
1835 2744 1932 2799 sed

345 2843 457 2912 ipsa
489 2843 572 2913 pia
610 2840 943 2898 correctione
971 2847 1025 2893 et
1052 2837 1227 2892 veraci
1260 2834 1597 2891 confessione
1631 2842 1887 2904 purgetur
1911 2875 1927 2899 ,

342 2931 487 3002 quod
508 2946 611 2985 non
641 2938 824 3002 posset
850 2929 965 2984 sine
1007 2928 1304 2997 Baptismo,
1348 2933 1404 2980 ut
1432 2925 1571 2996 quod
1603 2934 1726 2979 ante
1748 2924 1929 2979 datum

343 3032 447 3089 est,
480 3032 606 3079 tunc
634 3022 812 3078 valere
854 3019 1071 3089 incipiat
1116 3017 1181 3074 ad
1227 3018 1474 3083 salutem,
1517 3032 1635 3072 cum
1669 3016 1754 3071 illa
1788 3016 1931 3070 fictio

343 3117 517 3173 veraci
545 3114 877 3171 confessione
905 3112 1225 3167 recesserit:
1257 3112 1333 3163 sic
1371 3108 1531 3164 etiam
1574 3108 1672 3163 iste
1711 3108 1796 3178 qui
1830 3107 1930 3161 Ba-

343 3208 536 3277 ptisrna
561 3204 775 3270 Christi,
804 3201 944 3275 quod
973 3216 1077 3256 non
1108 3200 1400 3255 amiserunt
1442 3199 1530 3267 qui
1557 3212 1615 3253 sc
1644 3211 1931 3268 separave-

342 3309 487 3364 runt,
523 3297 768 3352 inimicus
797 3293 1073 3355 charitatis
1117 3301 1171 3347 et
1206 3292 1351 3361 pacis
1394 3288 1610 3350 Christi,
1656 3291 1705 3344 in
1755 3290 1929 3360 aliqua

343 3388 536 3443 lucresi
581 3397 672 3442 aut
719 3385 1004 3442 schismate
1036 3383 1256 3453 accepit,
1287 3396 1390 3451 quo
1419 3380 1677 3450 sacrilego
1723 3381 1930 3436 scelere

340 3488 557 3549 peccata
605 3480 720 3547 ejus
761 3491 864 3531 non
906 3474 1327 3533 dimittebantur,
1355 3486 1473 3525 eum
1506 3484 1564 3525 se
1593 3472 1926 3535 correxerit,

341 3580 397 3626 et
421 3571 487 3625 ad
514 3570 766 3633 Ecclesia!
793 3569 1100 3622 societatem
1144 3564 1502 3632 unitatemque
1549 3561 1774 3627 venerit,
1821 3577 1930 3617 non

341 3664 537 3719 iterum
584 3660 933 3730 baptizandus
979 3667 1095 3723 est;
1125 3658 1246 3727 quia
1275 3657 1387 3725 ipsa
1414 3656 1461 3708 ei
1494 3654 1931 3709 reconciliatione

342 3772 408 3810 ac
451 3769 582 3826 pace
627 3761 937 3823 prrestatur,
986 3759 1044 3805 ut
1080 3750 1145 3804 ad
1189 3746 1556 3803 remissionem
1588 3753 1930 3815 peccatorum

344 3848 464 3915 ejus
493 3846 545 3898 in
575 3845 777 3899 unitate
801 3842 911 3913 jam
944 3839 1197 3911 prodesse
1224 3838 1440 3907 incipiat
1476 3837 1877 3891 Sacramentum
1911 3877 1926 3900 ,

344 3935 486 4007 quod
516 3943 790 4004 acceptum
835 3934 885 3987 in
915 3932 1201 3986 schismate
1226 3926 1479 3997 prodesse
1500 3940 1603 3978 non
1627 3933 1854 3995 poterat.

418 4029 504 4084 19.
550 4025 605 4083 Si
651 4037 824 4081 autem
856 4024 1106 4090 dixerint,
1140 4022 1191 4075 in
1239 4019 1330 4073 illo
1371 4018 1458 4087 qui
1488 4017 1638 4071 fictus
1660 4016 1927 4082 accessit,

346 4140 441 4193 per
471 4130 705 4176 sanctam
732 4120 839 4174 vim
867 4117 997 4172 tanti
1023 4111 1341 4171 sacramenti
1367 4108 1582 4164 dimissa
1610 4108 1824 4178 quidem
1853 4109 1929 4164 illi

346 4228 469 4268 esse
497 4220 708 4283 peccata
742 4211 794 4265 in
826 4210 940 4280 ipso
968 4205 1221 4276 temporis
1250 4210 1444 4272 puncto
1463 4240 1478 4265 ,
1512 4198 1603 4254 sed
1633 4214 1724 4269 per
1762 4197 1932 4254 fictio-

347 4318 468 4362 nctn
510 4305 628 4375 ejus
677 4304 901 4359 rediisse
950 4300 1204 4356 continuo
1251 4303 1353 4349 :ut
1381 4292 1612 4364 Spiritus
1640 4301 1856 4346 sanctus
1875 4300 1931 4348 et

346 4386 576 4455 adfuerit
601 4398 863 4467 Iiaptizato
889 4404 946 4449 ut
975 4400 1187 4462 peccata
1218 4386 1562 4454 recederent,
1591 4393 1645 4440 et
1673 4398 1930 4455 perseve-

346 4494 572 4548 rantiam
625 4488 851 4545 Iictionis
904 4486 1093 4557 fugerit
1123 4494 1180 4538 ut
1209 4483 1480 4545 redirent;
1513 4489 1569 4534 ut
1594 4488 1648 4534 et
1677 4478 1804 4533 illud
1833 4491 1930 4533 ve-

347 4602 465 4639 rum
501 4585 606 4650 sit,
652 4582 900 4650 Quotquot
930 4578 981 4631 in
1011 4576 1210 4631 Christo
1236 4572 1475 4644 baptismi
1501 4570 1639 4636 estis,
1669 4567 1930 4624 Christum

346 4677 618 4740 induistis;
643 4683 698 4729 et
724 4669 869 4737 illud,
919 4668 1140 4740 Spiritus
1169 4666 1301 4721 enim
1326 4673 1529 4719 sanctus
1554 4661 1837 4731 disciplima
1854 4659 1955 4730 cf-r

349 4766 506 4837 fugiet
530 4766 701 4833 [ictum
724 4781 742 4817 ,ο
766 4762 816 4816 id
839 4770 940 4827 est,
964 4767 1023 4816 ut
1041 4765 1092 4814 ct
1114 4758 1293 4813 induat
1311 4770 1433 4812 eum
1455 4753 1664 4810 Christo
1678 4751 1933 4807 sanctitas

348 4854 639 4926 Baptismi,
671 4863 724 4909 et
751 4861 913 4908 exuat
954 4865 1073 4907 eum
1123 4848 1335 4904 Christo
1361 4844 1623 4917 pernicies
1662 4841 1930 4897 fictionis:

348 4950 487 5004 sicut
517 4947 573 5000 fit
597 4960 715 5000 cum
748 4944 1017 5015 quisquea
1040 4941 1281 4998 tenebris
1315 4953 1409 5011 per
1432 4936 1606 4992 lucem
1638 4934 1829 4989 transit
1862 4931 1934 4989 ad

352 5040 627 5103 tenebras;
656 5036 791 5091 oculi
817 5034 1028 5106 quidem
1051 5033 1167 5104 ejus
1193 5033 1244 5087 in
1273 5027 1518 5085 tenebras
1554 5033 1815 5096 perpetuo
1851 5022 1935 5081 di-

350 5133 613 5203 riguntur,
633 5126 726 5182 sed
748 5142 851 5182 non
877 5135 1046 5197 potest
1060 5126 1150 5179 lux
1168 5126 1183 5155 ί
1209 5121 1307 5176 nisi
1324 5116 1641 5189 perfundere
1658 5124 1936 5173 transeuno

349 5234 459 5279 tem
493 5239 505 5275 :
535 5222 577 5276 si
609 5221 709 5275 hoc
759 5235 885 5291 ergo
937 5217 1185 5281 dixerint,
1232 5213 1334 5269 hoc
1358 5210 1519 5267 etiam
1545 5209 1598 5264 in
1629 5207 1709 5263 eis
1734 5206 1935 5263 intelli-

347 5324 477 5386 gant
522 5313 657 5380 fieri,
703 5313 794 5383 qui
844 5318 992 5367 extra
1041 5306 1295 5362 Ecclesia:
1331 5299 1789 5364 communionem,
1839 5298 1935 5354 sed

350 5419 528 5463 tamen
580 5403 904 5474 Baptismate
940 5398 1193 5454 Ecclesia:
1240 5395 1596 5465 baptisantur,
1639 5389 1782 5461 quod
1814 5389 1934 5444 ubi-

346 5514 574 5569 cumque
602 5496 783 5561 fuerit,
812 5502 1051 5549 sanctum
1078 5500 1160 5546 est
1179 5504 1274 5560 per
1298 5501 1355 5545 se
1376 5486 1548 5558 ipsum
1578 5501 1594 5539 :
1618 5491 1673 5540 et
1686 5481 1808 5538 ideo
1827 5496 1934 5536 non

407 5656 431 5695 α
456 5650 693 5722 t._ov.,sed
1002 5656 1111 5722 eum
1142 5644 1249 5722 tux.
1289 5643 1564 5708 Elegantius
1604 5638 1722 5693 editi
1761 5635 1841 5687 alii
1885 5642 1937 5689 et

350 5718 499 5773 nostri
522 5718 835 5771 manuscripti
854 5718 1049 5769 omisso.
1070 5721 1193 5760 eum.

1102 239 1190 306 DE
1232 236 1568 305 BAPTISMO
1604 240 1880 305 CONTRA
1922 239 2367 317 DONATISTAS,
2408 242 2465 305 S.
2507 245 2876 307 AUGUSTINI

3269 192 3305 204 κ

3535 244 3653 311 110

2053 371 2135 419 est
2158 377 2345 418 eorum
2373 362 2464 433 qui
2485 377 2544 418 se
2568 374 2838 435 separant,
2858 361 2955 430 sed
2974 360 3089 435 ejus
3111 358 3253 421 unde
3268 378 3329 421 se
3344 377 3602 436 separant
3629 386 3647 423 ε

2051 453 2190 509 valet
2219 461 2393 509 tamen
2422 462 2475 510 et
2510 452 2652 524 apud
2692 468 2788 511 eos
2830 452 3110 527 hactenus,
3149 463 3209 511 ut
3251 469 3350 528 per
3391 455 3512 527 ejus
3555 457 3649 514 lu-

2050 559 2168 601 cem
2196 553 2466 600 transeant
2490 543 2556 600 ad
2583 543 2932 602 dissensionis
2958 560 3070 603 sua:
3095 547 3365 616 tenebras,
3384 549 3654 604 continuo

2048 638 2392 697 redeuntibus
2442 641 2697 711 peccatis,
2745 656 2865 712 qua:
2911 641 3250 713 Baptismatis
3288 644 3548 699 sanctitas
3588 644 3649 699 in

2050 732 2143 789 illo
2190 733 2446 805 temporis
2497 743 2693 804 puncto
2733 733 3032 801 dimiserat,
3088 743 3338 806 tanquam
3377 734 3647 792 redeunte

2049 822 2372 880 obscuritate
2393 840 2553 896 quam
2570 825 2661 881 lux
2689 824 2742 879 in
2774 823 3001 880 transitu
3018 836 3343 882 excusserat.

2117 915 2210 973 20.
2236 916 2369 972 Nam
2395 916 2571 973 redire
2594 916 2813 972 dimissa
2842 927 3082 988 peccata,
3114 916 3204 973 ubi
3231 916 3464 973 fraterna
3501 915 3646 973 cha-

2047 1008 2180 1064 ritas
2232 1024 2338 1066 non
2390 1019 2502 1079 est,
2546 1008 2882 1080 apertissime
2923 1008 3181 1065 Dominus
3226 1007 3383 1066 docet
3420 1008 3493 1065 de
3545 1009 3651 1065 illo

2048 1114 2223 1168 servo,
2242 1116 2400 1171 quem
2420 1116 2541 1158 cum
2569 1101 2859 1158 invenisset
2881 1100 3177 1158 debitorem
3197 1098 3383 1157 decem
3403 1099 3647 1155 millium

2049 1192 2386 1260 talentorum,
2413 1191 2721 1264 deprecanti
2741 1191 2919 1248 omnia
2934 1189 3154 1247 dimisit.
3177 1189 3276 1247 Ille
3294 1199 3477 1245 autem
3492 1203 3637 1244 eon-

2047 1298 2258 1341 servum
2288 1301 2445 1342 suum
2468 1286 2558 1357 qui
2585 1285 2635 1341 ei
2662 1284 2890 1341 debebat
2913 1292 3129 1340 centum
3166 1282 3416 1338 denarios
3440 1322 3458 1348 ,
3506 1296 3643 1337 cum

2048 1375 2332 1432 miseratus
2372 1391 2489 1435 non
2521 1373 2740 1443 fuisset,
2775 1374 2935 1446 jussit
2961 1390 3084 1431 eum
3113 1371 3361 1429 dominus
3401 1370 3647 1428 reddere

2047 1481 2168 1537 quze
2196 1467 2243 1521 ei
2289 1466 2582 1523 dimiserat.
2622 1466 2855 1538 Tempus
2880 1481 3009 1538 ergo
3036 1480 3142 1537 quo
3169 1465 3431 1536 accipitur
3455 1462 3645 1519 indul-

2045 1557 2222 1628 gentia
2247 1572 2345 1629 per
2369 1559 2718 1630 Baptismum,
2752 1566 2997 1630 tanquam
3016 1565 3226 1629 tempus
3241 1565 3324 1614 est
3340 1555 3645 1614 reddenda

2046 1650 2288 1717 rationis,
2316 1662 2372 1708 ut
2396 1651 2572 1707 omnia
2602 1649 2777 1707 debila
2804 1667 2922 1722 qua:
2964 1652 3177 1707 inventa
3215 1649 3415 1706 fuerint
3453 1649 3643 1705 dimit-

2047 1749 2243 1797 tantur.
2274 1740 2390 1797 Non
2420 1752 2594 1798 tamen
2627 1742 2711 1798 ille
2736 1757 2923 1798 servus
2952 1750 3132 1814 postea
3179 1741 3327 1798 dedit
3369 1755 3644 1797 conservo

2044 1846 2144 1887 suo
2174 1843 2406 1889 mutuam
2434 1834 2730 1904 pecuniam,
2753 1849 2912 1905 quam
2930 1848 3050 1891 eum
3072 1832 3160 1888 ille
3180 1847 3286 1888 non
3308 1842 3488 1903 posset
3512 1832 3647 1888 red.

2044 1923 2207 1989 dere,
2248 1941 2354 1981 non
2402 1925 2519 1996 ejus
2557 1926 2804 1981 misertus
2840 1936 2966 1981 est:
3009 1925 3103 1980 sed
3146 1925 3257 1995 jam
3297 1926 3346 1981 ei
3400 1922 3645 1982 debebat

2043 2030 2337 2073 conservus
2365 2018 2497 2088 ejus,
2532 2032 2653 2073 cum
2691 2019 2804 2089 ipse
2830 2019 3090 2074 rationem
3119 2018 3336 2074 domino
3376 2032 3477 2073 suo
3503 2017 3640 2075 red-

2045 2107 2206 2171 dens,
2238 2108 2367 2163 tanti
2408 2109 2614 2164 numeri
2644 2110 2825 2164 debito
2864 2110 3193 2175 solveretur;
3224 2125 3324 2165 nec
3347 2108 3642 2165 dimiserat

2043 2212 2304 2255 conservo
2328 2215 2426 2255 suo
2448 2200 2588 2271 quod
2610 2200 2660 2257 ei
2684 2199 2933 2267 debebat,
2969 2210 3025 2257 et
3048 2201 3126 2256 sic
3163 2209 3470 2257 accesserat
3496 2209 3557 2255 ut
3585 2202 3641 2268 ei

2044 2289 2338 2346 dimitteret
2364 2291 2631 2346 dominus.
2665 2292 2773 2346 IIoc
2804 2291 3035 2347 indicant
3076 2292 3235 2350 verba
3262 2291 3514 2347 conservi
3545 2291 3639 2346 di-

2043 2380 2211 2434 centis
2241 2398 2253 2433 :
2290 2379 2592 2434 Patientimn
2618 2380 2744 2435 [tabe
2769 2382 2820 2435 in
2852 2397 2948 2447 me,
2971 2393 3018 2436 et
3049 2382 3257 2436 reddam
3284 2382 3373 2436 tibi
3406 2383 3447 2436 ¹.
3476 2383 3638 2438 Alio-

2041 2471 2167 2541 quin
2213 2471 2433 2540 diceret,
2477 2472 2592 2527 .Iam
2636 2474 2763 2529 mihi
2816 2473 2917 2529 hoc
2946 2474 3261 2539 dimiseras,
3309 2489 3408 2529 cur
3433 2475 3637 2532 iterum

2041 2562 2278 2630 repetis?
2306 2563 2415 2616 lloc
2440 2573 2493 2615 et
2520 2564 2683 2632 ipsius
2713 2564 3100 2633 Domini‘verba
3130 2564 3462 2619 manifestius
3505 2580 3641 2635 ape-

2041 2656 2203 2710 t'iunl.
2236 2656 2321 2709 Ait
2350 2655 2491 2709 enim
2524 2675 2536 2710 :
2571 2656 2815 2727 Egressus
2848 2668 3017 2711 autem
3057 2673 3228 2712 servus
3275 2657 3392 2720 ille,
3443 2657 3640 2713 firmi!

2039 2764 2198 2801 unum
2239 2751 2300 2802 de
2340 2748 2590 2802 conservis
2628 2748 2731 2802 suis
2764 2750 2848 2817 qui
2874 2749 3078 2804 debebat
3103 2752 3148 2803 ei
3167 2759 3365 2804 centum
3391 2750 3640 2805 denarios

2041 2835 2253 2907 (Manli.
2302 2852 2447 2900 xvtn,
2492 2835 2707 2907 23-35).
2757 2835 2869 2892 Non
2909 2838 3066 2902 dixit,
3097 2839 3193 2894 Cui
3236 2840 3346 2909 jam
3386 2840 3638 2899 debitum

2038 2938 2253 2982 centum
2298 2928 2636 2983 denariormn
2667 2928 2959 2985 dimiserat.
3013 2930 3068 2985 Si
3113 2933 3255 2985 enim
3301 2931 3590 2988 dimiserat
3616 2973 3635 2999 ,

2038 3032 2143 3071 non
2166 3019 2213 3073 ei
2240 3018 2484 3073 debebat.
2506 3017 2636 3084 Quia
2657 3033 2782 3090 ergo
2800 3019 2947 3086 dixit,
2963 3020 3165 3076 debebat
3182 3021 3255 3088 ei;
3285 3021 3635 3079 manifestum

2039 3109 2291 3178 estquod
2333 3124 2436 3163 non
2478 3108 2768 3165 dimiserat.
2825 3109 2888 3166 Et
2926 3112 3115 3167 melius
3152 3113 3367 3182 quidem
3414 3116 3629 3181 fuerat,

2037 3210 2198 3271 atque
2222 3200 2321 3255 hoc
2347 3202 2521 3271 potius
2545 3203 2868 3273 congruebat
2913 3213 3056 3259 tanto
3080 3204 3311 3261 debitori
3345 3207 3637 3265 reddituro

2038 3294 2319 3359 rationem,
2351 3305 2402 3349 et
2430 3296 2753 3364 exspectanti
2784 3297 3202 3352 misericordiam
3242 3298 3448 3354 domini
3493 3301 3580 3356 sui
3614 3343 3633 3366 ,

2038 3396 2092 3440 ut
2128 3388 2272 3455 prior
2300 3388 2409 3456 ipse
2437 3402 2694 3441 conservo
2720 3386 3012 3444 dimitteret
3034 3389 3173 3458 quod
3203 3389 3251 3442 ei
3280 3389 3590 3448 debebatur
3612 3435 3633 3457 ,

2040 3487 2093 3532 et
2117 3479 2195 3532 sic
2221 3478 2284 3532 ad
2315 3479 2572 3532 rationem
2602 3478 2958 3546 reddendam,
2997 3480 3083 3535 ubi
3115 3480 3481 3537 misericordia
3527 3483 3633 3538 do-

2038 3572 2168 3625 mini
2200 3570 2521 3640 imploranda
2552 3580 2698 3636 erat,
2750 3571 3049 3627 accederet.
3104 3571 3211 3627 Nec
3262 3582 3443 3629 tamen
3496 3574 3635 3631 illud

2037 3662 2178 3729 quod
2217 3662 2448 3716 nondum
2492 3676 2751 3716 conservo
2788 3662 3080 3729 dimiserat,
3131 3663 3406 3733 impedivit
3446 3665 3634 3722 domi»

2037 3767 2163 3806 num
2192 3754 2326 3820 ejus,
2362 3753 2642 3822 quominus
2681 3753 2732 3807 in
2776 3753 2867 3806 illo
2896 3761 3133 3823 tempore
3161 3753 3491 3824 accipiendae
3536 3772 3634 3812 ra-

2039 3845 2199 3900 tionis
2247 3844 2537 3900 dimitteret
2572 3846 2617 3899 ci
2659 3845 2833 3900 omnia
2882 3861 3000 3916 qua:
3043 3845 3290 3901 debebat.
3334 3846 3442 3903 Sed
3496 3848 3633 3920 quid

2036 3936 2263 4007 profuit,
2307 3937 2735 4008 quandoquidem
2783 3939 2833 3993 in
2879 3947 3039 4008 caput
3074 3938 3190 4009 ejus
3226 3949 3448 4010 propter
3474 3940 3636 3997 odio-

2036 4044 2155 4084 rmn
2189 4030 2635 4100 persevcrantiam
2667 4043 2851 4083 rursus
2876 4029 3051 4084 omnia
3083 4030 3338 4085 continuo
3365 4028 3635 4101 repiicata

2037 4122 2203 4174 sunt?
2232 4121 2321 4175 Sic
2359 4136 2461 4175 non
2498 4120 2783 4191 impeditur
2823 4122 3075 4192 Baptismi
3104 4124 3306 4193 gratia,
3334 4125 3634 4195 quominus

2037 4214 2215 4269 omnia
2245 4226 2459 4284 peccata
2487 4214 2738 4279 dimittat,
2766 4216 2974 4269 etiamsi
3009 4215 3188 4270 odium
3234 4216 3533 4273 fraternum
3575 4218 3636 4273 in

2036 4304 2155 4373 ejus
2183 4304 2265 4358 cui
2291 4303 2629 4359 dimittuntur
2646 4303 2826 4359 animo
2857 4314 3185 4375 perseverat.
3217 4306 3459 4363 Solvitur
3476 4309 3633 4364 enim

2038 4396 2319 4451 besternus
2341 4394 2475 4460 dies,
2502 4402 2556 4449 et
2580 4393 2833 4465 quidquid
2859 4408 3018 4464 supra
3045 4405 3130 4451 est
3147 4397 3167 4428 ³
3189 4396 3433 4463 solvitur,
3457 4397 3633 4454 etiam

2038 4486 2151 4555 ipsa
2194 4485 2325 4540 hora
2375 4492 2809 4555 momentumque
2845 4494 2967 4541 ante
2998 4486 3324 4557 Baptismum
3353 4496 3410 4544 et
3436 4487 3492 4543 in
3522 4489 3639 4545 Ba-

2038 4581 2236 4650 ptismo
2265 4579 2308 4633 ³.
2358 4578 2619 4650 Deinceps
2663 4586 2842 4633 autem
2873 4593 2995 4635 reus
3031 4593 3154 4635 esse
3186 4580 3449 4637 continuo
3485 4582 3636 4638 inci-

2038 4672 2136 4742 pit,
2168 4684 2272 4725 non
2301 4669 2473 4725 solum
2499 4669 2936 4740 consequentium
2956 4711 2971 4737 ,
3002 4669 3099 4725 sed
3136 4670 3296 4726 etiam
3322 4672 3637 4742 prater-ito-

2038 4778 2159 4818 rum
2202 4760 2408 4818 dierum
2435 4801 2451 4828 ,
2506 4761 2791 4827 horarum,
2824 4768 3239 4827 momentorum,
3273 4761 3637 4819 redeuntibus:

1984 4922 1999 4933 δ
2040 4853 2286 4909 omnibus
2314 4867 2434 4924 quae
2457 4852 2675 4909 dimissa
2696 4859 2820 4909 sunt
2841 4851 2901 4907 δε
2931 4860 2988 4910 et
3010 4852 3126 4909 bac
3144 4867 3290 4926 stcpe
3306 4855 3639 4928 contingunt

2042 4947 2094 5002 in
2124 4945 2383 5001 Ecclesia.

2111 5035 2336 5092 CAPUT
2363 5034 2498 5091 XIII.
2526 5065 2600 5078 —
2620 5036 2710 5092 21.
2736 5035 2869 5092 Nam
2911 5036 3230 5109 plerumque
3274 5036 3337 5093 fit
3356 5045 3420 5093 ut
3462 5036 3644 5095 homo

2106 5193 2285 5268 textui,
2305 5197 2351 5242 et
2371 5187 2531 5241 nuntia
2551 5190 2756 5242 reddam
2945 5190 3123 5253 Abest,
3167 5190 3361 5252 nuntia,
3393 5203 3425 5241 a
3459 5202 3642 5242 mann-

2040 5263 2248 5388 έῗῖηλξξ
2271 5324 2329 5388 et,
2360 5321 2454 5388 ες..
2477 5320 2709 5388 superest.
2742 5313 2912 5388 genus
2941 5320 3053 5367 Lor.
3096 5322 3152 5367 et
3171 5322 3300 5378 ιω..
3332 5326 3488 5381 utrm
3518 5320 3647 5377 at:

2044 5380 2092 5430 id
2116 5385 2218 5438 est,
2254 5387 2371 5429 ante
2407 5378 2705 5438 hesternum
2734 5378 2884 5438 diem.

2105 5443 2126 5511 ξ
2152 5437 2355 5511 Vaticani
2378 5441 2568 5511 codices
2592 5437 2831 5511 {Solvitur
2845 5438 2990 5490 etiam
3011 5437 3117 5502 ipsa
3133 5437 3256 5489 liora
3274 5437 3503 5511 morienti
3519 5449 3649 5504 qua

2042 5510 2152 5556 ante
2178 5500 2470 5566 septimum:
2483 5506 2578 5566 est,
2603 5499 2657 5550 in
2679 5499 2933 5566 septimo.

2105 5568 2128 5597 δ
2150 5561 2254 5613 Am.’
2277 5571 2351 5614 Er.
2378 5571 2429 5627 et
2441 5561 2617 5627 plures
2637 5561 2762 5627 tussi,
2782 5563 2999 5627 euntibus
3019 5574 3131 5627 qua!
3146 5562 3350 5627 dimisso
3372 5567 3495 5627 sunt
3518 5572 3649 5626 pac-

2044 5626 2164 5741 etlm's
2207 5633 2371 5676 Postea
2391 5622 2536 5677 iidem
2558 5628 2664 5673 Mss.
2690 5624 2964 5690 subjiciunt,
3004 5622 3051 5677 et
3072 5637 3202 5691 ηερε
3224 5622 3453 5693 contingit
3472 5622 3532 5677 ﬁ
3550 5626 3648 5676 ac.

2048 5706 2074 5741 c
2094 5702 2207 5741 esta.

2988 5827 3003 5845 ι
3030 5825 3113 5862 «αρν
