  <div class='ocr_page' id='page_1' title='image "/cluster/home/n/w/nwhite01/storage/ocr_20150623/43/uva.x000827113/068.png"; bbox 0 0 3764 6140; ppageno 0'>
   <div class='ocr_carea' id='block_1_1' title="bbox 115 180 1996 271">
    <p class='ocr_par' dir='ltr' id='par_1_1' title="bbox 115 180 1996 271">
     <span class='ocr_line' id='line_1_1' title="bbox 115 180 1996 271; baseline -0.015 0"><span class='ocrx_word' id='word_1_1' title='bbox 115 206 194 271; x_wconf 73' lang='lat' dir='ltr'><strong>tat</strong></span> <span class='ocrx_word' id='word_1_2' title='bbox 1013 185 1016 187; x_wconf 54' lang='lat'><em>‘</em></span> <span class='ocrx_word' id='word_1_3' title='bbox 1485 180 1685 248; x_wconf 76' lang='lat' dir='ltr'><strong>LIBER</strong></span> <span class='ocrx_word' id='word_1_4' title='bbox 1726 188 1996 245; x_wconf 67' lang='lat' dir='ltr'><strong>annuus.</strong></span> 
     </span>
    </p>
   </div>
   <div class='ocr_carea' id='block_1_2' title="bbox 112 310 1661 392">
    <p class='ocr_par' dir='ltr' id='par_1_2' title="bbox 112 310 1661 392">
     <span class='ocr_line' id='line_1_2' title="bbox 112 310 1661 392; baseline -0.014 -8"><span class='ocrx_word' id='word_1_5' title='bbox 112 328 280 385; x_wconf 86' lang='lat' dir='ltr'><strong>habeat</strong></span> <span class='ocrx_word' id='word_1_6' title='bbox 317 323 590 380; x_wconf 81' lang='lat' dir='ltr'><strong>inimicum</strong></span> <span class='ocrx_word' id='word_1_7' title='bbox 638 333 794 392; x_wconf 86' lang='lat' dir='ltr'><strong>quem</strong></span> <span class='ocrx_word' id='word_1_8' title='bbox 845 315 1175 389; x_wconf 83' lang='lat' dir='ltr'><strong>iniquissime</strong></span> <span class='ocrx_word' id='word_1_9' title='bbox 1223 310 1394 368; x_wconf 89' lang='lat' dir='ltr'><strong>oderit</strong></span> <span class='ocrx_word' id='word_1_10' title='bbox 1434 329 1445 367; x_wconf 92' lang='lat'>:</span> <span class='ocrx_word' id='word_1_11' title='bbox 1487 324 1661 382; x_wconf 89' lang='lat' dir='ltr'><strong>quan-</strong></span> 
     </span>
    </p>
   </div>
   <div class='ocr_carea' id='block_1_3' title="bbox 111 403 1660 490">
    <p class='ocr_par' dir='ltr' id='par_1_3' title="bbox 111 403 1660 490">
     <span class='ocr_line' id='line_1_3' title="bbox 111 403 1660 490; baseline -0.013 -15"><span class='ocrx_word' id='word_1_12' title='bbox 111 433 244 490; x_wconf 84' lang='lat' dir='ltr'><strong>quam</strong></span> <span class='ocrx_word' id='word_1_13' title='bbox 295 417 458 473; x_wconf 88' lang='lat' dir='ltr'><strong>etiam</strong></span> <span class='ocrx_word' id='word_1_14' title='bbox 521 413 725 485; x_wconf 89' lang='lat' dir='ltr'><strong>iniquos</strong></span> <span class='ocrx_word' id='word_1_15' title='bbox 791 410 1033 466; x_wconf 90' lang='lat' dir='ltr'><strong>inimicos</strong></span> <span class='ocrx_word' id='word_1_16' title='bbox 1087 407 1309 478; x_wconf 80' lang='lat' dir='ltr'><strong>diligere</strong></span> <span class='ocrx_word' id='word_1_17' title='bbox 1355 403 1660 475; x_wconf 87' lang='lat' dir='ltr'><strong>jubeamur,</strong></span> 
     </span>
    </p>
   </div>
   <div class='ocr_carea' id='block_1_4' title="bbox 111 496 1666 580">
    <p class='ocr_par' dir='ltr' id='par_1_4' title="bbox 111 496 1666 580">
     <span class='ocr_line' id='line_1_4' title="bbox 111 496 1666 580; baseline -0.012 -13"><span class='ocrx_word' id='word_1_18' title='bbox 111 524 152 567; x_wconf 86' lang='lat' dir='ltr'><strong>et</strong></span> <span class='ocrx_word' id='word_1_19' title='bbox 207 524 356 566; x_wconf 88' lang='lat' dir='ltr'><strong>orare</strong></span> <span class='ocrx_word' id='word_1_20' title='bbox 399 523 500 580; x_wconf 90' lang='lat' dir='ltr'><strong>pro</strong></span> <span class='ocrx_word' id='word_1_21' title='bbox 559 507 655 564; x_wconf 91' lang='lat' dir='ltr'><strong>eis.</strong></span> <span class='ocrx_word' id='word_1_22' title='bbox 711 504 898 561; x_wconf 87' lang='lat' dir='ltr'><strong>Subito</strong></span> <span class='ocrx_word' id='word_1_23' title='bbox 943 511 1119 558; x_wconf 90' lang='lat' dir='ltr'><strong>autem</strong></span> <span class='ocrx_word' id='word_1_24' title='bbox 1168 498 1410 571; x_wconf 87' lang='lat' dir='ltr'><strong>periculo</strong></span> <span class='ocrx_word' id='word_1_25' title='bbox 1477 496 1666 551; x_wconf 91' lang='lat' dir='ltr'><strong>mortis</strong></span> 
     </span>
    </p>
   </div>
   <div class='ocr_carea' id='block_1_5' title="bbox 111 597 1664 675">
    <p class='ocr_par' dir='ltr' id='par_1_5' title="bbox 111 597 1664 675">
     <span class='ocr_line' id='line_1_5' title="bbox 111 597 1664 675; baseline -0.011 -14"><span class='ocrx_word' id='word_1_26' title='bbox 111 606 268 675; x_wconf 88' lang='lat' dir='ltr'><strong>incipit</strong></span> <span class='ocrx_word' id='word_1_27' title='bbox 292 602 609 674; x_wconf 89' lang='lat' dir='ltr'><strong>perturbari,</strong></span> <span class='ocrx_word' id='word_1_28' title='bbox 639 609 693 656; x_wconf 91' lang='lat' dir='ltr'><strong>et</strong></span> <span class='ocrx_word' id='word_1_29' title='bbox 719 598 888 670; x_wconf 90' lang='lat' dir='ltr'><strong>poscit</strong></span> <span class='ocrx_word' id='word_1_30' title='bbox 926 597 1258 667; x_wconf 88' lang='lat' dir='ltr'><strong>Baptismum</strong></span> <span class='ocrx_word' id='word_1_31' title='bbox 1287 635 1300 658; x_wconf 94' lang='lat'><strong>,</strong></span> <span class='ocrx_word' id='word_1_32' title='bbox 1332 605 1489 664; x_wconf 88' lang='lat' dir='ltr'><strong>quem</strong></span> <span class='ocrx_word' id='word_1_33' title='bbox 1520 599 1664 645; x_wconf 90' lang='lat' dir='ltr'><strong>tanta</strong></span> 
     </span>
    </p>
   </div>
   <div class='ocr_carea' id='block_1_6' title="bbox 110 682 1667 764">
    <p class='ocr_par' dir='ltr' id='par_1_6' title="bbox 110 682 1667 764">
     <span class='ocr_line' id='line_1_6' title="bbox 110 682 1667 764; baseline -0.012 -11"><span class='ocrx_word' id='word_1_34' title='bbox 110 696 420 753; x_wconf 90' lang='lat' dir='ltr'><strong>festinatione</strong></span> <span class='ocrx_word' id='word_1_35' title='bbox 450 694 672 764; x_wconf 88' lang='lat' dir='ltr'><strong>accipit,</strong></span> <span class='ocrx_word' id='word_1_36' title='bbox 714 700 772 746; x_wconf 90' lang='lat' dir='ltr'><strong>ut</strong></span> <span class='ocrx_word' id='word_1_37' title='bbox 811 687 1166 746; x_wconf 80' lang='lat' dir='ltr'><strong>necessariam</strong></span> <span class='ocrx_word' id='word_1_38' title='bbox 1194 682 1667 754; x_wconf 79' lang='lat' dir='ltr'><strong>interrogationem</strong></span> 
     </span>
    </p>
   </div>
   <div class='ocr_carea' id='block_1_7' title="bbox 110 778 1662 864">
    <p class='ocr_par' dir='ltr' id='par_1_7' title="bbox 110 778 1662 864">
     <span class='ocr_line' id='line_1_7' title="bbox 110 778 1662 864; baseline -0.012 -16"><span class='ocrx_word' id='word_1_39' title='bbox 110 806 371 864; x_wconf 84' lang='lat' dir='ltr'><strong>paucorum</strong></span> <span class='ocrx_word' id='word_1_40' title='bbox 415 789 703 844; x_wconf 84' lang='lat' dir='ltr'><strong>verborum</strong></span> <span class='ocrx_word' id='word_1_41' title='bbox 737 786 825 841; x_wconf 82' lang='lat' dir='ltr'><strong>vix</strong></span> <span class='ocrx_word' id='word_1_42' title='bbox 868 783 1090 855; x_wconf 85' lang='lat' dir='ltr'><strong>periculi</strong></span> <span class='ocrx_word' id='word_1_43' title='bbox 1138 791 1347 851; x_wconf 84' lang='lat' dir='ltr'><strong>tempus</strong></span> <span class='ocrx_word' id='word_1_44' title='bbox 1391 778 1662 839; x_wconf 82' lang='lat' dir='ltr'><strong>admittat,</strong></span> 
     </span>
    </p>
   </div>
   <div class='ocr_carea' id='block_1_8' title="bbox 114 867 1667 956">
    <p class='ocr_par' dir='ltr' id='par_1_8' title="bbox 114 867 1667 956">
     <span class='ocr_line' id='line_1_8' title="bbox 114 867 1667 956; baseline -0.011 -18"><span class='ocrx_word' id='word_1_45' title='bbox 114 885 306 956; x_wconf 84' lang='lat' dir='ltr'><strong>(quanto</strong></span> <span class='ocrx_word' id='word_1_46' title='bbox 319 882 501 936; x_wconf 75' lang='lat' dir='ltr'><strong>m’ms</strong></span> <span class='ocrx_word' id='word_1_47' title='bbox 516 892 818 935; x_wconf 87' lang='lat' dir='ltr'><strong>sermonem</strong></span> <span class='ocrx_word' id='word_1_48' title='bbox 839 871 1252 946; x_wconf 86' lang='lat' dir='ltr'><strong>longissimum?)</strong></span> <span class='ocrx_word' id='word_1_49' title='bbox 1273 881 1328 926; x_wconf 93' lang='lat' dir='ltr'><strong>ut</strong></span> <span class='ocrx_word' id='word_1_50' title='bbox 1345 869 1469 925; x_wconf 88' lang='lat' dir='ltr'><strong>illud</strong></span> <span class='ocrx_word' id='word_1_51' title='bbox 1485 867 1667 923; x_wconf 90' lang='lat' dir='ltr'><strong>odium</strong></span> 
     </span>
    </p>
   </div>
   <div class='ocr_carea' id='block_1_9' title="bbox 111 959 1664 1042">
    <p class='ocr_par' dir='ltr' id='par_1_9' title="bbox 111 959 1664 1042">
     <span class='ocr_line' id='line_1_9' title="bbox 111 959 1664 1042; baseline -0.011 -14"><span class='ocrx_word' id='word_1_52' title='bbox 111 972 250 1029; x_wconf 88' lang='lat' dir='ltr'><strong>corde</strong></span> <span class='ocrx_word' id='word_1_53' title='bbox 277 970 530 1042; x_wconf 78' lang='lat' dir='ltr'><strong>pellatur,</strong></span> <span class='ocrx_word' id='word_1_54' title='bbox 562 968 722 1024; x_wconf 89' lang='lat' dir='ltr'><strong>etiam</strong></span> <span class='ocrx_word' id='word_1_55' title='bbox 749 966 846 1038; x_wconf 90' lang='lat' dir='ltr'><strong>ipsi</strong></span> <span class='ocrx_word' id='word_1_56' title='bbox 872 965 918 1020; x_wconf 88' lang='lat' dir='ltr'><strong>si</strong></span> <span class='ocrx_word' id='word_1_57' title='bbox 949 963 1234 1035; x_wconf 86' lang='lat' dir='ltr'><strong>baptizanti</strong></span> <span class='ocrx_word' id='word_1_58' title='bbox 1274 962 1344 1016; x_wconf 90' lang='lat' dir='ltr'><strong>sit</strong></span> <span class='ocrx_word' id='word_1_59' title='bbox 1371 959 1664 1030; x_wconf 83' lang='lat' dir='ltr'><strong>cognitum.</strong></span> 
     </span>
    </p>
   </div>
   <div class='ocr_carea' id='block_1_10' title="bbox 112 1049 1668 1128">
    <p class='ocr_par' dir='ltr' id='par_1_10' title="bbox 112 1049 1668 1128">
     <span class='ocr_line' id='line_1_10' title="bbox 112 1049 1668 1128; baseline -0.01 -9"><span class='ocrx_word' id='word_1_60' title='bbox 112 1065 245 1119; x_wconf 85' lang='lat' dir='ltr'><strong>Certe</strong></span> <span class='ocrx_word' id='word_1_61' title='bbox 271 1062 368 1116; x_wconf 88' lang='lat' dir='ltr'><strong>ista</strong></span> <span class='ocrx_word' id='word_1_62' title='bbox 403 1075 515 1116; x_wconf 90' lang='lat' dir='ltr'><strong>non</strong></span> <span class='ocrx_word' id='word_1_63' title='bbox 542 1059 716 1115; x_wconf 90' lang='lat' dir='ltr'><strong>solum</strong></span> <span class='ocrx_word' id='word_1_64' title='bbox 740 1056 878 1128; x_wconf 89' lang='lat' dir='ltr'><strong>apud</strong></span> <span class='ocrx_word' id='word_1_65' title='bbox 903 1070 1020 1122; x_wconf 91' lang='lat' dir='ltr'><strong>nos,</strong></span> <span class='ocrx_word' id='word_1_66' title='bbox 1062 1054 1156 1110; x_wconf 92' lang='lat' dir='ltr'><strong>sed</strong></span> <span class='ocrx_word' id='word_1_67' title='bbox 1185 1054 1343 1109; x_wconf 90' lang='lat' dir='ltr'><strong>etiam</strong></span> <span class='ocrx_word' id='word_1_68' title='bbox 1379 1050 1520 1121; x_wconf 91' lang='lat' dir='ltr'><strong>apud</strong></span> <span class='ocrx_word' id='word_1_69' title='bbox 1549 1049 1668 1104; x_wconf 92' lang='lat' dir='ltr'><strong>illos</strong></span> 
     </span>
    </p>
   </div>
   <div class='ocr_carea' id='block_1_11' title="bbox 112 1141 1667 1216">
    <p class='ocr_par' dir='ltr' id='par_1_11' title="bbox 112 1141 1667 1216">
     <span class='ocr_line' id='line_1_11' title="bbox 112 1141 1667 1216; baseline -0.01 -7"><span class='ocrx_word' id='word_1_70' title='bbox 112 1153 298 1209; x_wconf 78' lang='lat' dir='ltr'><strong>evenire</strong></span> <span class='ocrx_word' id='word_1_71' title='bbox 313 1167 419 1206; x_wconf 89' lang='lat' dir='ltr'><strong>non</strong></span> <span class='ocrx_word' id='word_1_72' title='bbox 449 1159 682 1205; x_wconf 89' lang='lat' dir='ltr'><strong>cessant.</strong></span> <span class='ocrx_word' id='word_1_73' title='bbox 704 1146 840 1215; x_wconf 86' lang='lat' dir='ltr'><strong>Quid</strong></span> <span class='ocrx_word' id='word_1_74' title='bbox 865 1161 995 1216; x_wconf 87' lang='lat' dir='ltr'><strong>ergo</strong></span> <span class='ocrx_word' id='word_1_75' title='bbox 1019 1143 1293 1199; x_wconf 84' lang='lat' dir='ltr'><strong>dicimus?</strong></span> <span class='ocrx_word' id='word_1_76' title='bbox 1318 1141 1667 1197; x_wconf 85' lang='lat' dir='ltr'><strong>Dimittuntur</strong></span> 
     </span>
    </p>
   </div>
   <div class='ocr_carea' id='block_1_12' title="bbox 114 1231 1668 1315">
    <p class='ocr_par' dir='ltr' id='par_1_12' title="bbox 114 1231 1668 1315">
     <span class='ocr_line' id='line_1_12' title="bbox 114 1231 1668 1315; baseline -0.01 -15"><span class='ocrx_word' id='word_1_77' title='bbox 114 1252 298 1315; x_wconf 85' lang='lat' dir='ltr'><strong>peccata</strong></span> <span class='ocrx_word' id='word_1_78' title='bbox 324 1243 452 1297; x_wconf 87' lang='lat' dir='ltr'><strong>huic</strong></span> <span class='ocrx_word' id='word_1_79' title='bbox 493 1240 722 1304; x_wconf 85' lang='lat' dir='ltr'><strong>homini,</strong></span> <span class='ocrx_word' id='word_1_80' title='bbox 770 1254 836 1292; x_wconf 87' lang='lat' dir='ltr'><strong>an</strong></span> <span class='ocrx_word' id='word_1_81' title='bbox 879 1251 987 1292; x_wconf 91' lang='lat' dir='ltr'><strong>non</strong></span> <span class='ocrx_word' id='word_1_82' title='bbox 1035 1233 1415 1290; x_wconf 86' lang='lat' dir='ltr'><strong>dimittuntur?</strong></span> <span class='ocrx_word' id='word_1_83' title='bbox 1442 1231 1668 1286; x_wconf 85' lang='lat' dir='ltr'><strong>Prorsus</strong></span> 
     </span>
    </p>
   </div>
   <div class='ocr_carea' id='block_1_13' title="bbox 113 1321 1670 1405">
    <p class='ocr_par' dir='ltr' id='par_1_13' title="bbox 113 1321 1670 1405">
     <span class='ocr_line' id='line_1_13' title="bbox 113 1321 1670 1405; baseline -0.009 -17"><span class='ocrx_word' id='word_1_84' title='bbox 113 1334 231 1405; x_wconf 83' lang='lat' dir='ltr'><strong>quod</strong></span> <span class='ocrx_word' id='word_1_85' title='bbox 256 1333 438 1388; x_wconf 87' lang='lat' dir='ltr'><strong>volunt</strong></span> <span class='ocrx_word' id='word_1_86' title='bbox 466 1331 684 1401; x_wconf 77' lang='lat' dir='ltr'><strong>eligant.</strong></span> <span class='ocrx_word' id='word_1_87' title='bbox 729 1327 787 1384; x_wconf 89' lang='lat' dir='ltr'><strong>Si</strong></span> <span class='ocrx_word' id='word_1_88' title='bbox 831 1329 972 1384; x_wconf 89' lang='lat' dir='ltr'><strong>enim</strong></span> <span class='ocrx_word' id='word_1_89' title='bbox 1014 1325 1373 1390; x_wconf 90' lang='lat' dir='ltr'><strong>dimittuntur,</strong></span> <span class='ocrx_word' id='word_1_90' title='bbox 1416 1321 1670 1378; x_wconf 88' lang='lat' dir='ltr'><strong>continuo</strong></span> 
     </span>
    </p>
   </div>
   <div class='ocr_carea' id='block_1_14' title="bbox 115 1412 1670 1494">
    <p class='ocr_par' dir='ltr' id='par_1_14' title="bbox 115 1412 1670 1494">
     <span class='ocr_line' id='line_1_14' title="bbox 115 1412 1670 1494; baseline -0.01 -13"><span class='ocrx_word' id='word_1_91' title='bbox 115 1426 311 1481; x_wconf 88' lang='lat' dir='ltr'><strong>redeunt</strong></span> <span class='ocrx_word' id='word_1_92' title='bbox 341 1441 354 1477; x_wconf 91' lang='lat'><strong>:</strong></span> <span class='ocrx_word' id='word_1_93' title='bbox 384 1422 732 1494; x_wconf 87' lang='lat' dir='ltr'><strong>Evangelium</strong></span> <span class='ocrx_word' id='word_1_94' title='bbox 762 1419 1017 1489; x_wconf 86' lang='lat' dir='ltr'><strong>loquitur,</strong></span> <span class='ocrx_word' id='word_1_95' title='bbox 1047 1416 1245 1472; x_wconf 91' lang='lat' dir='ltr'><strong>veritas</strong></span> <span class='ocrx_word' id='word_1_96' title='bbox 1288 1415 1502 1468; x_wconf 88' lang='lat' dir='ltr'><strong>clamat.</strong></span> <span class='ocrx_word' id='word_1_97' title='bbox 1545 1412 1670 1467; x_wconf 90' lang='lat' dir='ltr'><strong>Sive</strong></span> 
     </span>
    </p>
   </div>
   <div class='ocr_carea' id='block_1_15' title="bbox 115 1503 1670 1587">
    <p class='ocr_par' dir='ltr' id='par_1_15' title="bbox 115 1503 1670 1587">
     <span class='ocr_line' id='line_1_15' title="bbox 115 1503 1670 1587; baseline -0.01 -15"><span class='ocrx_word' id='word_1_98' title='bbox 115 1533 222 1587; x_wconf 84' lang='lat' dir='ltr'><strong>ergo</strong></span> <span class='ocrx_word' id='word_1_99' title='bbox 245 1516 598 1578; x_wconf 87' lang='lat' dir='ltr'><strong>dimittantur,</strong></span> <span class='ocrx_word' id='word_1_100' title='bbox 653 1513 764 1567; x_wconf 89' lang='lat' dir='ltr'><strong>sive</strong></span> <span class='ocrx_word' id='word_1_101' title='bbox 811 1525 917 1566; x_wconf 91' lang='lat' dir='ltr'><strong>non</strong></span> <span class='ocrx_word' id='word_1_102' title='bbox 961 1508 1312 1573; x_wconf 89' lang='lat' dir='ltr'><strong>dimittantur,</strong></span> <span class='ocrx_word' id='word_1_103' title='bbox 1371 1503 1670 1560; x_wconf 85' lang='lat' dir='ltr'><strong>necessaria</strong></span> 
     </span>
    </p>
   </div>
   <div class='ocr_carea' id='block_1_16' title="bbox 117 1595 1671 1680">
    <p class='ocr_par' dir='ltr' id='par_1_16' title="bbox 117 1595 1671 1680">
     <span class='ocr_line' id='line_1_16' title="bbox 117 1595 1671 1680; baseline -0.01 -14"><span class='ocrx_word' id='word_1_104' title='bbox 117 1621 186 1666; x_wconf 83' lang='lat' dir='ltr'><strong>est</strong></span> <span class='ocrx_word' id='word_1_105' title='bbox 216 1618 389 1680; x_wconf 89' lang='lat' dir='ltr'><strong>postea</strong></span> <span class='ocrx_word' id='word_1_106' title='bbox 417 1604 680 1662; x_wconf 84' lang='lat' dir='ltr'><strong>medicina</strong></span> <span class='ocrx_word' id='word_1_107' title='bbox 719 1621 731 1658; x_wconf 90' lang='lat'>:</span> <span class='ocrx_word' id='word_1_108' title='bbox 762 1618 861 1658; x_wconf 89' lang='lat' dir='ltr'><strong>nec</strong></span> <span class='ocrx_word' id='word_1_109' title='bbox 888 1611 1066 1657; x_wconf 88' lang='lat' dir='ltr'><strong>tamen</strong></span> <span class='ocrx_word' id='word_1_110' title='bbox 1097 1600 1142 1656; x_wconf 88' lang='lat' dir='ltr'><strong>si</strong></span> <span class='ocrx_word' id='word_1_111' title='bbox 1171 1598 1381 1660; x_wconf 78' lang='lat' dir='ltr'><strong>vixerit.</strong></span> <span class='ocrx_word' id='word_1_112' title='bbox 1431 1606 1589 1666; x_wconf 89' lang='lat' dir='ltr'><strong>atque</strong></span> <span class='ocrx_word' id='word_1_113' title='bbox 1617 1595 1671 1650; x_wconf 88' lang='lat' dir='ltr'><strong>id</strong></span> 
     </span>
    </p>
   </div>
   <div class='ocr_carea' id='block_1_17' title="bbox 115 1687 1673 1770">
    <p class='ocr_par' dir='ltr' id='par_1_17' title="bbox 115 1687 1673 1770">
     <span class='ocr_line' id='line_1_17' title="bbox 115 1687 1673 1770; baseline -0.01 -14"><span class='ocrx_word' id='word_1_114' title='bbox 115 1699 460 1770; x_wconf 76' lang='lat' dir='ltr'><strong>corrigendum</strong></span> <span class='ocrx_word' id='word_1_115' title='bbox 507 1711 628 1752; x_wconf 89' lang='lat' dir='ltr'><strong>esse</strong></span> <span class='ocrx_word' id='word_1_116' title='bbox 653 1693 896 1750; x_wconf 88' lang='lat' dir='ltr'><strong>didicerit</strong></span> <span class='ocrx_word' id='word_1_117' title='bbox 924 1700 1084 1762; x_wconf 85' lang='lat' dir='ltr'><strong>atque</strong></span> <span class='ocrx_word' id='word_1_118' title='bbox 1117 1687 1444 1752; x_wconf 82' lang='lat' dir='ltr'><strong>correxerit,</strong></span> <span class='ocrx_word' id='word_1_119' title='bbox 1495 1687 1673 1742; x_wconf 91' lang='lat' dir='ltr'><strong>denuo</strong></span> 
     </span>
    </p>
   </div>
   <div class='ocr_carea' id='block_1_18' title="bbox 117 1779 1672 1862">
    <p class='ocr_par' dir='ltr' id='par_1_18' title="bbox 117 1779 1672 1862">
     <span class='ocr_line' id='line_1_18' title="bbox 117 1779 1672 1862; baseline -0.008 -16"><span class='ocrx_word' id='word_1_120' title='bbox 117 1791 403 1862; x_wconf 80' lang='lat' dir='ltr'><strong>baptizatur,</strong></span> <span class='ocrx_word' id='word_1_121' title='bbox 437 1790 552 1844; x_wconf 87' lang='lat' dir='ltr'><strong>sive</strong></span> <span class='ocrx_word' id='word_1_122' title='bbox 578 1786 720 1858; x_wconf 89' lang='lat' dir='ltr'><strong>apud</strong></span> <span class='ocrx_word' id='word_1_123' title='bbox 747 1785 888 1851; x_wconf 89' lang='lat' dir='ltr'><strong>illos,</strong></span> <span class='ocrx_word' id='word_1_124' title='bbox 921 1784 1034 1839; x_wconf 87' lang='lat' dir='ltr'><strong>sive</strong></span> <span class='ocrx_word' id='word_1_125' title='bbox 1054 1781 1195 1852; x_wconf 90' lang='lat' dir='ltr'><strong>apud</strong></span> <span class='ocrx_word' id='word_1_126' title='bbox 1229 1795 1346 1836; x_wconf 92' lang='lat' dir='ltr'><strong>nos.</strong></span> <span class='ocrx_word' id='word_1_127' title='bbox 1386 1779 1474 1835; x_wconf 91' lang='lat' dir='ltr'><strong>Sic</strong></span> <span class='ocrx_word' id='word_1_128' title='bbox 1496 1786 1552 1834; x_wconf 90' lang='lat' dir='ltr'><strong>et</strong></span> <span class='ocrx_word' id='word_1_129' title='bbox 1585 1779 1672 1833; x_wconf 89' lang='lat' dir='ltr'><strong>illa</strong></span> 
     </span>
    </p>
   </div>
   <div class='ocr_carea' id='block_1_19' title="bbox 117 1871 1673 1951">
    <p class='ocr_par' dir='ltr' id='par_1_19' title="bbox 117 1871 1673 1951">
     <span class='ocr_line' id='line_1_19' title="bbox 117 1871 1673 1951; baseline -0.008 -15"><span class='ocrx_word' id='word_1_130' title='bbox 117 1898 214 1951; x_wconf 76' lang='lat' dir='ltr'><strong>qua:</strong></span> <span class='ocrx_word' id='word_1_131' title='bbox 236 1879 558 1938; x_wconf 88' lang='lat' dir='ltr'><strong>schismatici</strong></span> <span class='ocrx_word' id='word_1_132' title='bbox 576 1879 663 1934; x_wconf 89' lang='lat' dir='ltr'><strong>vel</strong></span> <span class='ocrx_word' id='word_1_133' title='bbox 700 1875 936 1932; x_wconf 65' lang='lat' dir='ltr'><strong>haeretici</strong></span> <span class='ocrx_word' id='word_1_134' title='bbox 978 1888 1085 1929; x_wconf 89' lang='lat' dir='ltr'><strong>non</strong></span> <span class='ocrx_word' id='word_1_135' title='bbox 1122 1872 1276 1928; x_wconf 89' lang='lat' dir='ltr'><strong>aliter</strong></span> <span class='ocrx_word' id='word_1_136' title='bbox 1313 1871 1541 1936; x_wconf 87' lang='lat' dir='ltr'><strong>habent,</strong></span> <span class='ocrx_word' id='word_1_137' title='bbox 1572 1883 1673 1925; x_wconf 89' lang='lat' dir='ltr'><strong>nec</strong></span> 
     </span>
    </p>
   </div>
   <div class='ocr_carea' id='block_1_20' title="bbox 119 1962 1668 2043">
    <p class='ocr_par' dir='ltr' id='par_1_20' title="bbox 119 1962 1668 2043">
     <span class='ocr_line' id='line_1_20' title="bbox 119 1962 1668 2043; baseline -0.009 -16"><span class='ocrx_word' id='word_1_138' title='bbox 119 1974 249 2028; x_wconf 78' lang='lat' dir='ltr'><strong>aliter</strong></span> <span class='ocrx_word' id='word_1_139' title='bbox 273 1979 434 2042; x_wconf 86' lang='lat' dir='ltr'><strong>agunt</strong></span> <span class='ocrx_word' id='word_1_140' title='bbox 451 1985 614 2043; x_wconf 88' lang='lat' dir='ltr'><strong>quam</strong></span> <span class='ocrx_word' id='word_1_141' title='bbox 635 1983 760 2023; x_wconf 90' lang='lat' dir='ltr'><strong>vera</strong></span> <span class='ocrx_word' id='word_1_142' title='bbox 791 1965 1050 2031; x_wconf 85' lang='lat' dir='ltr'><strong>Ecclesia,</strong></span> <span class='ocrx_word' id='word_1_143' title='bbox 1079 1979 1199 2020; x_wconf 88' lang='lat' dir='ltr'><strong>cum</strong></span> <span class='ocrx_word' id='word_1_144' title='bbox 1225 1963 1290 2017; x_wconf 90' lang='lat' dir='ltr'><strong>ad</strong></span> <span class='ocrx_word' id='word_1_145' title='bbox 1313 1977 1410 2018; x_wconf 91' lang='lat' dir='ltr'><strong>nos</strong></span> <span class='ocrx_word' id='word_1_146' title='bbox 1431 1962 1668 2026; x_wconf 87' lang='lat' dir='ltr'><strong>veniunt,</strong></span> 
     </span>
    </p>
   </div>
   <div class='ocr_carea' id='block_1_21' title="bbox 119 2051 1672 2128">
    <p class='ocr_par' dir='ltr' id='par_1_21' title="bbox 119 2051 1672 2128">
     <span class='ocr_line' id='line_1_21' title="bbox 119 2051 1672 2128; baseline -0.008 -10"><span class='ocrx_word' id='word_1_147' title='bbox 119 2077 206 2118; x_wconf 88' lang='lat' dir='ltr'><strong>non</strong></span> <span class='ocrx_word' id='word_1_148' title='bbox 229 2061 606 2127; x_wconf 89' lang='lat' dir='ltr'><strong>emendamus,</strong></span> <span class='ocrx_word' id='word_1_149' title='bbox 641 2057 735 2114; x_wconf 89' lang='lat' dir='ltr'><strong>sed</strong></span> <span class='ocrx_word' id='word_1_150' title='bbox 770 2057 947 2128; x_wconf 89' lang='lat' dir='ltr'><strong>potius</strong></span> <span class='ocrx_word' id='word_1_151' title='bbox 975 2055 1352 2126; x_wconf 74' lang='lat' dir='ltr'><strong>approbemus.</strong></span> <span class='ocrx_word' id='word_1_152' title='bbox 1391 2052 1448 2106; x_wconf 86' lang='lat' dir='ltr'><strong>In</strong></span> <span class='ocrx_word' id='word_1_153' title='bbox 1482 2051 1672 2122; x_wconf 87' lang='lat' dir='ltr'><strong>quibus</strong></span> 
     </span>
    </p>
   </div>
   <div class='ocr_carea' id='block_1_22' title="bbox 119 2146 1670 2216">
    <p class='ocr_par' dir='ltr' id='par_1_22' title="bbox 119 2146 1670 2216">
     <span class='ocr_line' id='line_1_22' title="bbox 119 2146 1670 2216; baseline -0.008 -5"><span class='ocrx_word' id='word_1_154' title='bbox 119 2154 238 2210; x_wconf 85' lang='lat' dir='ltr'><strong>enim</strong></span> <span class='ocrx_word' id='word_1_155' title='bbox 261 2171 362 2210; x_wconf 86' lang='lat' dir='ltr'><strong>nun</strong></span> <span class='ocrx_word' id='word_1_156' title='bbox 404 2153 728 2210; x_wconf 90' lang='lat' dir='ltr'><strong>dissentiunt</strong></span> <span class='ocrx_word' id='word_1_157' title='bbox 748 2166 778 2206; x_wconf 88' lang='lat' dir='ltr'><strong>a</strong></span> <span class='ocrx_word' id='word_1_158' title='bbox 803 2151 959 2206; x_wconf 89' lang='lat' dir='ltr'><strong>nobis</strong></span> <span class='ocrx_word' id='word_1_159' title='bbox 981 2191 995 2214; x_wconf 94' lang='lat'><strong>,</strong></span> <span class='ocrx_word' id='word_1_160' title='bbox 1035 2149 1087 2204; x_wconf 90' lang='lat' dir='ltr'><strong>in</strong></span> <span class='ocrx_word' id='word_1_161' title='bbox 1113 2149 1192 2204; x_wconf 89' lang='lat' dir='ltr'><strong>eis</strong></span> <span class='ocrx_word' id='word_1_162' title='bbox 1220 2163 1328 2202; x_wconf 90' lang='lat' dir='ltr'><strong>non</strong></span> <span class='ocrx_word' id='word_1_163' title='bbox 1356 2146 1670 2216; x_wconf 83' lang='lat' dir='ltr'><strong>disjungun-</strong></span> 
     </span>
    </p>
   </div>
   <div class='ocr_carea' id='block_1_23' title="bbox 119 2239 1671 2312">
    <p class='ocr_par' dir='ltr' id='par_1_23' title="bbox 119 2239 1671 2312">
     <span class='ocr_line' id='line_1_23' title="bbox 119 2239 1671 2312; baseline -0.006 -11"><span class='ocrx_word' id='word_1_164' title='bbox 119 2256 190 2301; x_wconf 84' lang='lat' dir='ltr'><strong>tur</strong></span> <span class='ocrx_word' id='word_1_165' title='bbox 213 2262 239 2300; x_wconf 90' lang='lat' dir='ltr'><strong>a</strong></span> <span class='ocrx_word' id='word_1_166' title='bbox 267 2247 434 2302; x_wconf 90' lang='lat' dir='ltr'><strong>nobis.</strong></span> <span class='ocrx_word' id='word_1_167' title='bbox 467 2244 577 2300; x_wconf 89' lang='lat' dir='ltr'><strong>Sed</strong></span> <span class='ocrx_word' id='word_1_168' title='bbox 605 2255 783 2300; x_wconf 87' lang='lat' dir='ltr'><strong>tamen</strong></span> <span class='ocrx_word' id='word_1_169' title='bbox 813 2242 934 2312; x_wconf 89' lang='lat' dir='ltr'><strong>quia</strong></span> <span class='ocrx_word' id='word_1_170' title='bbox 959 2239 1090 2295; x_wconf 85' lang='lat' dir='ltr'><strong>nihil</strong></span> <span class='ocrx_word' id='word_1_171' title='bbox 1117 2240 1196 2295; x_wconf 91' lang='lat' dir='ltr'><strong>eis</strong></span> <span class='ocrx_word' id='word_1_172' title='bbox 1226 2245 1450 2310; x_wconf 89' lang='lat' dir='ltr'><strong>prosunt</strong></span> <span class='ocrx_word' id='word_1_173' title='bbox 1480 2251 1671 2308; x_wconf 87' lang='lat' dir='ltr'><strong>quam-</strong></span> 
     </span>
    </p>
   </div>
   <div class='ocr_carea' id='block_1_24' title="bbox 119 2328 1672 2401">
    <p class='ocr_par' dir='ltr' id='par_1_24' title="bbox 119 2328 1672 2401">
     <span class='ocr_line' id='line_1_24' title="bbox 119 2328 1672 2401; baseline -0.008 -7"><span class='ocrx_word' id='word_1_174' title='bbox 119 2340 194 2394; x_wconf 89' lang='lat' dir='ltr'><strong>diu</strong></span> <span class='ocrx_word' id='word_1_175' title='bbox 209 2337 522 2394; x_wconf 87' lang='lat' dir='ltr'><strong>schismatici</strong></span> <span class='ocrx_word' id='word_1_176' title='bbox 541 2335 630 2390; x_wconf 91' lang='lat' dir='ltr'><strong>vel</strong></span> <span class='ocrx_word' id='word_1_177' title='bbox 658 2333 892 2389; x_wconf 72' lang='lat' dir='ltr'><strong>haeretici</strong></span> <span class='ocrx_word' id='word_1_178' title='bbox 921 2339 1076 2398; x_wconf 91' lang='lat' dir='ltr'><strong>sunt,</strong></span> <span class='ocrx_word' id='word_1_179' title='bbox 1103 2338 1324 2401; x_wconf 87' lang='lat' dir='ltr'><strong>propter</strong></span> <span class='ocrx_word' id='word_1_180' title='bbox 1352 2329 1451 2383; x_wconf 89' lang='lat' dir='ltr'><strong>alia</strong></span> <span class='ocrx_word' id='word_1_181' title='bbox 1477 2329 1528 2382; x_wconf 90' lang='lat' dir='ltr'><strong>in</strong></span> <span class='ocrx_word' id='word_1_182' title='bbox 1549 2328 1672 2398; x_wconf 88' lang='lat' dir='ltr'><strong>qui-</strong></span> 
     </span>
    </p>
   </div>
   <div class='ocr_carea' id='block_1_25' title="bbox 119 2421 1672 2493">
    <p class='ocr_par' dir='ltr' id='par_1_25' title="bbox 119 2421 1672 2493">
     <span class='ocr_line' id='line_1_25' title="bbox 119 2421 1672 2493; baseline -0.01 -6"><span class='ocrx_word' id='word_1_183' title='bbox 119 2433 202 2485; x_wconf 88' lang='lat' dir='ltr'><strong>bus</strong></span> <span class='ocrx_word' id='word_1_184' title='bbox 220 2445 250 2486; x_wconf 80' lang='lat' dir='ltr'><strong>a</strong></span> <span class='ocrx_word' id='word_1_185' title='bbox 269 2431 491 2486; x_wconf 83' lang='lat' dir='ltr'><strong>veritate</strong></span> <span class='ocrx_word' id='word_1_186' title='bbox 533 2425 872 2491; x_wconf 90' lang='lat' dir='ltr'><strong>dissentiunt,</strong></span> <span class='ocrx_word' id='word_1_187' title='bbox 914 2432 969 2479; x_wconf 92' lang='lat' dir='ltr'><strong>et</strong></span> <span class='ocrx_word' id='word_1_188' title='bbox 996 2433 1212 2493; x_wconf 84' lang='lat' dir='ltr'><strong>propter</strong></span> <span class='ocrx_word' id='word_1_189' title='bbox 1241 2421 1413 2490; x_wconf 89' lang='lat' dir='ltr'><strong>ipsum</strong></span> <span class='ocrx_word' id='word_1_190' title='bbox 1453 2432 1672 2488; x_wconf 83' lang='lat' dir='ltr'><strong>separa-</strong></span> 
     </span>
    </p>
   </div>
   <div class='ocr_carea' id='block_1_26' title="bbox 119 2511 1672 2586">
    <p class='ocr_par' dir='ltr' id='par_1_26' title="bbox 119 2511 1672 2586">
     <span class='ocr_line' id='line_1_26' title="bbox 119 2511 1672 2586; baseline -0.007 -10"><span class='ocrx_word' id='word_1_191' title='bbox 119 2523 256 2579; x_wconf 86' lang='lat' dir='ltr'><strong>tiouis</strong></span> <span class='ocrx_word' id='word_1_192' title='bbox 275 2522 720 2578; x_wconf 86' lang='lat' dir='ltr'><strong>immanissimum</strong></span> <span class='ocrx_word' id='word_1_193' title='bbox 747 2517 941 2584; x_wconf 87' lang='lat' dir='ltr'><strong>scelus,</strong></span> <span class='ocrx_word' id='word_1_194' title='bbox 973 2515 1085 2572; x_wconf 89' lang='lat' dir='ltr'><strong>sive</strong></span> <span class='ocrx_word' id='word_1_195' title='bbox 1109 2513 1502 2586; x_wconf 86' lang='lat' dir='ltr'><strong>permanserint</strong></span> <span class='ocrx_word' id='word_1_196' title='bbox 1524 2512 1576 2566; x_wconf 91' lang='lat' dir='ltr'><strong>in</strong></span> <span class='ocrx_word' id='word_1_197' title='bbox 1593 2511 1672 2566; x_wconf 90' lang='lat' dir='ltr'><strong>eis</strong></span> 
     </span>
    </p>
   </div>
   <div class='ocr_carea' id='block_1_27' title="bbox 121 2603 1670 2684">
    <p class='ocr_par' dir='ltr' id='par_1_27' title="bbox 121 2603 1670 2684">
     <span class='ocr_line' id='line_1_27' title="bbox 121 2603 1670 2684; baseline -0.01 -14"><span class='ocrx_word' id='word_1_198' title='bbox 121 2622 327 2684; x_wconf 82' lang='lat' dir='ltr'><strong>peccata,</strong></span> <span class='ocrx_word' id='word_1_199' title='bbox 358 2614 474 2668; x_wconf 88' lang='lat' dir='ltr'><strong>sive</strong></span> <span class='ocrx_word' id='word_1_200' title='bbox 505 2611 760 2667; x_wconf 90' lang='lat' dir='ltr'><strong>continuo</strong></span> <span class='ocrx_word' id='word_1_201' title='bbox 783 2608 1002 2664; x_wconf 90' lang='lat' dir='ltr'><strong>dimissa</strong></span> <span class='ocrx_word' id='word_1_202' title='bbox 1029 2605 1306 2671; x_wconf 88' lang='lat' dir='ltr'><strong>redierint,</strong></span> <span class='ocrx_word' id='word_1_203' title='bbox 1337 2614 1393 2658; x_wconf 91' lang='lat' dir='ltr'><strong>ut</strong></span> <span class='ocrx_word' id='word_1_204' title='bbox 1418 2603 1484 2657; x_wconf 89' lang='lat' dir='ltr'><strong>ad</strong></span> <span class='ocrx_word' id='word_1_205' title='bbox 1523 2603 1670 2657; x_wconf 86' lang='lat' dir='ltr'><strong>sani-</strong></span> 
     </span>
    </p>
   </div>
   <div class='ocr_carea' id='block_1_28' title="bbox 123 2696 1669 2777">
    <p class='ocr_par' dir='ltr' id='par_1_28' title="bbox 123 2696 1669 2777">
     <span class='ocr_line' id='line_1_28' title="bbox 123 2696 1669 2777; baseline -0.008 -17"><span class='ocrx_word' id='word_1_206' title='bbox 123 2713 259 2762; x_wconf 81' lang='lat' dir='ltr'><strong>tatem</strong></span> <span class='ocrx_word' id='word_1_207' title='bbox 285 2707 426 2777; x_wconf 88' lang='lat' dir='ltr'><strong>pacis</strong></span> <span class='ocrx_word' id='word_1_208' title='bbox 469 2707 488 2738; x_wconf 87' lang='grc'>¹</span> <span class='ocrx_word' id='word_1_209' title='bbox 518 2713 680 2774; x_wconf 88' lang='lat' dir='ltr'><strong>atque</strong></span> <span class='ocrx_word' id='word_1_210' title='bbox 724 2699 997 2757; x_wconf 89' lang='lat' dir='ltr'><strong>charitatis</strong></span> <span class='ocrx_word' id='word_1_211' title='bbox 1042 2699 1259 2754; x_wconf 90' lang='lat' dir='ltr'><strong>veniant</strong></span> <span class='ocrx_word' id='word_1_212' title='bbox 1307 2696 1669 2759; x_wconf 88' lang='lat' dir='ltr'><strong>adhortamur;</strong></span> 
     </span>
    </p>
   </div>
   <div class='ocr_carea' id='block_1_29' title="bbox 123 2785 1674 2865">
    <p class='ocr_par' dir='ltr' id='par_1_29' title="bbox 123 2785 1674 2865">
     <span class='ocr_line' id='line_1_29' title="bbox 123 2785 1674 2865; baseline -0.008 -12"><span class='ocrx_word' id='word_1_213' title='bbox 123 2810 212 2852; x_wconf 83' lang='lat' dir='ltr'><strong>non</strong></span> <span class='ocrx_word' id='word_1_214' title='bbox 228 2797 388 2852; x_wconf 89' lang='lat' dir='ltr'><strong>solum</strong></span> <span class='ocrx_word' id='word_1_215' title='bbox 415 2805 478 2851; x_wconf 87' lang='lat' dir='ltr'><strong>ut</strong></span> <span class='ocrx_word' id='word_1_216' title='bbox 501 2792 699 2865; x_wconf 89' lang='lat' dir='ltr'><strong>aliquid</strong></span> <span class='ocrx_word' id='word_1_217' title='bbox 720 2792 950 2847; x_wconf 85' lang='lat' dir='ltr'><strong>habeant</strong></span> <span class='ocrx_word' id='word_1_218' title='bbox 973 2789 1115 2862; x_wconf 91' lang='lat' dir='ltr'><strong>quod</strong></span> <span class='ocrx_word' id='word_1_219' title='bbox 1143 2803 1247 2844; x_wconf 92' lang='lat' dir='ltr'><strong>non</strong></span> <span class='ocrx_word' id='word_1_220' title='bbox 1268 2787 1554 2851; x_wconf 87' lang='lat' dir='ltr'><strong>habebant,</strong></span> <span class='ocrx_word' id='word_1_221' title='bbox 1579 2785 1674 2841; x_wconf 85' lang='lat' dir='ltr'><strong>sed</strong></span> 
     </span>
    </p>
   </div>
   <div class='ocr_carea' id='block_1_30' title="bbox 125 2878 1601 2956">
    <p class='ocr_par' dir='ltr' id='par_1_30' title="bbox 125 2878 1601 2956">
     <span class='ocr_line' id='line_1_30' title="bbox 125 2878 1601 2956; baseline -0.01 -10"><span class='ocrx_word' id='word_1_222' title='bbox 125 2888 256 2947; x_wconf 68' lang='lat' dir='ltr'><strong>meis</strong></span> <span class='ocrx_word' id='word_1_223' title='bbox 276 2890 430 2945; x_wconf 90' lang='lat' dir='ltr'><strong>etiam</strong></span> <span class='ocrx_word' id='word_1_224' title='bbox 454 2887 589 2942; x_wconf 87' lang='lat' dir='ltr'><strong>illud</strong></span> <span class='ocrx_word' id='word_1_225' title='bbox 616 2885 870 2956; x_wconf 91' lang='lat' dir='ltr'><strong>prodesse</strong></span> <span class='ocrx_word' id='word_1_226' title='bbox 898 2883 1116 2953; x_wconf 89' lang='lat' dir='ltr'><strong>incipiat</strong></span> <span class='ocrx_word' id='word_1_227' title='bbox 1141 2880 1286 2952; x_wconf 92' lang='lat' dir='ltr'><strong>quod</strong></span> <span class='ocrx_word' id='word_1_228' title='bbox 1313 2878 1601 2935; x_wconf 87' lang='lat' dir='ltr'><strong>habebant.</strong></span> 
     </span>
    </p>
   </div>
   <div class='ocr_carea' id='block_1_31' title="bbox 179 2969 1672 3044">
    <p class='ocr_par' dir='ltr' id='par_1_31' title="bbox 179 2969 1672 3044">
     <span class='ocr_line' id='line_1_31' title="bbox 179 2969 1672 3044; baseline -0.011 -6"><span class='ocrx_word' id='word_1_229' title='bbox 179 2980 387 3037; x_wconf 79' lang='lat' dir='ltr'><strong>CAPUT</strong></span> <span class='ocrx_word' id='word_1_230' title='bbox 415 2977 561 3036; x_wconf 80' lang='lat' dir='ltr'><strong>XIV.</strong></span> <span class='ocrx_word' id='word_1_231' title='bbox 591 3007 664 3019; x_wconf 93' lang='lat'><strong>—-</strong></span> <span class='ocrx_word' id='word_1_232' title='bbox 684 2976 775 3032; x_wconf 74' lang='lat'><strong>22.</strong></span> <span class='ocrx_word' id='word_1_233' title='bbox 823 2974 1040 3030; x_wconf 84' lang='lat' dir='ltr'><strong>Frustra</strong></span> <span class='ocrx_word' id='word_1_234' title='bbox 1091 2987 1220 3044; x_wconf 89' lang='lat' dir='ltr'><strong>ergo</strong></span> <span class='ocrx_word' id='word_1_235' title='bbox 1269 2969 1423 3026; x_wconf 89' lang='lat' dir='ltr'><strong>nobis</strong></span> <span class='ocrx_word' id='word_1_236' title='bbox 1446 2969 1629 3025; x_wconf 92' lang='lat' dir='ltr'><strong>dicunt</strong></span> <span class='ocrx_word' id='word_1_237' title='bbox 1657 2984 1672 3021; x_wconf 88' lang='lat'><strong>:</strong></span> 
     </span>
    </p>
   </div>
   <div class='ocr_carea' id='block_1_32' title="bbox 128 3059 1678 3141">
    <p class='ocr_par' dir='ltr' id='par_1_32' title="bbox 128 3059 1678 3141">
     <span class='ocr_line' id='line_1_32' title="bbox 128 3059 1678 3141; baseline -0.005 -19"><span class='ocrx_word' id='word_1_238' title='bbox 128 3088 144 3122; x_wconf 73' lang='grc' dir='ltr'>ι</span> <span class='ocrx_word' id='word_1_239' title='bbox 173 3068 221 3126; x_wconf 89' lang='lat' dir='ltr'><strong>Si</strong></span> <span class='ocrx_word' id='word_1_240' title='bbox 249 3070 576 3141; x_wconf 85' lang='lat' dir='ltr'><strong>Baptismum</strong></span> <span class='ocrx_word' id='word_1_241' title='bbox 607 3075 845 3122; x_wconf 88' lang='lat' dir='ltr'><strong>nostrum</strong></span> <span class='ocrx_word' id='word_1_242' title='bbox 872 3064 1161 3135; x_wconf 89' lang='lat' dir='ltr'><strong>acceptatis</strong></span> <span class='ocrx_word' id='word_1_243' title='bbox 1181 3104 1195 3130; x_wconf 93' lang='lat'><strong>,</strong></span> <span class='ocrx_word' id='word_1_244' title='bbox 1226 3060 1353 3132; x_wconf 88' lang='lat' dir='ltr'><strong>quid</strong></span> <span class='ocrx_word' id='word_1_245' title='bbox 1378 3061 1554 3116; x_wconf 89' lang='lat' dir='ltr'><strong>minus</strong></span> <span class='ocrx_word' id='word_1_246' title='bbox 1583 3059 1678 3114; x_wconf 89' lang='lat' dir='ltr'><strong>ha-</strong></span> 
     </span>
    </p>
   </div>
   <div class='ocr_carea' id='block_1_33' title="bbox 122 3150 1678 3227">
    <p class='ocr_par' dir='ltr' id='par_1_33' title="bbox 122 3150 1678 3227">
     <span class='ocr_line' id='line_1_33' title="bbox 122 3150 1678 3227; baseline -0.008 -9"><span class='ocrx_word' id='word_1_247' title='bbox 122 3161 303 3227; x_wconf 86' lang='lat' dir='ltr'><strong>bemus,</strong></span> <span class='ocrx_word' id='word_1_248' title='bbox 327 3169 386 3216; x_wconf 90' lang='lat' dir='ltr'><strong>ut</strong></span> <span class='ocrx_word' id='word_1_249' title='bbox 414 3158 576 3215; x_wconf 90' lang='lat' dir='ltr'><strong>nobis</strong></span> <span class='ocrx_word' id='word_1_250' title='bbox 594 3156 664 3213; x_wconf 90' lang='lat' dir='ltr'><strong>de</strong></span> <span class='ocrx_word' id='word_1_251' title='bbox 685 3164 862 3212; x_wconf 87' lang='lat' dir='ltr'><strong>vestra</strong></span> <span class='ocrx_word' id='word_1_252' title='bbox 887 3155 1260 3211; x_wconf 88' lang='lat' dir='ltr'><strong>communione</strong></span> <span class='ocrx_word' id='word_1_253' title='bbox 1291 3150 1678 3209; x_wconf 89' lang='lat' dir='ltr'><strong>consulendum</strong></span> 
     </span>
    </p>
   </div>
   <div class='ocr_carea' id='block_1_34' title="bbox 122 3247 1678 3322">
    <p class='ocr_par' dir='ltr' id='par_1_34' title="bbox 122 3247 1678 3322">
     <span class='ocr_line' id='line_1_34' title="bbox 122 3247 1678 3322; baseline -0.006 -13"><span class='ocrx_word' id='word_1_254' title='bbox 122 3252 333 3322; x_wconf 85' lang='lat' dir='ltr'><strong>putetis?</strong></span> <span class='ocrx_word' id='word_1_255' title='bbox 365 3273 384 3305; x_wconf 72' lang='grc' dir='ltr'><strong><em>ι</em></strong></span> <span class='ocrx_word' id='word_1_256' title='bbox 421 3249 835 3321; x_wconf 83' lang='lat' dir='ltr'><strong>Respondemus</strong></span> <span class='ocrx_word' id='word_1_257' title='bbox 859 3249 1000 3304; x_wconf 91' lang='lat' dir='ltr'><strong>enim</strong></span> <span class='ocrx_word' id='word_1_258' title='bbox 1035 3267 1048 3302; x_wconf 90' lang='lat'><strong>:</strong></span> <span class='ocrx_word' id='word_1_259' title='bbox 1078 3247 1194 3302; x_wconf 86' lang='lat' dir='ltr'><strong>Non</strong></span> <span class='ocrx_word' id='word_1_260' title='bbox 1225 3247 1553 3317; x_wconf 90' lang='lat' dir='ltr'><strong>Baptismum</strong></span> <span class='ocrx_word' id='word_1_261' title='bbox 1583 3260 1678 3300; x_wconf 88' lang='lat' dir='ltr'><strong>ve-</strong></span> 
     </span>
    </p>
   </div>
   <div class='ocr_carea' id='block_1_35' title="bbox 123 3336 1679 3414">
    <p class='ocr_par' dir='ltr' id='par_1_35' title="bbox 123 3336 1679 3414">
     <span class='ocr_line' id='line_1_35' title="bbox 123 3336 1679 3414; baseline -0.005 -16"><span class='ocrx_word' id='word_1_262' title='bbox 123 3353 266 3398; x_wconf 85' lang='lat' dir='ltr'><strong>strum</strong></span> <span class='ocrx_word' id='word_1_263' title='bbox 291 3353 668 3414; x_wconf 88' lang='lat' dir='ltr'><strong>acceptamus;</strong></span> <span class='ocrx_word' id='word_1_264' title='bbox 699 3339 823 3412; x_wconf 90' lang='lat' dir='ltr'><strong>quia</strong></span> <span class='ocrx_word' id='word_1_265' title='bbox 844 3354 949 3395; x_wconf 89' lang='lat' dir='ltr'><strong>non</strong></span> <span class='ocrx_word' id='word_1_266' title='bbox 971 3347 1055 3395; x_wconf 91' lang='lat' dir='ltr'><strong>est</strong></span> <span class='ocrx_word' id='word_1_267' title='bbox 1079 3338 1378 3408; x_wconf 84' lang='lat' dir='ltr'><strong>Baptismus</strong></span> <span class='ocrx_word' id='word_1_268' title='bbox 1407 3337 1497 3393; x_wconf 91' lang='lat' dir='ltr'><strong>ille</strong></span> <span class='ocrx_word' id='word_1_269' title='bbox 1533 3336 1679 3393; x_wconf 87' lang='lat' dir='ltr'><strong>schi-</strong></span> 
     </span>
    </p>
   </div>
   <div class='ocr_carea' id='block_1_36' title="bbox 125 3429 1677 3496">
    <p class='ocr_par' dir='ltr' id='par_1_36' title="bbox 125 3429 1677 3496">
     <span class='ocr_line' id='line_1_36' title="bbox 125 3429 1677 3496; baseline -0.003 -8"><span class='ocrx_word' id='word_1_270' title='bbox 125 3433 438 3491; x_wconf 82' lang='lat' dir='ltr'><strong>smaticorum</strong></span> <span class='ocrx_word' id='word_1_271' title='bbox 491 3433 579 3490; x_wconf 89' lang='lat' dir='ltr'><strong>vel</strong></span> <span class='ocrx_word' id='word_1_272' title='bbox 626 3431 1000 3490; x_wconf 83' lang='lat' dir='ltr'><strong>haereticorum</strong></span> <span class='ocrx_word' id='word_1_273' title='bbox 1023 3473 1040 3496; x_wconf 90' lang='lat'><strong>,</strong></span> <span class='ocrx_word' id='word_1_274' title='bbox 1065 3429 1160 3486; x_wconf 88' lang='lat' dir='ltr'><strong>sed</strong></span> <span class='ocrx_word' id='word_1_275' title='bbox 1189 3429 1282 3485; x_wconf 88' lang='lat' dir='ltr'><strong>Dei</strong></span> <span class='ocrx_word' id='word_1_276' title='bbox 1307 3437 1362 3485; x_wconf 90' lang='lat' dir='ltr'><strong>et</strong></span> <span class='ocrx_word' id='word_1_277' title='bbox 1400 3429 1677 3496; x_wconf 75' lang='lat' dir='ltr'><strong>Ecclesiae,</strong></span> 
     </span>
    </p>
   </div>
   <div class='ocr_carea' id='block_1_37' title="bbox 127 3521 1677 3598">
    <p class='ocr_par' dir='ltr' id='par_1_37' title="bbox 127 3521 1677 3598">
     <span class='ocr_line' id='line_1_37' title="bbox 127 3521 1677 3598; baseline -0.005 -17"><span class='ocrx_word' id='word_1_278' title='bbox 127 3525 410 3598; x_wconf 76' lang='lat' dir='ltr'><strong>ubicunque</strong></span> <span class='ocrx_word' id='word_1_279' title='bbox 440 3525 604 3581; x_wconf 84' lang='lat' dir='ltr'><strong>fuerit</strong></span> <span class='ocrx_word' id='word_1_280' title='bbox 631 3524 877 3579; x_wconf 87' lang='lat' dir='ltr'><strong>inventus</strong></span> <span class='ocrx_word' id='word_1_281' title='bbox 904 3531 958 3578; x_wconf 89' lang='lat' dir='ltr'><strong>et</strong></span> <span class='ocrx_word' id='word_1_282' title='bbox 995 3536 1330 3593; x_wconf 89' lang='lat' dir='ltr'><strong>quocumque</strong></span> <span class='ocrx_word' id='word_1_283' title='bbox 1374 3521 1677 3576; x_wconf 90' lang='lat' dir='ltr'><strong>translatus.</strong></span> 
     </span>
    </p>
   </div>
   <div class='ocr_carea' id='block_1_38' title="bbox 126 3611 1682 3683">
    <p class='ocr_par' dir='ltr' id='par_1_38' title="bbox 126 3611 1682 3683">
     <span class='ocr_line' id='line_1_38' title="bbox 126 3611 1682 3683; baseline -0.003 -13"><span class='ocrx_word' id='word_1_284' title='bbox 126 3616 342 3673; x_wconf 77' lang='lat' dir='ltr'><strong>Vestrum</strong></span> <span class='ocrx_word' id='word_1_285' title='bbox 369 3628 554 3674; x_wconf 87' lang='lat' dir='ltr'><strong>autem</strong></span> <span class='ocrx_word' id='word_1_286' title='bbox 588 3630 693 3671; x_wconf 91' lang='lat' dir='ltr'><strong>non</strong></span> <span class='ocrx_word' id='word_1_287' title='bbox 718 3625 824 3679; x_wconf 88' lang='lat' dir='ltr'><strong>est,</strong></span> <span class='ocrx_word' id='word_1_288' title='bbox 857 3613 959 3670; x_wconf 88' lang='lat' dir='ltr'><strong>nisi</strong></span> <span class='ocrx_word' id='word_1_289' title='bbox 984 3612 1124 3683; x_wconf 90' lang='lat' dir='ltr'><strong>quod</strong></span> <span class='ocrx_word' id='word_1_290' title='bbox 1149 3626 1310 3682; x_wconf 88' lang='lat' dir='ltr'><strong>prave</strong></span> <span class='ocrx_word' id='word_1_291' title='bbox 1346 3611 1578 3677; x_wconf 87' lang='lat' dir='ltr'><strong>sentitis,</strong></span> <span class='ocrx_word' id='word_1_292' title='bbox 1628 3619 1682 3666; x_wconf 90' lang='lat' dir='ltr'><strong>et</strong></span> 
     </span>
    </p>
   </div>
   <div class='ocr_carea' id='block_1_39' title="bbox 127 3702 1681 3782">
    <p class='ocr_par' dir='ltr' id='par_1_39' title="bbox 127 3702 1681 3782">
     <span class='ocr_line' id='line_1_39' title="bbox 127 3702 1681 3782; baseline -0.005 -16"><span class='ocrx_word' id='word_1_293' title='bbox 127 3710 353 3782; x_wconf 79' lang='lat' dir='ltr'><strong>sacrilege</strong></span> <span class='ocrx_word' id='word_1_294' title='bbox 381 3710 563 3781; x_wconf 77' lang='lat' dir='ltr'><strong>agitis,</strong></span> <span class='ocrx_word' id='word_1_295' title='bbox 597 3717 652 3764; x_wconf 90' lang='lat' dir='ltr'><strong>et</strong></span> <span class='ocrx_word' id='word_1_296' title='bbox 681 3707 842 3778; x_wconf 91' lang='lat' dir='ltr'><strong>impie</strong></span> <span class='ocrx_word' id='word_1_297' title='bbox 869 3704 1209 3776; x_wconf 89' lang='lat' dir='ltr'><strong>separamini.</strong></span> <span class='ocrx_word' id='word_1_298' title='bbox 1246 3702 1379 3759; x_wconf 88' lang='lat' dir='ltr'><strong>Nam</strong></span> <span class='ocrx_word' id='word_1_299' title='bbox 1407 3703 1454 3758; x_wconf 89' lang='lat' dir='ltr'><strong>si</strong></span> <span class='ocrx_word' id='word_1_300' title='bbox 1486 3709 1681 3758; x_wconf 68' lang='lat' dir='ltr'><strong>caetera</strong></span> 
     </span>
    </p>
   </div>
   <div class='ocr_carea' id='block_1_40' title="bbox 128 3793 1681 3861">
    <p class='ocr_par' dir='ltr' id='par_1_40' title="bbox 128 3793 1681 3861">
     <span class='ocr_line' id='line_1_40' title="bbox 128 3793 1681 3861; baseline -0.004 -5"><span class='ocrx_word' id='word_1_301' title='bbox 128 3803 276 3858; x_wconf 85' lang='lat' dir='ltr'><strong>omnia</strong></span> <span class='ocrx_word' id='word_1_302' title='bbox 303 3819 427 3860; x_wconf 79' lang='lat' dir='ltr'><strong>vera</strong></span> <span class='ocrx_word' id='word_1_303' title='bbox 450 3801 542 3858; x_wconf 81' lang='lat' dir='ltr'><strong>vel</strong></span> <span class='ocrx_word' id='word_1_304' title='bbox 588 3799 829 3856; x_wconf 87' lang='lat' dir='ltr'><strong>sentiatis</strong></span> <span class='ocrx_word' id='word_1_305' title='bbox 867 3799 953 3854; x_wconf 91' lang='lat' dir='ltr'><strong>vel</strong></span> <span class='ocrx_word' id='word_1_306' title='bbox 980 3795 1220 3852; x_wconf 81' lang='lat' dir='ltr'><strong>habeatis</strong></span> <span class='ocrx_word' id='word_1_307' title='bbox 1246 3797 1290 3861; x_wconf 78' lang='lat'><strong>’,</strong></span> <span class='ocrx_word' id='word_1_308' title='bbox 1319 3803 1372 3851; x_wconf 91' lang='lat' dir='ltr'><strong>et</strong></span> <span class='ocrx_word' id='word_1_309' title='bbox 1401 3795 1454 3850; x_wconf 92' lang='lat' dir='ltr'><strong>in</strong></span> <span class='ocrx_word' id='word_1_310' title='bbox 1493 3793 1681 3851; x_wconf 92' lang='lat' dir='ltr'><strong>eadem</strong></span> 
     </span>
    </p>
   </div>
   <div class='ocr_carea' id='block_1_41' title="bbox 128 3885 1682 3966">
    <p class='ocr_par' dir='ltr' id='par_1_41' title="bbox 128 3885 1682 3966">
     <span class='ocr_line' id='line_1_41' title="bbox 128 3885 1682 3966; baseline -0.005 -16"><span class='ocrx_word' id='word_1_311' title='bbox 128 3903 278 3952; x_wconf 84' lang='lat' dir='ltr'><strong>tamen</strong></span> <span class='ocrx_word' id='word_1_312' title='bbox 301 3894 646 3966; x_wconf 81' lang='lat' dir='ltr'><strong>separatione</strong></span> <span class='ocrx_word' id='word_1_313' title='bbox 670 3891 874 3948; x_wconf 89' lang='lat' dir='ltr'><strong>duretis</strong></span> <span class='ocrx_word' id='word_1_314' title='bbox 901 3888 1157 3945; x_wconf 87' lang='lat' dir='ltr'><strong>adversus</strong></span> <span class='ocrx_word' id='word_1_315' title='bbox 1184 3887 1452 3943; x_wconf 85' lang='lat' dir='ltr'><strong>vinculum</strong></span> <span class='ocrx_word' id='word_1_316' title='bbox 1490 3885 1682 3942; x_wconf 85' lang='lat' dir='ltr'><strong>frater-</strong></span> 
     </span>
    </p>
   </div>
   <div class='ocr_carea' id='block_1_42' title="bbox 129 3977 1684 4060">
    <p class='ocr_par' dir='ltr' id='par_1_42' title="bbox 129 3977 1684 4060">
     <span class='ocr_line' id='line_1_42' title="bbox 129 3977 1684 4060; baseline -0.006 -18"><span class='ocrx_word' id='word_1_317' title='bbox 129 4002 197 4042; x_wconf 77' lang='lat' dir='ltr'><strong>nte</strong></span> <span class='ocrx_word' id='word_1_318' title='bbox 218 3989 352 4060; x_wconf 89' lang='lat' dir='ltr'><strong>pacis</strong></span> <span class='ocrx_word' id='word_1_319' title='bbox 373 4029 390 4053; x_wconf 96' lang='lat'><strong>,</strong></span> <span class='ocrx_word' id='word_1_320' title='bbox 420 3987 683 4042; x_wconf 89' lang='lat' dir='ltr'><strong>adversus</strong></span> <span class='ocrx_word' id='word_1_321' title='bbox 707 3984 965 4038; x_wconf 90' lang='lat' dir='ltr'><strong>unitatem</strong></span> <span class='ocrx_word' id='word_1_322' title='bbox 1007 3980 1246 4036; x_wconf 87' lang='lat' dir='ltr'><strong>omnium</strong></span> <span class='ocrx_word' id='word_1_323' title='bbox 1285 3978 1505 4035; x_wconf 85' lang='lat' dir='ltr'><strong>fratrum</strong></span> <span class='ocrx_word' id='word_1_324' title='bbox 1524 4019 1540 4044; x_wconf 90' lang='lat'><strong>,</strong></span> <span class='ocrx_word' id='word_1_325' title='bbox 1593 3977 1684 4048; x_wconf 91' lang='lat' dir='ltr'><strong>qui</strong></span> 
     </span>
    </p>
   </div>
   <div class='ocr_carea' id='block_1_43' title="bbox 129 4067 1681 4144">
    <p class='ocr_par' dir='ltr' id='par_1_43' title="bbox 129 4067 1681 4144">
     <span class='ocr_line' id='line_1_43' title="bbox 129 4067 1681 4144; baseline -0.006 -12"><span class='ocrx_word' id='word_1_326' title='bbox 129 4086 222 4132; x_wconf 90' lang='lat' dir='ltr'><strong>toto</strong></span> <span class='ocrx_word' id='word_1_327' title='bbox 241 4079 366 4135; x_wconf 91' lang='lat' dir='ltr'><strong>orbe</strong></span> <span class='ocrx_word' id='word_1_328' title='bbox 393 4088 682 4143; x_wconf 88' lang='lat' dir='ltr'><strong>terrarum,</strong></span> <span class='ocrx_word' id='word_1_329' title='bbox 709 4075 847 4130; x_wconf 90' lang='lat' dir='ltr'><strong>sicut</strong></span> <span class='ocrx_word' id='word_1_330' title='bbox 877 4071 1126 4144; x_wconf 88' lang='lat' dir='ltr'><strong>promissi</strong></span> <span class='ocrx_word' id='word_1_331' title='bbox 1152 4078 1294 4135; x_wconf 90' lang='lat' dir='ltr'><strong>sunt,</strong></span> <span class='ocrx_word' id='word_1_332' title='bbox 1327 4069 1398 4124; x_wconf 90' lang='lat' dir='ltr'><strong>ita</strong></span> <span class='ocrx_word' id='word_1_333' title='bbox 1427 4067 1681 4135; x_wconf 81' lang='lat' dir='ltr'><strong>exhibiti;</strong></span> 
     </span>
    </p>
   </div>
   <div class='ocr_carea' id='block_1_44' title="bbox 131 4159 1684 4239">
    <p class='ocr_par' dir='ltr' id='par_1_44' title="bbox 131 4159 1684 4239">
     <span class='ocr_line' id='line_1_44' title="bbox 131 4159 1684 4239; baseline -0.01 -13"><span class='ocrx_word' id='word_1_334' title='bbox 131 4184 328 4239; x_wconf 87' lang='lat' dir='ltr'><strong>quorum</strong></span> <span class='ocrx_word' id='word_1_335' title='bbox 356 4168 598 4225; x_wconf 88' lang='lat' dir='ltr'><strong>omnium</strong></span> <span class='ocrx_word' id='word_1_336' title='bbox 625 4177 814 4222; x_wconf 87' lang='lat' dir='ltr'><strong>causas</strong></span> <span class='ocrx_word' id='word_1_337' title='bbox 838 4172 893 4219; x_wconf 89' lang='lat' dir='ltr'><strong>et</strong></span> <span class='ocrx_word' id='word_1_338' title='bbox 912 4162 1071 4218; x_wconf 89' lang='lat' dir='ltr'><strong>corda</strong></span> <span class='ocrx_word' id='word_1_339' title='bbox 1097 4161 1242 4216; x_wconf 88' lang='lat' dir='ltr'><strong>nullo</strong></span> <span class='ocrx_word' id='word_1_340' title='bbox 1270 4159 1427 4215; x_wconf 90' lang='lat' dir='ltr'><strong>modo</strong></span> <span class='ocrx_word' id='word_1_341' title='bbox 1454 4171 1684 4228; x_wconf 87' lang='lat' dir='ltr'><strong>unquam</strong></span> 
     </span>
    </p>
   </div>
   <div class='ocr_carea' id='block_1_45' title="bbox 132 4249 1683 4327">
    <p class='ocr_par' dir='ltr' id='par_1_45' title="bbox 132 4249 1683 4327">
     <span class='ocr_line' id='line_1_45' title="bbox 132 4249 1683 4327; baseline -0.006 -15"><span class='ocrx_word' id='word_1_342' title='bbox 132 4273 267 4315; x_wconf 81' lang='lat' dir='ltr'><strong>nosse</strong></span> <span class='ocrx_word' id='word_1_343' title='bbox 292 4269 383 4316; x_wconf 90' lang='lat' dir='ltr'><strong>aut</strong></span> <span class='ocrx_word' id='word_1_344' title='bbox 407 4259 681 4315; x_wconf 90' lang='lat' dir='ltr'><strong>discutere</strong></span> <span class='ocrx_word' id='word_1_345' title='bbox 706 4254 974 4327; x_wconf 89' lang='lat' dir='ltr'><strong>potuistis,</strong></span> <span class='ocrx_word' id='word_1_346' title='bbox 1006 4262 1065 4308; x_wconf 90' lang='lat' dir='ltr'><strong>ut</strong></span> <span class='ocrx_word' id='word_1_347' title='bbox 1104 4251 1294 4307; x_wconf 88' lang='lat' dir='ltr'><strong>merito</strong></span> <span class='ocrx_word' id='word_1_348' title='bbox 1319 4249 1683 4314; x_wconf 87' lang='lat' dir='ltr'><strong>damnaretis;</strong></span> 
     </span>
    </p>
   </div>
   <div class='ocr_carea' id='block_1_46' title="bbox 132 4339 1686 4422">
    <p class='ocr_par' dir='ltr' id='par_1_46' title="bbox 132 4339 1686 4422">
     <span class='ocr_line' id='line_1_46' title="bbox 132 4339 1686 4422; baseline -0.006 -19"><span class='ocrx_word' id='word_1_349' title='bbox 132 4349 206 4416; x_wconf 87' lang='lat' dir='ltr'><strong>qui</strong></span> <span class='ocrx_word' id='word_1_350' title='bbox 229 4364 329 4405; x_wconf 88' lang='lat' dir='ltr'><strong>non</strong></span> <span class='ocrx_word' id='word_1_351' title='bbox 352 4357 585 4422; x_wconf 87' lang='lat' dir='ltr'><strong>possunt</strong></span> <span class='ocrx_word' id='word_1_352' title='bbox 613 4356 893 4418; x_wconf 89' lang='lat' dir='ltr'><strong>propterea</strong></span> <span class='ocrx_word' id='word_1_353' title='bbox 938 4344 1016 4399; x_wconf 90' lang='lat' dir='ltr'><strong>rei</strong></span> <span class='ocrx_word' id='word_1_354' title='bbox 1045 4357 1166 4398; x_wconf 90' lang='lat' dir='ltr'><strong>esse</strong></span> <span class='ocrx_word' id='word_1_355' title='bbox 1189 4382 1202 4407; x_wconf 91' lang='lat'><strong>,</strong></span> <span class='ocrx_word' id='word_1_356' title='bbox 1250 4341 1374 4412; x_wconf 89' lang='lat' dir='ltr'><strong>quia</strong></span> <span class='ocrx_word' id='word_1_357' title='bbox 1420 4339 1686 4410; x_wconf 71' lang='lat' dir='ltr'><strong>iudicibus</strong></span> 
     </span>
    </p>
   </div>
   <div class='ocr_carea' id='block_1_47' title="bbox 132 4431 1682 4511">
    <p class='ocr_par' dir='ltr' id='par_1_47' title="bbox 132 4431 1682 4511">
     <span class='ocr_line' id='line_1_47' title="bbox 132 4431 1682 4511; baseline -0.005 -18"><span class='ocrx_word' id='word_1_358' title='bbox 132 4440 482 4498; x_wconf 78' lang='lat' dir='ltr'><strong>ecclesiasticis</strong></span> <span class='ocrx_word' id='word_1_359' title='bbox 525 4439 702 4511; x_wconf 88' lang='lat' dir='ltr'><strong>potius</strong></span> <span class='ocrx_word' id='word_1_360' title='bbox 740 4452 896 4508; x_wconf 90' lang='lat' dir='ltr'><strong>quam</strong></span> <span class='ocrx_word' id='word_1_361' title='bbox 922 4433 1272 4506; x_wconf 87' lang='lat' dir='ltr'><strong>litigatoribus</strong></span> <span class='ocrx_word' id='word_1_362' title='bbox 1299 4431 1682 4488; x_wconf 87' lang='lat' dir='ltr'><strong>crediderunt:</strong></span> 
     </span>
    </p>
   </div>
   <div class='ocr_carea' id='block_1_48' title="bbox 131 4522 1688 4598">
    <p class='ocr_par' dir='ltr' id='par_1_48' title="bbox 131 4522 1688 4598">
     <span class='ocr_line' id='line_1_48' title="bbox 131 4522 1688 4598; baseline -0.009 -8"><span class='ocrx_word' id='word_1_363' title='bbox 131 4531 218 4590; x_wconf 87' lang='lat' dir='ltr'><strong>boc</strong></span> <span class='ocrx_word' id='word_1_364' title='bbox 257 4535 426 4590; x_wconf 89' lang='lat' dir='ltr'><strong>solum</strong></span> <span class='ocrx_word' id='word_1_365' title='bbox 459 4533 638 4588; x_wconf 91' lang='lat' dir='ltr'><strong>minus</strong></span> <span class='ocrx_word' id='word_1_366' title='bbox 691 4529 896 4585; x_wconf 86' lang='lat' dir='ltr'><strong>habetis</strong></span> <span class='ocrx_word' id='word_1_367' title='bbox 920 4570 936 4596; x_wconf 92' lang='lat'><strong>,</strong></span> <span class='ocrx_word' id='word_1_368' title='bbox 988 4527 1129 4598; x_wconf 89' lang='lat' dir='ltr'><strong>quod</strong></span> <span class='ocrx_word' id='word_1_369' title='bbox 1180 4525 1357 4580; x_wconf 90' lang='lat' dir='ltr'><strong>minus</strong></span> <span class='ocrx_word' id='word_1_370' title='bbox 1397 4522 1560 4578; x_wconf 88' lang='lat' dir='ltr'><strong>habet</strong></span> <span class='ocrx_word' id='word_1_371' title='bbox 1598 4523 1688 4593; x_wconf 91' lang='lat' dir='ltr'><strong>qui</strong></span> 
     </span>
    </p>
   </div>
   <div class='ocr_carea' id='block_1_49' title="bbox 133 4620 1690 4691">
    <p class='ocr_par' dir='ltr' id='par_1_49' title="bbox 133 4620 1690 4691">
     <span class='ocr_line' id='line_1_49' title="bbox 133 4620 1690 4691; baseline -0.003 -15"><span class='ocrx_word' id='word_1_372' title='bbox 133 4625 416 4682; x_wconf 83' lang='lat' dir='ltr'><strong>cbaritatem</strong></span> <span class='ocrx_word' id='word_1_373' title='bbox 467 4641 573 4681; x_wconf 89' lang='lat' dir='ltr'><strong>non</strong></span> <span class='ocrx_word' id='word_1_374' title='bbox 615 4625 794 4680; x_wconf 87' lang='lat' dir='ltr'><strong>habet.</strong></span> <span class='ocrx_word' id='word_1_375' title='bbox 821 4622 936 4678; x_wconf 85' lang='lat' dir='ltr'><strong>Jam</strong></span> <span class='ocrx_word' id='word_1_376' title='bbox 973 4620 1100 4691; x_wconf 86' lang='lat' dir='ltr'><strong>quid</strong></span> <span class='ocrx_word' id='word_1_377' title='bbox 1127 4633 1260 4689; x_wconf 89' lang='lat' dir='ltr'><strong>opus</strong></span> <span class='ocrx_word' id='word_1_378' title='bbox 1285 4626 1367 4674; x_wconf 91' lang='lat' dir='ltr'><strong>est</strong></span> <span class='ocrx_word' id='word_1_379' title='bbox 1397 4627 1453 4673; x_wconf 93' lang='lat' dir='ltr'><strong>ut</strong></span> <span class='ocrx_word' id='word_1_380' title='bbox 1479 4631 1577 4674; x_wconf 91' lang='lat' dir='ltr'><strong>nos</strong></span> <span class='ocrx_word' id='word_1_381' title='bbox 1605 4631 1690 4672; x_wconf 90' lang='lat' dir='ltr'><strong>re-</strong></span> 
     </span>
    </p>
   </div>
   <div class='ocr_carea' id='block_1_50' title="bbox 136 4708 1692 4787">
    <p class='ocr_par' dir='ltr' id='par_1_50' title="bbox 136 4708 1692 4787">
     <span class='ocr_line' id='line_1_50' title="bbox 136 4708 1692 4787; baseline -0.003 -18"><span class='ocrx_word' id='word_1_382' title='bbox 136 4719 392 4774; x_wconf 63' lang='lat' dir='ltr'><strong>teramus?</strong></span> <span class='ocrx_word' id='word_1_383' title='bbox 422 4719 535 4772; x_wconf 79' lang='lat' dir='ltr'><strong>Vos</strong></span> <span class='ocrx_word' id='word_1_384' title='bbox 561 4716 660 4787; x_wconf 90' lang='lat' dir='ltr'><strong>ipsi</strong></span> <span class='ocrx_word' id='word_1_385' title='bbox 683 4717 736 4770; x_wconf 92' lang='lat' dir='ltr'><strong>iu</strong></span> <span class='ocrx_word' id='word_1_386' title='bbox 766 4714 1023 4784; x_wconf 89' lang='lat' dir='ltr'><strong>Apostolo</strong></span> <span class='ocrx_word' id='word_1_387' title='bbox 1048 4711 1310 4782; x_wconf 83' lang='lat' dir='ltr'><strong>inSpicite,</strong></span> <span class='ocrx_word' id='word_1_388' title='bbox 1341 4717 1595 4780; x_wconf 88' lang='lat' dir='ltr'><strong>quantum</strong></span> <span class='ocrx_word' id='word_1_389' title='bbox 1621 4708 1692 4765; x_wconf 88' lang='lat' dir='ltr'><strong>sit</strong></span> 
     </span>
    </p>
   </div>
   <div class='ocr_carea' id='block_1_51' title="bbox 135 4800 1692 4878">
    <p class='ocr_par' dir='ltr' id='par_1_51' title="bbox 135 4800 1692 4878">
     <span class='ocr_line' id='line_1_51' title="bbox 135 4800 1692 4878; baseline -0.008 -11"><span class='ocrx_word' id='word_1_390' title='bbox 135 4809 258 4878; x_wconf 77' lang='lat' dir='ltr'><strong>quod</strong></span> <span class='ocrx_word' id='word_1_391' title='bbox 285 4812 458 4868; x_wconf 89' lang='lat' dir='ltr'><strong>minus</strong></span> <span class='ocrx_word' id='word_1_392' title='bbox 503 4809 728 4865; x_wconf 88' lang='lat' dir='ltr'><strong>habetis.</strong></span> <span class='ocrx_word' id='word_1_393' title='bbox 767 4806 905 4876; x_wconf 87' lang='lat' dir='ltr'><strong>Quid</strong></span> <span class='ocrx_word' id='word_1_394' title='bbox 929 4813 1109 4862; x_wconf 87' lang='lat' dir='ltr'><strong>autem</strong></span> <span class='ocrx_word' id='word_1_395' title='bbox 1151 4805 1373 4858; x_wconf 89' lang='lat' dir='ltr'><strong>interest</strong></span> <span class='ocrx_word' id='word_1_396' title='bbox 1395 4801 1483 4872; x_wconf 87' lang='lat' dir='ltr'><strong>qui</strong></span> <span class='ocrx_word' id='word_1_397' title='bbox 1511 4800 1692 4856; x_wconf 86' lang='lat' dir='ltr'><strong>chari-</strong></span> 
     </span>
    </p>
   </div>
   <div class='ocr_carea' id='block_1_52' title="bbox 139 4894 1692 4967">
    <p class='ocr_par' dir='ltr' id='par_1_52' title="bbox 139 4894 1692 4967">
     <span class='ocr_line' id='line_1_52' title="bbox 139 4894 1692 4967; baseline -0.003 -15"><span class='ocrx_word' id='word_1_398' title='bbox 139 4908 281 4957; x_wconf 85' lang='lat' dir='ltr'><strong>tatem</strong></span> <span class='ocrx_word' id='word_1_399' title='bbox 309 4918 413 4960; x_wconf 91' lang='lat' dir='ltr'><strong>non</strong></span> <span class='ocrx_word' id='word_1_400' title='bbox 465 4901 665 4967; x_wconf 86' lang='lat' dir='ltr'><strong>habet,</strong></span> <span class='ocrx_word' id='word_1_401' title='bbox 714 4909 892 4955; x_wconf 89' lang='lat' dir='ltr'><strong>utrum</strong></span> <span class='ocrx_word' id='word_1_402' title='bbox 923 4895 1293 4953; x_wconf 76' lang='lat' dir='ltr'><strong>foras-avolet</strong></span> <span class='ocrx_word' id='word_1_403' title='bbox 1332 4894 1508 4963; x_wconf 87' lang='lat' dir='ltr'><strong>aliquo</strong></span> <span class='ocrx_word' id='word_1_404' title='bbox 1535 4902 1692 4948; x_wconf 90' lang='lat' dir='ltr'><strong>vento</strong></span> 
     </span>
    </p>
   </div>
   <div class='ocr_carea' id='block_1_53' title="bbox 141 4984 1694 5056">
    <p class='ocr_par' dir='ltr' id='par_1_53' title="bbox 141 4984 1694 5056">
     <span class='ocr_line' id='line_1_53' title="bbox 141 4984 1694 5056; baseline -0.002 -16"><span class='ocrx_word' id='word_1_405' title='bbox 141 4992 426 5048; x_wconf 80' lang='lat' dir='ltr'><strong>tentationis</strong></span> <span class='ocrx_word' id='word_1_406' title='bbox 473 4991 701 5056; x_wconf 87' lang='lat' dir='ltr'><strong>ablatus,</strong></span> <span class='ocrx_word' id='word_1_407' title='bbox 730 5005 796 5044; x_wconf 90' lang='lat' dir='ltr'><strong>an</strong></span> <span class='ocrx_word' id='word_1_408' title='bbox 823 4990 966 5044; x_wconf 90' lang='lat' dir='ltr'><strong>intus</strong></span> <span class='ocrx_word' id='word_1_409' title='bbox 988 4987 1058 5043; x_wconf 91' lang='lat' dir='ltr'><strong>de</strong></span> <span class='ocrx_word' id='word_1_410' title='bbox 1081 5001 1258 5042; x_wconf 90' lang='lat' dir='ltr'><strong>messe</strong></span> <span class='ocrx_word' id='word_1_411' title='bbox 1295 4984 1560 5040; x_wconf 90' lang='lat' dir='ltr'><strong>dominica</strong></span> <span class='ocrx_word' id='word_1_412' title='bbox 1587 4997 1694 5038; x_wconf 92' lang='lat' dir='ltr'><strong>non</strong></span> 
     </span>
    </p>
   </div>
   <div class='ocr_carea' id='block_1_54' title="bbox 143 5074 1696 5148">
    <p class='ocr_par' dir='ltr' id='par_1_54' title="bbox 143 5074 1696 5148">
     <span class='ocr_line' id='line_1_54' title="bbox 143 5074 1696 5148; baseline -0.006 -8"><span class='ocrx_word' id='word_1_413' title='bbox 143 5083 329 5140; x_wconf 82' lang='lat' dir='ltr'><strong>recedat</strong></span> <span class='ocrx_word' id='word_1_414' title='bbox 355 5086 408 5140; x_wconf 93' lang='lat' dir='ltr'><strong>in</strong></span> <span class='ocrx_word' id='word_1_415' title='bbox 439 5084 623 5139; x_wconf 91' lang='lat' dir='ltr'><strong>ultima</strong></span> <span class='ocrx_word' id='word_1_416' title='bbox 652 5080 998 5138; x_wconf 89' lang='lat' dir='ltr'><strong>ventilatione</strong></span> <span class='ocrx_word' id='word_1_417' title='bbox 1038 5075 1404 5148; x_wconf 82' lang='lat' dir='ltr'><strong>separandus?</strong></span> <span class='ocrx_word' id='word_1_418' title='bbox 1429 5074 1494 5130; x_wconf 89' lang='lat' dir='ltr'><strong>Et</strong></span> <span class='ocrx_word' id='word_1_419' title='bbox 1518 5081 1696 5130; x_wconf 92' lang='lat' dir='ltr'><strong>tamen</strong></span> 
     </span>
    </p>
   </div>
   <div class='ocr_carea' id='block_1_55' title="bbox 144 5167 1692 5246">
    <p class='ocr_par' dir='ltr' id='par_1_55' title="bbox 144 5167 1692 5246">
     <span class='ocr_line' id='line_1_55' title="bbox 144 5167 1692 5246; baseline -0.004 -20"><span class='ocrx_word' id='word_1_420' title='bbox 144 5175 282 5231; x_wconf 88' lang='lat' dir='ltr'><strong>etiam</strong></span> <span class='ocrx_word' id='word_1_421' title='bbox 306 5177 458 5245; x_wconf 86' lang='lat' dir='ltr'><strong>tales,</strong></span> <span class='ocrx_word' id='word_1_422' title='bbox 492 5177 538 5232; x_wconf 86' lang='lat' dir='ltr'><strong>si</strong></span> <span class='ocrx_word' id='word_1_423' title='bbox 563 5175 675 5246; x_wconf 89' lang='lat' dir='ltr'><strong>jam</strong></span> <span class='ocrx_word' id='word_1_424' title='bbox 713 5174 883 5230; x_wconf 84' lang='lat' dir='ltr'><strong>semel</strong></span> <span class='ocrx_word' id='word_1_425' title='bbox 927 5187 1022 5242; x_wconf 91' lang='lat' dir='ltr'><strong>per</strong></span> <span class='ocrx_word' id='word_1_426' title='bbox 1047 5171 1374 5242; x_wconf 87' lang='lat' dir='ltr'><strong>Baptismum</strong></span> <span class='ocrx_word' id='word_1_427' title='bbox 1403 5167 1512 5222; x_wconf 88' lang='lat' dir='ltr'><strong>nati</strong></span> <span class='ocrx_word' id='word_1_428' title='bbox 1537 5175 1692 5234; x_wconf 90' lang='lat' dir='ltr'><strong>sunt,</strong></span> 
     </span>
    </p>
   </div>
   <div class='ocr_carea' id='block_1_56' title="bbox 146 5263 1003 5336">
    <p class='ocr_par' dir='ltr' id='par_1_56' title="bbox 146 5263 1003 5336">
     <span class='ocr_line' id='line_1_56' title="bbox 146 5263 1003 5336; baseline 0.001 -20"><span class='ocrx_word' id='word_1_429' title='bbox 146 5263 312 5321; x_wconf 89' lang='lat' dir='ltr'><strong>iterum</strong></span> <span class='ocrx_word' id='word_1_430' title='bbox 336 5284 429 5324; x_wconf 91' lang='lat' dir='ltr'><strong>eos</strong></span> <span class='ocrx_word' id='word_1_431' title='bbox 455 5267 603 5324; x_wconf 90' lang='lat' dir='ltr'><strong>nasci</strong></span> <span class='ocrx_word' id='word_1_432' title='bbox 629 5281 741 5321; x_wconf 91' lang='lat' dir='ltr'><strong>non</strong></span> <span class='ocrx_word' id='word_1_433' title='bbox 772 5274 1003 5336; x_wconf 89' lang='lat' dir='ltr'><strong>oportet.</strong></span> 
     </span>
    </p>
   </div>
   <div class='ocr_carea' id='block_1_57' title="bbox 202 5353 1698 5426">
    <p class='ocr_par' dir='ltr' id='par_1_57' title="bbox 202 5353 1698 5426">
     <span class='ocr_line' id='line_1_57' title="bbox 202 5353 1698 5426; baseline -0.004 -14"><span class='ocrx_word' id='word_1_434' title='bbox 202 5357 414 5415; x_wconf 79' lang='lat' dir='ltr'><strong>CAPUT</strong></span> <span class='ocrx_word' id='word_1_435' title='bbox 449 5359 568 5414; x_wconf 85' lang='lat' dir='ltr'><strong>XV.</strong></span> <span class='ocrx_word' id='word_1_436' title='bbox 609 5389 680 5399; x_wconf 93' lang='lat'><strong>—-</strong></span> <span class='ocrx_word' id='word_1_437' title='bbox 717 5358 809 5414; x_wconf 77' lang='lat'><strong>‘25.</strong></span> <span class='ocrx_word' id='word_1_438' title='bbox 856 5355 1099 5411; x_wconf 82' lang='lat' dir='ltr'><strong>Ecclesia</strong></span> <span class='ocrx_word' id='word_1_439' title='bbox 1146 5353 1340 5426; x_wconf 88' lang='lat' dir='ltr'><strong>quippe</strong></span> <span class='ocrx_word' id='word_1_440' title='bbox 1369 5366 1555 5410; x_wconf 90' lang='lat' dir='ltr'><strong>omnes</strong></span> <span class='ocrx_word' id='word_1_441' title='bbox 1602 5367 1698 5422; x_wconf 89' lang='lat' dir='ltr'><strong>per</strong></span> 
     </span>
    </p>
   </div>
   <div class='ocr_carea' id='block_1_58' title="bbox 149 5447 1694 5524">
    <p class='ocr_par' dir='ltr' id='par_1_58' title="bbox 149 5447 1694 5524">
     <span class='ocr_line' id='line_1_58' title="bbox 149 5447 1694 5524; baseline -0.002 -22"><span class='ocrx_word' id='word_1_442' title='bbox 149 5447 448 5521; x_wconf 79' lang='lat' dir='ltr'><strong>llaptismum</strong></span> <span class='ocrx_word' id='word_1_443' title='bbox 477 5453 654 5524; x_wconf 84' lang='lat' dir='ltr'><strong>parit,</strong></span> <span class='ocrx_word' id='word_1_444' title='bbox 680 5452 792 5508; x_wconf 87' lang='lat' dir='ltr'><strong>sive</strong></span> <span class='ocrx_word' id='word_1_445' title='bbox 817 5450 955 5521; x_wconf 88' lang='lat' dir='ltr'><strong>apud</strong></span> <span class='ocrx_word' id='word_1_446' title='bbox 980 5465 1059 5514; x_wconf 91' lang='lat' dir='ltr'><strong>se,</strong></span> <span class='ocrx_word' id='word_1_447' title='bbox 1083 5448 1132 5503; x_wconf 89' lang='lat' dir='ltr'><strong>id</strong></span> <span class='ocrx_word' id='word_1_448' title='bbox 1158 5457 1260 5514; x_wconf 91' lang='lat' dir='ltr'><strong>est,</strong></span> <span class='ocrx_word' id='word_1_449' title='bbox 1292 5462 1356 5502; x_wconf 83' lang='lat' dir='ltr'><strong>ex</strong></span> <span class='ocrx_word' id='word_1_450' title='bbox 1383 5455 1535 5501; x_wconf 90' lang='lat' dir='ltr'><strong>utero</strong></span> <span class='ocrx_word' id='word_1_451' title='bbox 1563 5459 1694 5509; x_wconf 87' lang='lat' dir='ltr'><strong>suo;</strong></span> 
     </span>
    </p>
   </div>
   <div class='ocr_carea' id='block_1_59' title="bbox 204 5553 1699 5634">
    <p class='ocr_par' dir='ltr' id='par_1_59' title="bbox 204 5553 1699 5634">
     <span class='ocr_line' id='line_1_59' title="bbox 204 5553 1699 5634; baseline -0.004 -23"><span class='ocrx_word' id='word_1_452' title='bbox 204 5561 226 5634; x_wconf 53' lang='grc' dir='ltr'><strong>ξ</strong></span> <span class='ocrx_word' id='word_1_453' title='bbox 242 5565 533 5634; x_wconf 68' lang='lat' dir='ltr'><strong>antiquiores</strong></span> <span class='ocrx_word' id='word_1_454' title='bbox 556 5565 798 5615; x_wconf 89' lang='lat' dir='ltr'><strong>editiones</strong></span> <span class='ocrx_word' id='word_1_455' title='bbox 823 5571 921 5612; x_wconf 85' lang='lat' dir='ltr'><strong>Am.</strong></span> <span class='ocrx_word' id='word_1_456' title='bbox 948 5568 1020 5611; x_wconf 83' lang='lat' dir='ltr'><strong>Er.</strong></span> <span class='ocrx_word' id='word_1_457' title='bbox 1045 5567 1095 5610; x_wconf 92' lang='lat' dir='ltr'><strong>et</strong></span> <span class='ocrx_word' id='word_1_458' title='bbox 1117 5571 1289 5610; x_wconf 88' lang='lat' dir='ltr'><strong>omnes</strong></span> <span class='ocrx_word' id='word_1_459' title='bbox 1311 5564 1438 5618; x_wconf 72' lang='lat' dir='ltr'><strong>Mss,</strong></span> <span class='ocrx_word' id='word_1_460' title='bbox 1480 5556 1544 5606; x_wconf 83' lang='lat' dir='ltr'><strong>ad</strong></span> <span class='ocrx_word' id='word_1_461' title='bbox 1567 5553 1699 5607; x_wconf 82' lang='lat' dir='ltr'><strong>salu-</strong></span> 
     </span>
    </p>
   </div>
   <div class='ocr_carea' id='block_1_60' title="bbox 151 5626 398 5686">
    <p class='ocr_par' dir='ltr' id='par_1_60' title="bbox 151 5626 398 5686">
     <span class='ocr_line' id='line_1_60' title="bbox 151 5626 398 5686; baseline 0 0"><span class='ocrx_word' id='word_1_462' title='bbox 151 5626 232 5686; x_wconf 67' lang='lat' dir='ltr'><strong>m!</strong></span> 
     </span>
    </p>
   </div>
   <div class='ocr_carea' id='block_1_61' title="bbox 204 5677 1613 5753">
    <p class='ocr_par' dir='ltr' id='par_1_61' title="bbox 204 5677 1613 5753">
     <span class='ocr_line' id='line_1_61' title="bbox 204 5677 1613 5753; baseline -0.008 -15"><span class='ocrx_word' id='word_1_463' title='bbox 204 5684 224 5716; x_wconf 82' lang='grc'><em>³</em></span> <span class='ocrx_word' id='word_1_464' title='bbox 245 5677 420 5749; x_wconf 55' lang='lat' dir='ltr'><strong>Aliquot</strong></span> <span class='ocrx_word' id='word_1_465' title='bbox 439 5695 568 5753; x_wconf 80' lang='lat' dir='ltr'><strong>ttss.,</strong></span> <span class='ocrx_word' id='word_1_466' title='bbox 593 5695 771 5740; x_wconf 76' lang='lat' dir='ltr'><strong>cwtera</strong></span> <span class='ocrx_word' id='word_1_467' title='bbox 793 5686 952 5739; x_wconf 83' lang='lat' dir='ltr'><strong>omnia</strong></span> <span class='ocrx_word' id='word_1_468' title='bbox 973 5684 1043 5736; x_wconf 79' lang='lat' dir='ltr'><strong>vel</strong></span> <span class='ocrx_word' id='word_1_469' title='bbox 1061 5681 1272 5735; x_wconf 82' lang='lat' dir='ltr'><strong>habeatis</strong></span> <span class='ocrx_word' id='word_1_470' title='bbox 1293 5679 1364 5732; x_wconf 79' lang='lat' dir='ltr'><strong>ret</strong></span> <span class='ocrx_word' id='word_1_471' title='bbox 1387 5677 1613 5731; x_wconf 81' lang='lat' dir='ltr'><strong>sentiatis.</strong></span> 
     </span>
    </p>
   </div>
   <div class='ocr_carea' id='block_1_62' title="bbox 3249 189 3357 251">
    <p class='ocr_par' dir='ltr' id='par_1_62' title="bbox 3249 189 3357 251">
     <span class='ocr_line' id='line_1_62' title="bbox 3249 189 3357 251; baseline -0.019 0"><span class='ocrx_word' id='word_1_472' title='bbox 3249 189 3357 251; x_wconf 70' lang='grc'><strong>129</strong></span> 
     </span>
    </p>
   </div>
   <div class='ocr_carea' id='block_1_63' title="bbox 1772 308 3352 378">
    <p class='ocr_par' dir='ltr' id='par_1_63' title="bbox 1772 308 3352 378">
     <span class='ocr_line' id='line_1_63' title="bbox 1772 308 3352 378; baseline 0 -14"><span class='ocrx_word' id='word_1_473' title='bbox 1772 309 1885 365; x_wconf 88' lang='lat' dir='ltr'><strong>sive</strong></span> <span class='ocrx_word' id='word_1_474' title='bbox 1905 316 2051 363; x_wconf 75' lang='lat' dir='ltr'><strong>extra</strong></span> <span class='ocrx_word' id='word_1_475' title='bbox 2075 321 2131 362; x_wconf 89' lang='lat' dir='ltr'><strong>se</strong></span> <span class='ocrx_word' id='word_1_476' title='bbox 2157 308 2224 363; x_wconf 88' lang='lat' dir='ltr'><strong>de</strong></span> <span class='ocrx_word' id='word_1_477' title='bbox 2251 309 2455 364; x_wconf 88' lang='lat' dir='ltr'><strong>semine</strong></span> <span class='ocrx_word' id='word_1_478' title='bbox 2484 309 2580 365; x_wconf 90' lang='lat' dir='ltr'><strong>viri</strong></span> <span class='ocrx_word' id='word_1_479' title='bbox 2607 310 2689 364; x_wconf 89' lang='lat' dir='ltr'><strong>sui</strong></span> <span class='ocrx_word' id='word_1_480' title='bbox 2731 327 2745 364; x_wconf 86' lang='lat'><strong>:</strong></span> <span class='ocrx_word' id='word_1_481' title='bbox 2776 311 2889 365; x_wconf 83' lang='lat' dir='ltr'><strong>sive</strong></span> <span class='ocrx_word' id='word_1_482' title='bbox 2924 309 2992 366; x_wconf 89' lang='lat' dir='ltr'><strong>de</strong></span> <span class='ocrx_word' id='word_1_483' title='bbox 3018 324 3098 378; x_wconf 81' lang='lat' dir='ltr'><strong>se,</strong></span> <span class='ocrx_word' id='word_1_484' title='bbox 3140 309 3255 366; x_wconf 86' lang='lat' dir='ltr'><strong>sive</strong></span> <span class='ocrx_word' id='word_1_485' title='bbox 3285 310 3352 364; x_wconf 89' lang='lat' dir='ltr'><strong>de</strong></span> 
     </span>
    </p>
   </div>
   <div class='ocr_carea' id='block_1_64' title="bbox 1770 401 3356 475">
    <p class='ocr_par' dir='ltr' id='par_1_64' title="bbox 1770 401 3356 475">
     <span class='ocr_line' id='line_1_64' title="bbox 1770 401 3356 475; baseline -0.001 -17"><span class='ocrx_word' id='word_1_486' title='bbox 1770 403 1958 458; x_wconf 88' lang='lat' dir='ltr'><strong>ancilla</strong></span> <span class='ocrx_word' id='word_1_487' title='bbox 1988 405 2027 457; x_wconf 71' lang='grc' dir='ltr'><strong>ί.</strong></span> <span class='ocrx_word' id='word_1_488' title='bbox 2055 401 2160 458; x_wconf 89' lang='lat' dir='ltr'><strong>Sed</strong></span> <span class='ocrx_word' id='word_1_489' title='bbox 2189 412 2242 458; x_wconf 92' lang='lat' dir='ltr'><strong>et</strong></span> <span class='ocrx_word' id='word_1_490' title='bbox 2268 403 2405 458; x_wconf 85' lang='lat' dir='ltr'><strong>Esau</strong></span> <span class='ocrx_word' id='word_1_491' title='bbox 2426 403 2492 459; x_wconf 89' lang='lat' dir='ltr'><strong>de</strong></span> <span class='ocrx_word' id='word_1_492' title='bbox 2519 419 2686 459; x_wconf 80' lang='lat' dir='ltr'><strong>uxore</strong></span> <span class='ocrx_word' id='word_1_493' title='bbox 2720 414 2896 469; x_wconf 89' lang='lat' dir='ltr'><strong>natus,</strong></span> <span class='ocrx_word' id='word_1_494' title='bbox 2922 411 3139 475; x_wconf 87' lang='lat' dir='ltr'><strong>propter</strong></span> <span class='ocrx_word' id='word_1_495' title='bbox 3165 401 3356 459; x_wconf 86' lang='lat' dir='ltr'><strong>frater-</strong></span> 
     </span>
    </p>
   </div>
   <div class='ocr_carea' id='block_1_65' title="bbox 1773 495 3357 568">
    <p class='ocr_par' dir='ltr' id='par_1_65' title="bbox 1773 495 3357 568">
     <span class='ocr_line' id='line_1_65' title="bbox 1773 495 3357 568; baseline 0 -18"><span class='ocrx_word' id='word_1_496' title='bbox 1773 510 1894 550; x_wconf 87' lang='lat' dir='ltr'><strong>nam</strong></span> <span class='ocrx_word' id='word_1_497' title='bbox 1938 495 2254 550; x_wconf 90' lang='lat' dir='ltr'><strong>discordiam</strong></span> <span class='ocrx_word' id='word_1_498' title='bbox 2283 506 2558 566; x_wconf 88' lang='lat' dir='ltr'><strong>separatus</strong></span> <span class='ocrx_word' id='word_1_499' title='bbox 2585 506 2667 553; x_wconf 90' lang='lat' dir='ltr'><strong>est</strong></span> <span class='ocrx_word' id='word_1_500' title='bbox 2690 512 2720 552; x_wconf 90' lang='lat' dir='ltr'><strong>a</strong></span> <span class='ocrx_word' id='word_1_501' title='bbox 2751 497 2947 568; x_wconf 87' lang='lat' dir='ltr'><strong>populo</strong></span> <span class='ocrx_word' id='word_1_502' title='bbox 2975 495 3088 552; x_wconf 89' lang='lat' dir='ltr'><strong>Dei.</strong></span> <span class='ocrx_word' id='word_1_503' title='bbox 3117 496 3184 552; x_wconf 89' lang='lat' dir='ltr'><strong>Et</strong></span> <span class='ocrx_word' id='word_1_504' title='bbox 3221 497 3357 552; x_wconf 83' lang='lat' dir='ltr'><strong>Aser</strong></span> 
     </span>
    </p>
   </div>
   <div class='ocr_carea' id='block_1_66' title="bbox 1774 588 3352 660">
    <p class='ocr_par' dir='ltr' id='par_1_66' title="bbox 1774 588 3352 660">
     <span class='ocr_line' id='line_1_66' title="bbox 1774 588 3352 660; baseline 0 -16"><span class='ocrx_word' id='word_1_505' title='bbox 1774 603 1870 657; x_wconf 82' lang='lat' dir='ltr'><strong>per</strong></span> <span class='ocrx_word' id='word_1_506' title='bbox 1891 590 2076 644; x_wconf 80' lang='lat' dir='ltr'><strong>uxoris</strong></span> <span class='ocrx_word' id='word_1_507' title='bbox 2101 588 2315 660; x_wconf 90' lang='lat' dir='ltr'><strong>quidem</strong></span> <span class='ocrx_word' id='word_1_508' title='bbox 2344 598 2656 660; x_wconf 89' lang='lat' dir='ltr'><strong>potestatem</strong></span> <span class='ocrx_word' id='word_1_509' title='bbox 2673 633 2686 657; x_wconf 92' lang='lat'><strong>,</strong></span> <span class='ocrx_word' id='word_1_510' title='bbox 2717 591 2812 647; x_wconf 91' lang='lat' dir='ltr'><strong>sed</strong></span> <span class='ocrx_word' id='word_1_511' title='bbox 2838 606 2904 646; x_wconf 78' lang='lat' dir='ltr'><strong>ex</strong></span> <span class='ocrx_word' id='word_1_512' title='bbox 2949 591 3140 647; x_wconf 87' lang='lat' dir='ltr'><strong>ancilla</strong></span> <span class='ocrx_word' id='word_1_513' title='bbox 3168 599 3352 656; x_wconf 90' lang='lat' dir='ltr'><strong>natus,</strong></span> 
     </span>
    </p>
   </div>
   <div class='ocr_carea' id='block_1_67' title="bbox 1771 681 3358 753">
    <p class='ocr_par' dir='ltr' id='par_1_67' title="bbox 1771 681 3358 753">
     <span class='ocr_line' id='line_1_67' title="bbox 1771 681 3358 753; baseline 0.003 -18"><span class='ocrx_word' id='word_1_514' title='bbox 1771 692 1988 752; x_wconf 88' lang='lat' dir='ltr'><strong>propter</strong></span> <span class='ocrx_word' id='word_1_515' title='bbox 2031 681 2317 737; x_wconf 79' lang='lat' dir='ltr'><strong>fraternam</strong></span> <span class='ocrx_word' id='word_1_516' title='bbox 2355 683 2693 738; x_wconf 89' lang='lat' dir='ltr'><strong>concordiam</strong></span> <span class='ocrx_word' id='word_1_517' title='bbox 2743 693 2937 738; x_wconf 90' lang='lat' dir='ltr'><strong>terram</strong></span> <span class='ocrx_word' id='word_1_518' title='bbox 2987 684 3358 753; x_wconf 88' lang='lat' dir='ltr'><strong>promissionis</strong></span> 
     </span>
    </p>
   </div>
   <div class='ocr_carea' id='block_1_68' title="bbox 1773 771 3354 844">
    <p class='ocr_par' dir='ltr' id='par_1_68' title="bbox 1773 771 3354 844">
     <span class='ocr_line' id='line_1_68' title="bbox 1773 771 3354 844; baseline 0.001 -17"><span class='ocrx_word' id='word_1_519' title='bbox 1773 773 1995 843; x_wconf 91' lang='lat' dir='ltr'><strong>accepit.</strong></span> <span class='ocrx_word' id='word_1_520' title='bbox 2025 771 2176 828; x_wconf 88' lang='lat' dir='ltr'><strong>Unde</strong></span> <span class='ocrx_word' id='word_1_521' title='bbox 2195 783 2248 828; x_wconf 92' lang='lat' dir='ltr'><strong>et</strong></span> <span class='ocrx_word' id='word_1_522' title='bbox 2273 772 2500 841; x_wconf 88' lang='lat' dir='ltr'><strong>lsmaeli,</strong></span> <span class='ocrx_word' id='word_1_523' title='bbox 2520 783 2578 828; x_wconf 91' lang='lat' dir='ltr'><strong>ut</strong></span> <span class='ocrx_word' id='word_1_524' title='bbox 2608 782 2942 842; x_wconf 89' lang='lat' dir='ltr'><strong>separarctur</strong></span> <span class='ocrx_word' id='word_1_525' title='bbox 2964 789 2994 829; x_wconf 88' lang='lat' dir='ltr'><strong>a</strong></span> <span class='ocrx_word' id='word_1_526' title='bbox 3021 774 3214 844; x_wconf 90' lang='lat' dir='ltr'><strong>populo</strong></span> <span class='ocrx_word' id='word_1_527' title='bbox 3237 773 3354 842; x_wconf 88' lang='lat' dir='ltr'><strong>Dei,</strong></span> 
     </span>
    </p>
   </div>
   <div class='ocr_carea' id='block_1_69' title="bbox 1774 863 3357 930">
    <p class='ocr_par' dir='ltr' id='par_1_69' title="bbox 1774 863 3357 930">
     <span class='ocr_line' id='line_1_69' title="bbox 1774 863 3357 930; baseline 0.001 -11"><span class='ocrx_word' id='word_1_528' title='bbox 1774 879 1880 920; x_wconf 89' lang='lat' dir='ltr'><strong>non</strong></span> <span class='ocrx_word' id='word_1_529' title='bbox 1921 863 2091 920; x_wconf 88' lang='lat' dir='ltr'><strong>obfuit</strong></span> <span class='ocrx_word' id='word_1_530' title='bbox 2112 875 2284 920; x_wconf 87' lang='lat' dir='ltr'><strong>mater</strong></span> <span class='ocrx_word' id='word_1_531' title='bbox 2307 864 2494 920; x_wconf 86' lang='lat' dir='ltr'><strong>ancilla</strong></span> <span class='ocrx_word' id='word_1_532' title='bbox 2515 906 2529 930; x_wconf 93' lang='lat'><strong>,</strong></span> <span class='ocrx_word' id='word_1_533' title='bbox 2575 865 2668 921; x_wconf 90' lang='lat' dir='ltr'><strong>sed</strong></span> <span class='ocrx_word' id='word_1_534' title='bbox 2695 866 2861 921; x_wconf 78' lang='lat' dir='ltr'><strong>obfuit</strong></span> <span class='ocrx_word' id='word_1_535' title='bbox 2887 865 3116 921; x_wconf 85' lang='lat' dir='ltr'><strong>fraterna</strong></span> <span class='ocrx_word' id='word_1_536' title='bbox 3141 865 3357 921; x_wconf 82' lang='lat' dir='ltr'><strong>discor-</strong></span> 
     </span>
    </p>
   </div>
   <div class='ocr_carea' id='block_1_70' title="bbox 1773 955 3355 1028">
    <p class='ocr_par' dir='ltr' id='par_1_70' title="bbox 1773 955 3355 1028">
     <span class='ocr_line' id='line_1_70' title="bbox 1773 955 3355 1028; baseline 0.001 -18"><span class='ocrx_word' id='word_1_537' title='bbox 1773 955 1859 1011; x_wconf 93' lang='lat' dir='ltr'><strong>dia</strong></span> <span class='ocrx_word' id='word_1_538' title='bbox 1893 974 1905 1009; x_wconf 93' lang='lat'><strong>:</strong></span> <span class='ocrx_word' id='word_1_539' title='bbox 1935 965 1990 1011; x_wconf 90' lang='lat' dir='ltr'><strong>et</strong></span> <span class='ocrx_word' id='word_1_540' title='bbox 2013 972 2118 1012; x_wconf 91' lang='lat' dir='ltr'><strong>non</strong></span> <span class='ocrx_word' id='word_1_541' title='bbox 2149 956 2347 1026; x_wconf 83' lang='lat' dir='ltr'><strong>profuit</strong></span> <span class='ocrx_word' id='word_1_542' title='bbox 2375 964 2610 1028; x_wconf 88' lang='lat' dir='ltr'><strong>potestas</strong></span> <span class='ocrx_word' id='word_1_543' title='bbox 2630 956 2831 1023; x_wconf 81' lang='lat' dir='ltr'><strong>uxoris,</strong></span> <span class='ocrx_word' id='word_1_544' title='bbox 2853 956 3004 1027; x_wconf 85' lang='lat' dir='ltr'><strong>cujus</strong></span> <span class='ocrx_word' id='word_1_545' title='bbox 3027 956 3194 1028; x_wconf 88' lang='lat' dir='ltr'><strong>magis</strong></span> <span class='ocrx_word' id='word_1_546' title='bbox 3213 955 3355 1012; x_wconf 81' lang='lat' dir='ltr'><strong>filius</strong></span> 
     </span>
    </p>
   </div>
   <div class='ocr_carea' id='block_1_71' title="bbox 1774 1045 3357 1117">
    <p class='ocr_par' dir='ltr' id='par_1_71' title="bbox 1774 1045 3357 1117">
     <span class='ocr_line' id='line_1_71' title="bbox 1774 1045 3357 1117; baseline 0.001 -17"><span class='ocrx_word' id='word_1_547' title='bbox 1774 1055 1907 1110; x_wconf 87' lang='lat' dir='ltr'><strong>erat,</strong></span> <span class='ocrx_word' id='word_1_548' title='bbox 1932 1047 2054 1116; x_wconf 85' lang='lat' dir='ltr'><strong>quia</strong></span> <span class='ocrx_word' id='word_1_549' title='bbox 2080 1060 2177 1116; x_wconf 90' lang='lat' dir='ltr'><strong>per</strong></span> <span class='ocrx_word' id='word_1_550' title='bbox 2201 1047 2365 1116; x_wconf 89' lang='lat' dir='ltr'><strong>ipsius</strong></span> <span class='ocrx_word' id='word_1_551' title='bbox 2405 1046 2526 1116; x_wconf 90' lang='lat' dir='ltr'><strong>jura</strong></span> <span class='ocrx_word' id='word_1_552' title='bbox 2556 1045 2852 1117; x_wconf 74' lang='lat' dir='ltr'><strong>coniugalia</strong></span> <span class='ocrx_word' id='word_1_553' title='bbox 2886 1056 2938 1101; x_wconf 91' lang='lat' dir='ltr'><strong>et</strong></span> <span class='ocrx_word' id='word_1_554' title='bbox 2968 1046 3018 1100; x_wconf 91' lang='lat' dir='ltr'><strong>in</strong></span> <span class='ocrx_word' id='word_1_555' title='bbox 3045 1046 3234 1101; x_wconf 89' lang='lat' dir='ltr'><strong>ancilla</strong></span> <span class='ocrx_word' id='word_1_556' title='bbox 3270 1059 3357 1101; x_wconf 86' lang='lat' dir='ltr'><strong>se-</strong></span> 
     </span>
    </p>
   </div>
   <div class='ocr_carea' id='block_1_72' title="bbox 1774 1135 3356 1207">
    <p class='ocr_par' dir='ltr' id='par_1_72' title="bbox 1774 1135 3356 1207">
     <span class='ocr_line' id='line_1_72' title="bbox 1774 1135 3356 1207; baseline 0 -15"><span class='ocrx_word' id='word_1_557' title='bbox 1774 1137 2003 1192; x_wconf 82' lang='lat' dir='ltr'><strong>minatus</strong></span> <span class='ocrx_word' id='word_1_558' title='bbox 2025 1146 2159 1203; x_wconf 88' lang='lat' dir='ltr'><strong>erat,</strong></span> <span class='ocrx_word' id='word_1_559' title='bbox 2191 1147 2247 1193; x_wconf 91' lang='lat' dir='ltr'><strong>et</strong></span> <span class='ocrx_word' id='word_1_560' title='bbox 2264 1153 2328 1192; x_wconf 80' lang='lat' dir='ltr'><strong>ex</strong></span> <span class='ocrx_word' id='word_1_561' title='bbox 2349 1137 2540 1193; x_wconf 88' lang='lat' dir='ltr'><strong>ancilla</strong></span> <span class='ocrx_word' id='word_1_562' title='bbox 2566 1145 2864 1207; x_wconf 89' lang='lat' dir='ltr'><strong>susceptus.</strong></span> <span class='ocrx_word' id='word_1_563' title='bbox 2887 1135 3034 1192; x_wconf 91' lang='lat' dir='ltr'><strong>Sicut</strong></span> <span class='ocrx_word' id='word_1_564' title='bbox 3057 1136 3194 1206; x_wconf 89' lang='lat' dir='ltr'><strong>apud</strong></span> <span class='ocrx_word' id='word_1_565' title='bbox 3221 1138 3356 1192; x_wconf 89' lang='lat' dir='ltr'><strong>istos</strong></span> 
     </span>
    </p>
   </div>
   <div class='ocr_carea' id='block_1_73' title="bbox 1775 1229 3356 1301">
    <p class='ocr_par' dir='ltr' id='par_1_73' title="bbox 1775 1229 3356 1301">
     <span class='ocr_line' id='line_1_73' title="bbox 1775 1229 3356 1301; baseline 0.001 -16"><span class='ocrx_word' id='word_1_566' title='bbox 1775 1230 2028 1285; x_wconf 70' lang='lat' dir='ltr'><strong>Ecclesiae</strong></span> <span class='ocrx_word' id='word_1_567' title='bbox 2052 1229 2173 1300; x_wconf 88' lang='lat' dir='ltr'><strong>jure</strong></span> <span class='ocrx_word' id='word_1_568' title='bbox 2197 1229 2339 1300; x_wconf 89' lang='lat' dir='ltr'><strong>quod</strong></span> <span class='ocrx_word' id='word_1_569' title='bbox 2366 1239 2447 1286; x_wconf 90' lang='lat' dir='ltr'><strong>est</strong></span> <span class='ocrx_word' id='word_1_570' title='bbox 2488 1231 2540 1284; x_wconf 88' lang='lat' dir='ltr'><strong>in</strong></span> <span class='ocrx_word' id='word_1_571' title='bbox 2570 1230 2877 1301; x_wconf 89' lang='lat' dir='ltr'><strong>Baptismo,</strong></span> <span class='ocrx_word' id='word_1_572' title='bbox 2909 1241 3201 1285; x_wconf 90' lang='lat' dir='ltr'><strong>nascuntur</strong></span> <span class='ocrx_word' id='word_1_573' title='bbox 3232 1231 3356 1301; x_wconf 86' lang='lat' dir='ltr'><strong>qui-</strong></span> 
     </span>
    </p>
   </div>
   <div class='ocr_carea' id='block_1_74' title="bbox 1774 1322 3355 1394">
    <p class='ocr_par' dir='ltr' id='par_1_74' title="bbox 1774 1322 3355 1394">
     <span class='ocr_line' id='line_1_74' title="bbox 1774 1322 3355 1394; baseline 0.001 -16"><span class='ocrx_word' id='word_1_574' title='bbox 1774 1336 2002 1392; x_wconf 90' lang='lat' dir='ltr'><strong>cumque</strong></span> <span class='ocrx_word' id='word_1_575' title='bbox 2025 1332 2313 1378; x_wconf 89' lang='lat' dir='ltr'><strong>nascuntur</strong></span> <span class='ocrx_word' id='word_1_576' title='bbox 2343 1341 2357 1377; x_wconf 88' lang='lat'><strong>:</strong></span> <span class='ocrx_word' id='word_1_577' title='bbox 2385 1323 2480 1378; x_wconf 91' lang='lat' dir='ltr'><strong>sed</strong></span> <span class='ocrx_word' id='word_1_578' title='bbox 2505 1323 2548 1378; x_wconf 93' lang='lat' dir='ltr'><strong>si</strong></span> <span class='ocrx_word' id='word_1_579' title='bbox 2578 1323 2902 1379; x_wconf 92' lang='lat' dir='ltr'><strong>concordent</strong></span> <span class='ocrx_word' id='word_1_580' title='bbox 2930 1338 3051 1379; x_wconf 91' lang='lat' dir='ltr'><strong>cum</strong></span> <span class='ocrx_word' id='word_1_581' title='bbox 3078 1322 3355 1394; x_wconf 85' lang='lat' dir='ltr'><strong>fratribus,</strong></span> 
     </span>
    </p>
   </div>
   <div class='ocr_carea' id='block_1_75' title="bbox 1775 1413 3354 1486">
    <p class='ocr_par' dir='ltr' id='par_1_75' title="bbox 1775 1413 3354 1486">
     <span class='ocr_line' id='line_1_75' title="bbox 1775 1413 3354 1486; baseline 0.001 -18"><span class='ocrx_word' id='word_1_582' title='bbox 1775 1427 1870 1483; x_wconf 90' lang='lat' dir='ltr'><strong>per</strong></span> <span class='ocrx_word' id='word_1_583' title='bbox 1896 1414 2151 1468; x_wconf 91' lang='lat' dir='ltr'><strong>unitatem</strong></span> <span class='ocrx_word' id='word_1_584' title='bbox 2191 1415 2336 1484; x_wconf 87' lang='lat' dir='ltr'><strong>pacis</strong></span> <span class='ocrx_word' id='word_1_585' title='bbox 2376 1413 2444 1468; x_wconf 91' lang='lat' dir='ltr'><strong>ad</strong></span> <span class='ocrx_word' id='word_1_586' title='bbox 2483 1422 2675 1470; x_wconf 89' lang='lat' dir='ltr'><strong>terram</strong></span> <span class='ocrx_word' id='word_1_587' title='bbox 2707 1413 2923 1469; x_wconf 89' lang='lat' dir='ltr'><strong>veniunt</strong></span> <span class='ocrx_word' id='word_1_588' title='bbox 2953 1413 3354 1486; x_wconf 86' lang='lat' dir='ltr'><strong>promissionis,</strong></span> 
     </span>
    </p>
   </div>
   <div class='ocr_carea' id='block_1_76' title="bbox 1775 1505 3358 1576">
    <p class='ocr_par' dir='ltr' id='par_1_76' title="bbox 1775 1505 3358 1576">
     <span class='ocr_line' id='line_1_76' title="bbox 1775 1505 3358 1576; baseline 0.003 -18"><span class='ocrx_word' id='word_1_589' title='bbox 1775 1519 1882 1560; x_wconf 90' lang='lat' dir='ltr'><strong>non</strong></span> <span class='ocrx_word' id='word_1_590' title='bbox 1907 1505 1976 1560; x_wconf 92' lang='lat' dir='ltr'><strong>de</strong></span> <span class='ocrx_word' id='word_1_591' title='bbox 1996 1515 2237 1561; x_wconf 88' lang='lat' dir='ltr'><strong>materno</strong></span> <span class='ocrx_word' id='word_1_592' title='bbox 2258 1514 2410 1561; x_wconf 90' lang='lat' dir='ltr'><strong>utero</strong></span> <span class='ocrx_word' id='word_1_593' title='bbox 2437 1520 2623 1562; x_wconf 83' lang='lat' dir='ltr'><strong>rursus</strong></span> <span class='ocrx_word' id='word_1_594' title='bbox 2645 1506 2890 1576; x_wconf 87' lang='lat' dir='ltr'><strong>ejiciendi</strong></span> <span class='ocrx_word' id='word_1_595' title='bbox 2905 1547 2922 1573; x_wconf 96' lang='lat'><strong>,</strong></span> <span class='ocrx_word' id='word_1_596' title='bbox 2945 1505 3039 1562; x_wconf 87' lang='lat' dir='ltr'><strong>sed</strong></span> <span class='ocrx_word' id='word_1_597' title='bbox 3061 1507 3113 1560; x_wconf 89' lang='lat' dir='ltr'><strong>in</strong></span> <span class='ocrx_word' id='word_1_598' title='bbox 3132 1516 3358 1576; x_wconf 88' lang='lat' dir='ltr'><strong>paterno</strong></span> 
     </span>
    </p>
   </div>
   <div class='ocr_carea' id='block_1_77' title="bbox 1774 1597 3358 1670">
    <p class='ocr_par' dir='ltr' id='par_1_77' title="bbox 1774 1597 3358 1670">
     <span class='ocr_line' id='line_1_77' title="bbox 1774 1597 3358 1670; baseline 0.003 -18"><span class='ocrx_word' id='word_1_599' title='bbox 1774 1597 1979 1653; x_wconf 91' lang='lat' dir='ltr'><strong>semine</strong></span> <span class='ocrx_word' id='word_1_600' title='bbox 2005 1598 2370 1668; x_wconf 87' lang='lat' dir='ltr'><strong>agnoscendi:</strong></span> <span class='ocrx_word' id='word_1_601' title='bbox 2401 1599 2650 1654; x_wconf 90' lang='lat' dir='ltr'><strong>siautem</strong></span> <span class='ocrx_word' id='word_1_602' title='bbox 2699 1599 2752 1654; x_wconf 91' lang='lat' dir='ltr'><strong>in</strong></span> <span class='ocrx_word' id='word_1_603' title='bbox 2798 1599 3062 1656; x_wconf 89' lang='lat' dir='ltr'><strong>discordia</strong></span> <span class='ocrx_word' id='word_1_604' title='bbox 3104 1613 3358 1670; x_wconf 85' lang='lat' dir='ltr'><strong>perseve-</strong></span> 
     </span>
    </p>
   </div>
   <div class='ocr_carea' id='block_1_78' title="bbox 1774 1689 3357 1762">
    <p class='ocr_par' dir='ltr' id='par_1_78' title="bbox 1774 1689 3357 1762">
     <span class='ocr_line' id='line_1_78' title="bbox 1774 1689 3357 1762; baseline 0.002 -18"><span class='ocrx_word' id='word_1_605' title='bbox 1774 1697 1915 1757; x_wconf 89' lang='lat' dir='ltr'><strong>rent,</strong></span> <span class='ocrx_word' id='word_1_606' title='bbox 1946 1689 2014 1744; x_wconf 90' lang='lat' dir='ltr'><strong>ad</strong></span> <span class='ocrx_word' id='word_1_607' title='bbox 2033 1689 2269 1746; x_wconf 85' lang='lat' dir='ltr'><strong>lsmaelis</strong></span> <span class='ocrx_word' id='word_1_608' title='bbox 2298 1689 2589 1746; x_wconf 86' lang='lat' dir='ltr'><strong>funiculum</strong></span> <span class='ocrx_word' id='word_1_609' title='bbox 2618 1691 2975 1762; x_wconf 86' lang='lat' dir='ltr'><strong>pertinebunt.</strong></span> <span class='ocrx_word' id='word_1_610' title='bbox 3006 1691 3158 1747; x_wconf 87' lang='lat' dir='ltr'><strong>Prior</strong></span> <span class='ocrx_word' id='word_1_611' title='bbox 3174 1699 3357 1747; x_wconf 88' lang='lat' dir='ltr'><strong>autem</strong></span> 
     </span>
    </p>
   </div>
   <div class='ocr_carea' id='block_1_79' title="bbox 1776 1779 3358 1853">
    <p class='ocr_par' dir='ltr' id='par_1_79' title="bbox 1776 1779 3358 1853">
     <span class='ocr_line' id='line_1_79' title="bbox 1776 1779 3358 1853; baseline 0.003 -19"><span class='ocrx_word' id='word_1_612' title='bbox 1776 1779 1875 1835; x_wconf 84' lang='lat' dir='ltr'><strong>fuit</strong></span> <span class='ocrx_word' id='word_1_613' title='bbox 1898 1779 2106 1844; x_wconf 88' lang='lat' dir='ltr'><strong>lsmael,</strong></span> <span class='ocrx_word' id='word_1_614' title='bbox 2133 1791 2317 1851; x_wconf 90' lang='lat' dir='ltr'><strong>postea</strong></span> <span class='ocrx_word' id='word_1_615' title='bbox 2335 1781 2508 1848; x_wconf 87' lang='lat' dir='ltr'><strong>Isaac;</strong></span> <span class='ocrx_word' id='word_1_616' title='bbox 2531 1790 2586 1838; x_wconf 91' lang='lat' dir='ltr'><strong>et</strong></span> <span class='ocrx_word' id='word_1_617' title='bbox 2609 1783 2754 1852; x_wconf 89' lang='lat' dir='ltr'><strong>prior</strong></span> <span class='ocrx_word' id='word_1_618' title='bbox 2785 1782 2948 1848; x_wconf 87' lang='lat' dir='ltr'><strong>Esau,</strong></span> <span class='ocrx_word' id='word_1_619' title='bbox 2977 1783 3240 1853; x_wconf 91' lang='lat' dir='ltr'><strong>posterior</strong></span> <span class='ocrx_word' id='word_1_620' title='bbox 3257 1797 3358 1838; x_wconf 82' lang='lat' dir='ltr'><strong>au-</strong></span> 
     </span>
    </p>
   </div>
   <div class='ocr_carea' id='block_1_80' title="bbox 1777 1871 3356 1944">
    <p class='ocr_par' dir='ltr' id='par_1_80' title="bbox 1777 1871 3356 1944">
     <span class='ocr_line' id='line_1_80' title="bbox 1777 1871 3356 1944; baseline 0.003 -18"><span class='ocrx_word' id='word_1_621' title='bbox 1777 1880 1886 1926; x_wconf 92' lang='lat' dir='ltr'><strong>tem</strong></span> <span class='ocrx_word' id='word_1_622' title='bbox 1922 1871 2086 1928; x_wconf 84' lang='lat' dir='ltr'><strong>.Iacoh</strong></span> <span class='ocrx_word' id='word_1_623' title='bbox 2110 1890 2122 1926; x_wconf 88' lang='lat'><strong>:</strong></span> <span class='ocrx_word' id='word_1_624' title='bbox 2148 1887 2253 1928; x_wconf 89' lang='lat' dir='ltr'><strong>non</strong></span> <span class='ocrx_word' id='word_1_625' title='bbox 2275 1873 2396 1942; x_wconf 88' lang='lat' dir='ltr'><strong>quia</strong></span> <span class='ocrx_word' id='word_1_626' title='bbox 2423 1873 2568 1942; x_wconf 93' lang='lat' dir='ltr'><strong>prior</strong></span> <span class='ocrx_word' id='word_1_627' title='bbox 2593 1873 2798 1943; x_wconf 89' lang='lat' dir='ltr'><strong>peperit</strong></span> <span class='ocrx_word' id='word_1_628' title='bbox 2823 1872 3042 1929; x_wconf 67' lang='lat' dir='ltr'><strong>haeresis</strong></span> <span class='ocrx_word' id='word_1_629' title='bbox 3062 1888 3222 1944; x_wconf 90' lang='lat' dir='ltr'><strong>quam</strong></span> <span class='ocrx_word' id='word_1_630' title='bbox 3249 1873 3356 1930; x_wconf 85' lang='lat' dir='ltr'><strong>Ec-</strong></span> 
     </span>
    </p>
   </div>
   <div class='ocr_carea' id='block_1_81' title="bbox 1776 1961 3354 2032">
    <p class='ocr_par' dir='ltr' id='par_1_81' title="bbox 1776 1961 3354 2032">
     <span class='ocr_line' id='line_1_81' title="bbox 1776 1961 3354 2032; baseline 0.001 -16"><span class='ocrx_word' id='word_1_631' title='bbox 1776 1961 1958 2027; x_wconf 89' lang='lat' dir='ltr'><strong>clesia,</strong></span> <span class='ocrx_word' id='word_1_632' title='bbox 1986 1971 2076 2017; x_wconf 92' lang='lat' dir='ltr'><strong>aut</strong></span> <span class='ocrx_word' id='word_1_633' title='bbox 2102 1962 2339 2018; x_wconf 88' lang='lat' dir='ltr'><strong>Ecclesia</strong></span> <span class='ocrx_word' id='word_1_634' title='bbox 2364 1963 2476 2032; x_wconf 90' lang='lat' dir='ltr'><strong>ipsa</strong></span> <span class='ocrx_word' id='word_1_635' title='bbox 2507 1963 2655 2032; x_wconf 90' lang='lat' dir='ltr'><strong>prius</strong></span> <span class='ocrx_word' id='word_1_636' title='bbox 2678 1962 2917 2017; x_wconf 90' lang='lat' dir='ltr'><strong>carnales</strong></span> <span class='ocrx_word' id='word_1_637' title='bbox 2953 1963 3039 2018; x_wconf 87' lang='lat' dir='ltr'><strong>vel</strong></span> <span class='ocrx_word' id='word_1_638' title='bbox 3060 1962 3354 2030; x_wconf 88' lang='lat' dir='ltr'><strong>animales,</strong></span> 
     </span>
    </p>
   </div>
   <div class='ocr_carea' id='block_1_82' title="bbox 1775 2053 3359 2125">
    <p class='ocr_par' dir='ltr' id='par_1_82' title="bbox 1775 2053 3359 2125">
     <span class='ocr_line' id='line_1_82' title="bbox 1775 2053 3359 2125; baseline 0.001 -17"><span class='ocrx_word' id='word_1_639' title='bbox 1775 2062 1830 2108; x_wconf 93' lang='lat' dir='ltr'><strong>et</strong></span> <span class='ocrx_word' id='word_1_640' title='bbox 1852 2062 2036 2123; x_wconf 85' lang='lat' dir='ltr'><strong>postea</strong></span> <span class='ocrx_word' id='word_1_641' title='bbox 2066 2053 2400 2124; x_wconf 87' lang='lat' dir='ltr'><strong>spirituales;</strong></span> <span class='ocrx_word' id='word_1_642' title='bbox 2428 2053 2521 2110; x_wconf 90' lang='lat' dir='ltr'><strong>sed</strong></span> <span class='ocrx_word' id='word_1_643' title='bbox 2565 2054 2687 2125; x_wconf 88' lang='lat' dir='ltr'><strong>quia</strong></span> <span class='ocrx_word' id='word_1_644' title='bbox 2715 2055 2768 2110; x_wconf 93' lang='lat' dir='ltr'><strong>in</strong></span> <span class='ocrx_word' id='word_1_645' title='bbox 2806 2055 2920 2125; x_wconf 89' lang='lat' dir='ltr'><strong>ipsa</strong></span> <span class='ocrx_word' id='word_1_646' title='bbox 2949 2063 3093 2111; x_wconf 89' lang='lat' dir='ltr'><strong>sorte</strong></span> <span class='ocrx_word' id='word_1_647' title='bbox 3117 2054 3359 2110; x_wconf 80' lang='lat' dir='ltr'><strong>mortali-</strong></span> 
     </span>
    </p>
   </div>
   <div class='ocr_carea' id='block_1_83' title="bbox 1777 2144 3358 2216">
    <p class='ocr_par' dir='ltr' id='par_1_83' title="bbox 1777 2144 3358 2216">
     <span class='ocr_line' id='line_1_83' title="bbox 1777 2144 3358 2216; baseline 0.001 -18"><span class='ocrx_word' id='word_1_648' title='bbox 1777 2145 1903 2198; x_wconf 90' lang='lat' dir='ltr'><strong>tatis</strong></span> <span class='ocrx_word' id='word_1_649' title='bbox 1929 2153 2142 2210; x_wconf 65' lang='lat' dir='ltr'><strong>nostrae,</strong></span> <span class='ocrx_word' id='word_1_650' title='bbox 2165 2161 2230 2200; x_wconf 80' lang='lat' dir='ltr'><strong>ex</strong></span> <span class='ocrx_word' id='word_1_651' title='bbox 2257 2160 2362 2215; x_wconf 88' lang='lat' dir='ltr'><strong>quo</strong></span> <span class='ocrx_word' id='word_1_652' title='bbox 2390 2144 2458 2201; x_wconf 91' lang='lat' dir='ltr'><strong>de</strong></span> <span class='ocrx_word' id='word_1_653' title='bbox 2483 2144 2654 2200; x_wconf 87' lang='lat' dir='ltr'><strong>Adam</strong></span> <span class='ocrx_word' id='word_1_654' title='bbox 2681 2146 2970 2211; x_wconf 87' lang='lat' dir='ltr'><strong>nascimur,</strong></span> <span class='ocrx_word' id='word_1_655' title='bbox 2996 2163 3096 2201; x_wconf 82' lang='lat' dir='ltr'><strong>non</strong></span> <span class='ocrx_word' id='word_1_656' title='bbox 3121 2155 3194 2200; x_wconf 84' lang='lat' dir='ltr'><strong>est</strong></span> <span class='ocrx_word' id='word_1_657' title='bbox 3214 2147 3358 2216; x_wconf 79' lang='lat' dir='ltr'><strong>prius</strong></span> 
     </span>
    </p>
   </div>
   <div class='ocr_carea' id='block_1_84' title="bbox 1776 2236 3357 2308">
    <p class='ocr_par' dir='ltr' id='par_1_84' title="bbox 1776 2236 3357 2308">
     <span class='ocr_line' id='line_1_84' title="bbox 1776 2236 3357 2308; baseline 0.001 -17"><span class='ocrx_word' id='word_1_658' title='bbox 1776 2238 1913 2308; x_wconf 82' lang='lat' dir='ltr'><strong>quod</strong></span> <span class='ocrx_word' id='word_1_659' title='bbox 1972 2237 2237 2306; x_wconf 84' lang='lat' dir='ltr'><strong>spirituale</strong></span> <span class='ocrx_word' id='word_1_660' title='bbox 2261 2279 2276 2304; x_wconf 96' lang='lat'><strong>,</strong></span> <span class='ocrx_word' id='word_1_661' title='bbox 2328 2237 2416 2293; x_wconf 83' lang='lat' dir='ltr'><strong>sed</strong></span> <span class='ocrx_word' id='word_1_662' title='bbox 2469 2236 2603 2308; x_wconf 82' lang='lat' dir='ltr'><strong>quod</strong></span> <span class='ocrx_word' id='word_1_663' title='bbox 2660 2236 2897 2302; x_wconf 81' lang='lat' dir='ltr'><strong>animale,</strong></span> <span class='ocrx_word' id='word_1_664' title='bbox 2953 2247 3124 2307; x_wconf 83' lang='lat' dir='ltr'><strong>postea</strong></span> <span class='ocrx_word' id='word_1_665' title='bbox 3202 2238 3357 2308; x_wconf 81' lang='lat' dir='ltr'><strong>spiri-</strong></span> 
     </span>
    </p>
   </div>
   <div class='ocr_carea' id='block_1_85' title="bbox 1778 2325 3358 2400">
    <p class='ocr_par' dir='ltr' id='par_1_85' title="bbox 1778 2325 3358 2400">
     <span class='ocr_line' id='line_1_85' title="bbox 1778 2325 3358 2400; baseline 0 -17"><span class='ocrx_word' id='word_1_666' title='bbox 1778 2329 1914 2383; x_wconf 84' lang='lat' dir='ltr'><strong>tuale</strong></span> <span class='ocrx_word' id='word_1_667' title='bbox 1943 2328 1961 2400; x_wconf 95' lang='lat'>(</span> <span class='ocrx_word' id='word_1_668' title='bbox 1986 2325 2144 2383; x_wconf 88' lang='lat' dir='ltr'><strong>lCor.</strong></span> <span class='ocrx_word' id='word_1_669' title='bbox 2197 2344 2268 2384; x_wconf 79' lang='lat' dir='ltr'><strong>xv</strong></span> <span class='ocrx_word' id='word_1_670' title='bbox 2292 2369 2308 2395; x_wconf 92' lang='lat'><strong>,</strong></span> <span class='ocrx_word' id='word_1_671' title='bbox 2338 2327 2408 2383; x_wconf 71' lang='lat'><strong>46</strong></span> <span class='ocrx_word' id='word_1_672' title='bbox 2431 2328 2470 2399; x_wconf 94' lang='lat'><strong>).</strong></span> <span class='ocrx_word' id='word_1_673' title='bbox 2500 2327 2583 2382; x_wconf 80' lang='lat' dir='ltr'><strong>Ex</strong></span> <span class='ocrx_word' id='word_1_674' title='bbox 2627 2327 2744 2398; x_wconf 91' lang='lat' dir='ltr'><strong>ipso</strong></span> <span class='ocrx_word' id='word_1_675' title='bbox 2792 2335 2968 2384; x_wconf 90' lang='lat' dir='ltr'><strong>autem</strong></span> <span class='ocrx_word' id='word_1_676' title='bbox 2993 2328 3208 2384; x_wconf 91' lang='lat' dir='ltr'><strong>animali</strong></span> <span class='ocrx_word' id='word_1_677' title='bbox 3233 2342 3358 2383; x_wconf 85' lang='lat' dir='ltr'><strong>sen-</strong></span> 
     </span>
    </p>
   </div>
   <div class='ocr_carea' id='block_1_86' title="bbox 1777 2417 3356 2491">
    <p class='ocr_par' dir='ltr' id='par_1_86' title="bbox 1777 2417 3356 2491">
     <span class='ocr_line' id='line_1_86' title="bbox 1777 2417 3356 2491; baseline -0.003 -16"><span class='ocrx_word' id='word_1_678' title='bbox 1777 2435 1838 2475; x_wconf 88' lang='lat' dir='ltr'><strong>su</strong></span> <span class='ocrx_word' id='word_1_679' title='bbox 1859 2460 1875 2486; x_wconf 93' lang='lat'><strong>,</strong></span> <span class='ocrx_word' id='word_1_680' title='bbox 1907 2421 2026 2491; x_wconf 85' lang='lat' dir='ltr'><strong>quia</strong></span> <span class='ocrx_word' id='word_1_681' title='bbox 2054 2421 2204 2474; x_wconf 85' lang='lat' dir='ltr'><strong>homo</strong></span> <span class='ocrx_word' id='word_1_682' title='bbox 2232 2418 2466 2474; x_wconf 79' lang='lat' dir='ltr'><strong>animalis</strong></span> <span class='ocrx_word' id='word_1_683' title='bbox 2519 2435 2621 2474; x_wconf 83' lang='lat' dir='ltr'><strong>non</strong></span> <span class='ocrx_word' id='word_1_684' title='bbox 2661 2418 2872 2488; x_wconf 84' lang='lat' dir='ltr'><strong>percipit</strong></span> <span class='ocrx_word' id='word_1_685' title='bbox 2907 2434 3020 2488; x_wconf 70' lang='lat' dir='ltr'><strong>quae</strong></span> <span class='ocrx_word' id='word_1_686' title='bbox 3069 2427 3185 2473; x_wconf 85' lang='lat' dir='ltr'><strong>sunt</strong></span> <span class='ocrx_word' id='word_1_687' title='bbox 3228 2417 3356 2488; x_wconf 85' lang='lat' dir='ltr'><strong>Spi-</strong></span> 
     </span>
    </p>
   </div>
   <div class='ocr_carea' id='block_1_87' title="bbox 1775 2509 3372 2580">
    <p class='ocr_par' dir='ltr' id='par_1_87' title="bbox 1775 2509 3372 2580">
     <span class='ocr_line' id='line_1_87' title="bbox 1775 2509 3372 2580; baseline 0.002 -15"><span class='ocrx_word' id='word_1_688' title='bbox 1775 2511 1902 2565; x_wconf 81' lang='lat' dir='ltr'><strong>ritus</strong></span> <span class='ocrx_word' id='word_1_689' title='bbox 1924 2509 2018 2566; x_wconf 86' lang='lat' dir='ltr'><strong>Dei</strong></span> <span class='ocrx_word' id='word_1_690' title='bbox 2046 2509 2156 2580; x_wconf 83' lang='lat' dir='ltr'><strong>(Id.</strong></span> <span class='ocrx_word' id='word_1_691' title='bbox 2184 2525 2242 2578; x_wconf 87' lang='lat' dir='ltr'><strong>u,</strong></span> <span class='ocrx_word' id='word_1_692' title='bbox 2268 2511 2381 2580; x_wconf 74' lang='lat' dir='ltr'><strong>M),</strong></span> <span class='ocrx_word' id='word_1_693' title='bbox 2408 2524 2595 2565; x_wconf 88' lang='lat' dir='ltr'><strong>omnes</strong></span> <span class='ocrx_word' id='word_1_694' title='bbox 2614 2509 2975 2565; x_wconf 88' lang='lat' dir='ltr'><strong>dissensiones</strong></span> <span class='ocrx_word' id='word_1_695' title='bbox 2990 2519 3044 2566; x_wconf 88' lang='lat' dir='ltr'><strong>et</strong></span> <span class='ocrx_word' id='word_1_696' title='bbox 3069 2510 3372 2568; x_wconf 72' lang='lat' dir='ltr'><strong>schismata.</strong></span> 
     </span>
    </p>
   </div>
   <div class='ocr_carea' id='block_1_88' title="bbox 1774 2598 3359 2675">
    <p class='ocr_par' dir='ltr' id='par_1_88' title="bbox 1774 2598 3359 2675">
     <span class='ocr_line' id='line_1_88' title="bbox 1774 2598 3359 2675; baseline -0.002 -16"><span class='ocrx_word' id='word_1_697' title='bbox 1774 2612 2116 2675; x_wconf 86' lang='lat' dir='ltr'><strong>generantur.</strong></span> <span class='ocrx_word' id='word_1_698' title='bbox 2139 2601 2195 2658; x_wconf 84' lang='lat' dir='ltr'><strong>In</strong></span> <span class='ocrx_word' id='word_1_699' title='bbox 2223 2598 2328 2673; x_wconf 86' lang='lat' dir='ltr'><strong>quo</strong></span> <span class='ocrx_word' id='word_1_700' title='bbox 2353 2616 2513 2658; x_wconf 90' lang='lat' dir='ltr'><strong>sensu</strong></span> <span class='ocrx_word' id='word_1_701' title='bbox 2535 2611 2939 2673; x_wconf 86' lang='lat' dir='ltr'><strong>perseverantes</strong></span> <span class='ocrx_word' id='word_1_702' title='bbox 2963 2601 3254 2671; x_wconf 83' lang='lat' dir='ltr'><strong>Apostolus</strong></span> <span class='ocrx_word' id='word_1_703' title='bbox 3275 2602 3359 2657; x_wconf 90' lang='lat' dir='ltr'><strong>di-</strong></span> 
     </span>
    </p>
   </div>
   <div class='ocr_carea' id='block_1_89' title="bbox 1775 2692 3359 2765">
    <p class='ocr_par' dir='ltr' id='par_1_89' title="bbox 1775 2692 3359 2765">
     <span class='ocr_line' id='line_1_89' title="bbox 1775 2692 3359 2765; baseline -0.001 -14"><span class='ocrx_word' id='word_1_704' title='bbox 1775 2700 1850 2752; x_wconf 89' lang='lat' dir='ltr'><strong>cit</strong></span> <span class='ocrx_word' id='word_1_705' title='bbox 1889 2697 1955 2752; x_wconf 90' lang='lat' dir='ltr'><strong>ad</strong></span> <span class='ocrx_word' id='word_1_706' title='bbox 1996 2695 2159 2752; x_wconf 86' lang='lat' dir='ltr'><strong>Vetus</strong></span> <span class='ocrx_word' id='word_1_707' title='bbox 2203 2695 2600 2751; x_wconf 81' lang='lat' dir='ltr'><strong>Testamentum</strong></span> <span class='ocrx_word' id='word_1_708' title='bbox 2638 2695 2908 2765; x_wconf 90' lang='lat' dir='ltr'><strong>pertinere</strong></span> <span class='ocrx_word' id='word_1_709' title='bbox 2946 2693 3138 2764; x_wconf 81' lang='lat' dir='ltr'><strong>(Galat.</strong></span> <span class='ocrx_word' id='word_1_710' title='bbox 3172 2692 3272 2765; x_wconf 82' lang='lat' dir='ltr'><strong>iv),</strong></span> <span class='ocrx_word' id='word_1_711' title='bbox 3303 2694 3359 2750; x_wconf 88' lang='lat' dir='ltr'><strong>id</strong></span> 
     </span>
    </p>
   </div>
   <div class='ocr_carea' id='block_1_90' title="bbox 1778 2785 3356 2858">
    <p class='ocr_par' dir='ltr' id='par_1_90' title="bbox 1778 2785 3356 2858">
     <span class='ocr_line' id='line_1_90' title="bbox 1778 2785 3356 2858; baseline -0.003 -13"><span class='ocrx_word' id='word_1_712' title='bbox 1778 2798 1881 2856; x_wconf 88' lang='lat' dir='ltr'><strong>est,</strong></span> <span class='ocrx_word' id='word_1_713' title='bbox 1911 2788 1979 2844; x_wconf 84' lang='lat' dir='ltr'><strong>ad</strong></span> <span class='ocrx_word' id='word_1_714' title='bbox 2004 2799 2334 2844; x_wconf 88' lang='lat' dir='ltr'><strong>terrenorum</strong></span> <span class='ocrx_word' id='word_1_715' title='bbox 2358 2787 2742 2858; x_wconf 90' lang='lat' dir='ltr'><strong>promissorum</strong></span> <span class='ocrx_word' id='word_1_716' title='bbox 2772 2785 3135 2856; x_wconf 89' lang='lat' dir='ltr'><strong>cupiditatem,</strong></span> <span class='ocrx_word' id='word_1_717' title='bbox 3161 2787 3214 2842; x_wconf 91' lang='lat' dir='ltr'><strong>in</strong></span> <span class='ocrx_word' id='word_1_718' title='bbox 3234 2785 3356 2858; x_wconf 86' lang='lat' dir='ltr'><strong>qui-</strong></span> 
     </span>
    </p>
   </div>
   <div class='ocr_carea' id='block_1_91' title="bbox 1777 2879 3360 2953">
    <p class='ocr_par' dir='ltr' id='par_1_91' title="bbox 1777 2879 3360 2953">
     <span class='ocr_line' id='line_1_91' title="bbox 1777 2879 3360 2953; baseline 0 -17"><span class='ocrx_word' id='word_1_719' title='bbox 1777 2881 1878 2936; x_wconf 87' lang='lat' dir='ltr'><strong>bus</strong></span> <span class='ocrx_word' id='word_1_720' title='bbox 1905 2881 2119 2953; x_wconf 87' lang='lat' dir='ltr'><strong>quidem</strong></span> <span class='ocrx_word' id='word_1_721' title='bbox 2147 2879 2440 2952; x_wconf 88' lang='lat' dir='ltr'><strong>spiritualia</strong></span> <span class='ocrx_word' id='word_1_722' title='bbox 2481 2879 2798 2950; x_wconf 86' lang='lat' dir='ltr'><strong>ﬁgurantur,</strong></span> <span class='ocrx_word' id='word_1_723' title='bbox 2828 2879 2924 2935; x_wconf 90' lang='lat' dir='ltr'><strong>sed</strong></span> <span class='ocrx_word' id='word_1_724' title='bbox 2948 2880 3183 2936; x_wconf 79' lang='lat' dir='ltr'><strong>animalis</strong></span> <span class='ocrx_word' id='word_1_725' title='bbox 3207 2879 3360 2936; x_wconf 84' lang='lat' dir='ltr'><strong>homo</strong></span> 
     </span>
    </p>
   </div>
   <div class='ocr_carea' id='block_1_92' title="bbox 1778 2971 2789 3046">
    <p class='ocr_par' dir='ltr' id='par_1_92' title="bbox 1778 2971 2789 3046">
     <span class='ocr_line' id='line_1_92' title="bbox 1778 2971 2789 3046; baseline -0.001 -19"><span class='ocrx_word' id='word_1_726' title='bbox 1778 2991 1878 3029; x_wconf 83' lang='lat' dir='ltr'><strong>non</strong></span> <span class='ocrx_word' id='word_1_727' title='bbox 1904 2973 2112 3046; x_wconf 83' lang='lat' dir='ltr'><strong>percipit</strong></span> <span class='ocrx_word' id='word_1_728' title='bbox 2136 2989 2250 3045; x_wconf 75' lang='lat' dir='ltr'><strong>qua:</strong></span> <span class='ocrx_word' id='word_1_729' title='bbox 2273 2982 2387 3029; x_wconf 83' lang='lat' dir='ltr'><strong>sunt</strong></span> <span class='ocrx_word' id='word_1_730' title='bbox 2421 2971 2646 3044; x_wconf 84' lang='lat' dir='ltr'><strong>Spiritus</strong></span> <span class='ocrx_word' id='word_1_731' title='bbox 2676 2971 2789 3028; x_wconf 84' lang='lat' dir='ltr'><strong>Dei.</strong></span> 
     </span>
    </p>
   </div>
   <div class='ocr_carea' id='block_1_93' title="bbox 1851 3065 3363 3137">
    <p class='ocr_par' dir='ltr' id='par_1_93' title="bbox 1851 3065 3363 3137">
     <span class='ocr_line' id='line_1_93' title="bbox 1851 3065 3363 3137; baseline 0.002 -15"><span class='ocrx_word' id='word_1_732' title='bbox 1851 3065 1940 3122; x_wconf 68' lang='lat'><strong>24.</strong></span> <span class='ocrx_word' id='word_1_733' title='bbox 1970 3066 2313 3137; x_wconf 89' lang='lat' dir='ltr'><strong>Quocumque</strong></span> <span class='ocrx_word' id='word_1_734' title='bbox 2355 3081 2485 3136; x_wconf 87' lang='lat' dir='ltr'><strong>ergo</strong></span> <span class='ocrx_word' id='word_1_735' title='bbox 2529 3076 2770 3137; x_wconf 63' lang='lat' dir='ltr'><strong>temore</strong></span> <span class='ocrx_word' id='word_1_736' title='bbox 2798 3067 2930 3122; x_wconf 86' lang='lat' dir='ltr'><strong>tales</strong></span> <span class='ocrx_word' id='word_1_737' title='bbox 2959 3065 3206 3123; x_wconf 86' lang='lat' dir='ltr'><strong>homines</strong></span> <span class='ocrx_word' id='word_1_738' title='bbox 3241 3082 3363 3125; x_wconf 89' lang='lat' dir='ltr'><strong>esse</strong></span> 
     </span>
    </p>
   </div>
   <div class='ocr_carea' id='block_1_94' title="bbox 1781 3157 3363 3230">
    <p class='ocr_par' dir='ltr' id='par_1_94' title="bbox 1781 3157 3363 3230">
     <span class='ocr_line' id='line_1_94' title="bbox 1781 3157 3363 3230; baseline 0.004 -16"><span class='ocrx_word' id='word_1_739' title='bbox 1781 3159 2041 3229; x_wconf 76' lang='lat' dir='ltr'><strong>cmperint</strong></span> <span class='ocrx_word' id='word_1_740' title='bbox 2087 3158 2142 3213; x_wconf 93' lang='lat' dir='ltr'><strong>in</strong></span> <span class='ocrx_word' id='word_1_741' title='bbox 2193 3158 2292 3214; x_wconf 92' lang='lat' dir='ltr'><strong>hac</strong></span> <span class='ocrx_word' id='word_1_742' title='bbox 2319 3159 2447 3224; x_wconf 92' lang='lat' dir='ltr'><strong>vita,</strong></span> <span class='ocrx_word' id='word_1_743' title='bbox 2477 3166 2548 3228; x_wconf 34' lang='lat' dir='ltr'><strong>ut,</strong></span> <span class='ocrx_word' id='word_1_744' title='bbox 2557 3157 2668 3228; x_wconf 88' lang='lat' dir='ltr'><strong>jam</strong></span> <span class='ocrx_word' id='word_1_745' title='bbox 2702 3157 2897 3216; x_wconf 88' lang='lat' dir='ltr'><strong>divinis</strong></span> <span class='ocrx_word' id='word_1_746' title='bbox 2923 3175 3020 3230; x_wconf 91' lang='lat' dir='ltr'><strong>pro</strong></span> <span class='ocrx_word' id='word_1_747' title='bbox 3045 3160 3363 3219; x_wconf 73' lang='lat' dir='ltr'><strong>smculorum</strong></span> 
     </span>
    </p>
   </div>
   <div class='ocr_carea' id='block_1_95' title="bbox 1781 3247 3364 3314">
    <p class='ocr_par' dir='ltr' id='par_1_95' title="bbox 1781 3247 3364 3314">
     <span class='ocr_line' id='line_1_95' title="bbox 1781 3247 3364 3314; baseline 0.003 -11"><span class='ocrx_word' id='word_1_748' title='bbox 1781 3248 2151 3305; x_wconf 89' lang='lat' dir='ltr'><strong>distributione</strong></span> <span class='ocrx_word' id='word_1_749' title='bbox 2177 3247 2534 3304; x_wconf 88' lang='lat' dir='ltr'><strong>Sacramentis</strong></span> <span class='ocrx_word' id='word_1_750' title='bbox 2577 3248 2784 3314; x_wconf 91' lang='lat' dir='ltr'><strong>imbuti,</strong></span> <span class='ocrx_word' id='word_1_751' title='bbox 2818 3248 2991 3306; x_wconf 90' lang='lat' dir='ltr'><strong>adhuc</strong></span> <span class='ocrx_word' id='word_1_752' title='bbox 3033 3259 3209 3306; x_wconf 88' lang='lat' dir='ltr'><strong>tamen</strong></span> <span class='ocrx_word' id='word_1_753' title='bbox 3239 3266 3364 3307; x_wconf 87' lang='lat' dir='ltr'><strong>car-</strong></span> 
     </span>
    </p>
   </div>
   <div class='ocr_carea' id='block_1_96' title="bbox 1782 3335 3363 3408">
    <p class='ocr_par' dir='ltr' id='par_1_96' title="bbox 1782 3335 3363 3408">
     <span class='ocr_line' id='line_1_96' title="bbox 1782 3335 3363 3408; baseline 0.001 -15"><span class='ocrx_word' id='word_1_754' title='bbox 1782 3339 1974 3393; x_wconf 89' lang='lat' dir='ltr'><strong>naliter</strong></span> <span class='ocrx_word' id='word_1_755' title='bbox 1994 3339 2202 3408; x_wconf 90' lang='lat' dir='ltr'><strong>sapiant</strong></span> <span class='ocrx_word' id='word_1_756' title='bbox 2222 3341 2266 3404; x_wconf 79' lang='lat'><strong>&#39;,</strong></span> <span class='ocrx_word' id='word_1_757' title='bbox 2298 3346 2353 3393; x_wconf 91' lang='lat' dir='ltr'><strong>et</strong></span> <span class='ocrx_word' id='word_1_758' title='bbox 2376 3337 2607 3392; x_wconf 87' lang='lat' dir='ltr'><strong>carnalia</strong></span> <span class='ocrx_word' id='word_1_759' title='bbox 2635 3335 2704 3393; x_wconf 91' lang='lat' dir='ltr'><strong>de</strong></span> <span class='ocrx_word' id='word_1_760' title='bbox 2734 3337 2864 3404; x_wconf 92' lang='lat' dir='ltr'><strong>Deo,</strong></span> <span class='ocrx_word' id='word_1_761' title='bbox 2891 3339 3002 3394; x_wconf 89' lang='lat' dir='ltr'><strong>sive</strong></span> <span class='ocrx_word' id='word_1_762' title='bbox 3022 3339 3074 3395; x_wconf 89' lang='lat' dir='ltr'><strong>in</strong></span> <span class='ocrx_word' id='word_1_763' title='bbox 3105 3339 3204 3396; x_wconf 87' lang='lat' dir='ltr'><strong>hac</strong></span> <span class='ocrx_word' id='word_1_764' title='bbox 3233 3339 3363 3408; x_wconf 86' lang='lat' dir='ltr'><strong>vita,</strong></span> 
     </span>
    </p>
   </div>
   <div class='ocr_carea' id='block_1_97' title="bbox 1783 3429 3366 3501">
    <p class='ocr_par' dir='ltr' id='par_1_97' title="bbox 1783 3429 3366 3501">
     <span class='ocr_line' id='line_1_97' title="bbox 1783 3429 3366 3501; baseline 0.001 -15"><span class='ocrx_word' id='word_1_765' title='bbox 1783 3431 1895 3486; x_wconf 90' lang='lat' dir='ltr'><strong>sive</strong></span> <span class='ocrx_word' id='word_1_766' title='bbox 1920 3439 2040 3501; x_wconf 89' lang='lat' dir='ltr'><strong>post</strong></span> <span class='ocrx_word' id='word_1_767' title='bbox 2069 3430 2205 3485; x_wconf 92' lang='lat' dir='ltr'><strong>hanc</strong></span> <span class='ocrx_word' id='word_1_768' title='bbox 2232 3430 2413 3495; x_wconf 89' lang='lat' dir='ltr'><strong>vitam,</strong></span> <span class='ocrx_word' id='word_1_769' title='bbox 2444 3438 2660 3499; x_wconf 88' lang='lat' dir='ltr'><strong>sperent</strong></span> <span class='ocrx_word' id='word_1_770' title='bbox 2702 3440 2859 3499; x_wconf 89' lang='lat' dir='ltr'><strong>atque</strong></span> <span class='ocrx_word' id='word_1_771' title='bbox 2891 3429 3220 3499; x_wconf 87' lang='lat' dir='ltr'><strong>desiderent,</strong></span> <span class='ocrx_word' id='word_1_772' title='bbox 3248 3432 3366 3488; x_wconf 81' lang='lat' dir='ltr'><strong>ani-</strong></span> 
     </span>
    </p>
   </div>
   <div class='ocr_carea' id='block_1_98' title="bbox 1783 3522 3366 3594">
    <p class='ocr_par' dir='ltr' id='par_1_98' title="bbox 1783 3522 3366 3594">
     <span class='ocr_line' id='line_1_98' title="bbox 1783 3522 3366 3594; baseline 0.002 -16"><span class='ocrx_word' id='word_1_773' title='bbox 1783 3524 1949 3579; x_wconf 86' lang='lat' dir='ltr'><strong>males</strong></span> <span class='ocrx_word' id='word_1_774' title='bbox 1997 3531 2139 3578; x_wconf 89' lang='lat' dir='ltr'><strong>sunt.</strong></span> <span class='ocrx_word' id='word_1_775' title='bbox 2172 3522 2410 3578; x_wconf 89' lang='lat' dir='ltr'><strong>Ecclesia</strong></span> <span class='ocrx_word' id='word_1_776' title='bbox 2452 3537 2579 3578; x_wconf 89' lang='lat' dir='ltr'><strong>vero</strong></span> <span class='ocrx_word' id='word_1_777' title='bbox 2603 3563 2618 3587; x_wconf 91' lang='lat'><strong>,</strong></span> <span class='ocrx_word' id='word_1_778' title='bbox 2673 3522 2815 3592; x_wconf 93' lang='lat' dir='ltr'><strong>quod</strong></span> <span class='ocrx_word' id='word_1_779' title='bbox 2858 3530 2942 3578; x_wconf 90' lang='lat' dir='ltr'><strong>est</strong></span> <span class='ocrx_word' id='word_1_780' title='bbox 2978 3524 3206 3594; x_wconf 88' lang='lat' dir='ltr'><strong>populus</strong></span> <span class='ocrx_word' id='word_1_781' title='bbox 3231 3523 3366 3592; x_wconf 86' lang='lat' dir='ltr'><strong>Dei,</strong></span> 
     </span>
    </p>
   </div>
   <div class='ocr_carea' id='block_1_99' title="bbox 1783 3613 3368 3684">
    <p class='ocr_par' dir='ltr' id='par_1_99' title="bbox 1783 3613 3368 3684">
     <span class='ocr_line' id='line_1_99' title="bbox 1783 3613 3368 3684; baseline 0.001 -14"><span class='ocrx_word' id='word_1_782' title='bbox 1783 3615 1942 3670; x_wconf 91' lang='lat' dir='ltr'><strong>etiam</strong></span> <span class='ocrx_word' id='word_1_783' title='bbox 1973 3615 2028 3669; x_wconf 93' lang='lat' dir='ltr'><strong>in</strong></span> <span class='ocrx_word' id='word_1_784' title='bbox 2050 3613 2202 3670; x_wconf 91' lang='lat' dir='ltr'><strong>istius</strong></span> <span class='ocrx_word' id='word_1_785' title='bbox 2228 3613 2350 3669; x_wconf 65' lang='lat' dir='ltr'><strong>vitae</strong></span> <span class='ocrx_word' id='word_1_786' title='bbox 2376 3613 2798 3684; x_wconf 90' lang='lat' dir='ltr'><strong>peregrinatione</strong></span> <span class='ocrx_word' id='word_1_787' title='bbox 2825 3615 3042 3684; x_wconf 90' lang='lat' dir='ltr'><strong>antiqua</strong></span> <span class='ocrx_word' id='word_1_788' title='bbox 3067 3627 3154 3669; x_wconf 88' lang='lat' dir='ltr'><strong>res</strong></span> <span class='ocrx_word' id='word_1_789' title='bbox 3183 3623 3286 3682; x_wconf 87' lang='lat' dir='ltr'><strong>est,</strong></span> <span class='ocrx_word' id='word_1_790' title='bbox 3307 3615 3368 3672; x_wconf 77' lang='lat' dir='ltr'><strong>its</strong></span> 
     </span>
    </p>
   </div>
   <div class='ocr_carea' id='block_1_100' title="bbox 1785 3707 3365 3778">
    <p class='ocr_par' dir='ltr' id='par_1_100' title="bbox 1785 3707 3365 3778">
     <span class='ocr_line' id='line_1_100' title="bbox 1785 3707 3365 3778; baseline 0.003 -16"><span class='ocrx_word' id='word_1_791' title='bbox 1785 3707 1902 3763; x_wconf 91' lang='lat' dir='ltr'><strong>aliis</strong></span> <span class='ocrx_word' id='word_1_792' title='bbox 1939 3707 2246 3762; x_wconf 86' lang='lat' dir='ltr'><strong>hominibus</strong></span> <span class='ocrx_word' id='word_1_793' title='bbox 2279 3707 2481 3762; x_wconf 88' lang='lat' dir='ltr'><strong>habens</strong></span> <span class='ocrx_word' id='word_1_794' title='bbox 2508 3707 2794 3763; x_wconf 84' lang='lat' dir='ltr'><strong>animalem</strong></span> <span class='ocrx_word' id='word_1_795' title='bbox 2816 3711 3139 3778; x_wconf 89' lang='lat' dir='ltr'><strong>portionem,</strong></span> <span class='ocrx_word' id='word_1_796' title='bbox 3165 3709 3220 3766; x_wconf 92' lang='lat' dir='ltr'><strong>in</strong></span> <span class='ocrx_word' id='word_1_797' title='bbox 3245 3709 3365 3766; x_wconf 84' lang='lat' dir='ltr'><strong>aliis</strong></span> 
     </span>
    </p>
   </div>
   <div class='ocr_carea' id='block_1_101' title="bbox 1784 3799 3367 3871">
    <p class='ocr_par' dir='ltr' id='par_1_101' title="bbox 1784 3799 3367 3871">
     <span class='ocr_line' id='line_1_101' title="bbox 1784 3799 3367 3871; baseline 0.001 -15"><span class='ocrx_word' id='word_1_798' title='bbox 1784 3809 1960 3857; x_wconf 89' lang='lat' dir='ltr'><strong>autem</strong></span> <span class='ocrx_word' id='word_1_799' title='bbox 1985 3799 2331 3871; x_wconf 91' lang='lat' dir='ltr'><strong>spiritualem.</strong></span> <span class='ocrx_word' id='word_1_800' title='bbox 2351 3800 2431 3856; x_wconf 83' lang='lat' dir='ltr'><strong>Ad</strong></span> <span class='ocrx_word' id='word_1_801' title='bbox 2449 3801 2708 3857; x_wconf 88' lang='lat' dir='ltr'><strong>animales</strong></span> <span class='ocrx_word' id='word_1_802' title='bbox 2731 3801 2962 3871; x_wconf 85' lang='lat' dir='ltr'><strong>pertinet</strong></span> <span class='ocrx_word' id='word_1_803' title='bbox 2985 3800 3150 3858; x_wconf 80' lang='lat' dir='ltr'><strong>Vetus</strong></span> <span class='ocrx_word' id='word_1_804' title='bbox 3179 3801 3367 3862; x_wconf 79' lang='lat' dir='ltr'><strong>Testa-</strong></span> 
     </span>
    </p>
   </div>
   <div class='ocr_carea' id='block_1_102' title="bbox 1787 3891 3368 3965">
    <p class='ocr_par' dir='ltr' id='par_1_102' title="bbox 1787 3891 3368 3965">
     <span class='ocr_line' id='line_1_102' title="bbox 1787 3891 3368 3965; baseline 0.002 -17"><span class='ocrx_word' id='word_1_805' title='bbox 1787 3902 2046 3960; x_wconf 89' lang='lat' dir='ltr'><strong>mentum,</strong></span> <span class='ocrx_word' id='word_1_806' title='bbox 2073 3893 2142 3948; x_wconf 92' lang='lat' dir='ltr'><strong>ad</strong></span> <span class='ocrx_word' id='word_1_807' title='bbox 2168 3893 2472 3964; x_wconf 89' lang='lat' dir='ltr'><strong>spirituales</strong></span> <span class='ocrx_word' id='word_1_808' title='bbox 2489 3892 2718 3949; x_wconf 90' lang='lat' dir='ltr'><strong>Novum.</strong></span> <span class='ocrx_word' id='word_1_809' title='bbox 2751 3891 2856 3950; x_wconf 87' lang='lat' dir='ltr'><strong>Sed</strong></span> <span class='ocrx_word' id='word_1_810' title='bbox 2885 3893 3072 3964; x_wconf 88' lang='lat' dir='ltr'><strong>primis</strong></span> <span class='ocrx_word' id='word_1_811' title='bbox 3109 3893 3368 3965; x_wconf 86' lang='lat' dir='ltr'><strong>tempori-</strong></span> 
     </span>
    </p>
   </div>
   <div class='ocr_carea' id='block_1_103' title="bbox 1786 3983 3370 4058">
    <p class='ocr_par' dir='ltr' id='par_1_103' title="bbox 1786 3983 3370 4058">
     <span class='ocr_line' id='line_1_103' title="bbox 1786 3983 3370 4058; baseline 0 -17"><span class='ocrx_word' id='word_1_812' title='bbox 1786 3987 1886 4042; x_wconf 90' lang='lat' dir='ltr'><strong>bus</strong></span> <span class='ocrx_word' id='word_1_813' title='bbox 1906 3993 2190 4058; x_wconf 88' lang='lat' dir='ltr'><strong>utrumque</strong></span> <span class='ocrx_word' id='word_1_814' title='bbox 2214 3985 2480 4041; x_wconf 89' lang='lat' dir='ltr'><strong>occultum</strong></span> <span class='ocrx_word' id='word_1_815' title='bbox 2508 3983 2606 4040; x_wconf 86' lang='lat' dir='ltr'><strong>fuit</strong></span> <span class='ocrx_word' id='word_1_816' title='bbox 2640 3985 2710 4041; x_wconf 89' lang='lat' dir='ltr'><strong>ab</strong></span> <span class='ocrx_word' id='word_1_817' title='bbox 2735 3983 2904 4039; x_wconf 79' lang='lat' dir='ltr'><strong>Adam</strong></span> <span class='ocrx_word' id='word_1_818' title='bbox 2932 3997 3102 4054; x_wconf 90' lang='lat' dir='ltr'><strong>usque</strong></span> <span class='ocrx_word' id='word_1_819' title='bbox 3123 3983 3192 4040; x_wconf 88' lang='lat' dir='ltr'><strong>ad</strong></span> <span class='ocrx_word' id='word_1_820' title='bbox 3215 3983 3370 4056; x_wconf 80' lang='lat' dir='ltr'><strong>Moy-</strong></span> 
     </span>
    </p>
   </div>
   <div class='ocr_carea' id='block_1_104' title="bbox 1787 4074 3368 4150">
    <p class='ocr_par' dir='ltr' id='par_1_104' title="bbox 1787 4074 3368 4150">
     <span class='ocr_line' id='line_1_104' title="bbox 1787 4074 3368 4150; baseline 0.001 -16"><span class='ocrx_word' id='word_1_821' title='bbox 1787 4092 1904 4134; x_wconf 89' lang='lat' dir='ltr'><strong>sen.</strong></span> <span class='ocrx_word' id='word_1_822' title='bbox 1932 4079 1978 4133; x_wconf 88' lang='lat' dir='ltr'><strong>A</strong></span> <span class='ocrx_word' id='word_1_823' title='bbox 1998 4077 2178 4150; x_wconf 82' lang='lat' dir='ltr'><strong>Moyse</strong></span> <span class='ocrx_word' id='word_1_824' title='bbox 2213 4085 2390 4132; x_wconf 88' lang='lat' dir='ltr'><strong>autem</strong></span> <span class='ocrx_word' id='word_1_825' title='bbox 2435 4075 2831 4132; x_wconf 80' lang='lat' dir='ltr'><strong>manifestatum</strong></span> <span class='ocrx_word' id='word_1_826' title='bbox 2861 4074 2882 4107; x_wconf 83' lang='grc'>³</span> <span class='ocrx_word' id='word_1_827' title='bbox 2908 4086 2991 4130; x_wconf 91' lang='lat' dir='ltr'><strong>est</strong></span> <span class='ocrx_word' id='word_1_828' title='bbox 3014 4075 3200 4141; x_wconf 84' lang='lat' dir='ltr'><strong>Vetus,</strong></span> <span class='ocrx_word' id='word_1_829' title='bbox 3232 4085 3286 4134; x_wconf 88' lang='lat' dir='ltr'><strong>et</strong></span> <span class='ocrx_word' id='word_1_830' title='bbox 3311 4078 3368 4135; x_wconf 84' lang='lat' dir='ltr'><strong>in</strong></span> 
     </span>
    </p>
   </div>
   <div class='ocr_carea' id='block_1_105' title="bbox 1789 4165 3371 4237">
    <p class='ocr_par' dir='ltr' id='par_1_105' title="bbox 1789 4165 3371 4237">
     <span class='ocr_line' id='line_1_105' title="bbox 1789 4165 3371 4237; baseline 0.001 -14"><span class='ocrx_word' id='word_1_831' title='bbox 1789 4183 1854 4224; x_wconf 90' lang='lat' dir='ltr'><strong>eo</strong></span> <span class='ocrx_word' id='word_1_832' title='bbox 1879 4168 1996 4237; x_wconf 90' lang='lat' dir='ltr'><strong>ipso</strong></span> <span class='ocrx_word' id='word_1_833' title='bbox 2037 4167 2399 4223; x_wconf 89' lang='lat' dir='ltr'><strong>occultabatur</strong></span> <span class='ocrx_word' id='word_1_834' title='bbox 2423 4165 2662 4231; x_wconf 87' lang='lat' dir='ltr'><strong>Novum,</strong></span> <span class='ocrx_word' id='word_1_835' title='bbox 2709 4166 2832 4236; x_wconf 89' lang='lat' dir='ltr'><strong>quia</strong></span> <span class='ocrx_word' id='word_1_836' title='bbox 2869 4166 3079 4222; x_wconf 90' lang='lat' dir='ltr'><strong>occulte</strong></span> <span class='ocrx_word' id='word_1_837' title='bbox 3106 4166 3371 4237; x_wconf 74' lang='lat' dir='ltr'><strong>significa-</strong></span> 
     </span>
    </p>
   </div>
   <div class='ocr_carea' id='block_1_106' title="bbox 1787 4256 3370 4328">
    <p class='ocr_par' dir='ltr' id='par_1_106' title="bbox 1787 4256 3370 4328">
     <span class='ocr_line' id='line_1_106' title="bbox 1787 4256 3370 4328; baseline 0 -13"><span class='ocrx_word' id='word_1_838' title='bbox 1787 4260 1961 4316; x_wconf 86' lang='lat' dir='ltr'><strong>batur.</strong></span> <span class='ocrx_word' id='word_1_839' title='bbox 1992 4258 2183 4315; x_wconf 87' lang='lat' dir='ltr'><strong>Postea</strong></span> <span class='ocrx_word' id='word_1_840' title='bbox 2202 4272 2329 4314; x_wconf 90' lang='lat' dir='ltr'><strong>vero</strong></span> <span class='ocrx_word' id='word_1_841' title='bbox 2355 4272 2512 4328; x_wconf 91' lang='lat' dir='ltr'><strong>quam</strong></span> <span class='ocrx_word' id='word_1_842' title='bbox 2542 4257 2595 4311; x_wconf 91' lang='lat' dir='ltr'><strong>in</strong></span> <span class='ocrx_word' id='word_1_843' title='bbox 2621 4271 2783 4312; x_wconf 89' lang='lat' dir='ltr'><strong>carne</strong></span> <span class='ocrx_word' id='word_1_844' title='bbox 2809 4256 3062 4313; x_wconf 91' lang='lat' dir='ltr'><strong>Dominus</strong></span> <span class='ocrx_word' id='word_1_845' title='bbox 3082 4259 3248 4326; x_wconf 91' lang='lat' dir='ltr'><strong>venit,</strong></span> <span class='ocrx_word' id='word_1_846' title='bbox 3278 4273 3370 4316; x_wconf 83' lang='lat' dir='ltr'><strong>re-</strong></span> 
     </span>
    </p>
   </div>
   <div class='ocr_carea' id='block_1_107' title="bbox 1789 4348 3373 4408">
    <p class='ocr_par' dir='ltr' id='par_1_107' title="bbox 1789 4348 3373 4408">
     <span class='ocr_line' id='line_1_107' title="bbox 1789 4348 3373 4408; baseline 0 -2"><span class='ocrx_word' id='word_1_847' title='bbox 1789 4352 2020 4408; x_wconf 90' lang='lat' dir='ltr'><strong>velatum</strong></span> <span class='ocrx_word' id='word_1_848' title='bbox 2046 4360 2129 4407; x_wconf 89' lang='lat' dir='ltr'><strong>est</strong></span> <span class='ocrx_word' id='word_1_849' title='bbox 2153 4350 2358 4406; x_wconf 91' lang='lat' dir='ltr'><strong>Novum</strong></span> <span class='ocrx_word' id='word_1_850' title='bbox 2391 4368 2405 4404; x_wconf 86' lang='lat'><strong>:</strong></span> <span class='ocrx_word' id='word_1_851' title='bbox 2433 4348 2642 4405; x_wconf 79' lang='lat' dir='ltr'><strong>Veteris</strong></span> <span class='ocrx_word' id='word_1_852' title='bbox 2665 4356 2844 4404; x_wconf 89' lang='lat' dir='ltr'><strong>autem</strong></span> <span class='ocrx_word' id='word_1_853' title='bbox 2881 4348 3226 4405; x_wconf 89' lang='lat' dir='ltr'><strong>Sacramenta</strong></span> <span class='ocrx_word' id='word_1_854' title='bbox 3248 4365 3373 4407; x_wconf 80' lang='lat' dir='ltr'><strong>ces-</strong></span> 
     </span>
    </p>
   </div>
   <div class='ocr_carea' id='block_1_108' title="bbox 1790 4438 3375 4512">
    <p class='ocr_par' dir='ltr' id='par_1_108' title="bbox 1790 4438 3375 4512">
     <span class='ocr_line' id='line_1_108' title="bbox 1790 4438 3375 4512; baseline -0.003 -12"><span class='ocrx_word' id='word_1_855' title='bbox 1790 4454 2010 4510; x_wconf 89' lang='lat' dir='ltr'><strong>sarunt;</strong></span> <span class='ocrx_word' id='word_1_856' title='bbox 2037 4441 2131 4498; x_wconf 90' lang='lat' dir='ltr'><strong>sed</strong></span> <span class='ocrx_word' id='word_1_857' title='bbox 2151 4439 2595 4512; x_wconf 65' lang='lat' dir='ltr'><strong>concupiscentiae</strong></span> <span class='ocrx_word' id='word_1_858' title='bbox 2625 4439 2758 4495; x_wconf 88' lang='lat' dir='ltr'><strong>tales</strong></span> <span class='ocrx_word' id='word_1_859' title='bbox 2786 4452 2892 4494; x_wconf 92' lang='lat' dir='ltr'><strong>non</strong></span> <span class='ocrx_word' id='word_1_860' title='bbox 2919 4447 3282 4496; x_wconf 86' lang='lat' dir='ltr'><strong>cessaverunt.</strong></span> <span class='ocrx_word' id='word_1_861' title='bbox 3307 4438 3375 4496; x_wconf 86' lang='lat' dir='ltr'><strong>In</strong></span> 
     </span>
    </p>
   </div>
   <div class='ocr_carea' id='block_1_109' title="bbox 1793 4529 3371 4604">
    <p class='ocr_par' dir='ltr' id='par_1_109' title="bbox 1793 4529 3371 4604">
     <span class='ocr_line' id='line_1_109' title="bbox 1793 4529 3371 4604; baseline -0.005 -10"><span class='ocrx_word' id='word_1_862' title='bbox 1793 4539 1897 4594; x_wconf 90' lang='lat' dir='ltr'><strong>illis</strong></span> <span class='ocrx_word' id='word_1_863' title='bbox 1925 4536 2066 4593; x_wconf 91' lang='lat' dir='ltr'><strong>enim</strong></span> <span class='ocrx_word' id='word_1_864' title='bbox 2087 4542 2229 4600; x_wconf 91' lang='lat' dir='ltr'><strong>sunt,</strong></span> <span class='ocrx_word' id='word_1_865' title='bbox 2257 4547 2392 4604; x_wconf 90' lang='lat' dir='ltr'><strong>quos</strong></span> <span class='ocrx_word' id='word_1_866' title='bbox 2411 4530 2700 4604; x_wconf 89' lang='lat' dir='ltr'><strong>Apostolus</strong></span> <span class='ocrx_word' id='word_1_867' title='bbox 2719 4531 2828 4603; x_wconf 87' lang='lat' dir='ltr'><strong>jam</strong></span> <span class='ocrx_word' id='word_1_868' title='bbox 2847 4545 2943 4602; x_wconf 90' lang='lat' dir='ltr'><strong>per</strong></span> <span class='ocrx_word' id='word_1_869' title='bbox 2965 4529 3371 4587; x_wconf 88' lang='lat' dir='ltr'><strong>Sacramentum</strong></span> 
     </span>
    </p>
   </div>
   <div class='ocr_carea' id='block_1_110' title="bbox 1792 4623 3374 4696">
    <p class='ocr_par' dir='ltr' id='par_1_110' title="bbox 1792 4623 3374 4696">
     <span class='ocr_line' id='line_1_110' title="bbox 1792 4623 3374 4696; baseline -0.005 -6"><span class='ocrx_word' id='word_1_870' title='bbox 1792 4633 1926 4690; x_wconf 87' lang='lat' dir='ltr'><strong>Novi</strong></span> <span class='ocrx_word' id='word_1_871' title='bbox 1951 4629 2278 4687; x_wconf 86' lang='lat' dir='ltr'><strong>Testamenti</strong></span> <span class='ocrx_word' id='word_1_872' title='bbox 2304 4637 2458 4684; x_wconf 89' lang='lat' dir='ltr'><strong>natos</strong></span> <span class='ocrx_word' id='word_1_873' title='bbox 2480 4669 2496 4696; x_wconf 93' lang='lat'><strong>,</strong></span> <span class='ocrx_word' id='word_1_874' title='bbox 2531 4627 2706 4684; x_wconf 88' lang='lat' dir='ltr'><strong>adhuc</strong></span> <span class='ocrx_word' id='word_1_875' title='bbox 2748 4636 2924 4682; x_wconf 90' lang='lat' dir='ltr'><strong>tamen</strong></span> <span class='ocrx_word' id='word_1_876' title='bbox 2947 4623 3076 4680; x_wconf 92' lang='lat' dir='ltr'><strong>dicit</strong></span> <span class='ocrx_word' id='word_1_877' title='bbox 3115 4624 3374 4682; x_wconf 84' lang='lat' dir='ltr'><strong>animales</strong></span> 
     </span>
    </p>
   </div>
   <div class='ocr_carea' id='block_1_111' title="bbox 1794 4715 3376 4795">
    <p class='ocr_par' dir='ltr' id='par_1_111' title="bbox 1794 4715 3376 4795">
     <span class='ocr_line' id='line_1_111' title="bbox 1794 4715 3376 4795; baseline -0.005 -14"><span class='ocrx_word' id='word_1_878' title='bbox 1794 4742 1901 4782; x_wconf 89' lang='lat' dir='ltr'><strong>nou</strong></span> <span class='ocrx_word' id='word_1_879' title='bbox 1953 4738 2112 4795; x_wconf 90' lang='lat' dir='ltr'><strong>posse</strong></span> <span class='ocrx_word' id='word_1_880' title='bbox 2161 4722 2436 4792; x_wconf 89' lang='lat' dir='ltr'><strong>percipere</strong></span> <span class='ocrx_word' id='word_1_881' title='bbox 2479 4735 2602 4792; x_wconf 67' lang='lat' dir='ltr'><strong>qua:</strong></span> <span class='ocrx_word' id='word_1_882' title='bbox 2643 4726 2768 4774; x_wconf 91' lang='lat' dir='ltr'><strong>sunt</strong></span> <span class='ocrx_word' id='word_1_883' title='bbox 2813 4717 3042 4787; x_wconf 90' lang='lat' dir='ltr'><strong>Spiritus</strong></span> <span class='ocrx_word' id='word_1_884' title='bbox 3069 4715 3185 4772; x_wconf 91' lang='lat' dir='ltr'><strong>Dei.</strong></span> <span class='ocrx_word' id='word_1_885' title='bbox 3223 4715 3376 4774; x_wconf 84' lang='lat' dir='ltr'><strong>Sicut</strong></span> 
     </span>
    </p>
   </div>
   <div class='ocr_carea' id='block_1_112' title="bbox 1795 4807 3375 4879">
    <p class='ocr_par' dir='ltr' id='par_1_112' title="bbox 1795 4807 3375 4879">
     <span class='ocr_line' id='line_1_112' title="bbox 1795 4807 3375 4879; baseline -0.007 -4"><span class='ocrx_word' id='word_1_886' title='bbox 1795 4818 1936 4874; x_wconf 90' lang='lat' dir='ltr'><strong>enim</strong></span> <span class='ocrx_word' id='word_1_887' title='bbox 1957 4817 2012 4872; x_wconf 92' lang='lat' dir='ltr'><strong>in</strong></span> <span class='ocrx_word' id='word_1_888' title='bbox 2033 4813 2391 4872; x_wconf 88' lang='lat' dir='ltr'><strong>Sacramentis</strong></span> <span class='ocrx_word' id='word_1_889' title='bbox 2415 4812 2622 4867; x_wconf 82' lang='lat' dir='ltr'><strong>Veteris</strong></span> <span class='ocrx_word' id='word_1_890' title='bbox 2645 4808 2970 4866; x_wconf 87' lang='lat' dir='ltr'><strong>Testamenti</strong></span> <span class='ocrx_word' id='word_1_891' title='bbox 2989 4807 3238 4865; x_wconf 86' lang='lat' dir='ltr'><strong>vivebant</strong></span> <span class='ocrx_word' id='word_1_892' title='bbox 3257 4809 3375 4879; x_wconf 80' lang='lat' dir='ltr'><strong>qui-</strong></span> 
     </span>
    </p>
   </div>
   <div class='ocr_carea' id='block_1_113' title="bbox 1711 4899 3371 4980">
    <p class='ocr_par' dir='ltr' id='par_1_113' title="bbox 1711 4899 3371 4980">
     <span class='ocr_line' id='line_1_113' title="bbox 1711 4899 3371 4980; baseline -0.008 -13"><span class='ocrx_word' id='word_1_893' title='bbox 1711 4935 1734 4959; x_wconf 79' lang='grc' dir='ltr'>σ</span> <span class='ocrx_word' id='word_1_894' title='bbox 1796 4911 1919 4966; x_wconf 91' lang='lat' dir='ltr'><strong>dam</strong></span> <span class='ocrx_word' id='word_1_895' title='bbox 1969 4908 2292 4980; x_wconf 88' lang='lat' dir='ltr'><strong>spirituales,</strong></span> <span class='ocrx_word' id='word_1_896' title='bbox 2339 4905 2405 4962; x_wconf 88' lang='lat' dir='ltr'><strong>ad</strong></span> <span class='ocrx_word' id='word_1_897' title='bbox 2433 4903 2638 4959; x_wconf 91' lang='lat' dir='ltr'><strong>Novum</strong></span> <span class='ocrx_word' id='word_1_898' title='bbox 2690 4901 2896 4957; x_wconf 90' lang='lat' dir='ltr'><strong>scilicet</strong></span> <span class='ocrx_word' id='word_1_899' title='bbox 2938 4899 3371 4964; x_wconf 86' lang='lat' dir='ltr'><strong>Testamentum,</strong></span> 
     </span>
    </p>
   </div>
   <div class='ocr_carea' id='block_1_114' title="bbox 1797 4991 3378 5074">
    <p class='ocr_par' dir='ltr' id='par_1_114' title="bbox 1797 4991 3378 5074">
     <span class='ocr_line' id='line_1_114' title="bbox 1797 4991 3378 5074; baseline -0.007 -15"><span class='ocrx_word' id='word_1_900' title='bbox 1797 5002 1938 5074; x_wconf 90' lang='lat' dir='ltr'><strong>quod</strong></span> <span class='ocrx_word' id='word_1_901' title='bbox 1985 5011 2111 5056; x_wconf 92' lang='lat' dir='ltr'><strong>tunc</strong></span> <span class='ocrx_word' id='word_1_902' title='bbox 2148 4998 2528 5060; x_wconf 88' lang='lat' dir='ltr'><strong>occultabatur,</strong></span> <span class='ocrx_word' id='word_1_903' title='bbox 2563 4993 2772 5050; x_wconf 90' lang='lat' dir='ltr'><strong>occulte</strong></span> <span class='ocrx_word' id='word_1_904' title='bbox 2817 4993 3143 5063; x_wconf 89' lang='lat' dir='ltr'><strong>pertinentes</strong></span> <span class='ocrx_word' id='word_1_905' title='bbox 3177 5009 3190 5046; x_wconf 90' lang='lat'><strong>:</strong></span> <span class='ocrx_word' id='word_1_906' title='bbox 3219 4991 3297 5048; x_wconf 91' lang='lat' dir='ltr'><strong>sic</strong></span> <span class='ocrx_word' id='word_1_907' title='bbox 3323 4999 3378 5060; x_wconf 84' lang='lat' dir='ltr'><strong>et</strong></span> 
     </span>
    </p>
   </div>
   <div class='ocr_carea' id='block_1_115' title="bbox 1799 5084 3374 5156">
    <p class='ocr_par' dir='ltr' id='par_1_115' title="bbox 1799 5084 3374 5156">
     <span class='ocr_line' id='line_1_115' title="bbox 1799 5084 3374 5156; baseline -0.007 -5"><span class='ocrx_word' id='word_1_908' title='bbox 1799 5110 1939 5151; x_wconf 88' lang='lat' dir='ltr'><strong>nunc</strong></span> <span class='ocrx_word' id='word_1_909' title='bbox 1963 5094 2015 5149; x_wconf 91' lang='lat' dir='ltr'><strong>in</strong></span> <span class='ocrx_word' id='word_1_910' title='bbox 2045 5093 2392 5150; x_wconf 89' lang='lat' dir='ltr'><strong>Sacramento</strong></span> <span class='ocrx_word' id='word_1_911' title='bbox 2418 5087 2552 5142; x_wconf 85' lang='lat' dir='ltr'><strong>Novi</strong></span> <span class='ocrx_word' id='word_1_912' title='bbox 2568 5084 2896 5142; x_wconf 85' lang='lat' dir='ltr'><strong>Testamenti</strong></span> <span class='ocrx_word' id='word_1_913' title='bbox 2921 5084 3064 5156; x_wconf 90' lang='lat' dir='ltr'><strong>quod</strong></span> <span class='ocrx_word' id='word_1_914' title='bbox 3084 5085 3192 5154; x_wconf 86' lang='lat' dir='ltr'><strong>jam</strong></span> <span class='ocrx_word' id='word_1_915' title='bbox 3216 5099 3374 5140; x_wconf 91' lang='lat' dir='ltr'><strong>reve-</strong></span> 
     </span>
    </p>
   </div>
   <div class='ocr_carea' id='block_1_116' title="bbox 1800 5173 3377 5256">
    <p class='ocr_par' dir='ltr' id='par_1_116' title="bbox 1800 5173 3377 5256">
     <span class='ocr_line' id='line_1_116' title="bbox 1800 5173 3377 5256; baseline -0.008 -13"><span class='ocrx_word' id='word_1_916' title='bbox 1800 5187 1965 5243; x_wconf 88' lang='lat' dir='ltr'><strong>latum</strong></span> <span class='ocrx_word' id='word_1_917' title='bbox 1995 5194 2097 5252; x_wconf 91' lang='lat' dir='ltr'><strong>est,</strong></span> <span class='ocrx_word' id='word_1_918' title='bbox 2128 5183 2363 5256; x_wconf 89' lang='lat' dir='ltr'><strong>plerique</strong></span> <span class='ocrx_word' id='word_1_919' title='bbox 2389 5180 2571 5235; x_wconf 91' lang='lat' dir='ltr'><strong>vivunt</strong></span> <span class='ocrx_word' id='word_1_920' title='bbox 2595 5178 2875 5234; x_wconf 89' lang='lat' dir='ltr'><strong>animales.</strong></span> <span class='ocrx_word' id='word_1_921' title='bbox 2901 5175 3002 5244; x_wconf 91' lang='lat' dir='ltr'><strong>Qui</strong></span> <span class='ocrx_word' id='word_1_922' title='bbox 3043 5173 3302 5247; x_wconf 85' lang='lat' dir='ltr'><strong>proficere</strong></span> <span class='ocrx_word' id='word_1_923' title='bbox 3331 5174 3377 5231; x_wconf 89' lang='lat' dir='ltr'><strong>si</strong></span> 
     </span>
    </p>
   </div>
   <div class='ocr_carea' id='block_1_117' title="bbox 1867 5349 3426 5428">
    <p class='ocr_par' dir='ltr' id='par_1_117' title="bbox 1867 5349 3426 5428">
     <span class='ocr_line' id='line_1_117' title="bbox 1867 5349 3426 5428; baseline -0.003 -20"><span class='ocrx_word' id='word_1_924' title='bbox 1867 5368 1881 5398; x_wconf 83' lang='grc' dir='ltr'>ι</span> <span class='ocrx_word' id='word_1_925' title='bbox 1911 5365 2062 5414; x_wconf 84' lang='lat' dir='ltr'><strong>verba</strong></span> <span class='ocrx_word' id='word_1_926' title='bbox 2087 5361 2191 5428; x_wconf 83' lang='lat' dir='ltr'><strong>illa,</strong></span> <span class='ocrx_word' id='word_1_927' title='bbox 2227 5360 2324 5428; x_wconf 61' lang='lat' dir='ltr'><strong>sine</strong></span> <span class='ocrx_word' id='word_1_928' title='bbox 2361 5358 2420 5409; x_wconf 83' lang='lat' dir='ltr'><strong>de</strong></span> <span class='ocrx_word' id='word_1_929' title='bbox 2443 5371 2524 5428; x_wconf 75' lang='lat' dir='ltr'><strong>se,</strong></span> <span class='ocrx_word' id='word_1_930' title='bbox 2573 5357 2677 5428; x_wconf 86' lang='lat' dir='ltr'><strong>sive_</strong></span> <span class='ocrx_word' id='word_1_931' title='bbox 2693 5358 2754 5407; x_wconf 84' lang='lat' dir='ltr'><strong>de</strong></span> <span class='ocrx_word' id='word_1_932' title='bbox 2791 5355 3001 5428; x_wconf 62' lang='lat' dir='ltr'><strong>armilla,</strong></span> <span class='ocrx_word' id='word_1_933' title='bbox 3025 5367 3133 5428; x_wconf 80' lang='lat' dir='ltr'><strong>cum</strong></span> <span class='ocrx_word' id='word_1_934' title='bbox 3158 5365 3380 5428; x_wconf 79' lang='lat' dir='ltr'><strong>a_manu-</strong></span> <span class='ocrx_word' id='word_1_935' title='bbox 3423 5349 3426 5352; x_wconf 73' lang='grc'><strong>’</strong></span> 
     </span>
    </p>
   </div>
   <div class='ocr_carea' id='block_1_118' title="bbox 1801 5421 3348 5539">
    <p class='ocr_par' dir='ltr' id='par_1_118' title="bbox 1801 5421 3348 5539">
     <span class='ocr_line' id='line_1_118' title="bbox 1801 5421 3312 5528; baseline -0.009 -50"><span class='ocrx_word' id='word_1_936' title='bbox 1801 5428 1990 5489; x_wconf 82' lang='lat' dir='ltr'><strong>scriptis</strong></span> <span class='ocrx_word' id='word_1_937' title='bbox 2004 5421 2184 5482; x_wconf 83' lang='lat' dir='ltr'><strong>absint,</strong></span> <span class='ocrx_word' id='word_1_938' title='bbox 2205 5423 2425 5473; x_wconf 86' lang='lat' dir='ltr'><strong>videntur</strong></span> <span class='ocrx_word' id='word_1_939' title='bbox 2441 5421 2505 5469; x_wconf 85' lang='lat' dir='ltr'><strong>de</strong></span> <span class='ocrx_word' id='word_1_940' title='bbox 2527 5421 2747 5528; x_wconf 71' lang='lat' dir='ltr'><strong>marlgine</strong></span> <span class='ocrx_word' id='word_1_941' title='bbox 2766 5421 2997 5480; x_wconf 78' lang='lat' dir='ltr'><strong>migrasse</strong></span> <span class='ocrx_word' id='word_1_942' title='bbox 3027 5421 3076 5466; x_wconf 87' lang='lat' dir='ltr'><strong>in</strong></span> <span class='ocrx_word' id='word_1_943' title='bbox 3099 5421 3312 5486; x_wconf 67' lang='lat' dir='ltr'><strong>textum.</strong></span> 
     </span>
     <span class='ocr_line' id='line_1_119' title="bbox 1865 5475 3348 5539; baseline -0.007 -2"><span class='ocrx_word' id='word_1_944' title='bbox 1865 5492 1885 5521; x_wconf 82' lang='grc'>³</span> <span class='ocrx_word' id='word_1_945' title='bbox 1914 5499 2008 5536; x_wconf 69' lang='lat' dir='ltr'><strong>am.</strong></span> <span class='ocrx_word' id='word_1_946' title='bbox 2035 5494 2106 5534; x_wconf 78' lang='lat' dir='ltr'><strong>Er.</strong></span> <span class='ocrx_word' id='word_1_947' title='bbox 2131 5493 2182 5534; x_wconf 90' lang='lat' dir='ltr'><strong>et</strong></span> <span class='ocrx_word' id='word_1_948' title='bbox 2201 5485 2368 5539; x_wconf 83' lang='lat' dir='ltr'><strong>plures</strong></span> <span class='ocrx_word' id='word_1_949' title='bbox 2385 5489 2490 5531; x_wconf 81' lang='lat' dir='ltr'><strong>Mss.</strong></span> <span class='ocrx_word' id='word_1_950' title='bbox 2515 5481 2608 5529; x_wconf 92' lang='lat' dir='ltr'><strong>hoc</strong></span> <span class='ocrx_word' id='word_1_951' title='bbox 2641 5494 2730 5530; x_wconf 82' lang='lat' dir='ltr'><strong>oco</strong></span> <span class='ocrx_word' id='word_1_952' title='bbox 2747 5487 3045 5539; x_wconf 71' lang='lat' dir='ltr'><strong>praetereunt</strong></span> <span class='ocrx_word' id='word_1_953' title='bbox 3066 5475 3348 5539; x_wconf 70' lang='lat' dir='ltr'><strong>partictiIam</strong></span> 
     </span>
    </p>
   </div>
   <div class='ocr_carea' id='block_1_119' title="bbox 1803 5493 3378 5609">
    <p class='ocr_par' dir='ltr' id='par_1_119' title="bbox 1803 5493 3378 5609">
     <span class='ocr_line' id='line_1_120' title="bbox 1865 5493 3378 5548; baseline -0.008 -11"><span class='ocrx_word' id='word_1_954' title='bbox 1865 5493 1885 5521; x_wconf 81' lang='grc'>³</span> <span class='ocrx_word' id='word_1_955' title='bbox 1914 5499 2008 5536; x_wconf 69' lang='lat' dir='ltr'><strong>am.</strong></span> <span class='ocrx_word' id='word_1_956' title='bbox 2035 5494 2106 5534; x_wconf 78' lang='lat' dir='ltr'><strong>Er.</strong></span> <span class='ocrx_word' id='word_1_957' title='bbox 2131 5493 2182 5534; x_wconf 90' lang='lat' dir='ltr'><strong>et</strong></span> <span class='ocrx_word' id='word_1_958' title='bbox 2201 5493 2368 5548; x_wconf 86' lang='lat' dir='ltr'><strong>plures</strong></span> <span class='ocrx_word' id='word_1_959' title='bbox 2385 5493 2490 5531; x_wconf 74' lang='lat' dir='ltr'><strong>mss.</strong></span> <span class='ocrx_word' id='word_1_960' title='bbox 2517 5493 2608 5529; x_wconf 86' lang='lat' dir='ltr'><strong>hoc</strong></span> <span class='ocrx_word' id='word_1_961' title='bbox 2625 5493 2730 5530; x_wconf 82' lang='lat' dir='ltr'><strong>loco</strong></span> <span class='ocrx_word' id='word_1_962' title='bbox 2747 5493 3045 5543; x_wconf 65' lang='lat' dir='ltr'><strong>prastereunt</strong></span> <span class='ocrx_word' id='word_1_963' title='bbox 3066 5493 3378 5540; x_wconf 69' lang='lat' dir='ltr'><strong>particulam,</strong></span> 
     </span>
     <span class='ocr_line' id='line_1_121' title="bbox 1803 5537 3378 5609; baseline -0.009 -6"><span class='ocrx_word' id='word_1_964' title='bbox 1803 5560 1852 5603; x_wconf 86' lang='lat' dir='ltr'><strong>ut</strong></span> <span class='ocrx_word' id='word_1_965' title='bbox 1874 5550 1996 5601; x_wconf 89' lang='lat' dir='ltr'><strong>:sed</strong></span> <span class='ocrx_word' id='word_1_966' title='bbox 2021 5547 2139 5596; x_wconf 84' lang='lat' dir='ltr'><strong>infra</strong></span> <span class='ocrx_word' id='word_1_967' title='bbox 2165 5561 2204 5609; x_wconf 69' lang='lat' dir='ltr'><strong>pe</strong></span> <span class='ocrx_word' id='word_1_968' title='bbox 2225 5554 2271 5595; x_wconf 90' lang='lat' dir='ltr'><strong>st</strong></span> <span class='ocrx_word' id='word_1_969' title='bbox 2292 5583 2306 5606; x_wconf 91' lang='lat'><strong>,</strong></span> <span class='ocrx_word' id='word_1_970' title='bbox 2325 5541 2636 5609; x_wconf 82' lang='lat' dir='ltr'><strong>sacramentis</strong></span> <span class='ocrx_word' id='word_1_971' title='bbox 2655 5541 2855 5604; x_wconf 84' lang='lat' dir='ltr'><strong>imbuti;</strong></span> <span class='ocrx_word' id='word_1_972' title='bbox 2877 5541 3033 5594; x_wconf 81' lang='lat' dir='ltr'><strong>addita</strong></span> <span class='ocrx_word' id='word_1_973' title='bbox 3055 5537 3288 5605; x_wconf 62' lang='lat' dir='ltr'><strong>particula</strong></span> <span class='ocrx_word' id='word_1_974' title='bbox 3309 5541 3378 5600; x_wconf 67' lang='lat' dir='ltr'><strong>sic</strong></span> 
     </span>
    </p>
   </div>
   <div class='ocr_carea' id='block_1_120' title="bbox 1805 5608 2732 5679">
    <p class='ocr_par' dir='ltr' id='par_1_120' title="bbox 1805 5608 2732 5679">
     <span class='ocr_line' id='line_1_122' title="bbox 1805 5608 2732 5679; baseline -0.013 -14"><span class='ocrx_word' id='word_1_975' title='bbox 1805 5608 2411 5679; x_wconf 55' lang='lat' dir='ltr'><strong>[‘mscquuntttr,si_adltuc</strong></span> <span class='ocrx_word' id='word_1_976' title='bbox 2435 5614 2610 5679; x_wconf 62' lang='lat' dir='ltr'><strong>tamen,</strong></span> <span class='ocrx_word' id='word_1_977' title='bbox 2637 5615 2732 5654; x_wconf 89' lang='lat' dir='ltr'><strong>etc.</strong></span> 
     </span>
    </p>
   </div>
   <div class='ocr_carea' id='block_1_121' title="bbox 1871 5669 2702 5737">
    <p class='ocr_par' dir='ltr' id='par_1_121' title="bbox 1871 5669 2702 5737">
     <span class='ocr_line' id='line_1_123' title="bbox 1871 5669 2702 5737; baseline -0.007 -12"><span class='ocrx_word' id='word_1_978' title='bbox 1871 5679 1890 5710; x_wconf 84' lang='grc'>³</span> <span class='ocrx_word' id='word_1_979' title='bbox 1915 5669 2217 5737; x_wconf 60' lang='lat' dir='ltr'><strong>antiquiores</strong></span> <span class='ocrx_word' id='word_1_980' title='bbox 2238 5677 2364 5732; x_wconf 66' lang='lat' dir='ltr'><strong>Mss,</strong></span> <span class='ocrx_word' id='word_1_981' title='bbox 2388 5669 2702 5730; x_wconf 81' lang='lat' dir='ltr'><strong>manifestum.</strong></span> 
     </span>
    </p>
   </div>
   <div class='ocr_carea' id='block_1_122' title="bbox 3265 5784 3326 5803">
    <p class='ocr_par' dir='ltr' id='par_1_122' title="bbox 3265 5784 3326 5803">
     <span class='ocr_line' id='line_1_124' title="bbox 3265 5784 3326 5803; baseline 0 0"><span class='ocrx_word' id='word_1_982' title='bbox 3265 5784 3293 5796; x_wconf 41' lang='grc' dir='ltr'><em>ἡ</em></span> <span class='ocrx_word' id='word_1_983' title='bbox 3319 5796 3326 5803; x_wconf 74' lang='grc' dir='ltr'><strong><em>ο</em></strong></span> 
     </span>
    </p>
   </div>
  </div>
