3764 6196
339 294 438 353 1'27

343 409 463 473 lunt,
491 405 622 477 quod
650 404 890 461 Ecclesite
913 405 1052 475 prius
1077 412 1359 475 persecutor
1382 401 1556 471 fuisset
1588 416 1605 456 :
1635 406 1720 454 sed
1747 397 1913 452 consi-

341 499 463 555 lium
498 499 715 552 veritatis
739 497 974 564 admisit,
999 505 1045 550 et
1068 495 1253 550 rationi
1278 493 1513 566 legitima:
1537 509 1690 563 quant
1719 489 1918 545 Paulus

342 592 620 648 vindicabat
647 591 794 662 facile
813 589 1096 652 consensit;
1124 588 1475 642 documentum
1496 584 1683 639 scilicet
1707 582 1847 638 nobis
1869 589 1922 638 et

342 682 620 738 concordia:
646 690 690 734 et
715 678 965 750 patientia:
991 679 1211 734 tribuens
1228 720 1244 744 ,
1271 688 1325 732 ut
1353 693 1454 732 non
1485 675 1802 746 pertinaciter
1829 689 1922 728 no-

343 784 446 828 stra
472 788 693 827 amemus
712 813 727 838 ,
766 771 854 826 sed
877 785 990 840 qua:
1013 769 1288 840 aliquando
1315 785 1348 823 a
1375 769 1618 839 fratribus
1643 775 1692 821 et
1718 765 1923 837 collegis

344 875 526 921 nostris
547 864 736 919 utiliter
757 872 805 919 et
827 863 1095 918 salubriter
1128 869 1465 934 suggeruntur
1482 900 1499 927 ,
1527 859 1570 914 si
1597 859 1697 912 sint
1721 873 1838 912 vera
1876 865 1925 911 et

345 958 586 1027 legitima,
603 957 716 1026 ipsa
735 957 900 1026 potius
919 964 1090 1010 nostra
1107 954 1349 1008 ducamus
1365 950 1553 1023 (Epist.
1573 951 1634 1006 Ἠ
1648 990 1662 1014 ,
1682 950 1749 1004 ad
1767 948 1928 1016 Quin-

345 1047 495 1119 tum).
525 1049 662 1104 Ecce
693 1047 780 1104 ubi
817 1053 1198 1102 commemorat
1227 1045 1520 1116 Cyprianus
1538 1083 1555 1110 ,
1583 1041 1726 1113 quod
1765 1041 1927 1096 etiam

347 1155 446 1196 nos
469 1140 520 1194 in
545 1138 834 1209 Scripturis
863 1137 1061 1193 sanctis
1077 1135 1378 1202 didicimus,
1397 1133 1691 1204 apostolum
1709 1131 1928 1187 Petrum

345 1229 401 1284 in
416 1245 522 1300 quo
536 1229 795 1300 primatus
805 1227 1177 1298 Apostolorum
1197 1235 1304 1281 tam
1319 1223 1599 1280 excellenti
1615 1222 1784 1294 gratia
1802 1236 1932 1291 prte-

349 1319 580 1385 cminet,
621 1319 776 1375 aliter
803 1333 962 1390 quam
985 1317 1182 1374 veritas
1222 1314 1520 1387 postulabat
1543 1313 1611 1370 de
1646 1313 1929 1368 circumci-

349 1414 499 1470 sione
521 1427 679 1484 agere
703 1411 916 1467 solitum
932 1451 947 1477 ,
977 1426 1008 1466 a
1037 1409 1330 1481 posteriore
1353 1407 1595 1478 apostolo
1619 1405 1782 1461 Paulo
1810 1417 1932 1460 esse

349 1516 672 1564 correctum.
702 1505 758 1561 Si
784 1519 910 1575 ergo
948 1503 1118 1574 potuit
1141 1502 1329 1556 Petrus
1355 1514 1460 1555 non
1485 1508 1632 1554 recte
1658 1497 1711 1552 in
1753 1496 1933 1566 aliquo

353 1597 558 1669 ingredi
584 1597 650 1652 ad
677 1596 954 1652 veritatem
977 1591 1284 1663 Evangelii,
1314 1592 1384 1646 ita
1414 1598 1470 1644 ut
1494 1589 1692 1645 Gentes
1719 1592 1935 1658 cogeret

353 1690 620 1760 judaizare
637 1729 652 1756 ,
680 1687 821 1758 quod
848 1685 1041 1742 Paulus
1074 1685 1128 1740 in
1156 1698 1218 1739 ea
1243 1681 1427 1738 scribit
1449 1679 1684 1760 Epistola
1704 1719 1719 1743 ,
1750 1678 1803 1733 in
1829 1691 1934 1748 qua

352 1751 524 1836 Deum
549 1751 769 1835 testatus
793 1787 877 1834 est
902 1792 1009 1832 non
1035 1791 1092 1830 se
1117 1773 1329 1829 mentiri
1363 1790 1375 1825 :
1408 1773 1483 1826 ait
1499 1751 1668 1836 dﬂm,
1693 1767 1820 1835 Qum
1837 1785 1935 1821 au-

355 1881 452 1927 tem
478 1871 639 1924 scribo
667 1867 823 1935 vobis,
843 1883 953 1922 ecce
967 1881 1137 1920 coram
1161 1862 1292 1930 Deo,
1312 1861 1430 1932 quia
1452 1877 1553 1915 non
1578 1861 1791 1914 mentior
1808 1856 1936 1929 (Ga-

354 1964 447 2019 lat.
481 1978 535 2030 ι,
561 1961 653 2033 20)
690 1978 703 2013 :
737 1969 793 2015 et
817 1968 939 2030 post
964 1957 1102 2012 hanc
1138 1965 1244 2010 tam
1271 1961 1509 2008 sanctam
1537 1963 1696 2021 atque
1721 1947 1937 2004 terribi-

355 2054 460 2112 lem
484 2053 876 2108 attestationem
904 2049 1022 2115 Dei,
1040 2045 1281 2102 narravit
1306 2045 1420 2098 hrec
1445 2041 1645 2107 omnia,
1665 2040 1718 2094 in
1743 2038 1938 2111 quibus

355 2145 507 2212 dixit,
533 2142 660 2200 Cum
684 2142 917 2197 vidissem
936 2140 1055 2211 quia
1073 2155 1174 2192 non
1193 2145 1323 2191 recte
1343 2134 1696 2207 ingrediuntur
1714 2132 1782 2186 ad
1808 2131 1939 2186 veri-

359 2247 512 2292 tatem
535 2235 828 2306 Evangelii,
855 2232 963 2286 dixi
984 2229 1136 2285 Petro
1161 2244 1332 2284 coram
1357 2225 1585 2281 omnibus
1603 2265 1620 2290 ,
1649 2223 1711 2280 Si
1735 2233 1790 2277 tu
1823 2239 1940 2278 cum

357 2330 425 2383 sis
443 2327 658 2382 Judteus
680 2325 930 2398 gentiliter
948 2333 996 2379 et
1015 2339 1116 2377 non
1126 2320 1333 2392 judaice
1352 2319 1505 2382 vivis;
1520 2315 1940 2388 quemadmodum

358 2419 540 2474 Gentes
568 2418 703 2489 cogis
719 2416 988 2488 judaizare
1013 2412 1122 2487 (Id.
1150 2428 1188 2468 tt
1208 2453 1224 2478 ,
1257 2409 1483 2481 ll-ll)?
1526 2409 1583 2465 Si
1609 2409 1810 2479 potuit,
1853 2408 1939 2463 in-

356 2525 515 2581 quam
536 2551 552 2577 ,
583 2509 771 2564 Petrus
795 2515 977 2562 contra
1001 2503 1239 2570 veritatis
1267 2503 1502 2574 regulam
1525 2542 1540 2569 ,
1568 2515 1727 2572 quam
1755 2507 1940 2572 postea

358 2600 594 2658 Ecclesia
621 2600 809 2667 tenuit,
828 2612 1017 2670 cogere
1041 2595 1241 2653 Gentes
1264 2593 1566 2666 judaizare;
1591 2608 1687 2648 cur
1711 2607 1820 2648 non
1844 2605 1942 2662 po-

361 2694 461 2750 tuit
483 2692 779 2766 Cyprianus
804 2701 992 2746 contra
1017 2687 1253 2760 regulam
1283 2686 1542 2753 veritatis,
1567 2701 1727 2757 quam
1755 2691 1941 2755 postea

360 2792 469 2840 tota
501 2784 737 2839 Ecclesia
769 2783 970 2850 tenuit,
999 2795 1191 2852 cogere
1217 2778 1497 2834 haereticos
1520 2777 1608 2834 vel
1636 2776 1940 2834 schismati-

358 2892 452 2934 cos
477 2877 652 2933 denuo
677 2876 968 2947 baptizari?
1003 2875 1137 2930 Puto
1179 2872 1320 2944 quod
1346 2873 1463 2926 sine
1489 2871 1596 2927 ulla
1622 2871 1704 2926 sui
1747 2878 1940 2926 contu-

361 2969 518 3025 melia
559 2968 858 3040 Cyprianus
883 2968 1162 3037 cpiscopus
1202 2964 1364 3019 Petro
1391 2962 1630 3033 apostolo
1656 2976 1939 3032 compara-

362 3069 480 3129 tur,
507 3068 762 3130 quantum
803 3059 993 3114 attinet
1015 3057 1082 3112 ad
1108 3056 1350 3129 martyrii
1375 3069 1650 3110 coronam.
1678 3053 1941 3110 Caeterum

363 3153 530 3223 magis
555 3150 728 3206 vereri
754 3149 944 3217 debeo,
969 3165 1036 3204 ne
1062 3149 1114 3204 in
1142 3148 1356 3204 Petrum
1383 3144 1797 3202 contumeliosus
1823 3145 1941 3200 exi-

361 3251 522 3298 stam.
539 3241 668 3310 Quis
695 3242 834 3296 enim
860 3241 1030 3296 nescit
1057 3240 1205 3295 illum
1223 3238 1564 3310 Apostolatus
1590 3237 1940 3308 principatum

362 3333 579 3388 cuilibet
597 3333 612 3363 ¹
633 3331 955 3402 episcopatui
979 3329 1400 3404 praeferendum?
1422 3328 1527 3385 Sed
1546 3337 1601 3384 et
1615 3327 1659 3383 si
1680 3327 1841 3383 distat
1854 3341 1944 3382 ca-

365 3423 670 3480 thedrarum
697 3425 864 3494 gratia
885 3424 905 3454 ’
925 3463 940 3491 ,
972 3438 1078 3478 una
1105 3431 1187 3478 est
1213 3432 1388 3477 tamen
1411 3430 1703 3493 martyrum
1733 3420 1937 3492 gloria:

361 3527 417 3573 et
442 3517 489 3572 si
518 3518 651 3573 forte
675 3530 734 3571 se
760 3516 984 3571 invicem
1011 3515 1063 3569 in
1092 3515 1269 3586 aliquo
1297 3514 1606 3584 praecedunt
1628 3513 1787 3569 corda
1808 3528 1941 3568 con-

363 3607 620 3663 ﬁtcntium
642 3649 657 3674 ,
702 3621 763 3661 ac
789 3622 887 3676 pro
913 3621 1042 3660 vera
1083 3605 1184 3661 fide
1215 3606 1268 3660 in
1296 3606 1496 3661 unitate
1520 3605 1793 3660 charitatis
1823 3620 1940 3660 mo-

364 3699 612 3753 rientium
634 3739 648 3762 ,
676 3697 930 3752 Dominus
956 3698 1194 3764 noverit,
1223 3697 1371 3767 cujus
1395 3695 1600 3752 occulta
1630 3704 1683 3749 et
1711 3695 1942 3750 mirabili

363 3787 759 3858 diSpensatione
779 3785 1064 3858 gratiarum
1091 3786 1226 3842 latro
1253 3786 1302 3840 in
1331 3800 1486 3841 cruce
1509 3783 1744 3855 pendens
1773 3785 1941 3840 semel

365 3895 487 3935 eum
503 3879 802 3946 confitetur,
822 3888 875 3934 et
899 3877 985 3934 die
1011 3879 1125 3951 ipso
1149 3879 1200 3933 in
1219 3878 1520 3949 paradisum
1549 3877 1771 3932 mittitur
1787 3876 1939 3949 (Luc.

365 3989 495 4027 xxnt
515 4014 529 4038 ,
564 3970 754 4044 40-45)
775 4013 790 4040 ,
821 3971 1007 4027 Petrus
1033 3973 1312 4028 Dominum
1338 3986 1566 4040 sequens
1593 3979 1674 4025 ter
1697 3985 1819 4026 eum
1844 3985 1942 4026 ne-

364 4073 454 4135 gat
483 4062 692 4136 (Matth.
717 4080 835 4118 xxvr
857 4105 871 4128 ,
904 4064 1083 4134 69-75)
1106 4105 1121 4130 ,
1147 4072 1202 4118 et
1229 4079 1258 4117 a
1287 4077 1483 4117 corona
1504 4059 1742 4116 dill'ertur
1763 4060 1782 4092 ³
1808 4080 1822 4116 :
1846 4077 1944 4118 no-

365 4155 448 4210 bis
466 4154 587 4210 ltinc
608 4153 846 4224 judicare
864 4154 1202 4210 temerarium
1220 4161 1319 4209 est.
1341 4151 1717 4208 Verumtamen
1733 4153 1776 4208 si
1796 4153 1941 4225 quis-

365 4261 524 4317 quam
547 4262 684 4302 nunc
705 4255 858 4318 cogat
876 4245 1183 4301 circumcidi
1207 4244 1436 4314 aliquem
1459 4259 1607 4299 more
1630 4244 1863 4316 judaico,
1888 4255 1944 4304 et

365 4339 442 4394 sic
467 4337 746 4408 baptizari;
773 4337 939 4392 multo
959 4336 1186 4404 amplius
1212 4333 1504 4391 detestatur
1531 4334 1632 4391 hoc
1651 4352 1819 4408 genus
1840 4337 1943 4392 hu-

366 4447 600 4496 manum,
618 4447 776 4503 quam
804 4431 847 4485 si
874 4429 1064 4500 aliquis
1090 4439 1305 4500 cogatur
1332 4428 1668 4499 rebaptizari.
1695 4430 1940 4503 Quapro-

365 4532 483 4592 pter
507 4538 626 4578 cum
655 4521 841 4577 Petrus
871 4520 997 4576 illud
1027 4520 1225 4576 iaciens
1254 4537 1284 4576 a
1315 4520 1476 4576 Paulo
1503 4523 1796 4592 posteriore
1819 4539 1942 4580 cor-

367 4616 570 4686 rigitur,
595 4623 648 4669 et
676 4615 820 4686 pacis
849 4623 1006 4685 atque
1032 4614 1245 4670 unitatis
1273 4615 1485 4670 vinculo
1513 4616 1806 4672 custoditus
1825 4615 1847 4648 ’⁸
1876 4617 1944 4674 ad

367 4705 676 4775 martyrium
699 4705 1036 4775 provehitur;
1081 4713 1279 4776 quanto
1313 4704 1516 4762 facilius
1531 4716 1584 4762 et
1602 4707 1789 4763 fortius
1804 4709 1944 4779 quod

365 4812 462 4866 per
487 4798 745 4852 universa:
768 4797 1022 4852 Ecclesiae
1043 4805 1235 4852 statuta
1261 4797 1522 4854 ﬁrmatum
1549 4808 1652 4866 est,
1673 4800 1758 4854 vel
1791 4800 1945 4857 unius

367 4887 602 4956 episcopi
647 4889 994 4956 auctoritati,
1046 4888 1131 4944 vel
1179 4890 1333 4946 unius
1380 4889 1670 4960 provincia:
1715 4889 1944 4946 concilio

369 4977 752 5049 prmfcrendum
782 4981 905 5036 est?
952 4981 1081 5036 Cum
1112 4980 1252 5038 idem
1284 4983 1396 5052 ipse
1426 4981 1719 5052 Cyprianus
1760 4982 1830 5037 ita
1858 4982 1942 5037 di-

373 5069 510 5122 xerit
557 5068 682 5141 quid
730 5070 778 5125 ei
829 5071 1134 5138 videretur,
1185 5082 1243 5128 ut
1289 5073 1340 5125 in
1391 5072 1534 5141 pacis
1581 5071 1781 5126 unitate
1826 5087 1945 5129 esse

369 5158 634 5229 voluerit,
684 5163 842 5219 etiam
871 5179 992 5221 cum
1021 5165 1099 5221 eis
1127 5164 1217 5233 qui
1245 5162 1313 5218 de
1358 5162 1458 5218 hac
1487 5178 1546 5218 re
1573 5161 1784 5220 diversa
1815 5178 1941 5221 sen-

433 5423 449 5454 ί
475 5422 652 5486 Belgici
804 5421 930 5486 apud
949 5429 1081 5484 Lov.,
1103 5421 1377 5486 principatu
1397 5422 1662 5484 cujuslibet.

430 5486 450 5549 ξ
478 5485 592 5542 vox}
617 5485 793 5549 gratia,
818 5485 958 5549 abest
976 5498 1005 5534 a
1027 5485 1324 5536 Iaudunensi
1352 5492 1440 5536 Ms.-

431 5545 452 5577 ⁸
475 5557 574 5596 am.
600 5545 672 5596 Er.
717 5545 787 5598 ct
807 5547 974 5609 plures
1005 5553 1130 5608 Mss.,
1177 5553 1223 5597 et
1266 5560 1439 5597 corona
1483 5547 1703 5611 diﬂ‘ertur
1723 5561 1741 5610 ;
1798 5552 1943 5600 omis-

470 5620 680 5740 (ᾖῡωὶ
714 5676 839 5727 uss,
863 5667 1183 5740 custodito._t-:t
1206 5677 1372 5740 postea
1403 5669 1622 5740 Gallicani
1656 5672 1850 5737 quidam
1893 5681 1948 5726 et

370 5727 565 5792 Belgici,
584 5729 704 5791 loco,
729 5727 1019 5794 provehitur,
1055 5727 1266 5794 habent,
1301 5739 1613 5795 promovetur.

1069 287 1158 346 DE
1195 283 1532 344 BAPTISMO
1568 284 1839 342 CONTRA
1883 277 2327 348 DONATISTAS,
2369 281 2426 335 S.
2460 277 2822 337 AUGUSTINI

2029 394 2191 450 tircnt
2224 413 2236 450 :
2267 395 2406 465 quod
2454 393 2649 450 indicat
2695 396 2860 467 ipsius
2900 390 3100 466 primus
3149 407 3332 451 sermo
3357 393 3417 451 in
3461 393 3626 466 ejus-

2028 485 2150 542 dem
2179 486 2407 554 concilii,
2443 485 2585 559 quod
2639 487 2707 543 ab
2735 487 2850 544 istis
2877 485 3162 558 profertur,
3193 487 3447 549 exordio.
3480 485 3629 544 Nam

2026 580 2100 636 ita
2129 594 2188 636 se
2217 579 2414 636 habet:

2096 671 2325 730 CAPUT
2355 671 2505 728 ll.—-
2527 675 2580 730 '5.
2615 690 2636 726 ‹
2671 671 2805 729 Cum
2845 672 2897 728 in
2936 687 3101 729 unum
3127 671 3456 744 Carthagine
3481 688 3625 730 con-

2027 765 2302 820 venissent
2341 764 2580 820 calendis
2626 763 2944 835 septembris
2986 763 3224 834 episcopi
3267 765 3523 835 plurimi,
3550 779 3634 821 ex

2031 855 2302 926 provincia
2329 855 2529 923 Africa,
2558 854 2824 922 Numidia,
2855 853 3164 910 Mauritania
3184 895 3202 921 ,
3233 869 3355 911 cum
3393 853 3636 928 presby-

2030 948 2162 1004 teris
2185 957 2239 1004 et
2265 948 2611 1016 diaconibus,
2656 948 2815 1004 etiam
2859 957 3122 1018 praesente
3167 947 3340 1019 plebis
3383 949 3636 1004 maxima

2031 1049 2202 1110 parte,
2231 1048 2287 1096 ct
2311 1039 2462 1095 lecta:
2485 1051 2667 1095 essent
2693 1039 2884 1094 litterae
2908 1036 3153 1092 Jubaiani
3190 1037 3258 1092 ad
3287 1037 3636 1110 Cyprianum

2032 1130 2206 1198 factae,
2233 1131 2358 1186 item
2382 1130 2634 1203 Cypriani
2661 1130 2730 1186 ad
2754 1129 3070 1186 Jubaiannm
3097 1130 3372 1201 rescriptae
3401 1129 3476 1186 de
3507 1132 3634 1184 ha:-

2032 1222 2215 1278 reticis
2239 1221 2587 1292 baptizandis,
2610 1221 2840 1292 quidque
2862 1220 3198 1291 postmodum
3226 1219 3501 1292 Cypriane
3524 1219 3633 1276 Ju-

2033 1314 2256 1370 baianus
2280 1314 2419 1370 idem
2449 1314 2803 1384 rescripserit,
2825 1312 3122 1385 Cyprianus
3146 1313 3318 1368 dixit:
3344 1313 3600 1369 Audistis
3615 1354 3634 1377 ,

2035 1407 2252 1478 collega:
2278 1406 2632 1473 dilectissimi,
2655 1405 2780 1477 quid
2804 1405 2933 1462 mibi
2959 1405 3248 1462 Jubaianus
3271 1407 3638 1479 coepiscopo:

2037 1506 2220 1554 noster
2247 1498 2556 1569 scripserit,
2589 1498 2876 1554 consulens
2913 1497 3340 1554 mediocritatem
3379 1508 3639 1554 nostram

2037 1589 2104 1645 de
2124 1589 2310 1645 illicito
2334 1598 2388 1644 et
2415 1587 2638 1660 profano
2667 1587 3036 1644 hmreticorum
3061 1588 3364 1659 Baptismo;
3389 1589 3640 1661 quidque

2038 1692 2138 1749 ego
2162 1678 2213 1734 ei
2241 1677 2609 1750 rescripserim
2627 1720 2644 1746 ,
2673 1692 2899 1734 censeas
2926 1678 3134 1735 scilicet
3165 1678 3308 1750 quod
3347 1681 3518 1736 semel
3548 1689 3639 1736 at-

2038 1784 2142 1839 que
2170 1769 2360 1826 iterum
2391 1779 2445 1826 et
2483 1785 2628 1846 saepe
2655 1771 2959 1827 censuimus
2980 1811 2996 1838 ,
3028 1771 3309 1828 haereticos
3335 1772 3403 1828 ad
3440 1773 3642 1831 Eccle—

2039 1861 2172 1917 siam
2201 1862 2476 1918 venientes
2501 1862 2754 1918 Ecclesia:
2781 1862 3053 1933 Baptismo
3073 1862 3327 1934 baptizari
3356 1874 3412 1920 et
3430 1866 3644 1920 sancti-

2041 1937 2189 2007 ficari
2215 1961 2484 2024 oportere.
2508 1951 2640 2008 Item
2665 1954 2818 2010 lectae
2846 1961 2972 2009 sunt
2994 1953 3146 2009 vobis
3164 1961 3222 2010 et
3237 1953 3358 2010 alia
3380 1955 3644 2013 ,ιιιῢαίθηί

2041 2042 2254 2110 litterae,
2281 2044 2474 2116 quibus
2498 2059 2597 2116 pro
2613 2059 2710 2100 sua
2728 2045 2935 2101 sincera
2960 2052 3016 2101 et
3033 2044 3284 2116 religiosa
3312 2044 3642 2114 devotione,

2041 2136 2108 2190 ad
2137 2137 2414 2208 epistolam
2435 2146 2672 2193 nostram
2697 2136 3020 2204 rescribens,
3039 2151 3149 2192 non
3167 2144 3376 2193 tantum
3397 2152 3647 2194 consen-

2041 2230 2144 2299 sit,
2175 2230 2270 2287 sed
2295 2239 2352 2287 et
2376 2232 2692 2287 instructum
2732 2245 2794 2287 se
2831 2244 2951 2287 esse
2990 2230 3188 2302 gratias
3213 2230 3342 2302 egit.
3373 2229 3646 2302 Superest

2042 2329 2102 2376 ut
2127 2321 2194 2377 de
2217 2321 2318 2377 hac
2337 2321 2449 2393 ipsa
2476 2337 2537 2378 re
2561 2321 2690 2394 quid
2716 2322 2911 2394 singuli
2934 2321 3230 2378 sentiamus
3255 2320 3643 2394 proferamus;

2041 2412 2310 2469 neminem
2325 2412 2646 2484 judicantes,
2665 2421 2757 2469 aut
2773 2428 2804 2468 a
2827 2413 2947 2485 jure
2961 2413 3352 2470 communionis
3372 2414 3643 2486 aliquem,

2046 2505 2092 2560 si
2121 2504 2389 2562 diversum
2418 2505 2678 2573 senserit,
2706 2514 3036 2563 amoventes.
3065 2504 3249 2577 Neque
3289 2507 3435 2563 enim
3479 2508 3644 2579 quis-

2043 2611 2203 2667 quam
2239 2606 2481 2654 nostrum
2510 2599 2820 2670 episcopum
2847 2613 2908 2655 se
2933 2613 3057 2656 esse
3084 2600 3461 2671 episcoporum
3500 2614 3641 2656 con-

2044 2690 2238 2756 stituit,
2263 2699 2357 2746 aut
2383 2692 2660 2763 tyrannico
2689 2700 2894 2750 terrore
2921 2692 2990 2748 ad
3024 2692 3357 2764 obsequendi
3392 2694 3644 2750 necessi-

2045 2791 2209 2838 tatem
2256 2783 2490 2854 collegas
2534 2798 2662 2840 suos
2709 2783 2910 2856 adigit,
2959 2783 3174 2855 quando
3215 2784 3412 2840 habeat
3457 2785 3644 2842 omnis

2044 2873 2324 2944 episcopus
2354 2889 2452 2945 pro
2479 2875 2690 2931 licentia
2718 2875 2980 2932 libertatis
3007 2885 3062 2933 et
3095 2877 3374 2948 potestatis
3400 2891 3519 2934 suae
3546 2894 3643 2934 ar-

2043 2963 2262 3020 bitrium
2283 2964 2578 3035 proprium,
2601 2972 2817 3036 tamque
2839 2965 3067 3036 iudicari
3091 2965 3160 3020 ab
3183 2967 3288 3022 alio
3307 2981 3414 3024 non
3439 2969 3637 3039 possit,

2044 3069 2200 3126 quam
2218 3069 2317 3110 nec
2341 3055 2456 3126 ipse
2480 3063 2653 3127 potest
2674 3057 2899 3112 alterum
2921 3056 3162 3128 judicare
3186 3075 3200 3124 ;
3227 3057 3326 3114 sed
3351 3069 3646 3131 exspecte—

2044 3160 2163 3201 mus
2189 3145 2422 3203 universi
2441 3145 2699 3218 judicium
2720 3147 2932 3204 Domini
2957 3149 3125 3205 nostri
3145 3149 3272 3206 Jesu
3296 3149 3524 3217 Christi,
3547 3152 3642 3224 qui

2045 3251 2184 3292 unus
2211 3245 2267 3293 et
2291 3237 2439 3294 solus
2466 3237 2631 3295 habet
2667 3246 2987 3309 potestatem
3009 3241 3027 3273 ⁸
3064 3249 3119 3296 et
3159 3242 3510 3312 praeponendi
3540 3259 3644 3301 nos

2046 3326 2102 3384 in
2130 3326 2386 3384 Ecclesiae
2429 3342 2543 3384 sua:
2569 3328 2986 3400 gubernatione,
3015 3330 3164 3388 etde
3187 3341 3311 3388 actu
3339 3341 3532 3391 nostro
3553 3334 3643 3406 ju-

2046 3417 2281 3474 dicandi.
2318 3438 2339 3473 ι

2115 3508 2342 3566 CAPUT
2377 3509 2466 3567 lll.
2486 3514 2630 3568 —4.
2657 3511 2810 3570 Nunc
2836 3527 2930 3582 se,
2960 3515 3009 3571 si
3035 3515 3264 3584 audent,
3293 3519 3551 3589 superba
3586 3527 3643 3576 et

2045 3599 2263 3656 tumidae.
2279 3601 2514 3658 cervices
2533 3602 2905 3662 haereticorum
2923 3606 3186 3664 adversus
3204 3619 3446 3666 sanctam
3470 3611 3642 3668 humi-

2044 3691 2244 3747 litatem
2273 3691 2430 3763 huius
2450 3695 2714 3752 sermonis
2757 3697 3044 3755 extollant.
3082 3698 3259 3756 Insani
3297 3701 3637 3770 Donatistae,

2044 3795 2179 3853 quos
2220 3781 2286 3837 ad
2315 3798 2500 3854 pacem
2530 3795 2689 3856 atque
2717 3787 2976 3844 unitatem
3017 3798 3216 3856 sancte
3254 3791 3516 3850 Ecclesia
3555 3809 3642 3850 re-

2045 3888 2244 3944 meare,
2272 3883 2428 3946 atque
2458 3875 2511 3932 in
2536 3892 2600 3933 ea
2626 3879 2803 3934 sanari
2830 3880 3074 3952 cupimus
3111 3894 3168 3940 et
3194 3891 3442 3954 optamus
3461 3926 3478 3954 ,
3509 3885 3642 3958 quid

2045 3965 2112 4021 ad
2138 3967 2254 4024 haec
2278 3966 2489 4036 dicitis?
2515 3968 2622 4026 Vos
2651 3980 2798 4028 certe
2839 3973 2995 4029 nobis
3035 3974 3266 4045 objicere
3301 3977 3492 4035 soletis
3531 3979 3640 4051 Cy-

2045 4057 2214 4126 priani
2241 4057 2445 4114 litteras
2466 4099 2480 4126 ,
2510 4059 2760 4132 Cypriani
2787 4065 3105 4122 sententiam
3123 4108 3142 4134 ,
3169 4066 3424 4140 Cypriani
3451 4071 3638 4127 conci-

2046 4148 2176 4204 lium
2206 4168 2220 4205 :
2247 4165 2343 4206 cur
2362 4153 2732 4209 auctoritatem
2753 4155 3006 4229 Cypriani
3029 4174 3126 4230 pro
3146 4169 3326 4218 vestro
3345 4161 3640 4220 schismate

2044 4241 2350 4308 assumitis,
2392 4250 2449 4298 et
2488 4242 2602 4312 ejus
2631 4247 2933 4316 exemplum
2964 4263 3063 4320 pro
3092 4249 3348 4308 Ecclesiae
3389 4267 3525 4324 pace
3551 4269 3640 4311 re-

2045 4330 2274 4400 spuitis?
2299 4330 2431 4400 Quis
2458 4342 2636 4390 autem
2667 4339 2870 4393 nesciat
2908 4348 3148 4397 sanctam
3182 4341 3520 4414 Seripturam
3549 4361 3638 4402 ca-

2047 4422 2293 4478 nonicam
2312 4466 2327 4491 ,
2361 4433 2469 4480 tam
2493 4425 2702 4484 Veteris
2731 4444 2889 4498 quam
2912 4429 3046 4486 Novi
3080 4431 3411 4490 Testamenti
3431 4476 3450 4502 ,
3477 4436 3638 4493 certis

2046 4515 2156 4571 suis
2173 4516 2414 4573 terminis
2437 4518 2719 4588 contineri,
2742 4535 2964 4593 eamque
2983 4523 3229 4580 omnibus
3250 4527 3637 4596 posterioribus

2045 4609 2414 4682 episcoporum
2456 4611 2650 4668 litteris
2678 4613 2748 4668 ita
2789 4616 3064 4686 praeponi,
3093 4625 3150 4672 ut
3177 4616 3245 4672 de
3285 4617 3378 4673 illa
3414 4621 3638 4676 omnino

2047 4702 2274 4759 dubitari
2317 4713 2374 4760 et
2409 4703 2693 4776 disceptari
2728 4722 2833 4762 non
2877 4709 3081 4780 possit,
3132 4717 3308 4766 utrum
3336 4727 3529 4768 verum
3555 4712 3637 4769 vel

2049 4802 2222 4849 utrum
2252 4803 2452 4850 rectum
2480 4796 2579 4862 sit,
2609 4797 2864 4868 quidquid
2894 4799 2945 4854 in
2974 4815 3036 4855 ea
3067 4803 3325 4871 scriptum
3353 4818 3478 4859 esse
3505 4819 3637 4860 con-

2047 4887 2240 4942 stiterit
2266 4905 2280 4941 :
2305 4887 2679 4958 episcoporum
2709 4897 2884 4944 autem
2913 4891 3113 4946 litteras
3137 4909 3257 4960 qua:
3281 4903 3404 4963 post
3431 4895 3633 4950 contir-

2051 4987 2246 5033 matum
2283 4993 2540 5034 canonem
2583 4979 2666 5034 vel
2704 4982 2914 5050 scripta:
2955 4993 3079 5038 sunt
3107 4983 3191 5039 vel
3220 4984 3551 5054 scribuntur,
3585 4994 3637 5040 et

2049 5085 2145 5141 per
2167 5087 2465 5127 sermonem
2495 5073 2632 5128 forte
2661 5073 3036 5143 sapientiorem
3065 5076 3346 5145 cujuslibet
3390 5077 3443 5132 in
3484 5092 3548 5133 ea
3577 5091 3636 5132 re

2050 5161 2349 5232 peritioris,
2395 5172 2449 5218 et
2505 5179 2599 5233 per
2638 5163 2862 5219 aliorum
2911 5166 3282 5236 episcoporum
3331 5169 3631 5238 graviorem

2049 5255 2416 5309 auctoritatem
2442 5253 2834 5325 doctioremque
2855 5257 2876 5288 ²
2909 5255 3263 5326 prudentiam,
3293 5266 3348 5312 et
3377 5273 3475 5328 per
3499 5273 3629 5314 con-

2051 5344 2168 5401 cilia
2194 5346 2353 5401 licere
2381 5344 2733 5416 reprehendi,
2762 5347 2808 5402 si
2834 5347 2956 5417 quid
2989 5348 3042 5403 in
3072 5348 3152 5403 eis
3189 5347 3323 5403 forte
3349 5363 3379 5404 a
3411 5349 3633 5406 veritate

2049 5438 2312 5494 deviatum
2342 5447 2425 5501 est
2447 5457 2460 5494 :
2483 5447 2537 5495 et
2566 5439 2676 5509 ipsa
2719 5440 2945 5496 concilia
2985 5457 3103 5512 quae
3133 5458 3230 5514 per
3266 5442 3504 5515 singulas
3549 5457 3632 5499 re-

2116 5615 2134 5645 ι
2160 5618 2259 5660 Am.
2285 5616 2357 5660 Er.
2379 5618 2431 5661 et
2454 5619 2580 5669 MSS.,
2603 5623 2726 5662 unus
2743 5619 2814 5669 est.
2833 5612 2963 5665 solus
2989 5612 3166 5665 habens

2053 5675 2142 5797 qu;
2157 5680 2229 5723 Er.
2248 5687 2357 5727 cum
2373 5673 2616 5728 nonnullis
2637 5681 2765 5735 Mss.

3182 5619 3474 5678 potestatem.

2782 5665 3158 5740 doctiorumque.
3182 5665 3326 5742 'Am.
3358 5665 3627 5732 domum
