3764 6132
97 288 179 346 ης
1393 273 1599 331 LIBER
1635 273 2015 333 SECUNDUS.

96 407 251 479 ginnas
275 400 358 458 vel
389 398 691 472 provincias
719 395 877 460 liunt,
909 395 1270 466 plenartorum
1296 394 1646 450 conciliorum

95 495 360 552 auctoritati
387 508 509 564 qua:
535 491 668 546 ﬁunt
691 505 754 546 ex
777 489 1025 544 universo
1049 488 1180 544 orbe
1200 486 1511 555 christiano,
1535 487 1651 542 sine

97 589 196 643 ullis
219 585 522 655 ambagibus
548 581 739 637 cedere
762 598 776 635 :
804 579 1028 650 ipsaque
1054 578 1290 648 plenaria
1312 592 1455 648 saepe
1472 577 1650 647 priora

95 677 448 750 posterioribus
475 673 775 738 emendari;
809 686 932 726 cum
959 669 1136 741 aliquo
1160 671 1535 741 experimento
1561 685 1654 726 re-

97 785 194 826 rum
216 768 445 839 aperitur
469 765 611 837 quod
635 763 871 820 clausum
895 770 1011 818 erat
1030 803 1046 830 ,
1073 769 1130 817 et
1153 762 1489 832 cognoscitur
1511 761 1651 832 quod

97 862 296 926 latebat;
325 861 442 916 sine
471 859 580 915 ullo
607 858 772 929 typho
796 856 1068 927 sacrilegae
1095 854 1379 924 superbiae,
1405 855 1520 911 sine
1544 855 1652 911 ulla

95 952 246 1009 inﬂata
264 951 471 1007 cervice
488 948 824 1020 arrogantiae,
844 949 961 1006 sine
980 946 1088 1002 ulla
1113 948 1454 1003 contentione
1473 946 1653 1002 lividze

96 1044 300 1114 invidiae,
329 1060 455 1100 cum
477 1052 661 1099 sancta
689 1041 990 1098 humilitate
1010 1082 1025 1108 ,
1057 1055 1180 1096 cum
1204 1055 1335 1112 pace
1356 1039 1614 1097 catholica
1633 1081 1650 1108 ,

98 1152 197 1191 cum
221 1135 473 1191 charitate
497 1133 829 1190 christiana?

153 1225 361 1282 CAPUT
389 1225 480 1281 ιν.
501 1255 575 1266 -
599 1226 653 1280 5.
682 1224 1016 1296 Quapropter
1057 1231 1274 1280 sanctus
1314 1223 1613 1296 Cyprianus
1635 1266 1653 1295 ,

100 1327 224 1372 tanto
261 1316 542 1383 excelsior,
588 1325 787 1387 quanto
833 1315 1104 1384 humilior,
1147 1315 1236 1387 qui
1277 1315 1655 1371 documentum

100 1411 220 1467 Petri
243 1411 318 1467 sic
343 1411 564 1477 amavit,
609 1417 668 1465 ut
707 1408 928 1476 diceret,
951 1427 978 1461 ι
1005 1409 1389 1464 Documentum
1412 1451 1428 1477 ,
1457 1409 1658 1465 scilicet

102 1501 230 1556 nobis
255 1510 306 1556 et
328 1500 631 1558 concordiae
659 1509 714 1557 et
737 1501 1005 1572 patientiae
1029 1500 1288 1568 tribuens,
1319 1511 1375 1556 ut
1398 1516 1504 1556 non
1533 1517 1657 1572 per-

104 1593 317 1650 tinaciter
345 1602 528 1649 nostra
554 1607 816 1660 amemus,
842 1592 935 1649 sed
965 1608 1084 1664 qua:
1111 1592 1394 1663 aliquando
1419 1607 1448 1647 a
1474 1591 1660 1648 fratri-

100 1682 181 1738 bus
202 1692 251 1738 et
277 1684 494 1755 collegis
515 1684 716 1740 nostris
742 1683 942 1739 utiliter
968 1691 1022 1739 et
1050 1683 1337 1739 salubriter
1361 1699 1656 1755 suggerun-

102 1785 201 1841 tur,
247 1774 291 1829 si
335 1775 447 1829 sint
488 1789 614 1830 vera
668 1784 723 1831 et
772 1775 1048 1846 legitima,
1093 1775 1204 1845 ipsa
1255 1775 1428 1845 potius
1480 1784 1659 1830 nostra

102 1865 365 1931 ducamus;
399 1884 419 1919 ι
452 1866 586 1921 satis
630 1865 864 1921 ostendit
905 1864 1156 1921 facillime
1197 1881 1256 1922 se
1299 1874 1660 1921 correcturum

101 1957 242 2016 fuisse
263 1959 590 2015 sententiam
616 1974 766 2013 suam
787 2001 802 2026 ,
828 1959 873 2013 si
901 1959 1020 2029 quis
1059 1957 1107 2014 ei
1147 1958 1537 2014 demonstraret
1562 1957 1663 2012 Ba-

101 2053 323 2124 ptismum
352 2052 555 2108 Christi
581 2052 660 2107 sic
695 2051 810 2107 dari
839 2066 996 2122 posse
1021 2051 1088 2106 ab
1114 2051 1194 2107 eis
1219 2049 1308 2121 Qui
1336 2049 1479 2104 foras
1513 2049 1662 2105 exie-

103 2155 234 2215 runt,
276 2145 728 2217 quemadmodum
773 2145 945 2200 amitti
991 2160 1097 2200 non
1148 2145 1318 2215 potuit
1358 2159 1478 2199 cum
1521 2143 1665 2200 foras

103 2240 318 2294 exirent:
345 2239 494 2295 unde
531 2239 698 2295 multa
730 2238 843 2310 jam
877 2237 1126 2293 diximus.
1156 2237 1264 2292 Nec
1291 2253 1390 2293 nos
1431 2236 1530 2308 ipsi
1559 2224 1673 2292 tale.

103 2331 274 2404 aliquid
314 2332 640 2390 auderemus
681 2346 942 2398 asserere,
969 2330 1074 2386 nisi
1111 2331 1372 2386 universae
1408 2329 1665 2385 Ecclesia:

105 2423 494 2481 concordissima
539 2424 852 2480 auctoritate
894 2423 1122 2487 ﬁrmati;
1163 2422 1251 2477 cui
1296 2431 1350 2477 et
1399 2420 1513 2491 ipse
1550 2420 1666 2476 sine

105 2513 243 2570 dubio
275 2514 526 2582 cederet,
557 2515 603 2570 si
628 2513 738 2585 jam
769 2514 860 2568 illo
897 2523 1136 2584 tempore
1171 2512 1481 2583 quaestionis
1512 2511 1666 2581 hujus

105 2607 272 2662 veritas
294 2607 530 2678 eliquata
561 2614 616 2661 et
642 2605 907 2661 declarata
936 2621 1030 2674 per
1053 2604 1352 2676 plenarium
1382 2603 1666 2658 concilium

106 2695 410 2754 solidaretur.
433 2697 496 2754 Si
516 2697 659 2754 enim
680 2697 896 2752 Petrum
924 2695 1102 2750 laudat
1125 2703 1179 2750 et
1205 2694 1459 2765 praedicat
1477 2693 1543 2749 ab
1560 2708 1668 2748 uno

108 2791 374 2860 posteriore
389 2789 599 2860 collega
614 2789 879 2859 patienter
892 2786 1331 2856 concorditerque
1345 2793 1665 2849 correctum,

110 2891 278 2951 quanto
302 2881 462 2937 citius
492 2881 607 2952 ipse
644 2896 765 2936 cum
808 2879 1035 2935 concilio
1061 2877 1350 2950 provincia:
1393 2892 1504 2932 suae
1545 2875 1668 2930 uni-

109 2973 226 3028 versi
266 2973 409 3029 orbis
457 2971 768 3028 auctoritati
812 2969 1076 3042 patefacta
1119 2969 1343 3024 veritate
1387 2967 1670 3024 cessisset?

108 3066 209 3137 quia
243 3066 483 3138 profecto
523 3074 580 3122 et
607 3065 696 3120 uni
724 3079 909 3122 verum
946 3063 1144 3118 dicenti
1186 3071 1240 3118 et
1285 3062 1670 3118 demonstranti

110 3169 262 3228 posset
279 3159 532 3216 facillime
555 3158 858 3214 consentire
876 3165 984 3212 tam
1009 3165 1189 3212 sancta
1215 3157 1412 3222 anima,
1447 3165 1550 3210 tam
1579 3170 1670 3226 pa.

108 3259 205 3304 ulla
227 3268 241 3304 :
261 3259 312 3305 et
334 3250 570 3306 fortasse
599 3249 795 3304 factum
827 3257 910 3304 est
935 3248 1034 3320 (a),
1058 3247 1154 3303 sed
1180 3247 1465 3302 nescimus.
1487 3245 1672 3316 Neque

108 3340 228 3396 enim
253 3342 426 3397 omnia
459 3356 583 3412 qua:
622 3340 714 3396 illo
755 3347 997 3410 tempore
1034 3339 1174 3394 inter
1217 3337 1496 3409 episcopos
1523 3344 1672 3408 gesta

107 3442 242 3500 sunt,
285 3433 566 3490 memoriae
613 3432 908 3504 litterisque
949 3429 1192 3485 mandari
1234 3435 1552 3500 potuerunt,
1583 3433 1674 3482 aut

109 3526 261 3580 omnia
286 3541 406 3596 qua:
431 3525 687 3581 mandata
731 3532 856 3580 sunt
896 3525 1161 3579 novimus.
1203 3520 1482 3590 Quomodo
1529 3521 1672 3576 enim

110 3620 256 3686 potuit
277 3619 376 3675 ista
403 3633 500 3676 res
525 3619 690 3674 tantis
713 3617 1119 3673 altereationum
1156 3613 1364 3671 nebulis
1403 3612 1634 3668 involuta
1654 3652 1670 3680 ,

110 3707 162 3762 ad
177 3711 383 3779 plenarii
399 3709 619 3766 concilii
635 3708 958 3764 luculentam
976 3705 1380 3762 illustrationem
1398 3703 1673 3759 confirma-

111 3799 386 3874 tionemque
411 3800 660 3872 perduci,
691 3798 791 3854 nisi
816 3798 990 3870 primo
1008 3797 1208 3852 diutius
1227 3812 1320 3867 per
1338 3794 1484 3850 orbis
1509 3803 1676 3849 terra-

110 3904 209 3947 rum
236 3892 504 3962 regiones,
519 3889 701 3945 multis
714 3889 838 3944 hinc
852 3895 1011 3960 atque
1027 3885 1150 3942 hinc
1165 3884 1608 3957 diSputationibus
1621 3891 1676 3938 et

112 3982 454 4040 collationibus
478 3983 852 4052 episcoporum
882 3986 1200 4050 pertractata
1227 3976 1528 4032 constaret?
1564 3975 1676 4030 Hoc

112 4082 262 4131 autem
286 4075 412 4132 facit
439 4075 645 4130 sanitas
664 4073 831 4144 pacis,
859 4081 916 4126 ut
937 4086 1058 4127 eum
1080 4069 1275 4126 diutius
1294 4069 1467 4140 aliqua
1489 4068 1683 4123 obscu-

113 4166 233 4222 riora
255 4175 593 4240 quaeruntur,
624 4174 680 4220 et
706 4174 923 4236 propter
948 4161 1251 4218 inveniendi
1275 4161 1634 4217 difficultatem
1656 4199 1674 4228 ,

113 4255 326 4314 diversas
350 4258 573 4330 pariunt
601 4257 655 4311 in
685 4256 916 4312 fraterna
942 4253 1324 4325 disceptatione
1347 4251 1638 4308 sententias
1657 4291 1672 4316 ,

115 4347 260 4406 donec
277 4350 343 4405 ad
361 4365 556 4406 verum
578 4347 835 4418 liquidum
854 4347 872 4380 ¹
894 4347 1252 4416 perveniatur,
1275 4343 1541 4398 vinculum
1558 4358 1678 4413 per-

115 4450 302 4497 maneat
342 4441 566 4497 unitatis
587 4479 603 4506 ,
629 4453 697 4494 ne
724 4439 775 4493 in
802 4447 952 4509 parte
979 4437 1199 4508 prmcisa
1229 4441 1501 4490 remaneat
1537 4433 1678 4488 insa-

114 4532 268 4589 nabile
289 4533 487 4588 vulnus
514 4531 731 4587 erroris.

171 4623 388 4682 CAPUT
434 4623 672 4678 V.——6.
725 4619 792 4676 Et
837 4617 956 4675 ideo
997 4619 1308 4689 plerumque
1353 4613 1678 4670 doctioribus

116 4713 270 4770 minus
293 4713 500 4787 aliquid
525 4711 811 4776 revelatur,
839 4719 898 4766 ut
923 4725 1108 4766 eorum
1138 4708 1343 4779 patiens
1369 4715 1424 4761 et
1465 4704 1678 4761 humilis

117 4805 343 4875 charitas,
371 4808 425 4862 in
455 4819 564 4876 qua
591 4802 794 4859 fructus
824 4801 995 4872 major
1023 4809 1137 4867 est,
1165 4797 1562 4869 comprobetur,
1592 4797 1679 4854 vel

117 4898 360 4964 quomodo
389 4904 615 4953 teneant
635 4896 910 4960 unitatem,
942 4908 1063 4948 cum
1093 4892 1147 4946 in
1172 4890 1330 4947 rebus
1358 4888 1681 4945 obscuriori-

120 4985 201 5044 bus
223 4989 427 5046 diversa
457 4988 728 5054 sentiunt;
762 4987 845 5042 vel
879 4983 1147 5057 quomodo
1188 4984 1449 5053 accipiant
1483 4981 1681 5037 verita-

123 5086 232 5145 tem,
256 5095 374 5136 cum
399 5088 590 5136 contra
618 5078 672 5134 id
699 5076 843 5148 quod
871 5077 1190 5139 sentiebant,
1215 5074 1533 5130 declaratam
1559 5087 1680 5130 esse

119 5180 444 5237 cognoscunt.
478 5169 717 5240 Quorum
753 5168 981 5224 duorum
1019 5165 1410 5222 manifestatum
1441 5174 1681 5220 tenemus

124 5273 264 5315 unum
307 5262 364 5318 in
406 5262 568 5318 beato
603 5259 874 5331 Cypriano
894 5301 910 5327 ,
939 5257 991 5313 id
1017 5267 1129 5326 est,
1159 5256 1426 5328 quomodo
1453 5257 1682 5312 tenuerit

124 5353 359 5411 unitatem
395 5371 520 5412 cum
561 5355 641 5410 eis
683 5369 714 5408 a
755 5353 946 5422 quibus
984 5351 1252 5407 diversum
1282 5349 1560 5405 sentiebat.
1592 5348 1684 5404 Ait

126 5445 288 5502 enim:
317 5466 336 5500 ι
363 5447 644 5504 Neminem
672 5443 1003 5516 iudicantes,
1032 5452 1122 5498 aut
1147 5458 1178 5498 a
1202 5443 1322 5513 jure
1347 5440 1679 5497 communio-

178 5621 340 5696 ltov.2
708 5624 870 5683 Abest,
909 5634 980 5684 ve,
1006 5621 1070 5671 ab
1094 5628 1192 5670 Am.
1217 5625 1289 5669 Er.
1335 5626 1385 5669 et
1431 5618 1682 5682 plerisque

123 5694 449 5748 mseriptis.

174 5745 242 5807 (α)
263 5747 308 5796 ld
328 5750 484 5812 reipsa
509 5751 692 5801 factum
706 5748 879 5798 asserit
902 5747 1026 5797 Beda
1043 5746 1091 5796 in
1113 5744 1236 5796 libro
1252 5745 1298 5806 8,
1319 5750 1488 5812 quaest.
1516 5743 1565 5792 5.

3224 283 3330 344 l30

1758 395 1841 450 nis
1868 395 2117 467 aliquem,
2144 397 2192 454 si
2219 397 2486 456 diversum
2516 401 2776 470 senserit,
2808 413 3141 462 amoventes.
3178 423 3198 458 ι
3230 405 3327 460 ΑΙ-

1759 495 1927 542 terum
1955 496 2153 555 autem,
2177 489 2228 544 id
2251 499 2359 556 cst,
2386 493 2654 562 quomodo
2679 494 2921 566 accipere
2947 498 3175 568 potuerit
3198 499 3341 553 veri-

1756 584 1919 633 tatem
1943 587 2124 633 contra
2157 579 2208 634 id
2232 581 2375 650 quod
2407 583 2668 639 sentiebat
2691 584 2956 641 inventam
2978 627 2992 653 ,
3017 589 3118 643 etsi
3148 588 3342 646 litterae

1757 678 1967 738 tacent,
2013 671 2202 727 merita
2244 673 2504 739 clamant;
2545 675 2590 729 si
2634 677 2855 747 epistola
2898 693 3003 733 non
3051 677 3339 742 invenitur.

1757 775 1954 816 corona
1986 769 2248 828 testatur;
2295 763 2338 817 si
2381 765 2662 820 concilium
2701 782 2806 821 non
2844 768 3040 824 indicat
3064 771 3344 842 episcopo-

1757 867 1875 908 rum
1901 893 1918 921 ,
1948 854 2275 908 consortium
2311 853 2506 910 iudicat
2532 857 2874 927 Angelorum.
2900 858 3014 914 Non
3045 860 3188 916 enim
3217 877 3343 932 par-

1756 957 1881 997 vum
1913 941 2289 999 documentum
2319 954 2401 1000 est
2424 947 2779 1016 pacatissimae
2805 947 3015 1016 animm,
3043 950 3099 1006 in
3128 967 3188 1008 ea
3217 953 3341 1008 uni-

1759 1041 1866 1089 tate
1893 1033 2207 1106 martyrium
2233 1036 2511 1104 meruisse,
2541 1037 2682 1094 unde
2706 1052 2765 1093 se
2796 1037 3064 1096 diversum
3103 1043 3339 1100 sentiens

1757 1125 1928 1182 noluit
1965 1141 2235 1198 separare.
2264 1127 2518 1185 Homines
2547 1129 2690 1184 enim
2719 1145 2922 1186 sumus.
2953 1130 3106 1188 Unde
3143 1133 3340 1206 aliquid

1760 1221 1913 1277 aliter
1941 1236 2128 1294 sapere
2148 1237 2305 1293 quam
2331 1237 2416 1277 res
2437 1237 2496 1279 se
2522 1223 2698 1291 habet,
2724 1224 2958 1279 humana
2985 1227 3205 1282 tentatio
3232 1235 3336 1283 est.

1760 1313 1930 1370 Nimis
1951 1322 2127 1370 autem
2154 1312 2383 1370 amando
2403 1317 2721 1371 sententiam
2748 1331 2919 1384 suam,
2948 1317 3031 1372 vel
3060 1318 3347 1376 invidendo

1761 1406 2107 1474 melioribus,
2157 1422 2323 1478 usque
2363 1407 2429 1462 ad
2473 1407 2824 1478 praecidendae
2863 1410 3256 1466 communionis
3293 1420 3350 1468 et

1759 1503 2024 1560 condendi
2051 1504 2350 1561 schismatis
2376 1503 2461 1561 vel
2491 1503 2711 1562 hatresis
2737 1505 3074 1578 sacrilegium
3097 1507 3350 1578 perveni-

1761 1610 1821 1651 re
1844 1635 1859 1661 ,
1890 1595 2148 1651 diabolica
2191 1596 2534 1667 prmsumptio
2571 1606 2674 1653 est.
2701 1596 2762 1652 In
2787 1598 2931 1653 nullo
2973 1608 3150 1653 autem
3191 1599 3350 1655 aliter

1761 1699 1952 1757 sapere
1975 1703 2131 1758 quam
2149 1703 2235 1743 res
2255 1703 2314 1744 se
2334 1689 2515 1757 habet,
2539 1689 2777 1760 angelica
2807 1689 3063 1760 perfectio
3085 1702 3185 1748 est.
3209 1692 3344 1761 Quia

1762 1776 1942 1849 itaque
1967 1777 2211 1834 homines
2235 1794 2440 1847 sumus,
2469 1779 2563 1836 sed
2589 1795 2682 1851 Spe
2708 1781 2879 1852 angeli
2910 1797 3114 1849 sumus,
3151 1783 3346 1853 quibus

1763 1873 1997 1943 :equales
2023 1873 2076 1928 in
2107 1875 2496 1930 resurrectione
2527 1873 2684 1930 futuri
2725 1891 2909 1932 sumus
2940 1876 2960 1948 (
2983 1877 3170 1932 Matth.
3211 1893 3346 1946 χιιι,

1763 1963 1880 2036 50),
1903 1965 2153 2038 quamdiu
2176 1964 2554 2036 perfectionem
2581 1966 2755 2038 angeli
2781 1983 2888 2024 non
2910 1968 3188 2036 habemus,
3215 1984 3349 2039 prte-

1765 2055 2124 2126 sumptionem
2147 2055 2339 2112 diaboli
2362 2072 2466 2112 non
2489 2056 2798 2114 habeamus.
2824 2058 2948 2114 ideo
2969 2057 3097 2114 dicit
3120 2061 3348 2130 Aposto-

1764 2147 1848 2203 lus
1873 2165 1886 2202 :
1921 2147 2147 2203 Tentatio
2171 2165 2256 2204 vos
2285 2165 2385 2203 non
2405 2150 2750 2222 apprehendat
2780 2151 2876 2206 nisi
2903 2152 3123 2206 humana
3148 2152 3206 2222 (1
3229 2151 3350 2208 Cor.

1766 2257 1821 2308 κ,
1847 2241 1956 2312 l3).
1982 2241 2281 2297 Humanum
2307 2251 2389 2299 est
2413 2258 2543 2314 ergo
2567 2244 2765 2316 aliquid
2793 2245 2951 2300 aliter
2979 2260 3188 2316 sapere.
3219 2247 3354 2302 Pro-

1767 2341 1951 2403 pterea
1979 2331 2107 2388 dicit
2129 2333 2236 2389 alio
2262 2334 2419 2390 loco:
2447 2333 2702 2404 Quotquot
2739 2351 2856 2408 ergo
2895 2337 3105 2408 perfecti
3139 2337 3234 2392 hoc
3267 2353 3356 2392 sa-

1769 2425 2008 2495 piamus;
2039 2435 2087 2480 et
2109 2427 2156 2480 si
2181 2427 2304 2494 quid
2325 2427 2470 2480 aliter
2490 2427 2685 2498 sapitis,
2711 2427 2806 2481 Itoc
2833 2444 3028 2500 quoque
3053 2428 3188 2483 vobis
3215 2427 3356 2484 Deus

1768 2518 2021 2572 reuelabit.
2053 2519 2255 2586 Quibus
2281 2529 2460 2574 autem
2491 2521 2693 2575 revelat
2720 2535 2842 2575 cum
2875 2521 3134 2587 voluerit,
3158 2522 3270 2577 sive
3298 2523 3355 2577 in

1769 2607 1869 2664 hac
1896 2609 2000 2665 vita
2024 2611 2135 2666 sive
2161 2621 2280 2680 post
2306 2611 2444 2665 hanc
2481 2613 2642 2666 vitam
2666 2653 2682 2680 ,
2725 2612 2826 2666 nisi
2871 2613 3260 2668 ambulantibus
3299 2614 3357 2672 in

1768 2700 1853 2754 via
1881 2699 2046 2770 pacis,
2071 2709 2125 2756 et
2150 2701 2202 2755 in
2224 2701 2422 2755 nullam
2451 2701 2817 2772 prmcisionem
2846 2700 3218 2757 deviantibus?
3235 2703 3354 2760 Non

1769 2793 1954 2864 quales
1999 2793 2086 2849 isti
2130 2803 2286 2862 sunt,
2335 2794 2425 2865 qui
2470 2794 2610 2849 viam
2654 2795 2799 2866 pacis
2846 2811 2952 2850 non
2997 2805 3359 2868 cognoverunt

1770 2882 1960 2958 (Psal.
1988 2901 2099 2953 ιιιιι,
2130 2883 2219 2957 3),
2265 2900 2362 2941 nec
2406 2894 2623 2957 propter
2667 2885 2810 2941 aliud
2847 2887 3064 2941 unitatis
3090 2887 3357 2944 vinculum

1771 2964 2134 3047 disruperunt.
2167 2977 2395 3049 Ideoque
2424 2977 2710 3050 Apostolus
2755 2992 2876 3032 cum
2920 2977 3176 3044 dixisset,
3220 2977 3285 3032 Et
3313 2980 3360 3035 si

1771 3069 1892 3138 quid
1915 3070 2060 3124 aliter
2083 3070 2259 3140 sapitis
2276 3111 2290 3136 ,
2323 3071 2416 3123 hoc
2440 3085 2631 3141 quoque
2662 3069 2797 3124 vobis
2825 3068 2966 3123 Deus
2992 3070 3226 3124 reuelabit
3242 3087 3260 3136 ;
3287 3086 3360 3128 ne

1773 3169 2018 3231 putarent
2046 3169 2240 3230 praeter
2266 3162 2404 3214 viam
2436 3161 2580 3230 pacis
2605 3161 2748 3232 quod
2773 3162 2928 3218 aliter
2952 3161 3229 3233 sapicbant
3254 3163 3360 3220 sibi

1774 3267 1931 3322 posse
1957 3253 2204 3319 revelari,
2230 3253 2480 3309 continuo
2504 3252 2726 3320 addidit,
2767 3253 3119 3309 Verumtamen
3148 3255 3198 3309 in
3222 3257 3360 3327 quod

1775 3345 2106 3416 peruenimus,
2131 3346 2181 3398 in
2213 3362 2269 3399 eo
2295 3345 2603 3401 ambulemus
2624 3345 2893 3416 (Philipp.
2919 3363 2998 3412 ιιι,
3026 3348 3118 3413 15,
3148 3347 3270 3418 16).
3299 3349 3357 3406 In

1774 3452 1880 3508 quo
1905 3436 2184 3492 ambulans
2211 3437 2536 3508 Cyprianus,
2569 3439 3095 3508 perseverantissima
3125 3441 3360 3496 toleran-

1776 3529 1869 3595 tia,
1903 3543 2007 3583 non
2033 3527 2149 3584 fuso
2179 3529 2498 3598 sanguine‘,
2529 3529 2623 3584 sed
2651 3529 2704 3584 in
2733 3529 2934 3585 unitate
2971 3529 3090 3586 fuso
3121 3530 3279 3602 (quia
3308 3531 3358 3588 si

1774 3619 2009 3675 traderet
2031 3634 2226 3690 corpus
2254 3634 2408 3675 suum
2442 3629 2498 3676 ut
2525 3620 2761 3688 arderet,
2784 3630 2838 3676 et
2858 3636 2964 3676 non
2991 3621 3212 3678 haberet
3229 3622 3360 3679 cha—

1776 3711 2010 3776 ritatem,
2039 3710 2168 3765 nihil
2198 3711 2246 3767 ei
2274 3710 2549 3782 prodesset
2597 3711 2648 3786 [Ι
2675 3712 2789 3768 Cor.
2819 3730 2930 3778 xm,
2957 3713 3058 3788 ⁸5]),
3093 3730 3186 3786 per
3215 3730 3362 3769 mar-

1777 3803 1897 3874 tyrii
1924 3802 2313 3858 confessionem
2344 3804 2588 3874 pervenit
2629 3805 2694 3859 ad
2742 3806 3031 3877 angelicam
3060 3805 3268 3870 lucem;
3298 3814 3362 3862 ut

1776 3894 1822 3947 si
1848 3909 1951 3948 non
1976 3903 2166 3963 antea,
2207 3895 2276 3949 ibi
2306 3903 2451 3950 certe
2491 3895 2781 3950 revelatum
2821 3905 3169 3967 agnosceret,
3214 3896 3359 3966 quod

1776 4001 1898 4041 cum
1923 3985 2078 4041 aliter
2103 3993 2333 4057 saperet,
2364 3987 2680 4041 sententiam
2709 3985 2934 4042 diversm
2959 3986 3223 4056 opinionis
3243 3987 3363 4044 viu-

1778 4077 1899 4131 culo
1926 4092 2031 4132 non
2061 4077 2352 4148 praeposuit
2379 4077 2611 4132 unitatis.

1848 4166 2074 4224 CAPUT
2102 4167 2190 4223 Vl.
2223 4198 2293 4208 ——
2320 4168 2371 4220 7.
2405 4166 2512 4222 Vos
2540 4167 2714 4238 itaque
2733 4209 2747 4232 ,
2779 4168 3069 4222 Donatistae
3089 4210 3103 4234 ,
3136 4167 3259 4239 quid
3288 4169 3361 4226 ad

1779 4259 1895 4314 lucc
1935 4257 2142 4313 dicitis?
2194 4257 2249 4314 Si
2297 4267 2476 4313 nostra
2519 4258 2778 4312 sententia
2808 4257 2874 4312 de
2918 4258 3189 4327 Baptismo
3233 4275 3362 4317 vera

1777 4360 1878 4416 est,
1908 4364 2094 4406 omnes
2123 4349 2210 4418 qui
2240 4348 2391 4403 aliter
2420 4348 2696 4418 sapicbant
2722 4347 2970 4418 Cypriani
3003 4348 3353 4416 temporibus,

1779 4460 1885 4500 non
1915 4453 2040 4498 sunt
2066 4442 2133 4498 ab
2173 4441 2425 4496 Ecclesia:
2454 4442 2657 4494 unitate
2687 4439 2954 4510 separati,
3009 4438 3178 4493 donec
3225 4439 3357 4495 illud

1779 4534 1921 4608 quod
1966 4534 2119 4589 aliter
2148 4540 2396 4603 saperent
2439 4533 2578 4587 Deus
2622 4531 2728 4586 illis
2763 4530 3028 4586 revelarct
3060 4549 3074 4585 :
3106 4545 3200 4585 vos
3228 4545 3361 4601 ergo

1779 4644 1945 4700 quare
1979 4627 2314 4698 separatione
2361 4626 2617 4696 sacrilega
2659 4625 2805 4696 pacis
2833 4623 3094 4678 vinculum
3122 4622 3359 4694 disrupi-

1780 4721 1911 4776 stis?
1935 4719 1987 4777 Si
2018 4729 2198 4774 autem
2225 4727 2398 4774 vestra
2420 4718 2682 4774 sententia
2709 4716 2775 4772 de
2802 4715 3070 4785 Baptismo
3097 4730 3222 4771 vera
3252 4723 3361 4784 est,

1780 4812 2074 4884 Cyprianus
2097 4820 2148 4867 et
2178 4812 2354 4866 eteteri
2397 4825 2518 4866 cum
2555 4809 2743 4879 quibus
2771 4823 2892 4863 eum
2928 4795 3031 4862 tale
3067 4806 3355 4863 concilium

1781 4904 2076 4961 celebrasse
2120 4903 2407 4974 perhibetis
2432 4944 2446 4970 ,
2487 4916 2604 4955 cum
2631 4899 2710 4956 eis
2747 4899 2834 4971 qui
2866 4899 3019 4954 aliter
3059 4899 3360 4969 sapicbant,

1781 4998 1836 5053 in
1879 4997 2080 5052 unitate
2130 5003 2440 5051 manserunt
2482 5011 2496 5046 :
2537 5007 2702 5062 quare
2745 5006 2844 5046 vos
2889 4992 3038 5063 pacis
3089 4991 3362 5048 vinculum

1781 5090 2125 5161 disrupistis?
2161 5089 2441 5158 Quodlibet
2477 5085 2667 5140 horum
2708 5085 3010 5154 elegeritis,
3032 5091 3214 5138 contra
3268 5098 3366 5139 ve-

1783 5193 1948 5241 stram
2001 5181 2368 5254 praecisionem
2410 5177 2727 5232 sententiam
2768 5176 2909 5230 ferre
2937 5175 3206 5246 cogimint.
3254 5173 3367 5228 Re-

1783 5275 2062 5347 spondete,
2089 5288 2254 5343 quare
2279 5285 2373 5325 vos
2394 5269 2723 5339 separastis?
2769 5266 2944 5334 Quare
2970 5277 3155 5322 contra
3177 5265 3364 5321 orbem

1784 5376 2044 5423 terrarum
2081 5365 2250 5419 altare
2283 5360 2566 5418 erexistis?
2608 5360 2782 5428 Quare
2820 5375 2923 5412 non
2953 5357 3360 5413 communicatis

1784 5450 2040 5507 Ecclesiis
2062 5490 2076 5515 ,
2108 5448 2297 5519 quibus
2327 5445 2591 5516 Epistolas
2614 5443 2930 5514 apostolicas
2959 5443 3149 5497 missas
3172 5439 3364 5496 tenetis

1785 5553 1840 5600 et
1862 5543 2035 5614 legitis
2053 5583 2068 5608 ,
2102 5550 2156 5596 et
2183 5538 2474 5596 secundum
2501 5537 2641 5606 ipsas
2667 5550 2760 5590 vos
2793 5533 2970 5589 vivere
2993 5531 3206 5587 dicitis?
3252 5531 3364 5587 lle-

1848 5681 1989 5791 ίῑιιὲο
2007 5689 2289 5792 revlocamus
2310 5674 2588 5741 particulam
2611 5678 2875 5737 negantem
2919 5683 3062 5733 quam
3103 5683 3363 5733 expunxe-

1848 5756 1871 5790 ιι
1948 5754 1989 5792 r.
2009 5751 2038 5787 e
2097 5752 2190 5789 ιον.

1785 5751 1892 5792 tant
1915 5751 1989 5792 ΕΓ.
2009 5751 2060 5792 οι
2083 5751 2190 5789 LOY.
