3764 6144
388 297 495 356 155

386 429 484 468 nus
505 409 646 466 bona:
665 408 916 463 memoria:
941 404 1032 470 vir,
1055 419 1168 458 cum
1205 402 1396 457 caeteris
1422 401 1730 473 coepiscopis
1758 400 1860 455 suis
1880 399 1966 470 qui

387 505 480 561 illo
507 512 725 573 tempore
749 501 801 555 in
839 497 1096 569 provincia
1133 496 1305 567 Africa
1327 504 1374 549 et
1404 493 1652 548 Numidia
1690 492 1970 547 Ecclesium

388 595 597 652 Domini
629 589 990 668 gubernabant,
1012 587 1203 653 statuit,
1228 596 1276 640 et
1307 585 1488 640 librata
1514 584 1714 639 concilii
1738 599 1968 638 commu-

390 688 468 742 nis
491 683 861 742 examinatione
887 681 1106 750 ﬁrmavit
1137 694 1157 732 :
1179 693 1395 749 quarunt
1429 677 1726 730 sententiam
1763 675 1968 745 religio-

387 794 498 834 sam
515 788 561 832 et
585 775 876 848 legitimam,
904 773 1196 835 salutarem,
1219 768 1339 838 ﬁdei
1353 777 1398 822 et
1413 766 1654 822 Ecclesia:
1674 767 1690 797 ¹
1709 766 1972 820 catholica:

388 877 759 942 congruentem,
803 881 894 920 nos
917 865 1067 919 etiam
1114 861 1269 917 secuti
1293 877 1484 915 sumus.
1502 859 1611 915 llac
1634 860 1971 915 attestatione

388 960 518 1016 satis
558 957 808 1022 ostendit,
835 955 1000 1010 multo
1026 953 1192 1024 magis
1231 966 1290 1008 se
1318 951 1480 1007 fuisse
1525 959 1971 1008 commemoratu-

388 1067 527 1116 rum,
555 1051 601 1105 si
628 1047 771 1120 quod
797 1045 865 1103 de
895 1045 992 1102 hac
1017 1060 1076 1102 re
1116 1044 1525 1101 transmarinum
1556 1043 1640 1099 vel
1668 1042 1970 1099 universale

387 1144 670 1202 concilium
701 1141 893 1196 factum
925 1147 1087 1195 esset.
1117 1136 1362 1194 Nondum
1387 1145 1562 1192 autem
1601 1134 1799 1190 factum
1827 1142 1968 1202 erat,

388 1237 510 1307 quia
549 1229 946 1290 consuetudinis
986 1228 1181 1286 robore
1207 1228 1485 1285 tenebatur
1511 1227 1656 1283 orbis
1684 1235 1966 1293 terrarum,

388 1337 443 1383 et
471 1326 585 1381 haec
625 1324 738 1380 sola
782 1321 1148 1396 opponebatur
1189 1320 1442 1378 inducere
1475 1320 1775 1378 volentibus
1811 1320 1967 1376 novi-

388 1428 549 1475 tatem
572 1458 587 1484 ,
636 1417 758 1488 quia
801 1432 906 1471 non
947 1423 1190 1486 poterant
1226 1412 1629 1485 apprehendere
1666 1412 1964 1468 veritatem.

389 1509 577 1566 Postea
626 1518 804 1563 tamen
852 1505 980 1562 dum
1024 1505 1162 1562 inter
1206 1505 1399 1561 multos
1438 1519 1505 1560 ex
1549 1513 1776 1576 utraque
1816 1510 1968 1574 parte

386 1607 643 1655 tractatur
666 1605 720 1652 et
738 1596 1012 1668 quaeritur,
1030 1609 1136 1650 non
1148 1594 1318 1650 solum
1337 1595 1546 1651 inventa
1567 1602 1669 1660 est,
1691 1592 1786 1650 sed
1803 1594 1964 1649 etiam

385 1690 453 1748 ad
481 1689 699 1762 plenarii
736 1689 946 1746 concilii
975 1687 1345 1744 auctoritatem
1389 1687 1658 1758 roburque
1683 1685 1968 1770 perducta,

384 1790 508 1854 post
531 1779 780 1853 Cypriani
804 1778 1016 1850 quidem
1060 1777 1382 1850 passionem,
1418 1776 1513 1833 sed
1541 1785 1824 1848 antequam
1863 1791 1963 1832 nos

386 1874 497 1930 nati
543 1889 783 1930 essemus
801 1871 899 1946 (a).
931 1871 1077 1927 Hanc
1114 1880 1291 1926 autem
1321 1870 1486 1926 fuisse
1527 1869 1960 1926 consuetudinem

387 1964 676 2031 Ecclesiae,
727 1979 845 2035 quze
884 1971 1067 2034 postea
1117 1961 1299 2017 multis
1343 1960 1598 2017 discussis
1651 1959 1961 2032 ambagibus

385 2063 663 2126 perspecta
675 2052 897 2109 veritate
912 2051 1151 2124 plenario
1165 2051 1391 2107 concilio
1402 2049 1715 2107 conﬁrmata
1726 2050 1961 2118 est,satis

383 2144 746 2201 ostendituret
766 2142 931 2214 ipsius
953 2142 1091 2198 beati
1114 2139 1365 2214 Cypriani
1391 2141 1571 2197 verbis
1597 2141 1650 2196 in
1679 2140 1865 2197 eadem
1892 2140 1960 2196 ad

383 2236 698 2293 Juhaianum
714 2233 960 2305 cpistola,
978 2248 1095 2305 qum
1125 2231 1178 2288 in
1205 2232 1430 2288 concilio
1456 2231 1589 2287 lecta
1613 2238 1957 2286 memoratur.

383 2327 475 2384 Ait
495 2326 635 2383 enim
659 2341 673 2380 :
697 2343 716 2376 ‹
743 2324 847 2381 Sed
876 2323 1006 2380 dicit
1028 2324 1238 2396 aliquis,
1257 2321 1393 2393 Quid
1421 2337 1550 2393 ergo
1566 2321 1655 2378 (iet
1682 2321 1749 2378 de
1777 2322 1843 2377 iis
1866 2322 1958 2394 qui

383 2419 436 2475 in
494 2416 821 2489 praeteritum
861 2414 930 2471 de
975 2415 1166 2470 haeresi
1197 2412 1265 2469 ad
1316 2413 1614 2470 Ecclesium
1659 2412 1955 2480 venientes,

379 2511 496 2566 sine
521 2511 790 2580 Baptismo
813 2507 1029 2563 admissi
1050 2506 1206 2562 sunt?
1233 2522 1252 2558 ι
1281 2503 1382 2562 Ubi
1409 2512 1555 2560 certe
1575 2503 1702 2576 quid
1726 2504 1840 2559 ﬁeri
1870 2518 1960 2560 so—

379 2603 534 2671 leret,
573 2602 673 2658 etsi
702 2616 808 2657 non
847 2601 957 2656 ﬁeri
978 2600 1156 2666 vellet,
1187 2599 1316 2655 satis
1361 2597 1620 2664 ostendit;
1649 2607 1704 2654 et
1744 2613 1812 2654 eo
1840 2599 1958 2668 ipso

377 2693 519 2768 quod
546 2692 828 2750 concilium
863 2690 1137 2763 Agrippini
1165 2699 1568 2758 commemorat,
1601 2697 1784 2760 aperte
1812 2689 1956 2745 indi-

377 2794 463 2840 cat
488 2782 650 2839 fttisse
671 2783 827 2837 aliam
843 2779 1280 2837 consuetudinem
1307 2779 1580 2835 Ecclesiae.
1606 2779 1788 2851 Neque
1811 2780 1954 2836 enim

377 2892 512 2948 opus
539 2883 652 2932 erat
680 2875 781 2930 hoc
807 2873 1032 2930 concilio
1073 2872 1210 2927 velle
1236 2879 1488 2940 statuere,
1515 2872 1561 2926 si
1580 2871 1692 2941 jam
1722 2886 1954 2928 consue-

378 2967 561 3023 tudine
587 2966 862 3022 tenebatur
892 2981 906 3018 :
937 2973 992 3019 et
1031 2963 1082 3018 in
1107 2964 1222 3034 ipso
1248 2963 1478 3018 concilio
1520 2961 1791 3019 nonnulla:
1829 2978 1953 3019 sen-

377 3058 557 3113 tentia:
585 3056 804 3112 omnino
847 3055 1142 3121 declarant,
1165 3069 1260 3110 eos
1285 3063 1471 3111 contra
1517 3055 1771 3111 Ecclesia:
1814 3070 1952 3112 con-

377 3145 710 3203 suetudinem
737 3144 1203 3216 decrcvisse,quod
1237 3143 1627 3201 decernendum
1647 3160 1767 3202 esse
1809 3145 1954 3202 arbi-

379 3238 501 3296 trati
546 3245 689 3294 sunt.
715 3237 1048 3308 Quapropter
1103 3235 1230 3292 illud
1272 3252 1436 3292 unum
1479 3237 1564 3292 isti
1611 3237 1954 3294 considerent

376 3329 517 3402 quod
537 3327 782 3384 omnibus
808 3337 952 3400 patet
983 3344 996 3382 :
1024 3328 1068 3382 si
1091 3328 1377 3382 auctoritas
1407 3327 1660 3400 Cypriani
1682 3329 1954 3399 sequenda

375 3433 478 3491 est,
506 3422 673 3494 magis
700 3438 816 3479 eam
847 3421 1170 3494 sequendam
1195 3436 1314 3477 esse
1342 3421 1394 3476 in
1423 3420 1624 3477 unitate
1666 3422 1950 3490 servanda,

376 3531 536 3587 quam
557 3515 610 3570 in
629 3514 876 3570 Ecclesia:
891 3513 1272 3570 consuetudine
1289 3513 1658 3569 commutanda
1676 3530 1690 3580 ;
1709 3514 1755 3569 si
1775 3523 1951 3570 autem

375 3606 657 3663 concilium
683 3606 800 3675 ejus
828 3604 1136 3669 attenditur,
1180 3604 1302 3659 huic
1329 3619 1448 3660 esse
1477 3605 1738 3660 universas
1763 3605 1950 3662 Eccle-

374 3701 468 3757 sia:
493 3697 754 3770 posterius
769 3696 1050 3752 concilium
1071 3695 1671 3767 prmponendum,cujus
1695 3711 1754 3752 se
1779 3712 1953 3752 mem-

375 3791 530 3847 brum
556 3802 674 3844 esse
701 3785 995 3856 gaudebat;
1026 3794 1080 3841 et
1104 3794 1156 3840 ut
1179 3801 1237 3842 se
1266 3787 1320 3840 in
1345 3785 1507 3840 totius
1534 3787 1773 3857 corporis
1799 3802 1950 3843 com-

376 3898 508 3957 page
530 3879 805 3937 retinenda
816 3879 994 3935 cmteri
1020 3879 1369 3944 imitarentur,
1385 3879 1578 3950 smpius
1605 3879 1946 3936 admonebat.

373 3977 505 4034 Nam
535 3983 588 4030 et
615 3972 838 4030 concilia
867 3970 1163 4042 posteriora
1204 3971 1470 4041 prioribus
1513 3971 1651 4043 apud
1703 3981 1946 4042 posteros

374 4068 810 4142 prmponuntur’,
841 4074 896 4122 et
937 4064 1238 4121 universum
1286 4063 1524 4135 partibus
1576 4079 1789 4136 semper
1827 4065 1948 4136 jure

374 4160 574 4232 optimo
602 4155 948 4230 praeponitur.

434 4315 452 4346 ι
479 4311 668 4376 aliquot
707 4317 837 4370 ltss.,
869 4308 985 4374 ﬁdei
1006 4309 1118 4374 quia
1159 4307 1402 4360 Ecclesia.
1439 4308 1652 4369 Quidam,
1693 4308 1811 4375 ﬁdei
1854 4320 1944 4362 Ec-

433 4435 1196 4507 ξδ’θξὶωιιίθιεεηπηξροηεηεξα-
1351 4496 1362 4507 .
1407 4506 1410 4507 ν
1552 4500 1590 4507 .,

433 4499 507 4562 (a)
539 4497 806 4562 Plenarium
829 4495 1253 4562 iStud'concilium,
1287 4496 1426 4557 cujus
1461 4495 1744 4562 auctoritate
1776 4497 1948 4562 nititur

565 4559 920 4625 hocinopere,
944 4562 1027 4606 aut
1033 4556 1327 4625 Arelatense
1349 4556 1443 4615 est,
1469 4563 1552 4606 aut
1571 4557 1809 4625 Nipaenum
1825 4571 1840 4618 ;
1857 4559 1948 4610 hoc

369 4616 558 4673 scilicet
577 4619 686 4680 525,
712 4616 827 4669 illud
849 4625 1012 4668 autem
1033 4616 1126 4666 3H
1149 4618 1318 4667 Christi
1341 4630 1484 4682 anno,
1522 4625 1574 4666 et
1595 4618 1666 4666 sic
1687 4616 1946 4682 antequam

371 4677 682 4746 Augustinus:
699 4687 1010 4746 nasceretur,
1055 4684 1317 4746 utrumque
1359 4677 1678 4746 celebratum.
1727 4677 1944 4740 Ejusdem

370 4739 560 4797 concilii
574 4743 804 4805 judicium
827 4739 1131 4805 commendat
1168 4739 1369 4805 inlier
1401 4739 1810 4805 secundoucontra
1841 4749 1946 4792 Par.

368 4799 665 4863 menianum,
688 4817 797 4865 cap.
818 4803 969 4865 157,,n.
991 4801 1080 4865 30;
1101 4801 1152 4850 in
1184 4799 1308 4850 libro
1340 4801 1404 4865 de
1432 4801 1944 4865 ﬂeresibusLhaercsi

367 4867 459 4928 69;
485 4872 541 4936 e_t_
555 4867 605 4914 in
628 4862 832 4936 cpistola
854 4864 932 4921 43,
956 4865 1015 4936 ad
1035 4863 1243 4936 Glorium
1266 4869 1318 4912 et
1335 4862 1592 4936 Eleusium,
1611 4863 1776 4935 cap.7,
1795 4877 1844 4936 n.
1865 4865 1940 4936 ξιξ).

370 4923 459 4979 Pro
491 4927 574 4976 illa
593 4923 825 4988 Opinione
839 4924 1251 4988 qum_Arelatense
1272 4923 1524 4988 concilium
1543 4923 1738 4988 semper
1761 4925 1943 4976 intelli-

369 4989 586 5055 gendum
604 4984 940 5059 putat,'placet
961 4984 1088 5036 locos
1106 4987 1326 5059 indicare.
1338 4986 1583 5059 quosdam,
1606 4987 1655 5034 in
1678 4987 1940 5059 ipsa‘quam

371 5047 580 5117 ioannes
603 5047 840 5098 Launoius
859 5060 1006 5117 super
1029 5061 1089 5098 ea
1122 5062 1178 5117 re
1202 5047 1627 5117 luculentissimam
1651 5047 1942 5117 ediditJdis-

370 5114 637 5173 certatione
672 5108 1037 5173 praetermissos,
1081 5110 1256 5172 quibus
1293 5117 1453 5160 tamen
1498 5108 1616 5159 locis
1653 5110 1942 5173 Augustinus

373 5169 630 5237 episcOpali
653 5169 840 5244 cuidam
857 5171 1051 5244 judicio,
1073 5169 1171 5244 quo
1188 5169 1748 5244 Donatistastractatact
1771 5171 1942 5234 dijudi-

369 5231 476 5286 cata
499 5231 666 5296 eorum
690 5231 774 5296 lite
795 5231 1008 5296 superati
1030 5231 1161 5290 sunt,
1185 5233 1332 5296 totius
1352 5233 1484 5283 orbis
1504 5231 1838 5296 auctoritatem
1867 5243 1941 5287 at-

369 5297 554 5350 tribuit.
580 5301 629 5344 tn
652 5293 776 5344 libro
794 5293 961 5345 contra
989 5294 1353 5357 Parmenianuni
1370 5295 1530 5353 tertio,
1569 5306 1672 5357 cap.
1698 5294 1748 5355 4,
1787 5309 1835 5344 n.
1861 5297 1938 5357 21,

375 5378 399 5407 ι
420 5357 670 5418 Quosdam,
694 5371 717 5420 ρ
743 5359 1072 5420 ait,_cpaueos
1093 5355 1141 5403 in
1153 5353 1305 5420 _Africa
1326 5353 1691 5420 damnaverunt,
1714 5353 1941 5420 aquibus

376 5439 399 5468 ι
423 5421 570 5490 to_t_i_us
599 5419 730 5490 orbis
755 5417 933 5490 judicio
953 5417 1166 5490 spperati
1187 5424 1300 5488 sunt
1318 5431 1330 5464 :
1348 5433 1376 5490 ρ
1419 5417 1646 5480 additque
1677 5417 1941 5490 catholicos

378 5500 400 5528 ι
418 5481 595 5532 talibus
627 5478 1228 5542 iudicibusecclesiasticis
1248 5478 1472 5542 credere,
1497 5478 1640 5542 quam
1663 5481 1804 5531 victis
1841 5480 1938 5532 liti-

378 5563 400 5590 ι
424 5539 669 5607 gatoribus
689 5557 711 5586 ι
741 5539 986 5607 maluisse.
1014 5546 1062 5607 t_n
1086 5539 1417 5607 eodem‘lihro,
1437 5539 1542 5607 cap.
1568 5541 1615 5607 (ξ,
1640 5555 1690 5590 n.
1708 5542 1786 5607 30,
1824 5543 1941 5594 dicit

369 5601 650 5662 Dobatistas,
675 5602 805 5665 quod
830 5619 854 5647 ι
875 5602 938 5665 ab
957 5601 1144 5651 unitate
1163 5601 1332 5665 Christi
1354 5601 1556 5650 schisma
1580 5601 1802 5663 fecerint,
1841 5618 1938 5655 non

374 5686 398 5713 ι
421 5662 746 5730 trecentorum
765 5670 834 5730 _e_t
868 5662 1041 5730 decem
1063 5681 1086 5708 ν
1129 5662 1446 5730 Africanorum
1487 5671 1538 5714 et
1575 5662 1936 5730 episcoporum,

377 5744 402 5774 ο
423 5727 510 5778 sed
533 5727 680 5776 totius
711 5726 840 5776 orbis
865 5726 1146 5774 auctoritate
1170 5725 1402 5775 convinci.
1428 5742 1449 5771 ι»
1480 5725 1717 5777 Praeterea
1741 5725 1788 5778 in
1814 5729 1936 5780 libro

1117 289 1204 344 DE
1242 237 1579 343 DAPTISMO
1613 282 1890 341 CONTRA
1929 278 2373 352 DONATISTAS,
2412 282 2473 342 S.
2510 285 2883 344 AUGUSTINI

3549 299 3664 358 136

2145 397 2370 455 CAPUT
2397 399 2628 458 X.—-15.
2647 402 2783 472 Quid
2799 413 2977 461 autem
2995 415 3156 478 agunt
3171 407 3281 477 isti,
3294 423 3418 466 cum
3438 411 3672 470 docetur

2074 499 2291 546 sanctus
2311 494 2606 564 Cyprianus
2622 538 2638 561 ,
2670 497 2877 554 etiamsi
2902 515 3009 554 non
3039 501 3253 560 admisit
3278 505 3332 561 in
3354 504 3548 564 haeresi
3573 509 3670 566 vel

2076 579 2358 639 schismate
2383 585 2696 655 baptizatos,
2722 598 2903 646 tamen
2929 594 3354 653 communicasse
3379 597 3666 656 admitten-

2079 671 2236 740 tibus,
2267 674 2408 744 quod
2428 677 2762 745 apertissime
2790 680 3100 751 declaravit,
3128 684 3312 743 dicens
3346 705 3360 743 :
3388 688 3665 747 Neminem

2069 762 2356 831 judicantes
2375 805 2390 832 ,
2423 776 2510 821 aut
2533 784 2565 822 a
2579 770 2704 840 jure
2742 774 3106 830 communionis
3145 778 3396 849 aliquem,
3425 782 3471 836 si
3493 785 3666 840 diver-

2074 869 2186 908 sum
2209 858 2441 922 senserit,
2467 869 2748 914 amoventes
2774 859 2864 934 (In
2892 865 3106 921 concilio
3143 864 3533 942 Carthaginensi
3556 891 3667 930 rne-

2075 956 2269 1000 morato
2295 965 2468 1019 supra,
2497 967 2612 1021 cap.
2639 951 2695 1023 2)
2715 952 2739 1006 ἲ
2763 953 2819 1008 Si
2851 955 3032 1012 talium
3071 963 3449 1020 communione
3475 981 3668 1024 macu-

2075 1036 2212 1094 latus
2235 1048 2336 1107 est,
2363 1055 2457 1095 cur
2476 1041 2531 1098 in
2561 1044 2833 1101 tractando
2853 1045 3124 1118 Baptismo
3143 1051 3262 1121 ejus
3283 1057 3663 1115 auctoritatem

2073 1131 2387 1186 sectantur?
2411 1132 2470 1188 Si
2495 1144 2673 1190 autem
2716 1136 2898 1194 talium
2940 1144 3316 1202 communione
3357 1149 3663 1208 maculatus

2074 1236 2182 1277 non
2207 1231 2307 1288 est,
2335 1240 2431 1280 cur
2457 1227 2510 1281 in
2547 1227 2746 1284 unitate
2771 1230 3050 1287 retinenda
3075 1237 3379 1308 exemplum
3401 1239 3521 1311 ejus
3550 1259 3664 1300 non

2073 1313 2378 1372 imitantur?
2414 1317 2681 1391 Numquid
2721 1320 2807 1378 hic
2855 1330 3057 1391 restat,
3087 1326 3188 1383 nisi
3232 1339 3291 1386 ut
3333 1331 3539 1403 dicant,
3570 1335 3664 1393 Sic

2072 1407 2356 1465 volumus?
2377 1409 2513 1478 Quid
2533 1411 2675 1467 aliud
2701 1415 2933 1471 sermoni
2959 1417 3199 1474 veritatis
3216 1419 3549 1496 justititeque
3568 1443 3660 1484 re-

2071 1499 2334 1570 Spondent
2375 1517 2563 1560 omnes
2627 1503 2875 1578 ﬂagitiosi
2934 1518 2988 1565 et
3046 1510 3331 1570 facinerosi
3384 1516 3656 1590 homines,

2071 1590 2360 1662 luxuriosi,
2387 1595 2606 1664 ebriosi,
2638 1597 2898 1668 adulteri,
2922 1610 2976 1657 et
3000 1602 3173 1658 modis
3205 1607 3452 1666 omnibus
3478 1610 3659 1682 impu-

2069 1683 2171 1740 dici
2191 1726 2206 1753 ,
2236 1685 2379 1742 fures
2400 1729 2414 1754 ,
2443 1699 2715 1758 raptores,
2749 1689 3062 1761 homicidae,
3088 1693 3350 1766 latrones,
3381 1700 3613 1758 maleﬁci
3635 1725 3668 1772 ,*

2069 1775 2381 1846 idololatrm,
2412 1780 2535 1850 quid
2557 1780 2698 1837 aliud
2725 1783 3049 1854 respondent
3070 1801 3190 1842 cum
3213 1803 3308 1846 eos
3331 1792 3533 1848 veritas
3564 1811 3654 1851 ar-

2067 1868 2200 1938 guit,
2223 1869 2344 1935 nisi,
2377 1871 2488 1927 Hoc
2516 1873 2656 1941 volo,
2684 1872 2786 1929 hoc
2806 1891 2892 1931 me
2907 1876 3174 1934 delectat?
3199 1881 3268 1937 Et
3291 1882 3337 1937 si
3357 1883 3656 1944 christiano

2068 1958 2216 2014 tincti
2242 1969 2364 2015 sunt
2392 1963 2606 2019 nomine
2629 2005 2643 2031 ,
2673 1964 2856 2022 dicunt
2881 1968 3040 2023 etiam
3059 2009 3076 2037 ,
3108 1968 3187 2025 Tu
3211 1972 3322 2042 quis
3342 1989 3395 2029 es
3413 2015 3428 2041 ,
3451 1977 3540 2044 qui
3555 1979 3653 2049 ju-

2065 2049 2201 2104 dice:
2223 2051 2446 2106 alienum
2471 2069 2666 2109 servum
2697 2055 2870 2130 (Rom.
2903 2075 2990 2114 xrv
3011 2100 3026 2127 ,
3054 2059 3110 2133 4)
3130 2062 3153 2115 ?
3176 2062 3559 2124 Verumtamen
3585 2087 3654 2127 eo

2064 2150 2189 2194 sunt
2216 2139 2304 2195 isti
2331 2141 2702 2212 modestiores,
2735 2147 2857 2217 quia
2883 2162 3004 2204 cum
3027 2150 3230 2222 legibus
3255 2153 3451 2212 divinis
3471 2167 3530 2214 et
3554 2158 3655 2217 hn-

2064 2233 2236 2287 manis
2278 2233 2475 2305 aliquid
2525 2249 2802 2307 pmnarum
2847 2255 2943 2310 pro
2989 2243 3101 2298 suis
3143 2245 3363 2315 perditis
3406 2251 3654 2308 moribus

2063 2323 2320 2396 lactisque
2346 2327 2618 2398 patiuntur
2637 2371 2652 2396 ,
2676 2345 2782 2387 non
2808 2347 2868 2389 se
2895 2345 3154 2408 martyres
3178 2337 3364 2398 dicunt
3391 2359 3406 2395 :
3438 2343 3527 2399 isti
3550 2361 3651 2402 au-

2065 2424 2172 2470 tem
2215 2417 2370 2472 simul
2417 2418 2616 2476 habere
2657 2422 2844 2478 volunt
2882 2433 2937 2480 et
2982 2429 3358 2502 sacrilegorum
3399 2435 3567 2491 vitam
3597 2449 3655 2496 et

2065 2506 2428 2564 innocentium
2472 2509 2692 2580 famam,
2739 2523 2795 2569 et
2843 2515 2897 2571 in
2922 2517 3195 2576 sceleratis
3247 2521 3400 2580 factis
3445 2528 3650 2585 nullam

2063 2614 2275 2670 poenam
2300 2604 2426 2659 etin
2455 2605 2626 2674 pmnis
2663 2607 2821 2678 justis
2858 2619 3150 2683 martyrum
3195 2616 3422 2686 gloriam
3451 2637 3465 2674 :
3495 2625 3649 2692 quasi

2061 2709 2170 2749 non
2198 2704 2344 2752 tanto
2365 2697 2436 2753 sit
2458 2713 2580 2770 erga
2608 2700 2728 2757 illos
2754 2702 2926 2774 major
2952 2705 3320 2766 misericordia
3360 2721 3415 2768 et
3439 2716 3651 2784 patien-

2064 2784 2135 2840 tia
2163 2786 2296 2856 Dei,
2319 2799 2515 2859 quanto
2543 2793 2711 2863 magis
2739 2808 2833 2849 eos
2862 2797 3098 2866 partibus
3122 2801 3416 2872 corripiens
3446 2807 3542 2862 dat
3565 2807 3650 2864 lo-

2061 2891 2181 2932 cum
2211 2879 2540 2949 paenitentia:
2568 2882 2726 2955 (Sap.
2755 2901 2864 2952 xu,
2891 2885 3002 2960 10),
3031 2891 3158 2945 etin
3178 2890 3279 2948 hac
3303 2895 3410 2950 vita
3438 2895 3649 2968 ﬂagella

2061 2967 2393 3038 ingeminare
2423 2987 2528 3028 non
2555 2986 2758 3042 cessat;
2784 2987 2841 3032 ut
2860 2981 3260 3041 considerantes
3287 3001 3408 3057 qum
3439 2967 3652 3060 patian-

2061 3068 2148 3116 tur
2186 3070 2240 3117 ct
2265 3078 2429 3133 quare
2457 3067 2744 3138 patiantur,
2766 3070 3054 3143 aliquando
3089 3077 3405 3149 resipiscant
3427 3098 3444 3136 :
3469 3093 3526 3138 et
3557 3086 3649 3156 qui

2055 3152 2164 3224 jam
2190 3169 2288 3225 pro
2317 3155 2519 3214 unitate
2558 3158 2748 3215 Donati
2781 3161 3285 3223 Maximianistarum
3313 3152 3649 3242 Baptismum

2058 3257 2394 3318 receperunt,
2414 3266 2510 3320 pro
2526 3267 2653 3322 pace
2667 3252 2861 3310 Christi
2877 3256 3021 3313 orbis
3039 3267 3296 3317 terrarum
3313 3261 3649 3334 Baptismum

2058 3341 2233 3410 potius
2253 3343 2661 3413 amplectantur,
2690 3347 2981 3406 reddantur
3009 3352 3209 3422 radici,
3235 3357 3652 3417 reconcilientur

2058 3432 2281 3502 unitati,
2311 3434 2530 3491 videant
2566 3437 2698 3493 nihil
2740 3440 2843 3496 sibi
2886 3446 3208 3502 remansisse
3247 3450 3386 3519 quod
3425 3451 3649 3521 dicant,

2057 3523 2152 3578 sed
2175 3532 2350 3581 tamen
2394 3529 2718 3586 remansisse
2738 3532 2878 3601 quod
2908 3534 3134 3600 faciant,
3169 3547 3226 3592 ut
3253 3555 3348 3608 pro
3368 3539 3528 3598 factis
3554 3559 3653 3601 eo-

2058 3628 2176 3667 rum
2204 3617 2486 3683 prmteritis
2514 3621 2830 3676 sacriﬁcium
2857 3622 3156 3681 dilectionis
3176 3628 3431 3686 oll'eratur
3459 3635 3649 3703 placa-

2057 3704 2151 3760 bili
2174 3705 2303 3773 Deo,
2332 3706 2484 3776 cujus
2511 3711 2768 3766 unitatem
2801 3712 3006 3770 nefario
3029 3717 3235 3773 scelere
3259 3719 3614 3792 disruperunt
3633 3768 3648 3794 ,

2057 3799 2209 3866 cujus
2236 3798 2593 3857 Sacramentis
2621 3813 2725 3858 tam
2750 3804 3026 3862 diuturnas
3053 3809 3270 3879 injurias
3315 3813 3647 3886 irrogaan

2057 3889 2354 3946 Misericors
2377 3901 2459 3947 est
2487 3894 2631 3949 enim
2667 3905 2720 3950 et
2761 3897 3042 3954 miserator
3072 3900 3325 3958 Dominus
3348 3945 3365 3972 ,
3394 3907 3648 3978 longani-

2056 3980 2159 4036 mis
2187 3991 2239 4036 et
2263 3983 2487 4037 multum
2516 3985 2818 4042 misericors
2842 3997 2893 4043 et
2923 4004 3085 4045 verax
3112 3991 3264 4063 (Ptol
3289 4009 3380 4060 cn,
3403 3997 3652 4068 8).,Am-

2055 4075 2352 4144 plectantur
2381 4077 2432 4131 in
2459 4077 2708 4146 praesenti
2742 4080 2843 4134 vita
2868 4081 3266 4139 misericordem
3308 4095 3364 4142 et
3391 4067 3647 4160 longani-

2055 4182 2232 4235 mem,
2265 4176 2320 4222 et
2346 4167 2566 4224 timeant
2593 4168 2646 4223 in
2690 4170 2860 4225 futura
2901 4188 3169 4230 veracem.
3197 4175 3312 4232 Non
3355 4180 3470 4235 vult
3494 4183 3645 4240 enim

2054 4268 2280 4315 mortem
2309 4260 2474 4330 impii,
2499 4268 2753 4331 quantum
2785 4269 2843 4317 ut
2861 4273 3160 4321 revertatur
3178 4277 3231 4323 et
3255 4270 3398 4325 vivat
3419 4270 3643 4344 (Eucti.

2053 4363 2241 4416 χχχιιι,
2269 4347 2355 4422 ll)
2387 4367 2399 4403 :
2427 4349 2549 4420 quia
2571 4351 2891 4408 sententiam
2926 4354 3368 4416 ﬂectitadversus
3405 4361 3640 4433 injurias

2053 4438 2334 4509 irrogatas.
2363 4439 2488 4495 Haec
2511 4449 2594 4497 est
2611 4449 2790 4497 nostra
2815 4442 3134 4501 exhortatio.

2124 4529 2348 4584 CAPUT
2371 4528 2460 4584 XI.
2481 4560 2553 4571 --
2571 4531 2657 4587 l6.
2680 4531 2904 4603 Propter
2933 4535 3034 4590 hoc
3054 4550 3148 4591 eos
3175 4537 3438 4597 habemus
3459 4542 3644 4601 inimio

2051 4635 2162 4686 cos,
2187 4621 2307 4691 quia
2337 4637 2461 4676 vera
2505 4622 2766 4690 dicimus,
2796 4625 2917 4696 quia
2945 4634 3124 4684 tacere
3161 4631 3449 4688 metuimus
3467 4677 3483 4702 ,
3513 4638 3644 4706 quia

2051 4726 2264 4766 cessare
2305 4712 2372 4766 ab
2410 4711 2656 4768 instantia
2688 4726 2880 4786 quanta
2923 4732 3208 4786 possumus
3245 4722 3602 4784 formidamus
3624 4769 3642 4796 ,

2051 4801 2172 4871 quia
2208 4801 2641 4872 obtemperamus
2679 4806 2933 4876 Apostolo
2974 4807 3208 4877 dicenti,
3259 4812 3503 4870 Praedico
3524 4833 3643 4873 ur.

2051 4896 2170 4949 bum
2189 4935 2203 4960 ,
2236 4895 2370 4948 insta
2392 4905 2672 4965 opportune
2695 4938 2709 4963 ,
2739 4897 3022 4968 importune
3041 4918 3061 4967 ;
3081 4918 3239 4974 argue
3261 4947 3276 4971 ,
3310 4905 3535 4974 hortare,
3556 4911 3646 4966 in.

2048 5003 2201 5056 crepa
2230 4985 2295 5059 (ll
2328 4986 2457 5040 Tim.
2488 5003 2561 5052 tv,
2587 4987 2666 5058 2).
2694 4988 2821 5054 Sed,
2843 4990 2981 5046 sicut
3004 4992 3350 5066 Evangelium
3375 4998 3643 5072 loquitur,

2049 5079 2275 5149 diligunt
2299 5078 2523 5149 gloriam
2544 5077 2818 5134 hominum
2840 5083 3005 5152 magis
3030 5099 3189 5154 quam
3211 5087 3305 5143 Dei
3329 5088 3517 5160 (Joan.
3539 5109 3643 5162 xn,

2047 5171 2162 5242 45),
2186 5180 2242 5227 et
2266 5170 2392 5226 dum
2419 5169 2770 5239 reprehendi‘
2793 5171 2860 5226 ad
2898 5180 3106 5245 tempus
3137 5176 3362 5246 timent,
3389 5182 3642 5242 damnari

2047 5331 2206 5397 primo
2232 5334 2396 5397 contra
2419 5325 2662 5397 eumdem,
2699 5339 2804 5390 cap.
2829 5327 2877 5397 ϐ,
2913 5329 3086 5391 refert,
3122 5333 3268 5395 ipsos,
3307 5335 3436 5387 facto
3473 5339 3642 5391 Arela-

2046 5388 2605 5455 iensijudic‘io,__venisse
2622 5388 2792 5438 rursus
2811 5388 2873 5440 ad
2898 5388 3278 5455 Constantinum,
3305 5405 3358 5447 et
3396 5401 3464 5449 ibi
3490 5388 3645 5453 misse

2055 5450 2271 5527 autem?
2311 5450 2941 5527 judiciolnguperatlospid
2984 5461 3079 5515 est,
3107 5450 3482 5527 uegiotaninx
3535 5450 3642 5527 ειςίι

2047 5513 2167 5583 stola
2201 5509 2377 5583 ad
2411 5509 2694 5583 ριονίυιμι
2730 5509 2991 5583 meum.
3030 5509 3139 5583 ρέιρ.
3175 5520 3225 5578 τ,
3269 5534 3319 5570 ιι.
3363 5509 3481 5583 eo;
3511 5509 3642 5574 as.

2045 5576 2213 5686 ξι]ῃῶιὶ
2241 5568 2348 5634 316,
2376 5574 2444 5621 uti
2479 5583 2542 5620 ex
2579 5568 2702 5620 libro
2737 5582 2847 5635 post.
2877 5568 3346 5645 Collatiodem,'
3368 5568 3462 5644 ἒξ
3497 5568 3645 5637 iit—El:

2067 5651 2130 5686 uzt
2187 5651 2228 5685 r.

2067 5638 2228 5700 igitur.

2112 5729 2127 5758 ¹
2157 5733 2203 5775 ιη
2228 5733 2350 5785 Mss,
2375 5730 2419 5776 et
2445 5724 2761 5789 reprehendi;
2784 5726 2981 5789 omisso,
2999 5725 3133 5778 dum.
