3764 6140
59 283 141 340 ιδῚ
291 327 294 330 .
1359 264 1564 321 LIBER
1599 263 1638 322 S

1798 260 1972 319 IDUS.

55 401 98 454 in
116 389 497 462 sempiternum
545 397 650 439 non
691 381 898 437 timent.
933 377 1128 435 Vident
1172 376 1334 433 etiam
1360 376 1460 447 ipsi
1487 375 1614 446 quid

55 487 162 546 mali
197 483 390 539 faciant
413 519 430 546 ,
458 476 641 532 vident
667 487 771 529 non
812 487 932 528 esse
966 468 1094 543 quid
1136 468 1354 524 omnino
1391 482 1618 538 respon-

57 582 232 638 deant:
257 572 351 631 sed
381 569 606 628 nebulas
634 564 893 637 imperitis
913 561 1214 628 offundunt,
1242 574 1363 616 cum
1396 558 1495 629 ipsi
1515 557 1622 613 vivi

60 675 368 734 sorbeantur,
401 665 458 720 id
486 673 588 729 est,
615 659 846 716 scientes
877 666 931 713 et
954 663 1304 728 agnoscentes
1333 653 1616 708 intereant.

62 767 291 823 Viderunt
307 760 534 815 horrere
553 753 820 818 homines,
844 759 898 806 et
919 749 1154 822 graviter
1174 744 1449 812 detestari,
1478 744 1622 815 quod

61 860 197 915 etiam
221 871 276 911 se
301 851 402 923 ipsi
424 851 478 904 in
495 846 659 904 multa
677 844 966 900 schismata
983 840 1301 906 diviserunt,
1315 844 1371 893 et
1385 835 1618 891 maxime

63 953 102 1006 in
129 946 310 1003 Africa:
337 942 518 1013 capite
537 947 593 995 et
615 935 896 992 notissima
923 931 1137 988 civitate
1157 927 1472 999 Carthagine
1505 925 1582 1000 (a)
1608 942 1622 979 :

63 1039 212 1096 conati
235 1045 357 1092 sunt
375 1032 639 1090 resarcire
660 1027 893 1085 dedecus
925 1037 1222 1097 pannorum
1253 1035 1494 1076 suorum.
1518 1017 1621 1072 Pu-

65 1140 210 1186 tantes
246 1125 386 1200 quod
432 1129 654 1196 possent
692 1116 1111 1175 Maximianistas
1142 1111 1388 1178 auferre,
1430 1123 1623 1182 magno

66 1231 231 1278 conatu
252 1235 344 1290 per
367 1217 621 1287 Optatum
651 1209 1024 1270 Gildonianum
1054 1204 1261 1262 fortiter
1285 1202 1619 1264 institerunt,

68 1315 204 1370 multa
232 1312 334 1367 illis
378 1306 520 1365 mala
557 1314 610 1362 et
638 1302 1032 1376 persecutiones
1069 1297 1390 1355 srevissimas
1428 1292 1624 1349 intule-

71 1418 182 1463 runt.
228 1405 568 1474 Receperunt
613 1397 737 1454 inde
761 1395 1005 1465 aliquos,
1036 1398 1284 1463 putantes
1315 1387 1457 1460 quod
1499 1399 1624 1456 pos-

69 1507 166 1554 sent
191 1509 373 1552 omnes
398 1491 591 1550 eodem
630 1498 836 1544 terrore
860 1482 1098 1542 converti
1123 1500 1135 1536 :
1169 1482 1252 1537 his
1288 1489 1464 1535 autem
1491 1491 1626 1549 quos

72 1596 384 1660 receperunt,
415 1583 706 1638 noluerunt
745 1578 921 1633 facere
963 1574 1210 1642 iniuriam
1236 1614 1250 1638 ,
1283 1579 1342 1627 ut
1373 1570 1442 1626 ab
1470 1570 1549 1626 eis
1573 1568 1626 1623 in

72 1682 324 1737 schismate
353 1676 652 1748 baptizatos
681 1672 858 1728 denuo
879 1668 1230 1738 baptizarent,
1253 1663 1339 1722 vel
1361 1663 1536 1735 potius
1561 1660 1628 1716 ab

75 1775 139 1829 his
160 1772 278 1845 ipsis
299 1766 620 1838 rebaptizari
651 1778 745 1820 eos
788 1760 1027 1816 facerent
1059 1759 1230 1816 intus.
1259 1771 1290 1811 a
1318 1755 1510 1826 quibus
1536 1753 1630 1808 ba-

74 1865 223 1936 ptizati
249 1869 401 1918 erant
424 1859 577 1922 loris,
605 1865 764 1926 atque
797 1852 899 1908 hoc
924 1849 1086 1908 modo
1110 1865 1220 1906 sum
1249 1846 1464 1902 nefariae
1501 1858 1628 1900 con-

75 1956 302 2015 suetudini
321 1952 784 2026 prmscripserunt.
803 1946 1051 2004 Sentiunt
1070 1957 1228 2015 quam
1249 1940 1505 1996 scelerate
1521 1937 1628 2006 iatn

77 2051 272 2116 faciant,
296 2055 518 2117 recepto
539 2042 812 2113 Baptismo
852 2035 1361 2093 Maximianistarum
1381 2075 1396 2099 ,
1430 2030 1630 2086 violare

79 2145 371 2216 Baptismum
413 2139 562 2195 orbis
593 2147 877 2192 terrarum.
917 2130 1022 2188 Sed
1052 2131 1240 2186 timent
1277 2125 1631 2196 rebaptizatos

79 2251 210 2304 suos,
234 2250 298 2291 ne
333 2233 473 2289 forte
518 2245 627 2285 non
670 2227 748 2283 eis
781 2231 1001 2298 parcant
1023 2265 1038 2290 ,
1077 2222 1119 2278 si
1151 2220 1252 2291 ipsi
1299 2217 1634 2290 pepercerint

81 2326 290 2394 ceteris;
315 2340 385 2381 ne
424 2323 497 2380 de
545 2321 651 2376 illis
685 2319 898 2389 exigant
938 2316 1142 2372 animas
1178 2328 1303 2370 suas
1326 2352 1341 2377 ,
1363 2312 1410 2368 si
1429 2309 1634 2365 animas

81 2420 269 2475 aliormi
292 2415 562 2473 trucidare
588 2409 936 2470 cessaverint.

137 2509 338 2568 CAPUT
361 2507 483 2565 XII.
515 2535 585 2547 ——
614 2505 701 2560 l7.
727 2501 862 2570 Quid
884 2500 952 2557 de
973 2497 1202 2569 receptis
1231 2492 1635 2552 Maximianistis

84 2601 440 2674 respondeant,
487 2612 600 2653 non
628 2593 920 2652 inveniunt.
952 2589 1008 2647 Si
1063 2587 1329 2653 dixerint,
1378 2585 1638 2640 Innocen-

85 2703 149 2750 tes
179 2691 468 2764 recepimus
503 2707 518 2744 :
575 2683 926 2757 respondetur
973 2682 1051 2737 eis
1073 2722 1090 2749 ,
1139 2680 1278 2750 Ergo
1328 2678 1639 2732 innocentes

87 2786 460 2843 damnaveratis.
510 2780 572 2838 Si
604 2778 857 2844 dixerint,
912 2771 1289 2831 Nesciebamus
1331 2770 1511 2841 :Ergo
1563 2776 1638 2824 te-

89 2896 208 2937 mere
227 2877 500 2949 iudicastis
521 2875 626 2945 (sic
653 2872 814 2929 etiam
843 2869 911 2925 de
941 2864 1285 2922 traditoribus
1311 2860 1630 2918 sententiam

91 2971 388 3028 temerariam
419 2963 788 3040 protulistis);
816 2959 1113 3029 falsumque
1141 2953 1347 3011 dixistis
1366 2994 1381 3018 ,
1413 2949 1642 3006 Plenarii

91 3065 255 3120 concilii
274 3081 357 3119 ore
375 3061 597 3118 veridico
619 3059 881 3112 damnatos
907 3069 1012 3111 esse
1038 3050 1320 3124 cognoscite
1344 3046 1435 3118 (In
1453 3046 1644 3119 Bagai-

93 3159 175 3213 lani
195 3158 383 3213 concilii
417 3150 721 3219 sententia).
749 3148 932 3219 Neque
968 3145 1109 3202 enim
1142 3158 1238 3200 ore
1282 3140 1518 3197 veridico
1560 3139 1642 3194 in-

93 3259 314 3307 nocentes
365 3246 612 3305 damnari
658 3249 964 3315 potuerunt.
1007 3238 1062 3295 Si
1092 3236 1342 3298 dixerint,
1389 3233 1505 3289 Non
1549 3247 1644 3288 eos

95 3344 426 3399 damnavimus
457 3360 470 3395 :
504 3337 760 3395 recitatur
779 3332 1084 3396 concilium,
1108 3329 1398 3384 recitantur
1425 3324 1641 3379 nomina

95 3447 138 3492 et
157 3437 514 3509 episcoporum
553 3441 609 3490 et
652 3430 942 3487 civitatum.
990 3426 1045 3481 Si
1090 3422 1342 3490 dixerint,
1396 3419 1510 3474 Non
1563 3426 1647 3473 est

96 3532 240 3602 ipsum
263 3530 548 3588 concilium
573 3535 815 3582 nostrum
850 3541 864 3578 :
895 3521 1189 3578 recitantur
1218 3516 1380 3573 Gesta
1411 3526 1640 3583 procon-

97 3625 281 3691 sularia,
322 3623 410 3680 ubi
436 3638 549 3679 non
579 3617 746 3676 semel
782 3615 920 3672 idem
948 3611 1230 3669 concilium
1261 3607 1642 3678 allegaverunt,

99 3724 142 3770 ut
161 3715 358 3772 eosdem
385 3709 810 3770 Maximianistas
847 3706 914 3762 de
945 3703 1176 3761 basilicis
1205 3699 1566 3763 excluderent,
1594 3705 1648 3752 et

99 3807 376 3878 iudiciorum
409 3806 640 3878 strepitu
677 3812 838 3874 atque
862 3799 1180 3856 auxiliorum
1205 3796 1404 3865 impetu
1434 3799 1644 3863 protur-

101 3898 272 3955 barent.
300 3899 355 3956 Si
381 3896 655 3960 dixerint,
682 3891 1008 3950 Felicianum
1038 3887 1376 3943 Mustitanum
1406 3892 1462 3939 et
1505 3882 1648 3937 Prm-

103 4001 320 4048 textatum
351 3989 758 4054 Assuritanum,
789 4000 927 4057 quos
955 3992 1138 4054 postea
1159 3986 1494 4050 receperunt,
1525 3990 1646 4031 cum

103 4081 382 4140 Maximiano
414 4098 525 4139 non
563 4079 730 4136 fuisse
760 4096 774 4132 :
808 4077 1098 4133 recitantur
1135 4071 1296 4128 Gesta
1322 4068 1512 4140 quibus
1555 4080 1649 4122 eos

103 4174 156 4229 de
177 4175 390 4232 basilicis
417 4169 784 4231 excludendos
812 4183 878 4224 ex
921 4165 1148 4222 concilio
1173 4179 1270 4220 suo
1295 4159 1436 4232 quod
1460 4159 1651 4215 adver-

105 4279 177 4322 sus
199 4266 603 4323 Maximianistas
629 4263 884 4325 fecerunt,
905 4259 971 4315 de
989 4257 1201 4329 iudiciis
1220 4255 1446 4326 publicis
1474 4261 1651 4324 postu-

105 4355 265 4413 larunt.
291 4357 345 4414 Si
375 4355 646 4421 dixerint,
673 4353 778 4408 Pro
818 4366 946 4422 pace
975 4349 1206 4419 suscepti
1236 4355 1358 4403 sunt
1385 4363 1398 4400 :
1431 4359 1652 4416 respon-

111 4447 236 4505 detur
256 4491 270 4516 ,
299 4451 403 4506 Cur
431 4463 563 4520 ergo
590 4461 771 4503 veram
795 4453 849 4500 et
887 4443 1096 4514 plenam
1128 4455 1232 4496 non
1263 4438 1550 4510 agnoscitis
1571 4452 1654 4508 pa-

112 4542 235 4596 cem?
274 4542 400 4612 Quis
427 4556 528 4597 vos
556 4537 784 4607 impulit,
812 4535 931 4607 quis
962 4533 1137 4605 coegit
1173 4545 1268 4602 pro
1293 4545 1422 4600 pace
1464 4530 1652 4585 Donati

116 4632 469 4691 schismaticum
505 4633 744 4703 recipere
790 4629 1118 4693 damnatum,
1171 4634 1225 4680 et
1259 4632 1443 4679 contra
1471 4638 1655 4693 pacem

118 4723 277 4782 Christi
300 4727 484 4782 orbem
519 4723 776 4780 damnare
816 4709 1149 4775 inauditum?
1175 4715 1338 4786 Urget
1379 4729 1473 4770 eos
1503 4713 1655 4770 undi-

113 4831 195 4886 que
212 4819 229 4851 ¹
248 4820 469 4885 veritas;
498 4817 684 4873 vident
707 4831 766 4870 se
792 4827 900 4869 non
921 4811 1116 4866 habere
1131 4808 1257 4880 quid
1277 4807 1650 4878 respondeant,

113 4916 154 4960 et
174 4917 344 4980 putant
367 4925 427 4966 se
451 4923 562 4964 non
587 4906 788 4962 habere
808 4907 829 4937 ³
851 4903 975 4975 quid
1006 4901 1202 4958 faciant
1243 4918 1257 4955 :
1285 4897 1410 4970 quid
1437 4899 1659 4969 loquan-

115 5009 182 5055 tur
201 5017 297 5059 non
319 5002 615 5060 inveniunt.
646 4999 847 5055 Tacere
875 5011 981 5052 non
1013 4992 1386 5066 permittuntur
1423 4991 1661 5057 ;malunt

115 5096 350 5160 perversis
387 5094 607 5152 vocibus
633 5093 844 5150 veritati
892 5087 1172 5156 reluctari,
1217 5100 1375 5158 quam
1402 5084 1659 5140 confessis

116 5189 351 5246 erroribus
368 5189 485 5261 paci
510 5186 738 5245 restitui.

173 5276 379 5337 CAPUT
417 5278 560 5337 X111.
599 5307 672 5320 —
709 5277 796 5334 18.
850 5275 982 5344 Quis
1025 5283 1200 5330 autem
1244 5285 1350 5328 non
1404 5268 1663 5339 intelligat

169 5413 181 5478 ξ
204 5421 294 5478 Am.
314 5424 366 5468 et.

168 5475 186 5504 ⁸
203 5475 336 5539 aditi,
371 5491 422 5529 se
441 5471 626 5528 habere
647 5489 664 5526 :
686 5476 884 5526 minime
905 5471 1302 5539 ca_s_tigandi,_uisi
1319 5471 1471 5520 nostri
1492 5479 1664 5518 omnes

450 5552 628 5604 mgna
671 5548 914 5589 consensu
952 5533 1052 5586 hic'
1083 5533 1398 5597 praeferrent,
1461 5544 1510 5582 se
1571 5541 1663 5579 non

170 5660 232 5718 (al
251 5665 690 5716 Maximianistarum
732 5668 969 5712 memorat
999 5660 1262 5710 maximum
1303 5655 1416 5707 illud
1440 5655 1661 5710 schisma,

249 5725 646 5795 “Pontiliane,
671 5724 898 5795 ordinati).
919 5731 1082 5795 contra
1119 5722 1403 5771 l‘t‘imiautlm
1439 5718 1665 5780 episcopo

126 5783 440 5848 t'arlhaginensi
455 5783 747 5847 Maximiano,
772 5786 988 5849 contigit.

330 5872 547 5933 Smcr.
589 5874 865 5933 Aucesr.
921 5869 1034 5930 IX.

3211 257 3312 314 158

1731 375 1855 446 quid
1880 375 1934 429 in
1963 371 2127 429 corde
2153 385 2252 429 suo
2277 373 2484 444 possint
2507 373 2719 430 dicere?
2754 373 2889 442 Quid
2917 386 3044 443 ergo
3064 367 3314 440 facimus,

1731 469 1995 540 inquiunt,
2023 469 2088 525 de
2127 469 2209 526 his
2233 485 2367 541 quos
2388 470 2499 541 iam
2549 467 3036 540 rebaptizavimus?
3080 468 3316 539 Respon-

1729 558 1886 615 detur
1915 578 1927 614 :
1959 560 2149 617 Redite
2183 576 2303 618 cum
2345 561 2425 618 eis
2457 561 2525 617 ad
2562 561 2858 618 Ecclesiam
2878 601 2893 627 ,
2924 560 3316 616 medicamento

1730 651 1877 722 pacis
1904 651 2091 709 oﬂ‘erte
2137 652 2402 709 curandos
2437 668 2571 725 quos
2598 653 2922 710 vulnerastis
2945 693 2958 717 ,
2985 652 3110 707 vita:
3137 652 3316 707 chari-

1730 743 1854 798 tatis
1878 743 2064 801 olierte
2087 743 2423 802 suscitandos
2442 760 2578 817 quos
2600 745 2890 802 occidistis.
2915 745 3136 801 Multum
3165 746 3311 801 valet

1730 833 1796 888 ad
1825 834 2220 906 propitiandum
2241 835 2411 891 Deum
2440 835 2673 892 fraterna
2693 835 3000 892 concordia.
3035 836 3095 892 Si
3115 835 3314 890 duobus

1731 939 1794 978 ea:
1825 924 1984 991 vobis,
2017 926 2092 982 ait
2137 927 2413 995 Dominus,
2468 928 2749 983 convenerit
2797 929 2852 982 in
2890 936 3042 993 terra,
3073 927 3320 999 quidquid

1732 1018 1972 1087 petieritis
2013 1019 2100 1088 ﬁet
2122 1021 2258 1076 vobis
2285 1020 2515 1094 (Matth.
2547 1037 2704 1088 xvm,
2735 1020 2859 1092 l9).
2889 1019 2944 1078 Si
2969 1020 3178 1077 duobus
3217 1021 3319 1076 ho-

1731 1108 1982 1178 minibus,
2022 1121 2224 1181 quanto
2271 1112 2440 1184 magis
2489 1112 2696 1169 duobus
2725 1112 2976 1184 populis?
3023 1111 3190 1168 Simul
3217 1127 3320 1169 nos

1731 1200 1959 1259 Domino
1989 1214 2388 1274 prosternamus
2408 1248 2422 1272 ,
2455 1207 2844 1278 participamini
2878 1206 3156 1264 nobiscum
3194 1205 3318 1262 uui-

1732 1301 1896 1350 tatem
1919 1337 1936 1363 ,
1978 1295 2360 1368 participemur
2387 1298 2666 1354 vobiscum
2692 1298 2934 1353 dolorem
2960 1339 2975 1364 ,
3004 1306 3062 1354 et
3085 1297 3323 1353 charitas

1731 1387 2009 1457 cooperiat
2053 1389 2444 1446 multitudinem
2491 1399 2853 1460 peccatorum.
2893 1389 2976 1445 Ab
3011 1389 3127 1461 ipso
3155 1389 3322 1446 beato

1731 1477 1998 1550 Cypriano
2040 1482 2318 1538 consilium
2353 1482 2610 1553 quaerite,
2666 1480 2923 1538 attendite
2965 1491 3222 1553 quantum
3253 1481 3326 1540 de

1735 1572 1951 1628 unitatis
1977 1573 2119 1629 bono
2164 1575 2580 1645 prmsumpserit,
2633 1575 2773 1630 unde
2797 1589 2858 1630 se
2895 1589 3003 1630 non
3032 1575 3259 1648 disrupit
3292 1593 3326 1633 a

1734 1663 1944 1722 diversa
1987 1667 2376 1733 sentientibus;
2417 1677 2472 1722 et
2519 1682 2638 1723 cum
2694 1667 3044 1723 arbitraretur
3090 1684 3184 1726 eos
3234 1670 3327 1740 qui

1735 1770 1884 1816 extra
1915 1761 2169 1817 Ecclesiae
2215 1761 2644 1817 communionem
2673 1761 3071 1832 baptizarentur
3093 1803 3108 1827 ,
3142 1761 3328 1832 Bapti-

1737 1867 1911 1907 smum
1941 1867 2045 1907 non
2092 1852 2289 1909 habere
2309 1894 2323 1919 ,
2351 1852 2578 1909 credidit
2602 1867 2697 1908 eos
2726 1860 2904 1908 tamen
2934 1851 2987 1906 in
3029 1852 3329 1909 Ecclesiam

1738 1944 2052 2014 simpliciter
2072 1943 2338 2000 admissos
2364 1953 2580 2016 propter
2608 1943 2776 2014 ipsius
2806 1944 3022 1999 unitatis
3053 1943 3328 1999 vinculum

1739 2051 1895 2106 posse
1923 2036 1989 2091 ad
2033 2038 2240 2094 veniam
2267 2039 2531 2108 pertinere
2561 2038 2600 2091 ί.
2631 2037 2719 2093 Sic
2733 2037 2874 2092 enim
2903 2036 3328 2108 solvitquzestio-

1738 2145 1884 2197 nem,
1913 2145 2070 2201 quam
2098 2130 2200 2184 sibi
2230 2130 2342 2201 ipse
2363 2128 2637 2200 proposuit
2661 2127 2726 2183 ad
2751 2127 3066 2183 Jubaianum
3093 2127 3166 2183 ita
3189 2128 3324 2183 scri-

1739 2222 1872 2279 bens
1918 2240 1931 2276 :
1978 2221 2083 2278 Sed
2125 2222 2244 2276 dicit
2282 2222 2484 2292 aliquis,
2529 2220 2664 2287 Quid
2699 2236 2819 2291 ergo
2845 2219 2930 2288 ﬁet
2966 2219 3028 2274 de
3058 2219 3136 2273 his
3161 2219 3247 2291 qui
3277 2220 3332 2272 in

1741 2309 2048 2380 prateritum
2075 2307 2138 2361 de
2166 2307 2346 2362 haeresi
2363 2306 2432 2360 ad
2458 2305 2740 2360 Ecclesium
2767 2304 3017 2359 venientes
3034 2345 3049 2370 ,
3083 2304 3193 2358 sine
3219 2302 3328 2357 Ba-

1742 2395 1923 2465 ptismo
1951 2394 2160 2450 admissi
2200 2393 2357 2448 sunt?
2391 2391 2578 2446 Potens
2603 2399 2678 2447 est
2703 2389 2950 2445 Dominus
2977 2388 3326 2444 misericordia

1742 2496 1834 2533 sua
1857 2479 2222 2550 indulgentiam
2237 2478 2378 2540 dare,
2403 2485 2449 2530 et
2475 2491 2556 2530 eos
2575 2475 2662 2546 qui
2685 2474 2754 2529 ad
2779 2472 3060 2528 Ecclesium
3086 2472 3338 2545 simplici—

1743 2581 1820 2627 ter
1844 2570 2092 2636 admissi,
2121 2569 2175 2623 in
2220 2567 2448 2623 Ecclesia
2477 2567 2806 2632 dormierunt,
2849 2565 2911 2620 ab
2951 2563 3195 2620 Ecclesia:
3226 2578 3335 2619 sua:

1743 2659 2034 2716 muneribus
2057 2675 2157 2713 non
2185 2673 2421 2729 separare
2441 2657 2460 2728 (
2480 2655 2650 2728 Epist.
2681 2657 2769 2722 75,
2798 2657 2865 2710 αά
2883 2654 3198 2710 Jubaianum
3215 2655 3258 2726 ).

1814 2751 2042 2809 CAPUT
2081 2749 2219 2805 XIV.
2259 2779 2332 2789 —
2356 2747 2444 2805 l9.
2475 2747 2610 2817 Quid
2655 2747 2724 2802 sit
2749 2755 2927 2803 autem
2959 2745 3332 2816 perniciosius,

1746 2854 1925 2902 utrum
1951 2843 2171 2900 omnino
2191 2838 2298 2896 no'n
2327 2840 2609 2911 baptizari,
2631 2854 2701 2894 an
2727 2838 3067 2909 rebaptizari,
3095 2837 3329 2908 iudicari

1745 2938 1964 2996 difﬁcile
1989 2945 2092 2994 est.
2126 2934 2294 2991 Video
2313 2933 2527 3006 quidem
2548 2933 2676 3005 quid
2703 2932 2932 3004 amplius
2953 2918 3200 2988 homines
3227 2931 3332 2989 de-

1749 3039 2009 3088 testentur
2035 3036 2194 3100 atque
2223 3027 2476 3083 horreant
2509 3044 2523 3080 :
2565 3036 2934 3082 verumtamen
2959 3039 3242 3081 recurrens
3268 3022 3338 3080 ad

1748 3127 1892 3183 illam
1919 3133 2171 3182 stateram
2187 3122 2530 3189 dominicam,
2549 3120 2638 3177 ubi
2663 3136 2774 3178 non
2798 3137 2863 3177 ex
2887 3120 3122 3176 humano
3147 3135 3337 3186 sensu,

1748 3217 1844 3275 sed
1873 3233 1938 3274 ex
1966 3215 2283 3272 auctoritate
2301 3213 2480 3270 divina
2503 3227 2685 3269 rerum
2707 3221 2977 3269 momenta
3006 3212 3337 3284 penduntur,

1749 3310 1962 3367 invenio
1989 3308 2056 3364 de
2100 3316 2321 3378 utraque
2363 3321 2424 3362 re
2467 3304 2682 3361 Domini
2722 3305 3067 3361 sententiam.
3097 3305 3230 3360 Nam
3277 3311 3337 3360 et.

1751 3403 1912 3460 Petro
1961 3401 2128 3466 dixit,
2180 3398 2281 3466 Qui
2331 3399 2465 3452 lotus
2516 3407 2609 3464 est,
2657 3413 2763 3451 non
2804 3398 2950 3451 habet
2992 3399 3337 3453 necessitatem

1752 3495 1931 3550 iterum
1977 3491 2181 3546 lavandi
2209 3489 2388 3559 (Joan.
2423 3488 2670 3558 X11510)
2702 3505 2716 3542 :
2749 3495 2804 3544 et
2853 3487 3165 3556 Nicodemo,
3217 3488 3340 3544 Nisi

1751 3588 1863 3658 quis
1907 3594 2111 3642 renatus
2137 3583 2288 3654 fuerit
2317 3599 2378 3636 ea:
2420 3597 2553 3652 aqua
2579 3589 2627 3634 et
2653 3579 2886 3652 Spiritu,
2919 3598 3020 3636 non
3044 3580 3251 3635 intrabit
3286 3582 3344 3635 in

1752 3695 1963 3751 regnum
1987 3677 2226 3732 caelorum
2258 3673 2367 3746 (Id.
2419 3688 2497 3740 Ill,
2538 3672 2625 3742 5).
2655 3671 2793 3740 Quid
2847 3672 3039 3728 habeat
3084 3673 3346 3728 secretior

1753 3772 2062 3844 dijudicatio
2091 3770 2210 3836 Dei,
2257 3767 2560 3824 hominibus
2599 3767 2784 3836 quales
2813 3781 2911 3822 nos
2947 3781 3131 3821 sumus
3151 3807 3166 3833 ,
3199 3765 3346 3821 diffi—

1753 3865 1855 3922 cile
1879 3873 1961 3919 est
1981 3861 2207 3918 fortasse
2249 3874 2575 3932 cognoscere
2610 3875 2622 3912 :
2646 3866 2902 3929 quantum
2924 3866 3100 3913 tamen
3126 3857 3194 3913 ad
3222 3858 3338 3928 ipsa

1754 3961 1918 4019 verba
1938 3959 2128 4014 attinet
2159 3999 2174 4024 ,
2207 3955 2424 4012 cuilibet
2453 3953 2653 4009 homini
2695 3953 3032 4008 manifestum
3064 3960 3146 4008 est
3170 3967 3343 4023 quan—

1755 4065 1868 4113 tum
1896 4053 2058 4111 distet
2081 4052 2239 4117 inter,
2265 4065 2365 4104 non
2407 4047 2555 4102 habet
2597 4047 2938 4100 necessitatem
2980 4045 3226 4110 lavandi;
3268 4055 3344 4111 ct,

1756 4167 1858 4206 non
1876 4147 2080 4203 intrabit
2100 4147 2154 4199 in
2177 4158 2384 4215 regnum
2410 4141 2669 4196 caelorum.
2696 4139 2814 4209 Ipsa
2849 4138 3082 4210 denique
3103 4137 3347 4196 Ecclesia

1756 4247 1834 4301 sic
1863 4242 2109 4299 traditum
2138 4245 2283 4296 tenet
2303 4278 2319 4302 ,
2348 4245 2407 4291 ut
2429 4234 2703 4290 hominem
2729 4232 2846 4287 sine
2866 4232 3139 4302 Baptismo
3165 4231 3231 4286 ad
3260 4232 3327 4286 al-

1758 4346 1874 4394 tare
1901 4347 2122 4407 prorsus
2142 4346 2248 4387 non
2269 4329 2440 4401 possit
2464 4326 2781 4390 admittere;
2826 4323 3215 4394 rchaptizatum
3243 4339 3342 4378 au-

1759 4441 1866 4487 tem
1897 4441 2020 4484 cum
2052 4433 2172 4496 post
2198 4419 2564 4493 paenitentiam
2590 4416 2752 4472 liceat
2780 4415 3010 4481 admitti,
3040 4415 3169 4486 quid
3197 4415 3342 4472 aliud

1759 4519 2055 4579 ostenditur
2078 4515 2181 4570 nisi
2199 4528 2323 4570 eum
2343 4509 2617 4581 Baptismo
2645 4524 2752 4564 non
2773 4507 2991 4564 carere?
3016 4505 3072 4561 Si
3090 4521 3216 4578 ergo
3236 4506 3348 4578 Cy-

1761 4616 1984 4689 prianus
2009 4624 2144 4682 quos
2170 4622 2290 4664 esse
2319 4606 2436 4662 sine
2450 4604 2728 4675 Baptismo
2756 4600 3133 4668 arbitrabatur,
3168 4609 3349 4654 tamen

1760 4717 1979 4782 propter
1999 4703 2216 4760 unitatis
2239 4699 2510 4756 vinculum
2527 4696 2596 4752 ad
2620 4695 2826 4753 veniam
2848 4693 3116 4764 pertinere
3140 4706 3348 4763 praesu-

1761 4800 1979 4865 mebat;
2018 4806 2209 4870 potens
2234 4803 2318 4851 est
2359 4792 2616 4849 Dominus
2643 4805 2738 4860 per
2777 4787 2950 4858 ipsum
2983 4787 3201 4841 unitatis
3229 4785 3351 4841 vin-

1763 4896 1943 4953 culum
1969 4900 2024 4950 et
2051 4891 2198 4962 pacis
2237 4889 2399 4946 etiam
2430 4882 2776 4955 rebaptizatis
2824 4880 3060 4952 placari,
3111 4889 3169 4936 et
3213 4879 3293 4936 eis
3320 4895 3355 4936 a

1767 4986 1959 5061 quibus
1984 4981 2297 5053 rebaptizati
2322 4987 2479 5044 sunt,
2506 4991 2567 5030 ea
2593 4974 2707 5045 ipsa
2738 4973 2887 5045 pacis
2915 4973 3358 5043 compensatione

1764 5079 2047 5137 mitescere
2074 5115 2090 5142 ,
2121 5081 2178 5128 et
2201 5071 2381 5128 omnia
2405 5082 2523 5140 quae
2561 5067 2614 5120 in
2641 5080 2825 5121 errore
2852 5064 3232 5119 commiserant
3257 5062 3356 5119 de-

1767 5171 1892 5229 licta
1916 5168 2140 5234 donare,
2163 5159 2516 5219 offerentibus
2541 5155 2860 5213 sacrificium
2892 5154 3167 5210 charitatis
3192 5196 3207 5219 ,
3236 5169 3357 5225 quae

1766 5261 2008 5335 cooperit
2051 5254 2445 5314 multitudinem
2477 5259 2854 5322 peccatorum;
2888 5256 2947 5302 ut
2975 5263 3081 5302 non
3113 5245 3358 5302 attendat

1768 5371 1926 5432 quam
1997 5351 2149 5409 multi
2222 5361 2407 5404 eorum
2467 5343 2704 5399 discessu
2759 5340 3026 5396 vulnerati
3080 5340 3206 5406 sint,
3261 5336 3361 5392 sed

1769 5427 1926 5523 quam
1967 5446 2147 5518 plures
2196 5453 2380 5496 eorum
2426 5435 2598 5493 reditu
2657 5433 2887 5490 liberati.
2942 5431 3000 5487 In
3041 5446 3146 5501 quo
3210 5427 3358 5486 enim

1838 5655 1852 5683 ι
1879 5649 1995 5699 editi
2019 5651 2202 5696 tantum
2239 5643 2332 5691 hoc
2376 5640 2486 5690 loco
2501 5673 2515 5696 ,
2555 5637 2620 5687 ad
2654 5647 2837 5684 vernam
2861 5631 3107 5698 pervenire
3137 5642 3154 5679 :
3179 5628 3266 5698 sed
3301 5631 3364 5700 in

1795 5697 1994 5762 iroxinic
2031 5707 2256 5768 sequenti
2280 5704 2438 5765 capite
2475 5700 2826 5748 convenientes
2869 5709 2977 5746 cum
3022 5697 3365 5748 mnumriptis

1776 5731 1950 5825 habent
1970 5807 1983 5825 ,
2010 5768 2072 5817 ml
2100 5769 2278 5815 veniam
2312 5764 2562 5825 pertinere.

1809 5778 1950 5823 about
1970 5807 1983 5830 ,
2010 5768 2072 5817 ml
2100 5764 2278 5815 vinnium
2312 5764 2562 5826 pertinere.

2827 5842 3079 5917 ('Ct'nq.)
