3802 6172
383 292 489 354 139

323 399 343 428 ·’
380 406 596 467 vinculo
615 405 763 479 pacis
785 402 1012 462 credidit
1034 401 1333 475 Cyprianus
1351 416 1512 473 posse
1532 416 1630 474 per
1651 399 1961 456 misericor-

383 501 528 558 diam
553 499 647 555 Dei
677 499 744 555 ab
772 496 1029 554 Ecclesizc
1069 494 1380 550 muneribus
1434 509 1541 550 non
1597 491 1833 565 separari
1882 505 1975 549 eos

386 610 520 666 quos
548 594 602 650 in
638 591 933 649 Ecclesiam
959 589 1077 646 sine
1106 587 1382 659 Baptismo
1406 586 1747 645 existimabat
1782 585 1981 642 admis-

382 702 479 745 sos
502 729 518 754 ,
547 686 603 741 in
649 682 841 740 eodem
881 679 1094 737 vinculo
1127 679 1277 751 pacis
1304 679 1572 737 credimus
1615 693 1712 750 per
1736 677 1979 734 eamdem

383 777 809 837 misericordiam
858 775 954 833 Dei
983 773 1182 832 mereri
1210 772 1420 832 veniam
1477 787 1637 846 posse
1677 772 1978 845 rebaptiza-

383 880 486 928 tos.

453 960 680 1020 CAPUT
727 958 846 1016 XV.
886 989 958 1001 —
995 957 1088 1015 20.
1140 958 1380 1015 Ecclesia
1407 958 1604 1031 quippe
1635 957 1896 1016 catholica
1927 966 1983 1015 et

381 1053 714 1126 temporibus
739 1053 882 1109 beati
921 1052 1172 1125 Cypriani
1198 1094 1212 1120 ,
1247 1061 1301 1108 et
1341 1061 1464 1108 ante
1505 1053 1678 1124 ipsum
1709 1051 1981 1124 praeterito

382 1159 650 1220 tempore,
677 1153 769 1202 aut
792 1145 1169 1217 rebaptizatos,
1191 1155 1283 1200 aut
1309 1143 1634 1214 Baptismum
1652 1161 1756 1201 non
1781 1145 1983 1201 haben-

383 1254 488 1310 tes,
515 1239 739 1298 unitatis
763 1239 968 1312 gremio
993 1237 1303 1295 continebat
1329 1256 1342 1294 :
1371 1247 1464 1293 aut
1492 1238 1591 1306 illi,
1615 1246 1707 1293 aut
1734 1237 1811 1293 illi
1832 1237 1980 1294 salu-

383 1347 496 1393 tem
518 1347 623 1389 non
660 1331 762 1388 nisi
783 1330 1004 1388 unitatis
1026 1331 1193 1401 ipsius
1215 1331 1411 1386 merito
1445 1329 1719 1386 consecuti
1745 1339 1890 1385 sunt.
1923 1327 1983 1386 Si

383 1425 531 1481 enim
555 1437 664 1479 non
693 1420 963 1478 habebant
1004 1420 1333 1492 Baptismum
1373 1421 1465 1493 qui
1502 1421 1570 1477 ab
1595 1420 1862 1477 b:ereticis
1883 1437 1980 1477 ve-

383 1517 638 1582 niebant,
662 1518 803 1571 sicut
830 1513 1024 1570 asserit
1042 1511 1372 1586 Cyprianus;
1404 1527 1512 1568 non
1548 1521 1696 1568 recte
1736 1512 1985 1568 admitte-

381 1611 580 1668 bantur
609 1626 624 1664 :
650 1619 705 1665 et
725 1617 907 1664 tamen
949 1607 1154 1664 eisdem
1199 1607 1316 1678 ipse
1355 1606 1738 1678 indulgentiam
1779 1605 1845 1663 de
1875 1606 1984 1664 Do-

383 1703 518 1758 mini
575 1698 938 1757 misericordia
1001 1708 1219 1770 propter
1258 1700 1517 1754 unitatem
1571 1695 1828 1755 Ecclesiae
1877 1714 1985 1754 non

383 1794 706 1866 desperavit.
760 1791 837 1848 Ita
866 1807 994 1863 ergo
1041 1792 1089 1846 si
1131 1791 1400 1848 habebant
1449 1789 1825 1862 Baptismum,
1879 1805 1985 1847 non

383 1894 532 1943 recte
556 1884 986 1955 rebaptizantur;
1018 1882 1144 1953 quid
1173 1882 1352 1954 itaque
1380 1883 1503 1938 illos
1529 1880 1631 1937 nisi
1659 1881 1846 1938 eadem
1870 1884 1988 1938 uni-

385 1978 510 2033 tatis
534 1975 766 2033 charitas
802 1973 1088 2046 adjuvabat
1113 2016 1128 2041 ,
1159 1984 1218 2028 ut
1253 1973 1397 2045 quod
1425 1975 1476 2029 in
1503 1971 1852 2030 Sacramento
1881 1981 1988 2030 tra-

385 2071 579 2128 ctando
600 2069 800 2126 latebat
824 2069 1114 2124 humanam
1145 2066 1511 2123 inﬁrmitatem
1531 2110 1546 2136 ,
1571 2065 1751 2122 divina
1774 2065 1992 2124 miseri-

1135 287 1223 343 ne
1261 283 1598 343 mansne
1635 281 1908 342 comas
1953 263 2397 348 DONATISTAS,
2440 281 2498 338 s.
2539 279 2911 341 A‘UGUSTIM

3571 259 3710 342 uo

2085 510 2205 550 cum
2233 505 2443 550 vestros
2462 494 2819 566 rebaptizatos
2848 495 3048 552 timetis
3066 536 3081 562 ,
3109 502 3162 552 et
3188 495 3292 552 illis
3319 502 3376 552 et
3402 495 3565 552 vobis
3605 507 3712 550 sa-

2086 584 2213 642 lutis
2248 585 2422 644 aditus
2461 585 2758 643 invidetis?
2798 583 2920 643 Fuit
2960 588 3245 661 aliquando
3303 589 3373 646 de
3409 587 3722 662 Baptismo

2072 397 2254 455 cordia
2298 413 2404 454 non
2450 403 2729 471 reputaret
2767 399 3070 480 amantibus
3118 397 3348 472 pacem?
3390 398 3503 458 Cur
3548 413 3717 472 ergo
3778 401 3779 438 ξ

2086 677 2347 736 dubitatio
2376 698 2388 734 :
2417 679 2506 751 qui
2531 679 2747 736 diversa
2789 690 3105 749 senserunt,
3141 682 3195 738 in
3221 682 3427 741 unitate
3463 695 3718 739 mansa-
3778 705 3779 710 π

2086 779 2230 826 runt.
2266 771 2344 826 Ea
2378 769 2636 828 dubitatio
2671 771 2991 844 procedente
3030 781 3269 847 tempore
3290 785 3577 848 perspecta
3616 791 3724 831 ve-

2085 861 2246 917 ritate
2287 862 2497 919 sublata
2539 871 2662 919 est:
2692 865 2916 936 quaestio
2956 881 3076 938 quae
3116 865 3354 923 nondum
3395 867 3546 922 ﬁnita
3595 866 3720 938 Cy-

2087 956 2330 1027 prianum
2380 971 2486 1010 non
2537 955 2799 1013 deterruit
2850 967 2907 1013 ut
2948 957 3246 1027 recederet,
3286 972 3382 1016 vos
3431 956 3593 1014 ﬁnita
3649 968 3718 1014 ut

2086 1048 2320 1105 redeatis
2344 1047 2551 1104 invitat.
2588 1048 2777 1106 Venite
2803 1049 2869 1108 ad
2889 1047 3222 1108 Catholicam
3242 1050 3715 1118 concordantem,

2088 1159 2248 1216 quam
2291 1142 2591 1218 Cyprianus
2628 1160 2737 1201 non
2784 1143 3023 1203 deseruit
3067 1145 3413 1203 ﬂuctuantem
3458 1155 3612 1202 :aut
3668 1145 3720 1200 si

2089 1237 2241 1294 vobis
2255 1237 2573 1313 exemplum
2603 1237 2855 1312 Cypriani
2875 1239 2985 1312 jam
3011 1237 3294 1311 displicet,
3322 1241 3415 1313 qui
3440 1255 3715 1298 commu-

2090 1309 2292 1386 nicavit
2320 1330 2400 1387 eis
2420 1331 2510 1403 qui
2537 1347 2658 1387 cum
2684 1331 3010 1406 Baptismate
3056 1333 3435 1390 hereticorum
3461 1334 3718 1404 recipie-

2089 1422 2303 1490 bantur,
2333 1431 2519 1496 aperte
2545 1421 2750 1491 dicens,
2779 1421 3046 1480 Neminem
3066 1425 3380 1497 judicantes,
3408 1435 3498 1480 aut
3529 1444 3561 1480 a
3586 1427 3718 1491 iure

2089 1515 2460 1570 communionis
2481 1515 2698 1588 aliquem
2721 1559 2737 1584 ,
2770 1516 2815 1570 si
2835 1517 3087 1572 diversum
3116 1518 3346 1585 senserit,
3369 1525 3672 1572 amovenles
3695 1533 3718 1582 ;

2090 1624 2197 1680 quo
2239 1606 2368 1678 itis,
2398 1608 2622 1666 miseri?
2649 1608 2778 1682 quid
2815 1609 3010 1680 agitis?
3051 1607 3121 1664 Et
3165 1625 3263 1666 vos
3307 1609 3454 1680 ipsos
3505 1603 3712 1681 fugite,

2093 1704 2215 1776 quia
2248 1702 2372 1759 inde
2405 1701 2764 1774 processistis,
2793 1701 2883 1758 ubi
2924 1702 3016 1758 ille
3047 1703 3358 1775 permansit.
3387 1701 3446 1758 Si
3472 1718 3608 1758 vero
3637 1701 3714 1764 ei,

2092 1805 2315 1867 propter
2343 1794 2725 1853 abundantiam
2760 1795 3039 1852 charitatis
3068 1806 3125 1854 et
3161 1812 3401 1854 amorem
3451 1795 3718 1851 fraterni-

2094 1888 2241 1957 tatis,
2266 1897 2320 1944 et
2346 1887 2612 1944 vinculum
2648 1886 2795 1960 pacis
2815 1930 2830 1957 ,
2862 1902 2963 1946 nec
2995 1903 3088 1943 sua
3121 1898 3365 1960 peccata,
3391 1903 3495 1944 nec
3521 1885 3716 1942 aliena

2095 1981 2287 2036 obesse
2319 1989 2641 2051 potuerunt;
2673 1978 2778 2037 huc
2816 1979 2987 2038 redite
3009 2023 3024 2048 ,
3057 1979 3150 2036 ubi
3173 1988 3229 2036 et
3261 1979 3417 2036 nobis
3466 1989 3522 2035 ct
3541 1979 3712 2035 vobis

2097 2072 2268 2128 multo
2290 2074 2467 2129 minus
2487 2073 2719 2130 oberunt
2739 2090 2857 2147 qua:
2891 2073 3054 2129 vestri
3077 2071 3367 2130 ﬁnxerunt.

1382 2279 1875 2387 LIBER
1967 2283 2272 2391 TER
2295 2283 2694 2396 TIUS.

389 2469 671 2528 lici‘ellenda
710 2481 772 2524 ea
792 2470 1026 2532 suscipit,
1050 2476 1161 2530 quae
1201 2465 1253 2516 in
1291 2463 1508 2527 Cypriani
1531 2462 1592 2513 ad
1614 2463 1896 2513 Jubaianum
1913 2478 1989 2578 ἔξὲῖ

2164 2469 2377 2564 iidem}:
2421 2470 2633 2533 probare
2668 2471 2843 2526 misti
2876 2473 3167 2536 Ballistam
3189 2485 3278 2536 pet:
3299 2472 3566 2526 haereticos
3604 2472 3716 2523 dari

1822 2651 2301 2716 Μ

459 2787 686 2850 CAPUT
727 2780 1014 2843 PRlMlm.
1041 2810 1113 2822 -—
1153 2779 1206 2834 l.
1234 2775 1482 2834 Arbitror
1505 2775 1615 2847 jam
1639 2769 1984 2830 manifestum

388 2903 512 2947 esse
550 2884 800 2942 omnibus
837 2892 998 2951 posse
1021 2919 1036 2944 ,
1079 2872 1448 2930 auctoritatem
1474 2868 1618 2926 beati
1644 2863 1892 2939 Cypriani
1923 2859 1993 2918 ad

387 2976 730 3038 retinendum
770 2970 1045 3027 vinculum
1089 2966 1272 3037 pacis,
1317 2962 1569 3032 nulloque
1596 2957 1757 3014 modo
1783 2955 1994 3012 violan-

389 3071 515 3128 dam
535 3066 753 3126 unitatis
778 3061 1037 3119 Ecclesia:
1063 3054 1467 3115 saluberrimam
1497 3052 1813 3108 charitatem
1833 3091 1852 3118 ,
1876 3061 1995 3104 ma-

386 3165 472 3237 gis
500 3177 596 3236 pro
623 3159 777 3216 nobis
803 3171 962 3229 quam
991 3167 1090 3225 pro
1112 3148 1400 3207 Donatistis
1429 3160 1547 3203 esse
1567 3141 1992 3237 proponendam.

485 3231 630 3312 enim
664 3248 918 3324 Cypriani
961 3243 1208 3316 exemplo
1245 3241 1322 3297 uti
1359 3239 1626 3295 voluerint
1661 3235 1728 3292 ad
1752 3231 1996 3305 rebapti-

388 3345 590 3404 zandos
617 3343 909 3401 catholicos
929 3382 943 3406 ,
970 3338 1090 3410 quia
1114 3335 1202 3391 ille
1221 3332 1431 3390 censuit
1454 3329 1508 3386 in
1528 3328 1790 3385 catholica
1814 3325 1994 3397 bapti-

390 3440 593 3498 zandos
637 3436 922 3494 haereticos
953 3451 965 3487 :
997 3445 1095 3488 nos
1135 3429 1312 3501 potius
1337 3425 1453 3498 ejus
1479 3423 1728 3494 exemplo
1753 3422 1954 3477 utimur
1977 3460 1994 3486 ,

391 3548 500 3606 quo
532 3528 868 3603 apertissime
912 3524 1097 3580 statuit
1124 3536 1157 3577 a
1203 3517 1462 3576 catholica
1492 3514 1896 3578 communione,
1944 3508 1999 3566 id

391 3604 498 3692 est,
530 3639 560 3677 a
587 3619 904 3678 Christianis
931 3624 1044 3672 toto
1072 3613 1206 3669 orbe
1240 3620 1507 3666 terrarum
1550 3606 1789 3673 diliusis,
1837 3604 1996 3660 etiam

390 3717 551 3775 malis
579 3724 630 3770 et
657 3708 932 3781 sacrilegis
959 3705 1230 3770 admissis,
1259 3702 1408 3757 nullo
1438 3698 1599 3754 modo
1641 3713 1738 3770 per
1785 3709 2002 3766 separa-

393 3810 599 3867 tionem
637 3800 1030 3862 communionis
1069 3812 1190 3854 esse
1217 3792 1574 3851 recedendum
1601 3833 1616 3859 ,
1663 3788 1999 3861 quandoqui-

394 3902 519 3962 dem
547 3916 647 3958 nec
669 3914 763 3956 eos
791 3897 880 3970 qui
906 3936 920 3962 ,
951 3903 1011 3949 ut
1037 3892 1211 3948 eidem
1254 3888 1531 3944 videbatur
1555 3930 1569 3954 ,
1598 3900 1708 3941 non
1755 3883 1997 3956 baptiza-

396 4007 484 4053 tos
512 3992 800 4062 sacrilegos
840 3988 893 4044 in
932 3985 1251 4043 catholicam
1297 3979 1730 4038 communionem
1777 3977 2001 4048 recipie-

393 4093 561 4158 bant,
591 4103 623 4142 a
645 4086 766 4157 jure
794 4075 1185 4140 communionis
1226 4075 1394 4133 voluit
1435 4088 1687 4130 amovere
1711 4115 1725 4138 ,
1775 4071 1957 4127 dicens
1980 4113 1994 4137 ,

400 4179 670 4238 Neminem
704 4176 997 4250 jndicantes
1016 4215 1031 4242 ,
1060 4181 1148 4226 aut
1175 4188 1204 4224 a
1221 4169 1342 4242 jure
1371 4163 1736 4222 communionis
1760 4162 1998 4234 aliquem,

397 4276 444 4328 si
464 4274 716 4328 diversum
737 4266 947 4325 senserit
969 4307 984 4335 ,
1013 4270 1315 4319 amoventes.

470 4364 696 4425 CAPUT
726 4360 791 4418 ll.
823 4391 896 4402 —
916 4358 973 4414 2.
999 4356 1167 4413 Video
1193 4365 1369 4411 tamen
1390 4349 1514 4424 quid
1532 4347 1706 4406 adhuc
1728 4363 1754 4403 a
1776 4363 1861 4404 me
1878 4361 2002 4418 pos-

397 4461 470 4515 sit
498 4455 691 4528 inquiri
717 4495 731 4521 ,
757 4451 1007 4507 videlicet
1029 4457 1086 4503 ut
1108 4443 1459 4517 respondeam
1486 4439 1869 4498 verisimilibus
1896 4438 2001 4494 illis

395 4548 725 4614 rationibus,
768 4543 960 4617 quibus
993 4540 1077 4596 vel
1104 4546 1227 4593 ante
1256 4535 1576 4608 Agrippinus
1602 4577 1616 4602 ,
1648 4532 1734 4589 vel
1763 4532 1877 4602 ipse
1900 4529 2003 4601 Cy-

395 4643 648 4714 prianus,
687 4637 774 4694 vel
809 4635 886 4691 illi
925 4633 1015 4706 qui
1058 4632 1137 4688 eis
1174 4631 1227 4685 in
1258 4628 1432 4684 Africa
1462 4635 1889 4692 consenserunt,
1915 4625 2003 4680 vel

394 4737 448 4795 si
488 4735 625 4790 forte
647 4730 809 4803 aliqui
838 4744 904 4785 ex
933 4720 1306 4783 transmarinis
1331 4720 1487 4776 terris
1517 4717 2003 4798 longequediscre-

398 4828 470 4883 tis
494 4869 508 4894 ,
553 4824 700 4880 nullo
735 4820 951 4894 quidem
979 4817 1092 4874 sive
1122 4811 1361 4888 plenario
1386 4813 1498 4868 sive
1527 4811 1715 4866 saltem
1741 4809 2003 4880 regionali

328 4907 335 4940 ⁵
401 4918 632 4977 concilio
655 4959 670 4986 ,
715 4913 813 4972 sed
851 4909 1124 4984 epistolari
1163 4905 1428 4978 colloquio
1466 4903 1721 4962 commoti
1755 4909 1916 4970 sunt,
1946 4911 2005 4958 ut

397 5014 508 5070 hoc
555 5025 675 5069 esse
719 5006 1018 5066 iaciendum
1069 5011 1350 5076 putarent,
1397 5000 1539 5074 quod
1583 5009 1641 5056 et
1671 4998 2002 5055 consuetudo

397 5104 660 5167 Ecclesiae
703 5103 926 5177 pristina
969 5114 1076 5155 non
1119 5095 1381 5163 habebat,
1422 5105 1477 5152 et
1502 5105 1685 5167 postea
1710 5093 2003 5151 catholicus

398 5200 553 5258 orbis
571 5207 835 5256 terrarum
859 5191 1228 5250 robustissima
1254 5189 1504 5244 ﬁrmitate
1523 5185 1890 5243 consensionis
1909 5198 2004 5242 ex-

397 5292 564 5352 clusit
592 5308 605 5344 :
636 5298 696 5345 ut
720 5285 863 5361 quod
889 5299 984 5356 per
1011 5283 1396 5354 disputationes
1425 5277 1688 5352 ejusmodi
1716 5279 1770 5333 in
1793 5278 2002 5350 aliquo-

399 5401 524 5444 rum
551 5392 758 5440 mentes
784 5381 1019 5451 irrepere
1047 5385 1317 5450 coeperat,
1348 5375 1414 5431 de
1441 5374 1614 5430 salute
1637 5371 1858 5428 veniens
1881 5371 2003 5429 uni-

402 5479 531 5534 tatis
558 5474 825 5548 potentior
853 5471 1050 5528 veritas
1075 5479 1130 5526 et
1147 5467 1462 5525 universalis
1484 5465 1746 5523 medicina
1765 5473 1998 5522 sanaret.

402 5570 562 5629 Hunc
597 5570 775 5638 itaque
797 5579 1100 5622 sermonem
1139 5562 1354 5618 videant
1377 5575 1535 5632 quam
1563 5574 1782 5617 securus
1811 5575 2000 5632 aggre-

406 5662 543 5719 diar.
583 5661 638 5718 Si
674 5659 886 5731 assequi
921 5666 976 5714 et
1010 5655 1291 5713 ostendere
1314 5669 1422 5712 non
1447 5664 1702 5726 potuero,
1734 5655 2003 5728 quomodo

405 5755 717 5811 refellantur
759 5769 823 5808 ea
869 5767 988 5822 qua:
1029 5749 1094 5804 de
1120 5745 1347 5803 concilio
1374 5745 1627 5818 Cypriani
1650 5747 1740 5804 vel
1761 5747 2002 5818 epistolis

409 5851 525 5916 ejus
548 5848 851 5914 afﬁrmant,
883 5843 1081 5902 Christi
1108 5840 1434 5910 Baptismum
1464 5855 1556 5907 per
1587 5841 1866 5898 haereticos
1889 5843 2001 5897 dari

2102 2789 2213 2832 non
2253 2789 2456 2848 posse;
2501 2781 2554 2835 in
2594 2777 2834 2838 Ecclesia
2879 2779 3108 2839 manebo
3147 2797 3368 2841 securus
3393 2826 3409 2853 ,
3457 2784 3512 2840 in
3559 2784 3718 2856 cujus

2100 2871 2479 2929 communione
2502 2887 2624 2929 cum
2645 2874 2724 2931 eis
2745 2875 2834 2947 qui
2860 2876 2961 2932 sibi
2989 2889 3096 2934 non
3117 2887 3525 2947 consenserant,
3550 2895 3712 2936 man-

2103 2961 2179 3016 sit
2204 2961 2319 3034 ipse
2344 2965 2661 3037 Cyprianus.

2185 3055 2241 3111 5.
2265 3056 2429 3126 Quod
2455 3057 2501 3114 si
2525 3059 2743 3130 dicunt,
2764 3071 3049 3134 propterea
3074 3071 3198 3120 tunc
3223 3063 3367 3121 illam
3392 3062 3718 3122 catholicam

2104 3148 2401 3207 Ecclesiam
2423 3151 2613 3220 fuisse,
2643 3153 2764 3225 quia
2786 3163 2943 3211 erant
2970 3157 3039 3212 ibi
3071 3155 3257 3227 pauci,
3291 3157 3373 3213 vel
3400 3158 3443 3213 si
3478 3157 3582 3213 hoc
3616 3175 3718 3229 pu-

2101 3249 2254 3310 tant,
2283 3245 2442 3300 etiam
2466 3245 2620 3302 multi
2646 3247 2738 3319 qui
2758 3249 3087 3319 Baptismum
3118 3248 3298 3304 datum
3325 3249 3464 3321 apud
3490 3245 3720 3306 haereti-

2103 3351 2200 3394 cos
2238 3337 2640 3410 improbabant,
2685 3350 2740 3397 et
2766 3342 3109 3412 baptizabant
3133 3359 3228 3399 eos
3256 3343 3344 3415 qui
3373 3343 3496 3399 inde
3525 3345 3718 3399 venie-

2104 3429 2232 3488 bant
2257 3451 2271 3489 :
2297 3431 2434 3501 Quid
2459 3435 2630 3506 ergo?
2655 3445 2780 3491 ante
2806 3436 3155 3507 Agrippinum
3179 3477 3195 3503 ,
3228 3451 3256 3489 a
3288 3451 3393 3506 quo
3419 3437 3519 3492 ista
3547 3439 3718 3508 coepit

2105 3526 2255 3596 quasi
2299 3541 2435 3582 nova
2475 3528 2610 3583 ratio
2656 3527 2914 3584 adversus
2947 3527 3388 3584 consuetudinem
3413 3526 3718 3596 dimicans,

2107 3620 2362 3692 numquid
2390 3635 2501 3682 non
2523 3630 2637 3677 erat
2661 3621 2945 3678 Ecclesia?
2970 3620 3107 3692 Quid
3128 3621 3356 3693 denique
3375 3632 3497 3694 post
3518 3624 3717 3695 Agrip-

2106 3712 2321 3782 pinum,
2363 3713 2578 3784 quando
2615 3714 2718 3770 nisi
2755 3714 2822 3770 ad
2851 3713 3127 3785 pristinam
3153 3715 3597 3772 consuetudinem
3629 3729 3716 3772 re-

2107 3804 2276 3861 ditum
2315 3815 2494 3876 esset,
2537 3806 2764 3864 alterum
2799 3807 2973 3862 moliri
2998 3805 3280 3863 concilium
3309 3823 3416 3863 non
3442 3816 3588 3864 esset
3620 3823 3715 3863 ne-

2107 3913 2258 3955 cesse
2283 3897 2573 3971 Cypriane,
2601 3901 2857 3971 numquid
2882 3913 2988 3956 non
3019 3909 3136 3956 erat
3153 3899 3412 3967 Ecclesia,
3439 3901 3564 3972 quia
3593 3900 3714 3955 talis

2106 4005 2205 4063 per
2227 3993 2406 4048 omnia
2436 3993 2767 4049 consuetudo
2795 3993 3075 4050 tenebatur
3097 4035 3111 4059 ,
3138 4002 3198 4047 ut
3223 3993 3526 4064 Baptismus
3553 3989 3714 4049 Chri-

2108 4087 2175 4142 sti
2201 4086 2415 4142 nonnisi
2433 4084 2630 4143 Christi
2656 4086 2958 4157 Baptismus
2987 4086 3307 4152 haberetur,
3336 4084 3545 4140 etiamsi
3570 4083 3711 4155 apud

2108 4178 2394 4237 haereticos
2430 4181 2516 4237 vel
2557 4179 2927 4236 schismaticos
2965 4178 3122 4236 datus
3166 4177 3331 4236 fuisse
3357 4178 3710 4252 probaretur?

2109 4271 2261 4340 Quod
2289 4273 2336 4329 si
2357 4283 2473 4329 erat
2488 4273 2647 4330 etiam
2671 4281 2797 4328 tunc
2821 4271 3059 4328 Ecclesia
3079 4313 3093 4337 ,
3125 4279 3179 4327 et
3200 4271 3488 4328 hmreditas
3511 4269 3707 4327 Christi

2109 4379 2215 4420 non
2241 4366 2534 4436 interrupta
2575 4361 2840 4436 perierat,
2883 4363 2977 4419 sed
3007 4377 3102 4434 per
3137 4376 3323 4418 omnes
3355 4371 3547 4433 gentes
3575 4375 3704 4432 aug-

2110 4469 2288 4515 menta
2339 4457 2557 4530 capiens
2614 4456 3004 4531 permanebat;
3046 4455 3310 4511 tutissima
3353 4453 3492 4510 ratio
3534 4463 3618 4511 est
3657 4453 3702 4510 in

2109 4552 2293 4608 eadem
2333 4549 2720 4608 consuetudine
2764 4562 3111 4621 permanere,
3149 4561 3266 4619 quae
3307 4556 3432 4602 tunc
3463 4546 3700 4604 bcnoset

2111 4646 2280 4702 malos
2303 4660 2408 4702 una
2434 4642 2806 4716 complexione
2833 4643 2851 4675 ί
2873 4641 3140 4715 portabat.
3169 4639 3227 4697 Si
3249 4649 3424 4696 autem
3453 4649 3580 4695 tunc
3607 4655 3698 4695 nor

2111 4747 2225 4798 erat
2271 4739 2544 4806 Ecclesia,
2580 4737 2703 4810 quia
2737 4737 2980 4808 sacrilegi
3017 4735 3256 4791 haeretici
3299 4733 3414 4789 sine
3440 4733 3698 4805 Baptismc

2110 4831 2540 4904 recipiebantur,
2587 4841 2641 4889 et
2676 4831 2780 4888 hoc
2821 4829 3104 4888 universali
3147 4827 3530 4886 consuetudine
3567 4837 3698 4883 tene-

2109 4923 2300 4992 batur;
2325 4923 2466 4981 unde
2491 4924 2730 4980 Donatus
2754 4921 3036 4997 apparuit?
3057 4921 3124 4978 de
3146 4935 3244 4992 qua
3274 4929 3415 4977 terra
3435 4919 3702 4991 germina-

2110 5020 2228 5076 vit?
2256 5018 2323 5074 de
2357 5033 2463 5089 quo
2501 5017 2636 5073 mari
2673 5013 2932 5073 emersit?
2958 5013 3025 5071 de
3055 5029 3159 5086 quo
3184 5009 3323 5069 coelo
3348 5009 3580 5068 cecidit?
3602 5011 3702 5067 Nos

2110 5115 2317 5187 itaque,
2349 5123 2406 5169 ut
2429 5111 2607 5169 dicere
2636 5125 2903 5183 coeperam
2925 5151 2940 5177 ,
2970 5109 3021 5164 in
3048 5107 3161 5178 ejus
3185 5105 3440 5163 Ecclesiae
3463 5119 3699 5161 commu-

2109 5211 2269 5266 nione
2295 5208 2468 5265 securi
2497 5219 2682 5263 sumus
2703 5247 2719 5273 ,
2750 5221 2846 5276 per
2873 5203 3027 5274 cujus
3052 5201 3452 5258 universitatem
3483 5199 3535 5256 id
3568 5211 3702 5255 nuiic

2109 5304 2316 5378 agitur,
2363 5301 2506 5373 quod
2549 5311 2603 5357 et
2645 5308 2768 5356 ante
2812 5296 3183 5370 Agrippinum,
3217 5306 3269 5352 ct
3294 5298 3432 5353 inter
3456 5295 3700 5368 Agrippi-

2109 5415 2237 5455 num
2281 5408 2336 5453 et
2369 5395 2693 5469 Cyprianum
2735 5407 2831 5464 per
2871 5390 2986 5461 ejus
3025 5390 3418 5445 universitatem
3461 5387 3700 5443 similiter

2109 5491 2394 5565 agebatur;
2416 5497 2471 5546 et
2483 5487 2636 5560 cujus
2657 5484 3056 5542 universitatem
3077 5497 3247 5554 neque
3272 5479 3591 5553 Agrippinus
3608 5479 3698 5535 dc-

2109 5586 2276 5643 scruit
2297 5626 2312 5652 ,
2343 5598 2513 5654 neque
2537 5580 2836 5654 Cyprianus
2859 5621 2874 5647 ,
2899 5591 3070 5647 neque
3099 5576 3173 5630 illi
3202 5575 3292 5644 qui
3313 5574 3390 5629 eis
3420 5585 3698 5628 consense-

2143 5785 2190 5896 τι
2218 5784 2359 5841 editi,
2395 5780 2442 5831 in
2488 5794 2584 5830 una
2628 5776 2972 5844 complexione.
3023 5775 3200 5837 Abest,
3237 5783 3317 5836 II,
3362 5784 3392 5825 a
3444 5766 3695 5822 manuscri-

2166 5861 2218 5896 is.

2111 5859 2218 5896 υῑιδ.
