3802 6128
65 358 157 419 ιιι

61 481 212 538 rant,
243 470 490 542 quamvis
512 467 668 524 aliter
691 479 851 538 quam
878 459 1060 522 caeteri
1086 471 1381 536 saperent,
1409 460 1505 520 sed
1531 470 1655 517 cum

61 566 137 621 eis
161 563 298 634 ipsis
318 578 350 618 a
379 561 571 633 quibus
593 558 804 616 diversa
826 564 1149 623 senserunt,
1180 555 1235 611 in
1262 552 1452 612 eadem
1480 554 1659 609 unita-

61 658 126 713 tis
158 654 541 712 communione
577 660 906 708 manserunt.
960 649 1063 720 ipsi
1099 657 1278 704 autem
1317 646 1660 705 considerent

62 747 144 802 ubi
185 747 293 803 sint
319 787 333 812 ,
378 744 471 815 qui
513 758 687 813 neque
712 740 854 798 unde
883 740 1154 812 propagati
1180 747 1306 794 sunt
1331 745 1554 808 possunt
1576 736 1661 793 di-

64 857 179 899 cere
192 882 207 908 ,
240 840 288 896 si
303 840 415 910 jam
436 847 565 895 tunc
584 836 880 893 Ecclesiam
907 833 1107 905 recepti
1121 834 1239 890 sine
1255 832 1528 902 Baptismo
1549 830 1658 886 hae-

64 934 206 991 retici
226 941 286 988 et
303 930 624 988 schismatici
652 927 1044 985 communionis
1068 925 1387 996 contagione
1405 921 1657 995 perdide-

65 1036 177 1083 rant
195 1042 215 1079 :
242 1039 422 1095 neque
441 1022 542 1095 ipsi
567 1021 833 1093 Cypriane
855 1018 1197 1076 consentiunt
1219 1033 1235 1083 ;
1257 1015 1346 1071 ille
1366 1014 1508 1070 enim
1535 1027 1656 1069 cum

66 1116 426 1189 receptoribus
464 1114 837 1170 haereticorum
861 1120 916 1168 et
942 1107 1403 1166 schismaticorum
1426 1147 1443 1173 ,
1473 1120 1537 1160 ac
1563 1120 1658 1176 per

70 1211 160 1265 hoc
180 1208 344 1266 etiam
368 1222 490 1263 cum
508 1205 638 1278 ipsis
652 1201 883 1275 receptis
902 1215 1119 1258 manere
1138 1214 1197 1256 se
1212 1200 1265 1255 in
1284 1196 1658 1254 communione

68 1302 334 1375 professus
370 1310 493 1368 est;
534 1299 618 1355 isti
656 1306 831 1354 autem
874 1303 1092 1367 propter
1119 1307 1313 1349 nomen
1343 1289 1657 1346 traditarum

68 1412 192 1469 quos
218 1397 277 1453 in
302 1394 481 1452 Africa
506 1391 916 1457 infamaverunt,
942 1397 1000 1445 et
1016 1390 1070 1445 in
1093 1384 1447 1443 transmarino
1457 1382 1657 1454 judicio

69 1507 166 1546 non
209 1490 595 1558 convicerunt,
637 1502 698 1543 se
732 1486 800 1541 ab
822 1484 969 1541 orbis
992 1491 1256 1540 terrarum
1283 1478 1658 1536 communione

70 1589 382 1654 separarunt
426 1600 441 1636 :
483 1595 604 1636 cum
647 1576 858 1635 etiamsi
897 1591 1025 1632 vera
1061 1572 1286 1630 crimina
1325 1570 1655 1642 objicerent,

71 1676 228 1730 multo
274 1674 383 1731 sint
420 1672 622 1744 majora
658 1671 861 1728 scelera
898 1668 1164 1725 haeresum
1192 1674 1248 1723 et
1270 1664 1653 1730 schismatum,

74 1768 202 1825 unde
239 1769 359 1824 sine
394 1765 702 1837 Baptismo,
747 1764 884 1819 sicut
909 1761 1023 1832 ipse
1047 1760 1251 1831 sensit,
1272 1757 1579 1823 venientes,
1602 1762 1661 1813 et

74 1861 121 1915 in
155 1859 474 1916 catholicam
498 1856 931 1915 communionem
959 1867 1066 1908 non
1091 1867 1186 1923 per
1212 1851 1543 1922 Baptismum
1566 1862 1656 1905 re-

74 1953 231 2024 cepti,
272 1967 383 2007 non
412 1957 702 2023 potuerunt
728 1947 994 2003 maculare
1019 1943 1364 2017 Cyprianum.
1392 1940 1576 2013 Neque
1603 1941 1659 1996 in

74 2060 130 2101 eo
152 2045 268 2117 ipso
290 2045 344 2099 in
366 2059 474 2115 quo
499 2057 557 2098 se
580 2041 763 2097 dicunt
789 2038 986 2094 imitari
1011 2035 1359 2109 Cyprianum,
1385 2031 1661 2089 inveniunt

77 2136 188 2206 quid
215 2133 578 2206 respondeant
605 2132 673 2188 de
701 2140 918 2202 receptu
945 2129 1218 2199 Baptismo
1245 2123 1659 2182 Maximianista-

74 2244 180 2282 rum
204 2269 221 2294 ,
246 2242 372 2281 cum
392 2226 472 2281 eis
493 2266 509 2292 ,
540 2238 674 2296 quos
698 2238 765 2279 ex
790 2236 979 2278 eorum
1000 2233 1225 2275 numero
1242 2260 1258 2287 ,
1280 2232 1414 2289 quos
1432 2216 1659 2272 concilio

79 2334 165 2375 suo
184 2318 426 2389 plenario
452 2315 761 2383 damnatos,
790 2314 949 2370 etiam
983 2322 1310 2368 terrenarum
1339 2317 1659 2381 potestatum

72 2409 261 2481 judicio
301 2419 428 2465 sunt
466 2406 771 2479 persecuti,
816 2407 868 2460 in
908 2421 1058 2461 suam
1099 2404 1567 2470 communionem,
1606 2402 1660 2457 in

77 2501 253 2560 eodem
280 2504 399 2574 ipso
420 2500 726 2573 episcopatu
754 2501 807 2555 in
833 2514 938 2572 quo
964 2498 1345 2555 damnaverant
1370 2510 1661 2553 revocave-

77 2604 209 2651 runt.
237 2594 576 2667 Quapropter
596 2593 642 2649 si
670 2592 999 2663 temporibus
1025 2588 1275 2663 Cypriani
1304 2588 1533 2660 perdidit
1556 2588 1659 2644 Ec-

78 2687 282 2745 clesium
334 2688 595 2743 malorum
634 2685 972 2750 communio,
1022 2697 1127 2739 non
1173 2681 1373 2738 habent
1415 2682 1504 2736 isti
1550 2695 1663 2737 suae

80 2781 460 2838 communionis
502 2780 803 2852 originem;
844 2779 891 2835 si
918 2786 1097 2833 autem
1125 2790 1228 2831 non
1260 2774 1523 2846 perdidit,
1555 2789 1663 2831 non

81 2874 265 2935 habent
307 2894 420 2934 suae
460 2875 789 2948 prmcisionis
813 2874 1045 2944 aliquam
1072 2870 1440 2928 defensionem
1469 2885 1486 2925 :
1516 2869 1665 2924 insu—

82 2986 166 3042 per
188 2986 284 3027 nec
306 2969 613 3041 exemplum
638 2965 889 3040 Cypriani
916 2972 1190 3021 sectantur
1209 2963 1269 3031 ιη
1295 2961 1421 3032 quia
1451 2960 1665 3018 unitatis

82 3063 336 3119 vinculum
385 3062 771 3132 disruperunt;
814 3072 917 3115 nec
957 3057 1131 3126 ipsum
1175 3053 1497 3121 concilium,
1541 3052 1664 3124 quia

84 3154 575 3213 Maximianistarum
596 3151 924 3223 Baptismum
946 3155 1283 3222 receperunt.

142 3244 362 3306 CAPUT
392 3246 479 3302 Ill.
504 3276 577 3287 —-
600 3246 653 3301 4.
679 3243 831 3300 Nunc
849 3257 978 3314 ergo
998 3256 1096 3296 nos
1118 3247 1396 3296 manentes
1412 3239 1467 3294 in
1485 3252 1666 3294 exem-

87 3340 163 3411 plo
183 3339 459 3413 Cypriani,
484 3336 887 3394 consideremus
913 3334 1071 3389 etiam
1092 3331 1375 3388 concilium
1391 3328 1662 3402 Cypriani.

86 3430 206 3499 Quid
231 3432 309 3486 ait
331 3427 668 3503 Cyprianus?
694 3426 921 3482 Audistis
938 3468 954 3494 ,
982 3426 1180 3495 inquit,
1212 3423 1419 3494 collega:
1440 3422 1664 3478 dilectis.

87 3522 183 3576 simi
203 3564 219 3588 ,
243 3521 367 3593 quid
388 3520 513 3574 mihi
536 3518 822 3573 Jubaianus
849 3516 1171 3587 coepiscotms
1195 3522 1362 3568 noster
1381 3512 1665 3583 scripserit,

89 3614 331 3668 consulens
374 3610 769 3667 mediocritatem
811 3618 1038 3664 nostram
1079 3607 1142 3661 de
1174 3606 1349 3661 illicito
1377 3614 1425 3660 et
1450 3606 1666 3676 profano

91 3703 421 3759 hereticorum
459 3701 761 3774 Baptismo;
802 3700 1018 3773 quidque
1056 3715 1176 3770 ergo
1213 3697 1554 3767 rescripserim
1581 3697 1663 3764 ei,

89 3811 274 3852 censetis
300 3794 493 3850 scilicet
516 3793 651 3866 quod
675 3792 827 3848 semel
850 3801 998 3862 atque
1024 3792 1202 3845 iterant
1233 3799 1281 3844 et
1309 3805 1443 3862 serpe
1468 3789 1668 3844 censui-

91 3903 186 3941 mus
202 3928 217 3953 ,
252 3887 515 3943 hwrcticos
551 3883 620 3940 ad
644 3882 927 3939 Ecclesium
953 3883 1199 3937 uenientes
1222 3881 1463 3937 Ecclesiw
1490 3880 1667 3952 Bapti-

90 3992 182 4033 smo
217 3979 466 4051 baptizari
502 3988 552 4034 et
588 3977 896 4045 sancti/icari
936 3986 1186 4047 oportere.
1221 3973 1356 4029 Item
1389 3975 1530 4029 lectae
1552 3984 1669 4030 sunt

90 4064 279 4125 robis‘ct
304 4071 424 4125 alite
448 4066 690 4123 Jubaiani
721 4067 927 4135 litterae,
957 4066 1135 4137 quibus
1166 4082 1257 4137 pro
1285 4082 1377 4119 sua
1402 4066 1599 4120 sincera
1622 4073 1669 4119 et

90 4162 306 4235 religiosa
332 4162 594 4217 devotione
620 4161 688 4216 ad
709 4160 972 4232 epistolam
998 4169 1218 4215 nostram
1242 4158 1534 4227 rescribcns,
1567 4176 1670 4214 non

94 4263 269 4310 tantum
295 4254 581 4318 consensit,
611 4253 700 4309 sed
728 4262 773 4307 et
800 4253 1097 4308 instructum
1121 4268 1174 4306 se
1200 4268 1305 4306 esse
1329 4253 1519 4324 gratias
1547 4252 1664 4323 egit.

93 4342 174 4403 His
198 4348 372 4405 verbis
398 4344 538 4403 beati
566 4344 814 4419 Cypriani
839 4389 855 4415 ,
882 4346 1184 4416 accepimus
1212 4361 1336 4403 eum
1355 4362 1385 4402 a
1409 4346 1668 4403 Jubaiano

94 4450 199 4495 esse
239 4440 577 4507 consultum,
622 4448 676 4494 et
716 4436 858 4511 quod
899 4435 1238 4509 responderit
1260 4439 1589 4506 consulenti,
1615 4448 1673 4496 et

94 4533 219 4602 quod
252 4534 344 4590 ille
373 4535 687 4590 instructum
728 4549 787 4589 se
820 4548 941 4590 esse
956 4533 1159 4606 gratias
1182 4534 1369 4605 egerit.
1398 4532 1669 4605 Numquid

95 4622 186 4693 jam
228 4626 530 4697 pertinaces
569 4625 860 4682 existimari
900 4625 1157 4684 debemus
1180 4669 1197 4696 ,
1240 4626 1287 4682 si
1329 4625 1670 4683 considerare

96 4718 403 4775 voluerimus
418 4719 661 4776 eamdem
692 4718 859 4789 ipsam
881 4719 1181 4790 epistolam,
1206 4734 1309 4791 qua
1324 4719 1424 4776 hoc
1450 4717 1668 4775 Jubaia-

99 4823 157 4865 no
191 4824 499 4882 persuasum
538 4810 656 4866 est?
678 4810 856 4868 Donec
880 4812 1023 4869 enim
1044 4811 1426 4882 persuadeatur
1444 4818 1499 4868 et
1516 4811 1669 4870 nobis

102 4899 157 4970 (si
189 4903 284 4960 ltoc
327 4903 634 4975 persuaderi
666 4904 808 4960 veris
844 4899 1139 4959 rationibus
1172 4903 1407 4976 potest),
1449 4918 1673 4961 securos

101 5010 184 5052 nos
220 4998 287 5055 de
331 4998 455 5068 jure
488 4997 766 5055 catholicae
807 4996 1198 5055 communionis
1241 4996 1369 5053 facit
1409 4997 1524 5069 ipse
1567 4995 1670 5069 Cy-

102 5090 317 5157 prianus.

162 5181 211 5237 5.
236 5181 486 5255 Sequitur
514 5182 654 5239 enim
674 5225 690 5250 ,
719 5192 775 5239 et
802 5182 929 5240 dicit
958 5200 973 5236 :
1005 5178 1247 5254 Superest
1270 5193 1324 5238 ut
1349 5183 1413 5239 de
1437 5183 1532 5238 hac
1557 5183 1671 5253 ipsa

102 5290 149 5329 re
178 5277 296 5348 quid
331 5278 520 5351 singuli
552 5276 825 5334 sentiamus
844 5320 859 5344 ,
888 5278 1203 5349 proferamus
1221 5320 1236 5345 ,
1263 5278 1507 5334 neminem
1526 5278 1671 5349 judi-

104 5378 257 5426 cantes
280 5412 294 5437 ,
339 5379 427 5425 aut
465 5386 498 5425 a
528 5369 648 5443 jure
684 5370 1045 5426 communionis
1071 5369 1287 5442 aliquem
1307 5411 1322 5437 ,
1352 5370 1397 5425 si
1422 5369 1673 5426 diversum

103 5461 325 5528 seruerit,
363 5469 666 5517 amoventes.
703 5459 819 5517 Non
862 5462 1033 5518 solum
1062 5478 1191 5534 ergo
1219 5462 1349 5520 mihi
1379 5463 1527 5519 salvo
1550 5463 1671 5536 jure

105 5552 474 5611 communionis
494 5550 670 5610 adhuc
696 5568 880 5610 verum
907 5571 1165 5627 quaerere,
1195 5554 1290 5613 sed
1313 5557 1471 5614 etiam
1497 5556 1671 5614 diver-

105 5656 213 5701 sum
238 5648 431 5705 sentire
454 5647 720 5705 concedit.
756 5646 933 5720 Neque
955 5649 1089 5703 enim
1113 5650 1377 5721 quisquam
1405 5661 1631 5707 nostrum
1652 5693 1666 5719 ,

164 5832 177 5866 ³
200 5839 247 5886 In
267 5841 335 5898 3.,
358 5840 610 5888 sectantes.
634 5841 704 5885 Fr.
731 5835 877 5899 Lugd.
902 5844 1017 5888 Ven.
1044 5843 1152 5887 Lov.
1176 5839 1331 5891 secuti
1360 5852 1542 5891 smnus.
1610 5849 1665 5891 Μ.

1434 342 1638 403 LIBER
1677 346 1999 410 TERTIUS.

3241 377 3347 433 M2

1762 461 1971 561 inquit,
2006 463 2297 537 episcopum
2330 486 2384 525 se
2412 471 2758 547 episcoporum
2801 480 3093 551 constituit,
3137 497 3226 542 aut
3263 501 3347 561 ty-

1762 558 1970 650 rannica
1998 566 2186 650 terrore
2211 561 2285 616 ad
2305 563 2605 635 obsequendi
2627 573 2969 630 necessitatem
2991 575 3209 650 collegas
3229 558 3349 639 suos

1762 646 1942 719 adigit.
1987 648 2124 718 Quid
2165 655 2533 712 mansuetius?
2573 660 2698 730 quid
2734 662 3027 722 ltttmillus?
3069 646 3221 726 Nona
3248 689 3349 732 nos

1762 748 1908 797 certe
1943 741 2178 802 deterret
2204 749 2492 807 auctoritas
2515 766 2547 807 a
2575 758 2863 824 quaerendo
2883 760 3013 831 quid
3039 777 3224 821 rerum
3253 768 3344 824 sit.

1766 834 1984 902 Quando
2021 837 2237 909 habent,
2280 843 2484 914 inqm‘t,
2522 849 2685 904 omnis
2720 852 2983 925 episcopus
3016 873 3109 927 pro
3146 860 3349 918 licentia

2039 942 2086 987 et
2126 938 2386 1003 potestatis
2410 955 2518 995 siue
2539 942 2803 999 arbitrium
2828 948 3117 1020 proprium,
3149 962 3349 1026 tamque

2000 1025 2063 1079 ab
2087 1027 2191 1082 alio
2215 1045 2316 1084 non
2344 1032 2519 1102 possit,
2540 1049 2692 1105 quam
2714 1053 2805 1093 nec
2823 1039 2933 1109 ipse
2949 1050 3108 1111 potest
3132 1022 3350 1102 alterum

1753 1112 1991 1207 judicare
2005 1132 2026 1171 :
2050 1117 2243 1186 opinor
2266 1122 2445 1193 utique
2458 1164 2477 1191 ,
2496 1125 2552 1181 in
2575 1125 2659 1183 bis
2678 1131 3057 1199 quaestionibus
3075 1148 3196 1207 quae
3213 1153 3348 1194 non-

1761 1202 1888 1260 dum
1909 1207 2286 1279 eliquatissima
2317 1214 2644 1284 perfectione
2669 1220 2924 1280 discussae
2950 1202 3108 1283 sunt:
3118 1227 3353 1288 Noverat

1761 1295 1906 1352 enim
1941 1307 2192 1369 quantam
2230 1301 2560 1365 Sacramenti
2584 1312 2999 1381 prolunditatem
3023 1327 3151 1376 tunc
3173 1324 3349 1379 omnis

1760 1385 2000 1484 Ecclesia
2037 1391 2182 1448 varia
2210 1393 2568 1465 disputatione
2596 1404 2883 1476 versabat,
2910 1409 3246 1484 liberumque
3272 1416 3353 1471 fa-

1761 1479 1936 1576 ciebat
1954 1485 2230 1553 quaerendi
2249 1488 2526 1547 arbitrium
2547 1531 2565 1559 ,
2593 1505 2651 1550 ut
2668 1499 2966 1556 amabam
2993 1479 3191 1560 veritas
3217 1520 3352 1576 pan-

1761 1572 1993 1667 deretur.
2017 1576 2200 1649 Neque
2218 1581 2360 1636 enim
2382 1587 2733 1645 mentiebatur
2750 1630 2766 1657 ,
2788 1601 2845 1648 et
2866 1572 3353 1667 simpliciores—col-

1762 1664 1908 1737 legas
1934 1668 1991 1725 in
2010 1669 2179 1726 verbo
2199 1686 2394 1743 capere
2413 1679 2678 1748 wgitabat
2702 1683 2743 1749 ί,
2772 1691 2833 1740 ut
2847 1664 2987 1741 cum'
2996 1700 3057 1744 se
3079 1687 3350 1750 diversum

1762 1756 1963 1814 sentire
1998 1759 2393 1833 prodidissent,
2436 1776 2564 1825 tunc
2602 1782 2789 1829 contra
2811 1788 2971 1846 quam
2996 1782 3351 1851 promiserat,

1763 1851 2305 1919 «communicandos
2331 1871 2454 1914 esse
2481 1872 2745 1920 censeret.
2771 1864 2927 1923 Absit
2951 1869 3021 1925 ab
3039 1872 3217 1928 anima
3243 1882 3355 1930 tam

1763 1948 1949 1997 saneta
1987 1942 2091 1998 ista
2129 1946 2393 2004 scelerata
2433 1951 2655 2019 perfidia
2698 1972 2713 2009 :
2754 1958 2846 2027 qui
2885 1957 2989 2015 hoc
3022 1961 3092 2018 de
3123 1964 3214 2019 tali
3235 1966 3354 2023 viro

1764 2031 1913 2126 quasi
1948 2048 2072 2126 cum
2108 2036 2227 2106 ejus
2263 2038 2419 2095 laude
2455 2044 2725 2113 sentiunt,
2764 2048 2896 2104 nihil
2930 2048 3077 2109 aliud
3109 2069 3268 2126 quam
3291 2070 3356 2115 se

1764 2120 1910 2192 ipsos
1937 2123 2069 2181 tales
2100 2140 2221 2184 esse
2255 2130 2590 2199 profitentur.
2622 2136 2736 2207 Ego
2781 2137 3107 2211 Cyprianum
3126 2120 3357 2205 catholi-

1764 2226 1887 2269 cum
1927 2218 2236 2289 episcopum
2259 2258 2277 2287 ,
2325 2223 2649 2281 catholicum
2685 2237 2978 2303 martyrem
3001 2272 3018 2302 ,
3064 2244 3120 2292 et
3156 2244 3357 2308 quanto

1764 2309 1935 2380 magis
1958 2324 2183 2383 magnus
2204 2323 2319 2370 erat
2338 2354 2357 2383 ,
2378 2324 2526 2374 tanto
2544 2334 2607 2376 se
2626 2321 2678 2375 in
2698 2325 2946 2381 omnibus
2966 2325 3357 2399 bnmiliantem,

1766 2407 1825 2454 ut
1851 2413 2034 2457 coram
2061 2402 2175 2459 Deo
2201 2404 2464 2465 inveniret
2486 2411 2711 2481 gratiam
2739 2412 2925 2486 (Eccli.
2948 2433 3035 2485 nt,
3057 2419 3151 2495 30)
3172 2461 3189 2488 ,
3211 2425 3360 2480 nullo

1767 2506 1987 2562 prorsus
2017 2496 2181 2553 modo
2216 2500 2535 2559 crediderim
2557 2545 2574 2573 ,
2604 2505 2661 2560 in
2686 2516 2874 2565 sancto
2910 2515 3207 2581 praesertim
3229 2528 3359 2572 eon-

1766 2581 1889 2679 cilio
1916 2586 2271 2658 collegarum,
2301 2592 2442 2648 aliud
2463 2608 2558 2651 ore
2584 2598 2868 2665 protulisse
2895 2616 3055 2673 quam
3073 2606 3236 2662 corde
3259 2623 3358 2679 ge-

1768 2673 1979 2744 stabat,
2016 2681 2312 2749 praesertim
2342 2697 2464 2738 cum
2499 2685 2658 2743 addat
2681 2695 2736 2744 et
2757 2688 2903 2746 dicat
2931 2711 2945 2747 :
2975 2691 3083 2749 Sed
3106 2673 3361 2768 exspecte-

1767 2786 1881 2826 ntus
1916 2772 2135 2828 uniuersi
2165 2775 2421 2847 judicium
2457 2777 2668 2836 Domini
2701 2784 2859 2838 nostri
2880 2783 3007 2841 Iesu
3030 2787 3245 2857 Christi,
3272 2793 3361 2861 qui

1769 2882 1898 2922 unus
1923 2877 1972 2921 et
1992 2868 2129 2923 solus
2155 2869 2302 2924 habet
2329 2880 2624 2944 potestatem
2643 2886 2691 2931 et
2720 2881 3049 2950 praeponendi
3072 2898 3169 2937 nos
3183 2884 3237 2937 in
3257 2883 3361 2939 Ec-

1770 2958 1936 3014 clesia
1970 2974 2078 3015 sua
2112 2961 2471 3033 gubernatione
2492 3006 2511 3033 ,
2552 2976 2602 3021 et
2642 2967 2708 3023 de
2744 2980 2865 3024 actu
2899 2981 3072 3027 nostra
3088 2973 3361 3044 ,ἰαῦσαιιαὶ

1771 3049 1880 3123 (Ea;
1912 3052 2126 3108 concilio
2162 3051 2592 3130 Carthaginiensi).
2631 3057 2743 3116 Sub
2767 3062 2943 3117 tanti’
2966 3078 3096 3135 ατο
3118 3076 3362 3122 eamme-

1769 3145 2069 3203 moratione
2096 3146 2321 3217 judicii,
2360 3164 2546 3206 verum
2581 3160 2895 3224 exspectans
2921 3155 3164 3212 audires
3191 3157 3363 3215 colico

1769 3236 1850 3308 gis
1872 3279 1890 3305 ,
1930 3238 2077 3308 prior
2117 3240 2196 3295 eis
2223 3242 2514 3299 mentiendi
2540 3244 2807 3314 prmberet
2825 3248 3128 3319 exemplum
3148 3251 3172 3305 ἵ
3193 3252 3359 3308 Mero

1769 3328 1896 3383 terit
1940 3329 2081 3386 Deus
2119 3329 2259 3388 hanc
2300 3332 2626 3391 dementiam
2668 3353 2700 3391 a
2739 3338 2977 3407 quolibet
3017 3339 3312 3399 christiano
3340 3386 3361 3413 ,

1769 3429 1970 3490 quanto
2005 3423 2178 3493 magis
2216 3438 2250 3478 a
2293 3424 2592 3496 Cypriane!
2640 3427 2908 3485 Habemus
2929 3445 3060 3502 ergo
3085 3437 3363 3503 quaerendi

1771 3510 1997 3568 liberum
2022 3515 2303 3573 arbitrium
2324 3558 2341 3586 ,
2364 3518 2534 3589 ipsius
2557 3520 2808 3593 Cypriani
2828 3524 2987 3581 nobis
3002 3525 3287 3585 mitissimo
3306 3537 3367 3585 et

1770 3606 2115 3663 veracissimo
2140 3623 2390 3668 sermone
2412 3625 2743 3671 concessum.

1842 3696 2068 3754 CAPUT
2097 3698 2185 3755 tv.
2212 3730 2285 3742 --
2311 3701 2365 3759 6.
2397 3703 2519 3759 tam
2541 3706 2759 3776 quidem
2785 3707 3045 3780 incipiunt
3061 3711 3179 3782 ejus
3203 3714 3362 3770 colle-

1770 3804 1852 3860 gae
1883 3791 2128 3862 preprias
2165 3795 2405 3864 proferre
2433 3800 2731 3856 sententiae
2759 3820 2773 3856 :
2804 3802 2899 3859 sed
2935 3804 3004 3862 ad
3042 3806 3363 3865 Jubaianunt

1771 3882 1922 3939 datas
1948 3885 2154 3943 litteras
2183 3888 2487 3947 audierunt.
2522 3892 2779 3951 Recitata
2802 3906 2931 3953 sunt
2964 3901 3131 3968 enim,
3144 3900 3282 3957 sicut
3304 3904 3363 3959 in

1772 3978 1994 4034 exordio
2015 3992 2493 4040 commemoratum
2514 3994 2617 4041 est.
2638 3986 2709 4043 Et
2723 3989 2877 4045 nobis
2896 4006 3026 4062 ergo
3046 3994 3359 4062 recitentur,

1772 4080 1831 4126 ut
1857 4087 1957 4127 nos
1993 4089 2207 4146 quoque
2248 4077 2374 4134 inde
2416 4079 2544 4150 quid
2571 4083 2775 4139 sentire
2812 4095 3078 4155 oporteat,
3103 4098 3361 4159 quantum

1773 4165 2035 4223 Dominus
2074 4169 2310 4240 adjuvat,
2369 4172 2700 4245 indagemus.
2755 4177 2895 4233 Dicit
2940 4181 3161 4237 forsitan
3209 4183 3359 4253 quis-

1774 4257 1937 4328 piam,
1975 4258 2112 4326 Quid
2138 4262 2305 4332 ergo?
2346 4272 2399 4318 tu
2428 4267 2590 4320 modo
2615 4266 2749 4323 dicis
2787 4269 2913 4339 quid
2950 4271 3018 4326 ad
3042 4272 3361 4330 Jubaianam

1773 4351 2052 4422 scripserit
2094 4352 2437 4424 Cyprianus?
2472 4357 2591 4413 Iam
2618 4360 2749 4431 legi,
2776 4360 2980 4428 fateor;
3025 4368 3083 4420 et
3115 4365 3357 4435 profecto

1772 4443 1937 4501 issem
1961 4445 2015 4501 in
2041 4447 2287 4504 eam
2315 4452 2658 4522 sententiam,
2700 4454 2805 4509 nisi
2828 4469 2917 4512 me
2956 4458 3023 4513 ad
3051 4457 3357 4530 diligentio-

1772 4552 1893 4594 rem
1916 4539 2401 4599 considerationem
2437 4554 2717 4603 revocaret
2739 4554 2887 4604 tanta
2906 4553 3194 4609 auctoritas
3220 4554 3359 4611 alioc

1773 4646 1915 4698 rum,
1945 4644 2083 4704 Quos
2122 4634 2211 4690 vel
2237 4648 2396 4705 pares
2421 4638 2589 4708 gratia
2616 4639 2890 4708 doctrinae,
2929 4642 3017 4698 vel
3056 4645 3221 4700 etiam
3242 4646 3356 4703 for-

1772 4730 1916 4778 tasse
1949 4721 2237 4792 doctiores,
2269 4736 2369 4797 per
2384 4735 2465 4785 tot
2483 4737 2670 4801 gentes
2702 4730 2937 4800 Latinae,
2962 4733 3197 4804 Graues,
3222 4737 3357 4795 Baro

1772 4815 1953 4887 bans,
1982 4824 2041 4874 et
2062 4817 2239 4889 ipsam
2260 4819 2564 4890 Maiam,
2603 4822 2847 4878 Ecclesia
2870 4832 2983 4881 toto
3004 4826 3135 4882 orbe
3165 4826 3359 4885 dimica

1771 4922 1962 4980 parere
1980 4911 2173 4980 potuit,
2194 4927 2317 4982 quae
2334 4912 2510 4985 ipsum
2535 4927 2745 4985 quoque
2772 4926 3071 4988 pepererat,
3098 4919 3197 4991 qui
3225 4922 3358 4979 mihi

1773 5003 1923 5060 nullo
1944 5005 2109 5062 modo
2124 5005 2301 5062 videri
2313 5015 2601 5078 potuerunt
2619 5007 2812 5065 ίηειη
2828 5012 3067 5069 Missa
3091 5014 3246 5070 istam
3272 5025 3357 5073 οε-

1772 5099 2731 5171 neresenten‘tiamzmquiaﬁeri
2791 5116 2901 5159 non
2971 5106 3147 5175 potuit
3192 5116 3251 5162 ut
3300 5106 3363 5164 in

1775 5191 2158 5249 obscurissima
2183 5193 2480 5265 quaestione
2498 5195 2679 5251 verius
2702 5196 2945 5265 pluribus
2970 5209 3109 5255 unus
3136 5203 3362 5272 panci're

1774 5287 2067 5356 sentirent;
2097 5288 2197 5345 sed
2218 5288 2339 5359 quia
2369 5298 2475 5345 non
2504 5288 2661 5347 facile
2686 5304 2786 5362 pro
2812 5300 2920 5348 ulto
2944 5294 3028 5350 Vel
3053 5296 3241 5366 parteis
3260 5295 3359 5352 ad-

1775 5390 1965 5435 versus
1991 5379 2413 5437 innumeralin
2449 5382 2691 5453 ejusdem
2738 5384 3013 5455 religionis
3049 5395 3105 5442 et
3142 5386 3361 5444 mtiliti!

1775 5472 1943 5539 viros,
1972 5481 2028 5529 et
2067 5482 2263 5544 magno
2300 5474 2605 5546 ingeniost
2625 5474 2777 5533 uberi
2815 5477 3057 5534 doctrina
3083 5478 3360 5550 praeditos,

1776 5565 1878 5621 nisi
1932 5566 2267 5636 pertractatis
2314 5581 2411 5637 pro
2451 5568 2652 5624 viribus
2697 5578 2855 5640 atque
2882 5570 3178 5641 perspectis
3202 5567 3367 5626 rebus

1776 5657 1992 5714 ferenda
2042 5660 2302 5714 sententia
2352 5670 2454 5716 est.
2508 5661 2690 5733 itaque
2728 5660 3004 5717 sollicitius
3051 5662 3359 5735 inquirenti,

1841 5777 1855 5804 ¹
1882 5771 1988 5839 sola
2013 5773 2162 5824 editio
2184 5780 2289 5823 ιον.
2300 5811 2312 5839 ,
2323 5838 2327 5839 ν
2339 5773 2571 5839 cupiebat.

1842 5840 1861 5868 ιι
1888 5836 2074 5903 aliquot
2091 5844 2217 5900 Mss,
2244 5836 2344 5889 tali.
