3802 6122
432 265 537 323 “5

431 388 630 455 quanta
660 376 788 434 mihi
833 376 993 433 etiam
1037 374 1202 444 ipsius
1237 368 1718 470 Cypriani-litterae
1743 378 2021 470 suggesse-

432 476 540 531 rint
572 486 670 543 pro
698 471 798 526 hac
823 466 1108 531 sententia,
1139 477 1298 534 quam
1327 476 1467 517 nunc
1493 459 1733 516 Ecclesia
1762 455 2022 512 catholica

437 574 602 630 tenet,
637 572 693 618 ut
719 559 916 617 Christi
946 557 1247 628 Baptismus
1274 570 1380 609 non
1405 569 1490 652 ex
1500 552 1696 652 merito
1720 564 1907 652 eorum
1929 563 2026 652 per

434 672 571 730 quos
600 655 776 719 datur,
804 651 897 708 sed
926 665 989 707 ex
1018 648 1187 721 ipsius
1215 645 1285 703 de
1313 660 1419 717 quo
1460 645 1659 700 dictum
1688 651 1791 709 est,
1823 639 1922 694 Hic
1951 647 2026 694 est

432 751 520 822 qui
546 749 765 818 baptizat
782 743 963 816 (Joan.
987 759 1025 806 ι,
1053 738 1169 813 55),
1191 737 1560 838 agnoscendus
1575 744 1630 838 et
1649 730 2028 838 approbandus

434 843 526 907 sit,
568 841 621 895 in
665 852 949 910 progressu
980 833 1243 891 sermonis
1283 835 1451 887 nostri
1480 845 1567 887 res
1607 830 1722 899 ipsa
1751 825 2024 882 indicabit.

431 931 773 988 Arbitremur
811 929 995 1009 itaque
1013 925 1125 997 jam
1169 924 1314 980 illam
1340 923 1641 1023 epistolam,
1678 935 1799 1023 quae
1835 919 1903 1023 ad

433 1023 685 1080 haianum
716 1021 784 1077 ab
812 998 1001 1075 eodem
1022 1018 1145 1074 data
1170 1025 1272 1083 est,
1299 1016 1576 1073 recitatam
1608 1013 1782 1080 nobis,
1811 1013 1950 1068 sicut
1974 1011 2028 1066 in

435 1114 665 1172 concilio
692 1112 768 1186 (a)
800 1111 1019 1168 recitata
1045 1118 1146 1167 est.
1176 1110 1340 1182 Legat
1363 1123 1481 1166 eam
1512 1108 1705 1180 primo,
1729 1106 1820 1178 qui
1862 1106 2030 1161 lectu-

435 1221 530 1262 rus
553 1216 636 1262 est
656 1204 771 1260 haec
799 1219 918 1275 quae
946 1201 1184 1258 dicturus
1211 1216 1348 1269 sum,
1383 1215 1451 1257 ne
1474 1199 1600 1272 quid
1622 1199 1758 1256 forte
1777 1212 2029 1255 necessa-

433 1299 576 1355 rium
609 1312 696 1354 me
723 1296 1053 1353 subtraxisse
1093 1294 1401 1351 arbitretur.
1431 1293 1600 1349 Nimis
1636 1292 1780 1350 enim
1813 1293 2028 1364 longum

438 1400 546 1459 est,
573 1405 672 1447 nec
699 1389 768 1445 ad
811 1388 1220 1459 explicationem
1269 1395 1533 1458 suscepta:
1576 1385 1655 1440 rei
1691 1384 1940 1455 pertinet,
1971 1389 2030 1439 ut

438 1482 620 1540 omnia
647 1480 809 1537 verba
835 1479 994 1550 hujus
1023 1479 1264 1550 epistolae
1312 1492 1455 1534 nunc
1481 1484 1970 1534 commemorentur
1997 1489 2029 1530 a

437 1575 614 1632 nobis.
1030 1664 1083 1673 Μ
1202 1663 1213 1673 .
1355 1671 1360 1673 Α
1465 1609 1470 1612 ·
1633 1661 1666 1673 __

508 1664 738 1722 CAPUT
765 1665 828 1720 V.
856 1695 926 1704 —-
944 1666 999 1720 7.
1029 1664 1086 1720 Si
1126 1663 1245 1734 quis
1276 1671 1453 1719 autem
1479 1661 1692 1734 quaerit,
1719 1661 1847 1733 quid
1889 1661 2031 1718 inte-

437 1761 543 1817 rim
568 1767 777 1816 teneam
808 1758 936 1814 dum
972 1759 1072 1814 ista
1103 1766 1372 1828 pertracto
1399 1775 1415 1811 :
1445 1755 1768 1827 respondeo,
1797 1757 2030 1827 primum

436 1851 570 1908 mihi
597 1851 847 1924 Cypriani
879 1851 1083 1906 litteras
1125 1850 1454 1954 suggessisse
1474 1850 1621 1953 quod
1670 1848 2031 1954 teneamus.

434 1958 540 1999 nec
566 1942 882 2014 perspiciam
904 1943 1061 2012 quale
1081 1942 1148 1996 sit
1177 1941 1320 2012 quod
1349 1943 1512 2013 coepit
1533 1952 1722 2046 postea
1750 1941 2028 2046 disputari.

435 2035 530 2092 Ait
556 2035 754 2106 quippe
794 2035 910 2105 ipse
955 2033 1254 2106 Cyprianus
1288 2053 1300 2089 ε
1335 2034 1441 2089 Sed
1489 2035 1611 2088 dicit
1651 2035 1853 2105 aliquis,
1894 2033 2031 2100 Quid

435 2145 557 2199 ergo
580 2129 664 2197 fiet
684 2129 747 2182 de
766 2127 828 2182 iis
849 2128 936 2198 qui
959 2128 1011 2180 in
1036 2128 1344 2197 praeteritum
1368 2127 1432 2181 de
1457 2127 1637 2182 Itwresi
1673 2129 1922 2183 venientes
1961 2127 2030 2182 ad

433 2219 748 2286 Ecclesiam,
770 2221 880 2274 sine
912 2218 1176 2291 Baptismo
1214 2218 1423 2273 admissi
1463 2230 1578 2274 sunt
1603 2219 1797 2293 (Epist.
1831 2221 1919 2283 73,
1963 2221 2032 2274 ad

436 2310 1000 2383 Jubaianum)?Utrum
1028 2326 1214 2367 revera
1241 2312 1357 2367 sine
1382 2311 1656 2382 Baptismo
1682 2313 1771 2368 isti
1796 2311 2028 2379 fuerint;

437 2417 508 2457 an
557 2401 678 2458 ideo
706 2403 814 2457 sint
857 2401 1095 2468 admissi,
1128 2403 1251 2473 quia
1298 2402 1374 2458 illi
1415 2403 1506 2474 qui
1534 2403 1907 2472 admittebant,
1937 2419 2032 2461 eos

435 2495 639 2552 habere
684 2495 1013 2566 Baptismum
1053 2494 1449 2566 intelligebant,
1500 2510 1623 2550 mox
1669 2496 2035 2553 considerabi-

433 2603 574 2644 mus.
608 2586 987 2644 Verumtamen
1009 2602 1127 2657 quze
1149 2588 1346 2642 soleret
1367 2602 1485 2642 esse
1517 2588 1772 2644 Ecclesiae
1800 2590 2026 2645 consue-

432 2679 584 2748 tudo,
612 2679 740 2734 satis
761 2678 902 2735 idem
923 2679 1220 2752 Cyprianus
1241 2678 1493 2747 ostendit,
1511 2681 1602 2750 qui
1621 2681 1715 2748 ait,
1735 2680 1789 2736 in
1809 2689 2030 2752 praeter-

429 2771 563 2828 itum
601 2770 671 2828 de
714 2770 908 2827 haeresi
944 2769 1012 2826 ad
1052 2769 1347 2826 Ecclesiam
1373 2770 1648 2828 venientes
1689 2772 1807 2828 sine
1845 2773 2029 2844 Bapti-

429 2879 552 2921 smo
571 2864 856 2920 admissos.

505 2955 561 3012 8.
602 2954 741 3010 Dicit
779 2954 940 3010 etiam
985 2954 1043 3008 in
1087 2955 1203 3026 ipso
1228 2955 1458 3011 concilio
1481 2955 1671 3012 Castus
1719 2956 2026 3014 Siccensis:

434 3049 539 3119 Qui
588 3059 877 3120 contempta
922 3051 1129 3106 ueritate
1181 3051 1439 3121 prwsumit
1481 3053 1889 3107 consuetudinem
1941 3071 2025 3108 se-

427 3141 555 3212 qui,
604 3151 694 3196 aut
739 3143 874 3197 circa
915 3145 1098 3214 fratres
1127 3143 1329 3197 invidus
1355 3154 1426 3198 est
1455 3156 1499 3198 et
1537 3144 1809 3216 malignus,
1849 3146 2025 3216 quibus

428 3233 611 3290 veritas
637 3232 925 3301 revelatur;
953 3244 1042 3288 aut
1069 3235 1205 3288 circa
1235 3233 1395 3290 Deum
1411 3236 1639 3306 ingratus
1661 3246 1752 3304 est,
1781 3240 1925 3308 cujus
1945 3240 2024 3293 in-

426 3327 707 3397 spiratione
735 3326 961 3383 Ecclesia
985 3327 1096 3396 eius
1121 3327 1406 3382 instruitur.
1436 3327 1624 3383 Utrum
1649 3329 1846 3385 veritas
1869 3347 2020 3387 reve—

425 3419 533 3475 lata
555 3420 645 3489 sit,
675 3435 798 3476 mox
819 3434 1120 3492 quaeremus
1145 3438 1157 3475 τ
1189 3429 1366 3477 tamen
1387 3421 1544 3478 aliam
1573 3419 1738 3478 fuisse
1763 3422 2016 3480 Ecclesiae

425 3514 889 3579 consuetudinem,
919 3514 1080 3569 etiam
1110 3515 1210 3570 iste
1228 3514 1506 3570 confessus
1531 3525 1633 3570 est.

498 3605 726 3661 CAPUT
764 3605 853 3658 Vl.
886 3635 956 3645 —-
989 3607 1042 3661 9.
1087 3605 1226 3660 Dicit
1262 3616 1318 3661 et
1361 3606 1586 3663 Libosus
1631 3608 1882 3679 Vagensis
1913 3630 1922 3665 :
1953 3609 2020 3666 In

427 3697 707 3769 Evangelia
738 3695 988 3751 Dominus
1007 3738 1020 3762 ,
1077 3716 1095 3747 ‹
1129 3695 1241 3768 Ego
1270 3713 1410 3764 sum,
1443 3716 1460 3748 ι
1497 3699 1690 3769 inquit,
1739 3720 1755 3751 ι
1786 3702 1965 3757 veritas
1993 3723 2011 3755 ›

425 3789 609 3862 (Joan.
638 3805 746 3854 xlv,
770 3787 864 3860 6):
893 3805 996 3843 non
1045 3787 1194 3855 dixit,
1245 3788 1356 3860 Ego
1397 3806 1508 3844 sum
1546 3793 1869 3846 consuetudo.
1906 3792 2016 3847 Ita-

425 3898 524 3950 que
575 3881 780 3936 veritate
827 3879 1186 3950 manifestata,
1238 3879 1383 3934 cedat
1439 3884 1744 3937 consuetudo
1799 3886 2012 3941 veritati.

420 3975 589 4034 Plane
615 3975 735 4046 quis
780 3973 986 4029 dubitet
1014 3973 1225 4030 veritati
1268 3973 1618 4030 manifestata:
1657 3976 1853 4034 debere
1881 3995 2012 4036 con-

425 4066 765 4122 suetudinem
790 4065 1018 4122 cedere?
1047 4064 1155 4122 Sed
1181 4065 1249 4122 de
1274 4067 1609 4123 manifestata
1640 4069 1861 4127 veritate
1892 4088 2014 4129 mox

423 4156 720 4214 videbimus
744 4176 756 4211 :
785 4171 927 4213 nunc
951 4165 1128 4213 tamen
1155 4166 1209 4212 et
1245 4157 1346 4213 iste
1375 4157 1532 4213 aliam
1569 4161 2010 4220 consuetudinem

421 4251 587 4308 fuisse
612 4248 940 4307 manifestat.
1115 4282 1126 4290 —

493 4341 721 4400 CAPUT
746 4341 860 4397 νη.
880 4371 952 4382 --
969 4340 1058 4398 10.
1090 4341 1222 4398 Item
1247 4341 1495 4398 Zosimus
1513 4358 1544 4398 a
1560 4342 1822 4400 Tharassa
1843 4346 2008 4403 dixit:

421 4435 746 4492 Revelatione
775 4437 916 4504 facta
937 4434 1182 4502 ueritatis,
1215 4435 1361 4490 cedat
1389 4451 1530 4490 error
1552 4437 1748 4492 ueritati
1776 4456 1794 4493 :
1820 4440 1940 4510 quia
1965 4451 2012 4496 et

421 4527 608 4583 Petrus
625 4527 714 4600 qui
739 4526 883 4598 prius
905 4525 1324 4594 circumcidebat,
1363 4527 1508 4582 cessit
1548 4527 1716 4585 Paulo
1752 4532 2011 4589 veritatem

418 4619 742 4692 prwdicanti.
771 4617 952 4674 Noluit
979 4617 1194 4688 quidem
1219 4618 1321 4675 iste
1345 4618 1525 4677 dicere
1543 4623 2007 4695 consuetudinem,

417 4713 512 4770 sed
544 4727 782 4769 errorem
811 4729 826 4766 :
860 4719 1232 4768 verumtamen
1259 4727 1378 4768 cum
1400 4713 1551 4782 dicit,
1579 4715 1711 4784 Quia
1739 4727 1786 4772 et
1821 4717 2010 4777 Petrus

415 4805 505 4877 qui
533 4805 674 4876 prius
705 4804 1112 4873 circumcidebat,
1149 4806 1294 4860 cessit
1328 4803 1498 4862 Paulo
1521 4809 1779 4865 veritatem
1820 4813 2009 4883 praedi-

417 4896 630 4963 dicanti,
667 4896 797 4952 satis
823 4896 1020 4953 indicat
1046 4897 1189 4969 quod
1231 4897 1374 4954 aliud
1416 4899 1576 4957 etiam
1622 4901 1691 4959 de
1734 4904 2008 4976 Baptismo

415 4988 536 5045 ﬁeri
557 4987 782 5045 solebat.
805 4988 975 5045 Simul
995 4999 1049 5044 et
1072 4990 1325 5048 admonet
1343 5007 1463 5061 nos,
1487 5009 1594 5050 non
1620 4995 1782 5053 fuisse
1809 4998 2008 5070 impos-

415 5079 575 5136 sibile
604 5088 664 5136 ut
681 5079 750 5137 de
777 5079 1050 5152 Baptismo
1075 5079 1372 5155 Cyprianus
1398 5086 1597 5158 aliquid
1617 5089 1774 5146 aliter
1793 5103 2007 5163 saperet

416 5186 576 5244 quam
617 5172 816 5228 veritas
857 5172 1177 5244 postulabat,
1222 5191 1342 5247 quae
1389 5177 1458 5233 ab
1490 5179 1729 5238 Ecclesia
1771 5191 1827 5239 et
1879 5195 2005 5242 ante

411 5263 562 5320 illum
614 5272 668 5321 et
710 5274 832 5335 post
873 5264 1022 5321 illum
1072 5275 1279 5324 retenta
1327 5277 1442 5337 est;
1501 5270 1546 5326 si
1591 5273 1762 5343 potuit
1806 5275 2005 5348 aliquid

408 5358 572 5415 etiam
613 5357 803 5414 Petrus
844 5357 1001 5415 aliter
1037 5373 1229 5432 sapere
1269 5377 1430 5432 quam
1468 5365 1666 5421 veritas
1711 5365 2000 5441 habebat‘,

408 5465 572 5522 quam
617 5449 785 5507 Paulo
821 5449 1066 5521 apostolo
1105 5449 1326 5510 doctore
1361 5452 1649 5515 didicimus
1697 5457 1894 5534 (Gatat.
1940 5479 1998 5532 ιι,

411 5541 630 5613 tt-u).

471 5700 488 5764 ξ
522 5699 602 5764 alii
629 5699 796 5764 plures
814 5699 942 5761 libri,
968 5700 1096 5764 quod
1121 5701 1297 5754 veritas
1320 5716 1412 5755 non
1435 5705 1651 5760 habebat.

468 5761 541 5821 tu)
564 5761 938 5824 carthaginensi.

1183 255 1270 310 DE
1308 245 1642 308 BAPTISMO
1679 237 1955 303 CONTRA
1994 240 2441 310 DONATISTAS,
2484 246 2541 300 S.
2583 245 2956 306 AUGUSTINI

3627 262 3733 321 144

2206 357 2431 415 CAPUT
2463 359 2594 416 Vlll.
2617 393 2688 404 —
2709 365 2797 420 11.
2824 364 2957 422 Item
2986 365 3139 424 Felix
3170 382 3202 425 a
3228 369 3542 430 Buslaceni'
3565 374 3728 432 dixit:

2136 449 2203 505 In
2229 450 2475 508 luereticis
2497 454 2608 510 sine
2633 456 2880 514 Ecclesia:
2900 457 3164 530 Baptismo
3191 465 3520 524 admittendis
3536 511 3551 536 ,
3583 487 3731 527 nemo

2136 545 2548 603 consuetudinem
2575 549 2762 605 rationi
2799 562 2846 606 et
2882 554 3080 609 veritati
3121 569 3420 630 praeponat;
3456 563 3578 633 quia
3600 579 3730 618 con-

2135 640 2452 696 suetudinem
2494 643 2624 699 ratio
2664 652 2712 699 et
2753 646 2934 702 veritas
2971 663 3167 720 semper
3204 654 3450 708 excludit.
3480 654 3535 712 Si
3566 657 3728 725 ratio,

2137 733 2182 788 si
2209 734 2424 803 veritas,
2457 737 2660 806 optime
2689 755 2701 792 :
2734 738 2832 794 sed
2856 739 2959 796 hoc
2992 755 3116 798 mox
3142 743 3462 802 videbimus.
3507 746 3730 805 Interim

2136 825 2294 882 aliam
2336 826 2502 885 fuisse
2533 832 2977 890 consuetudinem
3007 835 3169 892 etiam
3211 840 3388 897 verbis
3432 841 3591 913 hujus
3632 858 3732 914 ap-

2136 931 2307 991 paret.

2207 1011 2432 1071 CAPUT
2472 1016 2566 1073 1X.
2590 1048 2658 1059 ——
2687 1018 2774 1075 12.
2816 1021 2950 1079 ltem
2974 1023 3277 1085 Honoratus
3298 1045 3329 1086 a
3352 1031 3526 1089 Tucca
3555 1034 3695 1092 dixit

2138 1103 2265 1160 Cum
2289 1105 2524 1165 Christus
2553 1113 2736 1169 veritas
2759 1115 2844 1184 sit,
2867 1120 3031 1190 magis
3058 1123 3315 1179 veritatem
3333 1143 3486 1196 quam
3514 1146 3730 1186 consue-

2139 1201 2362 1257 tudinem
2386 1207 2528 1276 sequi
2555 1207 2807 1266 debemus.
2849 1212 2944 1270 His
2971 1217 3217 1275 omnibus
3248 1225 3528 1283 sententiis
3553 1227 3730 1285 decla-

2137 1303 2287 1349 ratur
2333 1312 2439 1353 non
2482 1310 2633 1356 extra
2679 1303 2936 1363 Ecclesia:
2978 1315 3409 1373 communionem
3459 1337 3560 1378 nos
3612 1337 3734 1380 esse

2138 1389 2476 1459 constitutos,
2505 1392 2678 1451 donec
2700 1399 2915 1468 veritas,
2954 1418 3110 1473 quam
3135 1406 3318 1464 dicunt
3353 1411 3474 1469 huic
3503 1431 3731 1474 consue-

2139 1479 2309 1536 tudini
2335 1498 2456 1538 esse
2487 1492 2924 1559 praeponendam,
2958 1496 3157 1568 liquido
3182 1501 3431 1561 eluxerit.
3465 1507 3523 1564 Si
3551 1520 3730 1566 autem

2137 1572 2337 1630 veritas
2365 1575 2420 1631 id
2447 1581 2658 1648 aperuit
2681 1597 2801 1641 esse
2826 1587 3186 1661 retinendum,
3208 1597 3349 1666 quod
3386 1599 3474 1654 illa
3504 1616 3732 1660 consue-

2139 1665 2268 1722 tudo
2295 1673 2726 1742 praescripserat;
2766 1680 3105 1738 manifestum
3129 1687 3255 1754 erit,
3292 1705 3394 1746 nec
3433 1691 3582 1750 illam
3621 1695 3732 1750 fru-

2139 1768 2248 1814 stra
2278 1759 2443 1819 fuisse
2470 1765 2770 1825 institutam
2799 1782 2958 1844 atque
2983 1777 3313 1848 roboratam,
3347 1791 3402 1839 et
3426 1786 3730 1858 vigilantius

2139 1852 2300 1908 etiam
2327 1866 2450 1924 post
2470 1858 2599 1916 istas
2627 1860 3016 1932 disputationes
3046 1873 3177 1928 tanti
3221 1852 3556 1935 Sacramenti
3592 1882 3732 1936 salu-

2137 1942 2428 2003 berrimam
2468 1952 2896 2014 observationem
2939 1960 2994 2017 in
3036 1963 3274 2022 Ecclesia
3321 1971 3586 2029 catholica
3624 1991 3730 2032 non

2138 2040 2377 2108 potuisse
2402 2045 2615 2114 mutari,
2641 2048 2738 2104 sed
2765 2053 3111 2111 conciliorum
3137 2059 3298 2115 etiam
3320 2063 3515 2134 majori
3540 2067 3733 2125 robore

2138 2135 2508 2194 conﬁrmatam
2535 2141 2936 2214 religiosissime
2959 2152 3237 2209 custodiri.

2213 2228 2444 2287 CAPUT
2482 2232 2756 2295 Χ.-15.
2797 2239 2993 2298 Scribit
3031 2261 3159 2317 ergo
3194 2249 3260 2304 ad
3282 2249 3602 2311 Jubaianum
3627 2257 3731 2329 Cy-

2140 2320 2381 2391 prianus,
2411 2325 2475 2379 de
2499 2326 2852 2387 haereticorum
2871 2333 3156 2408 Baptismo,
3180 2344 3269 2412 qui
3300 2345 3554 2404 videntur
3573 2351 3622 2406 ei
3651 2320 3732 2421 r3—

2139 2413 2211 2468 ris
2247 2417 2416 2485 positi,
2446 2431 2493 2474 et
2525 2431 2666 2478 extra
2707 2425 2988 2485 Ecclesiam
3016 2436 3301 2501 constituti,
3344 2441 3604 2499 uindicare
3641 2447 3732 2500 sibi

2139 2520 2263 2570 rem,
2297 2524 2386 2562 nec
2401 2511 2540 2580 juris
2566 2517 2665 2580 sui,
2695 2534 2785 2571 nec
2806 2524 3088 2591 potestatis,
3119 2528 3256 2597 quod
3279 2547 3392 2600 nos,
3425 2535 3619 2606 inquit,
3645 2555 3732 2592 nec

2139 2607 2307 2652 ratum
2353 2620 2618 2672 possumus
2667 2626 2760 2664 nec
2801 2612 3077 2685 legitimum
3129 2631 3344 2690 putare,
3393 2631 3600 2696 quando
3642 2632 3734 2686 hoc

2140 2692 2279 2760 apud
2303 2709 2387 2749 eos
2412 2712 2520 2751 esse
2539 2710 2728 2756 constet
2753 2703 3008 2762 illicitum.
3039 2709 3147 2767 Nec
3179 2730 3276 2770 nos
3300 2717 3586 2777 abnuimus
3608 2739 3732 2779 eum

2139 2781 2227 2850 qui
2274 2785 2412 2853 apud
2456 2785 2736 2848 haereticos
2778 2797 2863 2851 vel
2908 2796 2960 2852 in
3013 2800 3196 2873 aliquo
3237 2808 3527 2867 schismate
3577 2823 3732 2869 extra

2138 2878 2570 2959 communionem
2617 2883 2869 2943 Ecclesiae
2912 2889 3230 2965 baptizatur,
3261 2913 3366 2955 non
3397 2902 3445 2957 ei
3474 2905 3732 2973 prodesse

2137 2965 2191 3022 in
2208 2981 2463 3038 quantum
2491 2971 2866 3034 haereticorum
2893 2992 2948 3037 et
2972 2984 3429 3048 schismaticorum
3459 2999 3731 3066 perversi-

2136 3059 2232 3114 tati
2258 3065 2552 3132 consentit;
2585 3083 2686 3124 nec
2711 3070 2829 3127 illos
2857 3074 2948 3144 qui
2975 3075 3262 3148 baptizant,
3290 3059 3533 3154 quamvis
3554 3090 3730 3161 ipsum

2135 3157 2190 3204 et
2234 3167 2415 3208 verum
2460 3155 2588 3212 dent
2627 3158 2883 3230 Baptismi
2925 3180 3337 3240 sacramentum,
3371 3187 3517 3236 recte
3547 3155 3731 3240 tamen

2133 3241 2328 3312 facere,
2357 3255 2511 3303 extra
2526 3249 2820 3310 Ecclesiam
2836 3259 3105 3330 colligere,
3137 3273 3191 3320 et
3217 3278 3402 3324 contra
3431 3270 3729 3332 Ecclesiam

2129 3337 2350 3392 sentire.
2385 3337 2491 3396 Sed
2519 3342 2665 3399 aliud
2691 3357 2774 3402 est
2810 3364 2914 3404 non
2957 3349 3154 3412 habere
3185 3357 3404 3429 aliquid,
3442 3365 3586 3421 aliud
3621 3385 3727 3425 non

2126 3425 2247 3496 jure
2273 3427 2472 3487 habere
2499 3433 2587 3489 vel
2615 3435 2798 3495 illicite
2821 3456 3099 3514 usurpare.
3128 3446 3244 3504 Non
3272 3425 3453 3524 itaque
3473 3456 3596 3513 ideo
3621 3477 3726 3518 non

2130 3531 2254 3577 sunt
2278 3523 2618 3585 Sacramenta
2644 3531 2842 3591 Christi
2876 3547 2932 3593 et
2955 3540 3238 3613 Ecclesiae,
3269 3549 3392 3619 quia
3419 3552 3498 3608 eis
3541 3554 3727 3614 illicite

2129 3623 2369 3685 utuntur,
2402 3635 2508 3676 non
2539 3622 2775 3684 haeretici
2801 3631 2996 3698 solum,
3028 3637 3122 3691 sed
3148 3640 3309 3695 etiam
3337 3658 3524 3702 omnes
3551 3649 3724 3720 iniqui

2128 3715 2183 3760 et
2211 3709 2380 3778 impii.
2413 3711 2518 3769 Sed
2549 3723 2726 3774 tamen
2755 3721 2828 3776 illi
2859 3729 3156 3798 corrigendi
3187 3743 3275 3789 aut
3302 3739 3558 3805 puniendi
3593 3763 3607 3798 :
3639 3709 3724 3800 illa

2124 3814 2253 3855 vero
2279 3809 2614 3874 agnoscenda
2637 3823 2692 3868 et
2721 3820 3020 3875 veneranda
3047 3834 3192 3880 sunt.

2197 3895 2284 3949 14.
2326 3897 2464 3954 Dicit
2489 3917 2618 3961 sane
2659 3905 2727 3963 de
2767 3907 2868 3965 hac
2913 3927 2972 3968 re
3005 3931 3112 3971 non
3154 3934 3340 3991 unum,
3373 3927 3466 3982 sed
3497 3929 3607 3985 duo
3638 3934 3719 3988 vel

2122 3989 2352 4059 amplius
2398 3994 2537 4051 facta
2586 4013 2705 4056 esse
2761 4006 3020 4075 concilia,
3073 4011 3167 4067 sed
3218 4024 3394 4074 tamen
3445 4022 3717 4082 Africana.

2120 4079 2253 4136 Nam
2291 4094 2346 4140 et
2386 4086 2438 4141 in
2487 4091 2718 4159 quodam
2761 4102 3093 4172 septuaginta
3139 4116 3193 4162 et
3233 4126 3394 4166 unum
3435 4117 3719 4191 episcopos

2958 4170 2970 4172 Ὗ
3466 4170 3480 4186 ι
3529 4170 3712 4191 "'I'""

2119 4170 2284 4232 fuisse
2331 4193 2755 4256 commemorat,
2801 4204 3025 4261 quorum
3081 4202 3318 4256 omnium
3373 4212 3712 4280 auctoritati,

2119 4265 2383 4324 universae
2407 4269 2666 4331 Ecclesiae
2694 4293 2816 4334 cum
2848 4281 3004 4354 longe
3034 4286 3273 4357 pluribus
3303 4297 3569 4369 episcopis
3603 4314 3713 4359 toto

2117 4356 2250 4413 orbe
2274 4359 2481 4418 diffusae
2509 4370 2882 4428 auctoritatem
2915 4391 3019 4431 non
3041 4356 3353 4442 dubitamus
3393 4404 3514 4445 cum
3547 4397 3713 4464 ipsius

2116 4446 2367 4521 Cypriani
2414 4469 2546 4525 pace
2583 4474 2922 4536 praeponere,
2963 4470 3117 4540 cujus
3148 4476 3408 4536 universae
3456 4483 3714 4545 Ecclesia:

2116 4542 2453 4605 inevulsibile
2483 4553 2782 4612 membrum
2809 4575 2869 4615 se
2897 4575 3016 4618 csse
3042 4567 3326 4634 gaudebat.

2189 4640 2276 4695 15.
2316 4640 2433 4699 Non
2457 4657 2539 4701 est
2565 4658 2745 4706 autem
2773 4670 2908 4726 aqua
2932 4659 3153 4730 profana
3177 4674 3225 4717 et
3253 4667 3485 4726 adultera
3502 4715 3517 4739 ,
3550 4689 3713 4746 super

2115 4745 2271 4801 quam
2328 4751 2524 4794 nomen
2569 4739 2666 4797 Dei
2715 4743 3009 4812 invocatur,
3057 4753 3264 4812 etiamsi
3306 4775 3338 4814 a
3385 4762 3622 4831 profanis
3659 4777 3713 4823 ct

2114 4824 2371 4884 adulteris
2429 4829 2706 4891 invocetur
2742 4855 2757 4892 :
2799 4841 2923 4910 quia
2975 4859 3074 4900 nec
3123 4846 3236 4917 ipsa
3284 4862 3526 4909 creatura
3553 4899 3570 4922 ,
3614 4876 3713 4915 nec

2114 4919 2287 4990 ipsum
2319 4939 2515 4982 nomen
2546 4928 2847 4988 adulterum
2877 4944 2979 4992 est.
3023 4937 3327 5010 Baptismus
3355 4962 3481 5004 vero
3509 4948 3711 5010 CltriSti

2112 5018 2289 5074 verbis
2314 5024 2639 5094 evangelicis
2667 5041 3028 5102 consecratus,
3058 5045 3114 5092 et
3151 5053 3249 5108 per
3274 5041 3550 5102 adulteros
3570 5056 3627 5103 et
3658 5050 3708 5104 in

2112 5109 2367 5171 adulteris
2387 5128 2602 5175 sanctus
2627 5132 2730 5191 est,
2753 5128 3002 5198 quamvis
3022 5129 3101 5186 illi
3126 5134 3234 5189 sint
3260 5136 3510 5208 impudici
3529 5152 3586 5198 et
3607 5145 3706 5198 im-

2113 5206 2295 5262 mundi
2328 5227 2342 5263 :
2369 5210 2492 5282 quia
2520 5213 2632 5285 ipsa
2667 5217 2784 5289 ejus
2811 5221 3063 5278 sanctitas
3089 5226 3256 5296 pollui
3288 5206 3392 5286 non
3426 5243 3626 5303 potest,
3655 5243 3710 5293 et

2111 5311 2447 5358 sacramento
2467 5318 2566 5361 suo
2586 5307 2764 5364 divina
2788 5312 2953 5367 virtus
2978 5318 3200 5386 assistit,
3231 5320 3346 5380 sive
3375 5325 3443 5380 ad
3474 5329 3706 5385 salutem

2109 5391 2246 5450 bene
2276 5398 2557 5470 utentium,
2593 5402 2709 5460 sive
2731 5405 2798 5461 ad
2824 5409 3114 5477 perniciem
3145 5415 3280 5472 male
3305 5421 3588 5478 utentium.
3618 5426 3705 5482 An

2107 5499 2236 5542 vero
2279 5489 2408 5545 solis
2447 5493 2532 5548 vel
2578 5495 2738 5552 etiam
2768 5497 3000 5558 lucernae
3029 5503 3141 5570 lux,
3184 5523 3305 5566 cum
3346 5527 3442 5582 per
3479 5529 3704 5576 caenosa

2172 5657 2187 5728 ξ
2213 5651 2329 5705 Editi
2346 5687 2362 5715 ,
2382 5667 2415 5704 a
2435 5655 2731 5738 audacem}.
2758 5668 2966 5738 strhlssn
2989 5678 3020 5713 a
3044 5664 3297 5738 uuslaceni
3312 5705 3326 5728 ,
3365 5679 3442 5738 Aut_
3464 5675 3595 5736 apud
3619 5683 3702 5738 C(-

2106 5717 2356 5792 prianum;
2381 5719 2461 5795 vel
2483 5757 2496 5780 ,
2518 5733 2549 5770 a
2589 5717 2996 5795 aitslacceni._sic
3031 5740 3150 5778 vero
3194 5717 3557 5795 antiquissimus
3589 5717 3701 5790 αἱ·

2109 5782 2326 5832 beicnsis
2349 5783 2524 5845 codex,
2553 5791 2603 5834 et
2625 5785 2952 5838 Floriacensis.
