3802 6126
64 257 176 328 ’με
1455 243 1657 298 LIBER
1693 241 2012 302 TERTIUS.

83 376 405 443 diffunditur,
432 372 568 429 nihil
590 371 712 428 inde
734 368 974 426 sordium
990 366 1278 432 contrahit,
1298 373 1352 420 et
1371 362 1666 433 baptismus

3266 263 3368 318 “6

1779 365 2029 434 nendam,
2053 381 2116 423 ac
2141 383 2246 424 non
2285 371 2462 441 potius
2489 371 2739 430 dixerunt
2765 389 2859 431 eos
2888 377 2976 447 qui
3025 376 3168 432 aliud
3197 378 3370 436 lacero

81 469 269 530 Christi
321 474 504 540 potest
551 464 866 534 cujusquam
916 457 1210 515 sceleribus
1263 453 1567 527 inquinari?
1613 452 1667 510 Si

83 566 214 624 enim
231 561 300 617 ad
317 560 466 631 ipsas
481 572 570 614 res
589 553 830 611 visibiles
852 551 1046 623 quibus
1063 549 1408 608 Sacramenta
1435 553 1668 602 tractan-

83 669 178 724 tur,
204 653 447 710 animum
473 646 844 711 cantemus;
889 644 1010 716 quis
1045 641 1254 698 nesciat
1277 655 1370 697 eas
1404 653 1527 696 esse
1550 651 1670 694 cor-

83 747 387 823 ruptibilesl
433 745 492 802 Si
532 751 714 800 autem
754 739 822 795 ad
870 738 923 794 id
963 735 1109 808 quod
1150 750 1246 807 per
1287 734 1409 788 illas
1458 731 1666 804 agitur,

83 845 191 916 quis
219 855 330 897 non
355 837 534 894 videat
562 849 672 890 non
712 845 872 903 posse
896 827 1188 897 corrumpi,
1220 824 1465 897 quamvis
1491 823 1666 880 homi-

84 951 171 992 nes
193 948 291 1006 per
311 945 451 1003 quos
471 928 668 1001 agitur,
695 938 793 996 pro
809 923 923 979 suis
944 920 1180 977 moribus
1201 918 1287 974 vel
1313 917 1530 988 praemia
1547 929 1668 987 per-

85 1029 291 1100 cipiant,
324 1025 413 1079 vel
441 1035 626 1093 poenas
654 1015 837 1074 luant?

147 1115 371 1178 CAPUT
401 1113 489 1172 XI.
515 1111 698 1169 -16.
739 1109 905 1166 Recte
925 1115 1105 1163 autem
1131 1117 1240 1160 non
1261 1102 1429 1158 movit
1444 1099 1668 1172 Cypria-

87 1229 197 1270 num
219 1209 365 1284 quod
394 1207 610 1277 scripsit
635 1203 926 1261 Jubaiauus
947 1243 962 1267 ,
1008 1197 1410 1254 Nouatianenses
1446 1193 1670 1284 rebapti-

85 1321 188 1360 κατε
211 1283 294 1357 eos
320 1299 411 1371 qui
431 1298 500 1352 ad
527 1313 582 1352 sc
607 1311 671 1351 ea:
707 1290 972 1350 Catholica
1007 1289 1252 1344 venirent.
1297 1285 1482 1356 Neque
1525 1283 1668 1339 enim

87 1394 328 1470 quidquid
360 1390 598 1448 haeretici
625 1402 874 1460 perverse
912 1384 1110 1442 fuerint
1143 1380 1356 1445 imitati,
1387 1386 1668 1470 propterea

90 1468 388 1544 iaciendum
420 1499 452 1538 a
481 1480 771 1539 Catholicis
798 1493 906 1533 non
933 1484 1038 1541 est,
1064 1473 1189 1545 quia
1213 1471 1290 1528 illi
1317 1469 1565 1526 similiter
1589 1468 1670 1522 la-

87 1583 238 1636 ciunt.
266 1576 378 1634 Sed
400 1574 542 1630 aliud
569 1583 653 1630 est
679 1587 777 1628 cur
805 1567 1046 1625 haeretici
1073 1565 1409 1636 rebaptizare
1443 1577 1550 1617 non
1577 1559 1671 1617 de-

88 1673 253 1736 beant,
284 1667 432 1724 aliud
460 1681 558 1722 cur
580 1661 882 1720 Catholica.
927 1657 1178 1715 Haeretici
1206 1656 1350 1711 enim
1390 1669 1490 1711 nec
1525 1654 1572 1709 si
1618 1652 1672 1708 in

89 1762 347 1820 Catholica
386 1757 687 1814 iaciendum
715 1761 880 1820 esset,
917 1750 1095 1807 facere
1127 1748 1419 1813 deberent;
1467 1745 1590 1816 quia
1618 1744 1672 1800 in

89 1856 366 1912 Catholicis
400 1853 502 1908 hoc
531 1865 637 1907 non
658 1863 779 1906 esse
807 1847 1013 1913 dicunt,
1040 1843 1182 1915 quod
1219 1842 1319 1913 ipsi
1348 1855 1469 1897 cum
1496 1839 1567 1894 ibi
1588 1853 1674 1894 es-

90 1960 194 2007 sent
241 1955 600 2019 acceperunt,
649 1954 703 2000 et
739 1957 861 1999 cum
905 1938 1246 1995 discederent
1295 1935 1668 1990 abstulerunt:

90 2044 347 2100 Catholica
400 2054 529 2096 vero
571 2046 857 2109 propterea
907 2049 1013 2089 non
1053 2031 1213 2087 debet
1259 2032 1453 2086 iterare
1496 2028 1676 2098 Bapti-

92 2152 274 2202 smum,
305 2133 399 2205 qui
431 2130 570 2202 apud
607 2127 890 2186 haereticos
914 2125 1071 2181 datus
1097 2132 1198 2190 est,
1231 2137 1298 2178 ne
1333 2121 1572 2192 judicare
1599 2120 1674 2173 vi-

91 2228 264 2282 deatur
305 2225 548 2296 ipsorum
596 2233 717 2276 esse
765 2217 910 2290 quod
937 2215 1140 2272 Christi
1178 2223 1280 2281 est,
1325 2222 1418 2268 aut
1441 2227 1536 2268 eos
1566 2225 1672 2266 non

93 2319 298 2385 habere,
329 2314 477 2386 quod
512 2314 656 2368 intus
682 2326 804 2367 cum
833 2308 1161 2380 acceperint,
1207 2305 1454 2361 amittere
1492 2304 1676 2374 utique

93 2412 221 2466 foras
243 2406 500 2466 exeundo
524 2420 631 2461 non
659 2412 903 2475 possunt.
932 2400 1044 2456 Hoc
1077 2399 1218 2456 enim
1247 2398 1362 2468 ipse
1388 2398 1549 2453 etiam
1570 2396 1676 2468 Cy-

94 2504 295 2575 prianus
323 2515 449 2556 cum
476 2496 685 2555 caeteris
706 2495 911 2559 statuit,
944 2502 1003 2548 ut
1035 2493 1080 2548 si
1119 2491 1188 2546 ab
1212 2489 1507 2545 haeresibus
1547 2487 1676 2544 red-

94 2597 220 2652 irent
245 2594 312 2649 ad
339 2590 661 2655 Ecclesiam,
701 2587 1022 2660 quicumque
1048 2581 1261 2638 fuerant
1302 2581 1354 2635 in
1395 2595 1459 2635 ea
1497 2578 1676 2650 bapti-

94 2690 208 2755 zati,
250 2702 358 2742 non
382 2686 493 2756 jam
523 2697 618 2754 per
657 2680 1010 2751 Baptismum,
1055 2677 1150 2733 sed
1176 2691 1271 2746 per
1311 2674 1676 2746 paenitentiam

95 2776 659 2852 reciperentnrzunde
683 2782 897 2832 constat
935 2785 1030 2828 eos
1073 2785 1182 2826 non
1226 2782 1386 2840 posse
1431 2767 1681 2822 amittere

96 2873 416 2934 recedentes,
445 2869 590 2942 quod
616 2883 722 2923 non
760 2865 1026 2936 recipiunt
1061 2869 1385 2918 remeantes.
1430 2858 1548 2914 Non
1584 2873 1680 2913 au-

97 2979 189 3022 tem
209 2967 347 3021 sicut
367 2962 592 3020 haeresis
617 2962 855 3031 ipsorum
873 2966 974 3023 est,
993 2956 1131 3012 sicut
1146 2969 1299 3010 error
1315 2954 1552 3024 ipsorum
1571 2959 1676 3019 est,

99 3061 218 3114 sicut
247 3056 588 3128 sacrilegium
623 3049 973 3108 dissensionis
998 3049 1233 3118 ipsorum
1261 3055 1361 3112 est,
1405 3045 1483 3100 sic
1517 3043 1680 3100 etiam

100 3152 386 3224 Baptismus
412 3149 504 3220 qui
535 3145 735 3204 Christi
772 3151 875 3209 est,
903 3141 1008 3198 dici
1034 3139 1194 3196 debet
1222 3140 1480 3209 ipsorum.
1501 3135 1682 3207 Itaque

101 3261 204 3299 cum
229 3244 318 3298 illa
350 3241 488 3297 mala
511 3241 746 3310 ipsorum
767 3233 980 3307 quando
1004 3231 1228 3288 redeunt
1249 3231 1605 3300 corriguntur,
1627 3228 1682 3284 in

101 3353 155 3392 eo
164 3335 300 3408 quod
316 3335 556 3406 ipsorum
568 3346 674 3385 non
688 3338 790 3396 est,
805 3327 892 3383 ille
933 3322 1393 3396 estagnoscendus
1407 3321 1561 3390 cujus
1577 3330 1678 3375 est.

163 3426 384 3484 CAPUT
413 3423 530 3480 XII.
561 3451 633 3463 —
661 3422 749 3476 17.
784 3418 908 3474 Ideo
945 3427 1123 3472 autem
1147 3430 1254 3470 non
1283 3429 1341 3468 se
1368 3428 1561 3468 novam
1590 3419 1686 3466 aut

103 3520 422 3592 repentinam
447 3531 562 3572 rem
593 3513 843 3570 statuisse
878 3509 1064 3566 beatus
1094 3507 1394 3579 Cyprianus
1427 3503 1682 3573 ostendit,

104 3615 212 3686 quia
235 3612 339 3669 sub
361 3609 656 3681 Agrippino
687 3606 802 3661 lieri
836 3605 948 3675 jam
977 3608 1234 3672 cmperat.
1270 3618 1289 3650 ι
1318 3599 1456 3653 Atilii
1481 3607 1623 3664 sunt,
1659 3615 1679 3649 ι

106 3706 276 3777 inquit,
315 3723 337 3756 ι
367 3701 542 3768 multi,
579 3709 633 3756 ct
671 3700 827 3770 longa
857 3705 1008 3762 aetas,
1038 3709 1103 3748 ex
1128 3706 1233 3764 quo
1257 3690 1356 3746 sub
1394 3691 1686 3760 Agrippino

106 3801 245 3856 bona:
290 3795 569 3854 memoriae
612 3794 728 3848 viro
775 3789 1156 3848 convenientes
1202 3785 1438 3856 episcopi
1477 3783 1688 3855 plurimi

107 3889 196 3946 hoc
221 3895 543 3946 statuerunt.
578 3905 597 3938 ι
619 3883 850 3940 Proinde
873 3881 942 3937 ab
965 3882 1080 3951 ipso
1108 3878 1399 3950 Agrippino
1433 3891 1522 3931 res
1550 3890 1688 3931 nova

108 3984 230 4038 facta
263 3990 370 4037 est.
399 3976 680 4047 Quomodo
719 3984 896 4030 autem
922 3973 1083 4037 dicat,
1130 3989 1150 4022 ι
1179 3971 1352 4039 Atque
1395 3967 1590 4023 exinde
1633 3967 1688 4022 in

109 4075 415 4131 hodiernum
437 4079 517 4127 tot
545 4069 710 4126 millia
727 4065 1100 4122 haereticorum
1123 4061 1176 4116 in
1192 4059 1477 4133 provinciis
1490 4058 1688 4114 nostris

109 4168 166 4224 ad
209 4168 502 4225 Ecclesiam
554 4161 822 4228 conversi,
873 4173 978 4213 non
1031 4155 1298 4226 aspernati
1331 4162 1472 4219 sunt,
1516 4168 1689 4224 neque

110 4261 352 4327 cunctati,
366 4260 477 4314 imo
493 4263 548 4312 et
565 4251 954 4309 rationabiliter
973 4257 1027 4304 et
1048 4246 1276 4301 libenter
1297 4244 1526 4314 amplexi
1543 4254 1686 4312 sunt,

112 4361 161 4407 ut
179 4350 374 4407 lavacri
401 4347 574 4404 vitalis
599 4355 654 4400 et
693 4341 940 4399 salutaris
966 4338 1220 4408 Baptismi
1244 4336 1467 4408 gratiam
1496 4350 1688 4392 conse-

111 4453 415 4516 querentur,
453 4461 474 4494 ι
521 4454 626 4494 non
652 4436 808 4492 video
841 4453 855 4488 :
888 4433 990 4488 nisi
1034 4431 1172 4486 forte
1213 4429 1314 4484 hoc
1342 4428 1504 4494 dicat,
1540 4447 1558 4480 ο
1591 4443 1690 4484 ex-

113 4537 223 4593 inde
242 4538 292 4592 in
343 4533 662 4589 hodiernum
700 4548 719 4582 ›
761 4525 954 4599 (Epist.
975 4524 1064 4590 73,
1090 4522 1160 4576 ad
1186 4519 1540 4590 Jubaianum),
1569 4519 1690 4590 quia

113 4629 244 4684 nulla
272 4628 346 4683 de
369 4625 476 4681 illis
493 4639 557 4679 ex
571 4636 678 4694 quo
695 4621 747 4675 in
763 4616 994 4673 Ecclesia
1008 4631 1104 4686 per
1120 4611 1392 4685 Agrippini
1407 4610 1690 4666 concilium

114 4719 353 4791 baptizati
383 4724 538 4784 sunt,
594 4711 821 4784 qumstio
859 4706 1084 4778 alicujus
1126 4701 1693 4760 excommunicationis

117 4823 286 4868 exorta
313 4819 416 4866 est.
429 4807 692 4865 Caeterum
707 4804 750 4859 si
775 4798 1119 4874 permanebat
1138 4798 1206 4852 ab
1221 4795 1511 4869 Agrippino
1529 4810 1695 4866 usque

118 4906 176 4959 ad
216 4905 542 4976 Cyprianum
593 4895 925 4954 consuetudo
973 4889 1278 4965 baptizandi
1323 4889 1390 4946 ab
1432 4888 1696 4944 haereticis

120 5000 404 5063 venientes,
450 4993 632 5065 utquid
681 4991 817 5046 facta
861 4996 983 5044 sunt
1016 5003 1045 5041 a
1084 4983 1352 5057 Cypriano
1399 4982 1465 5038 de
1504 4981 1602 5036 hac
1638 4995 1698 5036 re

120 5092 377 5152 concilia?
406 5085 605 5160 thuid
630 5085 805 5143 eidem
820 5081 1079 5139 Jubaiano
1102 5077 1249 5144 dicit,
1269 5092 1376 5131 non
1396 5090 1454 5131 se
1475 5089 1586 5130 rem
1606 5089 1702 5129 no-

124 5203 233 5244 vam
256 5187 437 5244 facere
460 5192 551 5238 aut
583 5178 936 5251 repentinam,
969 5171 1064 5230 sed
1093 5171 1161 5226 ab
1187 5167 1476 5240 Agrippino
1501 5165 1701 5220 consti-

126 5279 354 5336 tutam‘?
377 5276 488 5333 Cur
507 5274 650 5330 enim
679 5269 970 5328 Jubaianus
994 5261 1063 5321 de
1105 5262 1339 5318 novitate
1378 5258 1702 5326 turbaretur,

127 5384 181 5430 ut
197 5389 318 5431 eum
345 5385 442 5444 per
469 5364 841 5424 auctoritatem
869 5356 1146 5432 Agrippini
1190 5353 1368 5410 sanari
1411 5358 1703 5423 oporteret,

128 5468 169 5522 si
211 5465 280 5522 ab
322 5443 616 5536 Agrippino
660 5470 830 5528 usque
861 5453 930 5509 ad
979 5448 1307 5522 Cyprianum
1353 5445 1458 5502 hoc
1495 5443 1710 5499 tenebat

131 5535 398 5615 Ecclesia?
437 5554 548 5612 Cur
589 5552 818 5622 denique
845 5555 928 5603 tot
970 5545 1086 5616 ejus
1123 5542 1342 5612 collega:
1389 5539 1440 5594 in
1485 5535 1710 5594 concilio

131 5655 371 5713 dixerunt
416 5651 680 5708 rationem
720 5653 774 5701 et
801 5643 1075 5700 veritatem
1104 5631 1477 5693 consuetudini
1502 5644 1712 5702 praepo-

193 5794 210 5829 ί
235 5793 369 5854 aliti,
391 5786 671 5843 institutam.

1775 457 1994 527 vellent,
2016 469 2070 516 et
2099 471 2284 518 contra
2312 464 2588 522 veritatem
2619 475 2674 523 et
2709 476 2896 524 contra
2929 469 3367 526 consuetudinem

1772 548 1949 606 facere
1963 551 1987 606 ?

1841 641 2070 700 CAPUT
2097 644 2236 700 XIII.
2261 676 2332 687 -—
2357 647 2446 704 18.
2474 649 2551 706 De
2574 652 2892 710 remissione
2915 662 3097 712 autem
3122 666 3367 727 peceato-

1771 751 1912 802 rum,
1943 746 2120 794 ntrnm
2147 755 2243 810 per
2267 740 2596 812 Baptismum
2620 744 2760 815 apud
2787 745 3067 803 luereticos
3092 747 3205 816 ﬁat,
3240 748 3368 820 quid

1773 832 1905 887 mihi
1941 832 2236 901 videretur,
2279 835 2334 890 in
2364 835 2470 891 alio
2496 836 2606 907 jam
2624 837 2895 894 volumine
2929 841 3120 911 scripsi
3147 840 3368 912 (Supra,

1771 923 1861 979 lib.
1894 927 1946 992 1,
1968 941 2085 996 cap.
2113 927 2176 983 ll
2211 935 2259 982 et
2281 928 2444 1000 seqq.)
2475 944 2490 981 :
2525 928 2622 984 sed
2650 930 2812 985 etiam
2842 929 2926 986 hic
2953 931 3188 988 breviter
3214 948 3357 988 com-

1772 1032 2035 1074 memoro.
2063 1018 2120 1076 Si
2145 1019 2204 1075 lit
2225 1019 2335 1076 illic
2361 1019 2608 1078 remissio
2635 1022 2936 1077 debitorum
2987 1039 3081 1093 per
3109 1025 3370 1095 Baptismi

1773 1113 2151 1179 sanctitatem;
2200 1128 2387 1170 rursus
2427 1113 2604 1169 debita
2634 1114 2861 1170 redeunt
2890 1131 2986 1186 per
3015 1115 3234 1172 hteresis
3278 1125 3370 1172 aut

1772 1205 2076 1261 schismatis
2097 1205 2508 1262 obstinationem
2531 1224 2544 1260 :
2567 1215 2622 1262 et
2645 1206 2766 1262 ideo
2792 1208 3151 1262 necessarium
3175 1207 3370 1265 habent

1771 1295 2076 1368 hujusmodi
2107 1297 2353 1354 homines
2393 1300 2576 1354 venire
2609 1300 2676 1356 ad
2721 1299 3035 1355 catholicam
3077 1316 3283 1370 pacem,
3313 1311 3370 1357 ut

1773 1389 2015 1446 hmretici
2059 1399 2114 1446 et
2144 1390 2471 1446 schismatici
2495 1407 2616 1447 esse
2641 1392 2754 1462 jam
2789 1391 3055 1461 desinant,
3085 1401 3141 1448 et
3181 1407 3369 1448 eorum

1772 1497 1892 1552 qua:
1931 1482 1984 1536 in
2020 1481 2144 1536 illos
2182 1481 2487 1546 redierant,
2531 1492 2872 1554 peccatorum
2909 1483 3277 1554 purgationem
3315 1485 3368 1539 in

1772 1575 1991 1630 unitatis
2019 1575 2229 1632 vinculo
2254 1576 2513 1631 charitate
2533 1585 2790 1645 operante
2829 1584 3155 1630 mereantur.
3193 1575 3248 1631 Si
3275 1591 3342 1629 au

1774 1677 1904 1735 tem,
1933 1669 2181 1739 quamvis
2208 1669 2346 1739 apud
2388 1669 2673 1725 haereticos
2711 1669 2796 1724 vel
2825 1668 3195 1724 schismaticos
3225 1667 3367 1725 idem

1772 1760 1845 1815 sit
1868 1759 2170 1830 Baptismus
2205 1759 2423 1828 Christi,
2455 1775 2562 1815 non
2593 1771 2768 1816 tamen
2795 1760 2867 1816 ibi
2898 1769 3149 1831 operatur
3177 1761 3368 1816 remis-

1773 1853 1980 1907 sionem
2008 1859 2348 1922 peccatorum
2389 1860 2609 1923 propter
2632 1853 2879 1908 eamdem
2903 1851 3183 1908 discordite
3212 1851 3368 1908 Redi-

1775 1954 1940 2002 tatem
1970 1956 2025 2002 et
2049 1945 2402 2002 dissensionis
2430 1946 2800 2016 iniquitatem:
2827 1955 2953 2002 tunc
2979 1947 3162 2016 incipit
3188 1946 3368 2001 valere

1774 2040 1917 2096 idem
1942 2040 2248 2110 Baptismus
2283 2039 2352 2094 ad
2381 2038 2695 2095 dimittenda
2733 2049 2972 2108 peccata,
3017 2053 3137 2093 cum
3169 2037 3236 2092 ad
3267 2039 3370 2094 Ec-

1775 2133 1954 2189 clesia:
1996 2147 2182 2203 pacem
2227 2133 2505 2198 venerint;
2549 2134 2695 2188 non‘
2747 2141 2805 2186 ut
2855 2133 2965 2202 jam
2998 2147 3126 2188 vere
3153 2131 3373 2188 dimissa

1776 2241 1883 2283 non
1905 2227 2269 2294 retineantur;
2298 2241 2470 2298 neque
2485 2234 2546 2281 ut
2565 2227 2655 2282 ille
2679 2226 2980 2296 Baptismus
3001 2226 3151 2296 quasi
3167 2227 3373 2282 alienus

1776 2329 1868 2375 aut
1894 2319 2033 2375 alius
2068 2320 2421 2391 improbetur,
2458 2329 2517 2374 ut
2546 2321 2682 2375 alter
2718 2318 2959 2374 tradatur
2998 2319 3129 2374 :sed
3151 2328 3209 2374 ut
3231 2318 3375 2375 idem

1778 2413 1892 2482 ipse
1917 2413 2006 2482 qui
2030 2420 2247 2482 pr0pter
2265 2410 2590 2468 discordiam
2617 2412 2747 2466 foris
2769 2411 3094 2482 operabatur
3117 2419 3373 2479 mortem,

1778 2514 2000 2576 propter
2037 2519 2222 2576 pacem
2261 2505 2404 2560 intus
2432 2514 2684 2575 operetur
2718 2505 2964 2559 salutem.
2995 2503 3152 2560 'ldem
3183 2504 3377 2574 quippe

1779 2597 1914 2653 odor
1939 2607 2056 2652 erat
2082 2596 2149 2652 de
2176 2613 2284 2667 quo
2326 2597 2456 2652 dicit
2485 2595 2794 2667 Apostolus,
2824 2594 3011 2650 Christi
3066 2595 3223 2649 bonus
3249 2596 3378 2649 odor

1779 2706 1955 2745 sumus
1980 2690 2033 2744 in
2062 2691 2198 2743 omni
2228 2690 2406 2756 loco';
2433 2699 2489 2743 et
2509 2697 2687 2744 tamen
2713 2699 2760 2742 et
2783 2689 2836 2741 in
2861 2689 2923 2742 iis
2954 2689 3040 2758 qui
3063 2687 3189 2742 salvi
3217 2687 3370 2756 ﬁunt,

1781 2782 1972 2853 inquit,
2001 2790 2050 2834 et
2079 2781 2131 2834 in
2158 2781 2222 2834 iis
2249 2784 2338 2852 qui
2362 2789 2570 2851 pereunt
2598 2795 2617 2833 :
2647 2779 2762 2834 aliis
2803 2779 3005 2849 quidem
3033 2779 3159 2832 ador
3176 2779 3291 2832 vita:
3320 2779 3376 2832 in

1781 2874 1955 2935 vitam,
2002 2871 2118 2926 aliis
2157 2880 2324 2926 autem
2366 2870 2492 2925 odor
2520 2871 2695 2925 mortis
2733 2871 2787 2924 in
2824 2880 3031 2925 mortem
3066 2869 3133 2941 (ll
3159 2868 3277 2925 Cor.
3315 2885 3376 2938 tt,

1784 2968 1873 3033 15,
1905 2966 2018 3037 16).
2046 2964 2199 3032 Quod
2225 2966 2325 3020 etsi
2355 2964 2422 3019 de
2445 2964 2548 3019 alia
2587 2980 2646 3020 re
2673 2963 2826 3032 dixit,
2858 2964 2925 3019 ad
2951 2963 3054 3020 hoc
3077 2978 3176 3035 ego
3201 2963 3376 3033 posui,

1784 3070 1842 3114 ut
1867 3059 2193 3129 intelligatur
2215 3057 2427 3128 aliquod
2456 3057 2676 3124 bonum,
2704 3072 2810 3113 non
2837 3057 3010 3112 solum
3041 3058 3200 3112 vitam
3223 3070 3382 3126 posse

1785 3152 1994 3222 operari
2025 3151 2162 3208 bene
2183 3151 2473 3218 utentibus,
2502 3150 2596 3206 sed
2617 3150 2778 3206 etiam
2803 3157 3031 3205 mortem
3057 3149 3196 3205 male
3221 3156 3382 3204 uten-

1789 3245 1950 3300 tibus.

1858 3335 2084 3392 CAPUT
2121 3335 2262 3390 XIV.
2291 3365 2361 3376 —
2392 3334 2480 3391 l9.
2520 3333 2631 3390 Nec
2658 3335 2882 3390 interest
2935 3348 3054 3388 cum
3104 3333 3172 3388 de
3198 3348 3381 3388 sacra-

1788 3429 1954 3483 menti
1994 3427 2296 3496 integritate
2345 3435 2399 3480 et
2427 3425 2709 3480 sanctitate
2742 3432 3017 3490 tractatur,
3051 3423 3172 3493 quid
3206 3424 3382 3476 credat

1787 3530 1836 3574 et
1863 3519 2001 3589 quali
2028 3519 2130 3588 ﬁde
2176 3519 2395 3572 imbutus
2440 3517 2505 3572 sit
2525 3518 2613 3572 ille
2638 3517 2725 3589 qui
2761 3517 2944 3588 accipit
2985 3525 3378 3572 sacramentum.

1788 3613 2017 3668 Interest
2060 3611 2276 3682 quidem
2319 3611 2608 3681 plurimum
2657 3609 2723 3664 ad
2755 3609 2942 3664 salutis
2991 3609 3156 3674 viam,
3185 3607 3280 3662 sed
3309 3608 3380 3664 ad

1789 3707 2109 3764 sacramenti
2135 3707 2485 3777 quazstionem
2512 3703 2645 3759 nihil
2670 3704 2910 3760 interest.
2948 3703 3090 3759 Fieri
3115 3702 3257 3759 enim
3281 3717 3382 3774 po-

1789 3809 1897 3856 test
1920 3809 1978 3854 ut
2005 3801 2164 3855 homo
2193 3798 2459 3868 integrum
2496 3797 2686 3853 habeat
2713 3796 3138 3862 Sacramentum,
3176 3805 3232 3852 et
3257 3811 3384 3866 per-

1789 3908 1999 3950 versam
2022 3892 2179 3948 fidem
2213 3910 2226 3947 :
2250 3893 2388 3948 sicut
2411 3891 2525 3948 ﬁeri
2552 3899 2728 3961 potest
2747 3899 2804 3944 ut
2829 3891 3031 3961 integra
3058 3897 3233 3946 teneat
3258 3903 3386 3944 ver-

1792 3988 1858 4044 ba
1886 3985 2147 4059 Symboli,
2179 3993 2233 4040 et
2276 3994 2451 4040 tamen
2480 3999 2586 4039 non
2619 3993 2764 4039 recte
2790 3983 2993 4048 credat,
3025 3983 3137 4038 sive
3171 3982 3238 4037 de
3267 3982 3386 4052 ipsa

1791 4078 2072 4145 Trinitate,
2118 4077 2232 4132 site
2278 4075 2346 4131 de
2397 4075 2802 4140 resurrectione,
2853 4074 2936 4128 vel
2975 4073 3174 4144 aliquid
3217 4072 3383 4128 aliud.

1793 4170 1977 4241 Neque
1997 4169 2138 4224 enim
2167 4182 2328 4239 parva
2354 4181 2440 4222 res
2463 4175 2561 4232 est,
2595 4167 2649 4221 in
2690 4167 2801 4235 ipsa
2831 4166 2971 4220 intus
2996 4163 3266 4221 Catholica
3308 4175 3388 4222 te-

1792 4283 1924 4322 nere
1962 4267 2222 4336 integram
2254 4264 2435 4329 Iidem,
2493 4264 2563 4318 ita
2613 4273 2670 4318 ut
2705 4263 2925 4318 omnino
2971 4277 3078 4318 non
3097 4263 3165 4318 de
3207 4263 3385 4333 aliqua

1793 4367 2058 4425 creatura,
2091 4357 2186 4412 sed
2223 4356 2290 4412 de
2330 4357 2446 4426 ipso
2472 4355 2582 4410 Deo
2610 4353 2740 4409 nihil
2783 4353 2974 4409 aliter'
3002 4354 3187 4410 credat
3223 4369 3384 4424 quam

1793 4454 1992 4508 veritas
2029 4450 2208 4506 habet.
2240 4447 2635 4519 Numquidnam
2661 4461 2788 4517 ergo
2809 4446 2854 4500 si
2887 4447 2940 4500 in
2965 4445 3080 4516 ipsa
3107 4443 3383 4502 Catholica

1794 4544 2109 4614 baptizatus,
2141 4550 2324 4612 postea
2355 4538 2602 4610 legendo,
2631 4537 2919 4604 audiendo,
2950 4546 3004 4594 et
3035 4537 3252 4606 paciliee
3277 4535 3387 4591 dis~

1796 4635 2045 4703 serendo,
2088 4635 2204 4704 ipso
2235 4633 2460 4689 Domino
2489 4631 2763 4687 revelante
2801 4629 3107 4700 cognoverit
3135 4628 3290 4683 aliter
3327 4643 3390 4684 se

1796 4739 1952 4786 antea
1979 4728 2271 4785 credidisse
2299 4742 2458 4798 quam
2474 4725 2679 4793 debuit,
2701 4717 2878 4781 denuo
2897 4723 3244 4795 baptizandus
3263 4724 3387 4780 est?

1797 4821 1928 4888 Quis
1951 4829 2126 4877 autem
2149 4819 2378 4874 carnalis
2400 4827 2456 4874 et
2475 4817 2722 4872 animalis
2745 4815 2928 4882 homo,
2959 4829 3065 4869 non
3097 4830 3192 4886 per
3217 4813 3392 4886 phan-

1801 4914 2064 4970 lasmata"
2085 4912 2260 4970 cordis
2287 4911 2368 4968 sui
2388 4919 2661 4982 evagetur,
2694 4918 2748 4964 et
2776 4909 3065 4964 constituat
3091 4909 3192 4964 sibi
3221 4908 3392 4966 Deum

1801 5007 1974 5078 qualis
2002 5005 2050 5062 ei
2097 5021 2192 5074 pro
2222 5018 2320 5059 suo
2356 5017 2518 5058 sensu
2550 5000 2750 5056 carnali
2782 5000 3074 5070 placuerit,
3106 5009 3266 5072 atque
3315 4999 3391 5057 ita

1805 5099 1990 5156 credat
2020 5107 2225 5154 tantum
2254 5097 2412 5166 longe
2441 5092 2595 5148 aliter
2624 5107 2782 5162 quam
2826 5091 2969 5148 Deus
2998 5102 3100 5158 est,
3131 5100 3392 5162 quantum

1873 5326 1888 5356 ¹
1917 5324 1998 5373 llic
2022 5318 2251 5385 particula
2287 5329 2473 5385 negans
2493 5316 2727 5385 omittitur
2755 5313 2806 5362 in
2830 5313 3045 5385 editione
3071 5321 3171 5385 Am.
3197 5315 3348 5385 abest
3363 5326 3397 5385 a

1809 5373 2205 5496 pluribpslletiam
2228 5388 2332 5431 Mss.
2353 5373 2444 5441 qui
2473 5385 2642 5442 postea
2679 5375 2803 5436 loco,
2821 5387 2972 5437 neqae
2996 5380 3045 5425 ul
3067 5373 3169 5434 ille,
3194 5375 3397 5437 habent,

1810 5461 1904 5496 non
1945 5463 1975 5496 u
2017 5461 2035 5496 ι
2071 5459 2115 5495 e.

1810 5461 1904 5498 non
1945 5454 1995 5498 ut
2017 5454 2115 5498 ille.
3415 5481 3421 5488 .

1879 5514 1895 5543 ²
1921 5511 2064 5567 Editi,
2084 5519 2248 5556 sumus
2275 5499 2579 5567 Deoiuomni
2601 5500 2720 5551 loco.
2746 5507 2864 5560 vox,
2891 5506 3008 5560 Deo,
3032 5498 3172 5548 abest
3199 5510 3230 5548 a
3270 5502 3398 5561 Μαι..

1815 5582 1868 5625 et
1892 5565 2279 5635 praeteririsolet
2301 5567 2363 5615 ab
2386 5565 2664 5635 Augustino.

1879 5623 1905 5668 ³³
1923 5635 2058 5692 mliti,
2083 5629 2236 5680 aliud.
2263 5637 2366 5677 MSS.
2393 5623 2532 5695 vero,
2557 5623 2727 5695 aliter._
2881 5692 2896 5695 ᾳ
2944 5683 2953 5692 ⁸
3070 5689 3080 5695 _
3222 5683 3233 5695 .

1881 5699 1900 5728 ἰ
1925 5698 1998 5744 Sic
2021 5683 2121 5743 Αήι.
2146 5699 2220 5741 Er.
2244 5698 2296 5742 et
2316 5690 2468 5740 nostri
2493 5683 2594 5738 Mss.
2635 5694 2691 5737 At
2713 5693 2842 5743 Lov.,
2867 5683 2978 5744 Quis
3000 5689 3160 5735 mitem
3182 5683 3278 5740 nisi
3297 5697 3383 5737 car

1820 5760 1939 5814 nalis
1973 5766 2016 5808 ct
2057 5752 2278 5809 animalis
2303 5753 2468 5810 homo,
2515 5763 2602 5815 per
2627 5747 2975 5814 phantasmata,
2999 5753 3093 5800 etc.
3427 5763 3435 5775 ι
