3802 6168
382 380 415 416 n
443 358 666 417 veritate
696 354 902 415 vanitas
932 352 1146 411 din‘ert?
1178 348 1519 407 \‘erissimam
1549 345 1743 419 quippe
1764 349 1982 399 sentcn—

383 456 514 513 tiam
543 452 677 510 dixit
699 448 1003 523 Apostolus,
1039 444 1226 517 plenus
1255 438 1456 499 lumine
1479 437 1749 495 veritatis:
1771 435 1981 491 Anima-

386 548 472 611 lis,
504 543 691 615 inquit,
727 542 876 594 homo
906 554 1006 591 non
1047 533 1258 605 percipit
1302 547 1417 604 qua:
1463 539 1581 585 sunt
1620 528 1845 600 Spiritus
1884 526 1982 585 Dei

390 639 436 712 (l
466 636 583 693 Cor.
610 651 669 701 ιι,
702 630 811 705 ιι).
845 629 911 685 Ει
932 637 1107 687 tamen
1135 624 1202 685 de
1229 623 1431 682 liishoc
1451 621 1681 688 dicebat,
1711 634 1849 693 quos
1867 618 1981 693 jam

384 732 551 790 fuisse
600 726 895 799 baptizatos
944 722 1058 793 ipse
1114 719 1440 777 manifestat.
1496 716 1589 774 Eis
1632 713 1775 772 enim
1806 713 1975 771 dicit:

384 820 651 893 Numquid
678 817 878 875 Paulus
907 813 1179 885 cruciﬁxus
1204 820 1279 869 est
1308 828 1400 884 pro
1427 808 1601 866 vobis?
1620 817 1706 865 aut
1732 809 1783 864 in
1811 807 1979 862 nanti-

381 934 445 974 ne
476 914 631 971 Pauli
652 910 895 983 baptizari
910 908 1026 963 estis
1048 903 1158 981 (Id.
1190 920 1226 973 ι,
1259 902 1392 975 15)?
1436 900 1712 959 llabebant
1741 913 1869 971 ergo
1894 898 1979 956 isti

382 1006 642 1080 Baptismi
669 1006 1084 1063 sacramentum,
1106 1004 1161 1053 et
1188 1004 1367 1053 tamen
1397 992 1682 1052 carnaliter
1698 988 1979 1074 sapiendo,

382 1100 509 1174 quid
540 1105 785 1173 poterant
825 1094 893 1151 de
930 1093 1042 1151 Deo
1065 1090 1285 1151 credere
1311 1089 1415 1147 nisi
1440 1087 1733 1147 secundum
1761 1100 1980 1144 sensum

381 1192 563 1251 carnis
587 1206 721 1254 suae.
749 1187 838 1245 ubi
872 1184 1110 1243 animalis
1136 1184 1286 1239 homo
1329 1198 1429 1239 nou
1469 1180 1679 1253 percipit
1723 1194 1835 1251 qua:
1862 1184 1981 1232 sunt

383 1286 614 1357 Spiritus
640 1280 778 1338 Dei?
801 1278 1022 1337 Talibus
1045 1276 1175 1333 dicit
1200 1294 1214 1335 :
1245 1273 1367 1333 Non
1387 1274 1527 1346 potui
1551 1272 1687 1329 vobis
1702 1272 1840 1344 loqui
1854 1288 1980 1344 qua-

384 1380 430 1434 si
456 1373 825 1448 spiritualibus,
851 1371 940 1430 sed
964 1370 1110 1444 quasi
1139 1367 1450 1425 carnalibus.
1487 1365 1644 1432 Quasi
1674 1363 1898 1439 parvulis
1927 1362 1982 1417 in

383 1470 586 1527 Christo
606 1470 687 1525 lac
716 1467 852 1523 vobis
877 1473 1052 1537 potum
1078 1462 1216 1530 dedi,
1244 1477 1347 1517 non
1365 1474 1530 1516 escam
1553 1473 1573 1525 ;
1599 1455 1826 1517 nondum
1847 1455 1981 1510 enim

384 1562 627 1636 poteratis
649 1577 668 1617 :
693 1560 782 1617 sed
809 1574 902 1616 nec
940 1555 1109 1612 adhuc
1134 1554 1335 1628 quidem
1361 1551 1610 1626 potestis;
1656 1548 1823 1605 adhuc
1847 1547 1982 1603 enim

384 1658 505 1715 estis
531 1653 764 1710 carnales
783 1649 893 1724 (Id.
917 1665 996 1716 ιιι,
1024 1650 1078 1716 ι,
1098 1646 1180 1720 ‘2).
1213 1644 1371 1701 Tales
1402 1643 1563 1699 etiam
1594 1639 1984 1698 circumferun-

384 1762 473 1807 tur
500 1749 647 1807 omni
682 1754 848 1803 vento
871 1742 1130 1801 doctrina:
1160 1740 1228 1796 de
1257 1737 1498 1811 qualibus
1523 1735 1681 1793 dicit‘
1707 1752 1721 1790 :
1759 1733 1827 1791 Ut
1847 1732 1983 1788 ultra

388 1861 493 1901 non
538 1843 696 1899 simus
739 1838 962 1912 parvuli,
1009 1836 1195 1910 jactati
1231 1842 1278 1889 et
1323 1832 1606 1889 circumlati
1650 1829 1789 1889 omni
1838 1837 1982 1889 uento

388 1935 635 1993 doctrinm
662 1932 879 2005 (Ephcs.
911 1945 985 1998 tv,
1018 1929 1131 2001 14).
1162 1924 1429 1999 Numquid
1457 1939 1585 1997 ergo
1613 1924 1701 1981 isti
1725 1923 1770 1980 si
1800 1921 1982 1994 proie-

384 2029 555 2085 cerint
573 2040 738 2095 usque
756 2022 822 2078 ad
844 2020 1179 2094 spiritualem
1192 2018 1423 2077 hominis
1447 2016 1716 2075 interioris
1742 2023 1980 2083 aetatem,

390 2128 447 2175 et
486 2114 852 2188 intelligentiae
891 2111 1206 2171 sinceritate
1232 2108 1582 2183 cognoverint
1625 2121 1784 2180 quam
1826 2106 1986 2179 longe

390 2209 548 2265 aliter
578 2224 674 2280 per
717 2205 983 2263 fallaciam
1012 2216 1228 2261 suorum
1285 2202 1714 2273 phantasmatum
1766 2197 1835 2257 de
1872 2199 1984 2256 Deo

388 2299 737 2366 crediderint,
767 2312 925 2368 quam
972 2295 1173 2353 veritas
1216 2292 1534 2367 postulabat,
1588 2292 1781 2348 iterum
1806 2288 1983 2360 bapti-

391 2391 546 2447 zandi
574 2390 735 2447 sunt?
758 2389 846 2447 Sic
865 2390 1026 2447 etiam
1057 2387 1171 2447 ﬁeri
1198 2394 1375 2459 potest
1400 2394 1458 2444 ut
1486 2386 1541 2444 in
1562 2384 1786 2459 alicujus
1808 2382 1984 2441 haere-

390 2485 481 2541 tici
503 2484 696 2540 librum
737 2482 1037 2541 catholicus
1063 2480 1481 2540 catechumenus
1510 2478 1728 2549 incidat,
1757 2486 1812 2536 et
1838 2495 1869 2535 a
1894 2493 1985 2537 ve-

390 2577 550 2635 ritate
603 2576 850 2634 nesciens
891 2574 1200 2635 discernere
1247 2587 1511 2643 errorem,
1558 2572 1743 2631 credat
1786 2571 1985 2647 aliquid

388 2678 575 2726 contra
593 2667 910 2727 catholicam
930 2666 1125 2741 ﬁdem;
1148 2666 1234 2725 cui
1259 2675 1435 2726 tamen
1457 2667 1627 2725 errori
1652 2666 1811 2723 verba
1837 2664 1987 2741 εγω.

387 2762 501 2821 boli
528 2777 638 2817 non
668 2769 971 2835 repugnant
1003 2778 1015 2814 :
1043 2759 1143 2819 sub
1170 2759 1374 2819 eisdem
1400 2761 1599 2833 quippe
1620 2759 1799 2817 verbis
1825 2759 1984 2815 innu-

387 2853 677 2911 merabiles
720 2851 1096 2910 haereticorum
1141 2866 1357 2909 errores
1403 2850 1578 2909 exorti
1610 2859 1754 2907 sunt.
1783 2850 1987 2910 Putatis

387 2959 517 3017 ergo
545 2944 650 3001 iste
696 2943 946 3001 catholici
986 2943 1213 3013 alicujus
1254 2941 1431 3013 magni
1480 2949 1640 3012 atque
1682 2942 1826 2999 docti
1867 2957 1988 3001 esse

388 3035 540 3093 illum
563 3034 779 3101 librum,
803 3035 848 3093 si
876 3034 1004 3093 talia
1028 3033 1256 3093 credens
1276 3033 1330 3090 in
1358 3032 1636 3090 Catholica
1664 3033 1984 3105 baptizetur,

389 3137 445 3185 et
506 3127 804 3201 posteriore
862 3126 1135 3202 diligentia
1204 3135 1492 3199 cognoscat
1538 3126 1988 3201 quemadmodum

394 3217 618 3274 credere
639 3218 852 3285 debeat,
886 3225 1048 3288 atque
1088 3225 1301 3288 arrepta
1328 3217 1434 3273 ﬁde
1478 3216 1737 3273 catholica
1763 3218 1891 3274 illud
1920 3233 1988 3275 ex

392 3311 572 3368 animo
598 3319 845 3382 respuat;
874 3308 1136 3383 numquid
1161 3309 1208 3369 si
1233 3308 1339 3367 hoc
1374 3307 1654 3367 confessus
1686 3308 1866 3378 fuerit,
1892 3308 1992 3366 de-

391 3416 503 3463 nuo
529 3403 876 3476 baptizandus
907 3401 1031 3461 est?
1059 3405 1166 3461 Aut
1188 3402 1234 3459 si
1261 3412 1550 3475 antequam
1580 3401 1751 3460 discat
1774 3410 1831 3458 et
1857 3417 1989 3459 con-

395 3498 628 3566 ﬁteatur,
658 3496 762 3553 hoc
780 3496 984 3554 sentire
1025 3494 1350 3567 inveniatur,
1383 3502 1439 3552 et
1461 3493 1592 3568 quid
1633 3493 1867 3567 abjicere
1894 3494 1989 3551 de-

388 3594 537 3661 beat,
567 3590 763 3664 quidve
787 3587 1011 3647 credere
1035 3587 1312 3654 doceatur,
1343 3585 1790 3661 manifestumque
1820 3587 1914 3644 fiat
1934 3588 1988 3645 in

391 3699 454 3745 ea
482 3682 715 3741 falsitate
741 3680 865 3740 fidei
903 3680 1232 3754 baptizatum
1272 3678 1473 3746 fuisse;
1526 3677 1783 3751 numquid
1810 3677 1987 3735 denuo

390 3772 747 3851 baptizandus
767 3772 890 3830 est?
913 3770 1053 3841 Quid
1080 3770 1191 3827 ita?
1217 3768 1354 3839 Quia
1393 3769 1484 3827 illa
1511 3770 1765 3827 sanctitas
1792 3767 1987 3827 Sacra-

390 3868 564 3928 menti
594 3865 775 3927 verbis
801 3863 1121 3940 evangelicis
1157 3872 1473 3923 consecrata
1513 3877 1675 3933 super
1702 3878 1828 3922 eum
1853 3863 1991 3922 inte-

390 3976 489 4037 gra
518 3957 788 4025 manebat,
808 3957 948 4015 sicut
973 3970 1093 4015 eam
1123 3953 1370 4013 traditam
1400 3963 1717 4026 acceperat;
1745 3956 1990 4030 quamvis

391 4057 510 4127 ipse
532 4052 583 4109 in
601 4050 827 4111 carnalis
849 4049 1045 4109 mentis
1069 4050 1304 4107 vanitate
1327 4049 1670 4121 constitutus,
1699 4049 1846 4106 aliud
1867 4065 1989 4108 cum

389 4146 756 4217 baptizaretur
781 4142 1049 4211 crederet,
1077 4157 1239 4214 quam
1269 4142 1492 4201 credere
1516 4142 1807 4201 debuisset.
1834 4143 1979 4214 Qua-

390 4248 613 4315 propter
632 4235 976 4297 manifestum
999 4244 1101 4306 est,
1131 4234 1249 4293 ﬁeri
1267 4250 1427 4310 posse
1446 4244 1506 4295 ut
1532 4234 1636 4293 ﬁde
1655 4251 1761 4294 non
1782 4236 1989 4312 integra

390 4332 663 4405 integrum
679 4329 737 4389 in
753 4342 1022 4402 quoquam
1047 4338 1262 4387 maneat
1285 4327 1543 4400 Baptismi
1558 4337 1952 4388 sacramentum
1971 4348 1986 4389 :

395 4435 453 4482 ct
475 4423 595 4481 ideo
625 4422 714 4482 illa
738 4437 858 4495 quae
882 4419 953 4479 de
970 4419 1305 4478 diversorum
1327 4420 1703 4477 haereticorum
1734 4422 1991 4481 varietate

395 4516 668 4585 dicuntur,
695 4513 762 4570 ad
784 4513 941 4571 istam
971 4512 1321 4587 quaestionem
1361 4526 1470 4571 non
1516 4514 1805 4586 pertinent.
1856 4514 1991 4572 Illud

397 4610 543 4668 enim
569 4611 620 4666 in
671 4621 994 4680 unoquoque
1041 4606 1415 4679 corrigendum
1441 4615 1545 4677 est,
1580 4608 1720 4680 quod
1752 4609 1840 4667 ille
1895 4626 1992 4683 per

398 4721 560 4777 quem
599 4704 902 4778 corrigitur,
945 4715 1167 4777 pravum
1194 4715 1315 4759 esse
1356 4702 1708 4775 perspexerit.
1738 4701 1872 4761 lllud
1901 4721 1991 4761 sa-

396 4796 636 4857 nandum
685 4805 769 4853 est
808 4793 952 4868 quod
995 4801 1218 4867 mgrotat
1249 4810 1264 4848 :
1296 4793 1426 4850 illud
1463 4792 1699 4853 dandum
1723 4805 1805 4853 est
1848 4797 1991 4869 quod

401 4907 513 4954 non
535 4890 782 4958 habetur,
806 4897 862 4946 et
890 4889 1122 4946 maxime
1147 4887 1381 4947 charitas
1404 4888 1572 4961 pacis,
1604 4891 1721 4947 sine
1749 4905 1854 4965 qua
1873 4906 1984 4948 cae-

400 4996 517 5045 tera
544 4984 804 5056 prodesse
846 4997 953 5039 non
982 4989 1223 5054 possunt.
1266 4979 1374 5041 Sed
1404 4989 1581 5041 tamen
1632 4998 1754 5041 eum
1794 4982 1992 5042 adsunt

400 5092 512 5135 non
535 5074 684 5147 quasi
727 5072 904 5131 desint
927 5071 1185 5130 tradenda
1229 5081 1390 5140 sunt;
1418 5073 1514 5133 sed
1537 5081 1593 5131 ut
1618 5072 1907 5140 fructuosa,
1938 5082 1991 5133 et

401 5185 511 5227 non
543 5167 843 5239 perniciose
869 5165 1186 5234 habeantur,
1218 5182 1315 5237 per
1343 5166 1517 5237 ipsum
1538 5167 1810 5223 vinculum
1842 5168 1991 5240 pacis

400 5274 456 5322 et
482 5262 828 5320 eminentiam
850 5260 1128 5317 charitatis
1154 5260 1416 5334 agendum
1445 5271 1548 5317 est.

474 5354 700 5419 CAPUT
738 5354 855 5413 XV.
907 5387 981 5398 —
1020 5354 1109 5415 20.
1160 5355 1520 5426 Quamobrem
1570 5355 1616 5412 si
1676 5355 1992 5428 evangelicis

403 5451 602 5517 verbis,
643 5467 661 5500 ι
701 5446 768 5501 1η
790 5448 989 5503 nomine
1014 5446 1188 5502 Patris
1214 5456 1257 5503 et
1288 5446 1413 5502 Filii
1439 5456 1485 5501 et
1514 5446 1741 5519 Spiritus
1773 5449 1933 5502 sancti
1966 5467 1986 5503 ι

404 5545 616 5619 (Matth.
646 5557 832 5609 xxvnr,
865 5540 977 5614 i9),
1012 5540 1245 5596 Marcion
1278 5539 1598 5613 Baptismum
1644 5540 1988 5610 consecrabat,

406 5639 669 5709 integrum
701 5643 814 5691 erat
840 5632 1245 5689 Sacramentum
1270 5648 1285 5700 ;
1309 5632 1555 5704 quamvis
1575 5632 1692 5705 eius
1718 5632 1852 5690 fides
1893 5633 1993 5690 sub

471 5762 1092 5832 ’uss.,dcquibusaiclt.

1114 236 1202 293 DE
1243 230 1579 292 BAPTISMO
1617 225 1891 283 CONTRA
1937 223 1992 276 lit

2172 222 2383 289 ISTAS,
2428 224 2484 279 S.
2515 220 2883 281 AUGUSTINI

3602 230 3719 287 “>8

2095 340 2298 398 eisdem
2328 338 2505 399 verbis
2529 340 2672 397 aliud
2711 339 2976 412 epinantis
3000 356 3161 417 quam
3187 342 3460 403 catholica
3485 346 3717 402 veritas

2093 432 2273 501 docet,
2294 447 2401 493 non
2417 441 2562 491 esset
2589 433 2816 511 integra,
2847 435 2944 494 sed
2972 435 3228 497 fabulosis
3257 438 3586 499 falsitatibus
3618 440 3715 498 in-

2092 529 2312 600 quinata
2340 528 2440 604 (a).
2461 528 2596 587 Nam
2619 530 2720 588 sub
2739 530 2943 589 eisdem
2972 532 3169 601 verbis,
3198 532 3251 591 id
3269 542 3372 603 est,
3404 533 3468 590 In
3490 537 3719 593 nomine

2093 620 2269 679 Patris
2296 630 2343 679 et
2370 620 2498 680 Filii
2522 630 2567 680 ct
2594 620 2822 695 Spiritus
2857 626 3042 695 sancti,
3088 641 3196 686 non
3225 628 3401 687 solum
3429 628 3713 699 Marcion,
3776 624 3779 699 ί

2091 722 2182 771 aut
2208 713 2544 781 Valentinus,
2574 722 2666 773 aut
2684 715 2867 784 Arius,
2890 716 3317 788 autEunomius,
3338 720 3434 776 sed
3458 721 3567 793 ipsi
3591 736 3715 779 car-

2090 807 2243 865 nales
2259 807 2463 879 parvuli
2486 807 2745 867 Eeclesiac
2762 807 2978 883 (quibus
2997 809 3210 869 dicebat
3232 812 3545 887 Apostolus,
3576 814 3714 873 Non

2090 901 2235 972 potui
2263 901 2402 973 loqui
2428 902 2566 961 vobis
2593 904 2742 976 quasi
2769 903 3141 977 spiritualibus,
3168 905 3258 961 sed
3285 907 3433 979 quasi
3456 908 3709 966 carnali-

2091 992 2223 1063 bus),
2256 993 2301 1049 si
2331 1003 2551 1065 possent
2576 995 2771 1066 singuli
2800 995 3084 1067 diligenter
3112 996 3450 1074 interrogari,
3498 1008 3586 1057 tot
3614 999 3709 1059 di-

2088 1086 2373 1149 versitates
2385 1088 2699 1159 opinionum
2719 1087 2987 1157 fortassis,
3008 1098 3138 1164 quot
3165 1089 3413 1150 homines
3430 1108 3710 1153 numera-

2087 1190 2275 1240 rentur
2301 1200 2315 1238 :
2346 1180 2597 1241 Animalia
2642 1183 2786 1241 enim
2841 1183 2991 1241 Itonia
3035 1200 3137 1241 non
3166 1186 3379 1257 percipit
3424 1202 3543 1258 quia
3571 1197 3708 1245 sunt

2091 1272 2321 1344 Spiritus
2353 1272 2471 1330 Dei.
2497 1273 2765 1346 Numquid
2795 1276 2971 1333 tamen
2998 1274 3119 1334 ideo
3147 1291 3253 1333 non
3283 1276 3554 1350 integrum
3598 1277 3707 1335 Sa-

2089 1376 2419 1425 eramentum
2450 1368 2752 1439 accipiunt?
2789 1376 2882 1427 aut
2927 1368 3183 1443 numquid
3224 1368 3342 1429 ideo
3368 1370 3416 1429 si
3443 1370 3704 1443 profece-

2089 1459 2219 1525 rint,
2240 1468 2295 1519 et
2308 1460 2620 1531 opinionum
2634 1460 2931 1520 carnalium
2951 1461 3239 1519 vanitatem
3257 1461 3702 1535 emendaverint,

2090 1551 2267 1608 denuo
2323 1551 2465 1623 quod
2515 1559 2835 1624 acceperant
2879 1552 3224 1624 repetendum
3290 1554 3416 1612 est?
3483 1555 3707 1627 Accipit

2092 1642 2319 1715 quisque
2374 1642 2667 1704 secundum
2703 1642 2863 1703 ﬁdem
2904 1658 3076 1715 suam,
3122 1644 3218 1703 sed
3260 1654 3522 1718 quantum
3552 1646 3707 1719 capit
3778 1642 3779 1717 ξ

2091 1736 2421 1809 gubernante
2444 1738 2533 1799 illa
2554 1738 2572 1772 ⁸
2601 1737 2966 1797 misericordia
2992 1738 3110 1808 Dei,
3136 1738 3205 1797 de
3224 1752 3325 1811 qua
3360 1755 3706 1812 praesumens

2092 1828 2234 1885 idem
2263 1831 2536 1900 apostolus
2569 1829 2699 1889 dicit
2726 1848 2739 1887 :
2770 1829 2831 1888 Si
2870 1830 2991 1902 quid
3016 1830 3164 1887 aliter
3186 1831 3386 1904 sapitis,
3412 1831 3471 1891 id
3496 1849 3706 1907 quoque
3778 1906 3779 1915 χ

2092 1923 2229 1983 vobis
2256 1921 2399 1981 Deus
2423 1923 2661 1983 revelabit
2687 1922 2948 1998 (Philipp.
2983 1939 3060 1991 tn,
3095 1922 3206 1996 15).
3253 1923 3458 1998 Laquei
3516 1934 3705 1984 tamen

2092 2014 2471 2074 haereticorum
2499 2024 2555 2077 et
2583 2015 3044 2075 schismaticorutn
3075 2025 3356 2091 propterea
3385 2019 3707 2076 carnalibus

2092 2109 2316 2169 nimium
2347 2109 2629 2179 perniciosi
2671 2117 2816 2177 sunt,
2861 2109 2985 2180 quia
3027 2108 3144 2180 ipse
3186 2118 3473 2180 provectus
3504 2126 3704 2171 eorum

2093 2199 2488 2268 intercluditur,
2516 2198 2830 2267 confirmata
2859 2201 3127 2261 sententia
3154 2202 3407 2264 vanitatis
3424 2203 3703 2265 adversus

2092 2014 2471 2074 haereticorum
2499 2024 2555 2077 et
2583 2015 3044 2075 schismaticorutn
3075 2025 3356 2091 propterea
3385 2019 3707 2076 carnalibus

2092 2109 2316 2169 nimium
2347 2109 2629 2179 perniciosi
2671 2117 2816 2177 sunt,
2861 2109 2985 2180 quia
3027 2108 3144 2180 ipse
3186 2118 3473 2180 provectus
3504 2126 3704 2171 eorum

2093 2199 2488 2268 intercluditur,
2516 2198 2830 2267 confirmata
2859 2201 3127 2261 sententia
3154 2202 3407 2264 vanitatis
3424 2203 3703 2265 adversus

2095 2293 2414 2353 catholicam
2442 2295 2747 2362 veritatem,
2778 2303 2835 2351 et
2860 2293 3179 2355 conﬁrmata
3220 2297 3568 2357 animositate
3589 2297 3707 2356 dis-
3778 2293 3779 2369 ξ

2094 2389 2364 2449 sonsionis
2412 2388 2668 2447 adversus
2710 2388 3028 2449 catholicam
3078 2403 3290 2460 pacem.
3340 2389 3703 2449 Sacramenta
3778 2376 3779 2461 Ϊ

2093 2492 2272 2541 tamen
2310 2481 2358 2540 si
2402 2481 2591 2541 eadem
2629 2490 2772 2549 sunt,
2819 2481 3018 2552 ubique
3048 2480 3254 2554 integra
3291 2492 3436 2553 sunt,
3481 2483 3705 2542 etiamsi
3778 2508 3779 2554 ι

2094 2590 2259 2648 prave
2307 2574 2675 2646 intelliguntur
2700 2581 2758 2635 et
2800 2573 3133 2634 discordiose
3176 2582 3473 2635 uastantur
3505 2594 3520 2633 :
3560 2577 3705 2634 sicut

2093 2667 2356 2736 scriptura
2386 2665 2556 2737 ipsius
2602 2665 2881 2739 Evangelii
2919 2666 2966 2723 si
2991 2664 3178 2725 eadem
3222 2665 3338 2739 ipsa
3365 2677 3467 2737 est,
3500 2669 3706 2742 ubique

2094 2761 2301 2833 integra
2326 2767 2431 2826 est.
2461 2759 2669 2821 etiamsi
2695 2759 3074 2823 innumerabili
3093 2758 3349 2820 falsarum
3375 2762 3701 2834 opinionum

2094 2853 2350 2913 varietate
2363 2861 2652 2912 asseratur.
2668 2851 2803 2911 Nam
2830 2851 3360 2933 quodaitJeremias,
3399 2854 3598 2927 thuid
3614 2858 3704 2927 qui

2094 2947 2392 3003 contristant
2418 2963 2498 3004 me
2534 2946 2849 3017 praecinit?
2882 2944 3050 3018 Plaga
3073 2964 3186 3005 mea
3211 2948 3378 3007 solida
3404 2958 3523 3019 est;
3553 2950 3697 3007 unde

2094 3037 2353 3097 sanatur!
2396 3037 2533 3095 Dum
2561 3040 2640 3106 ﬁt,
2663 3042 2802 3110 facta
2844 3046 2919 3095 est
2962 3038 3086 3097 mihi
3130 3041 3261 3099 sicut
3300 3057 3434 3113 aqua
3473 3041 3701 3099 mdes
3778 3108 3779 3113 η

2094 3152 2199 3192 non
2234 3135 2420 3192 habent
2449 3135 2604 3205 ﬁdem
2641 3132 2853 3208 (lerant.
2882 3150 2974 3202 xv,
3006 3133 3137 3208 i8);
3169 3136 3216 3195 si
3264 3133 3489 3206 ﬁgurate
3533 3144 3699 3210 atque

2095 3228 2381 3299 allegorica
2426 3228 2695 3285 locutione
2742 3226 3037 3298 prophetia:
3092 3241 3353 3297 nusquam
3404 3236 3699 3298 poneretur

2095 3334 2258 3392 aqua,
2288 3320 2391 3379 nisi
2431 3335 2551 3391 quae
2576 3319 2911 3390 Baptismum
2928 3318 3288 3393 signiﬁcaret,
3320 3317 3696 3381 laboraremus

2096 3429 2338 3487 quaerere
2383 3414 2511 3486 quid
2538 3412 2639 3470 sibi
2677 3413 2841 3471 velint
2881 3413 3002 3473 haec
3040 3412 3205 3473 verba
3229 3412 3480 3473 Jcremia:
3512 3427 3696 3470 :nunc

2095 3519 2276 3569 autem
2322 3524 2444 3565 cum
2492 3509 2830 3580 apertissime
2882 3509 2939 3565 in
2986 3508 3310 3581 Apocalypsi
3352 3518 3696 3579 exponentur
3778 3508 3779 3563 ἕ

2097 3616 2249 3672 aqua
2274 3616 2373 3672 pro
2422 3601 2637 3673 populis
2678 3600 2870 3671 posita:
2913 3599 3097 3674 (Apoc.
3138 3614 3269 3669 χιιι,
3294 3600 3407 3674 i5).
3438 3616 3538 3660 cur
3585 3617 3693 3661 non

2095 3692 2388 3765 intelligam
2419 3708 2611 3764 aquam
2653 3692 2967 3749 mendacem
3006 3702 3063 3751 et
3084 3693 3204 3753 sine
3240 3692 3379 3762 title,
3434 3694 3691 3765 populum

2094 3785 2410 3843 mendacem
2438 3801 2503 3841 ac
2531 3784 2814 3858 perﬁdum,
2838 3786 3038 3843 nescio.

2166 3878 2392 3936 CAPUT
2423 3877 2561 3937 XVI.
2592 3906 2663 3920 -—
2686 3877 2778 3934 21.
2808 3875 3037 3948 Spiritus
3079 3886 3255 3936 autem
3301 3890 3508 3939 suum
3546 3879 3689 3952 quod

2094 3970 2151 4025 in
2172 3970 2284 4026 sola
2310 3968 2571 4026 Catholica
2591 4012 2607 4038 ,
2659 3986 2747 4041 per
2782 3986 2967 4028 manus
3001 3969 3372 4040 impositin
3413 3972 3529 4029 dari
3555 3972 3689 4031 dici-
3778 3998 3779 4039 ξ

2096 4072 2186 4120 tur
2206 4105 2221 4130 ,
2252 4062 2504 4119 nimirum
2535 4062 2637 4118 hoc
2666 4063 2889 4134 intelligi
2919 4063 3153 4133 majores
3179 4063 3347 4122 nostri
3374 4064 3683 4131 voluerunt.
3778 4064 3779 4067 “

2094 4155 2239 4227 quod
2263 4155 2551 4225 Apostolus
2576 4154 2651 4211 ait
2680 4196 2697 4223 ,
2729 4155 2984 4221 Quoniam
3009 4156 3231 4215 charitas
3267 4154 3363 4215 Dei
3387 4155 3579 4224 ditius
3617 4166 3687 4219 est

2094 4248 2150 4309 in
2175 4246 2408 4302 cordibus
2431 4248 2619 4303 nostris
2639 4264 2730 4317 per
2754 4246 3005 4319 Spiritum
3031 4257 3260 4307 sanctum
3280 4288 3296 4316 ,
3324 4251 3411 4319 qui
3438 4250 3593 4309 datus
3614 4260 3684 4311 est
3778 4280 3779 4285 π

2096 4341 2239 4397 nobis
2279 4340 2548 4413 (Reum.
2576 4339 2669 4412 ὅ).
2718 4340 2834 4411 ipsa
2886 4349 2970 4397 est
3015 4342 3158 4399 enim
3206 4341 3475 4411 charitas,
3528 4358 3682 4415 qmm

2095 4449 2201 4492 non
2253 4434 2449 4491 habent
2485 4434 2573 4507 qui
2620 4435 2689 4490 ab
2715 4434 2969 4492 Ecclesia
2997 4435 3273 4493 catholicas
3311 4439 3682 4497 communione

2095 4529 2303 4601 ρι’ωοίίί
2347 4538 2472 4585 sunt
2500 4546 2516 4583 :
2542 4543 2606 4585 ae
2655 4544 2751 4601 per
2805 4527 2907 4584 hoc
2931 4528 3135 4586 etiamsi
3181 4529 3377 4601 linguis
3412 4529 3683 4589 hominum

2095 4631 2153 4678 et
2180 4622 2507 4693 Angelorum
2533 4620 2819 4692 loquantur
2840 4664 2857 4689 ,
2884 4622 2929 4677 si
2955 4621 3128 4677 sciant
3151 4622 3329 4678 omnia
3352 4633 3681 4682 seculnam

2095 4724 2151 4771 et
2176 4729 2400 4783 omnem
2451 4713 2726 4769 scientiam
2756 4755 2774 4782 ,
2805 4722 2860 4769 et
2885 4715 2929 4768 si
2957 4713 3186 4771 habeant
3209 4729 3422 4772 omnem
3454 4715 3679 4787 propr

2095 4808 2257 4875 tiam,
2305 4816 2359 4863 et
2393 4822 2606 4863 omnem
2645 4806 2805 4862 ﬁdem
2830 4848 2845 4874 ,
2897 4808 2968 4862 ita
2995 4815 3055 4862 ut
3095 4817 3305 4864 montes
3333 4808 3676 4876 transferant,

2095 4912 2151 4959 et
2170 4902 2495 4959 distribuant
2523 4902 2702 4956 omnia
2726 4914 2820 4959 sua
2851 4901 3170 4973 pauperibus
3195 4944 3210 4969 ,
3243 4911 3299 4958 et
3326 4903 3538 4960 tradant
3561 4918 3675 4959 coro

2095 5009 2196 5066 pus
2219 5008 2375 5050 suum
2401 5002 2459 5049 ut
2483 4993 2743 5059 ardeant,
2775 4993 2905 5049 nihil
2947 4994 3026 5050 eis
3052 4994 3271 5064 prodest
3304 4995 3365 5067 (Ι
3392 4995 3511 5052 Cor.
3554 5012 3641 5053 ιιιι
3662 5038 3676 5062 ,

2095 5087 2248 5160 1ο5).
2277 5086 2394 5143 Non
2423 5096 2598 5143 autem
2628 5085 2825 5143 habent
2850 5086 2946 5143 Dei
2981 5086 3334 5156 claritatem,
3364 5089 3457 5160 qui
3496 5089 3678 5147 εοειο.

2095 5180 2190 5236 site
2220 5195 2326 5236 non
2352 5180 2580 5251 diligunt
2607 5180 2864 5236 unitatem
2889 5197 2903 5235 :
2931 5195 2997 5236 ac
3022 5196 3120 5251 per
3149 5180 3253 5238 hoc
3296 5194 3445 5241 recte
3483 5182 3675 5241 intelli-
3778 5226 3779 5269 ἦ

2094 5276 2239 5349 gitur
2278 5274 2383 5330 dici
2412 5288 2517 5330 non
2546 5274 2715 5344 accipi
2746 5274 2844 5329 nisi
2882 5275 2937 5329 ln
2979 5274 3253 5332 Catholica
3300 5274 3530 5347 Spiritus
3557 5291 3675 5333 ειη·
3778 5290 3779 5301 ‘

2094 5372 2233 5421 ctus.
2263 5363 2445 5434 Neque
2472 5361 2616 5418 enim
2663 5361 3046 5432 temporalibus
3072 5371 3128 5419 et
3160 5364 3502 5422 sensibiiibus
3524 5365 3677 5421 urire.
3778 5376 3779 5441 ξ

2097 5457 2235 5515 culis
2282 5455 2655 5512 attestantibus
2704 5469 2803 5528 per
2844 5470 3036 5512 manus
3086 5457 3479 5529 imp-titionem
3526 5458 3675 5517 modo
3778 5506 3779 5521 ξ

2096 5550 2254 5607 datur
2278 5548 2509 5620 Spiritus
2535 5558 2785 5617 sanctus,
2812 5548 2950 5605 sicut
2984 5558 3140 5607 antea
3166 5549 3395 5608 dabatur
3424 5550 3495 5609 ad
3534 5562 3673 5609 cout-

2162 5684 2181 5714 ί
2205 5689 2338 5743 Lov.,
2361 5677 2515 5731 illum
2539 5684 2692 5732 Nostri
2718 5688 2822 5732 Mss.
2847 5695 2959 5734 cum
2983 5690 3081 5731 Am.
3108 5687 3161 5733 et
3182 5687 3257 5732 Er.
3273 5718 3289 5745 ,
3309 5680 3413 5734 illa.

2164 5764 2236 5832 (a)
2258 5763 2428 5816 Confer
2450 5765 2702 5818 concilium
2727 5765 3009 5819 Acclatcnse
3034 5768 3080 5829 l,
3105 5781 3210 5821 can.
3236 5766 3284 5819 8.
