3796 6128
109 206 185 264 ua
1403 179 1602 239 LIBER
1641 177 1954 236 TERTIUS.

107 323 467 384 mendationem
497 317 646 375 rudis
687 312 809 370 ﬁdei
849 320 903 366 et
927 306 1183 365 Ecclesiae
1210 300 1505 378 primordia
1532 297 1665 354 dila-

107 419 252 479 tanda.
293 415 424 486 Quis
452 411 598 468 enim
644 421 787 464 nunc
815 406 918 461 hoc
955 408 1273 472 exspectat,
1319 404 1382 453 ut
1409 394 1447 451 ii
1475 391 1666 466 quibus

107 525 260 571 manus
281 508 348 565 ad
375 493 746 579 accipiendum
775 497 1034 570 Spiritum
1065 499 1307 550 sanctum
1331 487 1620 560 imponitur
1646 529 1664 554 ,

108 615 288 681 repente
331 602 594 674 incipiant
629 595 822 670 linguis
850 591 1047 665 loqui?
1093 587 1188 644 sed
1236 581 1573 641 invisibiliter
1614 589 1668 637 et

108 676 296 758 latenter
333 695 648 766 intelligitur
682 696 900 761 propter
927 687 946 718 ί
975 681 1245 739 vinculum
1288 676 1434 751 pacis
1481 688 1667 731 eorum

110 789 320 850 cordibus
348 786 534 843 divina
568 783 798 839 Charitas
823 775 1106 849 inspirari,
1133 781 1192 830 ut
1222 772 1429 844 possint
1449 769 1625 825 dicere
1649 809 1664 834 ,

113 883 326 953 Quoniam
377 877 602 934 Charitas
649 873 745 929 Dei
786 869 976 940 diﬂ'usa
1019 876 1091 922 est
1133 866 1188 921 in
1221 863 1456 920 cordibus
1485 859 1669 915 nostris

112 995 178 1050 per
214 973 456 1047 Spiritum
509 978 777 1037 sanctum,
825 965 914 1039 qui
972 962 1121 1017 datus
1172 970 1244 1017 est
1285 957 1447 1013 nobis.
1491 954 1670 1010 Multae

111 1045 261 1125 autem
279 1073 400 1123 sunt
446 1061 785 1136 operationes
823 1057 1051 1134 Spiritus
1095 1053 1301 1120 sancti,
1343 1065 1474 1122 quas
1527 1045 1669 1103 idem

113 1159 343 1233 apostolus
371 1174 497 1215 cum
541 1154 771 1228 quodam
808 1152 965 1220 loco,
1015 1155 1267 1221 quantum
1298 1141 1540 1198 snfficere
1580 1154 1671 1195 ar-

112 1231 297 1313 bitratus
323 1260 438 1320 est,
492 1251 1005 1311 commemorasset,
1051 1243 1121 1296 ita
1173 1235 1434 1295 conclusit
1486 1253 1498 1289 :
1544 1231 1669 1288 0m-

115 1351 175 1404 m'a
193 1356 342 1402 autem
367 1347 478 1400 hare
507 1350 747 1414 operatur
767 1355 900 1393 unus
945 1344 1094 1406 atque
1123 1333 1254 1387 idem
1295 1326 1520 1401 Spiritus
1548 1367 1562 1390 ,
1589 1324 1671 1378 di-

114 1441 252 1496 videns
275 1438 485 1511 propria
509 1434 779 1504 unicuique
801 1436 950 1504 prout
971 1427 1076 1483 vult
1096 1425 1142 1497 (I
1161 1421 1377 1488 Cormt,
1403 1417 1513 1511 il).

115 1549 213 1606 ριγέο
237 1507 301 1590 sit
332 1507 478 1586 aliud
513 1529 949 1589 Sacramentum,
995 1517 1137 1592 quod
1168 1515 1369 1571 habere
1401 1509 1562 1568 etiam
1592 1507 1674 1565 Si-

118 1600 216 1680 mon
253 1622 430 1696 Magus
472 1619 648 1693 potuit
701 1613 851 1692 (Act.
882 1629 994 1679 vru,
1031 1608 1136 1680 15)
1172 1626 1187 1675 ;
1239 1601 1384 1660 aliud
1425 1600 1674 1696 operatio

113 1716 304 1789 Spiritus
321 1693 354 1783 ,⁷
375 1729 501 1788 qua:
544 1711 600 1767 in
639 1709 794 1766 malis
822 1701 1129 1760 hominibus
1169 1699 1327 1755 etiam
1359 1693 1474 1784 ﬁeri
1502 1695 1672 1762 solet,

118 1783 225 1866 sicut
244 1807 362 1865 Said
386 1783 574 1862 habuit
604 1800 938 1875 prophetiam
971 1793 1026 1869 (Ι
1051 1795 1176 1867 Reg.
1206 1809 1262 1861 χ,
1285 1791 1338 1856 6,
1369 1783 1472 1860 10)
1493 1806 1516 1870 ;⁴
1532 1785 1676 1842 aliud

118 1901 320 1974 operatio
364 1895 611 1969 ejusdem
662 1889 930 1966 Spiritus,
962 1903 1121 1961 quam
1165 1885 1266 1941 nisi
1307 1882 1434 1940 boni
1479 1880 1678 1966 habere

120 1961 199 2051 non
219 1961 448 2065 possunt,
479 1991 621 2046 sicut
643 1961 724 2044 est
751 1984 870 2039 finis
897 1979 1148 2055 praecepti
1176 1973 1407 2033 cbaritas
1425 1973 1492 2029 de
1517 1961 1679 2028 corde

119 2063 241 2159 puro,
269 2095 318 2142 et
346 2063 676 2140 conscientia
703 2077 841 2135 bona
865 2117 880 2142 ,
913 2083 968 2131 et
1013 2070 1117 2127 fide
1159 2085 1265 2125 non
1309 2067 1429 2124 ﬁcta
1461 2063 1518 2139 (Ι
1539 2063 1675 2150 Tim.

120 2157 230 2248 i,5)
259 2196 270 2230 :
300 2175 575 2248 quodlibet
623 2167 854 2225 haeretici
905 2175 960 2222 et
1003 2160 1326 2220 schismatici
1377 2157 1675 2228 accipiant,

122 2269 315 2324 charitas
374 2281 495 2339 quae
544 2262 785 2334 cooperit
840 2255 1231 2316 multitudinem
1300 2261 1635 2325 peccatorum
1660 2292 1677 2320 ,

125 2363 353 2434 proprium
401 2359 611 2414 donum
660 2363 743 2411 est
793 2349 1069 2408 catholica:
1119 2347 1333 2404 unitatis
1381 2353 1436 2401 et
1477 2343 1622 2415 pacis
1661 2359 1677 2410 ;

124 2469 201 2510 nec
223 2453 327 2524 ejus
350 2451 401 2506 in
429 2449 685 2506 omnibus
709 2489 725 2515 ,
752 2446 875 2518 quia
901 2457 1001 2498 nec
1041 2441 1157 2512 ejus
1178 2447 1302 2494 sunt
1329 2452 1539 2504 omnes,
1571 2434 1682 2491 sic-

124 2555 170 2601 ut
216 2561 301 2602 suo
353 2545 473 2601 loco
515 2539 835 2598 videbimus.
880 2535 1082 2592 Praeter
1124 2533 1293 2604 ipsam
1338 2539 1516 2585 tamen
1563 2542 1683 2584 esse

125 2639 197 2694 illa
236 2639 458 2695 charitas
514 2651 620 2693 non
651 2639 868 2706 potest,
903 2631 1019 2686 siue
1063 2641 1168 2699 qua
1214 2633 1406 2680 caetera
1445 2622 1606 2678 etiam
1637 2620 1682 2675 si

127 2731 305 2803 agnosci
333 2740 384 2787 et
421 2725 714 2801 approbari
742 2730 995 2796 possunt,
1028 2717 1285 2792 prodesse
1315 2725 1490 2770 tamen
1534 2722 1587 2767 et
1616 2711 1681 2766 li-

129 2822 280 2878 berare
305 2838 409 2878 non
437 2828 688 2894 possunt.
715 2816 899 2871 Manus
923 2823 1098 2868 autem
1123 2807 1391 2880 impositio
1415 2821 1518 2860 non
1545 2805 1685 2859 sicut

131 2915 384 2987 Baptismus
407 2914 583 2984 repeti
609 2927 712 2966 non
741 2916 935 2982 potest.
967 2903 1102 2975 Quid
1129 2910 1212 2959 est
1239 2899 1381 2957 enim
1410 2895 1550 2955 aliud
1581 2895 1684 2951 nisi

130 3008 268 3063 oratio
292 3023 446 3078 super
472 3005 748 3062 hominem
791 3000 866 3074 (a)
900 2999 923 3053 ?

183 3091 383 3158 CAPUT
423 3095 596 3155 XVII.
626 3127 699 3138 ——
723 3091 809 3149 22.
859 3091 998 3147 Nam
1046 3087 1182 3160 quod
1221 3086 1276 3141 in
1315 3096 1434 3158 typo
1478 3080 1686 3139 unitatis

132 3191 256 3248 Petro
280 3189 534 3248 Dominus
575 3187 713 3245 dedit
752 3187 1082 3260 potestatem,
1126 3191 1178 3234 ut
1220 3178 1275 3235 id
1320 3178 1591 3234 solveretur
1632 3176 1686 3230 in

134 3289 247 3342 terris
271 3285 397 3358 quod
414 3285 508 3342 ille
525 3281 749 3339 solvisset
773 3324 788 3351 ,
817 3275 1155 3335 manifestum
1176 3281 1260 3330 est
1284 3270 1425 3344 quod
1457 3267 1543 3324 illa
1571 3267 1683 3323 uni-

133 3386 196 3433 tas
228 3379 373 3436 etiam
402 3393 512 3435 una
560 3374 807 3431 columba
848 3367 1081 3443 perfecta
1126 3369 1195 3422 sit
1229 3365 1387 3421 dicta.
1421 3359 1687 3432 Numquid

135 3485 235 3542 ergo
274 3471 334 3526 ad
375 3465 625 3527 eamdem
653 3463 952 3522 columbam
980 3461 1248 3533 pertinent
1287 3471 1474 3512 omnes
1500 3452 1642 3508 avari
1669 3494 1683 3518 ,

135 3563 186 3618 de
220 3564 392 3635 quibus
439 3565 500 3619 in
524 3559 710 3618 eadem
732 3555 1003 3613 Catholica
1027 3551 1260 3625 graviter
1286 3549 1425 3604 idem
1463 3544 1688 3617 Cypria-

135 3669 214 3709 nus
230 3641 513 3727 ing'eniuit?
537 3649 695 3715 Nam,
719 3647 996 3720 ut0pinor,
1019 3654 1260 3716 raptores
1285 3655 1388 3696 non
1405 3635 1686 3703 columbae,

137 3743 208 3801 sed
231 3748 502 3818 accipitres
540 3743 644 3799 dici
689 3748 930 3814 possunt.
977 3731 1255 3806 Quomodo
1293 3746 1421 3802 ergo
1449 3727 1689 3800 baptiza-

137 3833 270 3906 bant,
314 3838 399 3909 qui
440 3834 642 3892 fundos
672 3827 942 3888 insidiosis
985 3826 1258 3884 fraudibus
1298 3821 1604 3895 rapiebant,
1637 3829 1691 3876 et

138 3933 278 3988 usuris
335 3927 813 4002 multiplicantibus
862 3923 1018 3980 fenus
1067 3918 1330 3992 augebant
1378 3915 1544 3991 (Lib.
1603 3930 1691 3970 seu

139 4019 272 4093 Epist.
309 4021 576 4094 deLapsis
601 4019 620 4094 )
645 4064 660 4090 ,
707 4019 752 4075 si
781 4017 894 4075 sola
921 4016 1007 4071 illa
1035 4012 1280 4069 columba
1305 4051 1321 4079 ,
1349 4005 1403 4066 id
1446 4017 1529 4065 est
1551 4050 1567 4077 ,
1601 4005 1691 4063 illa

140 4117 280 4174 unitas
312 4135 425 4191 qua:
467 4115 574 4173 nisi
617 4115 672 4170 in
698 4113 854 4169 bonis
900 4105 1121 4180 intelligi
1160 4122 1265 4162 non
1304 4113 1517 4176 potest,
1559 4099 1689 4156 sim-

140 4209 234 4280 plex
263 4211 314 4268 et
335 4219 483 4269 casta
522 4217 577 4265 et
605 4205 838 4280 perfecta
871 4195 1101 4274 baptizat
1123 4201 1147 4256 ?
1170 4201 1252 4255 An
1281 4198 1417 4255 forte
1445 4212 1541 4269 per
1568 4209 1693 4250 ora-

142 4303 281 4360 tiones
318 4312 626 4361 sanctorum
669 4295 1022 4370 spiritualium
1048 4291 1136 4365 qui
1176 4300 1300 4348 sunt
1338 4289 1390 4344 in
1423 4287 1691 4355 Ecclesia,

142 4404 352 4469 tanquam
384 4411 480 4468 per
524 4392 788 4452 columbae
827 4387 1208 4446 creberrimum
1240 4383 1492 4455 gemitum
1520 4423 1534 4447 ,
1582 4394 1698 4434 ma-

141 4504 273 4560 gnum
315 4491 519 4563 geritur
561 4491 953 4542 sacramentum
981 4521 996 4547 ,
1041 4487 1095 4535 et
1139 4475 1343 4532 occulta
1373 4470 1698 4543 dispensatio

144 4581 490 4640 misericordia:
525 4579 646 4647 Dei,
678 4585 732 4632 ut
756 4588 942 4632 eorum
968 4573 1128 4629 etiam
1158 4575 1373 4640 peccata
1403 4565 1697 4630 solvantur,

146 4675 215 4745 qui
241 4693 334 4733 non
364 4693 458 4750 per
484 4667 787 4730 columbam
813 4711 828 4736 ,
856 4665 949 4724 sed
979 4681 1073 4737 per
1092 4661 1396 4733 accipitrem
1430 4656 1703 4729 baptizan-

148 4775 247 4837 tur,
283 4767 324 4826 si
365 4749 430 4826 ad
476 4765 611 4824 illud
649 4764 1050 4823 Sacramentum
1095 4773 1214 4813 cum
1254 4770 1383 4827 pace
1426 4749 1702 4808 catholicae

149 4855 330 4918 unitatis
354 4860 621 4919 accedunt
645 4857 667 4913 ?
697 4853 851 4926 Quod
876 4853 920 4908 si
949 4853 1022 4907 ita
1050 4858 1132 4907 est
1154 4892 1169 4917 ,
1215 4862 1308 4904 cur
1331 4861 1436 4901 non
1458 4859 1584 4915 ergo
1611 4857 1704 4913 per

151 4966 302 5009 eorum
329 4955 599 5009 orationes
649 4965 770 5005 cum
815 4946 1041 5018 quisque
1081 4942 1148 4998 ab
1185 4939 1372 4996 haeresi
1419 4946 1511 4992 aut
1565 4935 1704 4990 schi-

153 5054 295 5100 smate
335 5044 398 5100 ad
427 5058 612 5116 pacem
645 5037 960 5096 catholicam
987 5035 1168 5100 venit,
1201 5033 1315 5103 ejus
1345 5037 1560 5102 peccata
1595 5027 1704 5081 sol-

154 5139 356 5194 vuntur?
380 5135 714 5197 Sacramenti
744 5143 919 5188 autem
955 5129 1229 5202 integritas
1269 5125 1460 5196 ubique
1505 5137 1703 5192 cogno-

155 5228 310 5300 scitur,
334 5231 424 5289 sed
450 5229 516 5287 ad
550 5235 890 5302 peccatorum
917 5222 1061 5277 illam
1091 5213 1497 5275 irrevocabilem
1522 5211 1710 5269 remis-

158 5323 331 5381 sionem
357 5335 507 5384 extra
534 5321 796 5379 unitatem
834 5315 1088 5373 Ecclesiae
1131 5329 1239 5369 non
1266 5309 1478 5367 valebit.
1518 5303 1626 5362 Nec
1655 5304 1709 5360 in

3256 182 3359 239 i50

1773 296 1964 352 haeresi
2003 303 2094 351 aut
2128 295 2414 353 schismate
2437 296 2786 353 constitutum
2828 306 3134 354 sanctorum
3163 299 3362 353 oratio-

1773 401 1868 443 nes
1894 431 1908 454 ,
1961 386 2013 443 id
2044 395 2156 455 est,
2191 388 2334 444 illius
2363 387 2532 444 unica:
2559 388 2821 446 columbae
2858 389 3089 462 gemitus
3116 398 3366 464 poterunt

1773 479 2023 550 adjuvare
2049 498 2064 548 ;
2106 482 2243 537 sicut
2267 496 2367 538 nec
2392 481 2535 538 intus
2561 482 2792 554 positum
2816 492 3077 554 possunt,
3107 483 3152 540 si
3177 483 3367 540 adver-

1772 590 1892 631 sum
1916 591 1974 632 se
1995 576 2110 648 ipse
2134 591 2231 649 per
2263 576 2425 650 vitam
2451 576 2738 648 pessimam
2766 585 2947 635 teneat
2972 577 3149 635 debita
3176 594 3366 651 pecca-

1772 679 1949 726 torum
1974 713 1990 739 ,
2043 685 2152 725 non
2206 669 2378 726 solum
2421 670 2467 725 si
2516 685 2614 744 per
2656 670 2965 742 accipitrem
2995 714 3013 742 ,
3063 672 3160 728 sed
3202 674 3369 730 etiam

1773 761 1820 818 si
1861 777 1958 835 per
1993 763 2160 836 ipsius
2201 761 2461 820 columbae
2507 763 2653 837 pium
2695 763 3051 822 ministerium
3101 764 3366 839 baptize-

1774 866 1878 914 tur.

1845 949 2073 1010 CAPUT
2119 949 2307 1009 XVII].
2332 949 2508 1008 —25.
2552 951 2698 1009 Sicut
2722 951 2857 1007 misit
2886 969 2992 1020 me,
3025 953 3193 1024 inquit
3218 996 3234 1015 .
3269 951 3368 1010 Pa-

1776 1056 1850 1102 ter
1869 1089 1883 1114 ,
1929 1056 1974 1101 et
2002 1065 2094 1120 ego
2123 1049 2262 1102 mitto
2285 1064 2389 1102 vos.
2426 1045 2538 1102 Hoc
2563 1063 2677 1102 cum
2701 1047 2907 1102 dixisset
2930 1089 2946 1115 ,
2981 1047 3244 1118 inspiravit
3274 1091 3291 1115 ,
3319 1056 3370 1104 et

1775 1141 1846 1194 ait
1873 1140 1976 1196 illis
2021 1157 2038 1194 :
2069 1141 2290 1212 Accipite
2317 1141 2567 1213 Spiritum
2605 1149 2834 1197 sanctum
2869 1157 2887 1195 .°
2925 1143 2971 1196 si
2997 1142 3144 1214 cujus
3171 1144 3368 1198 remise—

1775 1233 1888 1288 ritis
1917 1243 2118 1304 peccata
2138 1277 2152 1302 ,
2179 1235 2496 1288 remittemur
2521 1234 2599 1288 illi
2624 1252 2644 1302 ;
2670 1234 2715 1289 si
2740 1235 2885 1306 cujus
2913 1236 3197 1302 tenueritis,
3228 1246 3366 1291 tene-

1777 1324 1961 1379 buntur
2003 1326 2197 1397 (Joan.
2239 1343 2331 1395 xx,
2359 1326 2451 1395 22,
2475 1324 2611 1399 25).
2645 1325 2788 1397 Ergo
2827 1327 2872 1382 si
2901 1342 3181 1398 personam
3216 1344 3368 1400 gere-

1778 1418 1904 1475 bant
1945 1419 2230 1489 Ecclesiae,
2261 1429 2315 1476 et
2341 1421 2417 1476 sic
2451 1421 2528 1478 eis
2567 1421 2670 1476 hoc
2714 1418 2916 1476 dictum
2953 1431 3072 1490 est,
3117 1429 3370 1494 tanquam

1779 1511 1880 1583 ipsi
1905 1511 2160 1569 Ecclesia:
2196 1511 2506 1581 diceretur;
2549 1527 2654 1584 pax
2687 1511 2941 1568 Ecclesiae
2985 1512 3206 1569 dimittit
3243 1529 3370 1584 pec-

1778 1612 1924 1672 cata,
1967 1613 2020 1675 et
2046 1604 2113 1661 ab
2161 1605 2414 1662 Ecclesia:
2453 1619 2583 1676 pace
2623 1605 2874 1660 alienatio
2922 1614 3069 1662 tenet
3111 1615 3370 1678 peccata,

1779 1712 1885 1753 non
1926 1697 2224 1754 secundum
2261 1697 2538 1754 arbitrium
2584 1697 2891 1766 hominum,
2933 1697 3028 1755 sed
3074 1699 3371 1755 secundum

1779 1792 2058 1849 arbitrium
2090 1791 2182 1847 Dei
2233 1800 2289 1846 et
2330 1792 2599 1848 orationes
2643 1798 2952 1847 sanctorum
2990 1792 3368 1862 spiritualium,

1773 1885 1871 1958 qui
1897 1887 2075 1942 omnia
2100 1883 2344 1955 judicent
2367 1926 2382 1952 ,
2415 1883 2517 1955 ipsi
2545 1893 2724 1942 autem
2750 1898 2782 1938 a
2811 1882 3027 1940 nemine
3065 1883 3374 1954 judicantur

1783 1978 1830 2049 (l
1855 1976 1972 2032 Cor.
1996 1993 2056 2044 ιι,
2088 1976 2200 2046 iii).
2229 1976 2390 2032 Petra
2417 1975 2734 2030 enim-tenet
2752 2016 2767 2040 ,
2795 1983 2947 2044 petra
2975 1973 3194 2029 dimittit
3227 1991 3241 2027 :
3274 1988 3373 2030 co-

1783 2071 1963 2127 lumba
1995 2079 2141 2127 tenet
2173 2113 2188 2138 ,
2219 2070 2468 2126 columba
2491 2068 2714 2124 dimittit
2746 2086 2759 2121 :
2793 2068 2971 2124 unitas
2997 2074 3163 2134 tenet,
3193 2067 3374 2122 unitas

1782 2164 2022 2220 dimittit.
2052 2163 2164 2218 Pax
2189 2172 2368 2218 autem
2393 2161 2554 2232 hujus
2588 2160 2807 2216 unitatis
2847 2160 2902 2214 in
2931 2159 3059 2216 solis
3083 2157 3238 2214 bonis
3263 2165 3371 2224 est,

1786 2259 1866 2313 vel
1891 2261 2000 2328 jam
2030 2256 2416 2328 spiritualibus,
2436 2254 2521 2310 vel
2548 2253 2616 2308 ad
2641 2252 2933 2324 spiritualia
2964 2250 3218 2306 concordi
3241 2251 3375 2307 obe-

1785 2351 1984 2406 dientia
2029 2349 2427 2420 proficientibus
2458 2365 2471 2400 :
2501 2346 2554 2401 in
2585 2346 2740 2401 malis
2771 2352 2948 2400 autem
2974 2358 3078 2398 non
3111 2352 3194 2398 est
3218 2385 3234 2411 ,
3259 2341 3376 2399 sive

1787 2443 1916 2498 foris
1943 2441 2350 2504 tumultuentur,
2380 2439 2494 2494 sive
2519 2438 2662 2492 intus
2690 2452 2811 2492 cum
2833 2436 3031 2507 gemitu
3057 2435 3374 2502 tolerentur,

1786 2542 1841 2589 et
1869 2532 2140 2604 baptizent
2162 2541 2216 2586 et
2239 2530 2592 2600 baptizcntur.
2619 2526 2770 2584 Sicut
2806 2536 2983 2582 autem
3007 2525 3094 2580 isti
3119 2525 3210 2597 qui
3233 2525 3378 2580 intus

1786 2642 1908 2683 cum
1933 2627 2133 2698 gemitu
2164 2625 2489 2689 tolerantur,
2519 2621 2762 2693 quamvis
2802 2619 2869 2675 ad
2900 2619 3144 2674 eamdem
3174 2617 3380 2673 colum-

1787 2719 1871 2774 bas
1899 2719 2154 2774 unitatem
2183 2757 2198 2784 ,
2219 2787 2222 2790 ξ
2245 2725 2300 2772 et
2339 2716 2408 2770 ad
2449 2715 2592 2770 illam
2621 2713 2912 2786 gloriosam
2938 2710 3238 2767 Ecclesiam
3265 2727 3377 2767 non

1788 2811 2075 2868 habentem
2104 2809 2368 2865 maculam
2393 2815 2486 2863 aut
2508 2821 2694 2876 rugam
2721 2812 2815 2860 aut
2838 2801 3043 2876 aliquid
3069 2802 3380 2876 hujusmodi

1789 2905 2008 2978 (ΕρΙιεδ.
2031 2921 2083 2971 v,
2111 2902 2216 2981 27”)
2235 2945 2252 2970 ,
2279 2917 2386 2958 non
2412 2901 2716 2973 pertineant
2742 2896 2856 2974 (a);
2906 2906 3085 2954 tamen
3127 2898 3173 2955 si
3207 2897 3382 2954 corri-

1787 3007 2010 3072 gantur,
2041 3005 2094 3052 et
2120 3012 2178 3053 se
2201 2995 2466 3068 pessimos
2512 2991 2579 3048 ad
2607 2991 2938 3064 Baptismum
2981 2990 3274 3048 accessisse
3301 2989 3382 3044 la-

1789 3101 2004 3150 teautur
2027 3133 2042 3159 ,
2071 3105 2177 3145 non
2205 3087 2602 3158 rebaptizautur
2621 3126 2636 3153 ,
2665 3083 2763 3140 sed
2799 3083 3060 3154 incipiunt
3085 3081 3151 3138 ad
3177 3082 3381 3138 colum-

1789 3186 1913 3242 bam
1943 3183 2242 3254 pertinere,
2270 3196 2367 3252 per
2393 3179 2546 3251 cujus
2569 3178 2804 3251 gemitus
2833 3184 3049 3248 peccata
3075 3175 3382 3254 solvuntur,

1790 3292 1820 3330 a
1849 3249 1999 3347 cujus
2027 3289 2156 3346 pace
2182 3249 2428 3328 alienatis
2457 3249 2774 3326 tenebantur
2803 3269 2818 3299 ¹
2853 3284 2866 3320 :
2904 3267 2982 3322 sic
3013 3275 3068 3322 et
3093 3249 3184 3338 qui
3221 3280 3380 3337 aper-

1792 3372 1896 3425 tius
1945 3368 2073 3423 foris
2117 3375 2276 3434 sunt,
2317 3366 2363 3420 si
2409 3363 2598 3420 eadem
2633 3361 2979 3416 Sacramenta
3010 3366 3380 3431 sumpserunt,

1792 3478 1915 3520 cum
1944 3459 2172 3517 correcti
2197 3457 2264 3512 ad
2293 3455 2548 3512 Ecclesiae
2577 3453 2800 3509 veniunt
2825 3450 3109 3518 unitatem,
3141 3463 3250 3504 non
3279 3449 3385 3503 ite-

1792 3565 1911 3613 rato
1941 3553 2212 3626 Baptismo
2230 3592 2247 3620 ,
2275 3534 2370 3606 sed
2396 3547 2585 3604 eadem
2614 3545 2893 3601 cbaritatis
2925 3544 3043 3614 lege
3069 3551 3127 3598 et
3161 3540 3384 3597 unitatis

1792 3648 2005 3706 vinculo
2043 3646 2356 3702 liberantur.
2387 3641 2520 3698 Nam
2549 3640 2597 3696 si
2625 3656 2727 3694 non
2760 3639 2859 3693 nisi
2899 3639 2952 3692 in
2983 3635 3214 3691 Ecclesia
3243 3650 3384 3705 prte-

1794 3742 1971 3815 positis
1992 3781 2006 3805 ,
2052 3749 2098 3795 et
2147 3737 2434 3809 evangelica
2485 3734 2594 3806 tege
2637 3749 2698 3786 ac
2753 3730 3012 3788 dontinica
3063 3727 3387 3784 ordinatione

1795 3836 2027 3909 fundatis
2081 3834 2195 3888 licet
2242 3831 2544 3903 baptizare;
2593 3825 2850 3897 numquid
2905 3824 3039 3880 tales
3089 3831 3244 3878 erant
3289 3825 3388 3893 qui

1797 3932 1991 3990 fundos
2019 3927 2292 3986 insidiosis
2320 3923 2598 3981 fraudibus
2624 3920 2936 3991 rapiebant,
2963 3926 3019 3974 et
3041 3917 3221 3974 usuris
3246 3916 3391 3972 mul-

1795 4021 2160 4096 tiplicantibus
2185 4021 2337 4076 lenus
2362 4015 2669 4088 augebant?
2699 4014 2942 4070 Arbitror
2981 4012 3128 4068 enim
3158 4010 3282 4082 quia
3310 4009 3392 4067 illi

1797 4116 2066 4174 dominica
2090 4111 2428 4170 ordinatione
2447 4111 2469 4142 ⁸
2495 4105 2700 4163 fundati
2725 4113 2885 4173 sunt,
2909 4104 3102 4174 quibus
3129 4117 3251 4158 cum
3277 4101 3393 4157 for-

1797 4223 1942 4266 mam
1968 4205 2122 4262 daret
2141 4202 2432 4276 Apostolus
2448 4241 2465 4268 ,
2490 4200 2594 4265 ait,
2619 4197 2743 4252 Non
2771 4211 3010 4259 avarum,
3043 4211 3146 4250 non
3170 4193 3393 4264 turpitu-

1800 4317 1942 4358 crum
1963 4299 1984 4332 ³
2005 4297 2132 4373 (Tit.
2156 4313 2192 4363 ι,
2218 4293 2295 4368 7).
2326 4293 2484 4348 Tales
2505 4300 2683 4347 tamen
2709 4287 2877 4358 ipsius
2901 4285 3152 4356 Cypriani
3177 4291 3393 4352 tempo-

1800 4394 1950 4451 ribus
1975 4388 2338 4461 baptizabant,
2368 4398 2507 4456 quos
2533 4380 2884 4452 coepiscOpos
2907 4391 3036 4432 suos
3073 4375 3236 4430 fuisse
3261 4388 3389 4430 cum

1802 4501 1996 4558 magno
2023 4482 2223 4555 gemitu
2249 4477 2530 4536 confitetur
2554 4519 2570 4544 ,
2601 4482 2657 4530 et
2696 4486 2821 4528 cum
2860 4483 3054 4540 magna
3090 4466 3393 4523 tolerantiae

1802 4577 2052 4638 mercede
2099 4572 2414 4646 perpetitur.
2467 4567 2768 4625 Remissam
2817 4574 2998 4619 tamen
3046 4568 3394 4632 peccatorum

1805 4689 1913 4729 non
1939 4669 2176 4736 dabant;
2223 4681 2342 4736 quae
2380 4678 2478 4734 per
2515 4661 2786 4718 orationes
2825 4664 3173 4721 sanctorum,
3203 4652 3258 4710 id
3286 4661 3390 4721 est,

1806 4780 1903 4838 per
1926 4760 2192 4818 columbae
2216 4757 2445 4830 gemitus
2471 4755 2626 4811 datur
2650 4793 2664 4818 ,
2695 4750 3018 4821 quicumque
3056 4746 3319 4819 baptizct,
3347 4745 3398 4802 si

1808 4837 1876 4916 ad
1901 4859 2017 4929 ejus
2050 4869 2236 4926 pacem
2263 4851 2338 4906 illi
2380 4849 2652 4920 pertinent
2680 4842 2872 4914 quibus
2898 4841 3077 4896 datur.
3102 4838 3222 4895 Non
3249 4837 3395 4894 enim

1809 4949 2114 5023 raptoribus
2157 4955 2210 5003 et
2244 4941 2636 5001 feneratoribus
2661 4936 2865 4992 diceret
2891 4933 3183 5001 Dominus,
3225 4931 3287 4989 Si
3313 4933 3399 4986 cui

1811 5043 2100 5100 dimiseritis
2136 5047 2340 5110 peccata
2363 5078 2378 5103 ,
2407 5033 2716 5088 dimittantur
2753 5029 2869 5093 illi;
2909 5028 2954 5082 si
2997 5026 3078 5081 cui
3117 5023 3398 5090 tenueritis,

1814 5137 2128 5193 tenebuntur.
2160 5129 2311 5184 Foris
2358 5124 2574 5196 quidem
2603 5137 2693 5176 nec
2720 5119 2870 5191 ligari
2900 5117 3093 5189 aliquid
3121 5123 3281 5186 potest
3307 5129 3399 5169 nec

1815 5230 1962 5296 solvi,
1996 5228 2082 5283 ubi
2111 5241 2211 5280 non
2235 5223 2301 5278 sit
2323 5220 2412 5288 qui
2435 5227 2524 5273 aut
2565 5218 2725 5289 ligare
2749 5215 2906 5287 possit
2932 5225 3021 5270 aut
3049 5213 3241 5269 solvere
3267 5209 3400 5267 :sed

1882 5397 1898 5428 ι
1923 5400 2054 5451 Lov.,
2078 5383 2275 5451 alienati
2295 5381 2618 5451 tenebantur_:
2642 5379 2803 5451 minus
2824 5379 2973 5449 bene.

1881 5459 1902 5489 ²
1923 5433 2328 5504 ἓᾶίῐῖὃῐῖἔὲηᾶίίώ
2351 5453 2452 5494 Am.
2494 5450 2546 5494 et
2577 5449 2673 5503 Er.,
2718 5437 2960 5492 dominica
2990 5433 3200 5487 oratione
3228 5443 3246 5480 :
3269 5443 3408 5480 mcn-
3436 5475 3446 5511 τ

1819 5521 2130 5640 ἀοξϐέύιςθιθ
2152 5570 2447 5640 fert,__turpts
2471 5567 2596 5640 lucri
2619 5563 2851 5640 cupidum
2869 5576 2907 5640 ,‘A
2923 5554 3412 5640 81:9_E§Elﬂ-gllldﬂgl

1823 5617 1955 5703 edd;
1970 5617 2592 5703 31°d§.'éi'éni&rb¢pjpsé
2618 5617 2928 5690 Augustinus,
2949 5617 3284 5687 turpilucrum.
3355 5625 3411 5670 at.

1890 5693 1961 5768 (a')
1983 5710 2018 5752 lt
2042 5707 2267 5760 κατθείη
2288 5709 2392 5760 cap.
2423 5693 2494 5748 l8.

209 5481 903 5540 idcmtmﬂiautemper-
1002 5535 1049 5540 __
1150 5533 1163 5540 _
1364 5529 1437 5540 _,.
1552 5527 1583 5540 ..

209 5527 638 5606 351
846 5535 1112 5606 ianpositio,
1133 5533 1216 5606 de.
1235 5543 1332 5605 qua
1362 5529 1529 5606 infra,“

164 5592 534 5719 εθρίῖῗίῒῆςιῗιὶι·
552 5592 575 5655 ξ
593 5611 791 5654 «Manus
813 5592 975 5650 autem
1011 5592 1313 5660 impositio'si
1338 5607 1433 5642 non
1456 5592 1712 5641 adhibere-

171 5683 188 5708 ι
207 5673 272 5715 ῑῐπ
395 5669 568 5719 δενῦεί
607 5664 844 5719 venienti,
871 5667 1096 5719 tauquam
1139 5665 1278 5708 extra
1301 5665 1496 5705 onmem
1526 5650 1712 5714 culpam

207 5650 568 5720 {turali—ﬁgi
599 5650 844 5726 venienti,
871 5650 1096 5724 tauquam
1139 5665 1278 5708 extra
1301 5665 1496 5705 onmem
1526 5650 1714 5714 culpam

170 5746 188 5775 ι
208 5743 303 5780 esse
319 5732 620 5798 judicaretur.
646 5746 668 5774 ι
