3802 6196
389 267 487 322 151

388 381 610 436 solvitur
650 380 740 449 qui
777 392 895 431 eum
940 376 1183 431 columba
1212 375 1397 430 fecerit
1426 386 1610 444 pacem
1635 413 1650 439 ,
1680 379 1736 425 et
1773 371 1965 441 ligatur

385 471 476 544 qui
525 484 649 526 cum
691 469 934 524 columba
989 482 1094 523 non
1157 465 1317 521 habet
1364 479 1584 536 pacem,
1631 463 1743 518 sive
1784 470 1969 534 aperte

382 562 514 620 foris
539 563 630 628 sit,
659 561 778 617 sive
797 561 940 616 intus
968 573 1089 615 esse
1112 558 1375 613 videatur.

451 656 542 712 24.
571 654 777 710 Dat/tan
801 669 916 709 vero
932 694 948 720 ,
978 651 1140 708 Chore
1165 660 1212 707 et
1230 650 1421 706 Abiron
1439 690 1454 716 ,
1479 649 1566 720 qui
1590 648 1687 703 sibi
1714 648 1968 702 licentiam

381 748 710 819 sacriﬁcandi
750 762 999 818 usurpare
1035 745 1202 800 conati
1229 753 1347 799 sunt
1390 751 1564 797 contra
1593 742 1837 795 unitatem
1869 756 1964 810 po-

381 845 492 917 puli
515 843 631 912 Dei,
659 852 706 897 et
733 841 830 911 ﬁlii
852 841 1026 895 Aaron
1060 839 1147 911 qui
1173 837 1395 892 alienum
1427 837 1595 908 ignem
1621 834 1774 890 altari
1797 835 1966 905 impo-

378 945 611 1005 suerunt,
657 936 904 990 novimus
945 931 1088 1004 quod
1130 932 1337 1002 impune
1379 945 1480 984 non
1525 927 1733 998 fecerint
1773 923 1963 998 (Num.

381 1045 475 1086 xvn
499 1045 514 1095 ;
555 1037 602 1083 et
628 1025 789 1082 Leuit.
815 1041 871 1093 x,
903 1025 956 1092 1,
978 1023 1059 1095 2).
1091 1021 1200 1079 Nec
1228 1037 1324 1078 nos
1354 1020 1477 1076 talia
1507 1019 1711 1074 scelera
1734 1016 1966 1073 dicimus

380 1119 641 1190 impunita
667 1130 970 1183 remanere,
999 1114 1102 1170 nisi
1144 1129 1202 1170 se
1230 1112 1366 1167 tales
1393 1109 1748 1175 correxerint,
1791 1108 1834 1162 si
1868 1122 1968 1177 pa-

381 1213 567 1270 tientia
613 1210 708 1266 Dei
751 1208 818 1264 ad
865 1204 1233 1278 paenitentiam
1275 1202 1551 1259 adducens
1592 1198 1772 1271 (Rom.
1804 1214 1876 1265 ιι,
1908 1197 1964 1268 1)

379 1315 592 1377 tempus
618 1301 917 1374 corrigendi
947 1300 1186 1370 largitur.

452 1396 682 1455 CAPUT
721 1394 864 1452 XIX.
888 1423 958 1435 υ-
981 1393 1073 1450 25.
1103 1391 1181 1447 11ιὶ
1208 1405 1337 1446 sane
1356 1388 1448 1459 qui
1477 1393 1758 1457 propterea
1781 1381 1968 1438 dicunt

381 1509 486 1547 non
516 1507 622 1545 esse
654 1487 941 1542 iterandum
969 1483 1320 1555 Baptismum,
1366 1479 1484 1550 quia
1533 1491 1714 1531 manus
1744 1481 1966 1528 tantum-

379 1585 532 1640 modo
551 1582 785 1652 imposita
815 1588 887 1634 est
911 1580 980 1632 eis
1005 1593 1129 1648 quos
1158 1573 1432 1644 Philippus
1459 1569 1707 1624 diaconus
1733 1565 1963 1636 baptiza-

377 1685 518 1731 verat
549 1673 681 1746 (Act.
709 1687 820 1736 vin,
849 1668 1028 1739 5-17),
1056 1665 1186 1722 nihil
1218 1663 1284 1719 ad
1310 1677 1421 1718 rem
1447 1661 1724 1733 pertinens
1749 1655 1962 1712 dicunt:

381 1776 436 1824 et
456 1766 592 1821 absit
617 1773 673 1819 ut
707 1778 826 1818 cum
848 1775 1034 1816 verum
1057 1757 1346 1830 qumrimus
1364 1796 1380 1822 ,
1408 1753 1600 1810 talibus
1635 1748 1966 1822 argumentis

378 1868 613 1913 utamur.
657 1855 992 1924 Quapropter
1015 1850 1184 1920 magis
1210 1847 1456 1902 haereticis
1490 1860 1592 1899 non
1614 1842 1836 1898 cedimus
1861 1839 1964 1914 (a),

379 1955 426 2010 si
452 1951 594 2024 quod
620 1949 818 2005 habent
843 1947 910 2002 de
929 1944 1131 2002 Christi
1153 1941 1417 2006 Ecclesia,
1444 1953 1552 1994 non
1578 1953 1699 1994 esse
1723 1936 1966 1991 dicamus

377 2047 640 2116 ipsorum,
671 2055 770 2096 nec
790 2047 1010 2111 propter
1030 2036 1234 2092 scelera
1259 2033 1593 2089 desertorum
1620 2026 1967 2098 Imperatoris

380 2136 552 2191 nostri
583 2135 733 2204 signa
759 2131 991 2186 nolimus
1020 2140 1311 2198 agnoscere
1336 2141 1350 2177 :
1375 2122 1546 2193 magis
1573 2120 1696 2191 quia
1716 2117 1966 2172 Dominus

380 2226 520 2281 Deus
550 2233 716 2278 noster
743 2221 883 2276 Deus
922 2220 1093 2274 zelans
1136 2226 1206 2272 est
1247 2214 1425 2286 (Deut.
1450 2229 1522 2281 IV,
1548 2210 1673 2284 24),
1709 2207 1967 2281 quidquid

380 2319 500 2388 ejus
528 2314 667 2386 apud
711 2313 944 2383 aliquem
974 2309 1348 2382 agnoscimus,
1383 2305 1529 2360 nullo
1558 2301 1718 2359 modo
1760 2302 1810 2357 ei
1839 2316 1967 2357 con-

381 2407 634 2464 cedamus
683 2413 739 2460 ut
791 2418 950 2460 suum
995 2399 1270 2472 proprium
1315 2412 1437 2454 esse
1482 2395 1792 2450 arbitretur.
1849 2393 1967 2464 Ipse

378 2510 526 2557 certe
554 2499 696 2554 Deus
740 2497 923 2552 zelans
967 2493 1253 2550 fornicanti
1283 2506 1313 2546 a
1342 2505 1402 2546 se
1444 2488 1657 2545 feminae
1701 2489 1756 2543 in
1797 2487 1966 2558 ﬁgura

377 2589 826 2664 praevaricatricis
871 2587 1042 2658 plebis
1086 2583 1395 2656 exprobrat,
1448 2590 1503 2636 et
1547 2579 1676 2635 dicit
1718 2577 1860 2649 quod
1902 2592 1969 2634 ea

378 2703 498 2758 qua:
527 2685 695 2756 ipsius
723 2689 937 2749 essent,
976 2678 1138 2735 dabat
1175 2675 1505 2732 amatoribus
1528 2673 1640 2730 suis
1663 2714 1679 2739 ,
1711 2681 1766 2728 et
1792 2671 1862 2728 ab
1888 2672 1969 2727 eis

379 2791 567 2834 rursus
590 2773 904 2846 accipiebat,
937 2787 1056 2844 quae
1079 2785 1186 2826 non
1212 2769 1449 2833 illorum,
1473 2765 1568 2822 sed
1597 2765 1764 2836 ipsius
1791 2772 1965 2819 erant.

378 2873 525 2928 Inter
571 2868 867 2925 adulteram
923 2865 1179 2921 feminam
1227 2873 1284 2919 et
1333 2861 1607 2917 adulteros
1656 2866 1963 2923 amatores,

378 2963 519 3020 dona
547 2977 641 3018 sua
686 2969 862 3014 tamen
893 2958 1034 3012 Deus
1077 2964 1326 3026 tanquam
1367 2953 1550 3008 zelans
1593 2951 1760 3006 iratus
1803 2963 1969 3020 agno-

379 3058 522 3114 scit:
555 3064 610 3111 et
653 3068 749 3109 nos
791 3052 1164 3108 hiereticorum
1204 3062 1325 3106 esse
1366 3047 1697 3117 Baptismum
1740 3044 1968 3100 dicimus

378 3147 558 3205 verbis
598 3144 920 3216 evangelicis
965 3149 1361 3204 consecratum,
1409 3136 1665 3194 commoti
1695 3134 1849 3190 factis
1875 3150 1968 3191 eo-

378 3255 500 3296 rum
527 3239 687 3294 etiam
715 3252 835 3308 qua:
860 3236 956 3292 Dei
983 3243 1109 3290 sunt
1131 3233 1208 3289 eis
1239 3232 1475 3288 tribuere
1499 3230 1746 3286 volumus
1770 3269 1785 3296 ,
1814 3227 1966 3298 quasi

380 3347 447 3389 ea
485 3329 853 3387 contaminare
881 3326 1191 3399 potuerint,
1229 3332 1322 3380 aut
1342 3332 1623 3394 propterea
1651 3337 1747 3377 sua
1787 3319 1967 3378 facere

379 3438 499 3494 quae
530 3421 626 3478 Dei
652 3429 807 3488 sunt,
833 3419 955 3490 quia
984 3417 1085 3488 ipsi
1114 3416 1208 3474 Dei
1237 3431 1356 3472 esse
1385 3414 1715 3471 noluerunt?

446 3513 537 3570 26.
568 3513 699 3582 Quae
731 3520 813 3568 est
841 3510 930 3565 illa
955 3509 1148 3565 mulier
1179 3506 1447 3574 adultera,
1478 3521 1636 3578 quam
1673 3503 1812 3561 Osee
1836 3518 1964 3574 pro-

379 3605 540 3678 pheta
569 3603 840 3674 designat,
871 3615 991 3672 quaa
1017 3599 1150 3655 dixit
1177 3617 1188 3652 :
1217 3597 1312 3652 Ibo
1351 3606 1461 3668 post
1497 3605 1748 3650 aniatores
1789 3611 1925 3649 meos
1947 3637 1964 3662 ,

379 3699 469 3764 qui
483 3694 608 3748 mihi
629 3692 752 3746 dant
769 3707 922 3762 panes
942 3705 1077 3744 meos
1093 3699 1139 3743 et
1153 3704 1339 3759 aquam
1359 3703 1554 3753 meum,
1577 3694 1735 3741 vestes
1757 3701 1894 3738 meas
1921 3695 1969 3739 et

386 3787 682 3840 linteamina
706 3799 852 3850 mea,
882 3791 928 3836 et
952 3781 1184 3834 universa
1223 3794 1339 3849 quae
1373 3778 1498 3832 mihi
1517 3776 1820 3845 condecent(
1842 3773 1969 3830 Osee

381 3895 441 3946 ιι,
459 3875 610 3949 1-15)
623 3876 645 3930 ?
661 3876 807 3931 Licet
821 3872 1035 3944 quidem
1048 3871 1149 3927 hoc
1166 3880 1222 3928 et
1235 3870 1304 3927 de
1318 3870 1742 3942 praevaricatrice
1751 3868 1935 3925 Judan
1945 3899 1967 3912 -

381 3985 502 4027 rum
520 3965 985 4038 genteintelligere
1009 3982 1022 4019 :
1042 3963 1136 4019 sed
1163 3971 1342 4018 tamen
1366 3976 1501 4033 quos
1534 3961 1669 4016 alios
1693 3961 1968 4016 imitantur

383 4057 864 4136 pseudochristiani
892 4057 1019 4132 (hoc
1028 4057 1170 4112 enim
1183 4065 1306 4112 sunt
1319 4069 1508 4111 omnes
1519 4054 1756 4110 haeretici
1769 4063 1822 4108 et
1834 4052 1967 4109 schi-

382 4154 593 4213 smatici
608 4153 651 4226 ),
672 4153 772 4208 nisi
793 4149 1287 4223 pseudo-Israelitas
1303 4148 1327 4203 ‘l
1344 4148 1511 4205 Erant
1525 4148 1666 4204 enim
1684 4156 1738 4203 et
1752 4148 1865 4204 veri
1883 4147 1964 4204 ls-

381 4249 605 4316 raelitze,
624 4248 762 4303 sicut
779 4246 894 4317 ipse
921 4243 1178 4300 Dominus
1203 4241 1516 4299 Natbanaeli
1547 4240 1788 4312 perhibet
1814 4240 1966 4296 testi-

383 4342 644 4408 monium,
671 4338 892 4394 dicens:
916 4334 1048 4391 Ecce
1071 4351 1180 4389 vere
1201 4332 1438 4389 Israelita
1460 4333 1514 4388 in
1539 4349 1639 4406 quo
1677 4332 1822 4387 dolus
1866 4347 1967 4386 non

385 4445 454 4490 est
473 4433 648 4504 (Joan.
677 4449 713 4498 ι,
735 4431 802 4486 47
824 4430 868 4503 ).
883 4427 983 4498 Qui
995 4436 1120 4482 sunt
1134 4436 1311 4481 autem
1324 4425 1436 4481 veri
1458 4423 1768 4492 Christiani,
1783 4423 1886 4478 nisi
1899 4421 1966 4478 de

387 4525 579 4596 quibus
614 4522 754 4578 idem
778 4520 1036 4575 Dominus
1063 4517 1193 4573 dicit
1233 4533 1246 4569 :
1275 4516 1375 4582 Qui
1395 4516 1561 4588 diligit
1585 4532 1665 4570 me
1683 4557 1696 4581 ,
1725 4515 1966 4568 mandata

384 4635 498 4673 mea
527 4615 743 4672 custodit
770 4611 881 4684 (Id.
917 4627 1026 4677 xw,
1057 4609 1122 4664 21
1146 4610 1201 4680 )?
1221 4608 1357 4677 Quid
1381 4617 1464 4664 est
1485 4616 1662 4663 autem
1695 4606 1967 4662 custodire

386 4708 635 4764 mandata
679 4708 824 4776 ejus,
873 4702 974 4758 nisi
1019 4701 1072 4756 in
1119 4700 1403 4756 dilectione
1447 4699 1765 4769 persistere?
1816 4696 1969 4753 Unde

385 4801 544 4855 etiam
571 4797 716 4862 dicit,
750 4795 1054 4850 Mandatum
1078 4808 1258 4847 novum
1279 4793 1344 4846 do
1369 4792 1502 4846 vobis
1523 4833 1539 4859 ,
1573 4801 1626 4845 ut
1651 4807 1735 4846 vos
1757 4791 1970 4846 invicem

388 4890 612 4962 diligatis
635 4905 653 4943 :
674 4899 727 4942 et
766 4888 958 4942 iterum
980 4927 995 4950 ,
1023 4883 1090 4938 In
1110 4885 1204 4938 hoc
1229 4883 1384 4938 scient
1415 4898 1587 4936 omnes
1606 4883 1724 4954 quia
1757 4882 1852 4937 mei
1888 4883 1966 4935 di—

387 4981 569 5052 scipuli
590 4980 726 5046 estis,
749 4980 792 5033 si
821 4994 906 5032 vos
923 4977 1134 5030 invicem
1154 4974 1430 5029 dilexeritis
1459 4971 1567 5044 (Id.
1595 4989 1710 5038 xm,
1741 4973 1828 5039 54,
1854 4973 1966 5042 55).

388 5075 515 5144 Quis
535 5082 711 5128 autem
736 5070 970 5131 dubitet.
1000 5083 1105 5124 non
1126 5068 1204 5124 eis
1225 5067 1356 5122 solis
1381 5067 1580 5122 dictum
1609 5065 1698 5136 qui
1729 5074 1853 5119 tunc
1873 5079 1970 5134 per

389 5169 505 5238 ejus
547 5181 762 5222 carnem
793 5163 953 5220 verba
995 5160 1274 5233 praesentis
1311 5159 1630 5224 audiebant,
1663 5157 1757 5212 sed
1801 5165 1856 5211 et
1891 5157 1971 5212 eis

337 5279 344 5328 ε
387 5259 478 5330 qui
505 5273 645 5314 nunc
669 5273 763 5328 per
793 5254 1136 5327 Evangelium
1178 5251 1414 5309 sedentis
1439 5252 1490 5306 in
1513 5250 1652 5308 cmlo
1680 5248 1841 5305 verba
1873 5264 1969 5304 co-

340 5336 345 5350 ’
387 5347 686 5423 gnoseunt?
715 5347 808 5403 Ille
849 5347 993 5402 enim
1035 5345 1178 5400 venit
1226 5359 1334 5400 non
1373 5343 1546 5414 legem
1594 5340 1834 5407 solvere,
1875 5339 1970 5395 sed

390 5444 611 5517 implere
638 5439 863 5512 (Matth.
893 5455 944 5504 v,
979 5439 1042 5492 l7
1065 5437 1107 5506 ).
1138 5435 1421 5492 Plenitudo
1448 5443 1625 5489 autem
1666 5430 1799 5503 legis
1838 5430 1970 5487 cha-

449 5575 527 5647 (α).
544 5575 661 5633 Quia
680 5571 936 5636 Cyprianus
950 5570 999 5618 in
1024 5567 1225 5679 cpiastola
1246 5568 1307 5617 ab
1319 5568 1601 5641 Jubaianum
1614 5571 1973 5636 consequenter

449 5637 553 5679 rihtt
577 5650 588 5679 :
615 5653 637 5679 ι
660 5641 759 5679 Non
783 5641 859 5679 est
882 5644 1002 5679 eruo
1019 5666 1034 5679 .
1133 5638 1208 5679 ter
1230 5630 1537 5679 charissima.
1563 5628 1691 5679 quod
1731 5627 1973 5676 haeremus

388 5627 588 5688 scribit}
615 5653 637 5681 ι
660 5627 759 5684 Νόιὶ
783 5641 859 5682 est
882 5644 1002 5694 ergo
1019 5666 1034 5691 ,
1056 5627 1208 5679 frater
1230 5630 1510 5694 charissima
1525 5628 1691 5694 ,_quod
1731 5627 1974 5694 haereticis

396 5719 419 5746 α
440 5697 712 5749 cedendum
736 5690 1092 5753 existimemus,
1109 5697 1164 5740 ut
1176 5692 1408 5754 Baptisms
1432 5690 1558 5752 quod
1581 5690 1676 5740 non
1701 5690 1793 5754 nisi
1815 5690 1895 5737 uni
1922 5696 1974 5739 et

397 5779 417 5809 (ι
442 5760 529 5811 soli
555 5757 776 5812 Ecclesiae
797 5757 962 5808 datum
977 5755 1055 5816 sit,
1083 5752 1380 5818 prodendum
1398 5760 1637 5815 putemus.
1774 5753 1794 5770 ’

1097 261 1183 315 DE
1223 258 1554 315 BAP'I‘ISMO
1592 255 1864 312 CONTRA
1908 254 2350 326 DONATISTAS,
2382 257 2438 314 S.
2481 257 2850 316 AUGUSTINI

3573 267 3704 327 es:

2083 369 2582 466 ritas_(Iiom._xm,
2616 372 2728 445 10).
2757 372 2872 443 Qua
2897 377 3122 432 multum
3154 377 3319 450 viguit
3345 379 3698 455 Cyprianus,
3771 393 3773 466 4

2082 472 2141 516 ut
2167 463 2310 518 aliud
2339 463 2406 519 de
2439 463 2710 535 Baptismo
2741 467 3012 536 sentiens,
3042 483 3150 525 non
3189 477 3369 530 tamen
3397 473 3702 534 desereret

2080 556 2336 612 unitatem
2361 598 2377 623 ,
2427 567 2483 612 et
2508 567 2652 614 esset
2677 557 2731 614 in
2771 559 2880 615 vite
2913 559 3181 618 dominica
3223 563 3523 623 radicatam
3559 582 3700 626 sar-

2079 655 2318 703 mentum
2346 646 2708 718 fructuosum,
2738 649 2881 721 quod
2907 653 3068 708 etiam
3088 651 3233 710 ferro
3257 657 3527 727 passionis
3547 675 3698 732 pur—

2078 749 2228 811 garet
2256 739 2490 796 caelestis
2529 741 2763 813 agricola
2784 783 2799 811 ,
2842 753 2904 798 ut
2939 744 3199 816 majorem
3242 745 3475 805 fructum
3519 750 3701 809 daret

2081 831 2272 900 (Joan.
2297 849 2366 888 xv
2383 875 2400 901 ,
2424 832 2580 906 1-5).
2610 834 2779 906 Hujus
2802 845 2981 892 autem
3000 837 3251 895 fraternae
3269 839 3549 899 charitatis
3573 843 3698 900 ini-

2077 923 2200 980 mici
2220 966 2236 993 ,
2268 924 2382 981 sive
2408 936 2593 996 aperte
2617 925 2749 984 foris
2771 928 2908 994 sint,
2959 929 3072 985 sive
3113 929 3257 987 intus
3285 947 3408 990 esse
3449 934 3698 992 videan-
3772 913 3773 916 η

2076 1025 2194 1086 tur,
2255 1018 2737 1090 pseudochristiani
2786 1031 2911 1078 sunt
2963 1031 3018 1078 et
3062 1024 3378 1082 antichristi.
3433 1007 3694 1086 Inventis

2074 1110 2219 1165 enim
2247 1112 2618 1169 occasionibus
2645 1112 2792 1170 foras
2819 1121 3052 1183 exeunt,
3082 1115 3221 1172 sicut
3245 1118 3506 1190 scriptum
3548 1131 3644 1178 est
3672 1140 3689 1177 :

2079 1203 2382 1261 Occasiones
2418 1207 2596 1278 quaerit
2624 1207 2711 1278 qui
2747 1205 2856 1261 vult
2893 1208 3147 1264 discedere
3175 1210 3238 1265 ab
3260 1213 3440 1268 amicis
3465 1211 3487 1287 (
3508 1211 3688 1270 Prov.

2075 1311 2238 1362 xvm,
2275 1299 2303 1353 1
2328 1297 2370 1370 ).
2400 1299 2507 1355 Sed
2536 1299 2747 1356 etiamsi
2775 1300 3087 1356 occasiones
3110 1300 3327 1371 desint,
3369 1318 3494 1360 cum
3525 1306 3690 1363 intus

2073 1388 2339 1459 videntur,
2362 1391 2431 1447 ab
2459 1392 2544 1446 illa
2570 1392 2821 1449 invisibili
2846 1393 3119 1450 cbaritatis
3143 1409 3402 1468 compage
3427 1397 3681 1470 separati

2072 1490 2217 1537 sunt.
2253 1482 2402 1539 Unde
2427 1482 2661 1540 Joannes
2685 1484 2814 1540 dicit
2839 1504 2852 1538 :
2882 1484 2967 1540 Ex
2991 1487 3134 1542 nobis
3163 1488 3390 1543 ccidunt
3407 1531 3425 1558 ,
3452 1491 3545 1546 sed
3569 1508 3689 1546 non

2073 1583 2217 1629 erant
2236 1589 2299 1630 ex
2324 1577 2466 1631 nobis
2489 1591 2507 1630 :
2527 1593 2646 1631 nam
2667 1578 2713 1632 si
2737 1578 2949 1648 fuissent
2969 1595 3033 1634 ea:
3051 1579 3212 1648 nobis,
3242 1582 3549 1638 mansissent
3574 1585 3688 1639 uti-

2073 1685 2169 1733 que
2192 1670 2449 1724 nobiscum
2472 1669 2491 1740 (
2516 1669 2537 1724 I
2565 1669 2721 1725 Joan.
2760 1686 2816 1738 ιι,
2851 1669 2974 1744 19).
3004 1670 3122 1728 Non
3151 1672 3228 1728 ait
3249 1673 3395 1745 quod
3421 1675 3687 1734 exeundo

2073 1760 2233 1816 alieni
2262 1759 2391 1816 facti
2432 1769 2587 1829 sunt;
2616 1761 2712 1817 sed
2738 1762 2880 1832 quod
2916 1761 3076 1818 alieni
3101 1774 3282 1831 erant,
3315 1776 3541 1838 propter
3567 1768 3684 1825 hoc

2073 1869 2168 1910 eos
2209 1853 2387 1910 exisse
2415 1852 2724 1910 declaravit.
2758 1853 2895 1910 Dicit
2939 1863 2995 1910 et
3037 1855 3309 1926 apostolus
3359 1858 3560 1916 Paulus
3607 1860 3686 1918 de

2073 1944 2388 2016 quibusdam
2411 1987 2426 2012 ,
2457 1946 2548 2017 qui
2575 1946 2717 2002 circa
2744 1947 3026 2004 veritatem
3050 1949 3436 2008 aberraverant
3459 1994 3477 2021 ,
3509 1961 3566 2009 et
3612 1953 3683 2009 ﬁ-

2073 2037 2196 2092 dem
2247 2037 2600 2108 quorumdam
2652 2037 3065 2108 subvertebant,
3115 2055 3346 2112 quorum
3390 2057 3578 2100 sermo
3618 2060 3686 2102 ut

2073 2142 2270 2183 cancer
2297 2128 2576 2198 serpebat,
2607 2143 2744 2199 quos
2786 2143 2909 2184 cum
2937 2130 3215 2188 evitaudos
3261 2147 3384 2190 esse
3423 2133 3680 2204 diceret,

2075 2220 2129 2274 in
2159 2233 2262 2274 una
2291 2228 2469 2275 tamen
2499 2219 2662 2276 domo
2693 2235 2884 2294 magna
2913 2236 3007 2278 eos
3036 2222 3201 2280 fuisse
3241 2225 3545 2296 signiﬁcat,
3577 2231 3682 2286 sed

2075 2323 2328 2384 tanquam
2367 2327 2493 2369 vasa
2523 2313 2577 2368 in
2605 2314 3008 2371 contumeliam.
3041 2314 3217 2372 Credo
3241 2318 3384 2390 quod
3428 2320 3680 2379 nondum

2072 2405 2217 2460 foras
2243 2405 2503 2460 exierant.
2533 2405 2641 2460 Aut
2663 2405 2710 2461 si
2731 2405 2843 2477 jam
2871 2407 3147 2477 exierant,
3171 2410 3439 2480 quomodo
3465 2427 3565 2469 eos
3590 2413 3681 2469 di-

2074 2496 2147 2551 cit
2170 2496 2226 2551 in
2251 2494 2439 2551 eadem
2476 2510 2665 2567 magna
2695 2494 2858 2551 domo
2881 2511 3003 2552 cum
3043 2499 3185 2554 vasis
3226 2499 3678 2560 honorabilibus:

2074 2587 2178 2642 nisi
2216 2585 2356 2643 forte
2395 2596 2613 2657 promer
2651 2588 2767 2658 ipsa
2811 2587 3188 2658 Sacramenta,
3235 2606 3354 2662 quis
3404 2594 3681 2665 separatis

2074 2680 2236 2734 etiam
2283 2678 2657 2735 haereticorum
2703 2680 3090 2736 conventiculis
3118 2697 3225 2737 non
3263 2693 3464 2739 mutata
3506 2696 3677 2754 sunt,

2074 2770 2142 2824 ad
2171 2785 2330 2825 unam
2361 2785 2607 2840 magnam
2642 2769 2860 2826 domum
2886 2770 3017 2826 dicit
3054 2786 3242 2828 omnes
3261 2813 3277 2840 ,
3309 2775 3404 2830 sed
3440 2775 3680 2834 diversis

2072 2861 2279 2917 meritis
2306 2861 2606 2932 pertinere,
2652 2861 2786 2918 alios
2811 2861 2865 2917 in
2907 2863 3198 2932 honorem,
3228 2865 3361 2922 alios
3387 2866 3440 2921 in
3478 2879 3680 2926 contu—

2074 2955 2334 3010 meliam?
2363 2954 2454 3010 Sic
2478 2954 2622 3010 enim
2662 2954 2896 3026 loquitur
2916 2956 2983 3012 ad
3012 2956 3356 3015 Timotheum
3385 2961 3675 3021 scribens:

2075 3043 2336 3118 Profanas
2358 3055 2527 3101 autem
2547 3047 2808 3102 verborum
2831 3049 3077 3104 novitates
3106 3051 3236 3105 evita
3251 3068 3272 3107 :
3295 3051 3514 3109 multum
3533 3057 3676 3112 enim

2075 3140 2341 3209 proﬁcient
2365 3138 2433 3192 ad
2456 3140 2802 3210 impietatem;
2829 3149 2876 3195 et
2916 3158 3079 3197 sermo
3116 3158 3290 3198 eorum
3328 3145 3457 3200 sicut
3487 3163 3676 3203 cancer

2073 3233 2229 3304 serpit
2254 3251 2273 3288 :
2302 3245 2367 3286 ea:
2387 3231 2564 3302 quibus
2588 3242 2662 3287 est
2684 3231 2999 3300 Hymenaeus
3028 3244 3073 3289 et
3103 3233 3392 3307 Philectus,
3420 3241 3507 3310 qui
3533 3241 3678 3296 circa

2073 3323 2329 3378 veritatem
2351 3324 2706 3378 aberraverunt
2725 3367 2740 3392 ,
2769 3325 2992 3380 dicentes
3012 3329 3426 3384 resurrectionem
3440 3332 3556 3403 jam
3584 3333 3674 3404 fa-

2073 3424 2209 3469 ctam
2232 3430 2337 3470 esse
2358 3457 2375 3482 ,
2417 3424 2463 3469 et
2502 3415 2656 3484 ﬁdem
2694 3416 3035 3487 quorumdam
3069 3417 3379 3475 subvertant.
3431 3420 3675 3479 Firmum

2073 3519 2238 3564 autem
2268 3510 2656 3582 fundamentum
2683 3507 2782 3564 Dei
2808 3520 2941 3576 stat,
2970 3511 3158 3567 habens
3184 3513 3504 3584 signaculum
3529 3517 3629 3571 hoc
3653 3534 3675 3574 :

2076 3603 2232 3658 Novit
2261 3603 2512 3658 Dominus
2536 3605 2626 3674 qui
2661 3614 2778 3659 sunt
2817 3607 2966 3678 ejus;
3005 3616 3053 3661 et
3089 3608 3288 3662 recedat
3311 3607 3373 3662 ab
3415 3609 3674 3680 injustitia

2074 3695 2238 3750 omnis
2265 3697 2350 3766 qui
2392 3696 2619 3750 nominat
2661 3713 2842 3752 nomen
2886 3697 3113 3752 Domini.
3158 3697 3226 3753 In
3270 3717 3455 3771 magna
3494 3713 3672 3757 autem

2074 3788 2224 3842 domo
2248 3829 2263 3853 ,
2286 3804 2385 3841 non
2412 3789 2576 3842 solum
2602 3805 2760 3844 aurea
2791 3806 2911 3844 vasa
2949 3800 3066 3844 sunt
3093 3792 3168 3845 vel
3191 3802 3430 3862 argentea
3454 3834 3470 3860 ,
3501 3798 3593 3849 sed
3623 3805 3671 3851 et

2074 3882 2244 3952 lignea
2263 3888 2309 3933 et
2339 3879 2517 3948 ﬁctilia
2537 3895 2560 3946 ;
2589 3889 2634 3934 et
2661 3882 2767 3935 alia
2791 3882 2994 3950 quidem
3016 3892 3133 3936 sum
3173 3883 3227 3936 in
3251 3883 3492 3938 honorem
3517 3925 3533 3951 ,
3560 3887 3672 3942 alia

2073 3989 2188 4029 vero
2217 3972 2270 4026 in
2305 3971 2681 4025 contumeliam.
2729 3972 2792 4027 Si
2818 3973 2930 4041 quis
2955 3989 3075 4044 ergo
3101 3974 3450 4030 emundaverit
3478 3989 3667 4033 semet-

2073 4065 2240 4134 ipsum
2269 4063 2330 4117 ab
2358 4062 2662 4130 istiusmodi,
2690 4064 2780 4117 erit
2808 4079 2894 4118 vas
2920 4064 2973 4117 in
2999 4064 3241 4118 honorem
3265 4067 3661 4138 sanctiﬁcatum,

2073 4157 2197 4210 utile
2223 4153 2462 4221 Domino,
2481 4155 2549 4208 ad
2570 4171 2716 4208 omne
2743 4171 2870 4225 opus
2891 4155 3075 4210 bonum
3095 4167 3331 4226 paratum
3351 4157 3419 4230 (Il
3447 4157 3579 4214 Tim.
3605 4177 3664 4230 ιι,

2075 4246 2279 4319 16-21).
2300 4245 2437 4316 Quid
2456 4256 2538 4302 est
2561 4255 2736 4301 autem
2757 4245 3015 4302 mundare
3034 4250 3382 4320 semetipsum
3395 4266 3428 4307 a
3448 4251 3663 4322 talibus,

2075 4339 2177 4394 nisi
2198 4339 2340 4411 quod
2368 4339 2528 4410 paulo
2551 4349 2676 4394 ante
2704 4338 2858 4406 dixit,
2887 4338 3112 4394 Recedat
3136 4343 3199 4394 ab
3223 4343 3476 4413 injustitia
3499 4346 3665 4401 omnis

2072 4434 2159 4504 qui
2186 4433 2414 4488 nominat
2443 4448 2623 4487 nomen
2662 4430 2915 4486 Domini?
2961 4432 3029 4487 Et
3058 4449 3125 4489 ne
3151 4435 3429 4506 quisquam
3457 4448 3670 4509 putaret

2075 4536 2324 4597 tanquam
2367 4526 2418 4580 in
2451 4540 2554 4580 una
2578 4524 2740 4580 domo
2786 4541 2977 4597 magna
3018 4529 3193 4596 perire
3237 4544 3297 4585 se
3339 4545 3499 4600 posse
3542 4547 3661 4588 cum

2076 4619 2297 4684 talibus,
2351 4617 2756 4688 vigilantissime
2787 4618 3060 4688 praedixit,
3098 4619 3253 4675 Novit
3284 4620 3537 4678 Dominus
3579 4626 3664 4695 qui

2074 4724 2189 4768 sunt
2214 4715 2323 4785 ejus
2347 4728 2366 4767 :
2390 4727 2484 4768 eos
2509 4710 2756 4768 videlicet
2780 4713 2870 4784 qui
2893 4713 3193 4770 recedendo
3213 4714 3281 4770 ab
3301 4716 3581 4788 iniquitate
3606 4733 3664 4774 se

2075 4806 2334 4861 mundant
2357 4820 2386 4858 a
2413 4803 2555 4858 vasis
2584 4802 2736 4859 factis
2761 4804 2815 4859 in
2839 4806 3217 4862 contumeliam
3239 4849 3255 4874 ,
3290 4823 3356 4864 ne
3386 4824 3511 4864 cum
3534 4811 3662 4882 ipsis

2079 4909 2296 4972 pereant
2321 4913 2454 4970 quos
2483 4899 2536 4954 in
2563 4897 2723 4953 domo
2749 4913 2940 4971 magna
2973 4900 3203 4958 tolerare
3223 4911 3504 4974 coguntur.

2145 4993 2236 5049 27.
2261 4991 2383 5047 Mali
2409 5006 2536 5063 ergo
2561 5000 2616 5047 et
2638 4990 2941 5061 facinerosi,
2968 4994 3232 5062 carnales,
3251 4996 3528 5064 animales,
3553 4997 3666 5053 dia-

2077 5087 2264 5154 bolici,
2291 5101 2322 5143 a
2347 5084 2718 5142 seductoribns
2756 5086 2867 5141 suis
2893 5085 2995 5142 sibi
3020 5086 3133 5142 dari
3161 5087 3516 5159 arbitrantur,
3545 5106 3664 5162 qua:

2078 5196 2185 5235 non
2231 5179 2336 5236 nisi
2377 5191 2602 5234 munera
2632 5176 2728 5233 Dei
2769 5187 2925 5247 sunt,
2971 5179 3087 5235 sive
3128 5178 3506 5249 Sacramenta,
3551 5182 3663 5238 sive

2077 5271 2379 5342 spirituales
2406 5269 2609 5340 aliquas
2637 5271 2976 5340 operationes
2995 5312 3009 5336 ,
3037 5271 3180 5327 circa
3209 5282 3529 5342 praesentem
3575 5289 3661 5330 sa-

2079 5363 2264 5418 lutem.
2294 5360 2411 5417 Non
2441 5370 2616 5416 autem
2662 5360 2857 5417 habent
2885 5362 2969 5417 isti
3011 5361 3329 5420 charitatem
3359 5364 3413 5420 in
3460 5365 3662 5433 Deum,

2079 5456 2173 5513 sed
2214 5457 2355 5511 circa
2392 5469 2486 5511 eos
2512 5454 2752 5525 occupati
2780 5463 2940 5521 sunt,
2971 5469 3197 5525 quorum
3221 5457 3473 5528 superbia
3500 5458 3662 5516 sedu-

2080 5558 2300 5615 cuntur,
2347 5556 2402 5603 et
2455 5557 2832 5617 comparantur
2879 5546 3160 5603 fornicanli
3207 5549 3451 5617 mulieri,
3505 5566 3663 5621 quam

2079 5641 2344 5714 Propheta
2379 5652 2762 5696 commemorat
2802 5638 3094 5708 dicentem,
3127 5638 3222 5697 Ibo
3262 5653 3374 5713 post
3416 5654 3662 5699 amatores

2082 5754 2218 5793 meos
2255 5738 2340 5811 qui
2366 5737 2488 5792 mihi
2513 5737 2635 5792 dant
2664 5753 2818 5808 panes
2845 5755 2979 5795 meos
3014 5750 3060 5794 et
3090 5755 3270 5810 aquam
3298 5753 3482 5806 meam,
3510 5750 3662 5792 vestes
