3802 6170
91 318 180 372 155

91 445 210 486 meas
232 438 278 484 et
300 427 608 483 linteamina
631 442 739 482 mea
762 437 808 482 et
832 429 995 480 oleum
1021 442 1206 491 meum,
1236 436 1283 480 et
1308 426 1539 479 universa
1557 437 1671 493 qua

89 523 197 578 mihi
221 521 523 576 condeceat.
551 519 640 576 Sic
667 519 809 576 enim
838 518 972 573 ﬁunt
999 517 1235 574 haereses
1263 525 1318 573 et
1341 514 1628 572 schismata
1650 555 1669 581 ,

89 630 194 674 cum
218 612 346 669 dicit
371 612 533 683 plebs
554 611 786 669 carnalis
815 627 932 683 quae
960 610 1014 664 in
1044 608 1306 665 charitate
1333 607 1429 665 Dei
1456 606 1672 662 fundata

90 727 178 767 non
197 719 308 776 est,
341 707 443 764 Ibo
473 717 586 782 post
612 717 863 762 amatores
888 721 1061 761 meos:
1091 719 1215 760 cum
1255 703 1447 775 quibus
1485 702 1667 771 utique

88 805 184 861 sive
250 815 346 872 per
417 799 548 858 fidei
608 798 1005 868 corruptionem
1040 838 1056 863 ,
1117 797 1230 851 sive
1315 809 1409 866 per
1470 792 1660 849 elatio-

90 912 193 952 nem
253 893 528 965 superbia:
600 893 826 963 turpiter
887 888 1201 945 fornicatur.
1283 886 1390 944 Sed
1449 895 1668 957 propter

89 1005 167 1046 eos
235 990 325 1062 qui
401 987 550 1059 passi
606 985 943 1042 difficultates
1013 993 1069 1039 et
1137 982 1409 1053 angustias
1471 990 1526 1035 et
1577 979 1662 1032 in-

92 1080 422 1137 terclusiones
470 1079 644 1134 inanis
682 1075 1108 1134 ratiocinationis
1133 1075 1151 1107 ¹
1181 1089 1369 1130 eorum
1412 1088 1441 1126 a
1477 1072 1669 1144 quibus

92 1173 426 1236 seducuntur,
459 1177 892 1241 compunguntur
921 1167 1231 1234 timoribus,
1275 1172 1331 1221 et
1354 1163 1578 1220 redeunt
1602 1162 1670 1218 ad

92 1268 210 1320 viam
248 1265 427 1336 pacis,
456 1263 525 1320 ad
555 1262 903 1335 quaerendum
924 1262 945 1294 ²
967 1261 1248 1316 sinceriter
1293 1258 1502 1322 Deum;
1550 1256 1670 1311 ideo

93 1357 308 1427 sequitur
354 1364 412 1411 et
459 1355 591 1410 dicit
619 1372 634 1411 :
662 1352 939 1425 Pr0pterea
989 1369 1102 1408 ecce
1148 1368 1238 1422 ego
1280 1351 1418 1419 sepio
1463 1349 1670 1403 sudibus

94 1453 205 1504 riam
225 1449 392 1513 illius,
423 1459 474 1503 et
515 1447 778 1518 aedificabo
807 1448 862 1502 in
887 1447 968 1501 via
993 1447 1152 1516 ipsius
1177 1446 1351 1516 spinas
1371 1484 1386 1511 ,
1419 1452 1466 1498 et
1490 1444 1669 1497 trami-

95 1553 174 1597 tem
207 1559 349 1597 suum
379 1559 485 1596 non
525 1543 739 1596 inveniet
763 1557 780 1595 :
810 1551 856 1595 et
883 1549 1204 1612 persequetur
1227 1549 1478 1593 amatores
1505 1555 1627 1593 suos
1650 1577 1666 1607 ,

97 1653 170 1691 nec
189 1637 299 1692 illos
323 1635 671 1706 apprehendet
693 1676 707 1700 ,
740 1644 788 1690 et
810 1635 1025 1704 requiret
1055 1651 1158 1701 eos,
1188 1649 1277 1688 nec
1304 1634 1518 1688 inveniet
1548 1650 1669 1700 eos;

95 1741 132 1785 et
153 1729 290 1795 dicet,
320 1727 417 1783 lbo
438 1739 489 1783 et
512 1738 732 1783 revertar
749 1728 818 1782 ad
841 1729 1004 1783 virum
1031 1745 1196 1782 meum
1221 1728 1492 1799 pristinum
1509 1768 1524 1794 ,
1550 1727 1670 1798 quia

98 1824 200 1878 bene
217 1832 329 1877 tunc
349 1823 480 1876 mihi
498 1822 596 1893 fuit
616 1837 768 1892 quam
797 1837 952 1876 nunc.
983 1821 1186 1877 Deinde
1215 1837 1284 1878 ne
1310 1822 1545 1892 ipsorum
1574 1837 1670 1891 pu-

99 1924 251 1971 tentur
274 1914 364 1970 illa
389 1929 514 1985 qua
550 1913 864 1970 seductores
899 1913 1096 1969 habent
1124 1917 1328 1985 integra
1351 1923 1404 1969 et
1429 1914 1496 1970 de
1525 1914 1666 1969 veri-

102 2009 202 2065 tatis
223 2008 460 2064 doctrina
487 2007 754 2064 venientia
771 2051 786 2076 ,
819 2023 916 2078 per
936 2023 1054 2079 qua:
1085 2007 1346 2064 seducunt
1370 2008 1438 2064 ad
1461 2007 1666 2062 falsita-

103 2112 167 2158 tes
186 2102 488 2175 dogmatum
513 2115 570 2161 et
611 2106 1006 2162 dissensionum
1037 2120 1289 2169 suarum;
1322 2120 1388 2160 ne
1426 2105 1514 2159 illa
1540 2119 1669 2176 ergo

103 2211 200 2264 qua:
243 2196 435 2254 habent
480 2200 686 2272 integra
711 2203 948 2272 ipsorum
990 2208 1275 2270 putentur,
1305 2199 1509 2254 addidit
1540 2213 1668 2254 con-

104 2286 226 2342 tinuo
252 2307 264 2342 :
296 2287 362 2343 Et
395 2290 506 2345 [nec
531 2307 633 2346 non
657 2292 886 2363 cognovit
915 2292 1052 2361 quod
1091 2307 1182 2362 ego
1209 2290 1255 2344 ei
1285 2290 1508 2344 dederint
1549 2295 1665 2362 [ru-

107 2390 294 2435 mentum
320 2393 367 2437 et
406 2384 581 2438 vinum
610 2393 655 2439 et
695 2385 897 2450 oleum,
941 2393 990 2439 et
1027 2384 1293 2455 pecuniam
1335 2383 1669 2454 multiplicavi

109 2471 199 2540 illi;
223 2473 328 2545 ipsa
364 2491 481 2531 vero
523 2478 642 2548 fecit
683 2494 803 2532 vasa
837 2494 991 2532 aurea
1017 2487 1062 2532 et
1087 2488 1325 2550 argentea
1352 2478 1484 2533 Baal
1510 2477 1669 2550 (Osee

109 2580 162 2629 u,
189 2566 319 2637 5'8).
367 2568 589 2625 Dixerat
627 2571 769 2626 enim
800 2571 1046 2640 superius
1069 2613 1085 2636 ,
1131 2569 1226 2624 Ibo
1257 2580 1370 2641 post
1414 2579 1666 2625 amatores

107 2673 216 2712 meos
237 2699 251 2726 ,
277 2660 358 2730 qui
395 2661 525 2715 mihi
549 2661 670 2716 dant
697 2678 852 2732 panes
877 2677 1035 2729 meos,
1060 2671 1191 2729 elc.,
1243 2679 1347 2717 non
1378 2663 1561 2733 utique
1587 2663 1667 2717 in-

111 2750 316 2822 telligens
356 2752 469 2809 haec
499 2755 593 2811 Dei
623 2770 743 2811 esse
764 2797 780 2819 ,
813 2771 920 2810 non
958 2755 1233 2811 hominum
1253 2797 1267 2820 ,
1316 2770 1666 2826 quaecumque

109 2845 240 2898 etiam
280 2847 588 2904 seductores
627 2848 832 2919 integra
862 2857 916 2903 et
945 2848 1176 2919 legitima
1216 2855 1401 2904 tenent
1431 2866 1444 2902 :
1477 2863 1574 2903 nec
1602 2863 1666 2904 ea

112 2935 190 2989 sibi
215 2937 358 2993 etiam
400 2939 502 3010 ipsi
548 2949 899 3012 arrogarent,
929 2950 983 2996 et
1011 2940 1163 3012 quasi
1191 2941 1402 3011 propria
1431 2941 1665 2996 vindica~

112 3036 205 3080 rent
223 3067 237 3092 ,
264 3028 355 3082 nisi
382 3045 409 3082 a
439 3031 686 3101 plebibus
715 3031 949 3087 seductis
975 3030 1207 3086 vicissim
1246 3031 1662 3101 seducereutur,

115 3134 208 3175 cum
231 3123 300 3177 eis
322 3124 560 3180 creditur
577 3165 592 3191 ,
622 3134 677 3180 et
703 3125 836 3181 tales
861 3124 1090 3181 honores
1116 3125 1457 3193 deferuntur,
1491 3137 1548 3181 ut
1570 3143 1667 3198 per

115 3226 186 3266 eos
211 3212 423 3271 habeant
466 3225 789 3287 potestatem
830 3217 956 3272 talia
996 3217 1245 3284 dicendi,
1295 3226 1349 3273 et
1392 3219 1492 3274 sibi
1543 3220 1664 3274 talia

120 3305 408 3377 vindicandi;
459 3321 522 3364 ut
565 3325 730 3387 error‘
763 3325 950 3367 eorum
1000 3312 1192 3366 veritas
1235 3313 1530 3382 appelletur
1555 3356 1568 3378 ,
1612 3323 1667 3369 et

117 3399 258 3454 scelus
280 3415 455 3456 eorum
472 3403 684 3472 justitia
705 3412 920 3472 putetur
939 3444 952 3467 ,
985 3410 1204 3472 pr0pter
1232 3402 1576 3459 Sacramenta
1613 3413 1667 3460 et

119 3489 376 3561 Scripturas
402 3510 538 3565 quas
567 3503 750 3550 tenent
772 3495 839 3550 ad
867 3495 1101 3566 speciem
1125 3537 1139 3562 ,
1183 3511 1288 3549 non
1320 3496 1387 3550 ad
1415 3496 1661 3551 salutem.

121 3581 310 3655 Ideoque
336 3595 386 3642 et
412 3603 512 3658 per
539 3587 872 3644 Ezechielem
900 3587 1074 3642 eidem
1102 3585 1402 3643 fornicariae
1432 3588 1625 3643 dicitur
1649 3607 1662 3643 :

124 3672 174 3727 Et
196 3681 422 3745 protulisti
449 3681 519 3735 de
556 3682 686 3734 rasis
726 3682 902 3752 gloriae
928 3691 1028 3736 tua:
1055 3683 1117 3736 de
1159 3698 1284 3736 auro
1326 3699 1435 3736 meo
1459 3725 1474 3749 ,
1517 3693 1564 3737 et
1607 3685 1669 3738 de

122 3779 289 3834 argento
315 3787 418 3826 meo
441 3815 458 3842 ,
487 3789 554 3827 ea:
577 3772 757 3844 quibus
786 3773 904 3827 dedi
943 3774 1031 3827 tibi
1055 3791 1072 3837 ;
1099 3783 1143 3828 et
1172 3775 1335 3845 fecisti
1363 3776 1451 3829 tibi
1478 3776 1666 3847 imagi-

124 3872 189 3910 nes
210 3863 492 3917 masculinas
513 3905 527 3930 ,
554 3873 599 3916 et
623 3863 873 3932 fornicata
903 3881 956 3918 es
994 3864 1048 3918 in
1073 3865 1162 3918 eis.
1213 3864 1278 3917 Et
1306 3867 1544 3937 accepisti
1581 3882 1668 3921 ve-

123 3958 217 4002 stem
239 3969 384 4007 meam
416 3954 823 4022 versicoloriam,
857 3967 902 4008 et
940 3956 1244 4027 cooperuisti
1281 3957 1420 4012 idola
1460 3967 1578 4022 tua;
1624 3968 1670 4014 et

125 4039 255 4094 oleum
276 4060 464 4110 meum,
520 4056 567 4100 et
593 4047 849 4101 incensum
893 4063 1058 4100 meum
1099 4048 1308 4117 posuisti
1334 4058 1449 4102 ante
1486 4050 1670 4121 faciem

124 4128 331 4188 idolorum
349 4145 580 4203 tuorum,
610 4148 655 4191 et
678 4155 832 4207 panes
858 4155 992 4192 meos
1016 4155 1140 4209 quos
1165 4140 1281 4193 dedi
1307 4142 1426 4206 tibi;
1455 4152 1501 4196 et
1528 4143 1669 4198 simi-

127 4220 255 4290 lngine
271 4237 310 4278 et
334 4231 473 4282 ntelle
504 4238 551 4282 et
579 4230 687 4284 oleo
713 4229 872 4284 cibavi
899 4240 980 4295 te;
1009 4240 1055 4282 et
1085 4231 1297 4302 posuisti
1322 4232 1428 4286 [uec
1453 4243 1569 4288 ante
1586 4235 1669 4305 fa-

125 4310 219 4366 cient
240 4314 470 4373 idolorum
499 4328 700 4374 tuorum
720 4323 771 4374 in
798 4321 1002 4375 odorem
1032 4322 1154 4376 bene
1185 4323 1420 4378 olentem.
1452 4324 1518 4379 Et
1546 4342 1666 4398 per-

128 4402 252 4467 fecisti
280 4408 376 4463 haec
418 4409 645 4483 (Ezech.
693 4427 802 4477 xvr,
847 4412 1057 4482 17-19).
1095 4412 1176 4468 Ad
1223 4415 1477 4484 imagines
1522 4417 1664 4471 enim

127 4493 502 4564 pbantasmatum
532 4520 779 4571 suorum,
811 4522 931 4560 cum
959 4506 1150 4577 quibus
1179 4507 1404 4562 volutari
1436 4509 1667 4565 carnalis

129 4590 267 4647 anima
303 4595 624 4663 delectatur,
671 4599 930 4654 convertit
970 4600 1149 4654 omnia
1195 4610 1526 4656 sacramenta
1551 4643 1566 4666 ,
1613 4613 1668 4657 et

177 4698 295 4767 ﬁlim.
321 4710 374 4768 _et
392 4711 504 4768 Er,
527 4704 750 4768 inivariis
773 4704 1230 4757 ratiocinationibus.
1260 4705 1428 4756 Plures
1449 4713 1579 4768 Mss,
1615 4706 1665 4757 in

131 4763 233 4808 υωπὶε
249 4763 686 4818 ratiocinationibus.

153 4821 194 4895 λ’
212 4826 371 4895 ³11385.
398 4864 414 4888 ,
448 4836 495 4880 et
539 4829 741 4880 redeam
778 4829 844 4879 ad
902 4829 1028 4880 viam
1069 4828 1205 4894 pacis
1258 4837 1304 4881 et
1346 4831 1662 4893 quaerendum

132 4891 328 4937 menter
348 4897 511 4941 Deum.

1432 297 1632 352 LIBER
1671 291 2014 361 QUARTUS.

3282 309 3373 364 154

1770 420 1930 478 verba
1956 423 2236 480 Librorum
2266 433 2589 482 sanctorum.
2619 426 2725 484 Nec
2751 437 2930 486 tamen
2948 430 3074 502 quia
3094 429 3200 488 illa
3223 433 3362 491 ima-

1770 517 1920 587 gines
1944 517 2090 573 falsae
2119 529 2277 586 sunt,
2310 529 2365 576 et
2391 520 2650 578 doctrinae
2675 521 3064 581 daemoniorum
3110 537 3274 596 sunt,
3304 529 3363 586 in

1771 609 2039 681 hypocrisi
2069 611 2592 683 mendaciloquorum
2619 613 2677 684 (l
2710 614 2842 672 Tim.
2873 631 2960 683 tv,
2988 618 3043 684 1,
3067 618 3144 691 2)
3169 660 3186 687 ,
3233 634 3362 691 pro-

1769 712 1889 773 pter
1915 719 1979 760 ea
2009 713 2062 760 et
2087 704 2175 759 illa
2201 715 2531 761 sacramenta
2552 747 2568 774 ,
2600 716 2655 763 et
2681 707 2858 764 divina
2898 709 3108 780 eloquia
3149 712 3227 768 sic
3261 727 3362 769 ex-

1769 793 2077 851 bonorauda
2106 807 2260 865 sunt,
2292 807 2349 852 ut
2377 813 2562 853 eorum
2586 798 2675 854 illa
2700 815 2818 855 esse
2846 800 3168 873 deputentur
3197 822 3210 859 :
3235 819 3359 862 cum

1768 887 2024 943 Dominus
2053 889 2223 955 dicat,
2255 889 2330 943 De
2349 906 2474 945 auro
2500 907 2608 945 meo
2633 901 2680 946 et
2708 893 2770 945 de
2794 903 3000 964 argento
3022 911 3132 950 meo
3158 905 3206 950 et
3225 908 3360 953 veste

1768 999 1882 1036 mea
1903 983 2241 1053 versicoloria,
2267 995 2312 1039 et
2337 985 2447 1040 oleo
2469 1003 2576 1040 meo
2601 997 2648 1041 et
2673 988 2876 1042 incenso
2903 997 2948 1042 et
2975 990 3185 1060 panibus
3211 993 3358 1062 meis,

1767 1084 1823 1130 et
1843 1085 2056 1132 caetera.
2102 1079 2182 1132 An
2222 1076 2344 1149 quia
2370 1079 2444 1133 illi
2482 1088 2724 1136 errantes
2757 1095 2942 1137 eorum
2980 1097 3102 1139 esse
3131 1084 3230 1139 ista
3258 1101 3360 1156 puo

1769 1179 1882 1226 tant
1920 1188 1948 1226 a
1986 1173 2178 1243 quibus
2227 1174 2583 1243 seducuntur,
2617 1185 2897 1246 propterea
2944 1191 3054 1232 non
3101 1177 3362 1238 debemus

1769 1281 2058 1336 agnoscere
2084 1267 2236 1339 cujus
2271 1268 2408 1335 sint;
2447 1284 2567 1324 cum
2617 1269 2732 1340 ipse
2777 1269 2948 1336 dicat,
2999 1269 3068 1324 Et
3109 1271 3217 1326 haec
3260 1289 3362 1328 non

1767 1361 1996 1429 cognovit
2045 1360 2180 1431 quod
2218 1377 2308 1432 ego
2337 1362 2382 1415 ei
2416 1361 2642 1414 dederim
2696 1361 3038 1431 frumentum,
3091 1362 3264 1418 vinum
3315 1374 3363 1419 et

1768 1452 1934 1507 oleum
1958 1495 1972 1518 ,
2012 1464 2058 1508 et
2103 1455 2365 1525 pecuniam
2411 1455 2742 1523 multiplicavi
2770 1455 2894 1509 illi?
2921 1454 3040 1510 Non
3060 1456 3202 1511 enim
3228 1456 3364 1516 dixit

1767 1559 1887 1599 eam
1911 1560 2015 1600 non
2044 1545 2288 1602 habuisse
2317 1547 2436 1612 ista,
2456 1547 2578 1618 quia
2602 1547 2884 1602 fornicaria
2905 1557 3021 1603 erat
3045 1567 3058 1604 :
3081 1548 3175 1604 sed
3196 1558 3250 1605 et
3269 1549 3362 1605 ha-

1766 1633 1948 1692 buisse
1988 1636 2210 1703 dicitur,
2257 1649 2310 1694 et
2357 1654 2464 1694 non
2503 1653 2597 1694 sua
2637 1654 2737 1695 nec
2764 1648 3063 1696 amatorum
3105 1656 3358 1712 suorum,

1765 1729 1860 1784 sed
1893 1730 2022 1796 Dei,
2066 1731 2219 1800 cujus
2247 1731 2400 1787 unius
2423 1732 2522 1788 ista
2549 1741 2692 1789 sunt.
2724 1733 2979 1801 Quamvis
3003 1749 3131 1805 ergo
3161 1735 3360 1793 habue-

1764 1823 1834 1878 rit
1893 1821 2296 1880 fornicationem
2327 1839 2499 1894 suam,
2532 1825 2622 1882 illa
2651 1836 2829 1882 tamen
2877 1828 3067 1898 quibus
3109 1829 3353 1886 eamdem

1766 1915 2170 1973 fornicationem
2241 1919 2518 1988 ornabat,
2599 1921 2680 1976 vel
2776 1920 2991 1975 seducta
3022 1976 3026 1984 ,
3056 1921 3138 1977 vel
3199 1923 3360 1978 sedu-

1764 2025 1924 2077 cens,
1987 2026 2092 2066 non
2143 2020 2295 2066 erant
2340 2013 2488 2082 ejus,
2540 2011 2635 2067 sed
2664 2011 2779 2067 Dei.
2821 2011 2878 2068 Si
2921 2011 3036 2068 hac
3061 2013 3128 2068 de
3170 2012 3353 2069 Judrea

1767 2112 1926 2174 gente
1967 2105 2360 2176 ligurubautur,
2397 2105 2485 2160 ubi
2530 2105 2732 2160 Scribae
2761 2115 2814 2161 et
2841 2105 3102 2162 Pharismi
3146 2109 3356 2178 rejicie-

1766 2195 1893 2250 bant
1915 2195 2220 2250 mandatum
2243 2196 2361 2266 Dei,
2376 2205 2433 2251 ut
2463 2195 2776 2252 traditiones
2797 2211 2920 2251 suas
2943 2198 3354 2267 constituerent,

1770 2296 1826 2341 ut
1847 2302 1967 2341 cum
1992 2286 2145 2356 plebe
2181 2287 2347 2342 Deum
2370 2286 2706 2358 relinquente
2726 2288 2804 2342 sic
2831 2288 3060 2359 quodam
3076 2290 3236 2346 modo
3250 2291 3356 2346 for-

1766 2379 2102 2446 nicarentur;
2136 2394 2235 2435 nec
2264 2389 2441 2436 tamen
2472 2380 2590 2436 talis
2619 2381 2764 2436 illius
2793 2382 3049 2451 temporis
3081 2381 3133 2436 in
3164 2383 3360 2454 populo

1763 2469 2043 2526 fornicatio
2077 2488 2236 2542 quam
2278 2473 2534 2529 Dominus
2560 2473 2832 2544 arguendo
2859 2474 3152 2545 prodebat,
3175 2475 3360 2532 effecit

1765 2572 1822 2618 υι
1848 2578 2034 2618 eorum
2061 2572 2242 2619 eSSClll
2281 2574 2643 2630 sacramenta,
2671 2581 2791 2636 (111$
2822 2581 2930 2621 non
2955 2575 3108 2622 erant
3135 2581 3318 2623 eorum
3341 2610 3356 2632 ,

1765 2654 1860 2710 sed
1889 2655 2014 2722 Dei,
2047 2655 2138 2724 qui
2173 2655 2396 2727 loquens
2425 2657 2491 2711 ad
2521 2655 2862 2712 fornicariam
2891 2657 3020 2712 dicit
3063 2659 3153 2712 illa
3179 2661 3355 2713 omnia

1761 2762 1858 2802 sua
1874 2762 1992 2803 esse
2010 2765 2025 2815 ;
2053 2749 2190 2804 unde
2209 2749 2322 2820 ipse
2344 2749 2604 2807 Dominus
2624 2751 2781 2806 etiam
2801 2767 2935 2822 quos
2952 2752 3227 2807 mundavit
3241 2768 3270 2807 a
3289 2754 3356 2809 le-

1764 2854 1893 2910 pra,
1925 2839 1989 2894 ad
2035 2840 2222 2896 eadem
2246 2852 2576 2898 sacramenta
2603 2842 2775 2908 misit,
2805 2851 2862 2898 ut
2885 2843 3141 2899 offerrent
3167 2859 3261 2914 pro
3299 2859 3358 2901 se

1764 2932 2084 2988 sacrilicium
2127 2933 2520 3001 sacerdotibus;
2565 2935 2686 3006 quia
2718 2934 2953 2990 nondum
2981 2935 3058 2991 eis
3087 2950 3358 2992 successe-

1763 3035 1846 3080 rat
1873 3026 2193 3082 sacrificium
2215 3067 2230 3093 ,
2261 3027 2403 3096 quod
2435 3028 2550 3097 ipse
2581 3037 2701 3098 post
2726 3029 2778 3082 in
2810 3028 3048 3084 Ecclesia
3075 3027 3240 3084 voluit
3265 3044 3356 3085 ce-

1766 3119 1962 3175 lebrari
2007 3135 2103 3191 pro
2144 3120 2249 3176 illis
2293 3121 2574 3188 omnibus,
2603 3123 2726 3193 quia
2769 3122 2870 3176 illis
2915 3123 3200 3189 omnibus,
3243 3123 3357 3194 ipse

1764 3211 2223 3281 praenuntiabatur
2261 3229 2273 3264 :
2304 3221 2502 3282 quanto
2529 3213 2697 3283 magis
2725 3229 2824 3269 nos
2849 3213 3193 3270 Sacramenta
3233 3215 3354 3271 novi

1764 3303 2119 3372 Testamenti,
2164 3303 2303 3374 apud
2343 3304 2608 3374 quoslibet
2641 3305 2918 3362 haereticos
2945 3307 3028 3363 vel
3052 3307 3356 3364 Schismati-

1764 3413 1856 3454 cos
1902 3398 2268 3464 invenientes,
2299 3413 2405 3453 non
2456 3397 2712 3453 debemus
2760 3399 2890 3468 ipsis
2939 3399 3207 3468 tribuere,
3258 3416 3358 3457 nec

1764 3492 1915 3562 quasi
1944 3507 2051 3545 non
2075 3491 2250 3561 agnita
2277 3490 2600 3562 reprobare;
2632 3492 2725 3546 sed
2752 3494 2993 3560 quamvis
3021 3493 3163 3564 apud
3190 3493 3359 3550 forni-

1764 3588 1962 3642 cariam
2011 3587 2286 3642 mulierem
2325 3585 2466 3641 dona
2511 3585 2612 3641 viri
2658 3585 2880 3656 legitimi
2924 3601 3251 3658 agnoscere,
3302 3597 3360 3644 et

1771 3678 1937 3733 verbo
1967 3677 2205 3732 veritatis
2247 3677 2390 3732 illam
2437 3675 2840 3732 fornicationem
2882 3677 3198 3746 emendare,
3239 3694 3358 3750 quae

1763 3770 1976 3841 propria
2005 3778 2086 3824 est
2115 3768 2398 3839 impudicae
2423 3769 2680 3836 mulieris,
2711 3784 2817 3824 non
2839 3769 2926 3825 illa
2947 3770 3088 3826 dona
3112 3771 3350 3841 culpare,

1765 3877 1883 3932 qua:
1908 3865 2122 3932 propria
2159 3869 2283 3915 sunt
2313 3861 2519 3916 Domini
2551 3861 2896 3918 miserantis?

1836 3956 1926 4013 28.
1969 3955 2166 4010 Harum
2195 3964 2248 4011 et
2274 3955 2454 4011 talium
2498 3971 2683 4011 rerum
2721 3956 3150 4014 consideratione
3174 3966 3357 4029 patres

1765 4050 1975 4116 nostri,
2006 4065 2112 4106 non
2143 4049 2316 4104 solum
2343 4059 2466 4103 ante
2492 4045 2816 4120 Cyprianum
2848 4049 2929 4104 vel
2961 4050 3311 4120 Agrippinum
3337 4092 3352 4114 ,

1765 4145 1859 4201 sed
1888 4145 2048 4200 etiam
2081 4153 2263 4213 postea
2287 4141 2691 4198 saluberrimam
2709 4143 3150 4198 consuetudinem
3179 4151 3363 4198 tenue-

1764 4245 1918 4303 runt,
1950 4244 2007 4290 ut
2052 4233 2308 4306 quidquid
2334 4233 2568 4289 divinum
2598 4242 2758 4304 atque
2787 4234 3080 4303 legitimum
3102 4235 3153 4288 in
3183 4235 3358 4304 aliqua

1764 4326 1953 4382 haeresi
1979 4327 2062 4383 vel
2084 4327 2368 4382 schismate
2387 4326 2646 4396 integrum
2671 4326 2986 4396 reperirent,
3009 4325 3365 4395 approbarent

1765 4420 1938 4490 potius
1984 4434 2141 4488 quam
2173 4425 2430 4487 negarent
2456 4435 2468 4470 :
2500 4416 2754 4488 quidquid
2785 4425 2964 4471 autem
2996 4416 3230 4470 aliemim
3255 4457 3271 4483 ,
3303 4426 3358 4472 et

1763 4512 1961 4568 erroris
1990 4511 2130 4566 illius
2157 4509 2241 4565 vel
2261 4508 2610 4564 dissensionis
2637 4509 2912 4579 proprium
2934 4550 2949 4575 ,
2977 4506 3239 4562 veraciter
3263 4520 3350 4561 ar-

1763 4613 1988 4674 guerent
2013 4610 2067 4655 et
2093 4609 2356 4655 sanarent.
2391 4598 2496 4655 Sed
2527 4613 2590 4653 ea
2614 4614 2734 4668 qua:
2762 4614 2828 4653 ex
2859 4597 3082 4668 epistola
3113 4596 3199 4651 illa
3230 4612 3349 4667 quae

1763 4698 1828 4753 ad
1854 4696 2168 4753 Jubaianum
2196 4694 2392 4763 scripta
2415 4703 2526 4757 est,
2557 4690 2937 4747 consideranda
2962 4699 3360 4758 remanserunt,

1761 4799 1976 4860 propter
2021 4787 2180 4857 hujus
2230 4786 2511 4840 voluminis
2561 4784 2816 4848 modum,
2876 4785 2942 4836 ab
2990 4782 3096 4836 alio
3131 4824 3145 4848 ,
3190 4798 3365 4852 quau-

1757 4894 1867 4938 tum
1897 4883 2104 4954 opinor,
2129 4880 2349 4937 exordio
2379 4876 2710 4948 suscipienda
2737 4885 2894 4947 atque
2916 4874 3188 4931 tractanda
3214 4887 3356 4930 sunt.

146 5008 3350 5036 Μ

1054 5091 1524 5200 LIBER
1589 5088 2373 5218 QUARTUS.

718 5287 768 5330 In
788 5292 886 5343 quo
909 5284 1081 5329 tractat
1101 5291 1212 5342 qua}
1235 5278 1602 5339 subsequuntur
1624 5277 1673 5325 in
1693 5276 1866 5326 eadem
1888 5277 2102 5338 Cypriani
2128 5273 2330 5337 epistola
2355 5273 2414 5323 ad
2436 5272 2736 5323 Juhaianum.

1503 5430 1911 5475 -οθῦ-ὶ-οο-ε-ε-(αι-

189 5535 382 5600 CAPUT
416 5544 696 5603 PRIMUM.
720 5574 790 5584 —
821 5545 871 5599 1.
914 5541 1150 5598 Ecclesia
1193 5541 1430 5612 paradiso
1455 5555 1666 5609 compa-

139 5637 226 5684 rata
257 5631 441 5706 (ϐεινγ.³
466 5639 611 5710 epist.
654 5638 744 5703 75,
785 5635 852 5688 ad
881 5632 1238 5702 Jubaianum),
1290 5630 1487 5685 indicat
1517 5629 1670 5684 nobis

143 5733 268 5788 Posse
291 5731 487 5799 quidem
524 5733 639 5804 ejus
681 5730 1008 5802 Baptismum
1053 5725 1296 5782 homines
1339 5724 1497 5779 etiam
1545 5722 1674 5777 foris

145 5817 360 5894 πείρετε,
386 5827 476 5884 sed
491 5828 712 5886 salutem
732 5821 1070 5910 beatitudinis
1093 5828 1243 5878 extra
1267 5835 1381 5879 eam
1402 5817 1671 5876 neminem

1777 5537 1858 5592 vel
1888 5535 2158 5607 percipere
2186 5533 2267 5588 vel
2299 5541 2500 5589 tenere.
2532 5531 2666 5588 Nam
2685 5542 2739 5587 et
2759 5531 2975 5587 flumina
3005 5530 3072 5586 de
3104 5530 3245 5586 fonte
3277 5545 3367 5598 pa-

1778 5629 1960 5694 radisi,
1993 5627 2128 5682 sicut
2169 5624 2438 5696 Scriptura
2472 5633 2715 5692 testatur,
2757 5625 2919 5681 etiam
2964 5624 3106 5678 foras
3150 5622 3366 5694 largiter

1778 5731 2150 5779 manaverant.
2180 5720 2497 5776 Nominatim
2536 5721 2732 5792 quippe
2760 5725 3269 5782 commemorantur,
3317 5726 3372 5774 et

1781 5831 1875 5888 per
1904 5831 2032 5889 quas
2060 5825 2227 5871 terras
2250 5813 2434 5880 fluant,
2467 5823 2520 5869 et
2558 5816 2678 5884 quia
2705 5820 2854 5866 extra
2893 5807 3201 5884 paradisum
3231 5824 3366 5867 con-
