3796 6190
421 260 526 322 155

419 377 602 434 stituta
629 382 776 444 sunt,
804 372 1054 430 omnibus
1072 379 1254 426 notum
1286 377 1369 423 est
1392 365 1544 439 (Gen.
1573 382 1631 431 ιι,
1664 361 1820 434 8-14)
1858 379 1869 414 :
1904 374 2003 415 nec

419 479 595 527 tamen
623 466 678 522 in
705 463 1080 537 Mesopotamia
1108 460 1189 516 vel
1206 461 1257 515 in
1276 456 1528 531 Egypto,
1546 471 1652 528 quo
1674 453 1762 508 illa
1784 451 2002 508 flumina

419 569 794 637 pervenerunt,
824 567 907 613 est
933 555 1158 612 felicitas
1191 554 1313 609 vitae
1340 568 1459 625 quae
1485 551 1537 606 in
1568 549 1818 622 paradiso
1845 563 1997 604 com-

421 663 763 711 memoratur.
797 649 873 705 lta
899 647 957 703 fit
983 656 1044 704 ut
1065 664 1186 703 cum
1213 644 1445 718 paradisi
1471 658 1605 716 aqua
1634 642 1705 699 sit
1732 649 1886 698 extra
1908 654 2000 710 pa-

417 747 673 812 radisum,
721 741 994 799 beatitudo
1025 751 1200 797 tamen
1245 754 1351 793 non
1380 738 1449 793 sit
1490 737 1590 792 nisi
1620 733 1757 790 intra
1785 731 2000 805 paradi-

417 858 555 898 sum.
586 839 674 898 Sic
711 852 840 911 ergo
866 835 1168 906 Baptismus
1205 832 1461 888 Ecclesiae
1504 838 1679 902 potest
1703 844 1821 885 esse
1850 838 2002 884 extra

417 933 735 998 Ecclesiam,
777 943 973 985 munus
1009 938 1187 983 autem
1216 925 1385 981 beatae
1426 925 1547 979 vitae
1578 938 1681 978 non
1723 922 1823 978 nisi
1863 922 2000 976 intra

413 1025 711 1083 Ecclesiam
758 1021 1028 1096 reperitur
1060 1040 1074 1076 :
1105 1035 1223 1092 quae
1252 1034 1412 1090 super
1440 1029 1647 1089 petram
1689 1017 1848 1072 etiam
1879 1016 2000 1072 fun-

416 1119 537 1176 data
552 1129 653 1186 est,
672 1133 791 1189 quae
811 1116 1004 1188 ligandi
1022 1125 1076 1172 et
1099 1113 1340 1170 solvendi
1361 1112 1538 1169 claves
1563 1112 1768 1182 accepit
1787 1107 1999 1183 (Matth.

416 1230 525 1281 xvr,
555 1212 643 1278 18,
676 1210 790 1282 19).
828 1208 952 1264 Haec
977 1216 1052 1264 est
1079 1224 1182 1262 una
1207 1223 1321 1276 qua:
1346 1213 1476 1259 tenet
1499 1213 1547 1258 et
1567 1202 1785 1276 possidet
1805 1217 2001 1256 omnem

415 1306 495 1361 sui
522 1303 696 1376 sponsi
721 1310 766 1356 et
794 1301 999 1355 Domini
1020 1307 1346 1372 potestatem:
1367 1312 1464 1368 per
1488 1310 1644 1368 quam
1667 1293 1784 1364 conj
1793 1291 2002 1364 ugalem

415 1405 732 1470 potestatem
761 1394 918 1449 etiam
948 1392 1016 1449 de
1043 1389 1252 1447 ancillis
1281 1389 1420 1445 ﬁlios
1448 1403 1639 1460 parere
1673 1393 1879 1457 potest:
1911 1382 2001 1455 qui

415 1489 458 1544 si
486 1503 592 1544 non
617 1485 944 1558 superbiant,
977 1485 1031 1540 in
1055 1491 1253 1539 sortem
1286 1479 1612 1536 haereditatis
1638 1478 1997 1546 vocabuntur;

416 1580 462 1635 si
491 1587 668 1634 autem
701 1575 1028 1648 superbiant,
1060 1582 1210 1630 extra
1235 1572 1608 1629 remanebunt.

485 1668 710 1726 CAPUT
747 1666 809 1723 ll.
849 1698 920 1708 —
955 1667 1008 1720 2.
1050 1663 1215 1737 Magis
1265 1679 1392 1736 ergo
1444 1665 1566 1735 quia
1611 1677 1708 1733 pro
1747 1660 2001 1717 Ecclesiae

412 1763 618 1819 honore
656 1768 814 1831 atque
841 1759 1041 1814 unitate
1073 1770 1388 1829 pugnamus,
1422 1770 1527 1810 non
1570 1753 1864 1808 tribuamus
1885 1751 2001 1808 hae-

412 1853 592 1911 reticis
635 1849 891 1923 quidquid
917 1848 1056 1919 apud
1101 1863 1195 1904 eos
1235 1847 1351 1918 ejus
1381 1846 1754 1918 agnoscimus:
1783 1842 1879 1900 sed
1907 1859 2002 1900 eos

412 1954 697 2019 arguentes
725 1944 1035 2008 doceamus,
1068 1942 1210 2015 quod
1237 1955 1301 1996 es
1328 1941 1531 1996 unitate
1562 1939 1761 1994 habent
1782 1953 1887 1993 non
1919 1953 2003 1992 va-

411 2040 523 2097 lere
543 2038 609 2094 ad
637 2038 889 2104 salutem,
922 2035 1024 2091 nisi
1069 2034 1137 2090 ad
1175 2032 1418 2090 eamdem
1450 2030 1692 2086 venerint
1718 2031 1999 2085 unitatem.

410 2133 556 2203 Aqua
580 2132 720 2187 enim
738 2127 985 2184 Ecclesia:
1008 2127 1174 2198 ﬁdelis
1195 2135 1242 2182 et
1261 2124 1500 2179 salutaris
1517 2131 1561 2177 et
1577 2131 1750 2176 sancta
1776 2130 1846 2176 est
1868 2120 2004 2178 bene

410 2223 703 2280 utentibus.
730 2220 810 2276 Ea
840 2234 968 2276 vero
997 2217 1134 2274 bene
1159 2217 1234 2273 uti
1256 2226 1401 2271 extra
1427 2215 1715 2270 Ecclesiam
1733 2229 1892 2270 nemo
1909 2229 2006 2285 po-

411 2326 536 2372 test.
570 2313 706 2370 Male
744 2321 921 2369 autem
961 2310 1232 2367 utentibus
1262 2316 1316 2365 et
1342 2307 1472 2364 foris
1500 2317 1554 2363 et
1584 2308 1747 2374 intus,
1781 2307 1848 2362 ad
1878 2324 2005 2380 sup-

411 2409 630 2483 plicium
659 2407 880 2480 geritur,
910 2420 1015 2461 non
1041 2405 1106 2459 ad
1136 2404 1413 2475 praemium
1436 2401 1770 2472 suffragatur.
1795 2400 1865 2456 Et
1883 2401 2004 2458 ideo

411 2500 715 2571 Baptismus
741 2497 998 2568 corrumpi
1017 2505 1062 2552 et
1085 2494 1363 2549 adulterari
1382 2510 1481 2548 non
1501 2501 1679 2564 potest,
1711 2494 1807 2548 etsi
1835 2507 1864 2547 a
1886 2508 2004 2548 cor-

414 2594 583 2665 ruptis
613 2601 667 2648 et
690 2589 944 2646 adulteris
971 2589 1263 2645 habeatur:
1290 2588 1418 2642 sicut
1445 2595 1491 2641 et
1523 2587 1636 2658 ipsa
1667 2584 1897 2640 Ecclesia
1921 2585 2003 2640 in-

414 2694 654 2757 corrupta
673 2695 719 2740 et
742 2694 880 2738 casta
901 2692 948 2738 et
975 2683 1160 2755 pudica
1180 2691 1284 2748 est;
1301 2689 1355 2738 et
1376 2681 1496 2737 ideo
1520 2696 1626 2736 non
1647 2680 1713 2736 ad
1736 2696 1850 2736 eam
1877 2695 2004 2752 per-

413 2782 585 2836 tinent
609 2779 779 2843 avari,
814 2784 1077 2848 raptores,
1111 2775 1476 2832 feneratores:
1509 2790 1643 2845 quos
1659 2789 1764 2830 non
1798 2781 2004 2828 tantum

413 2873 564 2940 foris,
595 2871 687 2927 sed
716 2870 877 2926 etiam
918 2868 1061 2925 intus
1090 2881 1208 2924 esse
1243 2867 1421 2921 multis
1451 2865 1748 2921 litterarum
1786 2880 2004 2921 suarum

413 2967 546 3022 locis
573 2963 873 3037 Cyprianus
903 2963 1017 3033 ipse
1057 2968 1312 3017 testatur:
1343 2967 1397 3016 et
1438 2967 1614 3014 tamen
1654 2974 1763 3015 non
1801 2965 2005 3014 mutato

414 3057 577 3113 corde
607 3055 942 3125 baptizantur
969 3062 1022 3110 et
1047 3053 1335 3122 baptizant.

487 3151 539 3204 3.
582 3147 711 3202 Nam
737 3155 792 3202 et
816 3146 919 3202 hoc
943 3147 996 3200 in
1018 3144 1248 3217 quadam
1272 3142 1495 3215 epistola
1526 3157 1620 3198 sua
1650 3141 1778 3198 dicit
1802 3141 1996 3214 (Epist.

418 3243 507 3310 11,
536 3241 602 3294 ad
627 3238 868 3311 Clericos)
897 3237 963 3293 ad
986 3236 1224 3293 Clericos
1252 3235 1318 3292 de
1349 3234 1617 3306 precando
1639 3235 1768 3300 Deo,
1790 3234 2005 3290 transii-

419 3347 616 3408 gurans
664 3334 716 3387 in
763 3346 820 3386 se
850 3329 985 3385 sicut
1013 3338 1226 3384 sanctus
1254 3327 1434 3382 Daniel
1457 3334 1672 3398 peccata
1692 3325 1870 3396 populi
1900 3325 2001 3380 sui.

417 3427 548 3482 Nam
589 3426 725 3480 inter
753 3423 915 3478 multa
947 3423 1085 3476 mala
1115 3437 1234 3494 quae
1276 3426 1680 3486 commemorat,
1712 3419 1871 3474 etiam
1905 3418 2007 3474 hoc

415 3521 504 3584 ait,
538 3517 738 3573 Saecula
765 3513 922 3569 verbis
946 3514 1066 3569 solis
1101 3521 1146 3567 et
1170 3529 1268 3567 non
1291 3513 1439 3583 factis
1459 3513 1838 3566 renuntiantes:
1869 3511 2006 3567 sicut

417 3610 484 3665 de
511 3607 823 3679 quibusdam
854 3605 982 3661 dicit
1013 3603 1318 3674 Apostolus,
1357 3601 1672 3672 Conﬁtentur
1700 3603 1834 3657 enim
1863 3618 2008 3657 nosse

418 3721 470 3758 se
497 3701 680 3766 Deum,
714 3700 861 3770 factis
901 3706 1069 3750 autem
1113 3704 1295 3766 negant
1347 3693 1470 3765 (Tit.
1517 3709 1554 3760 ι,
1599 3694 1712 3764 16).
1744 3693 1853 3749 Hos
1880 3707 2007 3764 ergo

419 3797 609 3850 beatus
628 3789 925 3862 Cyprianus
951 3789 1002 3842 in
1025 3789 1136 3858 ipsa
1166 3787 1304 3840 intus
1327 3785 1566 3840 Ecclesia
1588 3786 1790 3841 versari
1813 3789 2004 3856 arguit,

421 3885 510 3954 qui
542 3883 702 3936 corde
731 3881 783 3935 in
813 3879 1005 3935 melius
1035 3893 1139 3933 non
1170 3885 1373 3931 mutato
1399 3876 1752 3946 baptizantur,
1795 3875 2007 3948 quando

423 3976 602 4045 utique
630 3973 824 4028 sarculo
848 3970 1046 4036 verbis,
1095 3985 1201 4024 non
1234 3967 1385 4023 factis
1414 3969 1742 4035 renuntiant,
1772 3983 1891 4023 cum
1923 3968 2006 4022 di-

421 4077 507 4126 cat
531 4066 804 4138 apostolus
834 4065 1044 4133 Petrus,
1081 4061 1231 4132 Quod
1271 4074 1318 4116 et
1355 4077 1438 4116 vos
1467 4061 1620 4115 simili
1642 4063 1808 4131 forma
1844 4059 2009 4114 salvos

424 4159 546 4233 facit
571 4156 869 4228 Baptisma;
900 4172 1001 4210 non
1031 4155 1199 4209 carnis
1223 4152 1469 4223 depositio
1497 4151 1743 4217 sordium,
1777 4150 1868 4205 sed
1891 4167 2011 4205 con-

422 4253 644 4309 scientia:
663 4251 805 4306 bona:
829 4250 1153 4320 interrogatio
1175 4247 1219 4320 (l
1243 4246 1384 4301 Petr.
1415 4261 1493 4311 ut,
1511 4243 1603 4319 21)
1620 4262 1634 4312 ;
1653 4260 1810 4316 quam
1829 4246 2010 4316 utique

424 4361 531 4402 non
563 4343 847 4411 habebant,
894 4342 962 4398 de
1008 4340 1200 4413 quibus
1230 4338 1444 4406 dicitur,
1472 4336 1676 4394 chulo
1703 4337 1862 4392 verbis
1891 4337 2010 4392 solis

422 4449 469 4495 et
498 4455 599 4494 non
629 4438 776 4511 factis
805 4436 1146 4490 renuntiantes
1164 4449 1183 4488 .'
1205 4441 1258 4489 et
1282 4442 1459 4494 tamen
1489 4432 1540 4487 id
1577 4431 1685 4502 agit
1729 4431 2011 4500 increpans

424 4541 478 4588 et
504 4544 732 4602 arguens
753 4543 864 4594 eos,
896 4535 955 4581 ut
980 4524 1264 4596 aliquando
1291 4523 1562 4578 ambulent
1591 4519 1643 4576 in
1675 4521 1759 4576 via
1785 4519 2006 4588 Christi,

425 4630 479 4677 et
505 4622 618 4691 ejus
646 4619 798 4674 amici
826 4617 1012 4672 malint
1036 4629 1154 4671 esse
1179 4627 1336 4684 quam
1362 4612 1562 4669 szcculi.

495 4712 722 4769 CAPUT
760 4711 848 4766 lli.
867 4741 939 4751 —
957 4709 1056 4765 Cui
1081 4708 1124 4763 si
1149 4707 1625 4778 obtemperassent,
1649 4711 1704 4760 et
1727 4713 1872 4759 recte
1899 4702 2010 4773 jam

425 4806 626 4871 vivere,
660 4818 764 4858 non
793 4813 850 4858 ut
879 4798 1377 4874 pseudochristiani,
1408 4796 1501 4852 sed
1524 4795 1709 4851 utveri
1737 4794 2011 4850 christiani

426 4901 734 4971 coepissent,
767 4896 1018 4968 numquid
1047 4909 1139 4951 eos
1161 4892 1374 4965 juberet
1400 4891 1573 4945 denuo
1589 4885 1881 4959 baptizari?
1896 4887 2012 4941 Non

429 4993 632 5063 utique,
663 4989 756 5044 sed
789 4988 891 5043 hoc
917 4989 995 5042 eis
1032 4993 1314 5057 przestaret
1337 4998 1464 5037 vera
1495 4981 1795 5046 conversio,
1827 4987 1885 5034 ut
1911 4978 2011 5034 Sa-

429 5091 758 5142 cramentum
787 5080 926 5151 quod
957 5095 1061 5134 non
1093 5079 1309 5133 mutatis
1337 5075 1548 5132 valebat
1589 5072 1655 5131 ad
1695 5071 2008 5146 perniciem,

431 5176 648 5232 mutatis
675 5174 850 5228 valere
876 5173 1138 5242 inciperet
1164 5170 1228 5224 ad
1261 5170 1506 5224 salutem.

501 5269 554 5323 4.
595 5267 725 5334 Quia
757 5281 856 5320 nec
893 5265 978 5319 isti
1007 5263 1250 5318 Ecclesia
1291 5263 1452 5317 devoti
1496 5269 1611 5315 sunt
1641 5258 2012 5330 (Cypr.,epist.

431 5363 522 5430 75,
547 5360 614 5414 ad
637 5358 992 5428 Jubaianum),
1024 5373 1111 5428 qui
1136 5355 1382 5410 videntur
1403 5370 1521 5411 esse
1547 5355 1708 5420 intus,
1747 5362 1801 5408 et
1829 5361 2014 5408 contra

428 5456 701 5511 Christum
733 5453 934 5520 vivunt,
976 5451 1027 5506 id
1074 5459 1176 5517 est,
1207 5458 1392 5505 contra
1435 5448 1632 5504 Christi
1662 5447 1906 5503 mandata
1939 5447 2017 5504 fa-

428 5553 609 5606 ciunt:
639 5563 737 5605 nec
761 5548 979 5603 omnino
1003 5545 1070 5600 ad
1096 5545 1240 5600 illam
1262 5543 1554 5600 Ecclesiam
1583 5543 1852 5616 pertinere
1873 5542 2016 5614 judi-

431 5642 584 5699 candi
621 5651 764 5708 sunt,
796 5654 954 5711 quam
996 5639 1074 5695 sic
1114 5636 1230 5708 ipse
1268 5635 1490 5690 mundat
1537 5635 1748 5691 lavacro
1776 5651 1926 5706 aqua:
1965 5635 2018 5690 in

434 5738 620 5804 verbo,
655 5749 711 5792 nt
733 5735 983 5792 exhibeat
1010 5733 1109 5790 sibi
1133 5731 1419 5805 gloriosam
1448 5729 1764 5796 Ecclesiam,
1798 5745 1901 5785 non
1926 5729 2019 5789 ha-

1163 253 1250 308 DE
1291 248 1631 308 BAPTISMO
1669 242 1947 302 CONTRA
1987 227 2530 308 DONATISTAS,'S.
2573 240 2942 298 AUGUSTINI

3641 239 3784 298 156

2110 358 2323 412 bentem
2369 359 2630 414 maculam
2660 368 2752 414 aut
2781 375 2986 432 rugam,
3031 369 3124 415 aut
3149 361 3348 433 aliquid
3393 357 3784 432 huiusmodi

2113 453 2327 528 (Ep/tes.
2359 471 2412 522 v,
2436 455 2528 523 26,
2551 455 2664 529 27).
2693 456 2848 524 Quod
2875 458 2919 514 si
2942 458 2994 513 in
3028 460 3131 513 ista
3157 458 3392 514 Ecclesia
3416 473 3523 514 non
3566 469 3777 520 sunt.

2109 549 2176 606 ad
2203 551 2355 622 cujus
2383 552 2623 608 membra
2652 567 2758 608 non
2780 553 3074 623 pertinent,
3101 568 3206 609 non
3230 563 3354 610 sunt
3383 553 3436 609 in
3461 553 3779 610 Ecclesia

2108 643 2175 700 de
2195 660 2298 716 qua
2322 645 2534 714 dicitur,
2569 644 2685 702 Una
2705 656 2776 702 est
2795 646 3028 702 columba
3052 663 3180 713 mea,
3207 663 3312 702 una
3338 657 3411 703 est
3429 649 3611 704 matri
3633 665 3779 703 sua

2109 735 2285 810 (Cant.
2317 755 2388 805 v1,
2413 738 2468 811 8)
2492 758 2504 793 :
2541 740 2652 811 ipsa
2683 749 2765 796 est
2788 741 2932 797 enim
2959 741 3077 798 sine
3100 742 3307 798 macula
3328 752 3383 798 et
3405 759 3579 812 ruga.
3629 745 3773 797 Aut

2107 838 2313 886 asserat
2339 832 2427 901 qui
2469 840 2666 902 potest,
2699 832 2858 902 hujus
2882 832 3149 890 columba:
3175 835 3413 891 membra
3453 851 3602 892 esse
3641 837 3765 906 qui

2107 924 2304 979 sacculo
2328 926 2528 992 verbis,
2560 941 2666 982 non
2710 925 2866 982 factis
2896 928 3220 982 renuntiant.
3254 928 3468 985 interim
3495 929 3764 998 aliquid

2107 1015 2347 1073 videmus
2367 1019 2407 1085 ί,
2431 1017 2573 1074 unde
2602 1019 2801 1074 dictum
2831 1020 3082 1087 arbitror,
3115 1020 3215 1088 Qui
3241 1021 3375 1091 sapit
3400 1021 3572 1087 diem,
3616 1020 3766 1075 Do-

2107 1111 2242 1164 mino
2267 1111 2397 1182 sapit
2423 1110 2596 1183 (Rom.
2626 1127 2739 1179 xxv,
2773 1110 2827 1186 6)
2852 1130 2863 1166 :
2896 1113 3039 1169 Deus
3069 1113 3212 1169 enim
3235 1113 3438 1184 judicat
3481 1128 3762 1170 omnem

2107 1200 2269 1256 diem.
2297 1200 2600 1257 Secundum
2624 1211 2800 1258 autem
2830 1205 2948 1273 ejus
2979 1203 3394 1276 praescientiam,
3432 1206 3522 1276 qui
3563 1206 3759 1260 novit

2107 1308 2242 1364 quos
2270 1293 2731 1365 prtedestinaverit
2757 1304 2879 1352 ante
2907 1295 3092 1352 mundi
3111 1297 3553 1352 constitutionem
3590 1312 3764 1354 con-

2107 1384 2305 1442 formes
2328 1388 2572 1460 imaginis
2595 1387 2714 1444 Filii
2742 1389 2884 1456 sui”,
2917 1389 3072 1444 multi
3100 1391 3261 1445 etiam
3289 1389 3381 1461 qui
3407 1400 3620 1461 aperte
3655 1390 3758 1446 fo-

2106 1479 2180 1534 ris
2211 1488 2354 1546 sunt,
2386 1490 2440 1535 et
2468 1480 2705 1538 hrcretici
2743 1483 3102 1553 appellantur.
3130 1483 3313 1538 multis
3342 1491 3396 1539 et
3425 1484 3602 1540 bonis
3637 1499 3758 1539 ca-

2106 1571 2321 1628 tholicis
2350 1574 2601 1629 meliores
2643 1583 2784 1630 sunt.
2833 1575 2970 1644 Quid
3011 1577 3154 1630 enim
3185 1577 3294 1632 sint
3335 1575 3518 1645 hodie,
3555 1577 3752 1632 vide-

2109 1679 2256 1730 mus;
2281 1665 2406 1736 quid
2427 1680 2546 1720 cras
2566 1664 2728 1720 futuri
2750 1667 2876 1734 sint,
2901 1667 3227 1737 ignoramus.
3247 1668 3313 1723 Et
3331 1668 3440 1725 Deo
3457 1669 3750 1739 quidem,

2108 1755 2247 1826 apud
2278 1772 2435 1826 quem
2463 1766 2585 1812 sunt
2613 1759 2896 1830 praesentia
2929 1775 3049 1830 quae
3087 1768 3313 1816 ventura
3351 1770 3498 1828 sunt,
3542 1763 3746 1817 etiam

2107 1845 2248 1917 quod
2281 1845 2442 1902 futuri
2468 1856 2594 1902 sunt
2627 1847 2738 1920 jam
2784 1859 2942 1904 sunt:
2975 1865 3071 1906 nos
3098 1861 3276 1907 autem
3323 1852 3647 1908 secundum
3687 1854 3748 1908 id

2108 1937 2247 2008 quod
2281 1938 2332 1992 in
2365 1940 2615 2008 praesenti
2657 1949 2740 1996 est
2787 1941 3015 2014 quisque
3057 1941 3357 2012 hominum,
3413 1945 3748 2015 quaerimus

2109 2037 2286 2084 utrum
2315 2029 2370 2084 in
2399 2030 2505 2085 illis
2535 2029 2788 2088 Ecclesiae
2828 2034 3102 2102 membris,
3146 2052 3266 2106 quae
3307 2052 3411 2091 una
3457 2038 3747 2095 columba

2107 2121 2245 2179 dicta
2274 2132 2375 2191 est,
2407 2133 2462 2180 et
2487 2141 2684 2196 sponsa
2732 2127 2924 2184 Christi
2954 2129 3070 2185 sine
3103 2131 3309 2187 macula
3336 2139 3391 2188 et
3416 2148 3579 2203 ruga,
3621 2133 3743 2191 ho-

2108 2215 2196 2273 die
2221 2218 2509 2288 deputandi
2540 2220 2646 2274 sint
2674 2218 2770 2295 (a),
2800 2221 2866 2276 de
2893 2223 3085 2293 quibus
3129 2223 3261 2280 dicit
3304 2224 3626 2298 Cyprianus
3676 2228 3737 2282 in

2108 2309 2332 2380 epistola
2378 2327 2538 2382 quam
2566 2315 3004 2380 commemoravi,
3037 2316 3173 2387 quod
3198 2319 3328 2371 υἰαηι
3357 2318 3574 2374 Domini
3624 2339 3740 2375 non

2109 2411 2350 2472 tenerent,
2376 2421 2466 2459 nec
2490 2405 2610 2459 data
2633 2405 2730 2461 sibi
2751 2407 2822 2460 ad
2849 2408 3062 2461 salutem
3089 2411 3310 2466 caelestia
3338 2414 3594 2468 mandata
3619 2432 3738 2469 ser-

2108 2509 2299 2564 varent,
2331 2499 2465 2569 quod
2490 2517 2591 2554 non
2615 2501 2836 2571 facerent
2861 2497 3068 2555 Domini
3097 2504 3402 2560 voluntatem
3421 2523 3440 2560 :
3465 2510 3740 2577 patrimo-

2108 2591 2193 2645 nio
2237 2602 2282 2646 et
2312 2593 2452 2646 lucro
2478 2595 2752 2662 studentes,
2792 2595 3078 2666 superbiam
3101 2607 3362 2664 sectantes,
3394 2603 3736 2657 wmulationi

2109 2693 2156 2738 et
2181 2684 2480 2739 dissensioni
2504 2694 2756 2753 vacantes,
2785 2686 3122 2758 simplicitatis
3151 2699 3196 2742 et
3220 2691 3341 2759 ﬁdei
3373 2691 3732 2764 negligentes,

2109 2777 2294 2831 saeculo
2323 2777 2482 2832 verbis
2505 2777 2626 2832 solis
2655 2785 2701 2833 et
2727 2794 2828 2833 non
2859 2778 3007 2848 factis
3032 2782 3396 2846 renuntiantes,
3427 2787 3728 2856 unusquis-

2108 2888 2204 2942 que
2232 2870 2327 2925 sibi
2351 2871 2622 2941 placentes,
2645 2881 2692 2925 et
2713 2873 2940 2926 omnibus
2957 2873 3278 2945 displicente:
3300 2873 3494 2948 (Epist.
3524 2879 3622 2942 11,
3659 2880 3733 2930 ad

2110 2961 2376 3035 Clericos).
2401 2963 2554 3032 Quod
2575 2964 2621 3018 si
2646 2978 2740 3020 eos
2763 2965 2816 3019 in
2845 2964 2956 3020 suis
2985 2966 3239 3022 membris
3267 2983 3368 3023 nec
3393 2969 3482 3023 illa
3507 2970 3730 3026 colum-

2107 3057 2176 3113 ba
2203 3058 2507 3129 cognoscit;
2559 3066 2613 3114 et
2662 3058 2878 3123 talibus,
2931 3059 2976 3114 si
3023 3061 3074 3114 in
3119 3061 3308 3116 eadem
3350 3065 3729 3132 perversitate

2109 3150 2521 3222 permanserint,
2565 3151 2804 3207 dicturus
2844 3160 2926 3207 est
2967 3149 3244 3218 Dominus,
3280 3152 3405 3207 Non
3433 3155 3555 3207 novi
3595 3173 3727 3220 vos;

2108 3244 2322 3298 recedite
2338 3260 2368 3297 a
2385 3260 2482 3311 me,
2505 3245 2590 3316 qui
2608 3243 2886 3314 aperamini
2900 3243 3214 3315 iniquitatem
3234 3235 3448 3318 (Matth.
3472 3263 3571 3315 vn,
3597 3247 3724 3317 25):

2110 3337 2357 3391 videntur
2382 3351 2501 3391 esse
2524 3337 2578 3390 in
2605 3336 2865 3402 Ecclesia,
2898 3335 2992 3390 sed
3014 3353 3118 3391 non
3147 3346 3302 3404 sunt;
3332 3333 3440 3394 imo
3455 3349 3514 3395 et
3535 3352 3724 3396 contra

2111 3429 2392 3485 Ecclesiam
2437 3430 2650 3500 faciunt.
2697 3429 2960 3497 Quomodo
3009 3446 3127 3502 ergo
3155 3422 3418 3502 Baptisnio
3462 3433 3726 3489 Ecclesia:

2112 3523 2368 3595 baptizare
2393 3531 2600 3593 possunt
2630 3519 2825 3593 (Epist.
2855 3521 2944 3587 75,
2969 3521 3036 3574 ad
3053 3511 3414 3594 Jubaianum),
3440 3525 3595 3595 quod
3619 3541 3722 3582 nec

2110 3615 2243 3688 ipsis
2273 3613 2490 3686 prodest
2515 3628 2614 3668 nec
2643 3611 3046 3683 accipientibus,
3075 3613 3178 3668 nisi
3224 3607 3556 3671 intrinsecus
3585 3632 3718 3673 vera

2112 3708 2467 3766 conversione
2496 3716 2787 3774 mutentur,
2817 3717 2874 3763 ut
2901 3708 3075 3780 ipsum
3103 3697 3537 3776 Sacramentum,
3571 3710 3715 3781 quod

2112 3801 2190 3856 eis
2215 3800 2595 3870 accipientibus
2621 3815 2724 3854 non
2759 3799 3029 3871 proderat,
3059 3799 3273 3870 quando
3300 3801 3503 3856 saeculo
3530 3803 3718 3859 verbis

2111 3910 2216 3951 non
2246 3892 2394 3949 factis
2425 3892 2817 3958 renuntiabant,
2843 3892 3095 3962 prodesse
3120 3894 3358 3964 incipiat,
3396 3910 3519 3950 cum
3544 3905 3603 3952 et
3633 3896 3715 3951 fa-

2111 3987 2213 4042 ctis
2241 3987 2502 4058 coeperint
2523 3987 2828 4041 renuntiare
2842 3989 2864 4039 ?
2891 3988 2959 4041 ita
2983 3996 3036 4042 et
3066 3987 3138 4041 illi
3165 4004 3391 4058 quorum
3414 3999 3496 4044 est
3523 3998 3715 4062 aperta

2111 4083 2408 4150 separatio;
2440 4079 2561 4149 quia
2603 4078 2654 4132 in
2706 4079 2960 4134 membris
3004 4078 3146 4134 illius
3176 4079 3459 4144 columbae,
3505 4097 3614 4138 nec
3659 4082 3712 4137 hi

2113 4185 2214 4227 nec
2241 4170 2313 4225 illi
2346 4176 2468 4224 sunt
2495 4167 2674 4239 hodie,
2725 4169 2821 4226 sed
2863 4170 3024 4242 aliqui
3055 4185 3241 4227 eorum
3275 4171 3500 4229 fortasse
3548 4173 3711 4230 futuri

2113 4269 2256 4316 sunt.

2183 4352 2408 4411 CAPUT
2447 4351 2534 4409 ιν.
2563 4385 2633 4395 -
2661 4355 2714 4411 5.
2745 4353 2861 4410 Non
2884 4355 3060 4427 itaque
3079 4356 3709 4429 hcereticorumBaptisma

2113 4456 2448 4519 acceptamus,
2466 4446 2679 4520 quando
2695 4456 2814 4518 post
2830 4463 2922 4502 eos
2943 4462 3048 4502 non
3073 4447 3405 4519 baptizamus
3424 4451 3552 4506 :sed
3571 4449 3706 4523 quod

2113 4543 2310 4600 Christi
2346 4556 2465 4598 esse
2495 4542 2888 4613 cognoscimus,
2918 4542 3078 4596 etiam
3114 4543 3162 4595 in
3194 4543 3349 4597 malis
3375 4543 3705 4610 hominibus.

2114 4639 2225 4694 sive
2254 4643 2438 4707 aperte
2467 4634 2615 4698 foris,
2656 4633 2769 4689 sive
2797 4633 2937 4688 intus
2966 4633 3173 4688 occulte
3204 4635 3489 4704 separatis,
3522 4638 3628 4692 illis
3657 4638 3706 4691 in

2116 4746 2177 4785 ea
2200 4746 2256 4784 re
2286 4730 2336 4782 in
2370 4743 2473 4798 qua
2518 4726 2800 4781 deviabant
2825 4725 3104 4792 correctis,
3151 4725 3328 4783 debita
3356 4732 3707 4785 veneratione

2115 4823 2456 4894 suscipimus.
2483 4820 2633 4877 Sicut
2655 4830 2830 4875 autem
2853 4821 3026 4890 urgeri
3057 4819 3245 4876 videor
3269 4836 3392 4876 cum
3414 4821 3549 4878 mihi
3576 4821 3703 4878 dici-

2115 4929 2220 4984 tur,
2255 4917 2392 4989 Ergo
2420 4917 2679 4972 liwreticus
2708 4915 2910 4969 dimittit
2936 4916 3176 4986 peccata?
3214 4915 3292 4970 sic
3317 4925 3372 4970 et
3414 4931 3517 4987 ego
3546 4929 3704 4988 urgeo

2116 5032 2240 5072 cum
2267 5013 2406 5080 dico,
2433 5013 2576 5084 Ergo
2603 5013 2691 5082 qui
2717 5010 2954 5066 caelestia
2972 5008 3219 5065 mandata
3240 5024 3344 5064 non
3365 5022 3568 5080 servat,
3590 5026 3705 5064 ava-

2115 5124 2230 5174 rus,
2260 5115 2460 5177 raptor,
2496 5104 2787 5170 fenerator,
2819 5102 3053 5170 invidus,
3084 5102 3263 5158 verbis
3289 5118 3395 5157 non
3426 5103 3583 5159 factis
3605 5119 3699 5158 sa:-

2118 5201 2239 5256 culo
2267 5198 2601 5261 renuntians,
2629 5195 2849 5250 dimittit
2882 5195 3132 5266 peccata?
3167 5194 3224 5250 Si
3261 5211 3354 5265 per
3377 5196 3488 5250 vim
3521 5197 3702 5252 Sacra-

2119 5293 2284 5348 menti
2311 5290 2426 5358 Dei,
2451 5290 2587 5346 sicut
2615 5288 2721 5352 ille,
2748 5289 2818 5344 ita
2844 5298 2896 5344 et
2920 5287 3041 5343 ille:
3065 5286 3109 5341 si
3135 5303 3231 5357 per
3254 5287 3507 5343 meritum
3532 5301 3698 5348 suum,

2121 5401 2223 5445 nec
2248 5385 2358 5454 ille,
2389 5398 2491 5441 nec
2518 5382 2628 5439 ille.
2654 5381 2784 5437 lliud
2810 5381 2952 5437 enim
2974 5379 3374 5436 Sacramentum
3400 5389 3456 5434 et
3483 5380 3536 5435 in
3559 5376 3702 5435 malis

2187 5549 2201 5578 ι
2232 5552 2331 5610 Arn.
2357 5549 2431 5594 Er.
2462 5547 2664 5610 eiusa...
2683 5538 2907 5610 fidem"!
2938 5537 3206 5610 ενὶᾴεηιειει,
3254 5595 3280 5610 ρ
3345 5597 3357 5608 .
3670 5595 3679 5610 ρ

2180 5612 2208 5683 ,⁸
2229 5609 2363 5720 Edtiti,
2389 5595 3040 5670 conformes'ﬁeri
3067 5595 3373 5664 Abest,ﬁeri,
3397 5610 3430 5651 α
3449 5595 3702 5652 nuncsed-

2181 5687 2220 5721 Is
2243 5685 2271 5720 e
2315 5685 2342 5721 a
2364 5683 2541 5721 graeco.

2123 5681 2220 5739 ptis
2243 5681 2294 5720 et
2315 5685 2342 5721 a
2364 5683 2541 5734 graeco.

2189 5737 2308 5799 (a)ll
2332 5739 2556 5792 Retract,
2581 5743 2683 5794 cap.
2711 5730 2782 5779 18.
