3802 6160
71 280 171 341 157

66 397 393 458 hominibus
422 395 622 457 Christi
647 406 767 451 esse
791 389 1160 464 cognoscitur:
1188 390 1239 448 in
1258 404 1485 462 corpore
1500 399 1678 447 autem

72 493 253 550 unicae
315 488 604 557 columbae,
648 486 994 557 incorruptae,
1050 491 1266 551 sanctae,
1314 482 1544 556 pudicae,
1575 499 1684 540 non

71 583 337 646 habentis
356 581 620 643 maculam
646 587 737 640 aut
761 594 945 651 rugam
974 576 1190 653 (Ephes.
1223 594 1277 646 v,
1304 577 1422 651 27),
1470 593 1570 636 nec
1595 578 1686 635 ille

72 694 171 735 nec
211 678 315 734 ille
364 675 635 731 invenitur
680 671 780 745 (a).
830 672 900 727 Et
945 669 1216 743 quomodo
1260 671 1543 743 accipienti
1575 686 1684 727 non

74 772 310 844 prodest
339 767 641 839 Baptismus
666 764 714 822 ei
740 764 830 838 qui
860 762 1058 820 saeculo
1087 762 1263 820 verbis
1288 779 1397 820 non
1427 761 1580 819 factis
1600 778 1679 819 re-

76 864 329 928 nuntiat;
360 861 438 916 sic
468 874 574 915 non
618 855 839 933 prodest
877 856 926 912 ei
971 856 1062 928 qui
1106 854 1158 911 in
1204 853 1397 911 haeresi
1422 854 1505 911 vel
1536 853 1684 912 sebi-

76 964 252 1014 smate
309 953 608 1026 baptizatur
654 969 668 1006 :
729 949 943 1024 utrique
993 957 1173 1005 autem
1221 955 1466 1007 correcto
1512 946 1682 1019 prod-

76 1064 195 1109 essc
240 1046 454 1123 incipit,
500 1042 645 1120 quod
688 1052 814 1101 ante
858 1056 967 1099 non
1010 1040 1286 1115 proderat,
1331 1040 1429 1101 sed
1500 1048 1678 1097 tamen

80 1144 273 1199 inerat.

147 1236 200 1292 6.
244 1235 551 1306 Baptizatus
577 1246 706 1305 ergo
739 1232 793 1291 in
832 1229 1012 1291 htvresi
1039 1246 1142 1286 non
1164 1228 1224 1302 ﬁt
1267 1227 1509 1301 templum
1551 1227 1686 1285 Dei:

78 1328 346 1402 numquid
378 1338 556 1385 tamen
578 1325 698 1382 ideo
721 1339 818 1396 pro
840 1322 1109 1397 baptizato
1133 1337 1241 1381 non
1268 1321 1546 1381 habendus
1569 1322 1685 1381 est?

81 1426 210 1481 Nam
241 1439 350 1480 nec
380 1436 574 1479 avarus
606 1421 750 1478 intus
778 1418 1080 1492 baptizatus
1119 1417 1180 1475 lit
1207 1417 1464 1489 templum
1494 1417 1610 1488 Dei,
1637 1416 1684 1477 si

79 1522 142 1575 ab
167 1519 402 1575 avaritia
429 1531 534 1575 non
577 1516 904 1581 recesserit;
933 1513 1024 1585 qui
1070 1511 1213 1569 enim
1253 1509 1386 1568 ﬁunt
1424 1511 1682 1584 templum

82 1615 194 1682 Dei,
229 1611 516 1684 possident
540 1611 722 1683 utique
766 1622 988 1680 regnum
1014 1606 1132 1665 Dei.
1173 1606 1461 1680 Apostolus
1498 1614 1682 1667 autem

80 1706 207 1762 dicit
234 1705 383 1760 inter
408 1703 600 1770 multa,
638 1699 816 1778 Neque
857 1700 1020 1767 avari,
1051 1714 1210 1771 neque
1234 1714 1444 1771 rapaces
1469 1714 1681 1770 regnum

84 1795 176 1851 Dei
205 1794 540 1867 possidebunt
569 1792 613 1867 (Ι
635 1789 757 1849 Cor.
782 1807 856 1860 vr,
888 1789 1000 1862 10).
1029 1788 1323 1849 Avaritiam
1349 1790 1544 1863 quippe
1566 1789 1683 1849 ido-

83 1889 253 1945 lorum
284 1884 538 1945 servituti
564 1884 670 1941 alio
697 1884 817 1941 loco
861 1881 1001 1940 idem
1049 1882 1321 1954 apostolus
1363 1890 1677 1954 comparat:

87 1983 406 2045 Etanaritia,
435 1980 629 2053 inquit,
657 1995 773 2051 qua:
814 1986 887 2033 est
934 1976 1188 2033 idolorum
1222 1976 1432 2033 servitus
1460 1976 1677 2049 (Ep/tes.

82 2095 131 2146 v,
158 2078 241 2151 5).
264 2076 447 2146 Quem
470 2088 692 2135 sensum
720 2072 864 2133 idem
898 2071 1196 2146 Cyprianus
1223 2071 1303 2128 sic
1336 2072 1682 2144 exaggeravit

86 2171 134 2226 in
156 2169 388 2241 epistola
411 2167 479 2222 ad
502 2168 885 2233 Antonianum,
907 2172 966 2220 ut
991 2179 1178 2223 eorum
1204 2173 1425 2236 peccato
1440 2165 1529 2237 qui
1546 2172 1681 2225 tem-

84 2274 211 2330 pore
236 2260 633 2334 persecutionis
663 2273 762 2331 per
786 2258 1006 2317 libellos
1037 2272 1097 2315 se
1124 2256 1526 2315 thurilicaturos
1554 2272 1681 2328 pro-

87 2354 205 2411 fessi
230 2363 412 2420 erant,
441 2367 634 2411 avaros
661 2365 975 2422 comparare
1003 2364 1110 2407 non
1156 2348 1430 2407 dubitaret
1448 2350 1465 2382 ¹
1496 2347 1675 2422 (Cypr.

88 2447 249 2519 Epist.
278 2447 375 2516 55,
396 2447 467 2502 ad
496 2442 817 2516 Antoniam).
850 2442 941 2500 Sic
968 2457 1098 2514 ergo
1134 2443 1190 2501 in
1219 2442 1411 2499 haeresi
1437 2442 1678 2515 baptiza-

91 2550 169 2596 tus
196 2540 251 2597 in
281 2539 502 2598 nomine
545 2545 745 2595 sancta:
773 2535 1073 2604 Trinitatis,
1114 2544 1289 2593 tamen
1316 2550 1424 2593 non
1449 2535 1511 2593 lit
1539 2544 1677 2595 tem-

89 2632 226 2702 plum
257 2632 377 2700 Dei,
401 2631 448 2689 si
476 2630 545 2688 ab
582 2629 777 2691 breresi
810 2643 917 2687 non
944 2629 1251 2697 recesserit,
1290 2630 1561 2700 quomodo
1586 2644 1681 2687 ne-

90 2738 188 2793 que
212 2724 267 2778 in
293 2722 520 2779 avaritia
545 2721 600 2781 in
636 2720 828 2778 eodem
862 2720 1082 2779 nomine
1108 2720 1408 2791 baptizatus
1448 2720 1508 2775 lit
1546 2730 1681 2779 tem-

91 2817 228 2886 plum
260 2816 382 2882 Dei,
425 2816 473 2875 si
500 2816 570 2871 ab
600 2815 819 2875 avaritia
844 2830 956 2875 non
982 2814 1219 2882 recedat,
1248 2831 1369 2887 quae
1395 2824 1481 2873 est
1502 2816 1676 2875 idolo-

92 2924 199 2966 rum
230 2910 485 2967 servitus.
517 2907 649 2967 Nam
679 2918 736 2965 et
763 2906 867 2965 hoc
893 2907 1034 2965 idem
1062 2907 1337 2979 apostolus
1360 2908 1524 2969 dicit:
1554 2907 1682 2976 Quae

93 3002 380 3071 compositio
403 3001 590 3072 templo
620 2999 713 3055 Dei
739 3016 855 3055 cum
880 2999 1033 3055 idolis
1054 2998 1121 3071 (ll
1157 2998 1274 3055 Cor.
1299 3015 1377 3068 vt,
1406 3000 1535 3072 i6)?
1562 2999 1681 3057 Non

95 3108 213 3165 ergo
226 3094 297 3151 de
322 3092 484 3150 nobis
506 3100 777 3164 quatratur
803 3092 949 3163 cujus
974 3090 1071 3148 Dei
1096 3093 1340 3163 templum
1381 3094 1494 3163 ﬁat,
1519 3109 1680 3165 quem

95 3187 307 3245 dicimus
331 3186 590 3256 templum
618 3185 715 3243 Dei
756 3199 863 3243 non
907 3184 1043 3241 ﬁeri.
1068 3184 1181 3243 Nec
1207 3194 1386 3245 tamen
1424 3186 1546 3244 ideo
1573 3202 1678 3245 non

99 3278 405 3350 baptizatur,
435 3291 535 3335 nec
560 3276 679 3347 ejus
702 3291 855 3334 error
880 3275 1189 3334 immundus
1214 3276 1379 3337 efﬁcit
1398 3286 1457 3336 ut
1480 3293 1588 3337 non
1608 3280 1682 3336 sit

98 3382 327 3431 sanctum
352 3372 785 3439 Sacramentum,
811 3370 954 3442 quod
978 3372 1186 3442 accepit
1208 3373 1389 3430 verbis
1409 3375 1681 3445 evangeli-

98 3470 165 3524 cis
182 3476 554 3527 consecratum
572 3484 587 3525 :
610 3467 746 3525 sicut
774 3480 875 3523 nec
902 3465 1042 3525 illius
1061 3466 1288 3525 avaritia
1307 3482 1427 3539 qum
1452 3477 1536 3527 est
1562 3468 1680 3527 ido-

100 3562 254 3620 lorum
272 3562 530 3629 servitus,
552 3570 606 3620 et
625 3576 816 3633 magna
836 3561 1170 3620 immunditia
1194 3570 1370 3635 potest
1391 3562 1609 3622 efﬁcere
1622 3573 1683 3622 ut

100 3671 195 3715 non
232 3656 304 3717 sit
354 3665 593 3713 sanctum
636 3655 907 3726 Baptisma
968 3655 1112 3726 quod
1137 3657 1351 3728 accipit,
1377 3658 1588 3718 etiamsi
1613 3659 1683 3717 sb

102 3753 192 3810 alio
212 3768 376 3811 avaro
394 3753 645 3811 similiter
662 3768 758 3825 per
775 3753 965 3811 eadem
983 3754 1147 3812 verba
1168 3754 1482 3827 evangelica
1505 3753 1680 3827 bapti-

103 3855 250 3903 ιειιιῑ.

162 3940 384 3999 CAPUT
421 3940 487 3998 V.
526 3941 672 3996 —7.
715 3939 975 4008 Proinde,
1001 3942 1202 4014 inquit,
1236 3945 1431 4015 frustra
1469 3944 1681 4015 quidam

106 4033 181 4100 qui
216 4034 417 4088 ratione
453 4033 754 4101 vincuntur,
779 4034 1196 4090 consuetudinem
1226 4034 1371 4091 nobis
1411 4034 1678 4107 objiciunt,

107 4127 234 4194 quasi
269 4126 584 4182 consuetudo
627 4127 795 4195 major
825 4127 1282 4193 alacritatem:
1319 4128 1500 4184 ηοηίά
1525 4129 1589 4184 sit
1628 4129 1682 4184 in

107 4219 436 4289 spiritalibus
456 4219 789 4290 sequendum,
809 4220 951 4291 quod
964 4220 1021 4276 in
1042 4220 1223 4276 melius
1245 4221 1400 4294 quit
1426 4238 1461 4277 ιι
1478 4219 1682 4292 Spiritu

108 4325 261 4371 sanae
285 4313 583 4370 revelatum.
619 4314 731 4370 Hoc
757 4313 916 4383 plane
953 4320 1140 4370 Verum
1174 4322 1291 4382 est,
1328 4315 1451 4382 quia
1472 4314 1684 4372 ratiost

107 4407 283 4462 veritas
317 4403 693 4462 consuetudini
726 4404 1085 4476 praeponenda
1127 4413 1230 4461 est.
1259 4406 1369 4462 Sed
1400 4422 1522 4463 cum
1552 4422 1683 4464 con-

110 4498 361 4554 suetudini
399 4497 603 4553 veritas
627 4495 984 4568 suffragatur,
1022 4496 1156 4552 nihil
1217 4506 1432 4568 oportet
1478 4498 1682 4556 ﬁrmius

111 4590 336 4647 retineri.
360 4589 563 4646 Deinde
578 4590 836 4661 sequitur,
862 4598 917 4646 et
935 4589 1066 4646 dicit
1091 4608 1106 4645 :
1132 4589 1339 4662 Ignosci
1358 4592 1491 4646 enim
1518 4600 1680 4662 potest

112 4681 391 4752 simpliciter
417 4684 605 4737 erranti
626 4722 645 4752 ,
673 4682 805 4738 sicut
825 4683 891 4738 de
914 4699 970 4738 se
986 4684 1097 4754 ipso
1118 4684 1241 4738 dicit
1259 4685 1521 4756 apostolus
1545 4685 1682 4741 Puto

116 4771 200 4839 lus,
223 4794 243 4829 ι
273 4776 377 4844 Qui
404 4777 545 4847 prius
567 4776 645 4847 fui
671 4775 1017 4847 blasphemis,
1043 4787 1093 4832 et
1118 4786 1437 4848 persecutor,
1464 4787 1513 4833 et
1540 4779 1681 4849 inju-

115 4868 297 4937 ἠθικα
324 4870 415 4927 sed
451 4871 851 4926 misericordiam
889 4871 1083 4938 merui,
1109 4872 1230 4943 quia
1263 4871 1506 4944 ignorans
1533 4873 1631 4944 feci
1657 4891 1677 4927 ι

115 4959 153 5032 (1
177 4960 304 5018 Tim.
332 4979 374 5030 ι,
420 4961 534 5036 15).
563 4962 687 5019 Post
713 4963 1095 5035 inspirationem
1119 4979 1237 5019 vero
1257 4974 1307 5018 et
1332 4963 1685 5021 reuelationem

116 5052 301 5123 (armis,
323 5057 410 5127 qui
435 5056 491 5111 in
513 5071 573 5111 eo
599 5055 736 5129 quod
755 5064 1029 5122 erraverat,
1060 5064 1337 5127 perseuerat
1373 5056 1601 5124 prudens
1636 5065 1684 5111 et

116 5148 254 5205 aciein
270 5191 289 5220 ,
332 5150 444 5205 sine
493 5150 640 5205 venia
682 5149 986 5222 ignorantia
1028 5157 1221 5219 peccat.
1279 5146 1687 5219 Pratstnnptione

118 5242 229 5299 aura
263 5252 417 5317 atque
452 5243 790 5299 obstinatione
831 5242 1056 5315 quadam
1100 5242 1278 5298 nititur
1301 5284 1319 5311 ,
1350 5258 1466 5297 cunt
1493 5243 1687 5298 ratione

117 5347 374 5410 supersim.
419 5339 532 5394 Hoc
582 5338 921 5395 verissimum
963 5346 1078 5403 ast,
1118 5337 1279 5408 longe
1316 5336 1528 5409 gravius
1565 5350 1687 5394 esse

120 5440 372 5497 penatum
414 5432 535 5503 eius
580 5430 671 5503 qui
714 5433 912 5499 sciens,
938 5446 1098 5502 quam
1141 5431 1261 5502 ejus
1312 5431 1403 5503 qui
1441 5430 1686 5489 nesciens

121 5526 418 5591 peccaverit.
450 5524 522 5581 Et
546 5524 668 5581 ideo
691 5525 774 5580 vir
792 5531 1008 5581 sanctus
1030 5521 1351 5596 Cyprianus,
1376 5534 1484 5580 non
1512 5521 1684 5581 solum

174 5684 372 5760 ἔρωτα
811 5684 951 5751 (vel,
988 5684 1276 5753 peccatmn)
1317 5683 1498 5749 qd..."
1527 5681 1688 5734 uaris

126 5754 385 5812 W078
405 5762 500 5801 non
523 5745 779 5812 dubitaret.

182 5810 247 5878 (ἀ)
268 5819 301 5866 ιι
323 5819 560 5873 netracL,
583 5824 688 5877 cap.
716 5811 790 5864 is.

1441 272 1644 333 LIBER
1682 273 2028 349 QUARTUS.

3282 282 3386 341 168

1793 391 1981 450 doctus
2004 434 2020 461 ,
2050 392 2145 452 sed
2171 393 2331 453 etiam
2370 393 2646 462 docibilis,
2674 395 2817 469 quod
2856 397 2909 455 in
2950 396 3104 459 laude
3150 399 3386 474 episcopi

1790 501 1948 558 quem
1977 485 2222 559 designat
2247 487 2533 561 Apostolus
2579 488 2658 546 sic
2688 489 2954 547 intellexit
2980 492 3094 564 ipse
3135 492 3209 565 (II
3248 490 3383 549 Tim.

1789 594 1847 645 ιι,
1867 579 1983 651 24),
2004 589 2060 635 ιιι
2084 580 2287 637 diceret
2304 582 2453 639 etiam
2474 584 2568 640 hoc
2586 584 2638 638 in
2660 585 2898 657 episcopo
2917 603 3023 643 esse
3039 586 3379 659 diligendum,

1790 679 1965 729 utnon
1989 671 2156 729 solum
2181 674 2394 731 scienter
2417 674 2611 745 doceat,
2640 679 2727 734 sed
2752 679 2902 733 etiam
2931 680 3183 751 patienter
3218 680 3387 737 discat

1791 762 1983 838 (Epist.
2017 764 2086 821 64
2110 806 2125 832 ,
2155 764 2225 820 ad
2259 763 2620 840 Pompeium);
2644 784 2748 825 non
2782 770 2966 828 dubito
2983 772 3126 841 quod
3156 773 3200 828 si
3228 774 3385 833 istam

1788 856 2134 928 quaestionem
2166 857 2218 913 in
2248 856 2488 914 Ecclesia
2513 858 2606 914 diu
2623 859 2954 932 multumque
2976 872 3238 921 versatam
3262 880 3384 923 cum

1785 948 1915 1007 viris
1946 950 2296 1008 sanctissimis
2335 949 2765 1027 doctissimisqne
2804 962 3094 1025 tractaret,
3126 972 3226 1028 per
3249 974 3385 1030 quos

1787 1049 1972 1115 postea
2018 1041 2212 1101 factum
2257 1051 2340 1101 est
2376 1052 2438 1099 ut
2474 1043 2694 1118 antiqua
2731 1043 2819 1102 illa
2854 1049 3181 1107 consuetudo
3223 1051 3385 1107 etiam

1786 1134 2027 1208 plenario
2050 1135 2280 1193 concilio
2310 1134 2631 1208 ﬁrmaretur,
2655 1138 2772 1195 sine
2795 1138 3131 1200 dubitatione
3156 1144 3383 1203 demon-
3398 1127 3414 1148 ’

1787 1236 1982 1288 straret
2008 1244 2114 1287 non
2141 1229 2316 1289 solum
2349 1246 2505 1305 quam
2550 1230 2740 1289 doctus
2765 1242 2909 1291 esset
2946 1235 3003 1291 in
3029 1233 3113 1292 bis
3142 1253 3259 1309 quae
3296 1238 3386 1295 lir-

1787 1324 2026 1383 missima
2050 1326 2275 1383 veritate
2300 1334 2630 1399 perceperat,
2658 1342 2846 1384 verum
2866 1328 3027 1386 etiam
3047 1345 3204 1402 quam
3232 1332 3383 1389 doci-

1785 1419 1907 1479 bilis
1960 1423 2015 1475 in
2045 1419 2131 1477 his
2171 1436 2291 1493 quae
2340 1419 2520 1493 minus
2565 1421 2891 1482 adverterat.
2934 1423 3004 1480 Et
3048 1432 3225 1482 tamen
3260 1439 3382 1484 cum

1785 1511 2284 1571 manifestissimum
2307 1513 2399 1581 sit,
2430 1512 2601 1570 multo
2628 1514 2842 1585 gravius
2866 1530 3092 1588 peccare
3119 1518 3382 1576 scientem

1785 1622 1948 1681 quam
1968 1606 2332 1673 nescientem;
2357 1606 2545 1665 vellem
2573 1605 2703 1664 mihi
2724 1607 2918 1679 aliquis
2938 1608 3167 1681 diceret,
3196 1612 3239 1667 si
3265 1612 3383 1682 quis

1785 1700 1842 1757 in
1871 1700 2120 1757 hmresim
2169 1701 2439 1768 incurrat,
2473 1700 2721 1758 nesciens
2762 1713 3022 1775 quantum
3064 1704 3263 1762 malum
3288 1706 3379 1776 sit,

1784 1798 1838 1849 et
1855 1791 1991 1849 alius
2019 1790 2086 1847 ab
2111 1792 2331 1848 avaritia
2364 1806 2467 1851 non
2496 1792 2714 1850 recedat
2742 1835 2757 1858 ,
2783 1794 2959 1855 sciens
2982 1806 3240 1867 quantum
3264 1814 3380 1855 ma—

1783 1882 1894 1939 lum
1920 1883 2010 1950 sit,
2033 1883 2153 1955 quis
2181 1898 2367 1941 eorum
2408 1884 2480 1940 sit
2505 1884 2675 1956 pejor.
2705 1882 2933 1943 Possum
2963 1888 3123 1945 etiam
3151 1890 3221 1947 ita
3252 1905 3378 1961 pro-

1784 1993 2006 2053 ponere,
2029 1976 2086 2034 Si
2115 1977 2249 2033 alius
2275 1978 2523 2037 nesciens
2550 1976 2604 2034 in
2631 1977 2881 2035 haeresim
2908 1980 3095 2049 irruat,
3118 1990 3174 2037 et
3202 1984 3379 2039 sciens

1781 2069 1920 2127 alius
1947 2068 2015 2125 ab
2045 2068 2338 2125 idololatria
2364 2085 2471 2125 non
2493 2069 2730 2137 recedat,
2761 2071 2885 2141 quia
2907 2080 2962 2128 et
2981 2072 3270 2144 Apostolus
3296 2073 3378 2130 di-

1782 2165 1875 2229 cit,
1901 2163 2129 2221 Avaritia
2156 2179 2270 2235 que:
2292 2173 2363 2218 est
2387 2162 2640 2220 idolorum
2667 2166 2878 2221 servitus
2900 2182 2919 2220 :
2940 2174 2993 2223 et
3022 2166 3135 2237 ipse
3155 2166 3379 2240 Cypria-

1782 2274 1884 2315 nus
1915 2258 2160 2315 eamdem
2195 2258 2514 2315 senteutiam
2560 2273 2666 2314 non
2714 2258 2872 2319 aliter
2911 2259 3208 2325 intellexit,
3240 2262 3381 2318 sicut

1783 2351 1914 2418 dixi,
1944 2352 2013 2407 ad
2036 2351 2397 2407 Antonianum
2425 2350 2668 2407 scribens
2690 2392 2704 2415 ,
2739 2350 2831 2406 ubi
2857 2350 2933 2407 ait
2961 2350 3150 2422 (Epist.
3180 2353 3281 2420 55,
3310 2353 3380 2409 ad

1782 2445 2177 2519 Antonianum),
2203 2442 2314 2500 Nec
2340 2444 2435 2501 sibi
2456 2445 2572 2499 novi
2594 2444 2648 2499 in
2668 2442 2762 2499 hoc
2787 2441 3007 2501 haeretici
3027 2442 3376 2515 blandiantur,

1781 2538 1917 2612 quod
1949 2554 2005 2595 se
2049 2537 2222 2595 dicunt
2261 2535 2550 2593 idololatris
2589 2552 2691 2591 non
2734 2551 3140 2606 communtcare;
3174 2538 3379 2608 quando

1779 2631 1884 2689 sint
1915 2638 1962 2687 et
1985 2629 2125 2702 apud
2168 2629 2286 2685 illos
2312 2627 2563 2695 adulteri,
2588 2636 2635 2683 et
2660 2628 2980 2700 fraudatores
3005 2629 3091 2700 qui
3118 2637 3380 2687 teneantur

1780 2722 2091 2779 idololatria:
2134 2720 2362 2777 crimine.
2401 2738 2420 2771 ι
2452 2717 2572 2775 Hoc
2619 2720 2753 2775 enim
2791 2720 2964 2775 scitote
3000 2720 3373 2794 intelligentes,

1781 2816 1903 2887 quia
1927 2814 2105 2869 omnis
2136 2811 2447 2887 fornicator,
2477 2818 2566 2867 aut
2604 2811 2931 2878 immundus,
2952 2820 3044 2869 aut
3085 2813 3375 2885 fraudator,

1781 2909 1917 2981 quod
1952 2917 2025 2965 est
2066 2907 2379 2976 idololatra,
2410 2922 2512 2962 non
2554 2905 2702 2962 habet
2739 2906 3085 2963 hmreditatem
3123 2907 3178 2963 in
3223 2924 3379 2982 regno

1783 3001 1969 3060 Christi
1992 3008 2038 3056 et
2062 2999 2155 3057 Dei
2181 2998 2428 3072 i(Eplies.
2456 3013 2513 3064 γ,
2535 2996 2591 3073 5)
2620 3011 2637 3055 1
2680 3006 2727 3053 et
2769 2998 2988 3067 iterum,
3018 3016 3037 3050 ι
3074 2996 3382 3072 Mortiﬁcate

1782 3096 1951 3165 itaque
1964 3093 2185 3149 membra
2205 3101 2366 3149 vestra
2395 3107 2511 3165 qua:
2533 3099 2649 3151 sunt
2675 3107 2825 3164 super
2842 3100 3025 3147 terram
3041 3108 3062 3159 ;
3078 3091 3378 3165 fornicatio-

1782 3204 1918 3257 nem,
1938 3186 2315 3241 immunditiam
2345 3192 2393 3239 et
2429 3181 2885 3255 concupiscentiam
2920 3183 3139 3248 malam,
3168 3190 3215 3239 et
3258 3199 3378 3239 ava-

1782 3282 1954 3337 ritiam
1975 3297 2089 3352 qum
2109 3289 2181 3337 est
2198 3280 2450 3335 idolorum
2464 3279 2705 3335 servitus»
2741 3276 2956 3351 (Coloss.
2976 3294 3055 3345 ιιι,
3082 3277 3158 3347 5).
3184 3277 3378 3347 Qumro

1782 3389 1913 3446 ergo
1941 3375 2060 3449 quis
2088 3381 2274 3446 peccet
2293 3372 2531 3444 gravius,
2557 3370 2647 3443 qui
2672 3370 2917 3427 nesciens
2948 3369 3002 3424 in
3029 3369 3273 3426 haeresim
3299 3371 3378 3426 in-

1782 3466 2044 3537 currerit,
2067 3480 2136 3521 an
2169 3464 2260 3537 qui
2288 3462 2465 3521 sciens
2492 3462 2560 3518 ab
2583 3460 2826 3528 avaritia,
2856 3459 2908 3516 id
2939 3467 3043 3527 est,
3069 3457 3136 3515 ab
3158 3459 3379 3519 idolola-

1784 3563 1887 3621 tria
1906 3575 2011 3617 non
2035 3557 2363 3617 recesserit?
2392 3555 2697 3615 Secundum
2717 3554 2933 3629 quidem
2961 3554 3109 3613 illam
3139 3555 3377 3627 regulam

1784 3668 1888 3728 qua
1924 3660 2141 3725 peccata
2179 3649 2459 3709 scientium
2503 3648 2737 3721 peccatis
2773 3646 3129 3727 ignorantium
3164 3662 3375 3719 pracpo-

1782 3756 2007 3814 nuntur,
2036 3761 2230 3803 avarus
2253 3759 2374 3803 cum
2415 3743 2637 3801 scientia
2662 3743 2828 3801 vincit
2853 3743 2907 3800 in
2933 3741 3156 3801 scelere.
3180 3740 3286 3800 Sed
3310 3758 3378 3800 ne

1782 3839 1925 3898 forte
1951 3837 2055 3895 hoc
2096 3836 2258 3895 faciat
2284 3836 2339 3893 in
2379 3834 2572 3892 haeresi
2598 3834 2821 3893 sceleris
2850 3833 3020 3906 ipsius
3044 3832 3376 3909 magnitudo,

1782 3932 1928 4006 quod
1970 3931 2101 3991 facit
2137 3931 2192 3987 in
2231 3928 2465 3986 avaritia.
2502 3927 2724 3987 scientis
2769 3925 3026 3984 admissio
3050 3968 3068 3995 ,
3095 3926 3377 3985 haereticus

1785 4025 2031 4083 nesciens
2071 4036 2233 4079 avaro
2276 4020 2466 4078 scienti
2508 4028 2816 4091 corequetur
2864 4038 2878 4077 :
2923 4034 3225 4093 quanquam
3269 4034 3377 4079 non

1783 4119 1887 4177 hoc
1929 4117 2172 4174 videatur
2209 4113 2493 4171 ostendere
2542 4113 2939 4183 testimonium,
2980 4111 3121 4191 quod
3156 4113 3272 4184 ipse
3311 4127 3377 4169 ex

1781 4212 2045 4290 Apostolo
2072 4209 2268 4285 posuit.
2298 4208 2437 4277 Quid
2465 4207 2608 4267 enim
2631 4208 2683 4262 in
2714 4205 2979 4263 haereticis
3006 4206 3105 4263 nisi
3129 4205 3378 4275 blasphe-

1783 4307 1923 4363 mias
1948 4301 2320 4361 detestamur?
2344 4299 2549 4357 Volens
2583 4308 2762 4357 autem
2793 4297 3164 4355 demonstrare
3189 4294 3257 4350 ad
3294 4294 3375 4349 la-

1786 4397 2042 4455 cilitatem
2068 4392 2239 4449 venia:
2264 4389 2617 4463 ignorantiam
2646 4388 2913 4458 pertinere
2933 4387 3140 4459 peccati
3172 4386 3187 4417 ¹
3222 4385 3377 4441 testi-

1783 4490 2025 4548 monium
2069 4485 2248 4559 posuit
2298 4499 2368 4541 ex
2418 4481 2679 4555 Apostolo
2713 4479 2807 4537 ubi
2841 4480 2948 4548 ait,
2980 4478 3081 4547 Qui
3115 4478 3257 4551 prius
3299 4479 3377 4548 fui

1785 4584 2130 4656 blasphemus,
2153 4589 2201 4636 et
2225 4584 2536 4650 persecutor,
2556 4585 2601 4633 et
2628 4575 2908 4648 injuriosus
2929 4591 2950 4642 ;
2975 4572 3065 4628 sed
3086 4572 3377 4626 misericor-

1785 4675 1925 4731 diam
1945 4680 2243 4729 consecutus
2268 4685 2401 4734 sum,
2427 4669 2547 4740 quia
2572 4669 2813 4743 ignorans
2832 4666 2929 4736 Ieci
2959 4665 3001 4738 (l
3034 4663 3164 4719 Tim.
3198 4663 3374 4735 1,13).

1786 4766 1893 4825 Sed
1919 4766 1965 4823 si
1993 4772 2256 4837 possunt,
2284 4770 2345 4816 ut
2361 4760 2501 4828 dixi,
2531 4761 2807 4816 amborum
2843 4765 3059 4829 peccata
3098 4755 3379 4827 aequaliter

1785 4857 2174 4932 appendantur,
2196 4854 2491 4929 ignorantis
2505 4851 2858 4921 blasphemia,
2886 4862 2941 4907 et
2961 4848 3178 4907 scientis
3204 4848 3376 4904 idolo-

1788 4954 1972 5019 latria;
2010 4960 2066 5010 et
2095 4949 2284 5009 eadem
2323 4947 2586 5005 sententia
2616 4945 2958 5017 judicentnr.
2988 4945 3079 5000 ille
3111 4942 3199 5019 qui
3224 4941 3379 4998 Chri-

1789 5057 1934 5107 stum
1967 5042 2260 5118 quazrendo
2301 5042 2357 5098 in
2389 5038 2732 5099 verisimilem
2776 5052 3084 5094 sermonem
3134 5035 3379 5091 falsitatis

1790 5139 2045 5204 incurrit,
2070 5145 2125 5194 et
2156 5136 2247 5193 ille
2294 5135 2385 5209 qui
2428 5132 2605 5191 sciens
2644 5131 2860 5191 Christo
2897 5131 3098 5189 resistit
3139 5129 3378 5201 loquenti

1790 5248 1886 5305 per
1928 5230 2248 5303 "Apostolum
2268 5268 2285 5296 ,
2320 5225 2573 5294 Quoniam
2602 5225 2766 5283 omnis
2803 5223 3083 5301 fornicator
3112 5264 3128 5291 ,
3151 5233 3235 5281 aut
3278 5222 3379 5277 im-

1790 5327 2012 5384 mundus
2034 5367 2052 5394 ,
2084 5333 2172 5380 aut
2197 5338 2381 5380 avarus
2401 5364 2417 5388 ,
2441 5321 2576 5394 quod
2611 5329 2684 5376 est
2713 5318 2969 5377 idolorum
3013 5318 3221 5377 servitus
3241 5358 3256 5385 ,
3280 5332 3384 5375 non

1792 5421 1941 5477 habet
1987 5417 2328 5475 hareditatem
2356 5414 2411 5471 in
2444 5430 2600 5488 regno
2629 5412 2815 5469 Christi
2841 5420 2887 5471 et
2911 5410 3005 5469 Dei
3033 5427 3052 5469 .'
3076 5425 3171 5469 cur
3211 5409 3261 5468 in
3294 5407 3384 5462 illo

1793 5513 2099 5586 Baptismus
2131 5518 2186 5566 et
2223 5505 2531 5580 evangelica
2562 5504 2725 5563 verba
2755 5502 3127 5579 improbantur
3150 5540 3166 5571 ,
3196 5500 3249 5555 in
3282 5499 3385 5553 isto

1793 5616 1972 5666 autem
2010 5600 2415 5674 approbantur;
2440 5613 2563 5658 cum
2598 5597 2667 5655 ab
2704 5597 2810 5655 illis
2835 5594 3097 5656 columba:
3126 5590 3383 5656 membris

1795 5744 2008 5859 caltam.
2053 5743 2127 5789 Er.
2170 5742 2223 5789 et
2246 5736 2440 5803 quidam
2481 5743 2607 5796 Mss,
2644 5730 2975 5799 ignorantiam
3004 5729 3245 5795 perlitare
3283 5742 3390 5797 pes-
