3796 6148
455 266 560 325 159

454 395 679 458 uterque
702 385 1003 443 inveniatur
1030 384 1270 441 alienus?
1297 385 1380 440 An
1406 385 1528 456 quia
1558 384 1646 441 ille
1672 383 1803 440 loris
1822 394 2043 454 apertus

457 478 691 550 litigator
733 489 845 546 est,
878 493 945 534 ne
972 477 1395 544 intromittatur;
1423 477 1526 532 iste
1566 491 1694 532 vero
1723 477 1864 532 intus
1889 475 2042 532 calli-

453 570 554 626 dus
577 581 899 637 assentator,
933 586 1001 627 ne
1025 571 1166 626 foras
1193 570 1550 643 projiciatur?

520 659 746 718 CAPUT
788 661 871 717 Vl.
898 691 971 702 —
993 659 1046 718 8.
1075 661 1230 732 Quod
1257 671 1437 718 autem
1479 662 1583 729 ait,
1618 659 1728 716 Nec
1775 662 2044 732 quisquam

449 757 616 822 dicat,
646 755 799 823 Quod
844 756 1128 826 accepimus
1172 755 1235 809 ab
1281 754 1561 826 Apostolis,
1604 754 1698 809 hoc
1743 754 1997 823 sequimur
2020 770 2040 808 :

449 849 653 919 quando
679 849 908 921 Apostoli
949 848 1151 904 nonnisi
1177 865 1332 903 unam
1370 847 1652 903 Ecclesium
1675 847 1994 902 tradiderunt
2019 889 2036 917 ,

445 951 493 996 et
512 940 777 1015 Baptisma
804 957 961 996 unum
983 981 999 1008 ,
1027 941 1163 1011 quod
1189 941 1390 996 nonnisi
1414 941 1466 995 in
1491 940 1669 996 cadent
1707 939 1936 996 Ecclesia
1964 940 2030 994 sit

446 1041 772 1096 constitutum
794 1054 814 1094 :
847 1054 953 1095 non
991 1053 1080 1095 me
1123 1047 1327 1094 tantum
1366 1049 1578 1103 movet,
1610 1046 1668 1092 ut
1703 1037 2035 1107 Baptismum

445 1131 643 1189 Christi
678 1133 840 1189 etiam
877 1131 1018 1204 apud
1048 1131 1330 1189 haereticos
1363 1131 1642 1187 inventum
1672 1129 1898 1186 audeam
1943 1144 2034 1186 re-

447 1226 673 1297 probare
712 1224 873 1298 (sicut
905 1225 1066 1281 etiam
1103 1224 1277 1295 ipsum
1317 1223 1704 1294 Evangelium,
1733 1236 1854 1278 cum
1889 1219 2034 1291 apud

443 1332 539 1373 eos
570 1318 786 1373 invenio
810 1360 826 1386 ,
856 1331 1080 1374 necesse
1115 1324 1276 1372 estut
1311 1317 1601 1386 approbem
1626 1356 1641 1382 ,
1663 1313 1906 1386 quamvis
1933 1329 2030 1369 eo-

441 1425 561 1465 rum
598 1411 834 1467 detester
880 1408 1185 1481 errorem),
1233 1417 1489 1480 quantum
1537 1407 1830 1475 admonet,
1861 1405 2032 1463 fuisse

442 1502 701 1573 quosdam
728 1504 890 1560 etiam
917 1503 1086 1559 sancti
1114 1502 1365 1575 Cypriani
1395 1502 1748 1572 temporibus,
1776 1501 1868 1573 qui
1898 1516 2030 1556 con-

439 1596 778 1653 suetudinem
810 1596 957 1652 illam
995 1606 1180 1652 contra
1206 1610 1368 1668 quam
1401 1594 1599 1651 ﬁebant
1627 1594 1874 1650 Africana
1899 1608 2032 1649 con-

437 1686 582 1753 cilia,
610 1687 679 1743 de
703 1702 807 1758 qua
833 1696 888 1744 et
909 1687 1023 1758 ipse
1047 1687 1205 1759 paulo
1229 1696 1353 1743 ante
1374 1687 1544 1754 dixit,
1573 1685 1792 1741 Frustra
1820 1686 2029 1759 quidam

436 1781 523 1849 qui
549 1781 745 1835 ratione
773 1781 1075 1848 vincuntur,
1105 1780 1515 1836 consuetudinem
1555 1780 1702 1835 nobis
1740 1790 2025 1851 apponunt,

435 1869 676 1928 dicerent
698 1873 769 1930 ab
792 1873 1063 1944 Apostolis
1085 1873 1353 1929 traditam.
1376 1873 1485 1931 Nec
1505 1873 1720 1930 invenio
1747 1889 1845 1930 cur
1871 1875 2027 1930 istam

438 1965 879 2022 consuetudinem
899 2009 916 2035 ,
944 1982 1064 2038 quae
1096 1975 1215 2039 post
1245 1964 1568 2039 Cyprianum
1600 1968 1760 2024 etiam
1785 1968 2027 2038 plenario

437 2057 598 2112 totius
645 2058 793 2114 orbis
831 2059 1061 2115 concilio
1105 2059 1420 2115 conﬁrmata
1450 2069 1552 2127 est,
1605 2070 1712 2115 tam
1751 2061 2026 2116 robustam

431 2158 488 2207 et
513 2160 669 2207 antea
695 2151 837 2208 idem
875 2152 1173 2224 Cyprianus
1199 2153 1499 2222 invenerit,
1533 2161 1592 2209 ut
1617 2167 1739 2210 cum
1774 2154 1892 2224 ejus
1913 2169 2021 2208 mu-

431 2241 608 2297 laudae
633 2244 1006 2300 auctoritatem
1029 2260 1190 2316 quam
1224 2255 1542 2317 sequeretur
1568 2247 1650 2302 vir
1678 2255 1822 2302 tanta
1848 2248 2026 2302 scien-

433 2332 506 2388 tia
533 2332 784 2403 praaditus
815 2345 1109 2407 quaereret,
1137 2337 1349 2393 nonnisi
1379 2338 1432 2394 in
1463 2337 1642 2393 Africa
1681 2339 1794 2394 sola
1822 2338 2022 2395 factum

433 2425 616 2498 paucis
656 2436 781 2483 ante
805 2442 864 2484 se
903 2429 1058 2484 anuis
1096 2429 1374 2501 Agrippini
1413 2431 1699 2487 concilium
1733 2433 2018 2503 reperiret.

432 2517 587 2585 Quod
611 2532 734 2575 cum
758 2518 860 2575 sibi
880 2519 1136 2576 adversus
1159 2521 1320 2578 totius
1358 2523 1506 2577 orbis
1531 2538 1736 2578 morem
1776 2538 1880 2578 non
1912 2522 2024 2579 suf-

435 2609 596 2666 ﬁcere
615 2621 880 2679 cerneret,
914 2611 1011 2668 has
1037 2617 1275 2669 rationes
1302 2613 1547 2684 arripuit,
1573 2629 1709 2685 quas
1734 2614 1896 2670 modo
1921 2629 2022 2672 nos

431 2702 746 2774 antiquitate
795 2703 963 2774 ipsius
1004 2705 1436 2773 consuetudinis,
1481 2716 1536 2762 et
1577 2707 1800 2778 plenarii
1835 2717 2022 2779 postea

429 2793 643 2850 concilii
667 2795 982 2852 auctoritate
1008 2796 1228 2864 ﬁrmati,
1260 2797 1567 2869 diligentius
1588 2799 2017 2868 considerantes,

428 2888 746 2945 verisimiles
790 2890 967 2960 potius
992 2906 1152 2962 quam
1181 2906 1339 2948 veras
1376 2906 1497 2948 esse
1527 2893 1824 2950 invenimus
1856 2911 1867 2948 :
1899 2909 2020 2965 quae

430 2983 506 3038 illi
539 2999 682 3039 vera:
708 2985 836 3040 visae
865 2995 992 3041 sunt
1035 2986 1088 3041 in
1114 2985 1499 3042 obscurissima
1542 2988 1840 3058 quaestione
1872 2987 2021 3044 labo-

429 3077 590 3144 ranti,
621 3085 678 3132 et
701 3077 770 3133 de
797 3079 1114 3136 remissione
1143 3089 1483 3152 peccatorum
1509 3079 1809 3149 ﬂuctuanti,
1842 3090 2019 3138 utrum

429 3167 483 3222 in
510 3167 783 3239 Baptismo
807 3169 1004 3226 Christi
1031 3172 1199 3242 possit
1237 3187 1343 3228 non
1370 3172 1522 3241 ﬁeri,
1548 3183 1604 3229 et
1630 3183 1806 3229 utrum
1852 3175 2020 3245 possit

429 3261 570 3332 apud
593 3261 872 3319 haereticos
909 3264 1022 3320 ﬁeri
1049 3283 1062 3318 :
1090 3265 1178 3320 ubi
1209 3265 1253 3320 si
1293 3265 1468 3322 minus
1493 3265 1544 3322 ei
1576 3266 1775 3338 aliquid
1815 3268 2019 3322 revela-

431 3361 545 3409 tum
571 3362 691 3421 est,
723 3363 784 3410 ut
817 3355 1125 3427 magnitudo
1161 3356 1438 3413 charitatis
1475 3357 1592 3428 ejus
1627 3373 1732 3429 qua
1759 3357 2017 3416 unitatem

429 3459 537 3501 non
575 3445 814 3503 deseruit
855 3447 1200 3518 probaretur,
1237 3464 1344 3504 non
1382 3449 1503 3506 ideo
1537 3451 1817 3522 quisquam
1855 3454 2016 3510 tantis

427 3539 545 3610 ejus
566 3539 914 3596 ﬁrmamentis
948 3541 1265 3612 meritisque
1294 3541 1549 3597 virtutum
1578 3551 1632 3597 et
1662 3552 1822 3598 tantze
1847 3545 2017 3615 copiae

425 3632 714 3702 gratiarum
736 3632 895 3688 debet
916 3649 976 3688 se
994 3633 1194 3689 audere
1220 3649 1558 3705 praeponere,
1586 3636 1709 3706 quia
1736 3639 2015 3693 universa-

425 3722 493 3778 lis
535 3723 752 3779 concilii
789 3723 1096 3780 admonitus
1136 3725 1417 3791 ﬁrmitate,
1457 3725 1602 3782 videt
1630 3726 1826 3797 aliquid
1873 3728 2015 3798 quod

425 3814 518 3870 ille
547 3829 652 3869 non
693 3815 854 3878 vidit,
888 3817 1014 3886 quia
1053 3816 1351 3886 plenarium
1392 3817 1460 3873 de
1504 3817 1603 3873 hac
1631 3834 1689 3874 re
1729 3819 2014 3875 concilium

428 3907 663 3963 nondum
714 3908 942 3964 habebat
969 3909 1228 3965 Ecclesia.
1276 3911 1425 3967 Sicut
1458 3926 1558 3968 nec
1603 3912 1745 3968 Petri
1785 3913 2013 3985 apostoli

427 4002 633 4057 meritis
677 4004 956 4074 quisquam
1011 4014 1118 4059 tam
1163 4004 1383 4060 insanus
1410 4015 1497 4061 est
1533 4014 1590 4061 ut
1632 4021 1691 4062 se
1716 4017 2010 4077 pneponat,

426 4095 548 4168 quia
601 4097 747 4152 Pauli
786 4099 1012 4168 apostoli
1054 4098 1274 4155 edoctus
1309 4099 1559 4166 Litteris,
1612 4107 1667 4155 et
1710 4099 1877 4170 ipsius
1901 4100 2014 4171 jam

427 4189 684 4247 Ecclesiae
723 4193 1108 4249 consuetudine
1149 4194 1428 4250 roboratus
1451 4235 1467 4262 ,
1499 4210 1605 4251 non
1633 4196 1774 4266 cogit
1814 4196 2013 4252 Gentes

343 4277 353 4284 ’
418 4285 707 4358 jldaizare,
762 4288 904 4360 quod
957 4288 1146 4345 Petrus
1195 4289 1479 4360 aliquando
1529 4300 1775 4362 coegerat
1814 4289 2010 4366 (Galat.

420 4395 482 4449 ιι,
507 4380 618 4453 η).

494 4475 549 4530 9.
569 4473 681 4529 Non
694 4489 823 4546 ergo
833 4474 1113 4529 invenimus
1127 4473 1188 4527 ab
1216 4474 1468 4545 Apostolis
1479 4475 1716 4545 aliquem,
1731 4490 1846 4528 cum
1869 4474 2010 4544 apud

419 4569 679 4624 ltwreticos
707 4569 991 4640 baptizatus
1015 4578 1158 4631 esset,
1190 4569 1240 4621 in
1268 4567 1440 4622 eodem
1459 4567 1717 4638 Baptismo
1733 4567 2010 4622 admissum

417 4677 527 4716 esse
551 4669 599 4714 et
638 4661 1054 4715 communicasse.
1101 4657 1205 4714 Sed
1253 4674 1427 4730 neque
1457 4659 1559 4712 hoc
1590 4658 1913 4726 invenimus,
1939 4658 2009 4714 ab

423 4751 688 4808 hatreticis
721 4753 952 4824 aliquem
997 4751 1304 4806 venientem
1326 4793 1341 4818 ,
1374 4751 1466 4822 qui
1505 4751 1645 4822 apud
1674 4751 1796 4806 illos
1849 4751 2011 4806 fuerit

421 4843 740 4913 baptizatus,
764 4843 832 4897 ab
867 4842 1137 4912 Apostolis
1183 4840 1360 4897 denuo
1397 4840 1744 4913 baptizatum.
1789 4841 1893 4897 Sed
1916 4841 2007 4896 illa

418 4933 767 5001 consuetudo,
797 4949 956 5005 quam
977 4935 1135 4990 etiam
1167 4942 1293 4989 tunc
1322 4933 1567 4989 homines
1589 4949 1797 4988 sursum
1820 4948 2008 4989 versus

419 5027 769 5096 respicientes
792 5040 900 5082 non
927 5026 1176 5083 videbant
1203 5041 1232 5081 a
1261 5027 1646 5098 posterioribus
1687 5027 2004 5094 institutam,

421 5127 568 5174 recte
610 5119 679 5173 ab
725 5119 997 5190 Apostolis
1038 5120 1228 5177 tradita
1271 5119 1528 5176 creditur.
1555 5119 1624 5174 Et
1668 5119 1795 5173 talia
1841 5120 2008 5174 multa

420 5219 566 5279 sunt,
595 5225 714 5282 quae
760 5211 975 5283 longum
1015 5222 1099 5268 est
1145 5222 1413 5283 repetere.
1462 5210 1799 5281 Quapropter
1827 5212 2006 5266 sinon

420 5304 556 5362 nihil
599 5303 883 5374 dicebant,
916 5306 1108 5376 quibus
1144 5305 1197 5360 id
1222 5303 1368 5376 quod
1393 5305 1441 5360 ei
1469 5305 1642 5359 visum
1682 5316 1763 5359 εει
1783 5346 1796 5369 ,
1827 5304 2009 5359 volens

417 5397 748 5472 persuadere
773 5397 1076 5470 Cyprianus
1094 5439 1109 5463 ,
1139 5397 1233 5464 ait,
1259 5395 1339 5451 Ne
1367 5397 1629 5468 quisquam
1656 5396 1826 5460 dicat,
1858 5395 2010 5462 Quod

421 5493 707 5566 accepimus
745 5490 807 5547 ab
849 5490 1105 5563 Apostolis
1122 5530 1140 5557 ,
1166 5489 1261 5544 hoc
1281 5489 1538 5561 sequimur
1566 5504 1585 5543 :
1613 5495 1813 5559 quanto
1843 5486 2008 5543 robu-

421 5587 554 5643 stius
575 5599 718 5642 nunc
741 5583 968 5640 dicimus
986 5624 1002 5648 ,
1033 5579 1186 5651 Quod
1211 5579 1466 5636 Ecclesiae
1501 5577 1836 5636 consuetudo
1860 5591 2008 5635 sem-

421 5697 520 5754 per
547 5683 734 5748 tenuit,
758 5678 908 5752 quod
940 5675 1056 5734 haec
1089 5675 1378 5749 disputatio
1420 5673 1729 5731 dissuadere
1771 5689 1879 5729 non
1910 5687 2009 5745 po-

423 5764 524 5833 tuit
545 5817 558 5843 ,
589 5784 644 5833 et
669 5773 812 5846 quod
833 5771 1126 5844 plenarium
1178 5767 1461 5826 concilium
1506 5766 1873 5836 conﬁrmavit,
1907 5765 2008 5822 hoc

1225 267 1315 322 DE
1354 265 1690 323 BAPTISMO
1727 265 2002 322 CONTRA
2045 265 2487 335 DONATISTAS,
2528 271 2583 327 S.
2627 273 2998 331 AUGUSTINI

3663 273 3773 368 ηοξ

2157 387 2465 456 sequimur?
2509 388 2624 444 Huc
2665 390 2909 457 accedit,
2954 395 3097 466 quod
3154 395 3290 453 bene
3339 400 3650 469 perspectis
3695 411 3773 469 esi

2156 489 2380 552 utroque
2421 483 2588 539 latere
2627 461 3003 556 disputationis
3038 461 3417 547 rationibus'et
3443 461 3757 563 Scriptura-

2151 591 2270 631 rum
2298 577 2639 646 testimoniis,
2672 588 2850 650 potest
2883 585 3044 636 etiam
3068 580 3205 649 dici,
3231 581 3386 651 Quod
3421 585 3633 641 veritas
3662 585 3752 642 de-

2150 668 2392 736 claravit,
2425 672 2528 727 hoc
2554 672 2851 743 sequimur.

2221 761 2446 820 CAPUT
2473 763 2582 818 Vll.
2609 795 2681 805 —
2710 765 2798 821 10.
2824 765 2955 821 Nam
2983 782 3170 824 revera
3200 769 3329 825 illud
3358 772 3505 842 quod
3532 774 3745 843 quidam

2147 853 2396 926 Cypriani
2424 855 2872 929 disputationibus
2899 863 3259 932 opponebam,
3283 865 3427 935 quod
3453 868 3747 937 Apostolus

2145 947 2240 1015 ait,
2281 945 2638 1006 Verumtamen
2665 953 2804 1007 omni
2829 953 2980 1008 modo
2998 995 3014 1022 ,
3040 954 3144 1009 sive
3168 972 3257 1026 per
3275 958 3622 1023 occasionem,
3653 962 3747 1015 sive

2144 1057 2235 1112 per
2279 1042 2535 1098 veritatem
2586 1041 2815 1101 Christus
2867 1048 3190 1102 annuntietur
3235 1047 3497 1120 (Philipp.
3537 1067 3579 1118 ι,
3630 1052 3736 1121 18),

2142 1144 2290 1192 recte
2317 1135 2615 1209 Cyprianus
2642 1138 2870 1205 refellit,
2897 1141 3189 1198 ostendens
3217 1141 3285 1198 ad
3315 1158 3537 1200 causam
3566 1144 3739 1200 haere-

2141 1227 2368 1284 ticorum
2394 1245 2500 1284 non
2527 1231 2831 1300 pertinere;
2861 1233 3111 1303 quoniam
3142 1233 3210 1290 de
3237 1235 3318 1291 his
3344 1235 3564 1291 dicebat
3593 1239 3736 1306 Apo-

2140 1319 2338 1387 stolus,
2373 1321 2464 1390 qui
2488 1337 2610 1378 cum
2637 1323 2899 1379 malevola
2931 1325 3124 1380 invidia
3146 1367 3162 1392 ,
3188 1342 3283 1382 sua
3314 1339 3627 1398 quaerentes
3657 1330 3735 1384 in-

2139 1412 2308 1468 terius
2332 1415 2687 1470 versabantur
2714 1433 2728 1474 :
2757 1413 3028 1473 Christum
3056 1418 3269 1489 quidem
3297 1422 3694 1477 annuntiabant
3716 1465 3731 1489 ,

2139 1506 2278 1562 sicut
2301 1522 2360 1562 se
2389 1506 2550 1563 habet
2573 1510 2771 1564 veritas
2801 1525 2902 1581 qua
2929 1509 3144 1567 Christo
3167 1511 3438 1569 credimus
3459 1555 3475 1582 ,
3498 1514 3598 1570 sed
3628 1531 3731 1570 non

2138 1614 2205 1654 eo
2243 1601 2424 1655 animo
2470 1615 2578 1671 quo
2612 1617 2642 1657 a
2691 1602 2848 1658 bonis
2894 1605 3238 1674 evangelistis
3283 1605 3426 1662 illius
3467 1608 3730 1664 columba:

2136 1691 2262 1746 ﬁliis
2287 1693 2717 1749 annuntiabatur.
2753 1692 2932 1765 Neque
2955 1697 3087 1750 enim
3119 1695 3183 1751 de
3211 1697 3479 1762 hwreticis,
3516 1699 3689 1770 inquit
3714 1741 3728 1761 ,

2135 1793 2225 1837 aut
2249 1783 2314 1837 de
2339 1800 2510 1838 eorum
2533 1783 2796 1855 Baptismo
2818 1788 3111 1858 loquebatur
3125 1789 3179 1842 in
3206 1786 3441 1860 Epistola
3464 1807 3560 1845 sua
3593 1791 3728 1845 Pau-

2135 1873 2214 1928 lus
2238 1917 2252 1942 ,
2286 1885 2340 1928 ut
2380 1876 2574 1947 aliquid
2615 1878 2750 1948 quod
2797 1879 2866 1932 ad
2903 1879 3032 1933 hanc
3076 1896 3183 1934 rem
3228 1882 3472 1950 pertineat
3505 1885 3730 1953 posuisse

2133 1965 2446 2022 ostendatur.
2503 1967 2826 2039 Loquebatur
2879 1970 2942 2024 de
2988 1970 3229 2042 fratribus
3282 1973 3386 2026 sive
3441 1974 3727 2029 inordinate

2134 2067 2183 2113 et
2205 2071 2382 2114 contra
2411 2048 2800 2116 ecclesiasticam
2823 2062 3148 2133 disciplinam
3181 2063 3558 2121 ambulantibus
3585 2109 3599 2131 ,
3630 2069 3727 2121 sive

2132 2153 2468 2224 evangelicum
2533 2154 2787 2208 veritatem
2857 2154 2921 2208 de
2984 2153 3084 2210 Dei
3149 2157 3327 2211 timore
3389 2159 3720 2213 servantibus.

2133 2240 2200 2296 Et
2237 2244 2481 2313 quosdam
2514 2261 2578 2299 ex
2615 2245 2688 2300 eis
2729 2245 2896 2316 posuit
2937 2245 3140 2301 verbum
3183 2246 3279 2302 Dei
3310 2259 3600 2304 constanter
3652 2262 3724 2304 at-

2129 2349 2226 2402 que
2271 2335 2519 2405 intrepide
2567 2336 2759 2391 locutos
2791 2379 2806 2404 ,
2851 2337 3096 2408 quosdam
3147 2355 3266 2393 vero
3321 2340 3379 2394 in
3433 2341 3629 2395 invidia
3678 2353 3722 2397 et

2130 2425 2442 2482 dissensione
2521 2437 2788 2492 versatos;
2850 2428 3096 2495 quosdam
3171 2446 3394 2486 servasse
3463 2433 3604 2487 circa
3674 2452 3721 2488 se

2129 2517 2416 2572 benevolum
2475 2519 2772 2576 charitatem
2811 2562 2827 2589 ,
2890 2522 3021 2576 alios
3073 2539 3190 2578 vero
3259 2524 3492 2581 habuisse
3561 2529 3720 2582 ntale-

2128 2610 2298 2664 volam
2323 2611 2682 2666 dissensionem
2705 2629 2723 2666 :
2747 2613 2836 2668 sed
2874 2622 3040 2668 tamen
3065 2616 3235 2669 omnia
3260 2632 3316 2671 se
3341 2619 3592 2687 patienter
3611 2636 3721 2673 sus-

2130 2700 2316 2768 tinere,
2361 2701 2637 2757 dummodo
2675 2705 2778 2758 sive
2812 2705 2864 2758 in
2892 2705 3128 2774 veritate,
3160 2706 3264 2762 sive
3291 2725 3383 2777 per
3409 2712 3718 2766 occasionem

2128 2811 2307 2850 nomen
2325 2794 2530 2862 Christi,
2553 2797 2687 2867 quod
2713 2796 2908 2853 Paulus
2934 2799 3263 2869 praedicabat,
3289 2801 3359 2856 ad
3386 2802 3717 2871 plurimorum

2127 2887 2358 2940 notitiam
2379 2889 2681 2960 perveniret,
2705 2899 2750 2943 et
2777 2907 2906 2944 nova
2927 2891 3097 2945 adhuc
3121 2908 3182 2946 ac
3202 2893 3344 2948 rudis
3368 2897 3616 2950 sermonis
3639 2913 3715 2950 se—

2126 2977 2335 3033 minatio
2390 2978 2701 3050 loquentium
2753 2982 3112 3051 praedicatione
3155 2984 3505 3040 crebresceret.
3554 2986 3713 3042 Porro

2126 3070 2268 3124 aliud
2292 3080 2364 3125 est
2390 3088 2472 3126 eos
2493 3073 2579 3142 qui
2604 3073 2739 3126 intus
2764 3074 2817 3127 in
2842 3073 3074 3129 Ecclesia
3100 3087 3238 3142 sunt,
3259 3077 3315 3131 in
3343 3080 3549 3134 nomine
3569 3080 3715 3136 Chri-

2123 3167 2190 3220 sti
2215 3166 2354 3236 loqui
2385 3182 2403 3220 :
2430 3166 2576 3220 aliud
2604 3183 2688 3222 eos
2716 3169 2802 3233 qui
2829 3168 2956 3240 foris
2981 3178 3137 3236 sunt,
3168 3181 3213 3224 et
3239 3181 3416 3225 contra
3437 3171 3716 3229 Ecclesium
3772 3211 3773 3214 η

2127 3258 2341 3330 faciunt,
2368 3258 2422 3312 in
2452 3258 2656 3313 nomine
2676 3259 2865 3313 Christi
2884 3259 3146 3329 baptizare
3172 3260 3369 3332 (Epist.
3398 3264 3468 3320 75
3487 3307 3502 3331 ,
3530 3267 3599 3319 ad
3621 3267 3717 3320 Ju-

2125 3349 2405 3419 baiauum).
2435 3349 2562 3404 Haec
2595 3350 2756 3405 verba
2791 3350 3046 3423 Cypriani
3083 3352 3377 3409 admonere
3407 3370 3506 3411 nos
3537 3357 3716 3414 viden-

2127 3450 2230 3508 tur,
2260 3451 2318 3496 ut
2340 3439 2729 3512 distinguamus
2758 3443 2898 3499 inter
2926 3459 3021 3500 eos
3048 3445 3138 3515 qui
3164 3446 3289 3500 mali
3320 3447 3450 3503 foris
3484 3459 3638 3516 sunt,
3665 3462 3714 3507 et

2123 3547 2216 3588 eos
2242 3533 2332 3604 qui
2358 3533 2502 3589 intus
2530 3533 2658 3589 mali
2683 3544 2828 3590 sunt.
2858 3535 2926 3590 Et
2961 3536 3080 3593 illos
3104 3537 3172 3594 de
3199 3539 3394 3609 quibus
3419 3541 3550 3597 dicit
3575 3545 3714 3613 Apo-

2121 3625 2292 3680 stolus
2313 3665 2330 3694 ,
2359 3625 2502 3697 quod
2525 3625 2876 3698 Evangelium
2906 3644 3013 3684 non
3041 3638 3186 3688 caste
3230 3642 3286 3688 et
3329 3649 3426 3704 per
3462 3636 3712 3692 invidiam

2123 3718 2502 3774 annuntiarent
2523 3760 2539 3786 ,
2571 3719 2716 3775 intus
2742 3719 2906 3776 fuisse
2925 3720 3091 3790 dicit,
3120 3732 3176 3778 et
3208 3740 3394 3781 verum
3422 3727 3575 3783 dicit.
3605 3730 3710 3786 lloc

2127 3819 2306 3867 tamen
2336 3821 2464 3882 puto
2491 3827 2580 3868 me
2599 3827 2705 3869 non
2734 3823 2935 3870 temere
2961 3814 3177 3872 dicere:
3209 3816 3264 3873 Si
3288 3817 3423 3874 loris
3444 3836 3602 3877 nemo
3623 3837 3710 3892 po-

2121 3915 2224 3962 test
2247 3905 2446 3977 aliquid
2474 3905 2673 3962 habere
2698 3906 2842 3978 quod
2871 3906 3068 3964 Christi
3092 3918 3194 3976 est,
3234 3926 3336 3967 nec
3379 3913 3524 3969 intus
3562 3915 3708 3986 quis-

2123 4014 2284 4070 quam
2325 4007 2502 4068 potest
2531 3998 2732 4069 aliquid
2755 3999 2956 4056 habere
2980 4001 3122 4072 quod
3141 4001 3336 4060 diaboli
3359 4015 3462 4060 est.
3492 4005 3550 4062 Si
3571 4009 3706 4062 enim

2121 4095 2308 4150 hortus
2346 4094 2437 4150 ille
2477 4095 2691 4151 clausus
2727 4096 2896 4166 potuit
2922 4095 3124 4154 habere
3149 4099 3329 4169 Spinas
3351 4101 3586 4171 diaboli,
3616 4121 3708 4160 cur

2118 4201 2226 4243 non
2253 4196 2308 4243 et
2337 4196 2485 4243 extra
2514 4186 2727 4243 hortum
2755 4189 2926 4258 potuit
2965 4205 3184 4247 manare
3222 4191 3343 4248 fons
3384 4194 3626 4252 Christi?
3653 4198 3704 4252 Si

2117 4290 2294 4335 autem
2327 4294 2432 4334 non
2459 4281 2668 4351 potuit,
2700 4282 2841 4338 unde
2871 4282 2926 4337 in
2958 4282 3041 4338 his
3067 4284 3158 4353 qui
3192 4284 3335 4340 intus
3367 4297 3524 4343 erant
3551 4291 3702 4345 etiam

2117 4373 2284 4443 ipsius
2322 4373 2551 4443 apostoli
2575 4372 2722 4428 Pauli
2753 4374 3082 4444 temporibus
3110 4385 3316 4432 tantum
3348 4381 3550 4435 malum
3575 4381 3708 4436 invi—

2116 4463 2219 4519 diae
2236 4505 2251 4530 ,
2285 4472 2341 4519 et
2363 4463 2639 4520 malevolae
2663 4464 3058 4520 dissensionis?
3087 4467 3213 4523 Haec
3237 4469 3380 4524 enim
3407 4472 3575 4527 verba
3603 4474 3700 4544 Cy-

2115 4555 2291 4624 priani
2320 4563 2464 4609 sunt.
2501 4555 2582 4609 An
2625 4555 2761 4610 forte
2804 4555 3001 4611 invidia
3045 4567 3100 4612 et
3141 4559 3399 4615 malevola
3444 4562 3702 4620 dissensio

2118 4661 2339 4718 parvum
2365 4646 2563 4701 malum
2593 4646 2717 4702 est?
2741 4646 3023 4713 Quomodo
3041 4664 3174 4720 ergo
3212 4651 3301 4706 isti
3330 4655 3561 4709 erantin
3590 4657 3699 4710 uni-

2121 4749 2227 4797 tate
2250 4783 2265 4808 ,
2293 4741 2384 4811 qui
2414 4756 2521 4795 non
2544 4750 2697 4796 erant
2722 4741 2776 4796 in
2806 4742 2978 4811 pace?
3019 4743 3130 4797 Vox
3158 4744 3302 4799 enim
3331 4761 3440 4802 non
3471 4763 3590 4804 mea
3616 4759 3702 4803 aut

2117 4834 2346 4904 alicujus
2365 4833 2617 4898 hominis,
2637 4833 2730 4889 sed
2752 4834 2918 4904 ipsius
2940 4835 3180 4902 Domini;
3205 4853 3304 4892 nec
3323 4853 3419 4908 per
3442 4839 3696 4906 homines,

2116 4927 2210 4983 sed
2231 4941 2326 4997 per
2341 4926 2578 4997 Angelos
2599 4925 2779 4981 sonuit
2799 4935 2925 4982 nato
2943 4927 3160 4983 Christo
3185 4947 3199 4983 :
3226 4929 3403 4985 Gloria
3425 4933 3479 4986 in
3500 4933 3699 4988 excelsis

2115 5019 2225 5076 Deo
2249 5062 2262 5086 ,
2292 5029 2338 5074 et
2374 5021 2428 5074 in
2454 5028 2590 5074 terra
2614 5035 2718 5090 pas:
2746 5019 3032 5076 hominibus
3063 5023 3207 5078 bona:
3233 5025 3511 5081 voluntatis
3537 5025 3696 5099 (Luc.

2115 5130 2186 5182 ιι,
2218 5115 2286 5169 14
2305 5114 2347 5186 ).
2375 5112 2529 5182 Quod
2554 5112 2737 5184 utique
2767 5123 2891 5170 nato
2915 5116 2968 5171 in
2995 5118 3155 5173 terris
3180 5119 3393 5175 Christo
3419 5136 3529 5177 non
3553 5136 3702 5176 sona-

2117 5216 2201 5263 ret
2226 5221 2320 5262 ore
2363 5205 2604 5275 angelico
2631 5246 2645 5270 ,
2676 5205 2781 5261 nisi
2814 5205 2957 5262 Deus
2999 5207 3101 5263 hoc
3129 5210 3290 5266 vellet
3317 5211 3576 5284 intelligi,
3611 5225 3701 5266 eos

2116 5313 2239 5354 esse
2280 5297 2334 5352 in
2376 5295 2579 5352 unitate
2623 5300 2869 5368 corporis
2916 5296 3154 5368 Christi,
3197 5302 3286 5372 qui
3319 5312 3445 5357 sunt
3481 5304 3534 5359 in
3576 5318 3700 5374 pace

2117 5389 2349 5446 Christi:
2374 5402 2469 5444 eos
2493 5399 2670 5445 autem
2693 5404 2816 5446 esse
2835 5390 2888 5445 in
2911 5405 3040 5460 pace
3056 5391 3276 5459 Christi,
3297 5395 3388 5465 qui
3409 5403 3536 5449 sunt
3553 5395 3698 5450 bonae

2117 5481 2423 5539 voluntatis.
2455 5481 2625 5537 Porro
2648 5481 2785 5537 sicut
2810 5482 2863 5536 in
2886 5483 3256 5539 benevolentia
3277 5486 3414 5541 bona
3436 5486 3697 5553 voluntas,

2117 5574 2273 5630 sicin
2299 5572 2678 5630 malevolentia
2706 5574 2847 5629 mala
2876 5574 3125 5632 voluntas
3149 5585 3251 5632 est.

2187 5667 2414 5725 CAPUT
2452 5666 2586 5726 VIII.
2626 5697 2699 5709 —
2738 5669 2826 5725 il.
2859 5669 2976 5726 Jam
3009 5685 3137 5727 vero
3176 5671 3289 5744 ipsa
3323 5671 3551 5742 invidia,
3582 5688 3696 5746 qua:

2120 5778 2224 5820 non
2251 5771 2424 5835 potest
2449 5777 2569 5822 esse
2607 5761 2711 5820 nisi
2739 5763 3034 5835 malevola,
3067 5775 3319 5838 quantum
3362 5771 3554 5829 malum
3584 5766 3695 5824 est!
