3796 6160
67 327 144 383 ibi
1391 308 1598 366 LIBER
1633 306 1978 377 QUARTUS.

65 441 155 497 Non
177 448 480 508 quaeramus
505 433 644 490 alios
666 439 825 489 testes
847 447 860 484 :
885 427 1082 485 sufﬁcit
1103 426 1258 484 nobis
1281 425 1397 497 ipse
1419 425 1638 497 Cypria-

65 548 172 593 nus,
198 545 289 600 per
318 543 488 600 quem
522 537 629 583 tam
659 526 820 582 multa
857 524 925 580 de
959 523 1076 580 zelo
1109 530 1167 580 et
1189 521 1357 578 livore
1383 521 1642 577 Dominus

67 623 374 682 veracissima
407 623 678 690 intonuit,
717 629 772 676 et
812 618 1044 675 salubria
1077 615 1350 689 praecepit.
1379 615 1642 686 Legamus

67 736 167 791 ergo
191 717 475 790 epistolam
498 717 748 790 Cypriani
772 714 840 772 de
862 712 980 770 zelo
1006 721 1062 768 et
1079 711 1274 778 livore,
1291 718 1346 766 et
1366 708 1643 764 videamus

64 824 287 886 quantum
329 811 540 866 malum
583 809 656 866 sit
692 807 930 865 invidere
967 803 1313 869 melioribus,
1340 801 1494 872 cujus
1519 798 1645 854 mali

64 908 294 978 originem
320 904 391 960 ab
418 905 541 976 ipso
564 901 779 959 diabolo
802 898 1074 956 exstitisse
1096 893 1514 953 memorabiliter
1540 892 1642 948 do-

65 1010 168 1054 cet:
196 995 413 1065 Zelare,
449 995 657 1066 inquit,
705 992 839 1062 quod
877 992 1060 1046 bonum
1102 989 1307 1055 videas,
1337 996 1384 1042 et
1428 985 1647 1040 invidere

67 1091 326 1145 melioribus
346 1131 362 1155 ,
392 1089 504 1144 leve
523 1087 664 1161 apud
687 1085 967 1158 quosdam,
996 1093 1045 1139 et
1074 1082 1328 1138 modicum
1351 1080 1543 1136 crimen
1567 1079 1646 1134 vi-

68 1187 205 1251 detur,
228 1184 416 1253 fratres
442 1180 776 1237 dilectissimi.
804 1177 1010 1234 Deinde
1036 1176 1193 1246 paulo
1222 1183 1362 1246 post,
1389 1189 1510 1230 cum
1532 1171 1648 1243 ejus

68 1276 168 1329 mali
192 1282 351 1345 caput
378 1282 546 1345 atque
569 1270 831 1343 originem
860 1277 1126 1340 quaereret
1161 1283 1175 1320 :
1223 1265 1358 1320 Hinc
1393 1264 1646 1331 diabolus,

68 1368 230 1440 inquit,
253 1367 387 1422 inter
414 1367 565 1421 initia
591 1365 760 1420 statim
786 1361 984 1430 mundi,
1012 1369 1059 1416 et
1084 1359 1230 1432 periit
1255 1360 1447 1431 primus
1471 1367 1518 1413 et
1538 1374 1651 1430 per-

70 1463 190 1514 didit.
218 1459 288 1515 Et
316 1460 483 1531 paulo
511 1467 630 1529 post
655 1475 668 1510 :
697 1456 862 1522 Quale
884 1454 1074 1508 malum
1103 1460 1204 1520 est,
1233 1451 1438 1522 inquit,
1469 1455 1650 1522 fratres

70 1552 356 1608 dilectissimi
376 1593 393 1616 ,
425 1567 528 1623 quo
569 1550 782 1621 angelus
823 1546 1036 1612 cecidit,
1080 1561 1178 1617 quo
1220 1542 1564 1598 circumveniri
1605 1549 1653 1595 et

68 1647 254 1701 subverti
279 1645 388 1699 alta
413 1645 510 1698 illa
537 1653 584 1698 et
613 1641 862 1714 praeclara
902 1637 1184 1693 sublimitas
1210 1636 1372 1708 potuit
1389 1675 1405 1701 ,
1435 1649 1535 1704 quo
1560 1633 1650 1687 de-

71 1751 218 1812 ceptus
243 1749 315 1794 est
340 1741 458 1812 ipse
494 1739 582 1809 qui
609 1735 843 1808 decepit?
867 1732 1070 1788 Exinde
1103 1730 1293 1785 invidia
1318 1737 1576 1799 grassatur
1600 1727 1654 1780 in

73 1835 213 1898 terris,
238 1833 364 1888 dum
389 1833 548 1887 livore
575 1831 826 1901 periturus
848 1827 1089 1898 magistro
1111 1822 1405 1896 perditionis
1429 1820 1656 1890 obsequi-

73 1935 165 1994 tur,
190 1924 311 1978 dum
353 1923 622 1978 diabolum
658 1921 744 1989 qui
787 1918 919 1973 zelat
961 1916 1189 1970 imitatur
1211 1956 1227 1982 ,
1257 1913 1384 1967 sicut
1413 1911 1656 1982 scriptum

72 2026 156 2081 est,
186 2034 205 2068 ι
235 2013 447 2070 Invidia
473 2011 667 2068 diaboli
693 2028 828 2066 ntors
852 2009 1058 2064 intravit
1095 2009 1149 2061 in
1175 2005 1343 2061 orbem
1373 2015 1654 2070 terrarum;

73 2109 310 2161 imitantur
336 2122 462 2178 ergo
489 2105 638 2160 illum
673 2103 760 2175 qui
799 2110 916 2157 sunt
954 2117 1017 2155 ea:
1053 2108 1199 2171 parte
1220 2099 1330 2170 ejus
1357 2115 1376 2149 ι
1413 2095 1568 2168 (Sap.
1597 2111 1654 2161 ιι,

74 2202 147 2268 24,
171 2202 280 2273 25).
312 2201 443 2256 Haec
473 2198 637 2255 verba
661 2195 912 2269 Cypriani
943 2195 996 2248 in
1025 2193 1248 2266 epistola
1279 2192 1488 2262 populis
1508 2199 1654 2258 nota,

74 2310 210 2366 quam
235 2309 388 2360 vera,
419 2307 584 2364 quam
612 2289 767 2346 fortia
792 2289 900 2344 sint
922 2285 1374 2356 recognoscimus.
1402 2283 1543 2338 Vere
1565 2283 1659 2337 de-

77 2388 168 2443 cuit
189 2385 516 2459 Cyprianum
553 2383 624 2440 de
662 2381 778 2437 zelo
816 2388 869 2435 et
901 2379 1069 2434 livore
1097 2386 1151 2433 et
1177 2391 1399 2448 arguere
1428 2375 1660 2447 graviter

77 2488 121 2532 et
140 2492 375 2542 monere,
406 2491 439 2531 a
461 2491 569 2547 quo
593 2482 706 2530 tam
731 2469 1012 2528 mortifero
1036 2468 1180 2524 malo
1199 2483 1293 2524 cor
1311 2467 1428 2538 ejus
1450 2468 1661 2538 penitus

79 2569 289 2625 alienum
341 2577 497 2624 tanta
545 2564 825 2622 charitatis
875 2561 1198 2618 abundantia
1254 2559 1658 2630 comprobavit:

80 2679 164 2734 qua
191 2663 600 2736 vigilantissime
639 2658 932 2724 custodita,
973 2672 1095 2713 cum
1135 2654 1356 2725 collegis
1397 2655 1508 2709 suis
1553 2669 1662 2709 non

80 2757 319 2813 malevola
346 2756 421 2812 de
450 2753 725 2825 Baptismo
760 2751 972 2807 diversa
1000 2745 1354 2806 sentientibus
1375 2787 1391 2812 ,
1424 2761 1523 2801 nec
1547 2746 1662 2816 ipse

81 2849 316 2905 malevola
345 2846 730 2912 contentione,
760 2841 858 2899 sed
897 2841 1129 2898 humana
1170 2838 1464 2894 tentatione
1507 2837 1664 2892 aliter

85 2940 290 3010 sapiens,
321 2937 470 3011 quod
497 2937 574 2993 illi
594 2937 613 2970 ³
637 2936 780 2991 Deus
799 2934 852 2988 in
874 2932 1132 2988 charitate
1155 2928 1518 3002 perseveranti
1540 2943 1662 2984 cum

83 3032 218 3090 vellet
253 3041 442 3104 postea
471 3029 734 3087 revelaret
762 3025 1024 3098 (Philipp.
1057 3039 1145 3089 ιιι,
1175 3020 1296 3094 15),
1338 3022 1393 3076 in
1417 3036 1662 3076 commu-

86 3124 238 3181 nionis
277 3127 490 3181 unitate
536 3120 862 3194 permansit,
907 3125 1091 3189 aperte
1137 3115 1362 3171 dicens:
1395 3114 1665 3170 Neminem

86 3215 364 3282 iudicantes,
390 3231 548 3285 neque
573 3229 606 3266 a
619 3213 744 3284 jure
765 3207 1132 3265 communionis
1159 3206 1398 3278 aliquem,
1426 3205 1469 3260 si
1495 3206 1662 3260 diver-

87 3325 180 3363 sum
199 3310 424 3374 senserit,
454 3314 759 3361 amoventes.
785 3302 968 3374 Neque
989 3301 1123 3355 enim
1149 3299 1412 3371 quisquam
1438 3307 1666 3352 nostrum

89 3404 355 3475 episcopum
380 3419 434 3458 se
457 3403 811 3472 episcoporum
836 3394 1130 3459 constituit,
1158 3400 1246 3446 aut
1280 3393 1540 3463 tyrannica
1565 3401 1664 3444 ter-

89 3511 183 3551 rore
227 3498 292 3550 ad
342 3493 646 3566 obsequendi
691 3491 1034 3546 necessitatem
1082 3487 1300 3559 collegas
1347 3503 1465 3541 suos
1507 3485 1666 3557 adigit

91 3587 167 3655 (In
186 3589 394 3644 concilio
419 3581 850 3655 Carthaginensi).
881 3583 951 3638 Et
976 3582 1031 3636 in
1057 3580 1163 3636 ﬁne
1191 3579 1349 3648 hujus
1388 3578 1661 3649 epistolae:

95 3677 197 3735 Haec
223 3681 307 3736 tibi
335 3680 548 3736 breviter
571 3681 614 3743 ’,
645 3676 849 3748 inquit,
879 3690 971 3745 pro
1000 3682 1172 3728 nostra
1211 3670 1552 3726 mediocritate
1588 3686 1668 3724 re-

94 3773 389 3841 scripsimus,
419 3776 582 3844 frater
609 3767 935 3833 charissime,
964 3764 1152 3819 nemini
1179 3762 1550 3835 praescribentes
1579 3770 1667 3815 aut

95 3865 480 3934 prejudicantes,
507 3861 772 3934 quominus
799 3858 1139 3929 unusquisque
1161 3856 1509 3927 episcoporum
1534 3854 1668 3926 quod

97 3965 216 4022 putat
237 3957 416 4026 faciat,
440 3954 630 4009 habens
649 3951 847 4007 arbitrii
865 3950 945 4005 sui
966 3948 1177 4004 liberam
1196 3955 1507 4019 potestatem.
1532 3945 1664 4013 Nos,

95 4058 308 4116 quantum
335 4050 391 4104 in
415 4047 560 4103 nobis
583 4056 658 4102 est
678 4089 692 4114 ,
723 4054 930 4118 propter
953 4043 1216 4099 haereticos
1255 4058 1372 4096 cum
1394 4041 1599 4113 collegis
1621 4050 1668 4096 et

96 4141 380 4213 coepiscopis
418 4140 606 4195 nostris
646 4155 747 4194 non
775 4135 1156 4200 contendimus,
1187 4149 1304 4188 cum
1331 4132 1508 4204 quibus
1536 4131 1666 4186 divi-

97 4247 194 4284 nam
215 4231 538 4288 concordiam
566 4238 611 4286 et
636 4229 942 4286 dominicam
966 4242 1143 4299 pacem
1165 4233 1424 4292 tenemus;
1452 4224 1671 4280 maxime

99 4339 192 4377 cum
215 4336 260 4380 et
285 4323 559 4396 Apostolus
585 4322 754 4387 dicat,
789 4339 808 4373 ι
838 4319 900 4376 Si
929 4318 1041 4389 quis
1068 4325 1236 4372 autem
1262 4317 1514 4389 putaverit
1549 4333 1670 4372 con-

101 4416 314 4474 tentiosus
353 4434 496 4484 esse,
528 4431 620 4470 nos
659 4412 812 4468 talem
841 4411 1253 4467 consuetudinem
1278 4427 1382 4466 non
1407 4410 1667 4477 habemus,

101 4525 234 4581 neque
264 4509 491 4566 Ecclesia
517 4507 614 4562 Dei
644 4527 662 4561 ι
697 4505 740 4581 (1
767 4505 885 4562 Cor.
911 4520 968 4561 ιι
987 4547 1006 4572 ,
1031 4502 1143 4577 16).
1185 4502 1432 4559 Servatur
1468 4519 1501 4556 a
1529 4502 1671 4558 nobis

103 4603 322 4669 patienter
346 4610 391 4656 et
417 4600 598 4657 leniter
631 4599 853 4654 charitas
886 4597 1080 4662 animi,
1106 4594 1306 4666 collegii
1331 4594 1494 4650 honor
1513 4636 1528 4663 ,
1556 4593 1670 4649 vin-

103 4695 249 4749 culum
292 4695 409 4765 ﬁdei
426 4737 442 4762 ,
487 4693 759 4749 concordia
806 4689 1096 4748 sacerdotii.
1140 4687 1361 4759 Propter
1401 4688 1495 4744 hoc
1522 4687 1673 4743 etiam

104 4784 301 4841 libellum
327 4803 460 4841 nunc
480 4786 501 4818 ³
525 4785 590 4840 de
615 4783 760 4840 Bono
791 4783 1061 4838 Patientia:
1079 4823 1094 4849 ,
1121 4789 1367 4852 quantum
1394 4780 1553 4836 valuit
1581 4797 1674 4836 no-

105 4887 190 4931 stre
216 4879 551 4946 mediocritas,
583 4877 896 4949 permittente
924 4883 972 4930 et
996 4873 1276 4944 inspirante
1297 4870 1520 4928 Domino
1548 4888 1673 4927 con-

106 4971 399 5041 scripsimus,
426 4987 574 5043 quem
599 4970 667 5025 ad
691 4978 738 5026 te
775 4985 868 5040 pro
896 4976 1071 5022 mutua
1095 4966 1362 5022 dilectione
1385 4966 1673 5022 transmisi-

107 5077 198 5118 mus
224 5063 409 5136 (Epist.
439 5064 539 5130 75,
566 5061 635 5116 ad
656 5060 1015 5133 Jubaianum).

161 5157 376 5215 CAPUT
415 5156 509 5213 lx.
536 5185 610 5198 -—
636 5157 726 5212 i2.
755 5155 868 5212 Hac
897 5155 989 5210 ille
1014 5153 1288 5210 charitatis
1315 5153 1566 5224 patientia
1596 5160 1678 5209 to-

108 5247 272 5306 leravit
295 5265 400 5307 non
421 5250 598 5307 solum
623 5249 678 5306 in
699 5249 923 5306 obscura
943 5247 1237 5321 quaestione
1257 5246 1426 5303 bonos
1446 5245 1678 5316 collegas

111 5356 197 5402 non
219 5344 477 5404 malevole
503 5342 650 5401 aliud
686 5341 1007 5408 sentientes,
1040 5341 1177 5397 sicut
1203 5349 1256 5396 et
1282 5339 1395 5410 ipse
1421 5338 1678 5395 toleratus

113 5525 261 5632 [misic
300 5534 407 5578 Mss.
457 5532 517 5576 Al.
562 5532 663 5574 Am.
704 5528 758 5574 et
795 5527 907 5581 tua,
954 5517 1079 5584 quod
1124 5522 1175 5568 ut
1219 5513 1311 5568 illi.
1357 5522 1499 5577 Lov.,
1547 5513 1676 5565 utia

78 5674 87 5692 ι
310 5657 384 5701 Er.
415 5657 467 5701 et
498 5657 628 5710 Mss,
657 5645 894 5698 brevibus.
933 5643 1038 5695 Sola
1078 5642 1182 5693 fere
1210 5643 1359 5693 editio
1399 5649 1530 5701 Lov.,
1567 5637 1674 5690 bre-

114 5716 325 5848 ηιξνιῖιιιιιᾲ
363 5784 472 5848 nov.
523 5780 777 5834 omittitur,
808 5784 952 5821 nunc.
983 5771 1194 5819 Habctuv
1234 5767 1358 5830 apud
1403 5778 1494 5815 Αιιι.
1533 5773 1582 5813 ct
1629 5765 1674 5811 in

114 5841 318 5889 manuscri
321 5840 437 5902 ptis.

3232 303 3340 362 162

1747 431 1851 488 est,
1874 422 2045 478 donec
2065 435 2318 493 processu
2337 421 2593 493 temporis
2614 419 2964 479 saluberrima
2983 419 3337 487 consuetudo,

1747 516 1962 586 quando
1988 516 2129 572 Deus
2153 516 2339 584 voluit,
2365 515 2526 572 etiam
2552 515 2820 572 declarata
2848 514 3072 573 veritate
3099 513 3341 585 plenario

1749 609 1973 664 concilio
1999 608 2334 676 firmaretur;
2366 607 2461 665 sed
2487 609 2649 665 etiam
2673 607 2844 664 malos
2869 606 3182 663 manifestos
3208 606 3341 663 sibi-

1748 717 1855 772 que
1882 700 2191 758 notissimos
2207 741 2225 770 ,
2253 700 2344 773 qui
2373 716 2479 756 non
2505 701 2829 758 obscuritate
2853 700 3162 772 quaestionis
3187 701 3343 758 aliter

1749 793 2060 864 sepiebant,
2104 793 2200 850 sed
2247 792 2468 865 perditae
2511 793 2633 849 vitae
2676 793 2912 850 moribus
2953 803 3139 850 contra
3181 809 3340 866 quam

1751 885 2140 956 praedicabant,
2171 885 2464 954 faciebant,
2495 887 2634 943 sicut
2659 887 2787 943 dicit
2809 887 2877 944 de
2902 888 3006 945 illis
3031 889 3339 960 Apostolus,

1755 980 1854 1047 Qui
1881 980 2128 1052 praedicas
2155 997 2258 1036 non
2282 981 2579 1052 furandum,
2613 981 2802 1053 furoris
2827 979 3002 1051 (Rom.
3028 998 3086 1047 ιι,
3113 981 3226 1052 2i).
3263 981 3344 1038 De

1754 1072 1945 1129 talibus
1972 1073 2114 1130 enim
2141 1083 2196 1129 et
2220 1075 2321 1131 iste
2349 1075 2431 1130 sui
2467 1075 2722 1146 temporis
2748 1074 3016 1146 episcopis
3043 1076 3152 1132 suis
3176 1077 3342 1134 colle-

1752 1166 1835 1237 gis
1854 1207 1869 1233 ,
1896 1176 1951 1222 et
1975 1183 2158 1224 secum
2187 1169 2240 1223 in
2265 1169 2643 1225 communione
2670 1169 3008 1226 manentibus
3041 1169 3096 1225 in
3119 1171 3346 1242 epistola

1755 1273 1850 1314 sua
1875 1258 2002 1316 dicit
2029 1278 2042 1314 :
2073 1260 2424 1317 Esurientibus
2450 1263 2502 1317 in
2531 1261 2757 1318 Ecclesia
2784 1263 3026 1333 fratribus
3056 1264 3234 1320 habere
3258 1283 3346 1321 ar-

1755 1361 1956 1422 gentum
1983 1353 2192 1423 largiter
2213 1347 2356 1418 velle,
2380 1354 2566 1423 fundos
2588 1354 2843 1410 insidiosis
2867 1355 3132 1425 fraudibus
3150 1374 3345 1427 rapere,

1759 1446 1924 1500 usuris
1950 1446 2398 1518 multiplicantibus
2424 1452 2570 1518 fenus
2597 1464 2782 1519 augere
2814 1446 3004 1517 (Serm.
3036 1447 3100 1504 de
3123 1447 3347 1521 Lapsis).

1758 1539 1857 1595 Hic
1881 1541 2021 1596 enim
2045 1541 2187 1595 nulla
2213 1551 2297 1597 est
2319 1542 2628 1612 quaestionis
2648 1541 2978 1610 obscuritas;
3005 1552 3189 1614 aperte
3209 1543 3350 1600 Scri-

1759 1643 1912 1704 ptura
1951 1635 2178 1703 clamat,
2213 1634 2392 1707 Neque
2428 1637 2569 1690 avari
2597 1653 2755 1708 neque
2781 1654 2990 1708 rapaces
3017 1655 3229 1710 regnum
3259 1639 3354 1695 Dei

1759 1727 2082 1798 possidebunt
2128 1727 2179 1800 (l
2204 1727 2323 1784 Cor.
2350 1745 2437 1796 v1,
2469 1727 2596 1802 10);
2642 1740 2729 1795 et,
2763 1729 2865 1798 Qui
2906 1731 3171 1802 pecuniam
3208 1748 3355 1787 suam

1760 1823 1899 1878 dedit
1930 1825 1984 1876 in
2010 1839 2220 1878 usuram
2243 1824 2258 1854 ¹
2286 1821 2455 1894 (Psal.
2492 1838 2609 1886 xxv,
2639 1823 2694 1892 5)
2713 1839 2731 1886 ;⁴
2755 1830 2844 1887 et,
2876 1821 3053 1878 Omnis
3076 1825 3355 1895 fornicator

1762 1923 1806 1968 et
1831 1914 2121 1968 immundus
2148 1923 2195 1968 et
2219 1929 2423 1980 avarus,
2454 1914 2590 1984 quod
2618 1922 2690 1968 est
2714 1914 2969 1969 idolorum
2994 1917 3225 1982 servitus,
3252 1934 3355 1972 non

1763 2009 1908 2063 habet
1930 2008 2270 2063 [nereditatem
2295 2009 2348 2062 in
2372 2024 2526 2079 regno
2547 2005 2735 2064 Christi
2756 2017 2802 2061 et
2825 2006 2924 2062 Dei
2952 2007 3166 2080 (Ep/tes.
3194 2025 3245 2076 v,
3275 2010 3350 2080 5).

1764 2099 1921 2155 Tales
1947 2115 2074 2170 ergo
2103 2115 2294 2156 avaros
2323 2099 2441 2166 ille,
2474 2109 2532 2153 ut
2558 2114 2666 2154 non
2693 2098 2865 2153 solum
2894 2113 2988 2154 sua
3018 2099 3210 2170 cupide
3235 2102 3355 2156 the-

1763 2192 2110 2259 saurizarent,
2135 2191 2228 2247 sed
2254 2201 2308 2246 et
2327 2191 2500 2247 aliena
2520 2190 2888 2248 fraudulenter
2909 2193 3196 2262 eriperent,
3226 2193 3359 2251 tales

1765 2283 2074 2339 idololatras
2099 2286 2234 2340 sicut
2257 2292 2313 2341 et
2338 2284 2452 2354 ipse
2473 2283 2720 2356 intelligit
2744 2293 2906 2356 atque
2933 2287 3224 2354 convincit,
3253 2304 3360 2345 non

1763 2376 1948 2447 utique
1977 2385 2224 2447 argueret
2248 2376 2350 2432 nisi
2376 2385 2576 2432 nosset.
2604 2376 2789 2448 Neque
2815 2378 2958 2435 enim
2986 2378 3240 2435 adversus
3265 2396 3361 2436 co-

1765 2471 2047 2540 episcopos
2075 2485 2200 2524 suos
2229 2468 2419 2524 falsum
2448 2470 2809 2526 testimonium
2839 2469 3060 2528 diceret.
3090 2471 3156 2527 Et
3183 2482 3362 2530 tamen

1765 2575 1859 2616 eos
1906 2569 2122 2631 preptcr
2163 2559 2432 2616 Christum
2475 2561 2567 2632 qui
2604 2575 2705 2633 pro
2733 2561 2958 2618 infirmis
2983 2572 3226 2620 mortuus
3257 2573 3361 2634 est,

1768 2669 1834 2708 ne
1858 2663 1983 2708 ante
2011 2663 2216 2722 tempus
2241 2653 2525 2710 eradicatis
2563 2654 2781 2710 zizaniis
2819 2655 2978 2710 simul
3006 2657 3366 2714 eradicaretur

1766 2753 1821 2800 et
1845 2744 2078 2800 triticum
2105 2744 2320 2816 (Matth.
2344 2761 2460 2809 xm,
2482 2745 2596 2816 29),
2624 2754 2859 2816 paterna:
2884 2756 2940 2802 et
2962 2756 3216 2805 materna:
3238 2749 3366 2804 cha-

1767 2838 1941 2894 ritatis
1983 2837 2277 2894 visceribus
2322 2837 2572 2892 toleravit
2612 2856 2624 2892 :
2663 2837 2900 2894 imitatus
2928 2840 3110 2911 utique
3139 2841 3366 2899 Paulum

1766 2931 2224 3001 apostolum,-qui
2270 2929 2563 2985 malevolos
2603 2937 2657 2985 et
2697 2929 2906 2986 invidos
2956 2931 3093 2998 sibi,
3135 2931 3367 2988 eadem'

1767 3024 1910 3080 circa
1934 3024 2227 3080 Ecclesiam
2247 3023 2509 3079 charitate
2530 3022 2784 3079 sustinuit
2809 3022 3068 3096 (Philipp.
3091 3040 3130 3093 ι,
3155 3026 3366 3098 15-18).

1842 3117 1929 3171 15.
1970 3115 2076 3173 Sed
2103 3123 2281 3171 tamen
2310 3115 2432 3187 quia
2474 3115 2666 3169 invidia
2709 3115 2898 3170 diaboli
2927 3132 3063 3172 mors
3091 3117 3291 3172 intravit
3317 3119 3372 3173 in

1768 3207 1940 3262 orbem
1959 3216 2205 3262 terrarum
2224 3249 2239 3273 ,
2267 3215 2324 3263 et
2346 3207 2608 3261 imitantur
2628 3206 2776 3262 illum
2801 3208 2887 3276 qui
2913 3217 3030 3263 sunt
3055 3225 3120 3266 ea:
3144 3222 3286 3282 parte
3305 3211 3372 3264 il-

1770 3301 1871 3356 lius
1903 3301 2058 3374 (Sap.
2085 3317 2143 3369 ιι,
2171 3301 2263 3367 24,
2291 3299 2422 3370 25),
2453 3315 2563 3356 non
2589 3316 2686 3371 per
2706 3301 2834 3356 illud
2855 3301 2997 3374 quod
3023 3318 3055 3359 a
3076 3302 3186 3360 Deo
3206 3303 3374 3362 creati

1769 3403 1917 3460 sunt,
1944 3393 2037 3449 sed
2066 3408 2164 3472 per
2189 3391 2316 3448 illud
2342 3391 2483 3463 quod
2512 3408 2541 3447 a
2572 3407 2634 3449 se
2661 3393 2790 3464 ipsis
2817 3394 3056 3465 perversi
3083 3405 3242 3462 sunt;
3267 3397 3374 3454 sic-

1770 3497 1827 3543 ut
1852 3496 2241 3544 commemorat
2269 3487 2383 3560 ipse
2405 3486 2740 3560 Cyprianus;
2773 3488 2897 3558 quia
2925 3497 2978 3545 et
3001 3488 3244 3546 diabolus
3269 3508 3371 3547 an-

1772 3592 1985 3654 tequam
2027 3591 2174 3639 esset
2210 3582 2457 3638 diabolus
2481 3623 2497 3648 ,
2528 3582 2747 3654 angelus
2785 3581 2885 3638 fuit
2925 3593 2979 3639 et
3021 3582 3193 3640 bonus
3233 3584 3367 3640 fuit:

1772 3673 1913 3730 unde
1941 3685 2069 3730 sunt
2097 3674 2149 3730 in
2182 3675 2385 3731 unitate
2411 3673 2648 3740 Christi,
2680 3675 2771 3746 qui
2810 3685 2934 3731 sunt
2972 3691 3037 3732 ex
3076 3685 3225 3747 parte
3253 3677 3372 3732 dia-

1771 3765 1917 3822 boli?
1947 3767 2134 3822 Procul
2163 3765 2325 3822 dubio
2347 3766 2394 3834 ³,
2421 3765 2560 3823 sicut
2583 3767 2698 3836 ipse
2722 3767 2977 3824 Dominus
2999 3767 3092 3832 ait,
3125 3767 3375 3825 Inimicus

1772 3861 1921 3915 homo
1948 3860 2042 3914 hoc
2068 3860 2206 3931 fecit,
2234 3859 2324 3930 qui
2347 3859 2763 3931 superseminavit
2789 3860 2989 3914 zizania
3017 3859 3234 3931 (Matth.
3258 3877 3372 3929 xm,

1770 3951 1843 4007 28
1861 3992 1878 4018 ,
1905 3950 2021 4023 25).
2057 3951 2209 4008 Sicut
2232 3965 2362 4023 ergo
2399 3961 2454 4007 et
2479 3951 2621 4007 intus
2643 3950 2785 4023 quod
2813 3950 3007 4009 diaboli
3035 3960 3118 4008 est
3141 3967 3373 4025 arguenc

1772 4044 1899 4101 dum
1921 4053 2026 4112 est,
2051 4044 2131 4102 sic
2153 4051 2208 4101 et
2230 4043 2360 4100 l‘oris
2383 4044 2526 4116 quod
2542 4043 2740 4100 Chrisu
2754 4053 2838 4100 est
2851 4044 3246 4116 agnoscendum
3268 4055 3373 4104 est.

1771 4137 1859 4194 An
1884 4147 2033 4193 extra
2063 4137 2319 4193 unitatem
2347 4135 2601 4192 Ecclesia:
2636 4150 2744 4192 non
2783 4135 2946 4193 habet
2984 4152 3080 4193 sua
3107 4136 3374 4208 Christus,

1773 4239 1829 4286 et
1856 4229 1912 4284 in
1941 4231 2143 4286 unitate
2173 4227 2426 4285 Ecclesiae
2470 4227 2630 4285 habet
2665 4243 2763 4284 sua
2807 4228 3090 4287 diabolus?
3123 4230 3236 4288 Hoc
3265 4232 3377 4288 for-

1774 4331 1918 4380 tasse
1945 4322 2012 4379 de
2042 4321 2346 4378 hominibus
2372 4320 2478 4376 dici
2508 4328 2716 4391 potest,
2746 4327 2806 4376 ut
2842 4321 2920 4376 sic
2951 4329 3100 4377 extra
3129 4337 3377 4379 commu-

1775 4419 1991 4475 nionem
2017 4415 2275 4473 Ecclesia:
2319 4429 2425 4471 non
2472 4413 2664 4470 habeat
2702 4413 2842 4470 Deus
2869 4413 3100 4485 aliquem
3130 4429 3374 4484 suorum,

1776 4512 1912 4568 sicut
1933 4511 2072 4566 inter
2089 4508 2320 4579 Angelos
2339 4513 2553 4563 sanctos
2574 4521 2680 4563 non
2701 4504 2862 4563 habet
2881 4505 3126 4565 diabolus
3144 4507 3378 4580 aliquem

1776 4618 2017 4660 suorum.
2045 4600 2298 4658 Ecclesiae
2325 4614 2455 4657 vero
2489 4599 2618 4657 huic
2653 4615 2773 4671 quae
2811 4598 2986 4656 adhuc
3012 4599 3189 4657 carnis
3227 4616 3378 4657 mor-

1777 4697 2033 4752 talitatcm
2079 4702 2291 4766 portat,
2337 4692 2588 4766 quamdiu
2639 4692 3007 4764 peregrinatur
3050 4708 3082 4748 a
3125 4693 3375 4762 Domino,

1777 4792 1984 4848 licuerit
2013 4790 2227 4848 diabolo
2252 4791 2479 4846 miscere
2505 4789 2728 4854 zizania,
2760 4787 2863 4845 hoc
2890 4795 2974 4844 est
3000 4788 3172 4846 malos
3197 4788 3376 4846 homi-

1778 4899 1908 4951 nes;
1937 4893 1993 4940 et
2019 4884 2310 4955 permissus
2336 4882 2405 4938 sit
2437 4890 2652 4953 propter
2676 4879 2844 4950 ipsius
2863 4879 3118 4938 Ecclesia:
3144 4882 3381 4954 peregri-

1779 4977 2047 5033 nationem
2069 5018 2083 5041 ,
2116 4982 2176 5030 ut
2203 4973 2417 5045 requies
2446 4972 2588 5027 illius
2627 4971 2810 5042 patriae
2846 4985 2950 5042 qua
2987 4971 3160 5028 sancti
3201 4972 3376 5045 angeli

1781 5067 2128 5140 perfruuntur
2154 5065 2551 5122 desideraretur
2577 5061 2855 5120 ardentius
2885 5081 2898 5118 :
2926 5061 2995 5120 de
3018 5064 3381 5122 Sacramentis

1781 5169 1959 5217 autem
1985 5158 2091 5216 hoc
2116 5157 2218 5214 dici
2250 5172 2355 5212 non
2384 5162 2583 5226 potest.
2609 5153 2760 5211 Sicut
2785 5155 2930 5212 enim
2951 5169 3014 5211 ea
3040 5165 3266 5226 possunt
3287 5156 3379 5212 ha-

1781 5241 1912 5312 bere
1934 5261 2095 5324 atque
2120 5257 2371 5316 tractare,
2394 5262 2501 5303 non
2521 5246 2588 5304 ad
2609 5247 2855 5316 salutem,
2881 5247 2974 5305 sed
2999 5247 3067 5304 ad
3090 5249 3379 5320 perniciem

1783 5361 1955 5414 suam,
1986 5345 2038 5400 in
2066 5359 2166 5416 qua
2193 5342 2300 5415 igni
2325 5340 2590 5397 destinata
2613 5349 2740 5397 sunt
2760 5339 3013 5397 interiora
3038 5340 3238 5397 zizania
3263 5359 3277 5395 :
3301 5341 3381 5398 sic

1850 5511 1867 5540 ί
1893 5513 1968 5558 Er.
1993 5505 2141 5570 Lugd.
2161 5512 2299 5553 ven.:
2327 5501 2418 5564 Qui
2438 5499 2692 5570 pecuniam
2723 5513 2865 5570 suam
2893 5511 2989 5550 non
3017 5498 3153 5570 dedit
3175 5500 3242 5570 qd
3267 5512 3376 5550 usu-

1785 5583 1911 5621 ram.
1935 5577 2042 5618 Lov.
2059 5561 2121 5618 ‘ét
2144 5577 2314 5616 eorum
2481 5562 2570 5626 Qui
2590 5561 2844 5629 pecuniam
2878 5575 3016 5614 suam
3039 5561 3123 5610 dat
3175 5561 3224 5611 in
3267 5575 3378 5613 usu-

1785 5645 1982 5757 Ταφίων
2008 5637 2092 5752 [fit
2109 5691 2160 5742 in
2178 5688 2383 5757 invidos,
2404 5687 2489 5741 sub
2507 5688 2694 5757 eadem.
2875 5754 2881 5757 _
2915 5745 2925 5755 ,
3052 5741 3081 5757 ,Α
3121 5751 3130 5757 Α
3228 5747 3238 5757 ,
3291 5747 3299 5757 ,
3333 5746 3359 5757 ν,

1853 5759 1872 5787 ³
1897 5747 2072 5818 Belgici
2107 5753 2299 5818 quidam
2337 5747 2461 5818 Mss,
2488 5748 2614 5801 mide
2649 5754 2884 5818 pansum
2909 5747 2955 5796 in
2983 5747 3159 5795 unitate
3187 5747 3376 5811 t‘ltristi,

1791 5820 1871 5882 qui
1893 5811 2078 5868 suntm
2094 5811 2229 5880 parte
2249 5814 2426 5864 diaboli
2449 5829 2463 5862 :
2491 5811 2658 5877 procul
2681 5811 2842 5862 dubio.
