3796 6208
388 318 499 388 168

389 451 445 499 et
467 436 731 498 exteriora
759 433 958 491 zizania
986 442 1105 503 quae
1133 427 1204 486 ab
1239 429 1578 485 interioribus
1606 424 1981 484 recedentibus

389 540 742 604 acceperunt;
765 529 886 601 quia
906 522 1212 582 recedentia
1233 537 1340 579 non
1361 522 1674 577 amiserunt.
1691 517 1846 588 Quod
1865 518 1983 573 sine

389 628 554 685 dubio
581 623 948 682 manifestatur
972 632 1093 675 cum
1135 616 1479 673 redeuntibus
1517 627 1623 670 non
1662 611 1979 677 restituitur,

390 717 606 790 quando
629 714 765 770 forte
789 710 950 783 aliqui
975 723 1039 766 ex
1067 709 1148 766 eis
1171 707 1301 778 ipsis
1324 706 1414 778 qui
1442 710 1777 762 recesserant
1804 715 1984 758 rever-

390 818 592 866 tuntur.
614 807 725 862 Nec
745 805 1027 876 quisquam
1054 799 1267 866 dixerit,
1294 797 1432 866 Quid
1457 795 1601 854 enim
1622 794 1870 851 frumenti
1893 794 1986 848 ha-

389 904 518 959 bent
541 897 780 956 zizania?
807 896 864 954 Si
887 895 1032 952 enim
1058 894 1163 950 hoc
1187 892 1260 948 ita
1285 901 1396 958 est,
1427 899 1482 947 et
1510 891 1652 945 intus
1679 896 1735 946 et
1761 888 1892 944 foris
1917 886 1985 942 ad

390 995 491 1051 hoc
519 993 777 1051 duntaxat
805 1003 901 1060 per
923 986 1161 1043 conditio
1179 992 1284 1041 est.
1311 983 1493 1054 Neque
1516 981 1658 1038 enim
1687 980 1740 1035 in
1767 977 1986 1034 zinaniis

389 1084 748 1143 exterioribus
782 1096 892 1140 non
929 1079 1270 1134 inveniuntur
1305 1089 1471 1147 grana
1511 1071 1798 1140 frumenti,
1837 1078 1892 1126 et
1929 1069 1986 1124 in

389 1178 734 1237 interioribus
777 1173 1138 1230 inveniuntur.
1174 1171 1250 1227 De
1278 1169 1627 1225 Suet-amento
1651 1173 1832 1221 autem
1861 1176 1985 1219 cum

389 1273 666 1345 quaeritur,
697 1284 804 1324 non
826 1277 1006 1322 utrum
1029 1265 1260 1320 habeant
1281 1261 1480 1333 aliquid
1504 1258 1757 1315 frumenti
1783 1256 1984 1312 zizania

390 1366 666 1438 quaeritur,
693 1363 788 1419 sed
813 1370 992 1418 utrum
1017 1360 1248 1415 habeant
1270 1354 1468 1427 aliquid
1493 1355 1616 1411 cceli
1643 1369 1657 1408 :
1680 1361 1734 1409 et
1751 1351 1988 1408 exterio-

390 1460 539 1516 ribus
575 1459 719 1513 enim
749 1465 804 1512 et
830 1454 1175 1510 interioribus
1219 1451 1438 1506 zizaniis
1481 1463 1603 1505 eum
1649 1447 1767 1518 ipso
1809 1445 1985 1500 tritico

391 1559 473 1606 est
500 1550 675 1620 pluvia
699 1546 1000 1604 communis
1019 1587 1035 1612 ,
1067 1560 1187 1615 quae
1209 1542 1444 1599 calestis
1468 1548 1524 1596 et
1545 1538 1715 1594 dulcis
1739 1545 1823 1592 est
1849 1536 1982 1605 ipsa,

389 1642 553 1697 etiam
578 1640 626 1695 si
650 1655 716 1694 ex
740 1653 806 1694 ea
830 1637 1033 1692 xirania
1056 1635 1311 1691 steriliter
1332 1638 1582 1689 crescunt
1604 1647 1619 1683 :
1641 1628 1723 1685 sic
1744 1637 1799 1684 et
1818 1641 1982 1682 evan-

389 1732 618 1803 gelicum
643 1729 839 1786 Christi
867 1727 1270 1783 Sacramentum
1309 1724 1547 1780 divinum
1584 1728 1640 1778 et
1674 1733 1840 1775 suave
1878 1725 1979 1784 est,

389 1838 564 1894 neque
602 1832 819 1894 propter
856 1835 1043 1876 eorum
1089 1817 1426 1874 sterilitatem
1470 1829 1605 1887 quos
1647 1815 1807 1870 diem
1855 1809 1985 1866 [Oris

389 1915 648 1984 compluit
661 1954 676 1979 ,
710 1910 1139 1983 improbandum.

460 2005 685 2062 CAPUT
725 2004 792 2061 Χ.
816 2033 888 2047 --
913 2004 1000 2059 14.
1034 2002 1238 2058 Dixerit
1261 1999 1474 2070 aliquis,
1503 1996 1757 2053 interiora
1783 1992 1983 2050 aisania

387 2099 596 2156 facilius
621 2100 678 2154 in
703 2097 1029 2153 frumentum
1052 2092 1314 2150 converti.
1341 2089 1594 2148 Concedo
1616 2089 1688 2143 ita
1709 2100 1828 2142 esse
1851 2102 1864 2138 :
1889 2083 1984 2139 sed

385 2193 514 2266 quid
535 2192 639 2248 hoc
661 2191 893 2261 pertinet
913 2189 984 2245 ad
1002 2188 1333 2258 Baptismum
1358 2182 1694 2240 iterandum?
1719 2179 1984 2250 Numquid

387 2287 436 2342 si
463 2286 600 2341 forte
628 2283 818 2354 aliquis
854 2284 923 2338 ab
961 2281 1228 2337 haereticis
1262 2292 1556 2335 conversus
1574 2319 1590 2345 ,
1621 2272 1985 2332 conversionis

389 2395 501 2434 sua:
531 2387 771 2446 tempore
796 2390 858 2430 ac
887 2374 1142 2430 facilitate
1167 2370 1486 2444 pravenerit
1513 2384 1636 2427 eum
1662 2369 1753 2440 qui
1783 2366 1984 2424 tardius

390 2475 536 2526 intus
564 2485 595 2523 a
624 2468 826 2524 malitia
856 2467 1141 2538 corrigitur
1165 2474 1222 2521 et
1249 2473 1484 2521 mutatur
1502 2504 1519 2530 ,
1560 2463 1608 2518 ei
1637 2479 1742 2517 non
1772 2469 1857 2518 est
1881 2460 1983 2516 ite-

390 2565 616 2623 randum
639 2563 944 2632 Baptisms;
971 2571 1026 2617 et
1051 2562 1128 2616 illi
1151 2561 1240 2631 qui
1265 2567 1568 2630 praeventus
1597 2566 1680 2614 est
1705 2556 1776 2612 ab
1797 2570 1865 2612 eo
1892 2555 1984 2625 qui

381 2673 459 2714 ex
483 2653 748 2711 haereticis
775 2654 938 2716 venit.
967 2653 1094 2724 quia
1122 2652 1325 2707 tardius
1352 2659 1627 2706 correctus
1648 2657 1748 2714 est,
1782 2648 1982 2703 iteran-

388 2748 516 2804 dum
545 2748 664 2803 est?
703 2745 847 2802 Nihil
887 2761 1017 2816 ergo
1054 2745 1120 2800 ad
1162 2758 1277 2800 rem
1321 2745 1582 2814 pertinet,
1615 2741 1684 2797 de
1710 2756 1813 2811 qua
1843 2753 1984 2794 nunc

387 2840 612 2912 quinctio
639 2849 720 2895 est
740 2879 756 2906 ,
784 2839 906 2906 quis
926 2837 1098 2893 serius
1122 2852 1181 2891 se
1205 2835 1475 2890 tardiusve
1499 2841 1774 2889 convertat
1801 2847 1830 2886 a
1860 2847 1984 2902 pro-

387 2936 503 3004 pria
533 2932 883 3004 perversitate
922 2930 990 2985 ad
1025 2929 1400 2984 rectitudinem
1425 2927 1586 2992 ﬁdei,
1612 2926 1696 2979 vel
1723 2924 1871 2994 spei,
1898 2925 1982 2979 vel

389 3025 682 3079 charitatis.
726 3022 838 3078 Etsi
879 3022 1024 3077 enim
1064 3020 1345 3074 interiores
1372 3018 1500 3072 mali
1528 3017 1736 3072 facilius
1760 3024 1984 3085 possunt

387 3115 512 3171 boni
543 3114 692 3181 ﬁeri;
723 3112 1008 3182 aliquando
1034 3121 1210 3167 tamen
1237 3118 1294 3166 et
1319 3110 1388 3165 de
1413 3123 1634 3164 numero
1657 3108 1980 3163 exteriorum

389 3207 606 3278 quidam
635 3204 893 3276 quosdam
941 3205 1225 3259 interiores
1249 3203 1599 3259 conversione
1627 3204 1979 3272 przeveniunt,

386 3307 444 3354 et
471 3298 580 3352 illis
617 3299 672 3352 in
715 3297 994 3353 sterilitate
1037 3296 1378 3352 manentibus
1404 3295 1594 3350 unitati
1627 3294 1978 3362 reconciliati,

385 3388 620 3445 fructum
641 3388 868 3444 alierum
897 3403 1022 3444 cum
1051 3387 1330 3444 tolerantis
1350 3428 1366 3454 ,
1403 3386 1522 3442 sive
1552 3387 1829 3449 trieenum,
1861 3386 1981 3443 sive

384 3496 740 3552 sexagenum,
773 3481 885 3537 sive
913 3489 1197 3537 centenum
1225 3478 1441 3552 (Matth.
1470 3494 1602 3544 xm,
1642 3477 1734 3543 25,
1773 3487 1818 3532 et
1847 3477 1976 3532 Luc.

387 3592 481 3632 νιιι
503 3619 518 3644 ,
548 3578 663 3646 15).
694 3578 801 3632 Aut
825 3577 871 3631 si
901 3577 1100 3630 zizania
1138 3590 1201 3630 ea
1241 3573 1357 3629 sola
1398 3572 1623 3629 dicenda
1665 3581 1823 3637 sunt,
1859 3588 1980 3642 qua:

389 3686 558 3740 usque
593 3671 646 3724 in
677 3671 838 3723 linem
864 3670 916 3723 in
947 3669 1180 3738 maligno
1206 3681 1391 3723 errore
1419 3666 1746 3736 perdurant;
1772 3673 1826 3720 et
1848 3665 1980 3721 foris

384 3761 551 3817 multa
577 3759 843 3815 (ramenta
867 3769 1010 3826 sunt,
1043 3768 1098 3814 et
1125 3759 1268 3814 intus
1292 3758 1455 3813 multa
1481 3759 1704 3812 zizania.

458 3855 545 3908 15.
587 3854 658 3907 At
697 3852 840 3907 enim
885 3852 1096 3921 pejores
1131 3859 1258 3906 sunt
1292 3851 1589 3905 exteriores
1625 3865 1786 3920 quam
1832 3849 1973 3904 intc-

385 3946 557 4000 riores
584 3942 747 3997 mali?
778 3939 959 4012 Magna
982 3941 1197 4011 quidem
1222 3941 1450 4012 qun-alio
1488 3951 1591 4008 est,
1622 3951 1798 3996 utrum
1826 3942 1976 4012 pejor

384 4035 546 4092 fuerit
579 4033 827 4090 Nicolaus
854 4033 1088 4088 exterior
1111 4032 1221 4102 jam
1253 4030 1448 4103 (Apoc.
1479 4046 1535 4096 ιι,
1565 4031 1597 4085 6
1618 4031 1636 4101 )
1657 4072 1672 4095 ,
1705 4046 1864 4100 quam
1887 4030 1972 4086 Si-

385 4145 512 4186 mon
537 4128 709 4183 adhuc
735 4126 954 4181 interior
985 4125 1132 4196 (Act.
1163 4140 1272 4188 vni,
1304 4124 1436 4180 9-24
1456 4124 1496 4192 ),
1526 4123 1650 4193 quia
1677 4123 1766 4178 ille
1797 4123 1970 4178 haere-

386 4223 521 4277 ticus
544 4261 560 4287 ,
587 4221 687 4274 iste
711 4233 915 4290 magus.
943 4217 1097 4285 Quod
1123 4217 1166 4272 si
1199 4217 1314 4287 ipsa
1352 4214 1544 4271 divisio
1567 4256 1584 4281 ,
1614 4215 1734 4285 quia
1765 4214 1972 4270 violata:

382 4312 656 4368 charitatis
687 4311 1044 4366 certissimum
1083 4308 1335 4364 indicium
1361 4317 1479 4372 est,
1509 4307 1722 4378 gravius
1750 4307 1972 4363 habetur

383 4406 580 4461 malum
604 4446 622 4471 ,
646 4404 880 4460 concedo
910 4403 982 4458 ita
1007 4418 1148 4459 esse.
1175 4402 1282 4458 Sed
1309 4401 1460 4456 multi
1488 4400 1682 4456 amissa
1712 4399 1971 4456 charitnte

382 4509 663 4570 propterea
688 4515 792 4553 non
815 4504 1019 4554 exeunt
1043 4496 1206 4562 foras,
1236 4495 1360 4565 quia
1386 4493 1730 4550 smcularibus
1759 4493 1968 4548 emolu-

381 4593 576 4648 mentis
610 4599 854 4646 tenentur
877 4631 895 4657 ,
925 4597 980 4645 et
1021 4603 1118 4644 sua
1155 4595 1488 4658 quaerentes,
1527 4601 1634 4642 non
1679 4601 1798 4657 quae
1838 4585 1970 4641 Jesu

379 4685 578 4740 Christi
606 4683 882 4753 (Philipp.
914 4696 969 4746 ιι,
1001 4681 1065 4735 21
1093 4680 1112 4750 )
1137 4721 1152 4747 ,
1187 4694 1293 4734 non
1318 4696 1350 4735 a
1372 4679 1570 4735 Christi
1599 4682 1802 4735 unitate
1824 4719 1840 4745 ,
1869 4678 1966 4734 sed

379 4792 408 4830 a
437 4777 550 4832 suis
571 4775 868 4831 commodis
892 4774 1078 4829 nolunt
1102 4773 1378 4829 recedere.
1404 4773 1557 4828 Unde
1582 4773 1780 4828 dictum
1804 4782 1884 4828 est
1911 4774 1966 4828 in

378 4866 536 4923 laude
562 4866 872 4933 charitatis,
927 4864 1051 4921 Non
1089 4865 1271 4936 quat-it
1316 4881 1431 4936 qua:
1469 4882 1564 4920 sua
1603 4875 1718 4922 sunt
1748 4862 1962 4936 (llCor.

379 4975 496 5026 xm,
527 4957 620 5030 ὅ).

453 5049 546 5106 16.
583 5049 736 5106 Nunc
751 5064 882 5120 ergo
897 5047 1449 5120 quaeritnr,quomedo
1463 5056 1707 5118 poterant
1723 5047 1966 5103 homines

379 5158 448 5199 ex
473 5151 624 5213 parte
649 5141 868 5209 diaboli,
895 5140 1160 5211 pertinere
1186 5140 1254 5196 ad
1283 5139 1602 5206 Ecclesium,
1631 5153 1736 5193 non
1766 5137 1966 5194 haben-

378 5243 487 5292 tem
506 5235 766 5290 maculam
788 5241 882 5289 aut
899 5248 1102 5304 rugam,
1126 5241 1218 5289 aut
1234 5231 1434 5303 aliquid
1459 5229 1721 5301 ejusmodi
1743 5229 1962 5297 (Eplies.

379 5344 435 5396 v,
462 5328 568 5398 27)
594 5324 688 5401 (α),
716 5328 788 5384 de
809 5345 914 5399 qua
940 5329 1102 5385 etiam
1123 5327 1328 5384 dictum
1353 5334 1457 5393 est,
1486 5323 1604 5382 Una
1631 5335 1705 5380 at
1734 5324 1966 5378 columba

378 5438 490 5476 mea
515 5419 699 5495 (Cant.
727 5436 801 5490 vi,
827 5421 919 5494 8).
941 5420 1093 5490 Quod
1123 5420 1168 5474 si
1198 5434 1303 5474 non
1332 5425 1589 5490 possunt,
1623 5415 1959 5471 manifestum

377 5521 461 5568 est
483 5527 602 5569 eam
630 5513 768 5569 inter
794 5513 997 5569 alienos
1025 5525 1258 5584 gemere,
1285 5519 1340 5568 et
1363 5511 1680 5566 intrinsecus
1708 5508 1962 5565 insidian-

375 5611 490 5671 tes,
531 5612 586 5660 et
627 5605 956 5662 extrinsecus
999 5602 1341 5660 oblatrantes.
1388 5602 1546 5658 Tales
1588 5593 1765 5657 tamen
1801 5601 1960 5656 etiam

379 5698 522 5755 intus
548 5707 603 5755 et
625 5701 888 5772 accipiunt
924 5699 1252 5771 Baptismum
1275 5741 1289 5766 ,
1320 5707 1374 5754 et
1402 5696 1637 5766 habent,
1665 5705 1720 5754 et
1747 5695 1960 5753 tradunt

434 5831 509 5897 (tt)
531 5839 567 5883 ll
587 5840 814 5896 netract.,
831 5847 937 5897 cap.
957 5833 1030 5884 18.

1140 315 1231 372 DE
1270 313 1613 372 BAPTISMO
1649 307 1923 369 CONTRA
1965 301 2416 378 DONATISTAS,
2456 308 2514 366 S.
2556 307 2930 368 AUGUSTINI

3616 303 3744 362 164

2089 431 2330 480 sanctum
2362 438 2458 496 per
2487 437 2544 481 se
2570 426 2766 496 ipsum,
2793 437 2893 480 nec
2918 423 3028 479 ulla
3053 436 3118 478 ex
3146 431 3297 495 parte
3323 423 3544 481 illorum
3583 436 3740 477 ma-

2089 515 2330 587 lignitate
2353 517 2615 584 violatur,
2651 518 2704 572 in
2729 531 2830 588 qua
2871 517 2924 571 in
2971 517 3132 572 linem
3159 531 3330 586 usque
3369 518 3733 589 perdurant.

2088 609 2348 676 Quocirca
2381 624 2480 666 nos
2520 610 2662 667 idem
2705 610 2894 666 beatus
2933 610 3233 682 Cyprianus
3277 608 3474 681 docet,
3507 626 3628 682 per
3662 624 3734 665 se

2088 703 2262 774 ipsum
2283 701 2730 759 considerandum
2757 717 2876 758 esse
2897 703 3226 774 Baptismum
3250 701 3431 760 verbis
3454 719 3732 776 evange-

2089 795 2205 854 licis
2227 839 2242 864 ,
2273 796 2410 853 sicut
2449 797 2654 866 accepit
2695 796 2936 853 Ecclesia
2959 839 2974 864 ,
3001 805 3374 853 consecratum
3393 841 3408 865 ,
3441 812 3551 854 non
3611 798 3732 853 ad-

2086 890 2268 961 juncta
2290 904 2464 961 neque
2484 891 2746 960 permixta
2768 891 2875 945 ulla
2899 891 3250 960 perversitate
3271 900 3437 963 atque
3460 892 3724 956 malitia,

2090 983 2203 1038 sive
2244 982 2612 1051 accipientium
2656 981 2769 1037 sive
2809 981 3129 1037 tradentium
3182 1001 3197 1036 :
3245 983 3723 1054 quandoquidem

2091 1080 2375 1142 utrumque
2397 1085 2496 1126 nos
2522 1070 2636 1142 ipse
2663 1071 2948 1138 admonet,
2976 1080 3033 1126 et
3057 1071 3200 1128 intus
3227 1071 3390 1130 fuisse
3419 1073 3725 1145 quosdam

2091 1178 2196 1220 non
2227 1172 2504 1220 servantes
2539 1163 2852 1220 benevolum
2893 1163 3206 1221 charitatem
3230 1206 3246 1231 ,
3277 1166 3372 1222 sed
3403 1168 3461 1222 in
3489 1168 3723 1224 invidia

2089 1266 2147 1316 et
2175 1257 2434 1314 malevola
2475 1256 2810 1314 dissensione
2846 1267 3125 1326 versatos,
3166 1260 3234 1315 de
3261 1260 3459 1330 quibus
3489 1261 3724 1318 Paulus

2089 1353 2362 1422 apostolus
2390 1352 2599 1409 locutus
2626 1361 2743 1418 est;
2774 1361 2828 1407 et
2853 1366 2921 1408 ex
2954 1361 3106 1422 parte
3148 1351 3344 1408 diaboli
3388 1366 3515 1410 esse
3545 1356 3720 1411 invi-

2089 1443 2209 1510 dos,
2240 1445 2378 1500 sicut
2406 1444 2458 1498 in
2488 1444 2708 1514 epistola
2738 1458 2896 1515 quam
2924 1444 2992 1500 de
3021 1446 3136 1500 zelo
3165 1455 3221 1502 et
3248 1446 3417 1504 livore
3444 1449 3715 1520 scripsit,

2089 1537 2422 1606 apertissima
2448 1550 2582 1593 voce
2609 1546 2854 1594 testatur.
2880 1537 3238 1606 Quamobrem
3260 1581 3274 1606 ,
3301 1557 3423 1597 cum
3451 1543 3719 1600 manife-

2089 1639 2230 1684 stum
2257 1629 2326 1683 sit
2353 1630 2466 1684 lteri
2494 1644 2650 1699 posse
2673 1629 2804 1685 utin
2834 1631 2914 1686 eis
2940 1632 3028 1702 qui
3053 1641 3178 1686 sunt
3198 1647 3264 1687 ex
3284 1642 3436 1705 parte
3459 1635 3709 1704 diaboli,

2088 1729 2332 1776 sanctum
2365 1730 2542 1778 tamen
2567 1724 2639 1778 sit
2663 1722 3063 1778 Sacramentum
3091 1723 3329 1794 Christi,
3358 1739 3471 1782 non
3496 1727 3567 1783 ad
3596 1743 3709 1785 sa-

2089 1812 2254 1868 lutem
2277 1854 2292 1878 ,
2319 1813 2415 1869 sed
2454 1812 2521 1869 ad
2558 1813 2816 1884 judicium
2852 1829 3039 1870 eorum
3064 1855 3078 1882 ,
3120 1831 3226 1871 non
3274 1818 3449 1874 solum
3480 1821 3527 1876 si
3563 1831 3710 1891 post

2087 1914 2363 1976 acceptum
2388 1905 2716 1975 Baptismum
2747 1914 3138 1975 pervertuntur,
3169 1908 3262 1964 sed
3289 1907 3450 1965 etiam
3477 1909 3525 1966 si
3547 1915 3710 1969 tales

2087 1998 2373 2066 accipiunt,
2398 1998 2536 2053 sicut
2562 1997 2702 2053 idem
2732 1997 3030 2070 Cyprianus
3053 1999 3301 2067 ostendit,
3331 2002 3535 2058 sucula
3554 2020 3706 2060 ver-

2087 2088 2171 2144 bis
2193 2088 2322 2144 solis
2349 2098 2404 2144 et
2431 2103 2538 2143 non
2560 2089 2713 2144 factis
2736 2091 3102 2146 renuntiantes
3128 2088 3321 2163 (Epist.
3353 2095 3440 2160 11,
3472 2097 3546 2149 ad
3571 2095 3708 2152 Cle-

2088 2177 2290 2251 ricos);
2325 2195 2423 2236 nec
2449 2181 2569 2236 ideo
2599 2180 2644 2235 si
2671 2183 2894 2237 correcti
2925 2191 3108 2252 postea
3137 2181 3350 2252 fuerint,
3379 2185 3509 2241 illud
3536 2189 3702 2257 quod

2087 2272 2323 2342 perversi
2368 2280 2721 2342 acceperant,
2760 2273 3060 2329 iterandum
3099 2282 3227 2329 est:
3255 2285 3510 2346 quantum
3538 2280 3704 2335 arbi-

2087 2371 2201 2419 tror
2224 2404 2240 2430 ,
2267 2364 2376 2434 jam
2412 2364 2579 2420 claret
2606 2374 2661 2419 et
2698 2365 2898 2434 liquet,
2932 2365 2986 2420 in
3025 2365 3121 2420 ista
3151 2368 3446 2437 quastione
3473 2370 3548 2426 de
3575 2371 3697 2426 Ba-

2087 2458 2284 2528 ptismo
2317 2471 2422 2513 non
2450 2471 2570 2513 esse
2597 2456 2936 2529 cogitandum
2966 2459 3087 2529 quis
3112 2457 3206 2516 det
3225 2500 3239 2526 ,
3270 2461 3364 2516 sed
3392 2463 3520 2532 quid
3547 2463 3650 2519 det
3677 2481 3695 2530 ;

2087 2557 2176 2604 aut
2197 2549 2316 2620 quis
2341 2549 2604 2620 accipiat,
2637 2549 2731 2605 sed
2761 2550 2888 2621 quid
2915 2551 3170 2622 accipiat;
3197 2560 3292 2607 aut
3317 2553 3437 2623 quis
3456 2553 3693 2624 habent,

2087 2641 2183 2698 sed
2211 2642 2338 2712 quid
2379 2641 2591 2698 habeat.
2618 2642 2676 2699 Si
2715 2644 2858 2698 enim
2887 2643 3132 2700 homines
3157 2659 3224 2700 ex
3253 2653 3405 2715 parte
3433 2645 3646 2704 diaboli
3674 2691 3693 2718 ,

2086 2747 2140 2792 et
2164 2736 2286 2792 ideo
2310 2751 2641 2807 nequaquam
2666 2736 2734 2792 ad
2761 2736 3062 2792 columbam
3087 2736 3299 2793 unicam
3323 2740 3689 2808 pertinentes,

2086 2839 2311 2900 possunt
2337 2838 2513 2886 tamen
2553 2831 2796 2900 accipere
2835 2838 2890 2885 et
2934 2830 3134 2888 habere
3176 2840 3233 2887 et
3259 2831 3389 2887 dare
3414 2833 3690 2904 Baptismi

2086 2922 2455 2989 sanctitatem,
2490 2924 2640 2978 nullo
2667 2923 2828 2978 modo
2867 2938 2963 2980 sua
3007 2924 3360 2995 perversitate
3383 2927 3685 2992 violatam,

2086 3016 2222 3071 sicut
2246 3030 2314 3071 ex
2344 3017 2510 3086 ipsius
2538 3013 2789 3088 Cypriani
2819 3014 3015 3072 litteris
3059 3017 3444 3086 admonemur;
3487 3021 3690 3091 utquid

2085 3110 2366 3166 tribuimus
2411 3109 2677 3165 haereticis
2721 3109 2941 3165 aliena?
2986 3111 3172 3180 utquid
3217 3111 3444 3167 dicimus
3487 3127 3689 3170 eorum

2085 3216 2206 3258 esse
2233 3201 2372 3274 quod
2401 3201 2600 3257 Christi
2627 3211 2739 3268 est;
2783 3215 2845 3256 ac
2875 3216 2984 3257 non
3008 3204 3185 3274 potius
3212 3204 3266 3258 in
3296 3204 3375 3260 eis
3418 3212 3473 3261 et
3503 3205 3692 3278 Impe-

2083 3299 2278 3350 ratoris
2303 3295 2469 3351 nostri
2493 3295 2642 3366 signa
2671 3296 3063 3367 cognoscimus,
3091 3303 3146 3353 et
3170 3296 3508 3354 desertorum
3538 3299 3689 3356 facta

2083 3388 2468 3444 emendamus?
2488 3388 2822 3458 Quapropter
2844 3389 2986 3444 aliud
3013 3399 3094 3444 est
3115 3387 3354 3461 quidem,
3383 3392 3524 3448 sicut
3548 3393 3690 3449 dicit

2083 3491 2298 3536 sanctus
2323 3479 2618 3553 Cyprianus
2641 3524 2656 3547 ,
2685 3497 2768 3535 eos
2809 3483 2894 3552 qui
2924 3484 3058 3537 intus
3085 3483 3140 3537 in
3181 3483 3412 3539 Ecclesia
3441 3496 3593 3551 sunt,
3630 3489 3690 3541 in

2082 3577 2283 3632 nomine
2304 3575 2492 3632 Christi
2521 3577 2692 3647 loqui;
2717 3574 2862 3629 aliud
2891 3592 2973 3631 eos
3000 3577 3086 3646 qui
3116 3575 3240 3648 {oris
3265 3585 3400 3644 sunt,
3431 3589 3479 3632 et
3497 3588 3686 3634 contra

2083 3671 2362 3726 Ecclesium
2389 3671 2612 3742 faciunt,
2646 3670 2699 3724 in
2725 3670 2924 3724 nomine
2962 3670 3152 3726 Christi
3176 3670 3435 3739 baptizare
3466 3671 3490 3745 (
3506 3672 3679 3744 Epist.

2082 3763 2169 3827 75,
2194 3763 2261 3816 ad
2280 3759 2645 3833 .lubaianum).
2670 3762 2775 3817 Sed
2798 3771 2851 3817 et
2872 3762 3021 3816 multi
3044 3762 3132 3832 qui
3159 3763 3299 3817 intus
3319 3773 3464 3833 sunt,
3484 3774 3680 3820 contra

2081 3856 2371 3912 Ecclesium
2418 3854 2616 3909 faciunt
2658 3854 2797 3909 male
2835 3853 3098 3923 vivendo,
3130 3863 3185 3910 et
3226 3855 3280 3909 in
3320 3869 3472 3910 suam
3510 3857 3679 3912 vitam

2078 3951 2320 4006 inﬁrmas
2363 3949 2569 4003 animas
2615 3947 2976 4015 traducendo;
3026 3956 3079 4004 et
3120 3947 3365 4003 nonnulli
3413 3950 3502 4020 qui
3545 3947 3679 4005 foris

2082 4052 2225 4104 sunt,
2260 4043 2312 4096 in
2341 4042 2539 4098 Christi
2580 4043 2796 4097 nomine
2832 4042 3152 4112 loqu-untur,
3187 4056 3286 4097 nec
3312 4042 3526 4112 operari
3557 4057 3678 4115 quae

2077 4134 2274 4189 Christi
2294 4141 2437 4199 sunt,
2463 4133 2556 4188 sed
2579 4133 2710 4188 foris
2732 4148 2854 4189 esse
2880 4133 3250 4204 prohibentur,
3271 4135 3489 4205 quando
3505 4142 3676 4190 eosut

2078 4236 2336 4282 sanentur
2355 4225 2436 4280 vel
2458 4225 2775 4294 corripimus
2794 4267 2809 4293 ,
2834 4226 2918 4280 vel
2941 4226 3212 4296 arguimus
3230 4267 3245 4292 ,
3262 4225 3348 4281 vel
3368 4225 3672 4283 hortamur.

2077 4317 2209 4372 Nam
2226 4325 2278 4372 et
2297 4318 2386 4372 ille
2401 4317 2526 4371 foris
2542 4325 2677 4385 erat,
2698 4319 2784 4388 qui
2800 4332 2922 4372 cum
2941 4316 3210 4388 discipulis
3225 4331 3331 4373 non
3344 4319 3675 4389 sequebatur

2075 4409 2344 4464 Christum
2367 4451 2381 4476 ,
2415 4417 2469 4463 et
2496 4410 2547 4462 in
2577 4409 2792 4464 nomine
2819 4407 3016 4463 Christi
3043 4409 3344 4480 expellebat
3369 4409 3664 4481 daemonia,

2073 4501 2214 4572 quod
2237 4502 2490 4556 Dominus
2515 4515 2581 4556 ne
2604 4501 2976 4571 prohiberetur
2996 4500 3271 4556 admonuit
3287 4500 3451 4572 (Luc.
3482 4519 3558 4572 rx,
3577 4504 3667 4571 49,

2072 4591 2179 4662 50)
2214 4610 2227 4646 :
2259 4593 2500 4662 quamvis
2527 4593 2710 4663 utique
2749 4594 2800 4647 in
2840 4605 2946 4663 quo
2992 4594 3200 4648 saueius
3244 4602 3361 4649 erat
3395 4596 3669 4651 curandus

2072 4693 2217 4739 esset
2237 4684 2340 4738 illis
2369 4683 2543 4739 verbis
2575 4681 2804 4748 Domini,
2834 4683 2926 4738 ubi
2956 4685 3049 4751 ait,
3085 4683 3186 4749 Qui
3214 4699 3316 4739 non
3345 4695 3421 4740 est
3445 4703 3665 4754 mecum,

2071 4777 2339 4830 adversum
2367 4791 2446 4830 me
2469 4785 2579 4840 est;
2620 4785 2664 4830 et
2712 4777 2799 4848 qui
2842 4792 3034 4831 mecum
3077 4794 3178 4832 non
3207 4778 3421 4850 colligit,
3470 4782 3667 4852 spargit

2071 4869 2285 4940 (Matth.
2316 4883 2408 4933 ιιι,
2439 4867 2563 4941 50).
2592 4869 2660 4923 Et
2687 4869 2816 4924 foris
2842 4883 2969 4939 ergo
2997 4868 3129 4924 liunt
3157 4869 3333 4940 aliqua
3360 4870 3418 4924 in
3444 4873 3666 4927 nomine

2071 4959 2285 5026 Christi,
2317 4974 2422 5014 non
2453 4969 2638 5015 contra
2665 4959 2994 5027 Ecclesium;
3018 4969 3072 5016 et
3101 4958 3243 5015 intus
3266 4973 3331 5016 ex
3362 4970 3518 5032 parte
3541 4962 3661 5016 dia-

2069 5054 2178 5110 boli
2204 5063 2386 5110 contra
2418 5052 2732 5109 Ecclesiam.

2141 5166 2367 5225 CAPUT
2404 5167 2498 5244 _Xl.
2522 5198 2592 5209 ——
2621 5168 2705 5222 l7.
2743 5167 2918 5237 Quid,
2951 5167 3088 5239 quod
3121 5168 3282 5224 etiam
3309 5170 3508 5226 mirum
3539 5182 3658 5240 est,

2070 5261 2210 5332 quod
2237 5261 2477 5317 accidere
2505 5275 2664 5332 posse
2707 5259 2911 5316 invenit
2953 5261 3042 5333 qui
3073 5261 3356 5332 diligenter
3386 5263 3658 5333 advertit,

2069 5355 2327 5424 quosdam
2354 5354 2500 5408 salva
2540 5352 2796 5408 charitate
2824 5353 3017 5410 docere
3046 5354 3247 5426 aliquid
3276 5356 3486 5426 inutile,
3521 5361 3660 5416 sicut

2068 5446 2260 5504 Petrus
2282 5445 2479 5502 Gentes
2505 5446 2725 5516 cogebat
2743 5445 3014 5514 judaizare
3044 5444 3250 5519 (Galat.
3281 5464 3337 5514 ιι,
3372 5449 3496 5523 id),
3521 5451 3660 5507 sicut

2068 5538 2183 5610 ipse
2205 5535 2505 5608 Cyprianus
2536 5535 2816 5591 haereticos
2843 5536 3018 5592 denuo
3047 5538 3342 5608 baptizari:
3368 5541 3511 5598 unde
3540 5544 3659 5599 tali-

2068 5634 2168 5689 bus
2193 5632 2346 5688 bonis
2370 5631 2625 5687 membris
2657 5631 2708 5685 in
2734 5630 2995 5688 charitate
3021 5633 3289 5702 radicatis,
3315 5643 3371 5692 et
3394 5637 3448 5691 in
3476 5638 3655 5711 aliquo

2067 5744 2174 5788 non
2196 5736 2340 5783 recte
2362 5726 2776 5795 ingredientibus
2796 5726 2924 5782 dicit
2944 5728 3252 5798 Apostolus,
3281 5729 3344 5786 Si
3366 5733 3490 5802 quid
3507 5735 3655 5788 aliter

2068 5822 2264 5892 sapitis,
2291 5819 2341 5873 id
2363 5835 2553 5889 quoque
2572 5819 2705 5874 vobis
2727 5818 2862 5873 Deus
2891 5819 3120 5874 reuelabit
3144 5818 3402 5892 (Philipp.
3428 5838 3502 5893 tn,
3530 5826 3649 5899 l5):
