3812 6124
489 223 595 284 167

490 336 545 395 in
573 336 687 408 ipsa
725 333 866 391 intus
893 329 1129 389 Ecclesia
1161 329 1467 401 baptizare?
1504 327 1697 396 Quaero
1723 323 2073 396 quemadmo-

487 427 615 485 dum
646 441 769 483 vasa
798 425 908 489 illa,
938 439 1056 494 quae
1083 437 1185 476 non
1209 421 1260 474 in
1291 420 1572 483 honorem,
1595 417 1689 474 sed
1716 417 1768 472 in
1798 423 2080 472 contume-

487 521 612 577 liam
637 519 828 576 domus
852 531 1041 586 magna
1072 513 1328 580 continet,
1363 513 1500 567 intra
1529 512 1698 582 ipsam
1723 509 1944 566 domum
1964 521 2076 561 ma-

488 626 646 683 gnam
698 609 904 680 possint
960 604 1354 664 sanctiﬁcandis
1406 602 1709 659 hominibus
1771 600 2077 656 ministrare

483 703 625 776 quod
650 710 890 758 sanctum
931 709 1034 768 est,
1067 699 1166 755 nisi
1193 699 1315 771 quia
1346 698 1438 753 illa
1467 696 1721 752 sanctitas
1744 693 2077 752 Sacramenti

493 811 592 852 nec
605 795 673 850 ab
690 793 976 850 immundis
999 793 1160 863 pollui
1182 799 1376 862 potest,
1395 791 1505 846 sive
1518 804 1637 845 cum
1654 803 1748 859 per
1774 801 1868 842 eos
1897 785 2074 850 datur,

481 889 595 945 sive
621 902 743 944 cum
767 886 836 942 ab
861 885 939 942 eis
964 885 1054 956 qui
1082 883 1246 940 corde
1271 891 1325 939 et
1352 883 1460 937 vita
1487 882 1538 937 in
1572 880 1762 936 melius
1793 894 1897 933 non
1931 892 2075 931 com-

482 987 752 1035 mutantur
781 975 1079 1048 accipitur?
1122 975 1199 1030 De
1223 975 1415 1047 quibus
1450 974 1592 1028 intus
1617 971 1824 1042 positis,
1853 971 1968 1040 ipse
1993 967 2076 1023 di-

479 1072 574 1138 cit,
605 1069 808 1126 Satculo
833 1069 993 1124 verbis
1013 1068 1134 1123 solis
1153 1077 1199 1121 et
1226 1083 1326 1122 non
1350 1065 1498 1138 factis
1519 1063 1858 1119 renuntiantes
1879 1059 2070 1132 (Epist.

481 1162 538 1217 11
553 1203 569 1229 ,
602 1163 670 1214 ad
704 1159 970 1231 Clericos).

550 1252 640 1309 20.
681 1252 815 1309 Sunt
841 1267 968 1324 ergo
998 1260 1045 1308 cl
1076 1253 1216 1306 intus
1246 1251 1408 1305 hostes
1435 1248 1550 1315 Dei,
1579 1257 1625 1303 et
1661 1262 1873 1317 quorum
1905 1254 2071 1316 pecto-

479 1361 536 1397 ra
564 1344 810 1399 obsederit
839 1343 1047 1414 spiritus
1073 1341 1370 1396 Antichristi
1393 1355 1412 1394 :
1435 1347 1491 1395 et
1519 1347 1695 1393 tamen
1721 1344 1899 1409 gerunt
1923 1336 2074 1407 spiris;

489 1438 648 1492 tualia
670 1447 716 1491 et
739 1437 908 1491 divina
942 1436 1129 1509 (Epist.
1156 1436 1243 1500 75,
1272 1433 1340 1487 ad
1359 1431 1652 1501 Jubaian.),
1674 1447 1794 1502 quae
1817 1445 1914 1485 nec
1943 1429 2071 1500 ipsis

485 1537 708 1601 possunt
729 1527 980 1600 quamdiu
1005 1527 1136 1582 tales
1170 1534 1294 1580 sunt
1313 1524 1380 1580 ad
1408 1525 1632 1578 salutem
1663 1521 1937 1592 prodesse,
1969 1535 2070 1576 nec

482 1621 581 1690 ipsi
609 1635 671 1676 ea
697 1626 920 1690 possunt
957 1633 1052 1674 sua
1081 1615 1417 1672 immunditia
1458 1614 1748 1669 maculare.
1786 1611 1939 1678 Quod
1966 1611 2068 1666 ita-

479 1726 581 1781 que
605 1711 752 1778 dicit,
784 1710 913 1764 nihil
938 1710 1007 1764 eis
1035 1709 1102 1762 ad
1127 1709 1347 1780 gratiam
1377 1706 1763 1761 ecclesiasticam
1805 1715 1849 1759 et
1875 1704 2071 1759 saluta-

479 1819 582 1857 rem
615 1802 762 1857 licere
779 1841 794 1868 ,
821 1802 908 1872 qui
933 1808 1245 1871 spargentes,
1271 1800 1288 1830 ¹
1324 1808 1472 1867 atque
1508 1798 1861 1868 impugnantes
1884 1794 2066 1849 Eccle-

477 1896 606 1948 siant
631 1893 838 1959 Christi,
867 1908 899 1945 a
918 1891 1116 1947 Christo
1140 1893 1252 1961 ipso
1272 1890 1568 1954 adversarii,
1593 1888 1653 1940 ab
1675 1887 1931 1959 Apostolis
1957 1888 2067 1958 ejus

475 1985 755 2040 antichristi
795 1983 1146 2049 nominentur;
1188 1983 1265 2037 sic
1293 1980 1656 2052 accipiendum
1703 1987 1819 2044 est,
1862 1979 1985 2050 quia
2013 1986 2068 2033 et

474 2075 601 2130 foris
627 2084 684 2131 et
709 2075 851 2130 intus
877 2074 1216 2130 inveniuntur
1253 2073 1386 2126 tales
1418 2088 1430 2122 :
1460 2073 1851 2140 separationem
1880 2079 2057 2125 tamen

473 2181 658 2222 eorum
687 2165 779 2238 qui
809 2165 954 2225 intus
991 2171 1150 2234 sunt,
1178 2162 1246 2221 ab
1284 2163 1426 2221 illius
1454 2160 1714 2216 columbae
1739 2159 2064 2231 perfectione

471 2268 633 2331 atque
655 2259 890 2326 unitate,
933 2271 1038 2314 non
1078 2256 1252 2312 solum
1283 2255 1426 2312 Deus
1458 2254 1607 2310 novit
1640 2252 1695 2309 in
1722 2251 2060 2325 quibusdam,

470 2351 563 2406 sed
594 2351 756 2406 etiam
800 2350 1043 2406 homines
1072 2349 1125 2404 in
1148 2346 1501 2418 quibusdam;
1533 2361 1760 2418 quorum
1800 2347 1851 2400 in
1883 2346 2059 2401 mani-

471 2444 607 2500 festo
636 2443 922 2514 pessimam
962 2442 1121 2498 vitam
1147 2440 1620 2510 conﬁrmatamque
1649 2439 1940 2510 nequitiam
1972 2440 2057 2494 in-

473 2544 701 2603 tuentes,
729 2543 784 2591 et
806 2550 922 2590 eam
951 2541 1337 2606 praceptorum
1364 2531 1663 2587 divinorum
1689 2531 1886 2602 regulis
1905 2545 2056 2586 com-

468 2634 736 2696 parantes,
761 2624 1060 2696 intelligunt
1079 2638 1236 2695 quam
1254 2621 1437 2678 multis
1457 2622 1673 2677 zizaniis
1689 2630 1743 2677 et
1763 2621 1928 2692 paleis
1943 2622 2057 2678 sive

465 2718 595 2773 foris
623 2718 734 2774 sive
763 2718 904 2772 intus
934 2717 1119 2788 positis
1138 2757 1156 2785 ,
1183 2716 1278 2772 sed
1305 2724 1484 2772 tamen
1514 2715 1567 2770 in
1599 2715 1702 2770 ﬁne
1722 2716 2056 2786 apertissime

463 2807 773 2879 separandis
815 2807 1054 2864 dicturus
1082 2816 1165 2863 est
1205 2808 1462 2863 Dominus
1481 2849 1496 2875 ,
1527 2807 1764 2863 Recedite
1787 2824 1819 2860 a
1844 2823 1938 2873 me,
1967 2807 2055 2879 qui

463 2901 741 2970 operamini
766 2901 1082 2970 iniquitatem
1115 2899 1329 2972 (Matth.
1354 2915 1445 2966 vn,
1466 2898 1557 2970 25)
1582 2916 1596 2965 ;
1622 2908 1694 2966 et,
1721 2897 1800 2953 Ite
1819 2899 1872 2952 in
1888 2899 2054 2970 ignem

462 3001 704 3046 aeternum
723 3031 739 3057 ,
779 2990 863 3062 qui
893 3000 1100 3062 paratus
1125 2998 1197 3047 est
1235 2990 1436 3046 diabolo
1472 2999 1521 3044 et
1563 2991 1754 3062 angelis
1780 2992 1886 3061 ejus
1915 2988 2043 3062 (Id.

461 3102 592 3154 xxv,
618 3084 732 3158 41).

531 3181 755 3238 CAPUT
795 3179 933 3236 XIV.
961 3209 1031 3219 -—
1053 3180 1142 3235 2L
1175 3179 1250 3234 De
1273 3177 1628 3235 conversione
1652 3186 1827 3233 autem
1855 3178 2048 3232 nullius

458 3274 848 3346 desperandum
865 3283 966 3340 est,
989 3273 1102 3328 sive
1117 3271 1247 3328 foris
1263 3272 1376 3327 sive
1397 3272 1538 3326 intus
1555 3271 1848 3335 constituti,
1871 3285 2048 3341 quam-

457 3366 546 3422 diu
576 3365 827 3437 patientia
858 3364 955 3420 Dei
979 3364 1046 3420 ad
1075 3364 1445 3435 paenitentiam
1471 3379 1594 3419 eum
1621 3363 1837 3418 adducit
1867 3361 2040 3434 (Rom.

457 3473 513 3523 ιι,
542 3455 618 3530 ι),
646 3465 701 3514 et
728 3457 907 3513 visitat
934 3455 990 3511 in
1016 3456 1164 3527 virga
1194 3453 1428 3510 facinora
1456 3469 1640 3511 eorum
1667 3496 1682 3521 ,
1711 3463 1764 3508 et
1787 3454 1838 3508 in
1867 3453 2046 3525 ﬂagel-

456 3551 525 3606 lis
555 3559 768 3620 peceata
817 3563 1023 3604 eorum.
1068 3548 1181 3604 Hoc
1226 3549 1368 3603 enim
1420 3547 1580 3601 modo
1623 3546 2044 3602 misericordiam

456 3657 609 3696 suam
634 3656 741 3696 non
779 3640 1033 3711 dispergit
1062 3641 1129 3695 ab
1167 3639 1244 3695 eis
1276 3638 1462 3711 (Psal.
1497 3655 1763 3705 Lxxxvm,
1792 3639 1880 3704 33,
1908 3641 1976 3694 54
1996 3640 2038 3711 ),

453 3732 498 3789 si
525 3741 579 3788 et
606 3732 705 3802 ipsi
732 3731 1016 3801 aliquando
1046 3733 1398 3787 misereantur
1425 3731 1617 3786 anima:
1645 3747 1754 3786 sua:
1778 3773 1791 3798 ,
1825 3732 2038 3800 placen-

453 3832 536 3880 tes
561 3822 672 3878 Deo
697 3821 882 3895 (Eccli.
907 3838 1041 3886 xxx,
1069 3821 1182 3892 24).
1206 3820 1355 3878 Sicut
1385 3823 1524 3877 enim
1555 3823 1724 3877 bonus
1746 3824 1834 3894 qui
1858 3838 2040 3893 perse-

452 3916 716 3972 veraverit
737 3929 903 3986 usque
927 3915 982 3970 in
999 3914 1180 3982 ﬁnem,
1205 3914 1292 3970 hic
1316 3915 1494 3970 salvus
1514 3915 1614 3970 erit
1643 3914 1853 3988 (Matth.
1886 3932 2033 3984 xxiv,

453 4005 578 4081 13);
607 4007 685 4064 sic
711 4017 765 4064 et
790 4006 961 4062 malus
984 4008 1096 4063 sive
1123 4009 1250 4062 loris
1278 4009 1390 4063 sive
1418 4007 1580 4073 intus,
1613 4009 1702 4079 qui
1727 4025 2035 4080 persevcra-

449 4099 587 4155 verit
611 4113 775 4170 usque
800 4099 851 4152 in
879 4097 1038 4154 ﬁnem
1067 4099 1243 4154 salvus
1271 4114 1379 4154 non
1421 4100 1540 4154 erit.
1576 4099 1758 4169 Neque
1782 4116 1878 4156 nos
1904 4101 2035 4157 dici-

449 4207 572 4248 mus
595 4190 736 4263 quod
765 4191 1066 4262 ubicumque
1095 4201 1142 4246 et
1167 4191 1631 4262 quomodocumque
1655 4191 1894 4263 baptizati
1912 4211 2031 4266 gra-

447 4285 571 4340 tiam
594 4283 842 4356 Baptismi
861 4294 1253 4354 consequuntur,
1281 4285 1327 4339 si
1353 4285 1521 4357 gratia
1557 4285 1810 4356 Baptismi
1841 4289 1890 4341 in
1919 4288 2031 4357 ipsa

444 4376 616 4432 salute
639 4375 969 4446 intelligitur,
999 4390 1118 4446 qua:
1145 4391 1242 4446 per
1261 4375 1673 4432 celebratiOnem
1703 4377 2030 4433 Sacramenti

444 4467 755 4524 confertur:
785 4466 880 4522 sed
916 4465 1054 4522 hanc
1094 4467 1321 4523 salutem
1360 4467 1512 4522 multi
1555 4484 1653 4524 nec
1679 4471 1821 4524 intus
1842 4485 2032 4526 conse-

442 4567 698 4632 quuntur,
724 4559 966 4630 quamvis
990 4557 1391 4615 Sacramentum
1418 4561 1558 4631 quod
1588 4576 1685 4632 per
1708 4577 1766 4618 se
1787 4572 2030 4619 sanctum

442 4660 545 4719 est,
577 4666 670 4708 eos
701 4651 898 4707 habere
929 4649 1269 4706 manifestum
1295 4652 1382 4707 sit.
1430 4651 1592 4707 Recte
1620 4653 1818 4724 itaque,
1849 4653 2030 4710 Domi-

443 4760 538 4799 nus
572 4761 664 4800 nos
699 4746 934 4800 admonet
973 4746 1028 4800 in
1062 4743 1372 4818 Evangelia,
1406 4762 1467 4800 ne
1494 4749 1864 4804 consentiamus
1899 4751 2030 4805 male

440 4835 763 4891 suadentibus
793 4836 992 4908 (Marc.
1019 4853 1113 4893 xm
1132 4879 1148 4904 ,
1176 4837 1276 4909 21)
1305 4879 1320 4905 ,
1359 4839 1447 4893 sed
1481 4839 1571 4894 sub
1615 4839 1800 4896 Christi
1827 4845 2029 4898 nomine

441 4926 814 4982 ambulantibus
852 4928 990 4984 :scd
1031 4928 1085 4984 hi
1128 4938 1182 4985 et
1210 4930 1350 4986 intus
1395 4939 1449 4986 et
1495 4930 1624 4987 foris
1664 4933 2022 5004 inveniuntur,

439 5020 562 5092 quia
592 5035 692 5078 nec
713 5020 856 5077 foras
875 5031 1073 5079 exeunt
1099 5023 1198 5080 nisi
1230 5025 1375 5095 prius
1403 5024 1546 5080 intus
1575 5027 1700 5082 mali
1720 5026 1950 5096 fuerint;
1972 5038 2026 5085 et

437 5113 618 5184 utique
643 5114 712 5170 de
753 5116 898 5171 vasis
927 5116 978 5171 in
1006 5115 1166 5172 domo
1207 5132 1394 5189 magna
1427 5119 1612 5190 positis
1638 5119 1850 5176 dicebat
1875 5123 2023 5193 Apo-

434 5207 626 5274 stolus,
655 5206 718 5264 Si
741 5210 853 5280 quis
871 5220 1039 5265 autem
1066 5212 1378 5267 mandaverit
1408 5215 1728 5284 semetipsum
1765 5218 1828 5272 ab
1851 5219 2024 5274 istius-

435 5299 592 5369 modi,
618 5302 710 5357 erit
740 5317 828 5357 vas
847 5304 900 5359 in
924 5305 1111 5361 honore
1130 5307 1525 5376 sanctiﬁcatum,
1548 5307 1671 5362 utile
1690 5307 1928 5380 Domino,
1954 5314 2022 5367 ad

433 5409 579 5449 onme
623 5410 752 5467 opus
781 5395 963 5450 bonum
1005 5414 1199 5467 semper
1227 5408 1483 5466 paratum.
1527 5399 1805 5467 Quomodo
1843 5412 2020 5463 autem

653 5535 755 5610 Er;
767 5529 1174 5610 “EE‘ES‘EQKMi’ﬁ-t
1209 5541 1254 5610 Ξῖ
1288 5535 1360 5610 ad.
1377 5536 1579 5610 “llum”
1603 5540 1765 5604 ιίοενεν
1793 5558 2022 5610 spernen-

430 5588 624 5668 Eﬁﬁlﬁ
647 5603 759 5668 93‘“?
778 5588 1000 5668 βινηίῐιηι
1025 5588 1319 5668 ediliénibus
1349 5588 1548 5668 habent,
1576 5588 2020 5668 εῇἀῆιξῖηὲξᾚςῶ

431 5650 622 5712 quidam
647 5650 963 5715 probre'notze
991 5669 1091 5718 pro,
1113 5665 1155 5707 et
1179 5659 1438 5710 salutarent
1478 5650 1622 5716 liceri!
1884 5650 2019 5726 iiii

427 5712 690 5762 salutarem
718 5714 877 5764 licere.

1240 214 1329 270 DE
1367 208 1700 270 BAPTISMO
1737 207 2013 266 CONTRA
2059 206 2503 279 DONATISTAS,
2545 213 2604 268 S.
2652 211 3019 272 AUGUSTINI
3685 224 3774 283 {53

2187 337 2246 378 se
2273 326 2498 397 quisque
2526 327 2596 384 ab
2619 328 2881 399 ejusmodi
2909 330 3169 390 mundare
3190 331 3406 404 debeat,
3435 335 3597 408 paulo
3623 351 3774 410 snpe-

2184 415 2295 471 rius
2322 417 2555 474 ostendit
2593 419 2808 487 dicens,
2851 421 3076 478 Recedat
3115 424 3177 478 ab
3207 425 3474 498 iniquitate
3501 430 3671 486 omnis
3697 415 3804 503 ςιάῖ

2184 509 2409 563 nominat
2453 526 2632 566 nomen
2673 511 2878 568 Domini
2943 514 3175 588 (ILTim.
3207 534 3266 586 lt,
3305 518 3406 587 211,
3436 520 3563 594 19);
3593 539 3664 580 ne
3688 540 3772 580 au-

2183 601 2293 656 diat
2320 603 2371 658 in
2395 603 2499 659 ﬁne
2524 619 2644 661 cum
2670 607 2844 677 palea,
2874 609 2989 667 sive
3014 625 3133 683 quae
3165 619 3290 670 ante
3311 612 3379 671 de
3402 629 3527 672 area
3555 618 3765 684 volavit,

2183 694 2296 750 sive
2317 711 2435 766 quae
2462 697 2515 752 in
2545 699 2733 755 ultimo
2752 702 3050 771 separanda
3077 712 3180 774 est,
3212 703 3448 762 Recedite
3470 725 3504 762 a
3528 725 3632 775 me,
3663 726 3766 764 om-

2181 802 2268 840 nes
2297 789 2384 856 qui
2420 792 2703 860 Operamini
2727 792 3044 865 iniquitatem
3081 794 3306 868 (Matth.
3336 814 3433 866 vn,
3459 799 3593 871 23).
3622 799 3767 859 Unde

2178 891 2400 951 apparet
2427 885 2662 954 quidem,
2701 887 2841 942 sicut
2863 887 2992 944 dicit
3017 889 3351 962 Cyprianus,
3391 909 3492 948 non
3515 909 3582 948 ea
3605 897 3766 951 statim

2177 974 2501 1046 sucispienda
2519 987 2565 1031 et
2589 979 2891 1034 assumenda
2915 966 3317 1052 quar'jactantur
3350 985 3406 1040 in
3445 984 3639 1043 Christi
3676 1007 3763 1045 no-

2176 1068 2310 1120 mine
2329 1108 2344 1132 ,
2368 1067 2455 1122 sed
2472 1084 2586 1138 qua:
2603 1079 2846 1141 geruntur
2868 1073 2921 1126 in
2943 1073 3133 1130 Christi
3155 1077 3380 1133 veritate.
3402 1075 3508 1135 Sed
3532 1095 3646 1136 non
3669 1082 3762 1138 uti-

2175 1171 2280 1227 que
2305 1157 2356 1212 in
2384 1157 2583 1214 Christi
2611 1162 2838 1216 veritate
2856 1165 3077 1233 geritur,
3108 1165 3300 1223 fundos
3320 1168 3597 1227 insidiosis
3621 1173 3759 1229 frau-

2175 1246 2332 1304 dibus
2375 1265 2597 1320 rapere,
2645 1254 2820 1310 usuris
2863 1256 3336 1328 multiplicantibus
3378 1261 3534 1319 fenus
3571 1279 3762 1338 augere
3802 1297 3803 1338 ι

2175 1335 2391 1410 (Serm.
2435 1341 2497 1395 de
2539 1341 2718 1414 Lapsis
2745 1345 2786 1416 ),
2833 1347 3033 1402 szeculo
3077 1349 3207 1405 solis
3254 1351 3432 1408 verbis
3459 1335 3762 1415 renuntiare

2177 1427 2368 1500 (Epist.
2398 1432 2485 1500 Η,
2514 1434 2582 1486 ad
2611 1435 2888 1508 Clericos);
2918 1454 3038 1510 quae
3060 1440 3241 1497 omnia
3269 1441 3429 1499 etiam
3459 1445 3609 1505 intus
3628 1449 3757 1520 geri,

2172 1524 2300 1579 satis
2330 1525 2552 1582 idoneus
2579 1530 2728 1584 testis
2754 1531 2867 1603 ipse
2895 1533 3154 1592 declarat.

2241 1638 2468 1698 CAPUT
2509 1641 2626 1699 xv.
2653 1676 2723 1686 —
2747 1646 2836 1703 se.
2877 1648 2994 1704 Jam
3032 1666 3162 1707 vero
3199 1653 3341 1723 quod
3373 1656 3557 1714 multis
3586 1659 3755 1715 verbis
3802 1638 3803 1706 ἰ

2171 1731 2530 1801 prosequitur,
2557 1751 2659 1788 non
2686 1753 2832 1806 posse
2853 1739 2909 1793 in
2929 1738 3130 1797 Christo
3152 1743 3400 1815 baptizari
3423 1763 3510 1803 eos
3540 1750 3633 1819 qui
3655 1750 3751 1805 Pa-
3802 1737 3803 1810 ἒ

2171 1832 2296 1876 trem
2324 1824 2511 1880 Christi
2533 1827 2882 1898 blasphentant
2907 1831 2926 1899 (
2946 1832 3114 1905 Epist.
3139 1836 3208 1892 73
3230 1879 3246 1904 ,
3273 1838 3342 1892 ad
3364 1838 3749 1916 Jubaidnunt);
3802 1909 3803 1922 γ

2169 1928 2290 1968 cum
2306 1930 2399 1971 eos
2419 1932 2601 1974 errore
2617 1918 2991 1991 blasphemare
3011 1927 3349 1986 manifestum
3363 1933 3435 1988 sit
3460 1931 3595 2006 (non
3613 1936 3751 1993 enim

2167 2007 2258 2078 qui
2285 2009 2491 2066 accedit
2516 2012 2583 2066 ad
2616 2012 2944 2085 Baptismum
2984 2016 3184 2079 Christi
3209 2034 3394 2094 aperte
3420 2026 3754 2100 blasphemat

2165 2099 2377 2156 Patrem
2407 2101 2604 2159 Christi
2624 2146 2642 2173 ,
2669 2105 2766 2162 sed
2794 2107 2938 2165 aliud
2959 2126 3119 2182 quam
3143 2114 3342 2172 veritas
3367 2117 3527 2175 docet
3542 2099 3626 2178 ide
3651 2122 3750 2179 Pa-

2166 2200 2247 2248 tre
2271 2191 2466 2251 Christi
2505 2199 2784 2256 sentiendo
2814 2202 3188 2274 blasphemare
3213 2210 3574 2286 convincitur)
3599 2231 3617 2280 ;
3645 2217 3747 2287 jam

2164 2285 2293 2341 satis
2325 2287 2660 2346 ostendimus
2699 2291 2767 2347 ad
2796 2293 3125 2364 Baptismum
3151 2301 3241 2370 qui
3281 2303 3458 2358 verbis
3483 2285 3748 2378 evangeli-

2162 2381 2240 2436 cis
2265 2391 2630 2454 consecratur,
2676 2397 2782 2443 non
2812 2387 3082 2459 pertinere
3107 2390 3420 2469 cujusquam
3462 2397 3548 2457 vel
3578 2397 3750 2461 dantis
3802 2381 3803 2420 ³

2162 2472 2248 2528 vel
2276 2474 2586 2545 accipientis
2606 2491 2848 2535 errorem
2867 2521 2882 2546 ,
2911 2481 3026 2540 sive
3048 2484 3118 2542 de
3151 2485 3330 2557 Patre,
3355 2489 3471 2548 sive
3495 2491 3568 2550 de
3591 2492 3745 2565 Filio,

2159 2565 2273 2621 sive
2298 2565 2366 2622 de
2394 2565 2594 2639 Spiritu
2634 2581 2822 2627 sancto
2849 2573 3005 2631 aliter
3046 2579 3273 2646 sentiat,
3315 2597 3476 2652 quam
3514 2586 3748 2644 celestis
3802 2577 3803 2652 ἦ

2157 2656 2400 2714 doctrina
2442 2661 2694 2718 insinuat.
2737 2663 2887 2721 Multi
2929 2668 3071 2724 enim
3110 2673 3356 2728 carnales
3391 2685 3445 2731 ct
3487 2679 3747 2736 animales
3802 2657 3803 2736 ἦ

2157 2750 2318 2806 etiam
2346 2751 2489 2809 intus
2513 2753 2869 2825 baptizantur,
2897 2774 3019 2815 cum
3057 2774 3240 2832 aperte
3267 2764 3410 2821 dicat
3434 2770 3740 2839 Apostolus,

2153 2842 2407 2901 Animalis
2435 2853 2603 2902 autem
2643 2849 2792 2905 homo
2835 2868 2937 2907 non
2975 2857 3186 2927 percipit
3212 2873 3325 2927 qua:
3361 2871 3476 2914 sunt
3519 2861 3744 2933 Spiritus

2155 2934 2252 2991 Dei
2272 2935 2316 3010 (Ι
2345 2937 2462 2993 Cor.
2486 2955 2546 3008 ιι,
2572 2939 2698 3010 ib);
2725 2951 2779 2997 et
2804 2954 3053 3015 percepto
3073 2946 3183 3017 jam
3205 2949 3476 3020 Baptismo
3500 2953 3632 3010 dicit
3656 2971 3742 3011 eos

2155 3027 2330 3086 adhuc
2365 3031 2625 3088 animales
2650 3048 2771 3090 esse
2799 3033 2912 3107 (Id.
2943 3053 3018 3105 ru,
3058 3038 3150 3111 2).
3189 3039 3494 3100 Secundum
3521 3060 3740 3104 sensum

2152 3128 2333 3177 autem
2355 3124 2630 3181 carnalem
2655 3140 2762 3182 non
2787 3137 2965 3198 potest
2990 3129 3093 3186 nisi
3119 3131 3188 3189 de
3210 3133 3322 3190 Deo
3340 3137 3632 3195 carnaliter
3656 3156 3740 3196 sa-

2149 3228 2279 3285 pere
2320 3217 2498 3272 anima
2543 3220 2820 3290 corporeis
2869 3223 3116 3280 sensibus
3154 3225 3352 3283 dedita.
3387 3228 3539 3287 Unde
3587 3235 3741 3289 multi

2147 3313 2272 3376 post
2299 3307 2627 3379 Baptismum
2655 3312 3016 3382 proﬁcientes,
3047 3325 3104 3372 et
3126 3320 3360 3377 niaxime
3386 3324 3476 3394 qui
3505 3323 3741 3384 infantes

2147 3398 2231 3453 vel
2260 3401 2411 3469 pueri
2435 3401 2686 3473 baptizati
2715 3415 2859 3474 sunt,
2885 3417 3086 3478 quanto
3117 3413 3286 3482 magis
3311 3412 3620 3473 intellectus
3647 3434 3738 3475 eo-

2145 3505 2263 3545 rum
2287 3502 2569 3550 serenatur
2595 3503 2651 3551 et
2670 3495 3020 3568 illuminatur,
3047 3501 3174 3556 dum
3200 3503 3424 3561 interior
3453 3506 3620 3564 homo
3651 3526 3734 3566 re-

2144 3591 2372 3638 novatur
2395 3584 2463 3641 de
2488 3585 2575 3642 die
2602 3587 2656 3642 in
2686 3587 2828 3645 diem
2857 3589 2938 3662 (ll
2963 3588 3082 3646 Cor.
3109 3610 3185 3662 ιν,
3220 3595 3287 3651 16
3307 3596 3348 3667 ),
3373 3600 3584 3669 priores
3616 3617 3736 3658 suas
3801 3584 3803 3648 Ὗ

2144 3676 2456 3745 opiniones,
2501 3695 2635 3751 quas
2673 3681 2741 3738 de
2782 3683 2892 3739 Deo
2919 3683 3186 3742 habebant
3212 3703 3333 3744 cum
3361 3691 3472 3746 suis
3501 3692 3732 3764 pbanta-

2141 3769 2400 3825 smatibus
2428 3770 2853 3842 ludilicarentur,
2888 3776 3173 3835 irridentes
3198 3789 3252 3835 et
3289 3781 3623 3841 detestantes
3658 3798 3733 3841 at-
3802 3769 3803 3846 ξ

2142 3875 2244 3930 que
2270 3862 2589 3922 conﬁtentes
2628 3865 2901 3937 abjiciunt.
2942 3869 3053 3926 Nec
3082 3882 3260 3928 tamen
3286 3873 3408 3930 ideo
3437 3891 3546 3932 non
3577 3893 3731 3935 accc-

2139 3953 2280 4022 pisse
2305 3953 2634 4025 Baptismum
2659 3958 3054 4032 existimantur,
3089 3972 3183 4019 aut
3212 3964 3371 4021 talem
3400 3965 3727 4038 baptismum

2136 4048 2408 4120 accepisse
2433 4049 2704 4121 dicuntur,
2731 4054 2902 4125 qualis
2931 4054 3030 4112 fuit
3055 4071 3208 4114 error
3235 4059 3470 4130 ipsorum
3504 4080 3518 4115 :
3553 4065 3654 4119 sed
3679 4065 3725 4121 in

2136 4140 2214 4196 eis
2239 4149 2292 4196 et
2310 4140 2640 4200 Sacramenti
2667 4146 2940 4218 integritas
2975 4149 3286 4220 honoratur,
3323 4161 3378 4210 et
3402 4158 3602 4214 mentis
3633 4174 3725 4214 va-
3802 4140 3803 4198 ἶ

2135 4233 2274 4288 nitas
2293 4235 2645 4304 emendatur;
2667 4240 2828 4295 etiam
2848 4241 2893 4296 si
2915 4241 3248 4313 conﬁrmata,
3273 4255 3327 4300 et
3348 4245 3578 4305 fortasse
3595 4252 3726 4307 mul-
3802 4261 3803 4268 ‘

2135 4324 2203 4379 tis
2219 4327 2648 4385 contentionibus
2670 4330 2887 4388 defensa
2907 4333 3178 4392 calluerat.
3203 4337 3539 4412 Quapropter
3559 4345 3720 4400 etiam

2133 4415 2416 4476 haereticus
2441 4421 2530 4492 qui
2556 4423 2836 4494 perspicue
2864 4423 2998 4482 foris
3025 4438 3141 4495 est,
3171 4430 3216 4486 si
3256 4431 3584 4503 Baptismum
3618 4437 3724 4492 illic
3802 4475 3803 4484 η

2131 4511 2495 4582 evangelicum
2517 4516 2742 4586 accepit,
2761 4533 2869 4573 non
2891 4520 3052 4576 talem
3081 4522 3264 4595 utique
3283 4523 3609 4596 baptismum
3637 4543 3723 4585 ac-
3802 4543 3803 4590 ξ

2131 4603 2272 4673 cepit
2310 4605 2452 4674 quali
2489 4621 2675 4663 errore
2709 4618 2960 4667 caecatur.
2992 4613 3062 4670 Et
3103 4626 3383 4687 propterea
3426 4621 3470 4675 si
3525 4622 3720 4695 resipi-
3802 4657 3803 4690 ι

2131 4708 2289 4750 scens
2315 4696 2508 4754 viderit
2543 4701 2953 4774 relinquendum
2979 4721 3099 4764 esse
3119 4709 3261 4780 quod
3288 4710 3429 4768 male
3450 4723 3715 4785 tenuerat,
3802 4773 3803 4778 η

2129 4803 2234 4842 non
2261 4788 2420 4844 simul
2448 4791 2494 4846 ei
2523 4791 2932 4866 relinquendum
2960 4807 3042 4855 est
3079 4800 3275 4857 bonum
3306 4803 3448 4876 quod
3493 4822 3721 4880 accepe-

2129 4891 2214 4938 rat
2239 4899 2252 4936 :
2279 4899 2378 4940 nec
2402 4886 2525 4956 quia
2546 4902 2704 4945 error.
2726 4889 2867 4947 illius
2892 4893 3272 4964 improbandus
3299 4907 3401 4965 est,
3430 4911 3719 4972 propterea

2128 4973 2432 5046 Baptismus
2459 4979 2657 5038 Christi
2696 4983 2750 5038 in
2791 4984 2880 5040 illo
2905 4987 3269 5045 exsufflandus
3293 5000 3393 5047 est.
3421 4993 3541 5049 tam
3570 4997 3716 5052 enim

2128 5083 2195 5124 ex
2224 5071 2290 5125 iis
2312 5086 2447 5143 quos
2471 5072 2616 5129 intus
2642 5076 2901 5149 contingit
2925 5079 2993 5135 de
3018 5080 3132 5137 Deo
3158 5082 3292 5139 falsa
3311 5085 3594 5156 opinantes
3619 5091 3718 5147 ba-

2127 5163 2349 5234 ptizari,
2376 5165 2506 5223 satis
2549 5167 2726 5225 elucet
2765 5169 3172 5229 discernendam
3218 5191 3340 5232 esse
3381 5177 3715 5238 Sacramenti
3802 5199 3803 5238 ξ

2125 5258 2403 5316 veritatem
2431 5274 2463 5315 a
2493 5261 2631 5318 male
2671 5262 2938 5320 credentis
2962 5280 3181 5335 errore,
3215 5272 3458 5341 quamvis
3503 5281 3714 5329 utrum-

2125 5366 2228 5424 que
2254 5353 2309 5410 in
2335 5353 2552 5412 homine
2572 5372 2676 5413 uno
2695 5357 2867 5414 valeat
2884 5359 3112 5417 inveniri
3132 5378 3147 5428 ;
3171 5371 3224 5418 et
3251 5361 3372 5420 ideo
3396 5379 3518 5422 cum
3551 5367 3713 5424 etiam
3802 5381 3803 5428 ξ

2125 5446 2255 5504 foris
2284 5448 2338 5505 in
2363 5465 2548 5508 errore
2568 5452 2746 5525 aliquo
2774 5455 3115 5524 constitutus,
3147 5474 3276 5516 vero
3298 5470 3478 5518 tamen
3513 5461 3708 5520 Sacra-
3802 5511 3803 5522 χ

2122 5550 2304 5597 mento
2329 5540 2488 5600 fuerit
2525 5545 2853 5616 baptizatus,
2892 5562 3014 5605 cum
3041 5549 3298 5609 Ecclesiae
3325 5554 3570 5612 redditur
3597 5557 3711 5613 uni—
3802 5627 3803 5646 χ

2122 5633 2237 5704 tati,
2266 5636 2403 5694 sicut
2450 5637 2596 5694 falsa:
2622 5638 2746 5696 ﬁdei
2787 5657 2911 5699 vera
2960 5645 3226 5713 succedit,
3268 5662 3376 5704 non
3413 5649 3492 5705 sic
3536 5661 3709 5722 potest

2123 5729 2283 5786 etiam
2330 5745 2457 5788 vero
2503 5732 2774 5802 Baptismo
2813 5754 2973 5796 verus
3012 5741 3313 5814 Baptismus
3361 5745 3653 5805 succedere
3687 5760 3705 5804 ε
