3796 6120
101 264 177 320 169
1391 255 1594 312 LIBER
1632 251 1976 320 QUARTUS.

99 379 194 452 quia
224 372 352 432 idem
397 373 514 444 ipse
551 371 652 429 sibi
684 372 971 428 succedere
1008 385 1111 428 non
1141 380 1349 442 potest;
1379 372 1503 442 quia
1534 384 1638 426 nec

97 468 317 528 decedere
357 474 554 538 potest.
596 464 680 521 Ad
718 463 822 522 hoc
850 479 979 537 ergo
1007 463 1244 520 haeretici
1296 462 1363 519 ad
1404 461 1643 518 Catholi-

97 579 190 622 cam
212 561 452 628 veniunt,
483 567 542 615 ut
567 557 708 630 quod
745 572 934 614 eorum
977 555 1177 612 malum
1201 562 1284 613 est
1320 555 1640 626 corrigatur,

99 673 182 714 non
198 653 324 726 quod
346 653 542 710 bonum
562 650 658 706 Dei
682 660 765 706 est
785 658 1078 720 repetatur.

152 745 350 805 CAPUT
383 742 734 802 BIL—2'5.
783 743 921 798 Dicit
963 741 1160 813 aliquis
1197 758 1213 796 :
1253 739 1466 795 Nihilne
1515 753 1644 812 ergo

99 844 301 904 interest,
321 837 366 894 si
385 836 494 893 duo
518 835 571 892 in
599 849 786 892 errore
809 833 925 905 pari
955 841 1115 904 atque
1139 831 1341 887 malitia
1367 831 1644 886 constituti

101 935 213 1001 sint,
234 945 327 987 nec
348 929 456 986 vita
483 943 584 985 nec
623 927 786 984 corde
814 934 1020 982 mutato
1038 966 1053 991 ,
1084 925 1221 980 alius
1243 938 1429 980 eorum
1474 921 1608 979 foris
1625 963 1642 990 ,

99 1026 206 1081 alius
241 1023 375 1079 intus
399 1020 741 1094 baptizetur?
787 1018 984 1075 Fateor
1011 1019 1274 1073 interesse
1318 1033 1333 1072 :
1374 1016 1464 1072 ille
1500 1015 1644 1072 enim

99 1118 218 1190 pejor
237 1113 426 1185 estqui
451 1114 612 1170 etiam
641 1111 776 1169 foris
803 1111 1123 1181 baptizatur,
1149 1123 1258 1164 non
1281 1121 1347 1163 eo
1375 1107 1517 1179 quod
1543 1107 1641 1162 ba-

101 1210 302 1277 putatur,
323 1205 417 1261 sed
439 1219 506 1261 eo
531 1202 671 1275 quod
697 1202 828 1258 foris
861 1209 946 1258 est
968 1219 983 1267 ;
1012 1209 1096 1257 est
1121 1199 1263 1257 enim
1291 1199 1452 1257 etiam
1481 1199 1646 1270 ipsius

99 1296 338 1355 divisionis
364 1312 469 1354 nec
499 1296 701 1352 nullum
730 1310 829 1351 nec
858 1309 1078 1366 parvum
1106 1293 1306 1349 malum
1339 1309 1353 1350 ε
1385 1293 1434 1348 si
1462 1302 1641 1348 tamen

100 1393 167 1448 ille
185 1391 265 1462 qui
300 1391 444 1447 intus
480 1389 813 1460 baptizatur,
844 1403 951 1444 non
983 1394 1202 1459 propter
1227 1384 1442 1458 aliquod
1474 1394 1647 1442 terre-

98 1497 196 1537 num
222 1492 307 1537 aut
331 1479 626 1552 temporale
646 1478 986 1536 commodum
1024 1479 1168 1534 intus
1193 1492 1314 1535 esse
1334 1477 1522 1545 voluit,
1550 1477 1646 1534 sed

99 1572 210 1643 quod
231 1573 478 1628 unitatem
499 1570 755 1627 Ecclesiae
775 1577 884 1626 toto
908 1570 1039 1626 orbe
1057 1567 1263 1625 dilfusa:
1289 1569 1640 1625 schismatum

99 1664 448 1721 concisionibus
469 1664 736 1735 praetulit;
768 1662 1001 1735 alioquin
1025 1663 1188 1719 etiam
1217 1662 1333 1732 ipse
1357 1663 1498 1720 inter
1525 1663 1646 1718 illos

102 1757 169 1828 qui
203 1757 322 1814 foris
368 1765 495 1812 sunt
542 1755 879 1828 deputandus
929 1763 1032 1812 est.
1085 1753 1481 1811 Constituamus
1519 1770 1648 1827 ergo

101 1849 205 1904 duos
226 1849 422 1920 aliquos
448 1849 554 1905 isto
580 1848 743 1904 modo
774 1864 790 1904 :
823 1862 988 1904 unum
1016 1863 1202 1904 eorum
1222 1889 1239 1916 ,
1266 1848 1413 1904 verbi
1454 1849 1645 1920 gratia,

105 1939 144 1994 id
167 1941 346 1996 sentire
369 1938 440 1996 de
465 1938 686 1995 Christo
708 1938 851 2010 quod
880 1938 1142 1994 Photinus
1178 1939 1426 2009 opinatus
1447 1947 1565 2006 est,
1593 1948 1650 1995 et

103 2032 142 2085 in
167 2031 270 2101 ejus
302 2031 493 2088 haeresi
567 2031 822 2102 baptizari
875 2039 1028 2087 extra
1070 2031 1322 2087 Ecclesiae
1371 2031 1648 2087 catholica:

101 2123 525 2190 communionem;
551 2122 716 2178 alium
744 2137 873 2180 vero
901 2122 1004 2178 hoc
1029 2121 1170 2179 idem
1201 2122 1425 2191 sentire,
1456 2122 1552 2178 sed
1593 2123 1647 2178 in

103 2215 335 2274 Catholica
356 2217 640 2289 baptizari,
671 2216 1067 2273 existimantem
1097 2216 1266 2286 ipsam
1307 2231 1429 2273 esse
1464 2216 1653 2272 catho«

104 2306 226 2364 licam
247 2307 418 2365 ﬁdem.
449 2307 616 2365 Istum
642 2308 878 2364 nondum
900 2307 1212 2364 haereticum
1236 2307 1378 2376 dico,
1407 2308 1508 2364 nisi
1537 2324 1652 2366 ma-

104 2400 309 2458 nifestata
328 2402 427 2457 sibi
453 2401 701 2459 doctrina
721 2401 1007 2458 catholicae
1026 2400 1150 2458 ﬁdei
1175 2403 1426 2460 resistere
1449 2405 1652 2460 malue-

104 2494 188 2559 rit,
221 2503 272 2552 et
306 2493 432 2551 illud
461 2493 606 2566 quod
654 2493 862 2551 tenebat
900 2494 1155 2566 elegerit;
1183 2495 1324 2565 quod
1366 2505 1649 2566 antequam

106 2583 204 2651 tlat,
225 2585 558 2643 manifestum
598 2595 681 2643 est
718 2586 868 2642 illum
898 2586 991 2658 qui
1038 2585 1169 2642 foris
1208 2587 1503 2658 baptizatus
1533 2590 1648 2645 est‘

104 2691 196 2733 esse
218 2677 464 2750 peiorem.
515 2676 696 2749 Itaque
731 2677 788 2733 in
816 2678 918 2734 hoc
945 2677 1056 2734 sola
1085 2677 1212 2733 falsa
1241 2678 1444 2749 opinio,
1475 2679 1530 2734 in
1560 2679 1652 2736 illo

104 2777 246 2825 autem
267 2770 422 2826 etiam
453 2770 572 2840 ipsa
608 2768 804 2825 divisio
839 2768 1150 2841 corrigenda
1177 2776 1290 2829 est;
1322 2768 1418 2824 sed
1441 2768 1492 2824 in
1523 2784 1654 2825 neu-

106 2869 168 2916 tro
201 2862 424 2934 ipsorum
462 2861 803 2921 Sacramenti
844 2861 1042 2918 veritas
1081 2859 1390 2932 repetenda.
1430 2859 1582 2928 Quod
1606 2860 1652 2916 si

105 2952 337 3024 quisquam
364 2953 509 3010 idem
537 2953 735 3010 sentiat
759 2951 902 3024 quod
938 2951 1039 3018 illi,
1069 2960 1123 3008 et
1149 2966 1272 3008 esse
1309 2951 1518 3007 noverit
1542 2951 1652 3008 ha:-

105 3046 232 3100 resim
250 3046 313 3102 ab
334 3048 543 3104 unitate
566 3045 830 3103 catholica
857 3052 1158 3116 separatam
1184 3045 1275 3100 ubi
1304 3043 1407 3101 hoc
1433 3045 1654 3102 docetur

104 3144 145 3191 et
175 3137 399 3207 discitur,
431 3138 532 3196 sed
560 3138 784 3208 alicujus
811 3137 1085 3194 saecularis
1113 3139 1462 3196 emolumenti
1492 3155 1653 3196 causa

105 3225 144 3282 in
172 3229 414 3287 catholica
460 3230 669 3286 unitate
703 3229 960 3300 baptizari
984 3230 1233 3294 voluerit,
1275 3231 1359 3287 vel
1389 3231 1442 3287 in
1466 3247 1530 3288 ea
1558 3232 1656 3288 ba-

105 3320 291 3387 ptizatus
326 3332 551 3393 propter
591 3321 694 3377 hoc
722 3320 870 3377 exire
895 3319 1021 3376 inde
1059 3321 1321 3389 noluerit;
1347 3337 1453 3379 non
1480 3323 1653 3380 solum

103 3421 338 3483 separatus
372 3411 655 3470 habendus
681 3420 798 3481 est,
824 3427 1010 3468 verum
1052 3412 1213 3468 etiam
1239 3421 1389 3469 tanto
1424 3414 1654 3471 scelera-

103 3499 204 3568 tius,
239 3514 429 3575 quanto
453 3505 627 3575 magis
662 3504 833 3560 errori
860 3503 1083 3560 haeresis
1123 3513 1178 3560 et
1202 3503 1452 3561 divisioni
1479 3506 1655 3562 unita-

106 3594 156 3649 tis
175 3595 417 3654 fallaciam
455 3597 812 3654 simulationis
848 3596 1106 3668 adjungit.
1151 3597 1509 3667 Quamobrem
1551 3613 1650 3655 cu-

101 3685 256 3760 jusque
288 3689 522 3747 hominis
549 3689 816 3760 pravitas,
848 3695 1048 3760 quanto
1075 3688 1429 3760 periculosior
1455 3699 1510 3745 et
1537 3697 1652 3746 tor-

106 3781 272 3838 tuosior
296 3791 408 3849 est,
439 3789 593 3839 tanto
628 3781 914 3838 instantius
948 3789 1003 3838 et
1031 3781 1310 3852 operosius
1337 3780 1653 3852 corrigenda

105 3880 194 3927 est:
220 3889 312 3930 nec
334 3873 454 3931 ideo
479 3883 660 3930 tamen
689 3873 736 3930 si
763 3872 888 3944 quid
913 3871 1074 3928 habet
1100 3872 1385 3943 integrum,
1422 3887 1657 3942 praeser-

106 3959 179 4016 tim
204 3979 298 4020 non
325 3980 482 4021 suum
500 4007 516 4033 ,
555 3964 653 4022 sed
681 3964 801 4033 Dei,
833 3972 1052 4035 propter
1077 3963 1392 4035 pravitatem
1422 3964 1540 4035 ejus
1570 3965 1654 4021 vel

104 4053 271 4111 nullum
285 4056 578 4128 putandum
603 4064 706 4122 est,
728 4055 810 4110 vel
825 4053 1016 4110 eodem
1043 4053 1204 4109 modo
1221 4054 1649 4124 vituperandum,

104 4146 169 4200 vel
192 4148 295 4217 ejus
315 4147 565 4220 pravitati
605 4146 973 4212 tribuendum,
1003 4159 1066 4201 ac
1095 4159 1204 4200 non
1232 4145 1370 4201 illius
1402 4146 1652 4217 largitati,

103 4237 340 4307 quietiam
364 4241 652 4299 fornicanti
670 4256 701 4296 a
723 4254 783 4296 se
801 4239 1016 4306 animm,
1042 4245 1099 4295 et
1126 4237 1274 4295 eunti
1302 4247 1422 4308 post
1448 4248 1654 4295 amato-

102 4345 172 4387 res
194 4349 309 4392 suos
325 4334 475 4392 dedit
499 4349 692 4406 panem
712 4348 889 4400 suum,
916 4341 973 4389 et
993 4331 1175 4387 vinum
1196 4346 1373 4397 suum,
1401 4339 1456 4387 et
1478 4332 1653 4388 oleum

103 4434 250 4494 suum,
274 4432 328 4482 et
348 4425 453 4481 alia
482 4424 567 4481 vel
592 4423 842 4479 alimenta
878 4422 963 4478 vel
989 4429 1321 4487 ornamenta,
1346 4437 1466 4492 quae
1496 4437 1595 4478 nec
1621 4438 1654 4478 a

103 4515 298 4586 seipsa,
325 4532 425 4574 nec
452 4515 525 4572 ab
549 4514 665 4586 ejus
690 4513 1016 4570 amatoribus
1052 4513 1103 4568 ei
1140 4522 1284 4580 sunt,
1315 4513 1410 4569 sed
1448 4515 1515 4570 ab
1553 4514 1648 4571 illo

105 4604 176 4675 qui
197 4621 307 4665 eam
330 4609 593 4666 miserans
630 4605 827 4678 ubique
869 4605 1037 4662 voluit
1064 4603 1131 4660 ad
1157 4620 1314 4677 quem
1345 4604 1530 4661 redeat
1557 4605 1655 4662 ad-

107 4710 293 4756 monere
316 4700 468 4772 (Osee
494 4716 554 4768 ιι,
583 4698 720 4772 5-7).

161 4788 364 4850 CAPUT
401 4791 568 4850 XVII.
598 4791 773 4849 -—24.
819 4789 1082 4863 Numquid
1106 4798 1297 4863 potest,
1330 4791 1534 4864 inquit,
1585 4793 1658 4848 vis

109 4878 320 4952 Baptismi
342 4886 510 4956 major
529 4901 635 4940 esse
665 4894 753 4939 aut
780 4885 946 4955 potior
983 4900 1137 4956 quant
1173 4885 1418 4956 confessio
1438 4885 1466 4939 ?
1504 4902 1659 4956 quam

110 4977 280 5040 passio?
302 4988 355 5034 ut
374 4980 488 5051 quis
514 4995 688 5034 coram
717 4978 1000 5033 hominibus
1043 4977 1300 5033 Christum
1336 4978 1654 5049 confiteatur,

110 5074 144 5115 et
166 5069 392 5142 sanguine
409 5087 503 5126 suo
527 5069 847 5142 baptizetur?
867 5067 934 5123 Et
954 5077 1140 5136 tamen,
1169 5068 1361 5140 inquit,
1389 5085 1544 5140 neque
1562 5069 1658 5126 hoc

111 5152 338 5226 Baptisma
359 5162 596 5217 hatretico
617 5161 844 5232 prodest,
871 5159 1100 5230 quamvis
1124 5158 1378 5216 Christum
1399 5162 1658 5232 confessus

110 5256 225 5302 extra
251 5250 526 5308 Ecclesiam
559 5252 710 5325 fuerit
747 5251 961 5308 occisus.
1002 5250 1115 5308 Hoc
1145 5250 1484 5307 verissimum
1533 5260 1654 5312 est:

109 5349 231 5396 extra
253 5341 546 5401 Ecclesiam
570 5345 766 5416 quippe
807 5343 1036 5407 occisus,
1062 5342 1377 5400 charitatem
1403 5357 1514 5399 non
1557 5343 1657 5399 ha-

110 5426 262 5491 luxisse
286 5436 636 5502 convincitur,
661 5435 728 5493 de
753 5451 854 5508 qua
876 5435 1164 5508 Apostolus
1190 5434 1336 5500 dicit,
1368 5435 1436 5490 Et
1469 5437 1514 5492 si
1548 5445 1658 5490 ινα-

112 5518 258 5579 didere
282 5543 461 5599 corpus
484 5543 652 5584 meum
691 5536 747 5582 ut
781 5526 1008 5594 ardeam,
1036 5525 1332 5582 charitatem
1357 5534 1527 5582 autem
1555 5541 1657 5583 non

164 5748 174 5778 '
198 5750 386 5800 \crbum
405 5785 420 5810 ,
461 5748 739 5812 baptizatus,
767 5746 907 5796 abest
936 5747 997 5795 ab
1020 5746 1202 5809 aliquot
1222 5751 1327 5794 Mss.

357 5835 577 5895 Saucr.
633 5834 904 5894 Ancusr.
946 5830 1055 5890 IX.

3231 267 3336 324 ΠΟ

1750 370 1979 438 habeam,
2003 372 2130 427 nihil
2163 372 2285 428 mihi
2319 376 2521 444 prodest
2550 375 2591 447 (Ι
2643 375 2760 432 Cor.
2817 393 2932 444 xm,
2985 378 3065 452 5).
3095 379 3251 450 Quod
3290 385 3341 443 si

1751 472 1968 534 propter
1987 464 2089 520 hoc
2107 466 2232 536 quia
2254 466 2487 524 charitas
2519 468 2689 534 deest,
2723 473 2898 541 passio
2918 472 3050 529 nihil
3077 477 3299 547 prodest
3321 495 3338 544 ;

1749 571 1849 611 nec
1874 555 1980 612 illis
2001 556 2218 627 prodest
2237 573 2370 630 quos
2398 559 2450 614 in
2481 560 2675 617 invidia
2704 563 2846 620 intus
2872 573 2928 621 et
2964 567 3343 628 malevolentia

1748 645 1865 702 sine
1887 644 2146 703 charitate
2165 647 2342 704 vivere
2361 648 2554 705 Paulus
2575 651 2722 722 dicit,
2746 654 3047 726 Cyprianus
3071 661 3292 732 exponit
3321 676 3338 715 :

1749 747 1804 793 et
1855 747 2034 794 tamen
2086 754 2270 796 verum
2316 741 2576 812 baptisma
2621 755 2848 814 possunt
2890 756 2946 803 et
2986 749 3234 821 accipere
3285 761 3345 811 et

1749 828 1978 886 tradere.
2013 829 2206 898 Salus,
2236 831 2429 901 inquit,
2463 843 2607 888 extra
2646 833 2932 892 Ecclesiam
2950 855 3053 895 non
3077 851 3173 898 est.
3210 842 3344 911 Quis

1748 922 1942 993 negat?
1962 922 2029 978 Et
2054 921 2175 979 ideo
2199 939 2550 996 quazcumque
2577 925 2744 997 ipsius
2771 928 3025 988 Ecclesiae
3053 933 3341 1004 habentur,

1749 1021 1897 1068 extra
1919 1013 2212 1070 Ecclesiam
2235 1030 2341 1072 non
2373 1016 2550 1073 valent
2573 1017 2641 1074 ad
2678 1021 2924 1076 salutem.
2952 1023 3058 1079 Sed
3085 1025 3228 1082 aliud
3257 1037 3346 1084 est

1749 1119 1856 1160 non
1885 1105 2102 1173 habere,
2124 1106 2266 1162 aliud
2292 1123 2398 1164 non
2422 1109 2624 1166 utiliter
2647 1109 2867 1169 habere.
2895 1112 3009 1184 Qui
3024 1131 3131 1172 non
3159 1119 3338 1186 habet,

1750 1205 1832 1252 est
1873 1197 2220 1268 baptizandus
2248 1208 2306 1255 ut
2344 1199 2539 1256 habeat
2567 1218 2582 1256 :
2611 1203 2704 1274 qui
2760 1213 2938 1260 autem
2987 1221 3096 1263 non
3143 1210 3345 1269 utiliter

1750 1288 1930 1357 habet,
1982 1299 2042 1347 ut
2079 1291 2278 1348 utiliter
2315 1293 2510 1349 habeat
2545 1295 2911 1366 corrigendus.
2955 1298 3067 1357 Nec
3112 1303 3345 1361 adultera

1749 1390 1822 1436 est
1846 1399 1979 1452 aqua
2002 1384 2056 1438 in
2075 1383 2338 1455 Baptismo
2363 1386 2710 1444 haereticorum
2730 1406 2750 1444 :
2770 1391 2894 1462 quia
2919 1408 3019 1450 nec
3044 1393 3162 1466 ipsa
3187 1411 3346 1454 ereao

1751 1481 1867 1529 tura
1892 1489 2050 1545 quam
2096 1475 2238 1532 Deus
2275 1477 2531 1546 condidit,
2563 1479 2700 1535 mala
2725 1489 2828 1548 est,
2858 1497 2959 1539 nec
2990 1486 3152 1542 verba
3181 1503 3345 1548 evan-

1752 1565 1922 1636 gelica
1950 1565 2004 1620 in
2030 1567 2354 1637 quibuslibet
2380 1570 2683 1626 errantibus
2720 1573 3156 1643 reprehendenda
3196 1589 3342 1650 sunt,

1751 1655 1847 1712 sed
1870 1672 2020 1712 error
2040 1658 2254 1714 illorum
2275 1659 2328 1714 in
2358 1675 2466 1731 quo
2491 1660 2730 1718 adultera
2777 1672 2862 1720 est
2906 1667 3104 1736 anima,
3160 1669 3264 1725 etsi
3310 1685 3346 1727 a

1751 1749 1990 1821 legitimo
2017 1751 2133 1806 viro
2158 1751 2488 1808 Sacramenti
2519 1752 2714 1810 habeat
2736 1768 3128 1815 ornamentum.
3159 1761 3347 1820 Potest

1751 1841 1904 1913 igitur
1927 1843 2068 1897 nobis
2095 1852 2142 1897 et
2183 1843 2434 1899 hereticis
2472 1844 2738 1916 Baptisma
2776 1865 2882 1904 esse
2911 1867 3193 1922 commune,
3218 1869 3342 1912 cum

1751 1933 1940 2002 quibus
1962 1942 2138 2004 potest
2169 1935 2185 1966 ¹
2215 1942 2270 1991 et
2292 1935 2636 2008 Evangelium
2661 1953 2780 1995 esse
2808 1953 3091 1998 commune
3113 1983 3128 2008 ,
3157 1959 3346 2015 quam-

1751 2023 1833 2078 vis
1855 2039 1884 2078 a
1913 2023 2018 2081 ﬁde
2045 2034 2228 2082 nostra
2254 2041 2407 2082 error
2445 2027 2609 2084 distet
2651 2029 2866 2086 illorum
2892 2050 2904 2086 :
2926 2032 3040 2088 sive
3086 2034 3230 2091 aliud
3272 2036 3345 2094 de

1753 2114 1912 2171 Patre
1940 2115 2023 2172 vel
2051 2116 2120 2172 de
2148 2116 2284 2173 Filio
2309 2118 2396 2174 vel
2418 2117 2486 2174 de
2505 2118 2703 2191 Spiritu
2724 2131 2908 2178 sancto
2934 2125 3166 2180 sentiant
3184 2141 3344 2197 quam

1754 2206 1954 2262 veritas
1980 2206 2158 2273 habet,
2187 2208 2302 2264 sive
2336 2209 2407 2266 ab
2449 2210 2652 2267 unitate
2692 2214 2902 2283 praecisi
2944 2231 3049 2271 non
3093 2218 3348 2291 colligant

1761 2311 1882 2352 cum
1933 2297 2169 2366 Christo,
2213 2298 2307 2356 sed
2344 2311 2597 2374 spargant
2642 2303 2854 2374 (Matth.
2907 2323 3004 2376 xu,
3059 2308 3152 2380 30)
3181 2328 3195 2366 :
3222 2312 3346 2382 quia

1756 2400 1930 2462 potest
1953 2393 2130 2461 nobis,
2162 2394 2206 2448 si
2237 2393 2504 2451 frumenta
2533 2395 2799 2453 dominica
2840 2413 3045 2469 sumus,
3076 2402 3236 2458 etiam
3265 2405 3348 2462 in-

1755 2490 1840 2537 tus
1858 2498 1979 2538 cum
2004 2486 2200 2553 avaris,
2223 2499 2344 2541 cum
2377 2488 2701 2558 raptoribus,
2727 2504 2850 2546 cum
2881 2491 3127 2561 ebriosis,
3160 2503 3215 2550 et
3237 2511 3348 2554 ca:-

1757 2577 1886 2631 teris
1924 2576 2188 2647 ejusmodi
2213 2579 2473 2649 pestibus,
2511 2580 2581 2636 de
2631 2581 2826 2651 quibus
2865 2583 3078 2651 dicitur,
3110 2585 3350 2660 Regnum

1754 2664 1852 2721 Dei
1889 2684 1990 2722 non
2029 2667 2354 2738 possidebunt
2401 2669 2444 2741 (l
2483 2669 2603 2726 Cor.
2638 2687 2710 2740 v1,
2742 2673 2855 2744 10),
2911 2684 2966 2730 et
3007 2676 3349 2747 Baptismatis

1755 2767 2148 2814 sacramentum
2174 2774 2293 2816 esse
2320 2775 2626 2830 commune,
2657 2772 2712 2819 et
2741 2773 2917 2821 tamen
2949 2767 3072 2822 vitia
3099 2768 3291 2840 quibus
3312 2787 3348 2828 a

1755 2865 1922 2922 regno
1949 2850 2045 2906 Dei
2069 2862 2388 2924 separantur
2417 2870 2527 2912 non
2551 2871 2673 2913 esse
2702 2860 3026 2916 communia.

1826 2941 2052 2998 CAPUT
2094 2943 2442 3001 XVlIl.——25.
2462 2945 2644 3018 Neque
2660 2948 2801 3004 enim
2819 2948 2886 3005 de
2905 2951 3034 3008 solis
3054 2949 3350 3013 hieresibus

1754 3036 1885 3093 dicit
1911 3039 2197 3108 Apostolus
2220 3081 2234 3105 ,
2267 3041 2520 3107 Quoniam
2540 3045 2628 3115 qui
2648 3044 2773 3099 talia
2798 3057 2956 3118 agunt
2972 3088 2988 3113 ,
3015 3065 3226 3120 regnum
3249 3050 3351 3108 Dei

1755 3145 1858 3184 non
1885 3131 2229 3200 possidebunt.
2250 3132 2357 3189 Sed
2401 3149 2507 3190 non
2551 3135 2727 3207 pigeat
2758 3138 3034 3207 paululum
3068 3141 3353 3201 advertere

1755 3239 1876 3293 quae
1916 3224 2073 3279 simul
2110 3234 2387 3282 enumeret
2423 3226 2760 3298 :Manifesta,
2812 3230 3006 3302 inquit,
3035 3242 3150 3288 sunt
3191 3251 3353 3307 apera

1755 3316 1942 3382 carnis,
1969 3332 2082 3386 quia
2102 3327 2220 3371 sunt
2270 3319 2649 3389 fornicationes,
2691 3321 3040 3389 immunditiw,
3101 3327 3348 3394 λείπω-ἰαί,

1755 3405 2009 3461 idolorum
2049 3407 2280 3474 servitus,
2322 3409 2563 3478 veneficia
2587 3452 2601 3477 ,
2637 3411 2931 3476 inimicitiw,
2982 3396 3344 3484 contentiones,

1756 3500 2102 3556 aemulationes
2120 3543 2136 3569 ,
2165 3502 2537 3571 animositates,
2567 3502 2921 3570 dissensiones,
2954 3505 3189 3576 haereses,
3217 3509 3350 3564 invi-

1757 3591 1874 3655 dias,
1903 3591 2182 3658 ebrietates,
2208 3593 2614 3662 comessationes,
2642 3602 2689 3648 et
2715 3594 2793 3650 his
2821 3594 3047 3662 similia;
3073 3613 3187 3668 qua:
3215 3615 3349 3669 prte-

1758 3683 1872 3738 dico
1923 3684 2082 3750 vobis,
2132 3684 2261 3740 sicut
2307 3685 2544 3756 praedixi,
2581 3687 2822 3757 quoniam
2863 3687 2950 3758 qui
2992 3688 3116 3743 talia
3163 3701 3347 3762 agunt,

1756 3791 1970 3846 regnum
1987 3773 2084 3830 Dei
2110 3793 2211 3831 non
2237 3776 2556 3847 possidebunt
2587 3775 2784 3850 (Galat.
2819 3795 2870 3845 ν,
2897 3779 3108 3851 19-21).
3133 3780 3352 3840 Consti-

1758 3877 1971 3925 tuamus
2022 3883 2153 3941 ergo
2203 3869 2433 3941 aliquem
2481 3880 2727 3940 castum,
2778 3872 3140 3930 continentem
3171 3915 3186 3939 ,
3239 3890 3349 3933 non

1757 3977 1997 4027 avarum,
2018 3976 2125 4016 non
2155 3961 2312 4017 idolis
2337 3963 2684 4030 servientem,
2712 3961 3029 4034 hospitalem
3054 4008 3070 4033 ,
3100 3966 3348 4040 indigen-

1759 4054 1902 4110 tibus
1938 4053 2352 4120 ministrantem,
2408 4069 2514 4109 non
2555 4054 2868 4126 cujusquam
2915 4058 3207 4127 inimicum,
3240 4077 3350 4117 non

1759 4146 2172 4211 contentiosum,
2207 4148 2518 4214 patientem,
2550 4145 2787 4215 quietum
2809 4186 2824 4213 ,
2855 4147 3058 4204 nullum
3089 4152 3351 4207 :cmulan-

1760 4245 1890 4305 tem,
1923 4236 2051 4292 nulli
2081 4235 2427 4304 invidentem,
2455 4235 2716 4305 sobrium,
2744 4236 3023 4308 frugalem,
3053 4242 3148 4296 sed
3173 4242 3350 4301 haere-

1759 4327 1966 4384 ticum:
1993 4327 2122 4382 nulli
2149 4327 2331 4398 utique
2363 4326 2584 4382 dubium
2625 4335 2709 4382 est
2756 4337 2976 4399 propter
3025 4330 3126 4386 hoc
3174 4333 3349 4392 solum

1761 4417 1902 4490 quod
1944 4416 2224 4472 haereticus
2267 4425 2370 4484 est,
2414 4431 2636 4486 regnum
2684 4417 2776 4472 Dei
2809 4433 2915 4472 non
2955 4433 3346 4489 possessurnm.

1763 4509 2164 4566 Constituamus
2187 4507 2348 4564 alium
2379 4506 2776 4577 fornicatorem,
2806 4509 3138 4568 immundum
3157 4558 3173 4578 ,
3195 4513 3349 4570 luxua

1761 4602 1985 4666 riosum,
2027 4616 2271 4666 avarum,
2299 4599 2383 4655 vel
2420 4603 2580 4656 etiam
2617 4602 2856 4672 apertius
2893 4602 3050 4658 idolis
3083 4603 3346 4677 deditum,

1761 4692 2096 4758 veneﬁcum,
2146 4690 2560 4759 discordiosum,
2611 4693 3024 4760 contentiosum,
3071 4695 3346 4766 aemulum,

1762 4784 2084 4851 animosum,
2114 4783 2446 4851 seditiosum,
2481 4783 2739 4849 invidum,
2756 4783 3052 4854 ebriosum,
3071 4800 3350 4845 comessa-

1763 4886 1958 4946 torem,
1987 4876 2082 4933 sed
2105 4875 2427 4933 catholicum
2456 4892 2469 4930 :
2497 4874 2750 4946 numquid
2778 4885 2995 4946 propter
3029 4876 3132 4935 hoc
3173 4882 3350 4939 solum

1763 4968 1906 5041 quod
1936 4968 2232 5024 catholicus
2256 4977 2340 5025 est
2367 4982 2588 5038 regnum
2617 4966 2713 5023 Dei
2745 4970 3054 5039 possidebit,
3082 4987 3246 5044 agens
3271 4984 3354 5031 ta~

1763 5063 1833 5119 lia
1868 5063 1936 5120 de
1975 5063 2168 5134 quibus
2197 5063 2277 5118 sic
2316 5058 2587 5117 concludit
2619 5061 2928 5132 Apostolus,
2961 5063 3089 5130 Qua
3127 5067 3351 5137 prwdieo

1763 5157 1922 5226 vobis,
1949 5157 2078 5210 sicut
2109 5154 2345 5226 praedixi,
2372 5153 2612 5221 quoniam
2649 5153 2736 5224 qui
2771 5155 2895 5209 talia
2930 5167 3105 5226 agunt,
3141 5174 3350 5229 regnum

1762 5245 1861 5301 Dei
1880 5263 1981 5301 non
2010 5243 2380 5316 possidebunt?
2397 5241 2452 5298 Si
2480 5241 2582 5297 hoc
2609 5241 2856 5310 dicimus,
2887 5258 2988 5300 nos
3017 5246 3160 5315 ipsos
3189 5249 3343 5303 sedu-

1763 5340 1953 5397 cimus.
1976 5338 2107 5394 Nam
2131 5352 2308 5394 sermo
2335 5336 2428 5393 Dei
2455 5350 2560 5392 non
2584 5351 2682 5392 nos
2702 5336 2926 5405 seducit,
2950 5338 3041 5409 qui
3067 5353 3168 5397 nec
3185 5349 3344 5410 tacet,

1763 5447 1864 5489 nec
1891 5432 2078 5502 parcit,
2110 5445 2209 5485 nec
2233 5429 2340 5485 ulla
2368 5427 2671 5485 adulatione
2697 5443 2794 5484 nos
2816 5427 3032 5500 decipit.
3046 5429 3172 5487 Ideo
3197 5431 3347 5501 quip-

1764 5538 1832 5594 pe
1865 5531 1918 5578 et
1947 5521 2070 5577 alibi
2095 5520 2243 5585 dicit,
2275 5517 2388 5573 Hoc
2416 5530 2582 5573 autem
2621 5519 2792 5573 scitote
2819 5530 3192 5590 cognoscentes,
3216 5537 3348 5590 quo-

1835 5746 1844 5770 ‘
1877 5751 1952 5790 us.
1978 5739 2294 5795 tgorlicicnsis,
2316 5743 2443 5797 puto.

2969 5822 3190 5900 (δέχ.)
