3812 6128
469 278 569 351 m
1216 278 1306 338 ns
1342 278 1676 338 BAPTISMO
1713 276 1988 336 coruus
2031 262 2469 350 susurrans,
2511 282 2568 339 s.
2609 265 2981 341 AUGUSTINI
3606 258 3613 263 ’
3656 276 3757 350 m

466 410 608 467 niam
635 401 796 459 omnis
817 398 1112 472 fornicator,
1139 403 1225 450 aut
1247 394 1559 462 immundus,
1584 402 1671 449 aut
1697 406 1898 460 avarus,
1923 391 2058 464 quod
2164 392 2413 451 Inimicus
2433 395 2458 450 t
2481 394 2599 453 Jam
2626 408 2756 455 vero
2780 396 2839 455 ut
2866 404 2922 456 et
2958 392 3253 459 fornicator
3291 401 3348 460 et
3388 394 3601 467 adulter
3643 425 3749 469 non
3800 363 3806 479 Ι

466 496 813 562 cstidolerum
847 493 1076 557 seruitus,
1101 504 1204 544 non
1231 487 1379 543 habet
1426 487 1770 542 hereditatem
1810 487 1865 541 in
1890 496 2054 574 regno
2165 488 2252 554 sit,
2281 486 2502 548 difﬁcile
2543 495 2627 548 est
2656 509 2670 548 :
2702 500 2881 565 potest
2904 500 3085 552 tamen
3121 510 3229 553 non
3265 504 3388 556 esse
3430 499 3751 574 haeretiws;
3778 522 3799 549 ι

467 586 654 653 Christi
667 598 714 646 et
732 577 829 644 Dei
843 602 863 643 :
880 590 1028 641 nemo
1051 596 1139 638 vos
1156 581 1364 638 seducet
1382 576 1617 635 inanibus
1643 579 1802 634 verbis
1830 568 2052 650 (Ephes.

446 674 521 758 ~v,
546 676 602 755 3,
624 680 708 755 6).
734 672 851 738 Non
879 686 1108 749 estergo
1133 664 1275 748 quod
1299 673 1368 730 de
1402 680 1656 758 sermone
1686 664 1779 728 Dei
1812 678 2049 743 conque.

461 754 673 841 rantur.
687 770 827 830 Dicit
844 770 1087 835 omnino,
1118 776 1173 824 et
1197 770 1382 838 aperte
1420 774 1485 822 ac
1532 754 1703 821 libere
1754 762 1902 832 dicit,
1958 774 2054 820 eos

463 871 553 944 qui
582 868 721 925 male
745 858 953 931 vivunt,
982 861 1050 918 ad
1075 868 1296 932 regnum
1319 859 1415 915 Dei
1446 862 1553 913 neu
1577 856 1870 929 pertinere.

532 952 758 1018 CAPUT
787 948 1094 1013 XIX—28.
1113 946 1207 1008 His
1221 950 1381 1023 igitur
1401 944 1647 1006 omnibus
1667 948 1809 1004 uitiis
1822 949 2051 1005 circum-

462 1059 615 1126 septo
639 1038 905 1108 catholico
933 1056 1037 1102 non
1058 1042 1356 1111 adolemur,
1384 1054 1484 1098 nec
1511 1043 1562 1098 ei
1587 1041 1710 1113 quia
1727 1040 2050 1096 christianus

460 1140 755 1201 catholicus
774 1140 881 1207 est,
918 1134 1287 1210 itnpunitatem
1331 1140 1491 1206 quam
1536 1132 1815 1204 Scriptura
1868 1131 2048 1188 divina

460 1242 569 1292 non
599 1230 882 1307 promittit,
925 1218 1238 1301 promittere
1282 1223 1573 1280 audeamus
1600 1240 1614 1277 :
1638 1236 1738 1278 nec
1772 1220 1818 1278 si
1846 1220 2045 1293 aliquid

464 1331 627 1384 unum
655 1314 851 1382 habeat
874 1315 1021 1379 exiis
1042 1328 1160 1391 quae
1180 1316 1318 1373 dicta
1339 1322 1482 1383 sunt,
1510 1312 1771 1371 debemus
1796 1313 1847 1371 ei
1876 1315 2048 1370 socie-

460 1418 625 1475 tatem
652 1422 899 1487 supernas
938 1402 1083 1467 illius
1108 1410 1292 1482 patriae
1322 1398 1587 1479 polliceri.
1627 1396 1709 1462 nd
1741 1398 2048 1495 Corinthios

458 1508 602 1564 enim
627 1495 831 1578 Singula
857 1502 1155 1569 enumerat,
1174 1500 1229 1556 in
1248 1496 1441 1571 quibus
1460 1496 1683 1569 singulis
1704 1496 2040 1565 subauditur,

459 1600 600 1673 quad
646 1604 871 1670 regnum
920 1592 1015 1653 Dei
1063 1608 1170 1651 non
1199 1590 1549 1665 possidebunt
1579 1608 1593 1645 :
1621 1589 1816 1659 Nolite,
1848 1584 2040 1661 inquit,

456 1698 626 1747 errare
650 1696 841 1762 meque
861 1688 1211 1763 fornicatores,
1234 1699 1393 1757 neque
1407 1680 1560 1739 idolis
1574 1684 1863 1749 servientes,
1881 1690 2046 1753 neque

456 1780 697 1848 adulteri,
722 1790 879 1849 neque
894 1772 1096 1843 molles,
1125 1790 1283 1850 neque
1309 1777 1649 1831 masculorum
1672 1774 2037 1842 concubitores,

454 1880 611 1944 neque
634 1868 790 1943 fures,
818 1880 976 1942 neque
997 1870 1157 1937 acori,
1186 1878 1343 1941 neque
1366 1860 1568 1933 ebriosi,
1592 1880 1750 1937 neque
1783 1865 2039 1934 Maledie‘i,

452 1974 611 2037 neque
628 1974 837 2034 rapaces
864 1976 1075 2034 regnum
1098 1958 1193 2015 Dei
1222 1952 1547 2029 possidebunt
1579 1955 1749 2029 (lCor.
1773 1954 1905 2025 “,9,
1927 1952 2041 2029 10).

448 2048 569 2112 Non
597 2053 691 2120 ait,
714 2050 816 2120 Qui
839 2052 958 2107 haec
973 2050 1153 2107 omnia
1177 2048 1302 2105 vitia
1315 2049 1473 2104 simul
1487 2042 1790 2115 habuerint,
1812 2058 2039 2119 regnum

450 2138 551 2203 Dei
588 2152 693 2201 non
728 2140 1114 2216 possidebunt:
1141 2134 1262 2210 sed,
1288 2134 1472 2213 Neque
1497 2132 1570 2195 illi
1597 2182 1614 2208 ,
1642 2146 1813 2210 neque
1842 2136 1954 2204 illi;
1982 2147 2043 2195 ut

449 2238 508 2293 in
535 2234 756 2307 singulis
782 2233 885 2289 hoc
910 2231 1201 2289 subaudias
1223 2274 1237 2300 ,
1266 2222 1409 2302 quod
1436 2229 1576 2285 nulli
1604 2240 1791 2286 eorum
1817 2236 2040 2300 regnum

448 2330 551 2387 Dei
577 2327 946 2401 possidebunt.
967 2320 1124 2383 Sicut
1142 2332 1268 2397 ergo
1292 2320 1533 2378 haeretici
1558 2334 1784 2394 regnum
1808 2320 1903 2406 Dei
1931 2329 2040 2377 non

450 2418 838 2494 possidebunt;
862 2418 943 2473 sic
966 2418 1110 2473 avari
1134 2424 1357 2487 regnum
1382 2406 1479 2470 Dei
1520 2422 1629 2469 non
1667 2408 2037 2483 possidebunt.

448 2510 561 2571 Nec
601 2510 949 2570 dubitandum
1005 2519 1090 2566 est
1140 2508 1355 2581 quidem
1398 2508 1543 2579 ipsas
1592 2516 1800 2578 pinnas,
1848 2504 2040 2576 quibus

450 2606 829 2665 crueiabuntur
847 2607 937 2679 qui
966 2614 1189 2676 regnum
1232 2596 1329 2660 Dei
1374 2610 1487 2658 non
1530 2596 1901 2673 possidebunt,
1943 2614 2039 2672 pro

451 2696 758 2758 diversitate
777 2698 1059 2755 criminum
1085 2702 1205 2753 cisse
1225 2686 1481 2761 diversas,
1503 2696 1557 2749 et
1571 2686 1700 2748 alias
1724 2692 1844 2747 aliis
1861 2690 2040 2748 acrio-

446 2798 559 2856 res,
588 2792 647 2845 ut
668 2790 724 2843 in
751 2790 868 2859 ipso
891 2787 1014 2858 igne
1040 2796 1242 2842 :eterno
1264 2796 1364 2855 pro
1382 2778 1685 2855 disparibus
1712 2782 2039 2855 ponderibus

447 2888 793 2952 peccatorum
821 2874 928 2934 sint
958 2874 1191 2948 disparia
1216 2880 1487 2931 torruenta
1514 2886 1814 2946 poenarum.
1854 2868 2040 2945 Neque

447 2976 595 3031 enim
621 2970 821 3028 frustra
845 2972 962 3043 ipse
986 2970 1242 3026 Dominus
1268 2962 1412 3035 dicit,
1446 2967 1782 3024 Tolerabilius
1814 2960 1910 3023 erit
1935 2960 2039 3023 So-

453 3066 616 3121 domis
650 3074 803 3137 quam
839 3065 977 3119 vobis
1006 3064 1061 3117 in
1086 3063 1167 3117 die
1186 3055 1373 3129 judicii
1404 3058 1617 3135 (Matth.
1647 3070 1724 3127 ιι,
1762 3056 1879 3134 24).
1922 3061 2037 3117 Sed

446 3158 629 3214 tamen
657 3157 727 3213 ad
760 3170 867 3211 non
896 3150 1278 3225 possidendum
1300 3164 1524 3224 regnum
1552 3150 1668 3220 Dei,
1702 3146 2035 3208 tantumdem

447 3248 592 3307 Valet
617 3256 685 3307 ex
706 3248 853 3305 "vitiis
878 3240 985 3303 illis
1014 3246 1155 3317 quod
1182 3246 1408 3317 elegeris
1432 3238 1634 3312 mitius,
1654 3250 1918 3316 quantum
1948 3244 2035 3302 vel

443 3345 601 3417 plura
625 3342 711 3401 vel
739 3352 904 3398 unum
954 3334 1097 3412 quod
1144 3338 1483 3410 perspelteris
1527 3336 1759 3409 gravius.
1788 3336 1858 3393 Et
1910 3336 2032 3409 quia

444 3438 528 3496 illi
560 3437 862 3511 possessuri
904 3443 1029 3491 sunt
1063 3444 1286 3504 regnum
1328 3426 1426 3488 Dei
1473 3438 1607 3502 quos
1640 3428 1706 3486 ad
1755 3422 2032 3487 desteram

444 3530 734 3587 constituet
752 3520 847 3584 ille
863 3520 1047 3598 iudex,
1075 3537 1176 3580 nec
1203 3524 1281 3579 eis
1306 3523 1397 3592 qui
1422 3519 1492 3577 ad
1514 3514 1791 3578 dexteram
1831 3521 2033 3577 consti-

444 3624 526 3680 tui
546 3632 659 3678 non
682 3618 1052 3685 merebuntur,
1083 3614 1281 3687 aliquid
1307 3614 1450 3671 aliud
1478 3624 1637 3686 quam
1666 3615 1732 3670 ad
1758 3616 2029 3670 sinistram

440 3726 569 3775 esse
597 3708 927 3779 remanebit;
976 3710 1119 3767 nulla
1166 3710 1371 3780 reliqua
1411 3720 1513 3764 vox
1549 3714 1650 3774 est,
1688 3720 1848 3779 quam
1893 3708 2033 3765 sicut

442 3798 586 3866 haedi
616 3804 834 3863 audiant
853 3820 917 3861 ex
948 3812 1043 3860 ore
1071 3802 1318 3873 pastoris,
1346 3799 1469 3866 nisi,
1494 3797 1573 3854 lle
1599 3800 1652 3854 in
1688 3800 1855 3869 ignem
1882 3809 2031 3855 teter-

443 3918 589 3966 num,
618 3899 705 3969 qui
734 3904 943 3969 paratus
967 3904 1041 3950 est
1067 3893 1269 3949 diabolo
1307 3901 1353 3946 et
1391 3891 1583 3962 angelis
1625 3893 1733 3962 ejus
1768 3886 1877 3962 (Id.
1898 3902 2026 3961 xxv,

440 3991 538 4059 '52,
569 3986 659 4058 33,
687 3988 777 4058 4i)
813 3988 983 4043 :lieet
1012 3994 1079 4041 ex
1119 3982 1217 4040 illo
1258 3984 1400 4055 igne,
1450 3983 1587 4039 sicut
1640 3978 1769 4050 dixi,
1820 3980 2030 4040 diversa

440 4085 655 4159 possint
699 4073 945 4139 distribui
986 4086 1089 4152 pro
1130 4077 1413 4135 criminum
1466 4072 1777 4135 diversitate
1822 4074 2027 4150 suppli-

444 4191 526 4233 Cla
537 4217 551 4232 .

526 4289 753 4350 CAPUT
816 4287 937 4346 XX.
975 4317 1049 4330 -
1081 4287 1174 4343 27.
1232 4284 1420 4343 Utrum
1479 4292 1655 4343 autem
1702 4280 2027 4345 catholicum

438 4384 690 4460 pessimis
712 4380 975 4459 moribus,
1001 4378 1159 4435 alicui
1184 4377 1436 4433 haeretica
1464 4377 1519 4433 iu
1534 4376 1685 4448 cujus
1710 4374 1813 4430 vita
1833 4383 2028 4445 praeter

440 4479 497 4536 id
518 4475 658 4549 quod
685 4472 974 4531 hereticus
1002 4479 1105 4536 est,
1137 4483 1247 4527 non
1285 4467 1562 4524 inveniunt
1600 4466 1847 4523 homines
1885 4465 2027 4538 quod

438 4565 854 4641 reprehendant,
884 4574 1200 4633 praeponere
1226 4558 1537 4624 debeamus,
1563 4571 1669 4613 non
1699 4554 1872 4612 audeo
1894 4571 2027 4627 prte-

442 4658 665 4733 cipitare
688 4653 1031 4712 sententiam.
1052 4650 1111 4709 Si
1135 4657 1313 4706 autem
1339 4648 1458 4720 quis
1472 4647 1630 4715 dicat,
1658 4646 1784 4719 quia
1807 4646 2026 4705 haereti-

441 4764 542 4808 cus
566 4756 668 4815 est,
697 4761 806 4803 non
827 4752 1006 4815 potest
1030 4742 1134 4798 hoc
1158 4738 1335 4797 solum
1351 4753 1471 4795 esse
1488 4781 1503 4804 ,
1527 4738 1655 4810 quin
1682 4747 1738 4795 et
1764 4739 1869 4796 alia
1890 4755 2026 4798 con.

438 4848 769 4917 sequantur;
794 4837 1023 4896 carnalis
1041 4844 1126 4893 est
1151 4833 1296 4891 enim
1331 4840 1386 4890 et
1409 4832 1672 4901 animalis,
1698 4847 1765 4890 ac
1799 4848 1894 4904 per
1924 4834 2028 4892 hoc

410 4989 415 4996 .
441 4943 501 4992 et
521 4931 748 4990 aemulus
768 4930 841 4987 sit
860 4942 1087 4986 necesse
1118 4935 1221 4994 est,
1244 4934 1300 4982 et
1319 4925 1611 4995 animosus,
1627 4932 1682 4982 et
1705 4924 1942 4993 invidus,
1972 4933 2028 4983 et

439 5029 691 5088 inimcos
713 5025 817 5098 ipsi
840 5022 1046 5082 veritati
1068 5021 1136 5079 ah
1154 5034 1327 5093 eaque
1349 5019 1671 5077 dissentiens
1696 5035 1714 5073 ε
1739 5018 2024 5090 intelligat.

435 5131 500 5181 et
524 5121 594 5181 de
620 5111 727 5179 illis
744 5110 922 5187 malis,
952 5116 1094 5191 quod
1132 5131 1298 5174 unum
1344 5114 1525 5170 mitius
1563 5113 1801 5185 elegerit,
1852 5112 2026 5170 solum

437 5216 498 5275 in
524 5227 794 5286 quoquam
816 5226 940 5269 esse
966 5224 1071 5268 non
1092 5223 1354 5282 postea
1369 5206 1577 5264 scilicet
1590 5221 1751 5264 causa
1772 5207 2022 5279 quoniam

439 5305 673 5366 carnalis
700 5313 762 5365 et
780 5303 1028 5363 animalis
1052 5308 1168 5371 est;
1203 5302 1347 5359 velut
1369 5301 1675 5369 ehriositas,
1717 5316 1876 5374 quam
1914 5317 2024 5361 non

439 5399 616 5458 solum
638 5397 757 5456 sine
772 5394 1004 5453 horrore
1022 5394 1320 5462 nominare,
1337 5392 1432 5450 sed
1448 5393 1610 5450 etiam
1626 5408 1747 5449 cum
1760 5393 2025 5454 hilaritate

440 5489 628 5564 populi
654 5488 953 5562 praedicare
973 5486 1085 5558 iam
1109 5494 1523 5553 consueverunt,
1552 5486 1807 5559 numquid
1828 5488 1881 5544 in
1918 5503 2023 5560 quo

441 5585 622 5651 fuerit,
651 5584 766 5641 sola
805 5595 926 5638 esse
946 5578 1178 5652 poterit?
1206 5579 1336 5648 Quis
1369 5579 1511 5636 enim
1551 5580 1794 5638 ebriosus
1821 5596 1927 5638 non
1969 5590 2025 5639 et

444 5675 829 5743 contentiosus,
852 5682 908 5731 et
930 5672 1221 5737 animosus,
1248 5680 1304 5728 et
1331 5671 1560 5740 invidus,
1591 5683 1646 5730 et
1674 5691 1704 5731 a
1732 5685 2023 5749 praecepto-

444 5782 561 5829 rum
585 5765 811 5824 sanitate
837 5762 1180 5834 dissentiens,
1211 5770 1266 5821 et
1306 5764 1647 5834 arguentibus
1692 5781 1751 5823 se
1792 5770 2023 5838 graviter

2142 579 2304 636 sicut
2332 580 2615 639 haereticus
2636 590 2817 655 potest
2843 590 2950 641 non
2984 590 3106 644 esse
3134 576 3383 646 ehi-iustis
3407 580 3453 661 ι,
3472 598 3581 649 nec
3601 590 3752 654 adul-

2160 681 2245 730 ter
2265 682 2358 730 aut
2380 674 2687 744 fornicator,
2706 682 2818 761 nec
2833 678 3139 738 luxuriesus
3158 686 3253 739 aut
3276 684 3488 743 amator
3508 688 3752 761 pecunia:

2156 768 2252 845 aut
2274 763 2565 836 veneﬁcus,
2594 768 2651 824 et
2684 760 2845 824 simul
2867 762 2988 827 haec
3026 767 3207 829 omnia
3238 774 3416 845 potest
3445 760 3558 833 non

2156 844 2342 928 Neque
2365 857 2508 915 enim
2547 872 2711 916 unum
2739 852 2955 934 aliquod
2982 854 3170 921 vitium
3197 844 3375 924 omnia
3398 874 3597 927 cetera

2157 952 2472 1022 sequuntur.
2523 948 2821 1024 Promisitis
2858 950 3042 1030 Mque
3078 948 3312 1028 duobus,
3340 966 3452 1018 uno
3476 956 3747 1024 atholi'm

2155 1053 2277 1097 cum
2302 1041 2387 1099 his
2426 1040 2673 1101 omnibus
2712 1038 2878 1131 vitiis,
2909 1047 3031 1119 alio,
3050 1048 3309 1108 haeretica
3349 1052 3468 1111 sine
3506 1046 3581 1111 iis
3633 1064 3749 1131 quae

2154 1138 2381 1204 possunt
2418 1142 2524 1190 non
2562 1146 2682 1193 esse
2705 1134 2764 1193 in
2806 1128 3341 1213 heretieomuamﬁs
3367 1144 3559 1204 contra
3586 1128 3746 1206 ﬁdem

2154 1228 2261 1280 non
2284 1226 2513 1297 uterque
2539 1220 2798 1298 disputet,
2824 1236 2881 1286 et
2901 1232 3081 1288 tamen
3104 1237 3293 1290 contra
3335 1226 3495 1297 tidem
3520 1240 3747 1312 uterque

2152 1315 2316 1406 Vivat,
2346 1326 2404 1374 et
2425 1330 2523 1391 spe
2546 1326 2685 1377 vana
2704 1322 2932 1394 uterque
2956 1314 3194 1397 fallatur,
3215 1328 3273 1385 et
3295 1338 3325 1383 a
3348 1314 3616 1391 chartam
3641 1334 3747 1406 spt-

2152 1402 2334 1467 rituali
2356 1412 2583 1485 uterque
2606 1408 2907 1487 dissentiat,
2939 1422 2997 1473 et
3022 1416 3093 1474 ob
3120 1417 3226 1476 hoc
3242 1420 3475 1496 uterque
3506 1416 3579 1480 ab
3600 1402 3744 1482 illius

2151 1505 2326 1562 unicae
2349 1500 2612 1564 columbae
2631 1514 2859 1580 corpore
2878 1502 3087 1568 alienus
3100 1504 3202 1571 sit:
3222 1527 3321 1572 cur
3344 1506 3398 1570 in
3420 1521 3530 1572 uno
3557 1529 3743 1572 eorum

2142 1588 2556 1656 Sacramenlum
2592 1592 2795 1657 Christi
2835 1602 3194 1673 agnoscimus,
3236 1594 3298 1660 in
3332 1597 3438 1664 alio
3466 1600 3739 1678 uolumus,

2148 1689 2302 1758 quasi
2328 1690 2423 1744 ’aut
2441 1680 2620 1759 hujus,
2652 1696 2746 1747 aut
2772 1686 2932 1763 hujus
2959 1688 3064 1761 sit:
3093 1702 3213 1750 cum
3238 1693 3297 1750 in
3328 1698 3560 1770 utroque
3601 1688 3742 1756 idem

2148 1779 2239 1848 'sit,
2266 1780 2323 1837 et
2344 1774 2557 1838 nonnisi
2585 1772 2683 1840 Dei
2710 1784 2802 1850 sit,
2833 1795 2888 1841 et
2912 1780 3158 1858 quamvis
3178 1785 3233 1842 in
3248 1784 3516 1859 peSSimis,
3535 1780 3739 1847 bonum

2146 1862 2257 1927 sit?
2285 1863 2417 1929 Etsi
2447 1868 2720 1930 hominum
2747 1874 2841 1948 qui
2864 1871 2969 1932 hoc
2988 1868 3203 1945 habent,
3236 1872 3372 1939 alius
3398 1882 3483 1937 est
3508 1876 3619 1937 alio
3646 1882 3739 1939 de.

2148 1962 2337 2031 terior,
2364 1972 2475 2020 nun
2498 1960 2626 2021 ideo
2652 1958 2783 2022 illud
2808 1958 2949 2038 quod
2967 1958 3167 2024 habent
3195 1960 3431 2027 deterius
3460 1974 3544 2027 est
3568 1973 3626 2027 in
3651 1970 3740 2031 illo

2146 2062 2306 2125 quam
2336 2055 2391 2110 in
2418 2056 2523 2112 ἱεῑο
2548 2074 2560 2110 :
2590 2057 2712 2128 quia
2735 2066 2835 2114 nec
2870 2056 2924 2113 in
2949 2052 3158 2115 duobus
3185 2056 3464 2117 catholicis
3488 2056 3670 2131 malis,
3696 2065 3739 2120 si

2146 2158 2285 2203 unus
2310 2148 2379 2204 sit
2402 2149 2508 2204 alio
2536 2144 2795 2219 deterior,
2820 2148 3146 2208 deteriOrem
3184 2144 3517 2225 Baptismum
3554 2155 3694 2229 gerit
3720 2177 3735 2214 :

2147 2246 2246 2295 nec
2269 2238 2315 2295 sl
2358 2252 2496 2297 unus
2537 2250 2722 2296 eorum
2764 2236 2835 2299 sit
2860 2234 3055 2311 hunus,
3096 2244 3234 2301 alius
3274 2240 3551 2313 malus,ln
3598 2250 3739 2306 malo

2144 2332 2317 2388 malus
2344 2342 2427 2388 est
2446 2326 2752 2404 Baptismus
2773 2377 2787 2402 ,
2813 2336 2868 2392 et
2895 2333 2950 2391 in
2975 2329 3118 2393 bono
3136 2338 3342 2406 bimus;
3386 2336 3482 2397 sed
3505 2336 3565 2397 in
3590 2346 3737 2400 utro-

2145 2432 2249 2494 que
2274 2422 2446 2480 honus
2470 2441 2484 2479 :
2510 2426 2647 2482 sicut
2679 2420 2862 2484 lumen
2891 2420 3022 2484 solis
3063 2422 3331 2487 Veteliam
3358 2424 3599 2491 lucerna:
3634 2451 3735 2493 non

2144 2514 2329 2584 utique
2355 2512 2593 2573 deterius
2624 2526 2711 2573 est
2748 2512 2805 2574 in
2834 2512 3009 2576 oculis
3062 2512 3420 2580 deterioribus
3465 2536 3631 2596 quam
3680 2528 3734 2585 in

2144 2605 2457 2664 melioribus
2480 2623 2497 2677 ;
2522 2608 2619 2665 sed
2644 2606 2789 2665 idem
2814 2611 2869 2665 in
2892 2610 3154 2683 utrisque,
3177 2613 3423 2684 quamvis
3439 2622 3539 2677 eos
3571 2617 3738 2673 diver-

2143 2704 2204 2753 se
2239 2710 2338 2770 pro
2378 2699 2595 2755 illorum
2640 2694 2951 2760 diversitate
2992 2704 3084 2760 vel
3124 2698 3361 2763 laetiﬁcet
3401 2702 3492 2764 vel
3541 2718 3733 2765 excru-

2141 2790 2266 2846 ciet.

2208 2874 2442 2940 CAPUT
2478 2876 2623 2941 XXI.
2661 2915 2735 2930 —-
2767 2878 2859 2944 28.
2882 2878 3018 2943 illud
3044 2894 3178 2944 sane
3204 2888 3349 2962 quod
3373 2883 3443 2947 de
3482 2884 3734 2950 catechu-

2142 2972 2314 3029 menis
2341 2974 2691 3045 objiCiebatur
2720 2978 3010 3051 Cypriane,
3037 2981 3172 3052 quod
3202 2978 3257 3035 in
3277 2983 3524 3055 martyrio
3555 2984 3734 3057 depre-

2142 3064 2304 3135 ncnsi,
2329 3075 2375 3121 et
2395 3078 2485 3137 pro
2506 3060 2700 3124 Christi
2719 3066 2923 3125 promitte
2957 3064 3129 3137 occisi,
3158 3075 3311 3130 etiam
3338 3074 3451 3131 sine
3469 3067 3732 3150 Baptismo

2140 3168 2539 3228 coronarentur;
2560 3160 2685 3233 quid
2710 3154 2777 3218 ad
2803 3172 2917 3220 rem
2936 3165 3221 3236 pertineat,
3246 3178 3353 3223 non
3374 3170 3511 3226 satis
3538 3166 3735 3228 intelli-

2139 3254 2208 3321 go
2233 3269 2246 3304 :
2268 3246 2373 3305 nisi
2401 3250 2540 3308 forte
2563 3248 2684 3325 quia
2710 3246 2986 3324 dicebant,
3030 3254 3198 3316 multo
3241 3256 3411 3333 magis
3450 3265 3735 3321 haereticos

2139 3350 2261 3397 curn
2288 3340 2564 3416 Baptistae
2589 3340 2789 3403 Christi
2819 3358 2977 3420 posse
3007 3351 3074 3407 ad
3102 3367 3326 3423 regnum
3352 3354 3471 3429 ejus
3500 3357 3731 3424 admitti,

2137 3446 2244 3507 quo
2262 3431 2290 3469 ‘
2329 3438 2700 3496 catechumeni
2731 3439 3179 3514 admitterentur;
3209 3462 3332 3502 cum
3368 3442 3487 3519 ipse
3513 3442 3731 3520 dixerit,

2138 3522 2260 3586 Nisi
2284 3532 2395 3603 quis
2418 3538 2620 3591 renatus
2648 3539 2799 3607 fuerit
2838 3555 2901 3594 ea:
2931 3555 3065 3608 aqua
3092 3549 3140 3595 et
3169 3534 3369 3614 Spiritu
3387 3584 3404 3614 ,
3436 3558 3539 3600 non
3567 3545 3732 3602 intra-

2137 3623 2205 3678 bit
2230 3625 2283 3680 in
2307 3643 2516 3698 regnum
2544 3629 2784 3684 calorum
2814 3620 3009 3705 (Joan.
3040 3647 3130 3705 ut,
3156 3628 3255 3708 5).
3282 3632 3396 3703 Qua
3440 3634 3496 3692 in
3533 3653 3599 3695 re
3637 3653 3734 3695 nec

2137 3729 2237 3789 ego
2275 3712 2458 3774 dubito
2501 3720 2939 3778 catccltumenum
2968 3723 3286 3780 catholicum
3331 3720 3512 3784 divina
3550 3726 3731 3785 chari-

2136 3816 2247 3865 tate
2278 3808 2590 3882 ﬂagrantem
2626 3806 2880 3869 hmretico
2918 3810 3187 3886 baptizata
3221 3820 3590 3892 anteponere;
3636 3822 3728 3879 sed

2135 3904 2296 3957 etiam
2340 3904 2395 3957 in
2434 3902 2549 3974 ipsa
2590 3903 2732 3959 intus
2756 3902 3028 3962 Catholica
3058 3902 3255 3965 bonum
3281 3911 3729 3971 catechumeuum

2130 3995 2276 4050 ‘malo
2300 3990 2567 4068 haptizaio
2593 3998 2964 4069 anteponimus
2992 4019 3006 4054 :
3034 4015 3135 4057 nec
3170 4002 3290 4060 ideo
3321 4013 3502 4061 tamen
3546 4021 3726 4063 sacra-

2128 4092 2315 4144 mento
2336 4085 2679 4160 Baptismatis
2702 4133 2717 4159 ,
2749 4106 2857 4163 quo
2874 4088 2977 4149 iste
3002 4092 3238 4150 nondum
3262 4136 3277 4162 ,
3306 4094 3395 4152 ille
3411 4092 3529 4169 jam
3554 4098 3726 4155 imbu-

2128 4184 2220 4237 tus
2239 4191 2350 4250 est,
2371 4181 2596 4239 facimus
2623 4182 2867 4255 iniuriam
2886 4202 2902 4253 ;
2918 4195 3010 4242 aut
3028 4183 3397 4246 catechumcni
3414 4200 3723 4248 sacramen-

2132 4280 2247 4328 tum
2262 4283 2595 4330 sacramento
2610 4275 2867 4346 Baptismi
2884 4277 3270 4348 praeferendum
3289 4275 3717 4352 putamus‘,cum

2132 4360 2815 4455 aiiquemcatechumenum
2825 4369 3002 4440 aliquo
3017 4367 3281 4442 baptizata
3298 4364 3597 4436 ﬁdeliorem
3612 4392 3713 4431 me-
3804 4426 3805 4455 ᾖ

2128 4450 2422 4530 lioremque
2432 4456 2819 4531 cognoscimus.
2831 4456 3017 4516 Melior
3032 4460 3173 4517 enim
3189 4460 3430 4520 centurio
3439 4460 3715 4526 Cornelius

2133 4549 2366 4606 nondum
2402 4551 2701 4623 baptizatus
2741 4549 2961 4609 Simone
3012 4550 3300 4624 baptizata.
3348 4552 3453 4613 Iste
3487 4560 3633 4614 enim
3668 4569 3719 4613 et

2132 4649 2257 4697 ante
2276 4640 2601 4714 Baptismum
2628 4651 2815 4699 sancto
2840 4640 3040 4715 Spiritu
3064 4645 3313 4717 impletus
3332 4657 3415 4704 est
3438 4644 3588 4721 (Act.
3607 4666 3643 4705 ι
3659 4648 3677 4720 )
3696 4690 3712 4716 ,

2131 4732 2223 4789 ille
2236 4742 2289 4788 et
2304 4741 2424 4805 post
2434 4732 2763 4806 Baptismum
2780 4735 3054 4793 immundo
3074 4734 3263 4808 spiritu
3280 4735 3493 4797 inﬂatus
3507 4752 3589 4813 est
3604 4738 3657 4813 (1
3662 4741 3714 4796 d.

2130 4821 2932 4900 vntt,l3,18,l9).Verumtamen
2951 4806 3231 4885 Cornelius
3255 4829 3299 4887 si
3329 4830 3488 4887 etiam
3518 4806 3716 4907 Spiritu

3298 5027 3508 5094 cileest,
3534 5031 3718 5082 habent
3804 5034 3805 5094 ᾖ

2196 5030 2211 5061 ι
2235 5034 2303 5079 Ita
2336 5033 2614 5078 constanter
2646 5034 2750 5078 Mss.
2786 5034 2844 5077 At
2880 5025 3017 5089 editi,
3015 5034 3166 5139 ﬁt,
3192 5027 3248 5093 di

2196 5107 2200 5136 :
2222 5104 2233 5139 :
2261 5084 2352 5139 Sed
2373 5099 2467 5139 non
2489 5086 2807 5139 munitur.
2838 5092 2995 5139 mtest
3174 5090 3248 5139 ein

2126 5092 2200 5143 sic
2222 5084 2352 5157 ε.πά
2373 5099 2467 5157 ηρη
2489 5086 2807 5157 σοηξεςαέεατ-
3410 5084 3539 5157 mis
3559 5101 3609 5157 et
3624 5104 3715 5157 παι

2122 5149 2529 5216 eum;
2552 5147 2677 5201 sicut
2691 5155 2846 5216 pacat
2862 5148 3260 5216 hominum
3274 5147 3716 5208 amnissim-

2127 5212 2552 5310 esecssw
2575 5217 2657 5310 s‘
2672 5211 2955 5276 ίοτηέεαεονν

2816 5340 3710 5396 “tumulatus-acute

2128 5406 2231 5473 tum
2258 5398 2487 5473 θανέειηά
2502 5397 2866 5473 rientem!!!
3182 5405 3255 5473 sic
3275 5404 3403 5473 male
3418 5405 3712 5473 lemma

2127 5458 2381 5531 quiSpiat'n,
2398 5458 2530 5531 _mm
2568 5458 2883 5531 eiisumaret
2898 5458 3000 5511 non
3034 5458 3163 5531 aliud
3194 5472 3379 5528 praeter
3418 5463 3709 5530 Baptismum

2124 5524 2601 5579 unum
2620 5530 2993 5574 malum.
3016 5526 3110 5574 Sed
3142 5524 3614 5581 δῶκας-ἀἰνι-
3632 5539 3710 5577 ua-

2128 5588 2407 5641 techumeui
2422 5586 2687 5653 proprium,
2709 5585 2836 5648 quod
2870 5585 2919 5636 in
2940 5586 3147 5653 concilio
3176 5589 3330 5653 primo
3804 5596 3805 5653 γ

2128 5647 2479 5724 sacramenta!“
2499 5647 3420 5724 YQQEWLEKQWMWB
3438 5654 3487 5703 ίιι
3647 5652 3710 5701 de

2496 5683 2823 5773 6"."
2833 5683 3710 5774 ito“?‘ét“'t‘3'tt't‘;3?2i?rl;éa7“toi$

2172 5791 2201 5829 e
2310 5811 2324 5839 ,
2386 5812 2399 5826 .
2487 5813 2499 5827 .

3778 522 3799 549 ι
