3812 6130
79 299 155 362 173
1375 281 1579 346 LIBER
1613 282 1956 356 QUARTUS.

76 416 340 490 sanctojam
362 421 587 485 accepto
598 410 846 484 baptizari
862 405 1120 466 noluisset
1143 441 1158 474 ,
1176 403 1466 474 contempti
1481 402 1616 458 tanti

77 509 372 570 Sacramenti
414 521 539 561 reus
586 505 752 559 ﬁeret.
790 502 922 557 Cum
957 507 1131 554 autem
1169 496 1464 566 baptizatus
1496 497 1579 548 est
1602 532 1618 559 ,

81 617 164 660 non
184 601 355 670 utique
380 597 570 653 melius
588 593 985 650 Sacr-amentum
1003 602 1158 659 quam
1175 585 1362 642 Simon
1377 582 1579 654 accepit
1604 599 1619 647 ;

79 691 154 751 sed
177 693 374 748 diversa
406 687 675 745 hominum
697 684 882 738 merita
904 680 1006 738 sub
1025 679 1264 750 ejusdem
1289 670 1624 733 Sacr-amenti

81 786 173 860 pari
197 781 468 841 sanctitate
490 777 736 834 distincta
773 783 896 830 sunt
921 787 936 827 :
965 771 1040 828 ita
1067 784 1173 826 non
1211 777 1368 840 auget
1395 778 1488 824 aut
1525 767 1629 822 mis

82 879 175 935 nuit
197 871 525 944 Baptismatis
563 867 896 925 sanctitatem
931 865 1019 921 vel
1060 865 1259 919 bonum
1302 861 1386 918 vel
1427 861 1629 917 malum

83 968 282 1026 hominis
327 963 601 1019 meritum.
645 958 795 1016 Sicut
839 965 1016 1012 autem
1063 955 1206 1010 bono
1243 953 1630 1009 catechumeno

85 1060 353 1130 Baptismus
376 1053 529 1110 deest
555 1047 620 1107 ad
651 1047 1040 1120 capessendum
1078 1059 1300 1116 regnum
1323 1044 1628 1110 caelorum;

85 1155 148 1209 sic
168 1149 301 1206 malo
325 1145 593 1216 baptizan
621 1153 745 1198 vera
787 1140 1084 1196 conversio.
1128 1138 1230 1205 Qui
1273 1137 1414 1192 enim
1459 1135 1633 1204 dixit,

88 1241 184 1298 Nisi
204 1241 308 1310 quis
330 1245 535 1293 renatus
559 1235 711 1306 fuerit
729 1247 794 1287 ea:
813 1247 948 1303 aqua
973 1240 1019 1286 et
1047 1229 1244 1300 Spiritu
1267 1271 1282 1295 ,
1303 1242 1407 1282 non
1430 1226 1638 1281 intra“

85 1337 126 1389 in
144 1345 336 1404 regnum
355 1328 593 1383 caelorum
614 1341 633 1390 ;
654 1326 769 1395 ipse
791 1325 950 1379 etiam
971 1321 1108 1375 dixit
1133 1363 1147 1387 ,
1174 1318 1288 1372 Nisi
1311 1317 1640 1372 abundaverit

86 1422 253 1495 iustitia
277 1428 442 1475 castra
469 1418 583 1488 plus
604 1430 757 1485 quem
793 1413 1092 1469 Scribarum
1128 1419 1179 1464 et
1218 1407 1598 1462 Paniscorum
1618 1441 1636 1473 ,

91 1527 175 1568 non
213 1511 461 1565 intr-abin}
497 1509 556 1562 in
596 1519 805 1576 regnum
849 1504 1086 1557 celerant
1123 1499 1356 1574 (Matth.
1381 1513 1417 1553 v
1443 1539 1456 1562 ,
1497 1497 1570 1553 30
1596 1496 1635 1567 ).

90 1606 294 1676 Namque
317 1643 333 1669 ,
401 1612 475 1654 ne
542 1609 731 1653 secure
783 1603 928 1650 esset
980 1593 1177 1662 iustitia
1229 1589 1596 1646 cateeliumeai
1619 1623 1636 1656 ,

89 1695 258 1751 dictum
275 1701 358 1748 est
381 1734 396 1758 ,
429 1689 547 1745 Nisi
571 1689 681 1759 quis
704 1693 910 1742 renatas
933 1687 1083 1756 fuerit
1105 1701 1168 1739 ex
1187 1697 1319 1752 aqua
1336 1692 1386 1738 st
1403 1681 1637 1753 Spiritu,

92 1801 175 1840 non
198 1783 393 1838 intrabit
413 1783 471 1835 ist
489 1791 702 1851 regnant
729 1777 970 1831 ceteram
994 1791 1012 1829 ε
1035 1789 1221 1829 rursus
1244 1815 1260 1840 ,
1290 1787 1360 1828 ne
1387 1779 1640 1842 percepto

94 1878 331 1946 Baptism
360 1887 550 1930 neutra
585 1877 732 1925 esset
764 1866 1020 1937 iniquitas
1057 1865 1444 1934 haptizatorutn
1475 1864 1516 1929 ⁸,
1557 1861 1641 1916 di-

95 1975 348 2032 ctitarent,
377 1963 495 2018 Nisi
535 1959 868 2016 abundaverit
902 1957 1106 2028 iustitio
1147 1965 1308 2011 uestra
1337 1955 1454 2026 plus
1491 1970 1643 2024 quam

94 2059 358 2114 Scribam
381 2066 432 2112 α
460 2053 835 2109 Pharasmani
855 2089 870 2114 ,
911 2067 1015 2104 non
1049 2049 1302 2104 intrdius
1336 2048 1394 2101 iis
1430 2061 1642 2118 regnum

95 2153 320 2206 πέσω».
349 2148 590 2209 Alterum
613 2144 926 2200 sinealtcro
967 2153 1153 2210 parum
1191 2149 1312 2195 est:
1356 2147 1642 2208 utrumque

95 2243 275 2312 perlicit
299 2241 438 2296 illius
463 2237 821 2310 possessionis
860 2233 1146 2291 heredem.
1185 2233 1335 2288 Sicut
1364 2247 1493 2303 ergo
1537 2247 1643 2288 non

97 2336 324 2392 debemus
372 2334 678 2406 improbare
713 2330 972 2402 justitiam
1019 2327 1248 2386 hominis
1269 2365 1287 2395 ,
1331 2342 1454 2397 qua
1497 2327 1644 2396 prius

98 2442 195 2483 esse
215 2429 366 2499 erepit
387 2440 552 2497 quam
576 2423 988 2494 coniungerentr
1013 2419 1266 2476 Ecclesiae
1295 2459 1310 2485 .
1347 2417 1484 2474 sicut
1523 2433 1645 2474 esse

99 2527 300 2593 crepent
351 2519 557 2590 iustitia
608 2515 841 2572 Cornelii
890 2513 1195 2583 priusquam
1241 2512 1356 2581 ipse
1397 2519 1542 2566 esset
1589 2509 1644 2567 in

99 2616 228 2684 plebe
245 2614 576 2676 christiana;
602 2625 722 2680 qua:
747 2621 921 2677 neque
945 2605 989 2660 si
1022 2605 1412 2674 improbaretur
1431 2641 1448 2665 .
1476 2601 1643 2656 dixis-

98 2708 226 2762 sctci
261 2704 516 2776 angelus,
565 2700 837 2770 Aeseptc'
882 2704 1000 2752 suist
1043 2697 1368 2764 W002
1413 2703 1554 2759 tua,
1597 2701 1644 2747 et

99 2798 313 2851 milia
325 2805 445 2850 sunt
477 2791 734 2852 oration“
779 2799 922 2853 tua;
959 2801 1135 2856 neque
1177 2787 1223 2841 si
1269 2782 1536 2839 sufﬁceret
1576 2781 1644 2846 ad

99 2885 448 2960 capessendum
476 2897 700 2956 regini
729 2881 985 2937 calorum
1012 2919 1028 2943 ,
1056 2876 1196 2933 utad
1222 2876 1436 2932 Petrum
1463 2875 1646 2930 mitte-

104 2993 168 3035 ret
207 2986 500 3034 moneretur
541 2974 697 3042 (Act.
741 2989 772 3026 x
797 3013 813 3038 ,
860 2971 894 3025 4
920 3011 935 3036 ,
981 2970 1041 3024 3i
1070 3009 1088 3034 ,
1115 2967 1228 3038 5):
1277 2967 1356 3021 sic
1404 2979 1508 3020 non
1563 2973 1646 3020 est

106 3069 476 3141 improbandus:
509 3063 878 3134 evangelicum
920 3058 1172 3128 Baptismi
1213 3063 1601 3112 sacramentum
1626 3097 1642 3123 ,

102 3162 277 3218 etiamsi
337 3169 488 3216 extra
555 3155 851 3212 Ecclesium
910 3151 1070 3206 fuerit
1126 3155 1447 3218 acceptum:
1503 3145 1645 3216 quod

106 3265 251 3309 tamen
289 3253 408 3324 quia
453 3263 564 3304 non
610 3246 819 3318 proﬁcit
861 3243 930 3298 ad
976 3241 1198 3297 salutem
1223 3280 1238 3304 ,
1265 3239 1370 3293 nisi
1419 3239 1510 3294 ille
1554 3239 1646 3309 qui

108 3345 236 3400 liabet
264 3343 618 3413 integritatem
657 3335 908 3407 Baptistni
934 3375 948 3400 ,
993 3349 1089 3389 sua
1126 3347 1338 3403 quoque
1385 3331 1645 3400 pravitate

103 3446 308 3493 terrecta
329 3476 346 3501 ,
385 3435 759 3503 ineorporetur
800 3427 1093 3492 Ecclesiae;
1135 3426 1215 3480 sic
1263 3423 1634 3480 haereticorum

105 3529 393 3597 corrigamus
413 3538 655 3582 morem
675 3557 692 3588 ,
732 3530 791 3576 ut
828 3519 968 3590 quod
1001 3519 1056 3572 in
1095 3517 1174 3572 eis
1195 3557 1212 3585 ,
1258 3531 1364 3572 non
1406 3531 1592 3572 eorum
1625 3553 1642 3583 ,

105 3618 178 3673 sed
197 3619 376 3674 Christi
399 3627 485 3672 eat
511 3658 526 3682 ,
547 3625 913 3685 agnoscamus.

159 3709 359 3765 CAPUT
380 3705 547 3764 XIII.
565 3729 635 3747 -ο-
649 3703 740 3760 29.
762 3701 1013 3772 Baptismi
1032 3715 1161 3755 sane
1175 3699 1343 3754 vicem
1361 3697 1644 3768 aliquando

110 3802 295 3871 implere
323 3801 624 3872 passionem
651 3837 668 3864 ,
696 3796 764 3854 de
791 3796 997 3851 latrone
1024 3794 1118 3850 illo
1143 3794 1227 3849 cui
1252 3809 1356 3847 non
1383 3793 1646 3861 baptizata

109 3891 271 3947 dictum
317 3901 438 3959 est,
489 3889 656 3944 Hodie
701 3903 892 3943 mecum
941 3886 1038 3940 eris
1087 3887 1138 3939 in
1187 3883 1422 3954 paradiso
1475 3882 1643 3953 (Luc.

110 3997 246 4048 mu,
269 3984 392 4053 i5),
425 3998 533 4037 non
560 3981 678 4036 leve
704 3980 1079 4034 documentum
1125 3976 1263 4031 idem
1306 3977 1494 4030 beatus
1540 3973 1645 4045 Cy-

112 4073 290 4140 prianus
315 4073 534 4129 assumit
565 4089 576 4125 :
608 4070 748 4141 quod
787 4069 946 4124 etiam
997 4077 1157 4136 atque
1199 4067 1360 4122 etiam
1404 4065 1648 4121 conside-

112 4177 245 4231 rans,
285 4167 495 4221 invenio
533 4179 636 4218 non
683 4171 886 4216 tantum
929 4160 1236 4232 passionem
1289 4174 1386 4228 pro
1435 4159 1648 4213 nomine

111 4249 273 4308 Christi
297 4251 349 4309 id
374 4254 514 4326 quod
546 4267 608 4308 ex
639 4250 908 4321 Baptismo
943 4249 1124 4304 deerat
1161 4263 1320 4319 posse
1358 4245 1606 4318 supplere
1627 4289 1644 4316 ,

113 4344 183 4397 sed
209 4346 351 4400 etiam
385 4345 542 4400 ﬁdem
568 4343 1072 4409 convcrsionemquc
1102 4339 1277 4393 cordis
1302 4379 1314 4403 ,
1345 4339 1390 4392 si
1417 4338 1551 4393 forte
1578 4338 1643 4392 ad

113 4436 445 4492 celebrandum
475 4435 780 4506 mysterium
811 4430 1061 4500 Baptismi
1087 4429 1140 4483 in
1161 4429 1414 4499 angustiis
1433 4437 1640 4498 tempo-

115 4541 208 4582 rum
233 4530 458 4585 simcurri
496 4543 602 4582 non
641 4533 817 4597 potest
842 4521 938 4594 (a).
980 4521 1161 4591 Neque
1200 4520 1342 4575 enim
1385 4521 1520 4575 latro
1561 4519 1648 4575 ille

115 4636 192 4688 pro
224 4623 427 4680 nomine
465 4619 664 4678 Christi
701 4617 986 4674 cruciﬁxus
1015 4622 1098 4670 est
1120 4655 1135 4679 ,
1179 4612 1272 4668 sed
1316 4627 1411 4683 pro
1447 4611 1649 4668 meritis

118 4710 369 4770 facinorum
390 4726 610 4769 suorum
636 4727 650 4762 :
679 4722 781 4764 nec
808 4705 929 4776 quia
953 4703 1175 4759 credidit
1203 4717 1389 4773 passus
1417 4711 1498 4758 est
1517 4743 1532 4769 ,
1555 4701 1650 4758 sed

115 4802 214 4860 dum
251 4807 434 4876 patitur
468 4801 712 4860 credidit.
757 4799 1022 4867 Quantum
1069 4797 1245 4866 itaque
1282 4795 1453 4850 valeat
1489 4794 1648 4850 etiam

115 4896 208 4951 sine
229 4898 410 4954 visibili
434 4903 767 4952 sacrernento
796 4889 1049 4960 Baptismi
1076 4931 1090 4956 ,
1131 4887 1271 4958 quod
1311 4887 1386 4941 ait
1417 4888 1650 4957 Aposto-

117 4985 209 5054 lus,
237 4988 388 5045 dee
407 4987 627 5045 cluditur
661 4984 728 5039 ad
753 4982 1009 5054 justitiam
1031 5022 1046 5048 ,
1088 4996 1174 5033 ore
1205 4987 1372 5033 autem
1405 4979 1650 5050 confessio

117 5077 163 5144 μ
198 5079 256 5133 ad
275 5081 484 5138 salutem
509 5078 528 5152 (
550 5077 699 5134 Rom.
726 5091 762 5131 ι
786 5117 801 5142 ,
833 5073 899 5130 10
920 5072 962 5145 );
1003 5071 1056 5126 in
1101 5071 1191 5126 illo
1225 5070 1432 5125 latrone
1469 5068 1650 5124 decla~

120 5175 258 5224 ratum
281 5179 377 5226 est.
407 5168 514 5225 Sed
539 5176 663 5223 tunc
682 5163 931 5236 impletur
954 5159 1295 5217 invisibiliter
1313 5200 1328 5226 ,
1345 5174 1470 5215 cum
1488 5158 1649 5216 mini-

121 5259 303 5316 stcrium
354 5258 606 5331 Baptismi
664 5272 771 5313 non
824 5261 1160 5324 contemptus
1203 5253 1508 5324 religionis,
1555 5251 1652 5310 sed

120 5350 336 5410 adiectus
355 5350 692 5410 necessitatis
717 5343 969 5405 excludit.
1010 5345 1142 5402 Nam
1185 5345 1352 5401 multo
1386 5344 1554 5416 magis
1596 5343 1651 5400 in

122 5438 327 5502 Melie
363 5445 501 5503 etin
547 5442 732 5502 amicis
773 5441 885 5513 ejus
909 5481 926 5508 ,
972 5454 1130 5511 quam
1179 5439 1232 5494 in
1276 5438 1368 5495 illo
1410 5438 1649 5511 latrone,

170 5637 353 5703 {Plures
392 5641 688 5702 Manuscripti
730 5638 982 5699 omittunt,
1031 5637 1388 5703 baptizatorum.

169 5698 243 5766 ξιρ
263 5708 380 5762 3155.,
408 5698 678 5766 .4cceptatir.

168 5759 228 5826 (α)
248 5767 278 5810 ll
294 5759 628 5828 ltetract.,'cap.
659 5763 726 5812 18.

3207 294 3311 350 “in

1735 410 1914 472 posset
1941 401 2109 458 videri
2132 403 2460 474 superﬂuum
2485 409 2548 460 ut
2573 415 2709 476 aqua
2740 406 2904 463 etiam
2941 408 3276 480 ﬁngerentur
3293 455 3314 480 ,

1734 495 1788 549 in
1813 495 2008 565 quibus
2046 493 2157 565 iam
2193 496 2395 552 donum
2433 497 2659 568 Spiritus
2694 501 2864 555 salicti
2891 541 2906 568 ,
2933 503 3075 572 quod
3099 507 3318 562 neruosi

1735 584 2031 655 baptiaavos
2053 587 2192 642 alios
2219 589 2490 658 accepisse
2523 595 2706 645 sancta
2744 591 3019 663 Scriptura
3046 605 3276 651 testatur
3297 635 3316 664 ,

1735 685 1884 731 certo
1908 687 2118 748 quoque
2140 677 2339 733 indicio
2373 680 2514 749 quod
2555 681 2660 737 illis
2705 685 3032 753 temporibus
3055 697 3320 756 congrum

1737 766 1828 823 bat
1851 808 1865 834 ,
1895 781 2018 822 curn
2061 768 2252 838 linguis
2285 769 2663 841 loquerentur,
2700 773 3018 830 eminuerat.
3060 776 3320 846 Baptiaati

1738 866 1862 914 sunt
1889 867 2069 914 tamen
2095 875 2110 914 ε
2132 871 2188 915 et
2216 861 2267 915 in
2294 860 2397 916 hoc
2417 859 2560 917 facto
2582 865 2873 933 apostolica
2889 875 3066 922 exstat
3087 871 3317 923 auctore

1741 958 1846 1006 tas.
1887 950 2068 1022 Usque
2105 951 2245 1008 ideo
2287 967 2448 1010 nemo
2488 954 2652 1010 debet
2695 956 2747 1010 in
2787 959 3026 1028 quolibet
3063 971 3321 1031 provectu

1740 1043 2009 1099 interioris
2033 1045 2266 1102 beluinis
2290 1088 2305 1113 ,
2331 1047 2379 1102 si
2408 1048 2542 1104 forte
2563 1058 2690 1106 ante
2711 1049 3041 1121 Baptismant
3061 1067 3230 1126 usque
3251 1057 3323 1112 ad

1743 1133 2070 1203 spiriutalem
2120 1137 2450 1193 intellectum
2493 1139 2583 1209 pio
2627 1140 2792 1196 corde
2829 1143 3114 1212 traiecerit
3139 1183 3154 1211 .
3189 1157 3323 1202 θοι-

1743 1235 1985 1282 tetnnere
2032 1227 2440 1286 Sacramenta.
2463 1267 2480 1298 ,
2541 1232 2688 1302 quod
2740 1233 3106 1290 ministrorum
3157 1251 3323 1306 opere

1741 1318 2092 1387 corporaliter
2131 1320 2453 1390 adhibetur,
2495 1323 2596 1380 sed
2629 1337 2729 1395 per
2767 1325 2870 1380 hoc
2906 1326 3048 1382 Deus
3091 1327 3325 1384 hominis

1741 1415 2197 1472 consecrationem
2226 1417 2573 1486 spiritualiter
2605 1427 2879 1488 operatur.
2926 1419 3034 1475 Nec
3071 1421 3145 1476 ob
3180 1421 3328 1478 aliud

1745 1504 1996 1560 existimo
2021 1521 2214 1564 munus
2242 1507 2544 1578 baptizandi
2572 1509 2764 1578 δοσιιί
2781 1510 2950 1568 fuisse
2972 1512 3285 1568 attributum
3305 1555 3322 1582 ,

1743 1595 1816 1650 ita
1843 1606 1904 1652 ut
1926 1597 2146 1654 Joannis
2175 1599 2472 1671 baptisma
2498 1601 2767 1658 diceretur
2785 1643 2800 1670 ,
2832 1603 2934 1658 nisi
2978 1612 3038 1658 ut
3068 1605 3328 1668 Dominus

1743 1686 1859 1757 ipsa
1883 1692 1976 1760 qui
2001 1689 2228 1746 dederat
2249 1733 2265 1758 ,
2289 1705 2415 1748 cun
2439 1693 2581 1749 servi
2609 1695 2928 1764 baptismum
2951 1709 3058 1752 non
3087 1698 3327 1767 sprevit»

1744 1787 1827 1834 set
1847 1782 2092 1851 accipere
2115 1785 2135 1854 (
2161 1783 2346 1840 Matth.
2375 1800 2434 1840 In
2456 1821 2472 1852 ,
2497 1786 2533 1841 6
2553 1827 2568 1853 ,
2598 1787 2666 1841 15
2684 1785 2729 1857 ),
2753 1787 3031 1844 dedth
3055 1787 3326 1846 humilita»

1744 1871 1814 1926 tis
1839 1873 1976 1928 viam
1999 1913 2016 1941 ,
2046 1881 2103 1931 et
2130 1877 2312 1945 quanti
2341 1877 2678 1947 pendendum
2701 1888 2846 1934 esset
2873 1895 3029 1935 suum
3055 1881 3326 1951 Baptisms

1745 1980 1851 2035 quo
1896 1967 2010 2036 ipse
2054 1966 2418 2039 baptisaturus
2461 1981 2611 2038 erat,
2664 1973 2759 2027 tali
2805 1973 2948 2028 facto
2989 1973 3329 2043 apertissime

1746 2056 2064 2114 declararet.
2094 2057 2320 2117 Videbat
2338 2061 2482 2117 enim
2501 2071 2754 2133 tanquam
2781 2064 3138 2134 peritissimus
3163 2065 3329 2121 modis

1745 2162 1840 2204 cus
1867 2150 2051 2204 salutis
2077 2159 2293 2206 aeternae
2311 2189 2326 2217 ,
2371 2153 2721 2223 quorumdam
2762 2169 2873 2210 non
2907 2155 3215 2211 defuturum
3239 2166 3330 2212 tu-

1746 2253 1949 2294 morem
1977 2283 1991 2309 ,
2023 2242 2114 2312 qui
2140 2257 2261 2298 cum
2291 2243 2564 2301 intellectu
2591 2247 2836 2301 veritatis
2868 2258 2926 2304 et
2964 2248 3331 2318 pohabilibus

1747 2331 1989 2387 moribus
2037 2332 2107 2386 ita
2154 2334 2546 2404 profecissent,
2589 2346 2646 2392 ut
2679 2337 2859 2392 multis
2903 2339 3178 2408 baptisatis
3224 2341 3332 2400 vita

1745 2431 1908 2492 atque
1950 2423 2192 2480 doctrina
2243 2441 2302 2482 se
2353 2441 2667 2499 praeponere
2718 2430 2939 2486 minime
2983 2431 3330 2502 dubitarent,

1747 2527 2201 2582 supervacaneum
2228 2517 2326 2571 sibi
2349 2532 2469 2573 esse
2493 2519 2774 2575 crederent
2801 2521 3055 2590 baptisari
3079 2559 3096 2588 ,
3117 2523 3332 2593 quando

1747 2603 1814 2660 ad
1841 2605 1992 2660 illum
2017 2608 2216 2662 mentis
2241 2607 2480 2664 habitum
2509 2625 2570 2666 se
2596 2613 2903 2680 pervenisse
2929 2615 3228 2683 sentirent,
3258 2617 3334 2672 ad

1748 2709 1908 2765 quem
1938 2697 2094 2751 multi
2123 2697 2372 2768 baptizati
2400 2699 2574 2757 adhuc
2597 2703 2888 2759 ascendere
2915 2716 3255 2761 conarentur.

1816 2786 2042 2843 CAPUT
2070 2787 2254 2844 XXIII.
2281 2821 2354 2832 —-
2374 2792 2463 2848 50.
2489 2793 2625 2861 Quid
2658 2780 2846 2850 autem
2889 2797 3068 2852 valent
3103 2806 3160 2851 et
3198 2798 3331 2867 quid

1747 2889 1869 2950 agat
1920 2881 1972 2934 in
2025 2882 2240 2938 homine
2291 2885 2641 2956 corporaliter
2690 2886 2926 2943 adhibita
2977 2889 3332 2946 sanctiﬁcatio

1747 2969 2077 3029 Sacramenti
2107 2973 2128 3047 (
2153 2975 2270 3031 sine
2295 2991 2396 3046 qua
2427 2986 2604 3032 tamen
2631 2977 2724 3034 ille
2751 2979 2888 3036 latro
2914 2995 3021 3036 non
3046 2981 3177 3048 fuit,
3205 2982 3332 3052 quia

1747 3078 1853 3119 non
1877 3064 1997 3134 ejus
2026 3066 2348 3136 accipiendae
2376 3069 2622 3124 voluntas
2661 3069 2865 3136 defuit,
2901 3071 2999 3127 sed
3040 3089 3146 3127 non
3183 3075 3331 3130 acci-

1746 3156 1958 3225 pienda
1995 3160 2288 3215 necessitas
2333 3160 2502 3216 adfuit
2525 3161 2566 3231 ),
2609 3160 2828 3218 difﬁcile
2859 3173 2945 3220 est
2975 3163 3175 3220 dicere.
3217 3165 3332 3221 Nisi

1746 3257 1926 3303 tamen
1957 3251 2244 3319 plurimum
2273 3252 2508 3317 valeret,
2541 3267 2648 3308 non
2689 3254 2830 3308 servi
2873 3255 3192 3323 baptismum
3219 3256 3332 3312 Dea

1745 3341 1924 3395 mitius
1959 3342 2274 3410 accepisset.
2303 3342 2500 3397 Verum
2529 3343 2652 3412 quia
2699 3357 2796 3412 per
2834 3359 2893 3398 se
2932 3343 3045 3412 ipsa
3083 3345 3332 3402 tamst

1746 3432 1912 3487 randa
1947 3442 2036 3488 est
2059 3475 2073 3500 ,
2113 3443 2340 3503 excepta
2383 3433 2555 3488 salute
2595 3434 2828 3490 hominis
2868 3435 2953 3490 cui
2993 3435 3330 3503 perﬁcienda:

1747 3524 2030 3580 dhibetur
2053 3563 2068 3590 ,
2102 3525 2233 3580 satis
2272 3525 2470 3580 indicat
2505 3525 2649 3595 quod
2691 3535 2750 3581 et
2789 3526 2839 3580 in
2877 3526 3062 3593 malis.
3090 3528 3224 3582 etin
3249 3529 3331 3586 eis

1746 3615 1836 3685 qui
1857 3616 2066 3671 saeculo
2090 3615 2269 3672 verbis
2288 3651 2304 3682 ,
2339 3631 2447 3671 non
2476 3616 2631 3672 factis
2657 3617 2962 3674 renuntiant
2988 3655 3004 3684 ,
3045 3618 3158 3688 ipsa
3188 3619 3329 3676 inte-

1745 3721 1840 3777 gra
1868 3716 1954 3762 est
1979 3748 1993 3773 ,
2022 3721 2143 3763 cum
2173 3708 2251 3762 illi
2293 3708 2398 3763 nisi
2439 3709 2773 3778 corrigantur
2794 3749 2810 3776 ,
2858 3710 3083 3765 salutem
3131 3711 3330 3769 habere

1747 3813 1853 3854 non
1887 3799 2108 3868 possint.
2139 3797 2291 3854 Sicut
2313 3808 2492 3856 autem
2521 3800 2577 3855 in
2605 3800 2810 3855 latrone
2834 3837 2848 3866 ,
2874 3800 2997 3871 quia
3025 3816 3121 3872 per
3145 3817 3330 3859 nm

1747 3892 1960 3946 sitatem
1985 3892 2336 3961 corporaliter
2361 3892 2527 3948 defuit
2547 3935 2564 3960 ,
2605 3892 2842 3963 perfecta
2878 3895 3022 3950 salus
3057 3903 3140 3951 est
3163 3936 3176 3958 .
3203 3896 3328 3965 quia

1747 3998 1845 4054 per
1873 3983 2123 4053 pietatem
2167 3985 2510 4054 Spiritualitcr
2555 3985 2764 4039 adfuit:
2816 3986 2893 4040 sic
2941 3993 2996 4041 et
3041 4001 3162 4040 cum
3213 3988 3326 4056 ipsa

1747 4083 1944 4144 ιιι-ωειο
1971 4083 2092 4141 est,
2137 4075 2180 4129 si
2227 4083 2327 4145 per
2363 4076 2734 4131 necessitatem
2775 4075 2914 4131 desit
2951 4077 3091 4147 quod
3136 4078 3330 4134 latroni

1749 4167 1914 4222 adfuit
1937 4208 1951 4234 ,
1982 4167 2252 4235 perlicitur
2278 4168 2440 4222 salus.
2477 4167 2628 4235 Quod
2656 4167 2906 4222 traditum
2937 4177 3081 4223 tenet
3107 4170 3326 4225 univer-

1747 4257 1878 4312 sitas
1923 4253 2216 4322 Ecolesite,
2263 4271 2382 4310 cum
2429 4255 2630 4326 parvuli
2682 4254 2910 4310 infantes
2951 4255 3326 4325 baptizantur,

1749 4347 1838 4417 qui
1872 4355 2016 4401 certe
2060 4345 2294 4400 nondum
2333 4353 2556 4414 possunt
2595 4345 2755 4400 corde
2801 4345 3020 4400 credere
3062 4346 3126 4400 ad
3165 4346 3325 4415 justi-

1749 4438 1875 4494 tiam
1902 4480 1916 4506 ,
1944 4447 1998 4493 et
2026 4452 2120 4494 ore
2145 4436 2387 4493 conﬁteri
2413 4437 2478 4492 ad
2499 4437 2721 4492 salutem
2749 4479 2762 4503 ,
2787 4436 2927 4507 quod
2955 4437 3091 4491 latro
3119 4438 3326 4506 potuit:

1749 4531 1875 4602 quin
1904 4530 2064 4586 etiam
2087 4529 2266 4585 ﬂendo
2291 4538 2347 4586 ct
2372 4530 2632 4600 vagiendo
2658 4546 2778 4586 cum
2813 4531 2865 4586 in
2901 4531 2980 4586 eis
3015 4531 3328 4602 mysterium

1751 4623 2086 4687 celebratur,
2133 4621 2264 4690 ipsis
2316 4622 2556 4693 mysticis
2598 4621 2820 4678 vocibus
2873 4623 3221 4694 obstrepunt;
3277 4634 3332 4683 ct

1751 4723 1930 4769 tamen
1977 4713 2154 4772 nullus
2203 4712 2630 4770 Christianorum
2695 4714 2896 4771 dixerit
2949 4731 3045 4773 eos
3097 4718 3334 4774 inaniter

1750 4807 2024 4878 baptizari.

1821 4917 2047 4978 CAPUT
2078 4918 2268 4974 XXIV.
2294 4941 2366 4962 οι·-
2389 4919 2477 4974 3t.
2522 4919 2592 4975 Et
2629 4921 2676 4975 si
2711 4919 2991 4993 quicquam
3029 4922 3084 4978 in
3129 4921 3228 4978 hac
3274 4939 3334 4978 re

1751 5012 2122 5069 auctoritatem
2147 5011 2383 5068 divina.
2409 5021 2646 5083 quaerat,
2685 5027 2990 5084 quanquam
3025 5013 3171 5084 quod
3216 5017 3335 5069 uui-

1751 5119 1906 5163 vessa
1947 5111 2094 5160 tenet
2133 5104 2371 5160 Emissis
2393 5143 2411 5171 ,
2450 5117 2551 5160 nec
2589 5103 2832 5160 conciliis
2871 5104 3205 5169 institutum,
3235 5104 3333 5160 sed

1753 5210 1964 5267 supper
1989 5203 2258 5252 retentum
2279 5203 2369 5251 est
2389 5233 2405 5260 ,
2438 5194 2647 5250 nonnisi
2686 5195 3002 5252 auctoritate
3033 5195 3332 5266 apostolica

1753 5288 2006 5346 traditam
2030 5288 2330 5344 lectissime
2352 5285 2630 5344 creditur:
2669 5295 2848 5344 tamen
2873 5289 3136 5344 veraciter
3158 5288 3334 5357 conji~
3384 5364 3386 5367 ι

1753 5395 1878 5439 cere
1935 5392 2258 5451 possumus,
2303 5377 2436 5449 quid
2479 5379 2649 5436 velut
2693 5379 2746 5436 in
2791 5380 3026 5450 parvulis
3072 5380 3329 5450 Baptismi
3380 5392 3383 5396 ‘

1755 5483 2145 5533 sacramentum
2166 5511 2180 5537 ,
2205 5486 2276 5528 ex
2300 5471 2709 5528 cireuneisione
2733 5474 2914 5530 carnis
2937 5513 2952 5537 ,
2993 5489 3151 5543 quam
3189 5472 3334 5540 prior

1754 5566 1980 5641 populus
2008 5564 2244 5634 accepit,
2273 5579 2434 5634 quam
2462 5565 2768 5634 priusquam
2791 5561 3332 5633 acoipcretjustiﬁca:

1755 5667 1840 5714 tus
1865 5666 1948 5712 est
1973 5653 2258 5711 Abraham.
2283 5655 2438 5712 Sicut
2453 5654 2732 5711 Cornelius
2751 5654 2910 5709 etiam
2936 5653 3080 5708 dono
3101 5654 3340 5725 Spiritus

1759 5749 1959 5814 sancti,
2010 5747 2312 5818 priusquam
2358 5747 2749 5817 baptizaretur,
2795 5745 2992 5800 ditatus
3033 5756 3132 5803 est.
3194 5745 3336 5804 Dictt
