3812 6130
484 276 590 332 175

482 400 664 448 tamen
694 387 984 458 Apostolus
1007 385 1075 440 de
1105 385 1222 455 ipso
1265 382 1534 438 Abraham
1555 419 1572 446 ,
1621 380 1839 451 Signum
1875 375 2069 446 accepit

483 481 914 546 circumcisionis,
975 477 1294 550 signaculum
1344 475 1562 546 justitia:
1607 472 1768 542 ﬁdei;
1819 470 1909 542 qui
1957 469 2066 540 jam

484 573 651 633 corde
673 571 1015 638 crediderat,
1046 578 1100 626 et
1128 567 1442 639 deputatum
1470 564 1544 620 illi
1575 571 1691 620 erat
1717 562 1785 618 ad
1809 559 2066 633 justitiam

486 664 685 738 (Rom.
714 677 792 729 ιν,
825 662 888 716 li
915 701 932 728 ,
965 660 1064 728 5).
1105 658 1215 714 Cur
1256 672 1384 727 ergo
1427 656 1475 710 ei
1521 660 1841 724 praeceptum
1885 658 1969 706 est
2010 658 2072 726 ut

484 770 701 813 omnem
730 751 986 823 deinceps
1011 749 1266 806 infantem
1297 747 1593 803 masculum
1622 752 1811 801 octavo
1843 741 1930 798 die
1963 741 2069 798 cir-

483 847 810 905 cumcideret
835 844 858 919 (
883 843 1012 900 Gen.
1042 857 1155 899 xvu
1175 883 1190 908 ,
1222 841 1256 896 9
1282 881 1300 909 ,
1328 841 1396 896 14
1419 839 1460 910 ),
1483 839 1574 909 qui
1597 837 1833 892 nondum
1858 843 2069 906 poterat

481 937 648 996 corde
675 936 898 995 credere
921 977 937 1004 ,
965 943 1024 991 ut
1047 934 1096 990 ei
1137 933 1484 1004 deputaretur
1526 929 1593 985 ad
1636 928 1934 999 justitiam;
1966 926 2068 982 nisi

478 1030 605 1103 quia
639 1039 698 1087 et
733 1030 909 1100 ipsum
949 1041 1046 1098 per
1078 1040 1138 1082 se
1183 1025 1356 1095 ipsum
1405 1030 1797 1078 sacramentum
1840 1019 2066 1075 multum

477 1125 733 1183 valebat?
755 1122 909 1192 Quod
935 1121 989 1178 in
1019 1121 1127 1176 ﬁlio
1157 1119 1325 1192 Moysi
1353 1134 1447 1189 per
1475 1117 1723 1188 angelum
1751 1113 2063 1170 manifesta-

479 1227 593 1274 tum
620 1223 705 1273 est
727 1256 743 1282 ,
773 1214 866 1284 qui
895 1229 1015 1270 cum
1042 1211 1218 1268 adhuc
1244 1209 1648 1266 incircumcisus
1683 1223 1712 1262 a
1749 1216 1920 1263 matre
1961 1205 2068 1262 fer-

475 1318 628 1364 retur
649 1347 668 1374 ,
693 1304 945 1376 praesenti
967 1311 1024 1359 et
1043 1301 1274 1358 evidenti
1300 1300 1537 1370 periculo
1562 1307 1622 1355 ut
1649 1296 2064 1354 circumcidere-

473 1409 565 1457 tur
611 1407 855 1457 exactum
909 1406 992 1454 est
1049 1395 1262 1470 (Exod.
1292 1412 1365 1461 iv,
1411 1394 1544 1467 24);
1589 1404 1643 1449 et
1697 1410 1818 1450 cum
1865 1393 2062 1450 factum

478 1500 664 1559 esset,
697 1489 916 1561 depulsa
947 1498 1030 1544 est
1059 1487 1341 1560 pernicies.
1369 1485 1518 1542 Sicut
1553 1501 1683 1556 ergo
1716 1485 1769 1540 in
1799 1486 2062 1541 Abraham

477 1581 756 1654 praecessit
782 1578 908 1636 tidei
934 1578 1139 1649 justitia
1163 1620 1179 1644 ,
1207 1587 1262 1634 et
1279 1577 1507 1634 accessit
1528 1575 1864 1632 circumcisio
1889 1576 2066 1647 signa-

477 1673 656 1730 culum
682 1670 902 1743 justitiae
928 1669 1086 1735 fidei;
1116 1669 1187 1724 ita
1215 1669 1268 1723 in
1295 1668 1543 1728 Cornelio
1569 1667 1842 1742 praecessit
1863 1666 2059 1729 sancti-

479 1765 660 1821 ﬁcatio
687 1763 982 1838 spiritualis
1008 1762 1061 1820 in
1090 1762 1232 1820 dono
1257 1761 1489 1834 Spiritus
1517 1763 1728 1831 sancti,
1756 1771 1812 1819 et
1835 1763 2062 1820 accessit

475 1856 882 1916 Sacramentum
909 1854 1331 1928 regenerationis
1360 1855 1411 1910 in
1442 1854 1651 1910 lavacro
1683 1853 1958 1924 Baptismi.
1995 1854 2064 1909 Et

474 1952 617 2008 sicut
643 1951 695 2007 in
723 1950 870 2007 lsaac
891 1990 908 2018 ,
937 1950 1026 2020 qui
1054 1957 1243 2004 octavo
1266 1962 1379 2002 suae
1405 1947 1694 2002 nativitatis
1719 1945 1807 2002 die
1829 1947 2060 2002 circum-

476 2039 622 2098 cisus
666 2049 784 2104 est,
838 2038 1117 2111 praecessit
1160 2036 1490 2108 signaculum
1534 2036 1755 2106 justitia:
1802 2036 1958 2103 fidei;
2007 2045 2062 2093 et

471 2132 725 2203 quoniam
769 2131 935 2201 patris
980 2129 1142 2185 fidem
1190 2128 1427 2184 imitatus
1478 2136 1597 2194 est,
1643 2136 1826 2184 secuta
1877 2136 1961 2184 est
2004 2130 2061 2184 in

470 2230 748 2279 crescente
777 2221 890 2292 ipsa
921 2221 1125 2291 justitia
1148 2260 1162 2286 ,
1207 2219 1359 2289 cujus
1394 2218 1724 2290 signaculum
1767 2219 1821 2274 in
1859 2219 2060 2277 infante

472 2322 826 2386 praecesserat
869 2330 882 2367 :
929 2312 1004 2368 ita
1047 2312 1100 2368 in
1149 2311 1430 2383 baptizatis
1474 2311 1762 2368 infantibus
1808 2313 2061 2384 praecedit

468 2405 890 2478 regenerationis
960 2404 1392 2470 Sacramentum;
1466 2412 1520 2458 et
1591 2403 1637 2459 si
1717 2403 2058 2460 christianam

475 2498 749 2554 tenuerint
775 2500 1023 2569 pietatem
1048 2539 1063 2562 ,
1091 2503 1344 2568 sequetur
1367 2496 1527 2552 etiam
1559 2495 1612 2550 in
1637 2495 1804 2552 corde
1829 2511 2058 2554 conver-

466 2593 552 2648 sio
574 2634 590 2659 ,
618 2591 771 2663 cujus
794 2589 1107 2664 mysterium
1149 2589 1423 2660 praecessit
1455 2588 1508 2644 in
1547 2603 1794 2659 corpore.
1826 2589 1890 2644 Et
1923 2591 2062 2648 sicut

472 2686 529 2742 in
557 2686 648 2742 illo
677 2687 884 2741 latrone
906 2683 1047 2756 quod
1075 2699 1144 2741 ex
1169 2683 1424 2754 Baptismi
1453 2691 1790 2738 sacramento
1809 2682 2060 2739 defuerat

465 2778 755 2849 complevit
775 2777 1167 2848 Omnipotentis
1191 2776 1488 2848 benignitas
1507 2817 1522 2842 ,
1553 2775 1677 2847 quia
1707 2791 1814 2831 non
1863 2791 2057 2846 super-

465 2870 556 2928 bia
583 2870 668 2925 vel
695 2878 1001 2940 contemptu
1024 2910 1041 2934 ,
1085 2867 1183 2924 sed
1227 2868 1542 2923 necessitate
1576 2866 1823 2923 defuerat
1851 2884 1864 2921 :
1896 2868 1975 2924 sic
2003 2867 2059 2924 in

468 2961 756 3018 infantibus
775 2960 866 3030 qui
888 2958 1140 3030 baptizati
1165 2959 1464 3013 moriuntur
1481 2999 1498 3026 ,
1526 2957 1715 3013 eadem
1737 2958 1907 3029 gratia
1926 2958 2058 3013 0m-

469 3052 759 3122 nipotentis
783 3051 1008 3122 implere
1032 3049 1299 3106 credenda
1325 3057 1408 3106 est
1427 3091 1442 3116 ,
1477 3048 1618 3121 quod
1647 3063 1753 3105 non
1785 3065 1853 3105 ex
1896 3049 2057 3120 impia

471 3145 749 3202 voluntate
771 3187 786 3211 ,
817 3144 914 3200 sed
943 3160 1008 3200 ex
1034 3143 1207 3199 aetatis
1235 3141 1520 3214 indigentia
1545 3184 1560 3210 ,
1605 3156 1706 3198 nec
1737 3141 1900 3199 corde
1935 3157 2058 3199 cre-

475 3237 606 3295 dere
630 3236 698 3293 ad
720 3237 980 3308 justitiam
1009 3243 1264 3306 possunt,
1298 3249 1400 3291 nec
1427 3250 1523 3292 ore
1550 3235 1792 3292 confiteri
1817 3234 1884 3290 ad
1913 3235 2057 3291 salu-

472 3338 602 3388 tem.
632 3329 760 3387 Ideo
783 3345 904 3388 cum
934 3328 1024 3385 alii
1051 3343 1149 3399 pro
1173 3328 1252 3384 eis
1277 3327 1641 3399 respondent,
1672 3336 1732 3383 ut
1775 3328 2059 3398 impleatur

468 3439 598 3496 erga
647 3438 742 3480 eos
795 3421 1086 3479 celebratio
1136 3419 1467 3478 Sacramenti
1491 3463 1506 3489 ,
1558 3420 1702 3476 valet
1755 3420 1935 3491 utique
1987 3418 2057 3475 ad

466 3531 655 3573 eorum
709 3517 1166 3573 consecrationem
1189 3554 1206 3580 ,
1255 3513 1380 3584 quia
1424 3513 1524 3584 ipsi
1574 3513 1901 3584 respondere
1950 3527 2056 3570 non

466 3615 712 3680 possunt.
746 3607 816 3662 At
863 3608 908 3662 si
945 3621 1045 3676 pro
1088 3620 1155 3661 eo
1199 3605 1291 3675 qui
1336 3605 1661 3675 respondere
1702 3613 1879 3676 potest
1920 3605 2056 3662 alius

466 3697 823 3768 respondeat,
854 3712 962 3752 non
987 3696 1170 3752 itidem
1195 3696 1354 3750 valet.
1386 3695 1466 3750 Ex
1495 3711 1598 3767 qua
1630 3696 1813 3765 regula
1845 3696 1972 3752 illud
1999 3697 2052 3752 in

470 3789 762 3860 Evangelio
787 3789 986 3845 dictum
1015 3797 1135 3855 est,
1163 3787 1305 3860 quod
1331 3802 1517 3845 omnes
1535 3803 1656 3845 cum
1686 3789 1878 3862 legitur
1899 3798 2052 3846 natu-

1233 268 1322 323 DE
1361 265 1696 322 BAPTISMO
1733 255 2006 318 CONTRA
2047 249 2491 326 DONATISTAS,
2533 259 2570 314 S
2631 257 2998 316 AUGUSTINI
3669 262 3755 318 ΠΟ

2181 373 2362 431 raliter
2394 383 2576 432 movet
2607 393 2620 430 :
2652 375 2884 431 ditatem
2928 375 3112 444 habet,
3161 376 3270 446 ipse
3305 390 3400 448 pro
3435 390 3492 431 se
3539 374 3748 447 loquitur

2184 465 2379 537 (Joan.
2409 483 2463 521 ιχ
2487 508 2502 533 ,
2525 466 2589 522 21
2619 467 2661 538 ).

2248 557 2476 615 CAPUT
2504 558 2862 615 XXV.—-52.
2891 557 3094 627 Quibus
3121 558 3281 616 rebus
3303 558 3556 616 omnibus
3585 567 3750 617 osten-

2179 649 2322 706 ditur
2346 650 2489 706 aliud
2515 665 2636 707 esse
2679 660 3073 708 sacramentum
3111 651 3406 724 Baptismi,
3449 650 3598 708 aliud
3639 667 3748 709 cou-

2177 742 2478 799 versionem
2508 742 2725 810 cordis;
2756 743 2852 800 sed
2881 745 3106 800 salutem
3149 742 3384 800 hominis
3422 758 3490 800 ex
3538 752 3749 815 utroque

2177 836 2436 907 compleri
2468 855 2482 891 :
2516 851 2617 892 nec
2641 836 2686 892 si
2717 851 2883 892 unum
2911 836 3099 892 horum
3127 835 3393 904 defuerit,
3424 835 3547 894 ideo
3576 845 3747 907 putare

2176 927 2434 984 debemus
2462 943 2798 1000 consequens
2825 942 2946 984 esse
2974 937 3032 983 ut
3071 937 3126 984 et
3165 928 3393 984 alterum
3430 927 3613 995 desit;
3640 931 3747 1001 quia

2176 1028 2232 1076 et
2257 1019 2384 1074 illud
2412 1019 2527 1075 sine
2555 1019 2657 1076 isto
2685 1029 2862 1090 potest
2888 1035 3008 1076 esse
3036 1020 3092 1076 in
3120 1019 3324 1078 infante
3347 1065 3362 1090 ,
3399 1029 3456 1078 et
3496 1021 3602 1078 hoc
3645 1023 3747 1077 sine

2175 1107 2268 1166 illo
2297 1111 2468 1181 potuit
2509 1122 2629 1167 esse
2666 1109 2718 1165 in
2756 1110 2963 1167 latrone
2986 1153 3004 1180 ,
3043 1110 3344 1182 complente
3387 1111 3498 1168 Deo
3541 1111 3657 1168 sive
3701 1113 3744 1166 iu

2172 1202 2268 1258 illo
2290 1244 2306 1270 ,
2334 1204 2446 1258 sive
2475 1203 2529 1258 in
2558 1204 2660 1260 isto
2685 1244 2702 1270 ,
2730 1203 2870 1275 quod
2899 1219 3004 1260 non
3029 1219 3099 1262 ex
3134 1205 3406 1262 voluntate
3445 1205 3734 1263 defuisset:

2171 1309 2293 1351 cum
2350 1311 2478 1352 vero
2532 1311 2596 1351 ex
2646 1296 2917 1352 voluntate
2965 1297 3190 1353 alterum
3242 1297 3434 1354 horum
3485 1296 3743 1365 defuerit,

2170 1394 2323 1442 reatu
2348 1387 2618 1442 hominem
2649 1387 2867 1441 involvi.
2895 1387 2961 1442 Et
2985 1387 3288 1458 Baptismus
3329 1388 3544 1458 quidem
3589 1398 3745 1460 potest

2171 1476 2346 1533 inesse
2367 1477 2454 1532 ubi
2475 1478 2760 1533 conversio
2779 1477 2959 1533 cordis
2979 1476 3211 1535 defuerit
3237 1497 3251 1532 :
3271 1479 3554 1536 conversio
3580 1489 3742 1537 autem

2168 1569 2348 1625 cordis
2379 1579 2552 1640 potest
2579 1569 2794 1641 quidem
2821 1571 2997 1627 inesse
3023 1587 3132 1627 non
3161 1580 3415 1643 percepto
3443 1573 3707 1646 Baptismo
3726 1618 3739 1643 ,

2167 1662 2263 1724 sed
2305 1670 2613 1740 contempto
2653 1679 2757 1724 non
2804 1672 3002 1739 puteal.
3045 1664 3228 1740 Neque
3261 1667 3405 1722 enim
3441 1667 3555 1724 ullo
3596 1668 3740 1724 modo

2167 1756 2391 1816 dicenda
2442 1774 2524 1816 est
2568 1761 2852 1817 conversio
2895 1761 3073 1818 cordis
3118 1762 3187 1817 aut
3228 1762 3441 1832 Deum,
3489 1774 3615 1818 cum
3657 1759 3738 1816 Dei

2165 1853 2567 1910 Sacramentum
2595 1854 2974 1910 contemnitur.
3019 1853 3168 1911 Juste
3208 1855 3368 1926 igitur
3401 1853 3739 1927 reprehendi-

2167 1963 2287 2003 mus
2309 1991 2324 2016 ,
2357 1945 2762 2003 anathemamus
2789 1988 2803 2012 ,
2837 1947 3165 2003 detestamur
3186 1989 3202 2015 ,
3229 1946 3606 2004 abominamur
3627 1963 3736 2019 per.

2165 2041 2471 2098 versitatem
2499 2039 2675 2096 cordis
2696 2039 3071 2095 haereticorum
3095 2056 3110 2092 :
3137 2038 3545 2096 Sacramentum
3574 2048 3737 2096 tamen

2165 2136 2527 2206 evangelicum
2573 2151 2680 2190 non
2719 2133 2840 2191 ideo
2878 2150 2986 2190 non
3028 2134 3262 2203 habent,
3300 2134 3424 2207 quia
3473 2151 3577 2207 per
3609 2134 3736 2206 quod

2165 2227 2294 2282 utile
2320 2235 2402 2282 est
2452 2242 2559 2281 non
2601 2225 2820 2282 habent.
2865 2225 3188 2298 Quapropter
3230 2242 3345 2280 cum
3389 2226 3460 2280 ad
3504 2227 3660 2297 ﬁdem
3697 2237 3738 2282 et

2164 2321 2424 2375 veritatem
2462 2319 2664 2374 veniunt
2683 2360 2699 2387 ,
2741 2327 2789 2374 et
2827 2327 3027 2391 agentes
3063 2318 3405 2389 paenitentiam
3435 2318 3626 2373 remitti
3656 2318 3738 2374 sibi

2165 2421 2371 2484 peccata
2395 2410 2669 2481 deposcunt
2692 2451 2707 2476 ,
2737 2424 2843 2464 non
2869 2425 2954 2464 eos
2981 2409 3254 2480 decipimus
3288 2425 3447 2479 neque
3483 2409 3733 2481 fallimus,

2165 2519 2281 2557 cum
2305 2512 2551 2558 correctos
2575 2519 2607 2555 a
2634 2501 2776 2557 nobis
2803 2517 2864 2556 ac
2885 2503 3187 2573 reformatae
3215 2499 3268 2555 in
3294 2514 3362 2556 eo
3387 2499 3532 2571 quod
3556 2500 3736 2571 depra-

2164 2594 2271 2648 vati
2326 2605 2484 2665 atque
2531 2594 2768 2664 perversi
2810 2600 2972 2660 sunt,
3018 2592 3087 2646 ad
3130 2607 3342 2664 regnum
3385 2592 3631 2647 calorum
3672 2593 3736 2646 sic

2165 2686 2448 2756 disciplinis
2470 2685 2748 2741 amicalibus
2783 2683 3080 2750 erudimus;
3121 2692 3181 2740 ut
3220 2682 3360 2755 quod
3399 2683 3453 2739 in
3495 2682 3579 2741 eis
3614 2683 3736 2740 inte-

2163 2794 2315 2850 grum
2337 2787 2418 2834 est
2440 2820 2455 2846 ,
2479 2777 2625 2833 nullo
2649 2776 2808 2833 modo
2829 2777 3088 2833 violemus
3107 2817 3122 2842 ,
3151 2790 3251 2833 nec
3271 2785 3491 2848 propter
3517 2777 3736 2834 hominis

2161 2871 2346 2926 vitium
2373 2913 2388 2939 ,
2420 2871 2464 2926 si
2490 2870 2614 2941 quid
2646 2870 2698 2924 in
2726 2869 2942 2926 homine
2971 2868 3067 2926 Dei
3095 2877 3213 2938 est,
3250 2870 3339 2926 vel
3377 2869 3587 2927 nullum
3609 2911 3626 2938 ,
3662 2868 3735 2924 vel

2162 2961 2412 3018 vitiosum
2441 2962 2561 3017 eSse
2584 2961 2843 3017 dicamus.

2233 3051 2456 3109 CAPUT
2482 3051 2673 3108 XXVI.
2699 3081 2770 3094 -—
2796 3053 2886 3109 55.
2915 3052 3033 3109 Jam
3063 3067 3230 3124 pauca
3268 3061 3476 3111 restant
3503 3069 3573 3110 ex
3628 3055 3730 3127 epi-

2162 3145 2298 3201 stola
2325 3143 2391 3200 ad
2419 3143 2736 3200 Jubaianum
2770 3161 2782 3198 :
2815 3143 2910 3201 sed
2939 3144 3060 3215 quia
3088 3144 3142 3200 in
3171 3145 3327 3202 eiset
3371 3144 3440 3202 de
3477 3147 3736 3218 praeterita

2162 3235 2417 3293 Ecclesiae
2440 3236 2824 3293 consuetudine
2850 3235 3045 3293 dicitur
3065 3278 3082 3303 ,
3103 3245 3159 3294 et
3180 3236 3251 3294 de
3284 3236 3558 3309 baptismo
3582 3238 3736 3296 Joan-

2162 3331 2244 3386 nis
2265 3371 2280 3396 ,
2303 3328 2447 3400 quod
2477 3329 2617 3385 solet
2646 3345 2750 3386 non
2777 3344 2998 3402 parvam
3023 3343 3240 3386 movere
3263 3330 3617 3401 quaestionem
3645 3329 3734 3387 ho-

2161 3423 2394 3479 minibus
2413 3436 2526 3478 rem
2552 3421 2883 3477 manifestam
2913 3435 3098 3492 parum
3143 3419 3550 3479 attendentibus
3567 3462 3586 3490 ,
3622 3421 3733 3494 quia

2157 3514 2290 3586 jussi
2316 3524 2442 3571 sunt
2461 3515 2529 3571 ab
2555 3515 2812 3586 Apostolo
2862 3513 2914 3570 in
2953 3514 3168 3571 Christo
3195 3514 3454 3586 baptizari
3500 3515 3597 3587 qui
3643 3514 3735 3571 ba-

2159 3608 2412 3678 ptismum
2437 3607 2660 3663 Joannis
2682 3615 3002 3678 acceperant
3019 3607 3159 3679 (Act.
3189 3622 3278 3663 xix
3299 3649 3315 3676 ,
3347 3607 3498 3679 5-5);
3513 3622 3621 3665 non
3644 3622 3734 3663 ue-

2158 3698 2418 3770 gligenter
2445 3698 2717 3756 tractanda
2757 3708 2918 3766 sunt,
2965 3698 3101 3755 etin
3124 3699 3373 3756 volumen
3399 3699 3545 3756 aliud
3592 3697 3733 3756 dilic-

2159 3789 2324 3844 renda
2343 3829 2358 3856 ,
2385 3805 2453 3846 ne
2473 3790 2632 3862 hujus
2656 3790 2846 3856 modus
2867 3790 3250 3848 immoderatus
3265 3791 3356 3846 sit.

1441 3985 1916 4101 LIBER
1984 3993 2757 4121 QUINTUS.

464 4206 758 4256 Postrema!!!
778 4207 966 4263 partem
990 4199 1234 4250 examinat
1251 4195 1468 4262 epistola:
1489 4193 1781 4265 Cypriani-ad
1800 4194 2100 4265 Jubaianum,
2115 4208 2307 4265 necnon
2321 4196 2581 4265 epistolam
2605 4197 2828 4260 ejusdem
2841 4198 2902 4249 ad
2922 4200 3163 4264 Quintum,
3188 4200 3466 4265 synodicam
3491 4203 3556 4254 ad
3579 4203 3727 4254 muni.

1639 4256 1906 4320 episcopos,
1931 4263 1983 4307 et
2005 4257 2256 4320 epistolam
2276 4258 2336 4308 ad
2359 4256 2649 4322 Pompeium:

1861 4383 2341 4465 ..α-ψη...

536 4537 761 4599 CAPUT
786 4532 1067 4597 PRIMUM.
1094 4561 1164 4573 —
1181 4531 1234 4587 l.
1263 4528 1517 4587 Ecclesiae
1537 4526 1814 4584 catholicae
1833 4542 2052 4586 consue-

461 4633 701 4690 tudinem
730 4629 1009 4704 pristinam
1036 4639 1179 4680 nunc
1203 4621 1372 4678 teneri
1393 4662 1409 4688 ,
1439 4635 1560 4676 cum
1587 4619 1653 4676 ab
1668 4618 1934 4676 haereticis
1960 4619 2044 4677 vel

462 4723 818 4784 schismaticis
841 4721 1117 4778 venientes
1139 4757 1155 4784 ,
1185 4718 1230 4772 si
1273 4712 1597 4784 evangelicis
1633 4712 1812 4768 verbis
1856 4727 2045 4770 conse-

460 4829 667 4876 cratum
694 4817 1019 4886 Baptismum
1068 4815 1454 4882 perceperunt,
1497 4805 1672 4862 denuo
1715 4819 1819 4861 non
1869 4805 2045 4876 bapti-

459 4921 650 4969 zantur
672 4952 688 4978 ,
711 4909 866 4964 beato
884 4904 1151 4977 Cypriano
1172 4911 1308 4958 teste
1332 4898 1548 4956 utimur.
1579 4896 1699 4968 Ipse
1722 4896 1920 4968 quippe
1939 4896 2040 4954 sibi

390 4987 412 5010 ’
461 5003 811 5078 quaestionem
863 4997 1142 5070 proposuit
1178 5010 1245 5051 ex
1283 5008 1377 5050 ore
1421 4991 1603 5062 utique
1639 4989 1892 5055 fratrum,
1929 4990 2042 5048 sive

459 5096 810 5171 quaerentium
841 5092 1148 5159 veritatem,
1188 5089 1302 5145 sive
1332 5102 1428 5160 pro
1450 5085 1674 5142 veritate
1700 5085 2036 5140 certantium.

458 5191 602 5246 inter
629 5185 1014 5258 disputationes
1033 5182 1176 5238 enim
1200 5194 1326 5237 suas
1345 5221 1360 5247 ,
1391 5178 1584 5249 quibus
1607 5176 1821 5231 volebat
1853 5184 2039 5232 osten-

451 5280 584 5340 dere
599 5278 778 5336 denuo
790 5273 1136 5348 baptizandus
1165 5269 1465 5336 haereticos,
1487 5267 1555 5325 de
1579 5266 1769 5339 quibus
1793 5268 1922 5324 satis
1940 5281 2040 5338 pro

454 5384 700 5447 tempore
727 5369 879 5427 libris
921 5364 1290 5440 superioribus
1337 5361 1714 5424 disseruimus,
1760 5359 1878 5414 ait:
1931 5359 2040 5416 Sed

455 5471 577 5526 dicit
597 5467 784 5539 aliquis
800 5506 816 5532 ,
836 5461 959 5535 quid
985 5476 1107 5532 ergo
1130 5459 1216 5528 ﬁet
1244 5456 1308 5511 de
1329 5455 1409 5511 his
1430 5453 1518 5526 qui
1552 5453 1607 5508 in
1632 5453 1941 5525 praeteritum
1974 5452 2038 5506 de

463 5563 641 5618 haresi
660 5559 728 5615 ad
752 5555 1032 5614 Ecclesiam
1071 5549 1318 5606 uenientes
1343 5590 1356 5614 ,
1386 5551 1494 5604 sine
1521 5546 1782 5618 Baptismo
1829 5545 2038 5601 admissi

455 5660 578 5709 sunt
605 5649 796 5723 (Epist.
823 5647 924 5713 75,
951 5643 1019 5698 ad
1043 5637 1372 5706 Jubaianum)
1396 5640 1421 5692 ?
1455 5638 1554 5693 Hic
1579 5645 1692 5693 tota
1720 5651 1879 5693 causa
1929 5635 2036 5692 Do-

458 5749 771 5801 mttstarum
792 5782 807 5808 ,
829 5753 945 5795 cum
968 5733 1159 5806 quibus
1182 5731 1333 5787 nobis
1360 5730 1427 5784 de
1458 5730 1555 5785 hac
1581 5730 1874 5800 quaestione
1904 5745 2034 5785 cou-

2157 4527 2330 4584 ﬂictus
2354 4537 2464 4596 est,
2492 4530 2700 4601 penitus
2737 4531 3084 4603 naufragavit.
3137 4531 3194 4590 Si
3238 4533 3380 4590 enim
3430 4549 3561 4592 vere
3588 4538 3607 4569 ι
3635 4535 3728 4592 Ba-

2160 4621 2416 4690 ptismum
2444 4636 2548 4678 non
2577 4620 2864 4690 habebant,
2880 4624 2969 4696 qui
2985 4624 3260 4681 venientes
3281 4625 3635 4685 abluereticis
3661 4628 3726 4683 ita

2149 4715 2607 4786 suscipiebantur,
2638 4724 2694 4772 et
2727 4732 2889 4789 super
2929 4733 3023 4774 eos
3057 4726 3213 4775 erant
3246 4728 3463 4790 peccata
3495 4735 3678 4776 eorum
3709 4735 3723 4784 ;

2148 4822 2270 4862 cum
2309 4806 2759 4864 communicatum
2783 4817 2865 4863 est
2905 4809 3138 4876 talibus,
3159 4809 3273 4866 sive
3293 4811 3363 4867 ab
3390 4811 3470 4867 eis
3499 4813 3590 4884 qui
3622 4812 3726 4867 fue-

2145 4909 2266 4956 rant
2301 4909 2426 4957 ante
2453 4900 2776 4974 Cyprianum
2799 4944 2815 4970 ,
2839 4903 2950 4957 sive
2973 4903 3041 4959 ab
3060 4903 3178 4975 ipso
3197 4903 3484 4977 Cypriano,
3511 4919 3726 4962 necesse

2144 5002 2228 5050 est
2254 5001 2312 5048 ut
2327 5009 2488 5049 unum
2518 4993 2726 5050 dicatur
2755 5009 2822 5051 ex
2848 4993 3079 5063 duobus,
3105 5004 3197 5051 aut
3225 4995 3449 5066 periisse
3470 4995 3583 5067 jam
3603 5007 3724 5053 tunc

2145 5085 2443 5142 Ecclesiam
2469 5086 2654 5142 talium
2697 5087 3077 5143 communione
3104 5089 3454 5156 maculatam,
3482 5098 3579 5145 aut
3623 5102 3722 5144 non

2144 5177 2336 5234 obesse
2374 5178 2620 5249 cuiquam
2661 5178 2715 5233 in
2754 5179 2956 5234 unitate
2994 5179 3330 5250 permanenti
3365 5178 3540 5236 aliena
3566 5179 3718 5236 etiam

2143 5278 2268 5325 nota
2291 5278 2528 5340 peccata.
2575 5268 2707 5326 Illud
2734 5279 2908 5326 autem
2944 5269 3067 5341 quia
3109 5269 3289 5327 dicere
3322 5286 3428 5326 non
3468 5278 3721 5341 possunt,

2142 5361 2366 5432 periisse
2392 5369 2518 5418 tunc
2544 5361 2839 5418 Ecclesiam
2870 5361 3191 5433 contagione
3215 5361 3612 5418 communionis
3637 5373 3723 5417 eo-

2142 5470 2262 5511 rum
2282 5455 2370 5526 qui
2396 5454 2512 5510 sine
2538 5453 2810 5525 Baptismo
2833 5453 2900 5508 ad
2929 5468 3070 5522 eam,
3099 5453 3236 5510 sicut
3253 5453 3385 5510 dicit
3408 5452 3717 5525 Cyprianus,

2143 5546 2362 5604 admissi
2388 5554 2545 5614 sunt;
2579 5546 2810 5619 alioquin
2859 5560 2959 5604 nec
2995 5544 3258 5617 originem
3293 5560 3444 5603 suam
3477 5549 3720 5616 poterunt

2207 5738 2220 5766 ¹
2250 5736 2322 5784 sic
2344 5741 2448 5785 Mss.
2477 5739 2533 5783 At
2556 5733 2692 5794 editi,
2711 5743 2890 5783 rerum.
