3796 6122
55 349 132 404 17⁵1

50 473 250 518 asserere
267 499 282 525 ,
314 457 360 511 si
383 462 516 509 tunc
547 450 701 521 periit
725 444 998 509 Ecclesia;
1023 439 1277 512 quoniam
1304 435 1421 506 plus
1437 446 1594 503 quam

56 523 358 625 quadraginta
386 544 519 599 anni
547 539 821 598 suntinter
841 532 1094 608 Cypriani
1113 528 1417 625 passionem
1441 532 1495 578 et
1515 523 1596 625 di-

51 618 251 704 vinorum
281 640 532 702 codicum
549 633 877 692 exustionem
904 625 1005 703 (a),
1027 625 1167 682 unde
1194 622 1280 678 isti
1307 618 1596 677 calumnia-

50 753 144 796 rum
166 747 370 790 suarum
426 729 605 786 fumos
637 725 900 798 iactantes
922 760 938 785 ,
987 715 1322 774 occasionem
1365 709 1594 766 faciendi

50 824 309 887 schismatis
327 823 663 883 invenerant,
689 815 826 872 sicut
847 808 1138 868 Consulum
1152 805 1286 861 ordo
1322 802 1555 859 declarat
1576 817 1590 854 :

25 927 182 978 .restat
206 926 259 972 ut
285 915 574 978 fateantur,
614 907 758 964 nulla
785 903 1048 960 malorum
1075 898 1235 953 etiam
1261 893 1595 965 cognitorum

53 1014 120 1068 tali
138 1004 502 1065 communione
519 995 874 1057 contaminari
898 993 1156 1049 unitatem
1181 986 1405 1044 Christi.
1440 982 1594 1052 Quod

51 1120 143 1161 eum
171 1099 292 1156 fassi
330 1096 564 1159 fuerint,
598 1107 706 1149 non
745 1088 1017 1146 invenient
1041 1097 1257 1140 causam
1303 1095 1400 1136 cur
1442 1093 1504 1135 se
1528 1079 1596 1134 ab

53 1191 267 1252 Ecclesiis
292 1189 444 1246 orbis
471 1195 763 1249 terrarum,
785 1192 921 1251 quas
945 1191 1043 1249 per
1063 1171 1351 1246 Apostolos
1385 1171 1598 1225 institu-

51 1297 114 1341 tas
140 1283 324 1354 pariter
346 1279 611 1350 legimus,
647 1285 898 1344 separare
939 1266 1191 1324 debuisse
1222 1261 1548 1320 contendant
1577 1278 1592 1315 :

53 1353 149 1447 quia
187 1387 352 1444 neque
397 1370 476 1426 illi
518 1363 876 1440 quorumlibet
903 1359 1167 1416 malorum
1216 1353 1597 1447 commixtione

53 1445 191 1543 perire
212 1472 530 1539 potuerunt,
563 1469 620 1517 et
644 1459 730 1516 isti
755 1457 846 1529 qui
877 1469 984 1511 non
1011 1452 1251 1523 perirent
1273 1449 1318 1504 si
1339 1462 1463 1503 cum
1490 1445 1598 1500 illis

54 1541 92 1618 in
110 1561 290 1616 imitate
313 1555 680 1619 mansissent,
719 1545 1021 1620 separando
1046 1559 1105 1599 se
1133 1542 1201 1598 ab
1225 1541 1333 1607 eis,
1361 1547 1416 1595 et
1452 1552 1598 1592 rum-

54 1653 192 1725 pendo
215 1649 484 1706 vinculum
509 1645 677 1717 pacis,
699 1641 888 1711 utique
907 1639 960 1695 in
985 1635 1275 1692 schismate
1299 1632 1596 1703 perierunt.

56 1721 422 1815 apertissimum
449 1737 593 1794 cnim
631 1730 969 1802 sacrilegium
1009 1727 1211 1784 eminet
1249 1721 1554 1778 schismatis
1581 1759 1598 1784 ,

58 1811 230 1892 si'nulla
267 1831 368 1887 fuit
403 1843 566 1886 causa
609 1821 981 1896 separationls.
1021 1816 1231 1874 Nullam
1276 1828 1404 1869 vero
1437 1811 1602 1866 fuisse

55 1942 228 1986 causam
269 1919 628 1997 separationis
655 1925 906 1988 apparet,
939 1913 983 1969 si
1031 1910 1158 1966 mali
1209 1908 1370 1964 etiam
1401 1902 1601 1975 cogniti

57 2024 188 2077 bonos
213 2019 262 2074 in
292 2018 502 2072 unitate
528 2027 638 2069 non
660 2008 956 2066 maculant.
996 2004 1115 2060 Non
1140 2009 1318 2057 autem
1345 1997 1603 2054 maculari

58 2115 97 2169 in
106 2113 280 2169 unitate
292 2112 487 2176 bonos,
510 2107 671 2163 etiam
693 2119 724 2159 a
740 2100 964 2172 cognitis
977 2097 1130 2153 malis
1150 2095 1449 2157 docemus‘,
1470 2099 1605 2146 teste

59 2205 279 2275 Cypriano
293 2245 308 2269 ,
330 2203 424 2273 qui
450 2198 620 2265 dicit,
642 2197 696 2250 in
717 2191 1022 2266 praeteritum
1051 2189 1114 2242 de
1135 2186 1315 2241 haresi
1333 2184 1401 2238 ad
1423 2181 1606 2236 Eccle-

60 2298 156 2351 sium
174 2295 416 2351 venientes
436 2334 452 2358 ,
502 2292 611 2346 sine
638 2287 901 2359 Baptismo
939 2282 1187 2338 admissos
1217 2296 1237 2334 :
1263 2291 1490 2349 quorum
1523 2284 1606 2330 ta-

61 2405 156 2443 men
188 2385 381 2443 nefaria
410 2381 697 2452 sacrilegia
726 2420 743 2448 ,
771 2393 890 2449 quae
936 2388 1098 2444 super
1125 2386 1219 2428 eos
1247 2377 1402 2426 erant
1425 2411 1440 2436 ,
1485 2367 1608 2438 quia

63 2479 290 2550 Baptismo
313 2476 536 2533 dimissa
576 2487 684 2528 non
720 2478 909 2536 erant,
949 2467 996 2522 si
1031 2464 1269 2537 polluere
1301 2472 1356 2518 et
1385 2459 1610 2530 perdere

66 2586 142 2627 non
164 2575 439 2641 potuerunt
475 2563 730 2622 Ecclesiae
759 2559 1096 2618 sanctitatem
1115 2597 1132 2624 ,
1163 2553 1308 2610 nulla
1346 2551 1609 2608 malorum

65 2671 204 2732 potest
236 2659 558 2732 contagione
598 2654 794 2726 perire.
822 2651 1156 2721 Quapropter
1201 2645 1247 2701 si
1286 2642 1610 2716 Cyprianum

70 2771 219 2812 verum
255 2754 456 2811 dixisse
499 2746 873 2811 consentiunt,
918 2757 986 2800 eo
1034 2748 1175 2797 teste
1217 2737 1502 2792 vincuntur
1557 2732 1612 2786 in

67 2848 247 2904 crimine
283 2843 593 2902 schismatis
615 2842 636 2872 ²
671 2858 685 2895 :
715 2839 763 2894 si
807 2835 1136 2910 Cyprianum
1179 2829 1370 2886 falsum
1408 2824 1612 2882 dixisse

69 2941 370 3009 contendunt,
402 2953 471 2995 eo
492 2944 633 2993 teste
657 2947 763 2989 non
788 2938 1004 2987 utantur
1032 2929 1085 2984 in
1113 2927 1409 2999 quaestione
1428 2919 1613 2992 Bapti-

70 3033 236 3088 smstis.

122 3123 321 3182 CAPUT
347 3123 414 3179 Il.
447 3151 520 3164 —
548 3120 603 3174 2.
632 3117 741 3176 Sed
782 3130 924 3172 nunc
966 3111 1108 3185 quod
1143 3126 1264 3167 cum
1318 3109 1477 3164 beato
1513 3103 1618 3176 Cy-

73 3218 222 3286 priano
245 3215 462 3273 homine
491 3211 720 3284 paciﬂco
747 3205 1100 3265 sermocinari
1126 3201 1471 3264 instituimus,
1495 3212 1618 3268 per-

75 3325 242 3380 gamus.
261 3310 359 3378 Qui
387 3323 516 3365 cum
560 3303 664 3361 sibi
697 3301 1072 3374 opposuisset,
1109 3294 1251 3367 quod
1292 3293 1397 3349 dici
1442 3306 1474 3346 a
1513 3289 1621 3344 fra-

74 3404 207 3459 tribus
227 3410 482 3468 noverat,
515 3399 650 3466 Quid
665 3412 784 3468 ergo
808 3395 894 3465 ﬁet
921 3393 983 3447 de
1011 3392 1090 3445 Itis
1115 3390 1200 3460 qui
1223 3389 1278 3442 in
1307 3384 1619 3458 prater-itum

77 3498 126 3549 ad
155 3493 414 3552 Ecclesium
439 3493 511 3547 de
535 3489 715 3545 Intresi
739 3487 989 3542 venientes
1011 3525 1027 3549 ,
1074 3482 1182 3535 sine
1232 3477 1494 3548 Baptismo
1523 3475 1620 3528 ad-

24 3643 26 3648 .
76 3588 186 3643 missi
204 3589 354 3644 situt?
381 3585 583 3640 Potens
607 3591 680 3637 est
699 3623 714 3648 ,
750 3579 952 3649 inquit,
1006 3573 1253 3628 Dominus
1279 3566 1624 3624 misericordia

24 3657 26 3662 l
79 3695 148 3734 sua
169 3679 522 3751 indulgentiam
552 3673 704 3740 dare,
733 3679 781 3726 et
804 3685 887 3724 eos
913 3668 999 3738 qui
1025 3665 1094 3719 ad
1119 3661 1399 3717 Ecclesium
1425 3657 1622 3728 simpli-

79 3775 173 3827 citer
189 3772 383 3826 admissi
409 3771 473 3824 in
501 3765 733 3822 Ecclesia
761 3761 1073 3817 dormierunt
1099 3797 1113 3823 ,
1146 3754 1208 3809 ab
1241 3752 1480 3808 Ecclesiae
1517 3765 1625 3805 sua

81 3865 324 3920 nianeribus
359 3879 470 3918 non
499 3861 758 3931 separare.
801 3854 947 3909 Bene
979 3848 1195 3921 quidem
1236 3841 1574 3916 praesumpsit
1605 3882 1623 3909 ,

85 3959 195 4030 quod
215 3960 442 4016 charitas
469 3952 686 4010 unitatis
713 3956 895 4022 posset
915 3943 1191 4014 cooperire
1232 3936 1628 3995 multitudinem

84 4027 397 4125 peccatorum.
424 4047 585 4119 Quod
603 4047 649 4102 si
677 4043 942 4100 habebant
965 4036 1295 4108 Baptismum
1320 4073 1336 4099 ,
1367 4041 1422 4125 et
1449 4029 1516 4084 ab
1546 4027 1630 4082 his

84 4123 165 4202 non
187 4157 319 4203 recte
343 4142 682 4202 sentiebatur
700 4137 791 4209 qui
815 4150 909 4192 eos
929 4133 1106 4188 denuo
1134 4123 1482 4198 baptizandos
1511 4133 1632 4175 esse

84 4242 364 4310 censebant,
393 4240 451 4296 id
481 4244 717 4294 erratum
741 4227 1082 4300 cooperiebat
1104 4221 1320 4278 unitatis
1362 4215 1594 4310 Charitas
1613 4253 1629 4280 ,

86 4334 297 4402 quamdiu
324 4305 505 4388 inerat
533 4328 634 4383 ista
651 4367 668 4393 ,
686 4338 794 4380 non
817 4319 1079 4377 diabolica
1108 4311 1369 4370 dissensio
1393 4352 1406 4374 ,
1435 4306 1529 4364 sed
1544 4305 1634 4360 hu-

89 4398 212 4480 mana
241 4425 494 4486 tentatio;
526 4419 698 4475 donec
726 4416 840 4481 eis,
887 4413 1024 4468 sicut
1059 4409 1186 4464 dicit
1214 4403 1502 4476 Apostolus
1525 4441 1540 4466 ,
1587 4398 1636 4454 si

91 4515 188 4584 quid
214 4516 359 4571 aliter
386 4510 669 4582 sapiebant
699 4504 953 4561 Dominus
981 4500 1242 4557 revelaret
1271 4494 1530 4566 (Philipp.
1545 4506 1601 4546 ni
1619 4530 1633 4555 ,

24 4601 30 4614 ’
94 4607 184 4676 i5).
207 4606 270 4662 Et
294 4605 413 4662 ideo
432 4619 517 4658 vm
549 4601 665 4656 istis
682 4598 774 4670 qui
803 4611 900 4668 per
925 4593 1237 4662 sacrilegam
1262 4584 1638 4658 prmcisionem

95 4697 145 4750 ab
162 4697 344 4753 unitate
368 4693 635 4762 disrupti,
675 4691 722 4745 si
747 4697 800 4745 et
840 4684 981 4757 apud
1021 4697 1120 4738 nos
1140 4691 1194 4736 et
1219 4677 1356 4749 apud
1397 4677 1516 4732 illos
1557 4684 1642 4731 est

98 4789 384 4861 baptismus,
414 4785 748 4856 rebaptizant
782 4800 796 4838 :
827 4781 873 4836 si
911 4786 1090 4833 autem
1130 4776 1184 4830 in
1210 4771 1486 4829 Catholica
1526 4769 1642 4824 sola

100 4890 188 4948 est,
213 4897 304 4938 nec
346 4879 640 4952 baptizant.
683 4874 808 4929 Sive
831 4885 961 4943 ergo
1001 4866 1332 4936 rebaptizent
1369 4862 1483 4918 sive
1535 4874 1645 4915 non

102 4969 369 5042 bsptisent,
397 4950 508 5026 non
551 4965 756 5022 suntin
785 4961 999 5018 vinculo
1029 4958 1213 5029 pacis:
1246 4953 1385 5009 unde
1430 4950 1648 5007 cuilibet

106 5063 292 5120 istorum
318 5061 528 5119 vulneri
558 5057 845 5114 adhibeant
877 5052 1216 5108 medicinam.
1249 5047 1358 5104 Nos
1398 5053 1576 5101 autem
1602 5044 1650 5099 si

107 5154 160 5209 ad
181 5155 460 5214 Ecclesiam
502 5153 620 5208 sine
664 5148 937 5220 Baptismo
961 5141 1319 5207 admittimus,
1349 5139 1405 5194 in
1429 5153 1494 5193 eo
1548 5152 1651 5192 nu-

109 5269 231 5313 mero
281 5269 462 5312 sumus
486 5254 508 5285 ³
533 5249 726 5322 quibus
749 5244 1048 5319 Cyprianus
1071 5247 1290 5312 propter
1316 5235 1536 5292 unitatis
1562 5249 1655 5288 cu-

112 5347 300 5406 tiodiem
337 5345 541 5422 ignosci
569 5357 727 5416 posse
772 5335 1131 5412 praesumpsit.
1179 5331 1237 5388 Si
1277 5340 1452 5386 autem
1498 5327 1655 5399 (sicut

167 5553 794 5616 ιΔιὶαιιοιΙεΒηάοοεῖηὲθό
867 5614 873 5616 _
1114 5603 1126 5615 .
1439 5595 1535 5616 --ιε

167 5621 185 5650 ¹
202 5596 934 5680 εἷῖιζ⁹⁷εοτὲὶεῗᾶἠῦἰῆέιιτιιαν
973 5617 1076 5680 eam.
1105 5603 1177 5680 ίη,

117 5677 186 5748 “‘1
219 5666 620 5748 ἶίδίιίιιέᾶίβὲίι
642 5675 835 5748 misso;
853 5666 1495 5748 ἒξδὲἱΡΡΡΪῗῗξᾲυίηθωπππ

171 5743 189 5774 ³
209 5742 366 5794 Plures
383 5751 507 5802 Mss,
529 5740 648 5802 etin
661 5746 836 5802 eorum
849 5743 1046 5802 numero
1067 5740 1243 5780 sumus.

173 5804 237 5869 (a)
257 5803 366 5860 Vide
387 5794 526 5868 infra,
548 5800 634 5852 lib.
657 5799 710 5860 7,
730 5809 834 5862 cap.
852 5794 897 5846 ἓ.

1348 313 1551 371 LIBER
1588 308 1904 377 QUINTUS.

3177 311 3282 366 178

1703 429 1851 498 jam,
1894 437 1951 482 ut
1977 429 2234 498 arbitror,
2262 443 2324 484 ex
2355 429 2438 484 his
2477 443 2595 499 quae
2630 429 2682 482 in
2732 429 3100 498 superioribus
3129 419 3281 483 libris

1702 519 1964 587 diximus,
1999 520 2336 576 manifestum
2362 519 2464 590 est)
2488 521 2648 575 etiam
2671 520 2723 574 in
2765 519 3133 574 haereticorum
3161 532 3282 588 per-

1701 614 1953 670 versitate
1976 620 2153 685 potest
2190 627 2310 669 esse
2345 612 2620 669 christiani
2658 611 2915 682 Baptismi
2960 610 3281 682 integritas;

1701 705 1746 760 si
1767 705 1856 776 qui
1887 705 2215 775 temporibus
2233 703 2340 759 illis
2368 699 2851 775 rebaptiﬁaverunt,
2883 716 2983 758 nec
3007 709 3187 757 tamen
3213 700 3286 756 ab

1701 797 1920 852 unitatis
1970 796 2286 868 compagine
2334 803 2713 859 recesserunt,
2765 793 2954 850 eadem
2997 793 3288 850 dilectione

1700 890 1848 961 pacis
1877 899 2166 961 potuerunt
2189 889 2257 945 ad
2283 889 2496 945 veniam
2524 889 2824 959 pertinere,
2854 903 2955 958 qua
2984 885 3286 959 Cyprianus

1700 980 1862 1036 etiam
1892 980 2009 1036 sine
2034 979 2305 1050 Baptismo
2329 978 2592 1034 admissos
2611 978 2680 1032 ab
2704 978 2958 1033 Ecclesia:
2977 977 3287 1034 muneribus

1701 1086 1809 1128 non
1856 1072 2096 1143 potuisse
2129 1071 2366 1143 separari
2406 1079 2651 1126 testatur.
2689 1070 2856 1125 Porro
2885 1069 2931 1124 si
2984 1085 3168 1124 verum
3201 1078 3290 1124 est

1701 1163 1841 1234 apud
1870 1163 2149 1220 haereticos
2172 1172 2226 1220 et
2264 1161 2633 1218 schismaticos
2675 1175 2783 1216 non
2802 1175 2922 1216 esse
2956 1160 3284 1230 Baptismum

1701 1253 1932 1320 Christi,
1972 1263 2172 1324 quanto
2231 1254 2408 1308 minus
2445 1253 2700 1308 obessent
2749 1252 2802 1306 in
2857 1255 3059 1306 unitate
3101 1252 3292 1322 positis

1701 1346 1878 1402 aliena
1923 1355 2174 1416 peccata,
2222 1346 2268 1399 si
2302 1343 2370 1399 ad
2411 1344 2673 1399 unitatem
2709 1341 3047 1397 venientibus
3085 1350 3140 1397 et
3171 1342 3292 1398 sine

1705 1437 1975 1508 Baptismo
2004 1436 2252 1492 admissis
2282 1437 2614 1491 solverentur
2658 1445 2714 1490 et
2758 1433 2993 1504 propria.
3024 1432 3158 1488 Nam
3195 1433 3242 1487 si
3269 1473 3289 1496 .

1705 1537 1840 1584 teste
1869 1527 2164 1598 Cypriano,
2197 1525 2416 1582 unitatis
2443 1525 2716 1581 vinculum
2744 1533 2949 1579 tantum
2977 1523 3138 1588 valet,
3155 1537 3290 1593 quo~

1703 1621 1866 1677 modo
1888 1629 2106 1690 possent
2147 1619 2266 1674 laedi
2307 1619 2495 1675 alienis
2531 1617 2762 1687 peccatis
2783 1657 2800 1683 ,
2849 1616 2939 1687 qui
2981 1614 3185 1670 nollent
3219 1614 3291 1669 ab

1705 1714 1908 1769 unitate
1935 1711 2207 1779 recedere,
2234 1711 2280 1767 si
2306 1711 2467 1766 etiam
2495 1725 2604 1766 non
2626 1709 2880 1780 baptizati
2906 1714 3139 1780 peccatis
3165 1723 3291 1780 pro-

1707 1805 1838 1877 priis
1859 1819 1964 1860 non
1991 1803 2271 1875 perirent,
2298 1802 2392 1874 qui
2418 1801 2486 1858 ad
2509 1817 2630 1858 eam
2653 1800 2853 1858 vellent
2879 1815 2945 1857 ex
2975 1799 3168 1856 hmresi
3201 1814 3294 1856 ac-

1706 1897 1935 1955 cedere?
3287 1931 3293 1943 .

1779 1987 2003 2046 CAPUT
2029 1987 2116 2044 lll.
2142 2018 2214 2030 —
2240 1990 2293 2046 '5.
2321 1986 2473 2058 Quod
2501 1995 2677 2043 autem
2701 1985 2940 2058 adjungit
2965 1984 3291 2058 Cyprianus,

1709 2091 1764 2138 et
1786 2081 1950 2149 dicit,
1973 2080 2095 2136 Non
2121 2090 2286 2135 tamen
2309 2081 2429 2152 quia
2470 2079 2743 2148 aliquando
2772 2091 2996 2134 erratum
3041 2087 3144 2144 est,
3171 2076 3290 2131 ideo

1710 2190 1908 2244 semper
1929 2173 2202 2228 errandum
2227 2181 2298 2227 est
2323 2187 2475 2225 :cum
2503 2171 2664 2242 magis
2701 2167 3008 2240 sapientibus
3051 2177 3098 2222 et
3126 2165 3294 2222 Deum

1713 2264 1996 2319 timentibus
2024 2272 2298 2336 congruat,
2328 2262 2596 2333 patefactae
2618 2269 2663 2316 et
2686 2268 2959 2332 perspecta!
2991 2259 3186 2314 veritati
3224 2257 3294 2312 li-

1713 2359 1885 2412 benter
1923 2368 2074 2429 atque
2122 2360 2472 2411 incunctanter
2523 2353 2754 2425 obsequi,
2786 2369 2938 2424 quam
2978 2351 3299 2423 pertinaciter

1713 2458 1864 2519 atque
1887 2449 2132 2504 obstinate
2158 2457 2334 2502 contra
2362 2449 2544 2519 fratres
2571 2455 2619 2499 et
2658 2442 3034 2499 consacerdotes
3059 2458 3151 2513 pro
3191 2441 3299 2497 lue-

1713 2541 1881 2596 reticis
1937 2540 2181 2594 reluctari
2211 2557 2230 2594 :
2259 2538 2542 2594 verissime
2579 2535 2750 2605 dicit,
2781 2550 2881 2591 nec
2928 2533 3081 2590 alteri
3124 2533 3301 2604 potius

1714 2647 1873 2703 quam
1904 2630 2006 2686 sibi
2031 2631 2379 2697 adversatur,
2418 2629 2510 2700 qui
2538 2628 2745 2683 resistit
2786 2625 3135 2698 apertissima
3163 2624 3302 2680 veri-

1716 2723 1832 2779 tati.
1862 2721 1966 2778 Sed
1993 2736 2090 2794 per
2111 2722 2197 2777 illa
2219 2737 2337 2792 quae
2368 2728 2474 2776 tam
2505 2719 2669 2775 multa
2691 2719 2802 2790 jam
2838 2717 3098 2784 diximus,
3127 2731 3300 2787 quan-

1717 2823 1831 2870 tum
1877 2813 2106 2869 arbitror
2127 2855 2143 2882 ,
2174 2811 2370 2884 liquido
2409 2820 2661 2882 apparet,
2688 2820 2743 2866 et
2779 2817 2981 2866 certum
3033 2817 3150 2876 est,
3195 2807 3302 2862 Ba-

1717 2908 1972 2978 ptismum
1999 2905 2194 2960 Christi
2223 2919 2324 2960 nec
2349 2903 2726 2958 haereticorum
2751 2899 3129 2972 perversitate,
3175 2913 3299 2954 cum

1719 2997 1862 3068 apud
1887 3011 1980 3052 eos
2004 2995 2160 3051 datur
2187 3003 2241 3051 et
2259 2995 2513 3059 sumitur,
2548 3007 2708 3064 posse
2725 2992 2928 3048 violari.
2958 2989 3065 3048 Sed
3090 3000 3151 3046 ut
3181 3005 3306 3046 cer-

1722 3099 1834 3145 tum
1897 3088 2131 3144 nondum
2188 3088 2292 3153 sit‘;
2357 3087 2546 3143 saltem
2613 3069 2788 3141 adhuc
2857 3097 2977 3140 esse
3045 3082 3304 3150 dubium,

1723 3179 1961 3251 quisquis
1984 3194 2046 3235 ea
2075 3194 2194 3249 qua:
2218 3178 2359 3234 dicta
2383 3185 2537 3244 sunt,
2564 3177 2725 3232 etiam
2774 3175 3010 3231 renitens
3038 3175 3308 3246 cogitave-

1723 3273 1828 3340 rit,
1858 3271 2164 3328 confitetur.
2196 3270 2311 3326 Non
2332 3284 2460 3342 ergo
2480 3269 2830 3340 apertissima»
2856 3267 3070 3323 veritati
3098 3267 3309 3322 resisti-

1725 3381 1874 3431 mus;
1903 3365 1997 3420 sed
2023 3373 2115 3420 aut
2143 3379 2241 3434 pro
2267 3361 2544 3418 manifeSta
2575 3363 2800 3416 veritate
2821 3368 3090 3415 certamus
3109 3401 3124 3428 ,
3169 3360 3311 3414 sicut

1725 3470 1828 3528 ego
1849 3455 2134 3520 existimo;
2191 3461 2283 3508 aut
2325 3459 2473 3508 certe
2497 3492 2511 3517 ,
2561 3451 2700 3506 sicut
2732 3457 2954 3521 possunt
3003 3457 3190 3519 putare
3219 3449 3312 3519 qui

1728 3545 1965 3603 nondum
1986 3545 2140 3600 istam
2160 3544 2510 3615 quaestionem
2551 3542 2780 3598 solutam
2806 3555 2927 3597 esse
2951 3540 3306 3606 arbitrantur,

1729 3637 1906 3694 adhuc
1951 3636 2239 3706 quaerimus
2267 3635 2569 3691 veritatem.
2625 3632 2695 3688 Et
2722 3632 2842 3688 ideo
2879 3633 2924 3688 si
2961 3631 3119 3687 aliter
3142 3645 3201 3685 se
3225 3645 3315 3687 res

1731 3730 1892 3785 habet
1916 3743 2076 3800 quam
2101 3742 2198 3782 nos
2223 3725 2450 3782 dicimus
2473 3768 2487 3792 ,
2514 3724 2700 3780 eadem
2727 3723 3065 3793 simplicitate
3090 3721 3314 3792 suscipi-

1727 3836 1856 3877 .mus
1879 3821 1948 3874 ab
1975 3819 2241 3874 haereticis
2284 3816 2579 3888 baptizatos
2601 3857 2617 3883 ,
2653 3830 2756 3887 qua
2796 3813 3155 3885 suscipiebant
3190 3815 3206 3844 ¹
3233 3813 3312 3870 illi

1732 3927 1871 3983 quos
1893 3919 2110 3982 propter
2127 3910 2383 3965 unitatem
2405 3907 2705 3979 Cyprianus
2722 3905 2792 3962 ad
2817 3907 3026 3962 veniam
3045 3905 3318 3976 pertinere

1736 4004 2095 4074 praesumpsit.
2141 4001 2200 4059 Si
2241 4010 2418 4057 autem
2450 4001 2750 4071 Baptismus
2791 3997 3028 4067 Christi,
3075 3999 3213 4055 sicut
3253 4013 3317 4055 ea

1737 4110 1858 4165 quae
1877 4095 1988 4164 jam
2015 4093 2180 4148 multa
2197 4092 2341 4165 dicta
2363 4100 2486 4146 sunt
2512 4091 2768 4155 indicant,
2790 4099 2845 4146 et
2865 4092 2916 4144 in
2944 4105 3050 4145 non
3067 4090 3270 4160 integra
3297 4093 3318 4124 ³

1739 4185 1827 4240 vel
1856 4184 1984 4251 vita,
2013 4183 2098 4237 vel
2125 4182 2230 4237 (ide
2247 4223 2265 4250 ,
2289 4155 2401 4236 sive
2424 4195 2607 4236 eorum
2639 4181 2728 4251 qui
2752 4179 2999 4235 videntur
3015 4195 3136 4236 esse
3155 4181 3318 4246 intus,

1740 4289 1842 4330 nec
1866 4281 2044 4328 tamen
2095 4270 2161 4326 ad
2187 4270 2357 4326 unicae
2401 4269 2544 4324 illius
2571 4268 2834 4324 columbze
2873 4269 3113 4324 membra
3153 4270 3325 4339 perti-

1742 4374 1905 4434 nent,
1934 4365 2046 4418 sive
2083 4376 2271 4417 eorum
2297 4360 2389 4431 qui
2409 4361 2486 4415 sic
2523 4359 2591 4415 ad
2617 4374 2735 4414 eam
2765 4374 2873 4415 non
2919 4359 3222 4429 pertinent,
3267 4369 3324 4415 ut

1743 4458 1903 4513 etiam
1927 4462 2110 4525 aperte
2134 4450 2262 4507 foris
2282 4452 2391 4506 sint
2412 4493 2429 4518 ,
2453 4459 2632 4522 potest
2660 4465 2782 4506 esse
2807 4451 3053 4522 integer;
3079 4450 3171 4521 qui
3197 4465 3324 4507 eum

1745 4548 1851 4604 illis
1879 4545 2208 4616 temporibus
2234 4542 2549 4613 repetebant
2567 4583 2585 4611 ,
2607 4540 2850 4598 eamdem
2874 4540 3081 4596 veniam
3105 4549 3328 4612 pr0pter

1746 4641 2060 4696 charitatem
2085 4635 2302 4692 unitatis
2328 4634 2691 4702 merebantur,
2709 4648 2866 4704 quam
2888 4634 3146 4690 meruisse
3169 4647 3331 4705 prop-

1749 4745 1831 4792 ter
1851 4734 2112 4805 ejusmodi
2137 4730 2452 4788 charitatem
2473 4728 2701 4786 credidit
2726 4726 3022 4799 Cyprianus
3047 4741 3162 4791 eos,
3192 4741 3326 4795 quos

1752 4831 1868 4887 sine
1893 4828 2166 4900 Baptismo
2184 4824 2449 4881 admissos
2477 4837 2598 4879 esse
2623 4820 2914 4876 arbitratus
2933 4828 3036 4874 est.
3063 4819 3156 4876 Isti
3202 4833 3334 4890 ergo

1753 4925 1844 4997 qui
1866 4923 2010 4980 nulla
2031 4920 2294 4978 existente
2319 4930 2480 4972 causa
2509 4912 2960 4985 (quandoquidem
2980 4954 2996 4979 ,
3027 4912 3166 4968 sicut
3191 4910 3336 4967 idem

1755 5015 2054 5088 Cyprianus
2077 5009 2345 5074 ostendit,
2377 5005 2502 5063 mali
2526 5004 2683 5060 bonis
2708 5004 2762 5058 in
2789 5005 2991 5060 unitate
3014 5003 3206 5060 obesse
3228 5018 3340 5060 non

1756 5107 2000 5183 possunt)
2027 5120 2086 5162 se
2101 5105 2169 5161 ab
2183 5101 2422 5175 ejusdem
2447 5098 2664 5154 unitatis
2678 5097 2939 5154 charitate
2961 5096 3341 5168 prmciderunt,

1759 5205 1934 5259 locum
1953 5198 2130 5254 omnis
2151 5195 2322 5252 venias
2352 5189 2703 5262 perdiderunt
2731 5207 2747 5246 :
2777 5198 2831 5245 et
2858 5189 2946 5258 qui
2977 5189 3095 5258 ipso
3135 5187 3342 5244 scelere

1761 5293 2063 5354 schismatis
2093 5289 2413 5353 interirent,
2453 5282 2663 5339 etiamsi
2710 5289 2832 5352 post
2871 5279 3202 5336 Catholicam
3233 5294 3343 5335 non

1763 5385 2194 5457 rebaptizarent;
2238 5386 2438 5450 quanto
2481 5373 2740 5447 supplicio
2766 5371 2912 5443 digni
2957 5379 3110 5436 sunt,
3141 5370 3230 5440 qui
3257 5368 3345 5424 vel

1766 5476 1908 5549 quod
1927 5489 2022 5532 eos
2051 5487 2158 5529 non
2182 5469 2380 5526 habere
2405 5465 2703 5539 Cyprianus
2722 5462 2952 5519 affirmat
2970 5503 2986 5529 ,
3027 5459 3348 5516 habentibus

1835 5653 2067 5700 timuss.
2090 5653 2146 5696 At
2168 5644 2304 5706 editi,
2334 5641 2730 5706 suscipiebantuf-
2787 5700 2799 5706 _
2862 5695 2878 5706 .
2968 5695 2980 5706 .

1837 5716 1857 5744 ς
1878 5695 2021 5782 ἰτξᾶίῷ
2047 5715 2097 5821 ξι
2118 5695 2210 5758 non
2239 5695 2428 5769 integra
2441 5695 2658 5768 {omissa
2679 5695 2928 5765 particula,
2960 5695 3029 5756 in,
3053 5704 3165 5765 qua:
3188 5701 3266 5748 est
3298 5707 3353 5748 tn

1778 5783 2046 5838 manuscrip
2063 5783 2125 5821 ιε.
