3796 6202
338 263 441 318 185

339 377 531 433 Christi
570 372 824 446 baptizari
863 376 1164 440 oporteret,
1205 364 1379 419 minus
1419 361 1608 433 plenus
1645 359 1926 427 minusque

339 468 601 541 perfectus
624 464 820 521 Christi
851 461 1150 532 Baptismus
1174 456 1369 512 merito
1393 452 1680 517 videretur,
1709 450 1795 522 qui
1823 463 1928 504 non

339 561 607 618 sufﬁceret
642 559 707 614 ad
746 556 988 612 salutem.
1022 549 1283 620 Quocirca
1319 557 1374 603 et
1408 545 1673 618 baptismo
1710 542 1931 599 Joannis

339 653 634 724 baptizatus
662 656 743 704 est
771 647 1048 711 Dominus,
1081 652 1138 698 ut
1164 641 1425 712 superbas
1453 636 1725 692 hominum
1756 633 1930 690 cervi-

340 761 430 802 ces
455 743 521 800 ad
548 743 778 799 salutare
803 753 957 796 suum
984 736 1253 808 Baptisma
1278 732 1551 796 ﬂecteret;
1574 738 1628 785 et
1652 743 1755 783 non
1784 727 1931 782 solus

340 838 431 894 illo
458 835 774 906 baptismate
804 833 1000 886 tinctus
1028 836 1127 894 est,
1161 841 1228 882 ne
1255 825 1357 881 hoc
1383 824 1500 894 ipso
1529 819 1775 892 superius
1801 816 1932 874 illud

340 927 664 992 ostenderet,
690 923 830 997 quod
855 937 920 978 eo
943 921 1090 977 solus
1116 919 1231 990 ipse
1259 914 1514 987 baptizari
1545 912 1852 976 meruisset;
1879 916 1934 964 et

341 1024 477 1080 ultra
512 1019 639 1077 illud
676 1029 1021 1089 perseverare
1059 1027 1164 1068 non
1205 1009 1360 1074 sivit,
1395 1023 1462 1063 ne
1501 1005 1603 1060 hoc
1636 1018 1796 1058 unum
1828 1015 1934 1072 quo

342 1114 454 1183 ipse
480 1112 729 1183 baptizat,
759 1107 994 1178 indigere
1018 1101 1354 1175 praecedente
1375 1099 1544 1154 altero
1571 1095 1858 1152 videretur.

413 1202 641 1262 CAPUT
671 1201 739 1256 Χ.
769 1198 950 1253 -12.
976 1197 1170 1266 Quaero
1197 1194 1393 1264 itaque,
1416 1191 1460 1246 si
1487 1189 1749 1262 baptismo
1773 1186 1937 1242 Joan-

346 1300 430 1355 nis
455 1305 668 1368 peccata
697 1290 1120 1354 dimittebantur,
1152 1285 1277 1358 quid
1305 1284 1532 1354 amplius
1559 1290 1814 1352 praestare
1843 1293 1939 1349 po-

347 1392 449 1447 tuit
477 1387 776 1457 Baptismus
803 1381 998 1438 Christi
1024 1380 1103 1436 eis
1130 1394 1263 1450 quos
1293 1374 1567 1446 apostolus
1597 1372 1790 1427 Paulus
1821 1377 1940 1439 post

347 1484 669 1554 baptismum
695 1478 914 1534 Joannis
939 1474 1137 1532 Christi
1165 1470 1437 1542 Baptismo
1458 1467 1620 1524 voluit
1650 1463 1939 1535 baptizari?

346 1579 406 1636 Si
426 1587 600 1633 autem
621 1573 840 1630 Joannis
865 1571 1128 1641 baptismo
1151 1581 1258 1622 non
1279 1563 1680 1619 dimittebantur
1700 1565 1938 1629 peccata,

350 1679 654 1726 utrumnam
693 1663 938 1720 meliores
975 1667 1132 1716 erant
1161 1656 1371 1716 Joanne
1401 1651 1650 1726 Cypriani
1684 1647 1940 1719 tempori-

353 1761 472 1827 bus,
501 1757 568 1814 de
593 1755 786 1827 quibus
811 1754 926 1823 ipse
953 1749 1081 1806 dicit
1106 1747 1246 1820 quod
1278 1744 1471 1801 fundos
1497 1740 1767 1798 insidiosis
1797 1737 1942 1793 frau-

350 1855 505 1910 dibus
534 1849 846 1920 rapiebant,
876 1855 930 1901 et
958 1843 1135 1900 usuris
1163 1836 1636 1910 multiplicantibus
1662 1834 1814 1890 fenus
1841 1847 1942 1887 au-

349 1950 544 2022 gebant
569 1946 762 2017 (Serm.
791 1944 855 1997 de
878 1937 1104 2011 Lapsis),
1130 1937 1324 2008 quibus
1351 1943 1528 1988 tamen
1554 1925 1943 2000 baptizantibus

350 2019 509 2099 iiebat
535 2038 780 2096 remissio
807 2029 1184 2107 peccatorum?
1209 2031 1289 2085 An
1311 2026 1435 2099 quia
1455 2038 1548 2081 eos
1570 2023 1742 2078 unitas
1767 2019 1945 2076 Eccle-

351 2135 446 2190 siae
472 2130 722 2188 tenebat?
751 2127 887 2195 Quid
915 2123 1076 2196 ergo?
1103 2121 1337 2178 Joannes
1364 2132 1471 2172 non
1496 2124 1610 2171 erat
1637 2114 1690 2168 in
1719 2114 1942 2178 unitate,

353 2228 556 2283 amicus
578 2225 665 2279 ille
684 2221 888 2292 sponsi,
912 2218 1010 2273 viae
1033 2213 1316 2271 dominicae
1336 2215 1681 2281 przeparator,
1704 2214 1758 2261 et
1779 2205 1945 2276 ipsius

352 2316 566 2376 Domini
595 2311 929 2384 baptizator?
959 2307 1088 2376 Quis
1119 2306 1220 2360 hoc
1248 2299 1683 2358 dementissimus
1712 2295 1946 2352 dixerit?

355 2412 688 2482 Quapropter
712 2417 1012 2477 quanquam
1037 2403 1106 2456 ita
1125 2397 1339 2456 credam
1367 2394 1664 2465 baptizasse
1685 2390 1944 2448 Joannem

355 2506 410 2560 in
450 2516 586 2572 aqua
622 2495 952 2570 poenitentiae
987 2493 1039 2548 in
1077 2488 1446 2547 remissionem
1483 2493 1820 2556 peccatorum
1841 2523 1857 2550 ,
1885 2489 1948 2537 ut

355 2594 425 2650 ab
449 2607 516 2648 eo
545 2588 822 2660 baptizatis
849 2587 903 2641 in
930 2600 1023 2655 spe
1053 2583 1451 2639 remitterentur
1490 2584 1704 2647 peccata
1725 2617 1739 2641 ,
1771 2574 1945 2644 reipsa

357 2697 486 2741 vero
523 2683 576 2738 in
615 2679 821 2735 Domini
851 2676 1123 2747 Baptismo
1152 2673 1203 2727 id
1233 2671 1383 2727 fieret
1412 2687 1426 2724 ε
1457 2669 1597 2724 sicut
1621 2665 1947 2721 resurrectio

356 2791 477 2850 quae
504 2780 842 2844 exspectatur
867 2771 920 2824 in
952 2769 1109 2824 linem
1137 2779 1231 2836 spe
1259 2765 1310 2818 in
1340 2761 1494 2818 nobis
1519 2759 1655 2816 facta
1681 2769 1780 2825 est,
1811 2758 1950 2814 sicut

357 2870 485 2926 dicit
509 2865 796 2939 Apostolus
815 2904 829 2929 ,
862 2862 996 2930 Quia
1027 2859 1181 2915 simul
1207 2874 1299 2912 nos
1323 2855 1586 2921 excitavit,
1614 2863 1660 2907 et
1688 2853 1840 2906 simul
1863 2867 1948 2905 se-

358 2964 476 3020 dere
502 2961 617 3033 fecit
650 2960 702 3013 in
729 2953 1008 3011 caelestibus
1034 2949 1257 3022 (Ephes.
1291 2963 1363 3010 ιι,
1394 2945 1497 3017 6);
1527 2953 1580 2999 ει
1613 2943 1757 2999 idem
1783 2942 1946 3011 dicit,

281 3077 290 3089 ·
359 3058 469 3129 Spe
486 3055 620 3110 enim
640 3051 765 3107 salvi
785 3049 908 3122 [acti
927 3063 1100 3103 sumus
1123 3044 1297 3117 (Rom.
1319 3057 1434 3101 vui.
1459 3038 1552 3109 24)
1581 3057 1595 3094 :
1619 3053 1738 3093 nam
1761 3046 1814 3092 et
1836 3037 1950 3108 ipse

358 3149 594 3207 Joannes
619 3159 739 3199 cum
770 3141 931 3206 dicat,
961 3137 1072 3211 Ego
1099 3136 1300 3208 quidem
1325 3132 1524 3204 baptiso
1548 3148 1634 3186 vos
1661 3131 1713 3185 in
1742 3146 1874 3200 aqua
1896 3130 1950 3184 in

361 3239 702 3314 paenitentiam
723 3239 740 3268 ί
758 3279 773 3304 ,
804 3236 859 3290 in
887 3232 1228 3288 remissionem
1262 3236 1577 3298 peccatorum
1608 3223 1828 3296 (Matth.
1860 3239 1946 3290 ιιι,

361 3313 464 3404 11)
488 3348 504 3398 ;
534 3329 812 3387 Dominum
841 3324 1029 3381 videns
1055 3322 1164 3389 ait,
1193 3318 1328 3400 Ecce
1361 3317 1535 3389 Agnus
1563 3314 1663 3370 Dei
1681 3355 1697 3382 ,
1730 3331 1840 3369 ecce
1866 3313 1952 3385 qui

361 3427 492 3483 tollit
518 3433 723 3496 peccata
746 3419 925 3476 mundi
954 3415 1145 3490 (Joan.
1176 3430 1218 3482 ι,
1247 3412 1350 3482 29)
1381 3430 1393 3465 :
1425 3420 1603 3466 tamen
1633 3422 1704 3464 ne
1729 3407 1952 3478 quisque

360 3515 646 3576 contendat
665 3513 825 3570 etiam
849 3512 902 3566 in
926 3508 1190 3579 baptismo
1207 3503 1427 3560 Joannis
1447 3500 1667 3556 dimissa
1689 3512 1807 3554 esse
1828 3511 1953 3567 pec-

361 3619 499 3675 cata,
521 3607 615 3664 sed
635 3606 864 3675 aliquam
889 3599 1202 3670 ampliorem
1224 3592 1697 3651 sanctiﬁcationem
1719 3590 1800 3644 eis
1817 3603 1952 3659 quos

361 3699 516 3771 jussit
540 3697 736 3753 Paulus
759 3693 938 3748 denuo
965 3688 1217 3758 baptizari
1250 3686 1388 3758 (Act.
1417 3699 1531 3749 ιιι,
1561 3681 1697 3752 3-5),
1728 3695 1824 3750 per
1848 3679 1952 3734 Ba-

363 3793 614 3865 ptismum
646 3786 843 3843 Christi
872 3799 994 3840 esse
1021 3782 1292 3846 collatam,
1325 3794 1430 3834 non
1462 3794 1560 3849 ago
1589 3776 1913 3848 pugnaciter.

435 3881 658 3939 CAPUT
677 3877 770 3933 XI.
793 3906 864 3917 —
891 3875 978 3930 15.
1009 3872 1140 3928 Illud
1161 3871 1303 3928 enim
1329 3869 1470 3940 quod
1490 3869 1558 3924 ad
1584 3884 1696 3924 rem
1721 3882 1954 3938 praesen-

366 3985 476 4033 tem
515 3972 745 4028 maxime
783 3967 1048 4038 pertinet,
1079 3963 1388 4019 intuendum
1417 3969 1499 4017 est
1525 3960 1770 4031 (quoquo
1797 3959 1955 4016 modo

366 4082 425 4122 se
461 4064 657 4121 habeat
689 4060 951 4132 baptisma
989 4054 1245 4122 Joannis,
1275 4068 1396 4109 cum
1432 4067 1554 4108 eum
1593 4052 1659 4106 ad
1698 4051 1953 4106 unitatem

367 4155 566 4213 Christi
596 4153 862 4224 pertinere
891 4147 1233 4204 manifestum
1269 4145 1406 4216 sit),
1438 4161 1556 4216 quae
1584 4158 1745 4200 causa
1772 4142 1955 4199 fecerit

368 4259 427 4305 ut
452 4254 572 4319 post
596 4245 854 4302 Joannem
881 4249 1125 4297 sanctum
1153 4237 1410 4309 baptizari
1437 4237 1684 4292 homines
1709 4243 1958 4305 oportue-

369 4342 474 4408 rit,
512 4349 567 4396 et
603 4347 722 4408 post
756 4336 1036 4406 episcopos
1076 4345 1264 4387 avaros
1304 4345 1410 4385 non
1445 4328 1758 4400 oportuerit.
1791 4327 1957 4381 Nemo

368 4433 510 4488 enim
538 4439 697 4502 negat
722 4426 866 4499 quod
905 4427 956 4480 in
997 4438 1126 4496 agro
1160 4421 1429 4478 dominico
1464 4421 1694 4476 Joannes
1723 4419 1956 4474 triticum

367 4535 518 4589 erat,
546 4531 635 4589 et,
667 4521 710 4576 si
741 4519 969 4590 amplius
997 4532 1103 4572 non
1131 4522 1334 4585 potest,
1364 4515 1418 4568 in
1444 4512 1685 4568 ubertate
1709 4519 1955 4567 centena.

371 4617 502 4674 Item
532 4629 692 4672 nemo
717 4611 925 4668 dubitat
949 4608 1230 4665 avaritiam
1250 4647 1266 4674 ,
1291 4621 1410 4677 quae
1439 4615 1522 4660 est
1550 4605 1813 4661 idolorum
1840 4618 1959 4659 ser-

369 4712 512 4765 vitus
530 4750 546 4775 ,
574 4709 627 4763 in
657 4720 831 4762 messe
856 4703 1123 4759 dominica
1152 4702 1288 4756 inter
1316 4700 1497 4770 paleas
1534 4698 1824 4755 numerari.
1853 4697 1959 4753 Cur

370 4816 500 4871 ergo
529 4807 650 4869 post
677 4797 908 4852 triticum
937 4795 1253 4865 baptizatur,
1281 4799 1336 4846 et
1361 4799 1480 4862 post
1505 4791 1707 4862 paleam
1732 4805 1837 4845 non
1866 4789 1960 4843 ba-

371 4890 637 4963 ptizatur?
665 4886 722 4943 Si
751 4894 1032 4957 propterea
1059 4882 1251 4938 Paulus
1278 4889 1399 4952 post
1425 4881 1682 4937 Joannem
1721 4880 1962 4951 baptiza-

371 4987 483 5050 vit,
513 4979 638 5052 quia
673 4977 877 5033 Joanne
908 4975 1097 5030 melior
1125 4982 1272 5040 erat;
1305 4989 1399 5028 cur
1434 4987 1540 5029 non
1576 4982 1632 5028 et
1663 4973 1962 5044 Cyprianus

373 5081 493 5146 post
517 5072 846 5127 feneratores
869 5081 994 5123 suos
1019 5067 1250 5138 collegas
1276 5065 1582 5137 baptizavit,
1609 5067 1801 5137 quibus
1825 5065 1963 5119 ultra

372 5163 826 5236 comparationem
864 5159 1050 5216 melior
1084 5160 1235 5214 erat?
1270 5158 1325 5213 Si
1364 5167 1644 5228 pmpterea
1679 5166 1799 5228 post
1827 5157 1962 5214 tales

371 5257 604 5328 collegas
622 5252 921 5325 Cyprianus
939 5266 1049 5307 non
1073 5251 1376 5323 baptizavit,
1401 5251 1524 5320 quia
1545 5251 1596 5304 in
1619 5250 1819 5305 unitate
1837 5264 1958 5306 cum

370 5351 467 5407 illo
495 5355 681 5413 erant;
711 5359 812 5401 nec
838 5354 957 5415 post
979 5344 1238 5400 Joannem
1269 5341 1450 5397 debuit
1475 5341 1690 5407 Paulus,
1719 5341 1842 5412 quia
1869 5357 1965 5398 ea-

372 5443 496 5499 dem
533 5440 734 5496 unitatc
774 5436 1142 5493 continebatur
1163 5439 1203 5487 ³.
1245 5434 1327 5488 Au
1365 5433 1499 5488 forte
1538 5433 1868 5490 fraudatores
1906 5443 1960 5491 et

371 5550 594 5609 rapaces
618 5533 686 5590 ad
714 5531 974 5589 columbae
1002 5529 1142 5584 illius
1180 5527 1345 5582 unicae
1384 5527 1624 5583 membra
1662 5528 1958 5599 pertinent,

440 5695 454 5726 ³
483 5693 555 5742 sic
576 5691 803 5753 plerique
823 5693 1003 5756 Mss._.At
1017 5683 1162 5756 _editl,
1186 5682 1236 5734 in
1258 5696 1385 5747 aqua

438 5755 458 5786 ⁹
485 5745 589 5802 Am.
610 5758 663 5801 et
679 5745 802 5812 Mss,
829 5745 1197 5799 continebantur.

1047 249 1134 305 DE
1165 245 1500 304 BAI’TISMU
1538 241 1808 300 CONTRA
1852 235 2297 306 DONATISTAS,
2342 240 2397 295 S.
2441 239 2808 297 AUGUSTINI

3555 243 3694 300 188

2039 363 2092 408 et
2112 353 2202 409 ille
2222 368 2328 409 non
2352 355 2582 426 pertinet
2601 357 2689 412 cui
2707 366 2940 427 potestas
2961 361 3077 430 ipsa
3103 361 3315 418 Domini
3334 364 3462 419 Jesu
3481 361 3690 419 Chri—

2038 446 2103 500 sti
2136 461 2231 516 per
2256 445 2518 502 columbae
2554 449 2785 519 speciem
2828 449 3026 522 Spiritu
3063 463 3250 510 sancto
3277 453 3692 512 descendente

2039 545 2328 593 monstrata
2349 549 2432 594 est
2455 537 2665 610 (Matth.
2688 556 2766 608 ιιι,
2789 540 2876 609 16,
2897 551 2944 598 et
2966 540 3126 600 Joan.
3150 545 3202 611 1,
3225 544 3358 618 35)?
3378 546 3494 603 lmo
3519 560 3689 602 vero

2039 629 2131 685 ille
2169 629 2353 686 intime
2391 631 2657 702 pertinet,
2689 633 2777 689 isti
2815 649 2942 692 vero
2979 635 3064 692 vel
3100 638 3383 710 occasione
3415 639 3689 710 alicujus

2040 724 2275 780 scandali
2297 767 2312 793 ,
2345 726 2428 781 vel
2471 725 2654 782 ultima
2695 727 3040 786 ventilatione
3071 745 3101 784 a
3138 707 3315 788 tritico
3355 707 3689 805 separandi

2041 831 2373 888 nequaquam
2399 820 2666 888 pertinent
2697 838 2709 876 :
2731 829 2785 875 et
2807 828 2983 877 tamen
3006 832 3125 892 post
3145 823 3291 880 illum
3313 814 3682 897 baptizatum

2041 917 2156 972 est,
2187 918 2306 979 post
2334 911 2465 967 istos
2493 926 2597 967 non
2629 912 2947 983 baptizatur.
2979 915 3110 982 Quae
3148 916 3307 988 igitur
3329 934 3493 977 causa
3527 929 3634 976 est
3657 963 3681 990 ,

2041 1002 2143 1058 nisi
2169 1003 2294 1074 quia
2322 1003 2590 1074 Baptisma
2618 1004 2758 1074 quod
2799 1006 2916 1061 illos
2950 1007 3110 1078 jussit
3136 1007 3332 1066 Paulus
3359 1013 3638 1084 accipere
3656 1055 3677 1080 ,

2044 1111 2149 1151 non
2187 1097 2287 1151 hoc
2321 1106 2436 1152 erat
2463 1097 2603 1168 quod
2635 1113 2729 1168 per
2753 1097 3012 1156 Joannem
3042 1100 3310 1157 dabatur?
3337 1103 3406 1159 Et
3436 1105 3577 1162 ideo
3614 1107 3680 1161 in

2043 1187 2229 1244 eadem
2257 1189 2369 1259 ipsa
2393 1191 2594 1245 unitate
2618 1190 2891 1259 Ecclesiae,
2921 1192 3223 1264 Baptismus
3245 1193 3445 1253 Christi
3473 1198 3524 1253 si
3561 1198 3680 1254 ba-

2043 1282 2275 1353 ptizante
2313 1281 2615 1340 feneratore
2650 1284 2916 1354 tradatur,
2947 1289 3113 1358 repeti
3155 1303 3258 1344 non
3289 1301 3469 1360 potest
3498 1310 3515 1344 :
3558 1293 3678 1348 ba-

2046 1374 2298 1444 ptismum
2332 1383 2509 1430 autem
2541 1375 2760 1433 Joannis
2793 1379 2953 1435 etiam
2995 1381 3063 1435 ab
3103 1381 3220 1452 ipso
3254 1380 3463 1440 Joanne
3500 1387 3672 1442 acci-

2046 1463 2253 1534 pientes
2271 1507 2287 1532 ,
2318 1475 2502 1537 postea
2529 1465 2725 1525 Christi
2755 1468 3027 1540 Baptismo
3054 1470 3310 1543 baptizari
3338 1475 3672 1546 oportebat.

2116 1555 2344 1614 CAPUT
2384 1557 2499 1614 XII.
2531 1589 2600 1599 —
2632 1561 2717 1615 M.
2750 1560 2978 1618 Proinde
3009 1578 3226 1634 possum
3254 1575 3310 1622 et
3337 1581 3436 1638 ego
3467 1568 3676 1625 verbis

2046 1657 2202 1705 utens
2229 1651 2394 1722 ipsius
2419 1652 2559 1708 beati
2585 1653 2838 1726 Cypriani
2862 1655 2926 1712 ad
2955 1657 3228 1728 cujusdam
3251 1660 3498 1718 miraculi
3517 1677 3645 1718 oon
3669 1695 3675 1698 -

2047 1741 2424 1798 siderationem
2451 1744 2777 1800 audientium
2805 1747 2964 1802 corda
2991 1759 3324 1817 convertere,
3352 1752 3396 1808 si
3421 1751 3620 1809 dicam
3651 1771 3668 1809 :

2048 1830 2151 1887 Ille
2175 1831 2404 1888 Joannes
2435 1836 2600 1907 major
2627 1836 2757 1891 inter
2789 1836 3070 1911 Prophetas
3097 1840 3330 1907 habitus;
3356 1843 3445 1898 ille
3473 1845 3670 1899 divina

2048 1927 2214 1995 gratia
2243 1926 2410 1980 adhuc
2441 1927 2493 1981 in
2523 1938 2662 1983 utero
2691 1931 2864 1985 matris
2893 1932 3162 2002 impletus;
3188 1935 3277 1988 ille
3302 1933 3434 1990 Elite
3457 1937 3670 2008 spiritu

2050 2028 2097 2074 et
2134 2020 2314 2074 virtute
2344 2019 2622 2089 subnixus,
2657 2023 2745 2094 qui
2782 2040 2884 2078 non
2921 2024 3240 2082 adversarius
3279 2025 3528 2095 Domini,
3566 2033 3669 2085 sed

2051 2127 2335 2182 prtecursor
2360 2129 2420 2166 ac
2446 2114 2746 2183 pradicator
2765 2116 2893 2188 fuit;
2913 2118 2998 2188 qui
3025 2115 3303 2172 Dominum
3321 2135 3424 2175 non
3447 2130 3663 2176 tantun-

2052 2205 2212 2259 verbis
2251 2207 2642 2275 praenuntiavit,
2682 2207 2772 2261 sed
2804 2217 2850 2262 et
2886 2209 3044 2263 oculis
3077 2210 3328 2276 ostendit;
3355 2212 3444 2283 qui
3477 2213 3665 2284 ipsum

2050 2297 2306 2356 Christum
2334 2316 2425 2372 per
2457 2316 2605 2370 quem
2641 2301 2960 2369 baptizantur
2996 2302 3197 2369 caeteri,
3228 2303 3546 2373 baptizavit;
3579 2306 3668 2361 sic

2050 2391 2321 2461 baptizare
2350 2407 2456 2446 non
2488 2392 2702 2458 meruit,
2735 2402 2791 2446 ut
2818 2401 2937 2463 post
2965 2409 3087 2448 eum
3119 2407 3223 2448 non
3251 2393 3667 2466 baptizarentur

2051 2481 2142 2554 qui
2168 2481 2236 2537 ab
2263 2496 2330 2538 eo
2359 2481 2566 2538 fuerant
2594 2482 2842 2553 baptizati
2873 2501 2888 2539 :
2915 2493 2969 2539 et
2995 2493 3114 2555 post
3139 2499 3350 2552 avaros,
3381 2484 3666 2544 fraudator

2051 2589 2161 2642 res,
2184 2589 2423 2646 rapaces,
2447 2574 2792 2643 feneratores,
2817 2591 2973 2633 nemo
2992 2593 3308 2650 quemquam
3331 2579 3384 2634 in
3407 2579 3663 2637 Ecclesia

2052 2666 2426 2739 baptizandum
2454 2667 2703 2738 putabit?
2731 2667 2918 2724 Nonne
2945 2683 3063 2723 cum
3100 2667 3214 2724 haec
3244 2668 3509 2727 invidiose
3539 2671 3665 2728 cla-

2053 2773 2292 2828 mavero,
2315 2759 2671 2830 reSpondetur
2689 2759 2819 2814 mihi
2844 2777 2857 2814 :
2880 2759 3018 2828 Quid
3045 2761 3144 2815 hoc
3169 2760 3444 2832 indignum
3470 2772 3660 2833 putas,

2053 2850 2205 2920 quasi
2233 2860 2326 2906 aut
2350 2850 2586 2907 Joannes
2612 2850 2969 2906 exhonoratus
2995 2851 3094 2918 sit,
3129 2859 3220 2906 aut
3248 2867 3444 2907 avarus
3474 2852 3631 2910 hono
3655 2883 3664 2894 -

2054 2943 2241 2999 ratus?
2268 2943 2374 2999 Sed
2409 2944 2551 2999 illius
2581 2943 2903 3015 Baptismum
2936 2959 3042 2999 non
3071 2945 3306 3015 oportuit
3334 2946 3561 3016 iterari,
3588 2946 3662 3004 de

2055 3053 2160 3108 quo
2189 3036 2328 3094 idem
2363 3037 2595 3094 Joannes
2621 3039 2728 3107 ait,
2758 3037 2858 3093 Hic
2886 3048 2955 3095 est
2991 3041 3077 3111 qui
3103 3039 3328 3110 baptizat
3358 3042 3413 3096 in
3450 3041 3664 3114 Spiritu

2053 3139 2228 3186 sancto
2258 3128 2448 3202 (Joan.
2476 3147 2524 3197 ι,
2553 3130 2682 3204 55).
2716 3131 2817 3188 Ρει·
2849 3132 3136 3204 quemlibet
3166 3133 3308 3189 enim
3344 3134 3661 3193 ministrum

2055 3222 2228 3288 detur,
2261 3223 2400 3278 illius
2424 3232 2507 3278 est
2530 3223 2834 3295 Baptismus
2863 3225 2930 3281 de
2954 3240 3059 3296 quo
3087 3224 3285 3281 dictum
3313 3235 3417 3294 est,
3452 3226 3556 3282 Hic
3582 3237 3663 3283 est

2055 3316 2140 3386 qui
2164 3315 2401 3387 baptizat.
2433 3315 2537 3371 Sed
2566 3331 2738 3387 neque
2771 3316 2936 3388 ipsius
2964 3317 3185 3373 Joannis
3223 3319 3519 3390 baptismus
3549 3322 3657 3377 ite-

2057 3420 2205 3466 ratus
2230 3420 2340 3480 est,
2371 3427 2493 3467 cum
2532 3413 2599 3468 ab
2639 3428 2704 3469 eo
2742 3413 3037 3486 baptizatos
3065 3413 3321 3486 baptizari
3351 3416 3403 3470 in
3434 3415 3659 3472 Christo

2058 3501 2255 3556 Paulus
2293 3503 2564 3573 apostolus
2599 3504 2780 3574 jussit.
2820 3505 2972 3574 Quod
2999 3507 3140 3560 enim
3170 3507 3237 3562 ab
3265 3509 3439 3563 amico
3467 3510 3658 3579 sponsi

2059 3611 2165 3651 non
2192 3606 2541 3668 acceperant,
2571 3597 2672 3653 hoc
2700 3598 2768 3654 ab
2794 3599 2910 3669 ipso
2937 3614 3135 3670 sponso
3172 3600 3416 3672 accipere
3445 3601 3657 3658 debue-

2058 3698 2217 3755 runt,
2244 3688 2311 3743 de
2337 3703 2442 3758 quo
2469 3688 2560 3744 ille
2584 3689 2788 3745 amicus
2816 3688 3023 3745 dixerat
3040 3731 3057 3759 ,
3091 3688 3188 3745 Hic
3214 3700 3289 3746 est
3315 3693 3400 3762 qui
3425 3691 3656 3764 captiaut

2059 3783 2112 3836 in
2143 3781 2341 3852 Spiritu
2365 3791 2559 3837 sancto.

2131 3874 2356 3931 CAPUT
2389 3873 2525 3930 Xlll.
2546 3876 2726 3932 -15.
2753 3877 2967 3933 Poterat
2988 3879 3150 3944 enim,
3173 3878 3216 3933 si
3244 3879 3519 3947 voluisset,
3548 3882 3654 3938 Do-

2061 3967 2237 4022 minus
2272 3965 2431 4023 Jesus
2467 3966 2722 4038 Baptismi
2757 3969 2838 4024 sui
2876 3978 3196 4040 potestatem
3224 3970 3352 4028 dare
3379 3973 3537 4030 alicui
3570 3976 3654 4031 vel

2061 4060 2323 4132 aliquibus
2347 4062 2628 4132 praecipuis
2652 4063 2820 4119 servis
2846 4064 2977 4132 suis,
3000 4080 3133 4136 quos
3151 4065 3260 4136 jam
3282 4065 3497 4123 fecisset
3514 4069 3653 4124 ami-

2062 4167 2156 4208 cos
2189 4167 2337 4218 suos,
2370 4152 2614 4224 qualibus
2641 4157 2734 4222 ait,
2761 4153 2885 4210 Iam
2911 4172 3014 4210 non
3041 4172 3126 4212 vos
3154 4158 3319 4213 dicam
3345 4175 3532 4226 servos,
3563 4162 3653 4216 sed

2063 4245 2251 4300 amicos
2277 4244 2296 4317 (
2314 4244 2422 4311 Ιώ,
2455 4261 2549 4312 xv,
2584 4246 2682 4316 15)
2715 4263 2729 4300 :
2763 4257 2820 4302 ut
2845 4247 3291 4318 quemadmodum
3324 4266 3416 4320 per
3446 4252 3650 4323 virgam

2061 4334 2340 4392 ﬂorentem
2379 4336 2773 4394 demonstratus
2809 4350 2892 4396 est
2933 4341 3108 4396 Aaron
3153 4341 3401 4398 sacerdos
3443 4343 3649 4413 (Num.

2062 4443 2169 4484 xvu
2188 4470 2205 4496 ,
2233 4427 2333 4499 8),
2360 4427 2428 4483 ita
2461 4429 2512 4484 in
2539 4429 2655 4499 ejus
2682 4429 2917 4486 Ecclesia
2944 4431 3030 4486 ubi
3063 4433 3210 4502 plura
3233 4444 3285 4488 et
3315 4435 3517 4505 majora
3547 4438 3651 4491 mi-

2066 4523 2244 4578 racula
2273 4525 2404 4578 facta
2431 4533 2591 4591 sunt,
2625 4541 2719 4595 per
2742 4525 2952 4596 aliquod
2977 4527 3186 4598 signum
3210 4528 3650 4588 demonstraren-

2068 4623 2151 4669 tur
2178 4614 2572 4670 excellentioris
2600 4616 2893 4671 sanctitatis
2920 4618 3146 4674 ministri
3173 4628 3228 4675 et
3253 4619 3654 4691 dispensatores

2068 4707 2460 4778 mysteriorum,
2495 4706 2584 4778 qui
2613 4707 2712 4762 soli
2743 4707 3008 4778 baptizare
3037 4709 3314 4766 deberent.
3345 4711 3452 4768 Sed
3478 4714 3525 4768 si
3553 4715 3653 4770 hoc

2069 4799 2240 4864 fieret,
2270 4798 2511 4868 quamvis
2543 4798 2622 4854 eis
2649 4815 2679 4853 a
2711 4798 2940 4854 Domino
2967 4801 3269 4869 attributus,
3297 4811 3476 4860 tamen
3507 4806 3652 4876 ipso-

2069 4906 2185 4946 rum
2215 4890 2511 4960 baptismus
2545 4890 2655 4961 jam
2683 4890 2966 4958 diceretur,
2998 4893 3139 4947 sicut
3171 4893 3462 4963 baptismus
3487 4894 3649 4951 Joan-

2067 4984 2150 5040 nis
2179 4983 2293 5038 fuit.
2325 4981 2448 5039 Ideo
2488 4983 2682 5040 Paulus
2719 4983 2914 5056 gratias
2940 4984 3049 5054 agit
3077 4984 3188 5041 Deo
3215 4985 3358 5056 quod
3384 4988 3649 5045 neminem

2070 5084 2304 5154 ipsorum
2330 5081 2711 5152 baptizaverat,
2741 5081 2830 5151 qui
2857 5088 3107 5150 tanquam
3130 5080 3280 5136 obliti
3307 5082 3360 5136 in
3383 5081 3537 5153 cujus
3561 5099 3651 5138 uo-

2071 5175 2216 5230 mine
2244 5173 2492 5244 baptizati
2520 5182 2700 5228 essent
2719 5213 2732 5236 ,
2765 5187 2860 5242 per
2887 5170 3164 5227 hominum
3191 5186 3251 5228 se
3280 5173 3494 5228 nomina
3522 5174 3651 5229 divi-

2069 5269 2266 5326 debant
2290 5268 2336 5340 (l
2361 5267 2480 5324 Cor.
2509 5284 2548 5335 ι,
2579 5265 2790 5338 12-15).
2821 5264 2954 5322 Cum
2980 5267 3122 5323 enim
3153 5276 3356 5325 tantum
3389 5270 3532 5327 valet
3557 5271 3648 5326 Ba-

2069 5365 2292 5437 ptismus
2327 5378 2421 5434 per
2449 5362 2718 5418 hominem
2753 5361 3206 5432 contemptibilem
3226 5404 3243 5430 ,
3273 5375 3530 5434 quantum
3558 5380 3649 5437 per

2068 5457 2381 5532 Apostolum
2405 5456 2587 5524 datus;
2613 5457 2683 5511 ita
2709 5469 2806 5510 nec
2833 5455 2993 5522 illius,
3018 5469 3119 5511 nec
3142 5455 3284 5511 illius
3305 5469 3428 5514 esse
3452 5472 3646 5528 cogno-

2066 5551 2250 5617 scitur,
2279 5549 2373 5605 sed
2401 5545 2598 5604 Christi
2625 5567 2637 5603 :
2659 5546 2802 5618 quod
2826 5547 2881 5603 in
2909 5549 3023 5619 ipso
3050 5547 3278 5604 Domino
3301 5547 3538 5606 Joannes
3561 5565 3644 5621 pet

2067 5646 2209 5702 illam
2234 5641 2494 5698 columbae
2517 5641 2748 5712 speciem
2777 5654 2835 5696 se
2858 5641 3105 5699 didicisse
3133 5649 3378 5699 testatur.
3402 5642 3537 5700 Nam
3563 5658 3645 5701 se-

2068 5737 2301 5799 cundum
2321 5735 2446 5809 quid
2472 5734 2613 5793 aliud
2632 5734 2843 5805 dixerit,
2868 5735 2936 5792 Et
2959 5752 3049 5809 ego
3073 5735 3352 5793 nesciebam
3375 5753 3528 5807 eunt;
3550 5751 3646 5796 non
