3796 6126
91 296 164 356 ηε
1393 257 1596 315 LIBER
1634 254 1946 322 QUINTUS.

78 408 193 480 plane
214 398 372 457 video.
401 394 456 452 Si
488 392 630 450 enim
669 404 792 446 eum
826 385 1044 443 omnino
1085 383 1342 442 nesciret,
1367 388 1480 480 .non
1509 388 1602 480 ve-

77 465 199 553 nienti
221 491 280 548 ad
301 488 619 560 baptismum
644 497 801 539 suum
827 479 1045 544 diceret,
1075 473 1190 547 Ego
1215 489 1247 526 a
1274 480 1320 525 te
1344 467 1495 560 debeo
1521 465 1610 518 ba-

79 588 216 664 ptizari
243 583 441 658 (Matth.
473 596 550 646 ιιι,
583 576 696 650 14).
728 573 864 644 Quid
891 585 1019 664 ergo
1048 577 1131 624 est
1153 563 1296 664 quod
1321 561 1429 664 ait,
1463 559 1608 664 Quo-

80 653 179 736 niam
212 653 300 732 ridi
339 673 584 745 Spiritum
625 669 758 724 velut
802 661 1086 720 columbam
1130 655 1509 713 descendentem
1546 653 1610 705 de

80 775 184 837 rato,
210 780 247 825 et
273 744 449 822 mansit
473 779 625 834 super
652 777 785 816 eum.
816 757 886 812 Et
916 771 1006 828 ego
1034 751 1314 808 nesciebam
1338 763 1452 803 eum
1477 762 1496 800 :
1521 744 1610 800 sed

78 868 140 936 qui
163 880 225 917 me
255 861 378 915 misit
407 858 660 929 baptizare
685 855 737 908 in
763 867 926 923 aqua,
962 849 1070 917 ipse
1097 845 1220 900 mihi
1246 842 1372 897 dixit
1391 883 1406 907 ,
1440 839 1610 921 Super

80 972 185 1030 quem
206 952 366 1008 videris
392 949 642 1021 Spiritum
668 943 1045 1001 descendentem
1070 939 1135 994 de
1162 937 1305 999 caelo,
1331 943 1377 1030 et
1403 948 1614 987 manen-

81 1063 149 1105 tem
176 1063 306 1118 super
339 1061 448 1100 eum
467 1085 482 1111 ,
514 1043 622 1112 ipse
653 1049 724 1094 est
761 1039 844 1108 qui
874 1035 1094 1107 baptizat
1121 1033 1176 1086 in
1212 1029 1411 1102 Spiritu
1436 1033 1611 1081 sancto

83 1144 292 1217 (10011.1,
319 1138 417 1209 52,
449 1135 571 1208 '55).
603 1131 859 1189 Columba
890 1129 1070 1198 utique
1099 1140 1258 1195 super
1286 1121 1610 1217 baptizatum

80 1215 388 1294 descenderat.
432 1229 622 1286 Adhuc
658 1235 834 1282 autem
879 1220 1112 1278 venienti
1153 1226 1212 1274 ut
1253 1215 1613 1286 baptizaretur

81 1328 264 1392 dixerat,
292 1322 400 1395 Ego
435 1339 467 1375 a
502 1333 548 1375 te
585 1318 735 1373 debeo
773 1313 1041 1386 baptizari.
1082 1309 1199 1366 Jam
1242 1321 1370 1377 ergo
1411 1303 1614 1395 sciebat

83 1434 188 1472 eum.
210 1392 463 1484 Quid'sibi
503 1411 678 1481 itaque
717 1406 863 1473 vult,
893 1403 1005 1475 Ego
1033 1400 1312 1456 nesciebam
1340 1412 1454 1451 eum
1480 1410 1498 1447 :
1524 1392 1613 1448 sed

82 1513 144 1584 qui
163 1525 228 1564 me
256 1508 381 1562 misit
413 1505 672 1576 baptizare
696 1502 748 1555 in
776 1515 908 1569 aqua
926 1540 940 1564 ,
968 1499 1077 1568 ipse
1101 1494 1226 1548 mihi
1252 1491 1416 1556 dixit,
1446 1488 1613 1558 Super

82 1620 192 1674 quem
214 1601 378 1656 sideris
403 1597 656 1669 Spiritum
682 1592 1059 1649 descendentem
1082 1588 1145 1642 de
1165 1586 1312 1657 creto,
1335 1595 1383 1644 et
1407 1601 1617 1641 manen-

83 1707 153 1751 tem
175 1711 305 1765 super
327 1708 437 1747 eum
455 1733 470 1757 ,
501 1692 612 1762 ipse
634 1698 707 1744 est
728 1687 815 1759 qui
841 1685 1062 1761 baptizat
1088 1683 1142 1740 in
1170 1683 1368 1755 Spiritu
1394 1689 1566 1737 sancto
1592 1694 1614 1734 :

83 1805 170 1844 cum
195 1787 282 1842 hoc
309 1793 650 1859 posteaquam
688 1782 986 1854 baptizatus
1011 1788 1126 1846 est,
1156 1777 1353 1834 factum
1384 1777 1482 1842 sit,
1512 1774 1613 1830 nisi

82 1880 170 1951 quia
189 1876 460 1934 secundum
487 1876 687 1949 aliquid
711 1891 832 1932 eum
854 1873 1076 1938 sciebat,
1100 1869 1392 1927 secundum
1416 1865 1614 1939 aliquid

83 1971 214 2029 adhuc
245 1969 540 2027 nesciebat?
580 1967 794 2024 Sciebat
836 1963 1079 2020 videlicet
1121 1975 1378 2032 Sponsum
1421 1957 1613 2014 Filium

85 2064 168 2133 Dei,
186 2064 243 2120 de
261 2063 403 2134 cujus
428 2059 760 2133 plenitudine
785 2071 972 2114 omnes
997 2055 1301 2126 acciperent
1329 2069 1341 2104 :
1372 2049 1465 2106 sed
1491 2050 1614 2120 quia

85 2171 128 2211 ex
150 2154 247 2225 ejus
271 2151 589 2226 plenitudine
619 2151 732 2222 ipse
760 2149 838 2204 sic
865 2153 1146 2217 acceperat
1177 2140 1481 2214 baptizandi
1515 2155 1616 2210 po-

85 2257 278 2304 testatem
298 2290 313 2315 ,
340 2257 396 2301 ut
427 2245 653 2302 Joannis
688 2243 982 2313 baptismus
1009 2239 1311 2303 diceretur;
1344 2233 1618 2290 nesciebat

85 2350 219 2395 utrum
246 2339 316 2396 sic
338 2345 479 2395 esset
505 2337 726 2392 daturus
752 2343 806 2390 et
832 2332 1062 2400 caeteris,
1090 2346 1157 2385 an
1186 2343 1316 2384 vero
1341 2327 1616 2400 proprium

85 2431 354 2502 Baptismum
381 2430 459 2485 sic
494 2427 808 2493 habiturus,
837 2432 896 2481 ut
931 2439 1028 2496 per
1060 2420 1350 2494 quemlibet
1377 2419 1613 2483 daretur,

86 2523 167 2579 sive
186 2520 557 2578 execllentioris
585 2518 769 2591 gratiae
805 2516 1105 2572 ministrum
1125 2557 1142 2583 ,
1173 2514 1288 2570 sive
1317 2511 1614 2578 inferioris,

86 2613 168 2668 sive
188 2627 268 2683 per
289 2611 492 2668 centeni
521 2609 724 2666 fructus
749 2608 1040 2675 hominem,
1069 2607 1182 2662 sive
1208 2603 1478 2675 sexageni,
1505 2603 1618 2658 sive

88 2705 248 2774 triceni,
266 2705 373 2762 sive
393 2719 488 2775 per
509 2701 860 2768 frumentum,
882 2699 994 2755 sive
1018 2714 1114 2770 per
1133 2697 1362 2770 paleam,
1387 2711 1492 2750 non
1515 2694 1615 2750 nisi

87 2797 194 2852 illius
212 2798 352 2854 unius
389 2812 512 2854 esse
548 2803 957 2868 cognosceretur
983 2812 995 2846 :
1027 2802 1081 2850 et
1108 2793 1212 2848 hoc
1241 2807 1336 2863 per
1360 2790 1619 2862 Spiritum

88 2890 256 2961 didicit,
281 2893 416 2950 velut
442 2887 749 2949 columbam
776 2886 1190 2945 descendentem
1225 2894 1280 2943 et
1313 2892 1616 2941 manentem

88 2996 210 3055 super
229 3001 356 3041 eum.

138 3074 330 3133 CAPUT
361 3075 502 3132 XIV.
545 3102 619 3116 --
646 3074 733 3130 16.
773 3071 955 3144 Itaque
996 3070 1296 3127 invenimus
1321 3069 1517 3124 dictum
1547 3068 1614 3124 ab

89 3169 303 3238 Apostolis
338 3171 378 3240 ⁸,
426 3179 482 3227 et
535 3169 751 3241 gloriam
779 3184 940 3222 meam
971 3165 1023 3240 (Ι
1049 3165 1166 3222 Cor.
1192 3182 1271 3232 ix,
1301 3165 1413 3237 15),
1443 3179 1624 3236 quam-

90 3259 147 3314 vis
159 3260 316 3332 utique
343 3262 394 3316 in
419 3260 680 3325 Domino;
711 3269 764 3315 et
788 3258 1122 3312 ministerium
1148 3273 1314 3312 meum
1336 3255 1512 3327 (Rom.
1543 3271 1621 3322 χι,

93 3351 173 3423 15),
195 3363 241 3409 et
261 3354 577 3425 prudentiam
606 3369 769 3409 meam
799 3351 1016 3424 (Ephes.
1062 3368 1142 3416 Ill,
1184 3349 1265 3421 4),
1297 3359 1351 3405 et
1387 3348 1622 3422 Evange-

91 3441 185 3496 liaut
204 3460 349 3498 meum
377 3444 442 3516 (ll
473 3442 616 3498 Tim.
643 3446 705 3508 tt,
738 3441 816 3514 8),
857 3442 1097 3514 quamvis
1124 3441 1309 3511 utique
1337 3455 1367 3494 a
1401 3439 1626 3494 Domino

93 3531 364 3603 impertitum
407 3545 571 3607 atque
595 3535 848 3591 donatum
877 3553 888 3587 :
919 3533 1223 3604 Baptismus
1247 3543 1422 3588 autem
1450 3546 1622 3598 meus,

95 3637 215 3680 nemo
254 3625 377 3684 dixit
422 3643 612 3684 eorum
665 3626 905 3682 omnino.
959 3624 1142 3696 Neque
1189 3624 1332 3680 enim
1388 3623 1626 3680 omnium

95 3716 267 3784 aequalis
307 3727 389 3774 est
414 3719 607 3790 gloria,
640 3733 741 3774 nec
781 3716 1087 3772 ministrant
1112 3731 1300 3771 omnes
1329 3716 1624 3787 aequaliter,

96 3821 169 3863 nec
190 3811 357 3881 aequali
380 3811 664 3883 prudentia
694 3820 820 3867 sunt
843 3825 1031 3866 omnes
1053 3809 1284 3878 praediti,
1316 3818 1371 3866 et
1396 3809 1448 3862 in
1476 3824 1631 3864 evan-

95 3900 314 3967 gelizando
355 3904 493 3960 alius
546 3903 651 3958 alio
696 3902 889 3958 melius
926 3911 1198 3974 operatur,
1245 3911 1299 3958 et
1353 3900 1472 3956 ideo
1525 3900 1631 3957 dici

96 4001 232 4060 potest
255 3997 381 4052 alius
408 3997 518 4053 alio
547 3995 754 4052 doctior
784 3995 838 4050 in
878 3995 991 4066 ipsa
1031 3994 1272 4050 doctrina
1314 3994 1533 4048 salutari
1561 3997 1581 4026 ³
1613 4011 1628 4048 :

97 4083 198 4141 alius
231 4097 395 4144 autem
442 4089 554 4144 alio
578 4088 747 4159 magis
776 4087 1022 4142 minusve
1065 4086 1364 4156 baptizatus
1393 4085 1495 4140 dici
1526 4099 1632 4138 non

96 4187 265 4246 potest,
293 4181 400 4238 sive
427 4183 497 4238 ab
528 4180 782 4236 inferiore
803 4221 818 4246 ,
847 4180 960 4235 sive
987 4193 1017 4232 a
1062 4177 1267 4248 majore
1310 4177 1630 4248 baptizetur.

97 4269 280 4331 Proinde
314 4291 431 4332 cum
478 4276 750 4346 mnifesto
791 4274 898 4328 sint
936 4288 1092 4344 opera
1138 4271 1327 4337 carnis,
1376 4285 1492 4340 quae
1517 4279 1634 4323 sunt

102 4363 424 4434 fornicationes,
467 4366 825 4431 immunditiis,
855 4366 1090 4432 luxuriae,
1119 4363 1375 4418 idolorum
1400 4363 1632 4431 servitus,

97 4460 308 4528 teneﬁcia,
332 4460 630 4528 inimicitiae,
660 4460 1017 4524 contentiones,
1042 4454 1408 4520 azmulationes,
1437 4455 1636 4508 animo-

99 4547 248 4618 sitates,
267 4553 614 4619 dissensiones,
638 4551 868 4617 heereses,
897 4549 1122 4614 invidiae,
1146 4548 1423 4613 ebrietates,
1448 4563 1636 4600 comes-

102 4642 291 4710 sationes,
320 4657 363 4700 et
392 4647 470 4702 his
494 4645 685 4701 similia
709 4643 975 4718 (Galat.v,
1009 4640 1233 4711 19-21);
1260 4640 1304 4694 si
1326 4637 1638 4694 mirabiliter

102 4731 270 4804 dicitur,
295 4739 418 4795 Post
437 4740 700 4797 Joannem
725 4737 976 4809 baptizati
1005 4745 1131 4791 sunt
1154 4734 1418 4799 homines,
1443 4741 1497 4787 et
1518 4740 1639 4802 post

105 4825 336 4889 hereticos
359 4850 464 4890 non
493 4833 832 4903 baptizantur
861 4849 874 4884 :
903 4846 998 4886 cur
1022 4845 1130 4885 non
1159 4826 1477 4883 mirabiliter
1503 4824 1637 4880 dici-

105 4926 182 4984 tur,
209 4921 320 4979 Post
343 4925 602 4980 Joannem
629 4922 877 4994 baptizati
899 4930 1023 4976 sunt
1047 4920 1313 4984 homines,
1339 4927 1391 4974 et
1417 4926 1538 4987 post
1555 4917 1639 4970 in-

106 5008 221 5067 vidos
244 5029 340 5070 non
366 5015 736 5086 baptizantur;
767 5028 887 5068 cum
915 5027 981 5067 ex
1007 5020 1158 5082 parte
1186 5008 1382 5064 diaboli
1399 5022 1529 5077 esse
1556 5007 1640 5060 in-

107 5101 222 5159 vidos
257 5108 360 5178 ipse
403 5109 702 5182 Cyprianus
727 5107 781 5161 in
824 5105 1062 5177 Epistola
1103 5103 1171 5157 de
1200 5101 1328 5157 Zelo
1354 5110 1406 5157 et
1451 5099 1641 5156 Livore

108 5202 285 5254 testetur
303 5241 318 5268 ,
360 5211 412 5257 et
440 5201 496 5257 in
522 5199 761 5256 Ecclesia
785 5196 986 5254 Christi
1011 5195 1178 5251 fuisse
1211 5193 1417 5248 invidos
1443 5191 1641 5247 Christi

108 5291 454 5350 annuntiatores
496 5293 628 5366 ipsis
670 5290 976 5362 apostolicis
1014 5286 1343 5358 temporibus
1391 5286 1504 5356 ipse
1539 5284 1641 5355 Cy-

110 5381 285 5445 Priauus
306 5402 369 5442 ex
391 5386 636 5459 apostolo
675 5384 863 5450 Paulo,
895 5383 1034 5439 sicut
1053 5381 1162 5452 jam
1190 5379 1490 5446 docuimus,
1523 5391 1640 5432 ma-

109 5475 280 5537 nifestet
305 5481 494 5555 (Epist.
523 5483 614 5548 7'5,
641 5482 710 5536 ad
731 5477 1109 5550 Jubaianum)?

109 5666 171 5774 ⁸⁸³
191 5666 324 5732 Bditi,
353 5671 531 5724 dictum
553 5672 614 5724 ab
638 5668 871 5736 Apostolo.
897 5676 954 5720 At
975 5676 1082 5719 Mss.
1102 5702 1118 5729 ,
1150 5664 1332 5718 dictum
1362 5663 1424 5714 ab
1457 5671 1644 5729 aposto-

157 5763 315 5858 ίἌεθη
351 5805 395 5849 et
432 5797 536 5864 ipsa
559 5795 782 5851 doctrina
815 5795 1028 5849 salutari.
1053 5794 1245 5857 Plures,
1269 5787 1525 5856 spirituali.

3192 265 3295 321 186

1784 369 2009 426 CAPUT
2042 372 2156 429 XV.
2201 406 2272 415 —
2308 378 2394 432 17.
2441 379 2576 450 Quia
2605 394 2732 452 ergo
2756 379 2978 438 Joannis
3003 380 3298 454 baptismus

1713 477 1820 517 non
1849 474 1962 520 erat
1990 465 2128 522 idem
2160 469 2250 540 qui
2296 469 2599 543 Baptismus
2644 470 2864 543 Christi,
2909 475 3038 531 satis
3069 476 3303 536 arbitror

1714 571 1834 613 esse
1858 558 2181 616 declaratum
2212 581 2224 616 :
2253 573 2305 618 et
2332 577 2611 636 propterea
2637 567 2766 624 nihil
2793 568 3103 627 documenti
3122 587 3186 628 ex
3207 571 3304 629 illo

1713 650 1890 708 afferri
1913 663 2109 725 potest,
2136 671 2234 712 cur
2262 667 2546 729 propterea
2566 671 2686 732 post
2716 662 2996 720 haereticos
3023 664 3303 737 baptizan-

1714 747 1840 803 dum
1871 749 1960 816 sit,
2008 751 2130 821 quia
2175 752 2497 823 baptizatum
2540 765 2625 812 est
2668 768 2788 827 post
2828 758 3087 818 Joannem
3126 780 3139 817 :
3179 779 3304 822 cum

1713 841 1947 898 Joannes
1975 844 2255 936 haereticus
2294 864 2400 904 non
2439 850 2617 916 fuerit,
2646 861 2702 908 et
2727 856 2958 925 potuerit
2987 857 3183 915 habere
3209 861 3306 916 ba-

1714 935 1966 1004 ptismum
1985 979 1998 1002 ,
2022 935 2274 1009 quamvis
2301 957 2332 997 a
2360 941 2575 1000 Christo
2602 960 2949 1016 concessum,
2987 965 3092 1006 non
3123 959 3303 1010 tanien

1715 1023 1911 1082 Christi
1943 1030 2214 1099 proprium
2235 1073 2250 1097 ,
2295 1047 2413 1088 cum
2440 1033 2642 1090 Christi
2673 1034 2916 1094 habuerit
2941 1039 3256 1098 charitatem
3282 1059 3300 1110 ;

1715 1129 1770 1175 et
1789 1122 1956 1191 possit
1981 1121 2266 1181 haereticus
2286 1125 2486 1183 habere
2512 1127 2841 1199 Baptismum
2871 1129 3069 1187 Christi
3091 1143 3146 1190 et
3174 1150 3302 1206 per-

1715 1215 2021 1271 versitatem
2076 1216 2292 1282 diaboli,
2335 1219 2473 1275 sicut
2521 1221 2660 1276 intus
2703 1223 2839 1279 alius
2885 1235 3062 1296 pOtest
3108 1227 3306 1286 habere

1717 1306 2044 1377 Baptismum
2071 1310 2270 1367 Christi
2295 1322 2348 1368 et
2373 1313 2624 1369 invidiam
2653 1315 2872 1373 diaboli.

1789 1403 1877 1458 18.
1918 1406 1986 1459 At
2011 1407 2152 1460 enim
2179 1408 2344 1462 multo
2365 1409 2532 1480 magis
2559 1420 2678 1479 post
2700 1411 3008 1468 haereticum
3033 1413 3307 1483 baptizau-

1715 1495 1844 1555 dum
1873 1507 1988 1567 est;
2019 1497 2141 1572 quia
2166 1497 2402 1560 Joannes
2427 1500 2710 1562 haereticus
2734 1521 2841 1563 non
2869 1513 2984 1564 erat
3006 1549 3024 1577 ,
3049 1514 3105 1566 et
3128 1513 3310 1569 tamen

1715 1602 1839 1664 post
1874 1609 1997 1650 eum
2033 1594 2355 1664 baptizatum
2396 1597 2517 1654 est?
2558 1598 2666 1664 Sic,
2709 1598 2838 1656 dicit
2877 1601 3090 1674 aliquis,
3140 1604 3310 1660 multo

1716 1686 1886 1755 magis
1918 1695 2038 1756 post
2066 1687 2336 1743 ebriosum
2365 1689 2739 1761 baptizandum
2767 1700 2870 1759 est,
2906 1693 3027 1764 quia
3072 1693 3308 1753 Joannes

1717 1778 1926 1835 sobrius
1952 1788 2084 1844 erat,
2125 1790 2180 1836 et
2217 1789 2392 1838 tamen
2423 1792 2542 1854 post
2574 1800 2696 1840 eum
2730 1785 3048 1856 baptizatum
3085 1798 3208 1842 est:
3252 1798 3310 1846 et

1719 1871 1844 1942 quid
1870 1873 2284 1941 respondeamus
2312 1875 2382 1940 ei,
2405 1891 2511 1931 non
2541 1877 2873 1945 habebimus,
2899 1879 3000 1935 nisi
3027 1879 3305 1950 baptizatis

1718 1980 1746 2018 a
1777 1965 1978 2023 Joanne
2000 1967 2328 2038 Baptismum
2355 1968 2554 2024 Christi
2585 1986 2688 2027 non
2721 1972 3037 2028 habentibus
3057 1989 3177 2029 esse
3200 1984 3307 2031 tra-

1717 2058 1920 2124 ditum;
1953 2059 2004 2114 in
2047 2060 2237 2130 quibus
2263 2069 2438 2116 autem
2463 2071 2546 2118 est
2571 2062 2874 2135 Baptismus
2901 2064 3100 2122 Christi
3122 2106 3138 2134 ,
3183 2069 3307 2139 qui-

1717 2150 1947 2206 buslibet
1996 2166 2181 2207 eorum
2230 2153 2666 2223 perversitatibus
2714 2156 2860 2213 nullo
2901 2157 3062 2214 modo
3093 2157 3209 2216 ﬁeri
3249 2170 3310 2218 ut

1719 2258 1825 2300 non
1854 2244 1923 2299 sit
1951 2244 2004 2298 in
2031 2244 2108 2300 eis
2132 2244 2435 2317 Baptismus
2461 2245 2679 2305 Christi.

1791 2334 1878 2390 19.
1919 2334 2034 2393 Νοη
2060 2339 2238 2408 itaque
2269 2338 2463 2396 idcirco
2501 2340 2766 2396 hwreticus
2802 2343 2893 2414 jus
2942 2341 3189 2414 Baptismi
3214 2347 3307 2400 ob-

1721 2428 1875 2484 tinere
1898 2430 2092 2501 potuit,
2119 2433 2237 2500 quia
2275 2433 2415 2501 prior
2439 2433 2749 2504 baptizavit;
2779 2433 2872 2490 sed
2899 2437 3020 2505 quia
3061 2450 3166 2491 non
3214 2452 3312 2492 suo

1721 2521 1986 2592 baptismo
2011 2521 2295 2593 baptizavit
2327 2543 2338 2578 :
2370 2533 2425 2579 et
2450 2524 2495 2578 si
2516 2525 2604 2595 jus
2625 2525 2926 2596 baptizandi
2959 2542 3063 2582 non
3088 2527 3309 2594 habuit,

1723 2625 1900 2671 tamen
1940 2615 2137 2672 Christi
2186 2625 2267 2672 est
2297 2617 2438 2688 quod
2463 2617 2628 2684 dedit,
2657 2628 2710 2673 et
2752 2619 2840 2674 ille
2882 2618 3079 2674 Christi
3115 2621 3314 2691 estqui

1723 2706 1948 2778 accepit.
1975 2705 2134 2760 Multa
2163 2708 2305 2762 enim
2327 2717 2509 2762 contra
2528 2708 2614 2778 jus
2638 2707 2849 2773 dantur,
2869 2724 2966 2764 nec
2993 2718 3166 2766 tamen
3193 2711 3315 2766 ideo

1723 2800 1810 2856 vel
1855 2800 1998 2856 nulla
2028 2801 2110 2856 vel
2153 2816 2260 2856 non
2303 2800 2426 2857 data
2463 2801 2730 2857 dicuntur.
2759 2801 2940 2873 Neque
2963 2805 3104 2858 enim
3133 2813 3189 2859 et
3225 2804 3314 2861 ille

1725 2896 1816 2965 qui
1868 2895 2067 2952 smeulo
2101 2895 2280 2951 verbis
2307 2895 2435 2951 solis
2465 2905 2518 2952 et
2566 2911 2670 2951 non
2702 2896 2854 2952 laetis
2880 2897 3167 2963 renuntiat,
3195 2898 3315 2967 jure

1725 2989 1918 3059 accipit
1963 2989 2331 3062 Baptismum;
2381 2999 2435 3045 et
2464 2998 2638 3046 tamen
2665 2991 2878 3061 accipit.
2919 2990 3054 3046 Nam
3099 2991 3232 3047 tales
3262 2993 3316 3049 in

1727 3078 1965 3135 Ecclesia
1992 3091 2045 3137 et
2070 3079 2365 3152 Cyprianus
2393 3082 2505 3136 suis
2533 3083 2859 3153 temporibus
2890 3081 3052 3139 fuisse
3080 3097 3317 3140 comme-

1726 3181 1920 3240 morat,
1947 3182 2001 3229 et
2025 3188 2123 3228 nos
2146 3173 2473 3244 experimur,
2497 3184 2553 3231 et
2570 3176 2853 3246 gemimus.

1798 3263 1889 3318 20.
1931 3263 2120 3318 Mirum
2150 3274 2326 3320 autem
2366 3277 2468 3331 est,
2513 3267 2782 3336 quomodo
2806 3266 3014 3322 dicatur
3038 3269 3264 3337 separari
3287 3285 3321 3324 a

1727 3371 1781 3410 se
1807 3356 1824 3386 ¹
1866 3365 1912 3409 et
1951 3355 2108 3409 dividi
2143 3357 2347 3411 omnino
2374 3373 2476 3412 non
2501 3372 2665 3428 posse,
2711 3355 3027 3429 Baptismum
3052 3367 3100 3414 et
3135 3357 3320 3414 Eccle-

1729 3448 1876 3501 siam.
1926 3447 1980 3502 Si
2028 3447 2170 3503 enim
2201 3448 2466 3518 Baptisma
2511 3450 2562 3503 in
2603 3449 2869 3518 baptizato
2895 3451 3322 3519 iuseparaluliter

1732 3551 1948 3608 manet,
1978 3541 2244 3612 quomodo
2268 3542 2564 3614 baptizatus
2594 3543 2832 3613 separari
2860 3542 2928 3596 ab
2958 3542 3195 3598 Ecclesia
3221 3560 3318 3615 po-

1735 3642 1858 3701 test,
1880 3643 1932 3690 et
1954 3635 2023 3689 Ba
2031 3635 2256 3704 ptismus
2281 3650 2387 3690 non
2414 3637 2630 3706 potest?
2654 3633 2710 3690 In
2737 3634 3001 3706 baptizata
3026 3643 3204 3692 autem
3233 3637 3320 3692 in-

1735 3726 2102 3796 separabiliter
2144 3726 2411 3796 Baptisma
2459 3741 2776 3798 permanere
2820 3725 3157 3782 manifestum
3199 3738 3321 3796 est;

1735 3818 1857 3887 quia
1883 3818 1935 3872 in
1966 3817 2237 3888 quodlibet
2263 3817 2580 3889 profundum
2616 3819 2875 3874 malorum
2905 3828 2958 3874 et
3000 3819 3054 3874 in
3100 3820 3328 3891 quamli-

1734 3909 1826 3964 bet
1854 3909 2159 3965 horribilem
2190 3910 2498 3982 voraginem
2524 3922 2860 3982 peccatorum
2892 3912 3062 3968 irruat
3088 3913 3327 3984 baptiza-

1738 4008 1822 4056 tus
1847 4042 1864 4069 ,
1893 4016 2058 4072 usque
2087 4001 2152 4056 ad
2180 4005 2528 4072 apostaticam
2557 4003 2763 4058 ruinam
2787 4046 2803 4072 ,
2833 4019 2940 4058 non
2970 4012 3116 4058 caret
3143 4003 3326 4075 Bapti-

1739 4105 1856 4146 smo
1882 4111 1894 4146 :
1925 4101 1978 4146 et
2002 4092 2121 4147 ideo
2147 4108 2241 4163 per
2271 4093 2637 4162 paenitentiam
2662 4093 2902 4149 redeunti
2929 4111 3033 4148 non
3061 4094 3324 4159 redditur,

1739 4186 1861 4255 quia
1905 4199 1971 4240 eo
2001 4199 2106 4240 non
2137 4185 2376 4255 potuisse
2422 4199 2607 4240 carere
2654 4184 2944 4254 judicatur.
2998 4186 3328 4254 Baptizatum

1738 4287 1915 4332 autem
1955 4291 2113 4346 posse
2139 4277 2376 4347 separari
2417 4277 2486 4331 ab
2529 4275 2770 4332 Ecclesia
2815 4277 2934 4347 quis
2963 4277 3330 4334 dubitaverit?

1741 4368 1867 4425 Inde
1896 4370 2089 4439 quippe
2127 4383 2316 4423 omnes
2344 4367 2576 4424 hzereses
2618 4368 2884 4433 exierunt,
2919 4383 3038 4440 quae
3070 4369 3329 4426 vocabulo

1740 4462 2032 4517 christiano
2057 4460 2349 4530 decipiunt.

1810 4553 2036 4608 CAPUT
2069 4552 2205 4607 XVI.
2248 4582 2318 4594 —-
2353 4551 2711 4620 Quamobrem
2732 4553 2856 4624 quia
2879 4551 3216 4607 manifestum
3247 4562 3332 4609 est

1741 4648 1794 4703 in
1822 4647 2086 4717 baptizato
2112 4660 2231 4702 esse
2273 4646 2622 4716 Baptismum,
2648 4660 2769 4702 cum
2795 4645 3086 4714 baptizatus
3112 4645 3181 4700 ab
3219 4645 3330 4703 Ec-

1742 4741 1903 4796 clesia
1933 4749 2228 4811 separatur,
2275 4739 2577 4811 Baptismus
2601 4740 2688 4810 qui
2735 4740 2786 4793 in
2818 4738 2909 4794 illo
2937 4748 3040 4804 est,
3087 4755 3209 4797 cum
3239 4741 3332 4798 illo

1743 4836 1923 4905 utique
1951 4844 2245 4905 separatur.
2277 4832 2343 4888 Et
2380 4832 2500 4889 ideo
2535 4847 2640 4886 non
2669 4845 2858 4887 omnes
2880 4833 2970 4903 qui
3012 4840 3198 4888 tenent
3227 4834 3332 4888 Ba-

1745 4929 2022 4998 ptismum,
2055 4936 2236 4982 tenent
2256 4926 2590 4991 Ecclesiam;
2619 4924 2757 4979 sicut
2785 4940 2891 4980 non
2920 4940 3111 4982 omnes
3132 4927 3221 4997 qui
3255 4937 3332 4982 te-

1745 5031 1873 5076 nent
1916 5021 2228 5085 Ecclesiam,
2281 5027 2465 5076 tenent
2508 5027 2562 5074 et
2607 5018 2770 5074 vitam
2815 5027 3090 5075 aeternam.
3135 5020 3240 5074 Aut
3286 5021 3331 5075 si

1746 5113 2044 5169 Ecclesiam
2091 5122 2274 5168 tenere
2313 5127 2416 5165 non
2443 5110 2691 5177 dicimus,
2743 5110 2844 5165 nisi
2885 5125 2978 5166 eos
3021 5111 3110 5181 qui
3154 5109 3331 5166 divina

1748 5208 1992 5262 mandata
2041 5206 2373 5272 custodiunt;
2420 5204 2617 5259 multos
2655 5203 2764 5273 jam
2817 5217 2937 5260 esse
2987 5202 3332 5258 concedimus

1746 5301 2072 5372 Baptismum
2101 5308 2360 5364 tenentes,
2387 5308 2442 5355 et
2471 5297 2764 5353 Ecclesiam
2786 5312 2890 5352 non
2922 5305 3188 5353 tenentes.

1817 5396 1904 5452 21.
1947 5395 2304 5464 Quamobrem
2351 5407 2458 5448 non
2503 5399 2824 5463 praeoccupat
2865 5390 3130 5446 Itwreticus
3153 5389 3336 5458 Bapti-

1747 5507 1910 5546 smum
1943 5507 1959 5544 :
1987 5504 2107 5544 cum
2143 5503 2264 5543 eum
2296 5485 2365 5541 ab
2390 5485 2628 5542 Ecclesia
2659 5483 2968 5555 sumpserit.
3014 5481 3122 5537 Nec
3163 5483 3336 5550 potuit

1746 5584 1991 5638 amittere
2015 5596 2136 5636 cum
2159 5579 2456 5647 recederet,
2480 5592 2638 5650 quem
2655 5578 2766 5649 jam
2792 5591 2898 5631 non
2926 5574 3128 5629 habere
3155 5571 3336 5630 Eccle~

1813 5725 1828 5756 ί
1851 5729 1900 5770 ιη
1924 5719 2137 5769 editione
2158 5724 2266 5769 Lov.
2285 5720 2515 5768 omissum
2540 5723 2631 5775 est,
2655 5730 2686 5764 a
2708 5727 2788 5775 se;
2812 5709 2938 5779 quod
2962 5709 3041 5761 hic
3075 5711 3124 5761 in
3143 5711 3337 5762 actoris

1748 5785 1883 5836 libris
1905 5783 2151 5846 reperitur
2177 5789 2222 5831 ot
2251 5781 2373 5845 apud
2396 5781 2691 5844 Cyprianum.
