3812 6130
463 230 571 298 187

465 349 602 414 siam
627 346 878 420 dicimus,
917 356 972 408 et
1010 354 1186 405 tamen
1215 343 1410 404 habere
1439 339 1767 410 Baptismum
1796 334 2045 392 concedi-

463 457 605 508 mus.
635 439 744 502 Nec
779 442 1052 512 primatum
1083 437 1346 509 quisquam
1367 434 1463 492 sibi
1494 433 1722 502 derogat,
1745 439 1788 486 et
1816 427 2048 488 haeretica

465 533 635 592 tribuit
677 549 696 588 :
738 533 858 603 quia
905 547 1024 592 eum
1056 529 1186 590 dicit
1209 543 1393 588 secum
1431 525 1716 582 abstulisse
1760 521 1902 594 quod
1945 536 2050 578 non

463 622 694 694 legitime
721 623 891 692 daret,
933 621 1028 682 sed
1060 631 1238 682 tanien
1278 617 1571 690 legitimum
1603 616 1780 684 daret,
1809 629 1908 672 nec
1932 613 2043 684 jam

461 714 693 786 legitime
736 714 978 778 haberet,
1018 711 1114 772 sed
1158 710 1452 782 legitimum
1497 707 1737 764 haberet.
1780 705 2049 764 Primattts

459 815 635 860 autem
678 819 782 866 non
823 814 904 860 est
948 804 1049 859 nisi
1094 803 1146 858 in
1177 810 1358 860 sancta
1398 799 1802 858 conversatione
1845 807 1900 856 et
1941 797 2047 854 vita

459 896 618 966 bona,
644 913 750 972 quo
779 897 1049 968 pertinent
1073 911 1280 964 omnes,
1297 909 1362 956 ex
1388 893 1581 964 quibus
1605 900 1854 964 tanquam
1874 904 2046 948 mem-

457 987 570 1042 bris
597 997 809 1044 constat
853 987 943 1042 illa
977 1001 1175 1057 sponsa
1204 1001 1309 1040 non
1336 983 1539 1042 habens
1575 982 1834 1044 maculam
1873 993 2048 1056 neque

459 1097 644 1154 rugam
678 1080 891 1154 (Ephes.
925 1097 979 1148 v,
1007 1079 1101 1151 27)
1132 1079 1237 1152 (a),
1265 1089 1319 1138 et
1348 1079 1435 1138 illa
1464 1077 1710 1138 columba
1738 1077 1876 1138 inter
1904 1075 2045 1132 mul-

458 1182 632 1228 torum
663 1188 943 1228 corvorum
990 1172 1382 1242 improbitatem
1418 1185 1640 1242 gemens
1673 1188 1686 1224 :
1735 1168 1837 1228 nisi
1887 1168 2041 1235 forte,

457 1280 576 1320 cum
611 1265 747 1318 Esau
775 1273 991 1335 propter
1017 1262 1284 1320 lenticulae
1331 1261 1812 1336 concupiscentiam
1847 1259 2045 1332 prima-

459 1366 565 1412 tum
595 1357 883 1427 perdiderit
925 1356 1076 1432 (Gen.
1119 1372 1246 1422 xxv,
1277 1355 1493 1424 29-54),
1549 1365 1730 1410 tenere
1755 1353 2042 1424 primatum

454 1449 746 1504 arbitrandi
789 1457 914 1503 sunt
965 1447 1320 1516 fraudatores,
1369 1456 1634 1522 raptores,
1689 1443 2038 1508 feneratores,

454 1539 638 1605 Invidi,
671 1541 886 1606 ebriosi,
913 1549 966 1596 et
992 1540 1172 1597 caeteri
1202 1537 1522 1612 huiusmodi,
1554 1537 1736 1610 quales
1766 1537 1816 1590 in
1849 1535 2040 1592 Eccle-

453 1635 530 1689 sia
561 1635 640 1689 sui
673 1634 926 1704 temporis
973 1633 1132 1688 etiam
1172 1649 1266 1704 per
1314 1632 1515 1688 litteras
1562 1627 1857 1706 Cyprianus
1895 1631 2041 1704 inge-

452 1727 605 1782 muit.
637 1725 969 1798 Quapropter
994 1723 1244 1798 autquod
1271 1733 1354 1778 est
1381 1732 1564 1778 tenere
1587 1723 1899 1788 Ecclesiam,
1933 1737 2040 1780 non

451 1818 554 1875 hoc
581 1830 663 1876 est
691 1820 741 1874 in
772 1819 965 1874 divinis
996 1829 1178 1874 tenere
1204 1817 1522 1889 primatum;
1552 1827 1643 1871 aut
1667 1817 1712 1872 si
1743 1816 1920 1872 omnis
1946 1816 2039 1890 qui

449 1921 594 1969 tenet
649 1913 938 1969 Ecclesiam
988 1912 1146 1968 etiam
1197 1914 1479 1982 primatum
1531 1921 1698 1984 tenet,
1731 1928 1918 1970 omnes
1963 1912 2038 1968 illi

447 2005 613 2080 iniqui
645 2005 940 2064 Ecclesiam
972 2021 1076 2061 non
1118 2013 1321 2073 tenent,
1351 2006 1438 2078 qui
1472 2012 1651 2060 tamen
1679 2005 1820 2060 intus
1847 2002 2036 2060 vidcnv

446 2108 532 2154 tur
560 2108 614 2154 et
651 2098 977 2174 Baptismum
1008 2097 1156 2164 dare,
1199 2107 1252 2153 et
1299 2096 1495 2152 habere
1533 2112 1563 2151 a
1611 2096 1756 2152 nullo
1796 2105 2039 2158 nostrum

446 2201 726 2258 negantur.
778 2189 908 2242 Nam
937 2204 1030 2243 eos
1061 2189 1341 2258 primatum
1382 2189 1434 2242 in
1464 2188 1658 2250 divinis
1692 2187 1889 2247 habere
1917 2189 2036 2266 quis

449 2279 610 2346 dicat,
645 2279 745 2333 nisi
777 2280 865 2352 qui
897 2279 1029 2333 nihil
1060 2279 1296 2333 divinum
1327 2279 1504 2350 sapit?

517 2370 745 2427 CAPUT
787 2371 949 2428 XVII.
981 2401 1052 2410 -
1088 2370 1177 2425 22.
1219 2370 1326 2428 Sed
1347 2371 1456 2443 jam
1488 2371 1554 2427 ad
1583 2371 1669 2428 illa
1698 2371 1906 2448 eloquia
1934 2380 2032 2443 pa-

445 2464 594 2520 ciﬁca
624 2465 910 2540 Cypriani,
941 2463 1045 2520 hoc
1083 2475 1166 2520 est
1201 2464 1266 2520 ad
1305 2464 1553 2536 Epistolas
1585 2464 1746 2522 linem
1787 2465 2036 2522 omnibus

445 2556 794 2616 consideratis
823 2560 1262 2628 pertractatisque
1291 2565 1608 2628 perventum
1639 2567 1754 2628 est,
1796 2573 1915 2630 qua:
1945 2571 2031 2614 me

445 2651 710 2722 legentem
746 2659 800 2705 et
839 2665 981 2721 smpe
1016 2657 1340 2724 repetentem
1382 2664 1486 2704 non
1519 2651 1712 2705 satiant
1743 2667 1757 2710 :
1787 2658 1930 2706 tanta
1965 2665 2032 2708 ex

443 2744 523 2799 eis
559 2742 861 2812 jncunditas
893 2742 1111 2798 fraterni
1137 2743 1333 2800 amoris
1358 2740 1599 2809 exhalat,
1634 2749 1774 2796 tanta
1803 2739 2031 2798 dulcedo

446 2835 720 2892 charilatis
751 2835 1025 2890 exuberat.
1059 2835 1184 2889 Haec
1211 2835 1319 2899 tibi,
1355 2835 1544 2906 inquit,
1575 2835 1783 2890 breviter
1821 2852 1912 2906 pro
1941 2853 2032 2890 no-

440 2939 546 2984 stra
572 2930 910 2984 mediocritate
932 2929 1300 3000 rescripsimus,
1329 2929 1490 2999 frater
1509 2929 1820 2994 charissima,
1845 2929 2030 2984 nemini

442 3021 820 3095 prwscribentes
841 3031 926 3075 aut
952 3022 1369 3094 prtrjudicantes,
1398 3023 1666 3092 quominus
1691 3024 2032 3095 unusquisque

444 3118 791 3186 episcoporum
820 3115 955 3183 quod
995 3124 1140 3184 putat
1168 3115 1344 3188 faciat,
1375 3114 1562 3170 habens
1588 3115 1780 3188 arbitrii
1803 3118 1884 3172 sui
1910 3116 2030 3172 libe-

442 3224 555 3262 ram
599 3216 910 3278 potestatem.
960 3203 1092 3272 Nos,
1135 3215 1377 3275 quantum
1421 3206 1473 3259 in
1519 3207 1659 3260 nobis
1703 3217 1795 3272 est,
1828 3218 2031 3280 propter

445 3301 701 3360 hareticos
726 3317 836 3353 cum
863 3299 1069 3375 collegis
1098 3308 1145 3353 ct
1167 3299 1474 3372 coepiscopis
1495 3300 1680 3355 nostris
1705 3316 1804 3354 non
1825 3311 2030 3356 conten-

443 3393 629 3458 dimus,
657 3409 770 3446 cum
795 3393 973 3462 quibus
1000 3392 1322 3446 concordiam
1352 3401 1398 3446 et
1428 3392 1732 3452 dominicam
1759 3408 1932 3463 pacem
1955 3402 2024 3448 te-

441 3504 649 3552 nemus;
693 3486 909 3544 maxime
936 3502 1048 3541 cum
1072 3495 1116 3538 et
1142 3484 1412 3553 Apostolus
1453 3484 1607 3550 dicat,
1649 3502 1667 3536 ‹
1703 3482 1764 3539 Si
1789 3485 1900 3554 quis
1928 3503 2030 3539 au-

443 3591 540 3637 tem
566 3581 810 3656 putauerit
838 3581 853 3610 ¹
879 3579 1215 3634 contentiosus
1237 3594 1358 3644 esse,
1399 3593 1488 3630 nos
1519 3577 1670 3630 talem
1703 3579 2029 3632 consuetudi-

443 3691 558 3728 nem
585 3689 684 3726 non
711 3671 970 3735 habemus,
996 3687 1150 3742 neque
1179 3669 1411 3724 Ecclesia
1436 3670 1528 3723 Dei
1552 3689 1570 3722 ι
1609 3669 1649 3742 (Ι
1668 3667 1785 3724 Cor.
1813 3686 1889 3738 XI,
1922 3670 2029 3742 16).

447 3764 692 3819 Servatur
715 3779 746 3814 a
772 3762 912 3816 nobis
940 3763 1182 3832 patienter
1208 3771 1252 3814 et
1284 3761 1459 3818 leniter
1482 3761 1702 3816 Charitas
1727 3762 1904 3828 animi,
1936 3764 2032 3818 Ito-

447 3871 541 3908 nor
569 3853 784 3925 collegii,
820 3853 1072 3906 vinculum
1098 3854 1237 3924 ﬁdei,
1270 3852 1540 3906 concordia
1580 3853 1865 3910 sacerdotii.
1903 3854 2035 3910 Proq

449 3957 555 4018 pter
585 3948 677 4002 hoc
707 3947 856 4002 etiam
893 3946 1116 4001 libellum
1161 3946 1224 4002 de
1269 3945 1413 4002 Bono
1464 3946 1744 4014 Patientia,
1792 3959 2034 4022 quantum

447 4041 605 4096 valuit
632 4051 802 4095 nostra
829 4040 1162 4104 mediocritas,
1199 4041 1513 4110 permittente
1552 4039 1771 4096 Domino
1799 4051 1846 4098 et
1874 4043 2034 4118 inspi-

447 4142 590 4188 rante
612 4132 1022 4202 conscripsimus,
1068 4148 1214 4210 quem
1254 4130 1323 4186 ad
1352 4141 1398 4186 te
1434 4147 1526 4209 pro
1567 4141 1742 4188 mutua
1770 4132 2035 4192 dilectione

449 4226 838 4290 transmisimus.

517 4319 608 4376 25.
649 4317 704 4374 ln
732 4316 814 4372 his
853 4315 1028 4372 verbis
1053 4316 1216 4371 multa
1241 4313 1629 4376 consideranda
1658 4324 1801 4384 sunt,
1831 4316 2029 4388 quibus

448 4413 500 4470 in
532 4411 633 4467 hoc
666 4411 779 4466 viro
805 4413 892 4480 qui
925 4408 1108 4464 dilexit
1135 4408 1384 4464 decorem
1415 4407 1607 4464 domus
1633 4407 1841 4470 Domini
1869 4415 1922 4465 et
1953 4408 2032 4464 lo-

447 4520 568 4566 cum
618 4501 940 4560 tabernaculi
994 4499 1337 4556 habitationis
1381 4499 1497 4574 ejus
1546 4498 1716 4570 (Psat.
1766 4514 1903 4567 xxv,
1953 4499 2029 4570 8),

447 4597 752 4654 christiana:
802 4592 1078 4654 cbaritatis
1127 4592 1297 4664 fulgor
1339 4592 1531 4648 elucet.
1578 4591 1778 4660 Primo,
1824 4593 1946 4668 quia
1981 4593 2033 4650 id

449 4687 591 4766 quod
636 4686 802 4742 sensit
829 4701 934 4742 non
979 4682 1142 4738 tacuit
1171 4701 1184 4738 :
1211 4682 1424 4750 deinde,
1461 4681 1583 4758 quia
1613 4693 1718 4738 tam
1762 4693 2036 4740 mansuete

448 4790 503 4834 et
529 4779 746 4853 pacilice
775 4777 1012 4848 protulit,
1041 4777 1164 4848 quia
1193 4790 1314 4830 cum
1337 4774 1418 4829 his
1445 4774 1532 4848 qui
1564 4773 1702 4828 aliud
1734 4775 2036 4836 sentiebant

451 4872 863 4929 ecclesiasticam
898 4885 1078 4942 pacem
1108 4869 1298 4934 tenuit,
1335 4868 1455 4938 quia
1487 4869 1537 4922 in
1577 4869 1796 4923 unitatis
1824 4868 2037 4923 vinculo

453 4953 651 5024 tantam
682 4962 1043 5019 salubritatem
1085 4976 1204 5018 esse
1231 4959 1511 5025 intellexit,
1545 4961 1666 5028 quia
1687 4975 1803 5019 eam
1831 4967 2034 5018 tantum

451 5058 656 5124 dilexit,
688 5065 741 5112 et
771 5054 944 5110 sobrie
969 5052 1274 5120 custodivit,
1306 5050 1426 5122 quia
1457 5051 1587 5106 vidit
1608 5059 1661 5106 et
1684 5051 1850 5106 sensit
1875 5049 2035 5106 etiam

455 5150 666 5207 diversa
699 5147 990 5204 sentientes
1028 5159 1180 5216 posse
1207 5143 1349 5202 salva
1379 5141 1636 5198 charitate
1662 5143 1862 5197 sentire
1895 5161 1906 5196 :
1942 5157 2038 5196 ne-

457 5259 562 5316 que
586 5245 729 5300 enim
769 5256 888 5296 cum
930 5237 1083 5294 malis
1124 5245 1309 5294 tenere
1337 5252 1395 5292 se
1423 5236 1625 5292 diceret
1648 5235 1879 5291 divinam
1907 5250 2038 5290 con-

461 5335 696 5393 cordlam
732 5342 785 5389 et
813 5330 1138 5388 dominicam
1167 5344 1346 5402 pacem
1380 5347 1392 5382 :
1422 5328 1591 5384 bonus
1617 5327 1814 5399 quippe
1840 5326 2040 5382 habere

456 5447 582 5505 erga
614 5431 783 5486 malos
811 5442 994 5498 pacem
1035 5433 1240 5500 potest;
1275 5433 1454 5482 tenere
1489 5432 1665 5477 autem
1693 5436 1815 5477 cum
1840 5421 1918 5476 eis
1946 5435 2037 5490 pa-

455 5543 572 5586 cem
613 5541 719 5582 non
757 5531 954 5602 potest,
985 5535 1140 5593 quam
1185 5519 1286 5592 ipsi
1329 5533 1434 5574 non
1475 5525 1696 5574 tenent:
1748 5523 2038 5587 postremo,

523 5685 540 5718 ί
567 5684 641 5735 sic
662 5683 844 5734 habent
865 5690 964 5732 Am.
991 5687 1063 5729 Fr.
1083 5686 1134 5728 et
1160 5686 1263 5728 Mss.
1296 5683 1344 5728 At
1368 5681 1494 5732 hom.
1519 5679 1727 5737 putatur.

519 5746 597 5812 (tl)
616 5751 654 5796 lt
674 5753 899 5806 Retract,
921 5757 1025 5806 cap.
1054 5742 1127 5792 18.

1218 227 1304 284 DE
1344 223 1682 282 BAPTISMO
1719 220 1992 277 CONTRA
2037 218 2476 288 DONATISTAS,
2518 223 2574 278 S.
2616 223 2980 280 AUGUSTINI
3647 226 3733 286 188

2162 335 2283 403 quia
2315 337 2515 398 nemini
2543 338 2897 412 praescribens
2924 354 3098 416 neque
3123 338 3512 418 prmjudieans,
3535 343 3733 412 quomi-

2159 440 2258 485 nus
2284 429 2648 499 unusquisque
2673 429 3046 506 episcoporum
3070 429 3210 503 quod
3238 439 3390 502 putat
3425 427 3606 498 faciat,
3647 430 3730 486 ha-
3775 427 3777 460 θ

2156 517 2290 580 hens
2343 520 2548 580 arbitrii
2602 524 2686 584 sui
2731 523 2956 588 liberam
2999 534 3337 596 potestatem,
3381 525 3544 584 etiam
3589 526 3732 584 nobis

2155 610 2626 684 qualibuscumque
2658 614 2832 672 locum
2853 614 3018 683 dedit,
3050 616 3274 696 paciﬁca
3295 631 3482 676 secum
3503 615 3607 671 ista
3635 625 3729 671 trr-

2155 703 2352 764 ctandi.
2410 705 2652 762 Praesens
2693 715 2775 764 est
2817 710 2979 773 enim,
3032 724 3139 770 non
3181 709 3355 769 solum
3398 723 3498 780 per
3540 707 3732 765 litteras

2155 811 2302 864 suas,
2331 798 2427 854 sed
2455 800 2616 856 etiam
2645 816 2742 872 per
2771 801 2938 871 ipsam
2957 817 3074 872 quae
3100 803 3154 858 in
3184 800 3276 862 illo
3296 802 3530 862 maxime
3555 803 3728 872 viguit,

2154 899 2208 950 et
2230 891 2364 946 mori
2392 907 2662 962 nunquam
2688 893 2878 963 potuit,
2907 893 3240 951 charitatem.
3267 893 3400 955 Huic
3421 909 3550 965 ergo
3576 894 3732 950 inha-

2152 996 2274 1042 rere
2302 991 2357 1039 et
2391 985 2744 1055 conglutinari
2773 985 3106 1052 desiderans,
3156 987 3202 1046 si
3242 1002 3352 1046 non
3376 986 3639 1058 impediar
3661 988 3724 1044 in-
3780 966 3781 1046 ἕ

2153 1078 2524 1136 convenientia
2571 1088 2912 1154 peccatorum
2950 1094 3218 1150 meorum,
3255 1081 3588 1138 orationibus
3626 1080 3729 1152 ejus

2151 1168 2382 1242 adjutus.
2427 1170 2626 1232 disoam
2671 1172 2716 1232 si
2761 1180 2948 1243 potero
2985 1187 3082 1246 per
3133 1172 3336 1236 litteras
3379 1171 3496 1244 ejus
3543 1183 3726 1246 quanta

2151 1277 2283 1336 pace
2311 1279 2406 1334 per
2440 1279 2564 1322 eum
2608 1265 2899 1326 Ecclesium
2923 1279 3074 1322 suam
3112 1264 3402 1332 Dominus,
3443 1273 3500 1324 et
3541 1275 3728 1338 quanto

2150 1356 2342 1414 solatio
2383 1357 2800 1428 gubernaverit;
2839 1366 2894 1420 et
2932 1373 3030 1432 per
3057 1357 3173 1428 ejus
3200 1359 3469 1421 sermonis
3492 1356 3726 1420 allectum

2149 1449 2442 1508 visceribus
2488 1451 2798 1510 humilitatis
2837 1449 3074 1517 indutus,
3111 1449 3156 1507 si
3193 1448 3322 1521 quid
3360 1450 3540 1508 verius
3564 1450 3727 1506 sentio

2147 1556 2270 1604 cum
2297 1542 2426 1604 orbe
2452 1551 2736 1612 terrarum.
2762 1559 2870 1602 non
2890 1542 2942 1604 ei
2969 1557 3274 1616 przeponam
3292 1555 3388 1600 cor
3412 1557 3614 1609 meum,
3637 1556 3725 1598 nec

2147 1633 2204 1692 in
2231 1649 2294 1689 eo
2323 1635 2440 1708 ipso
2465 1634 2603 1709 quod
2643 1636 2796 1696 aliter
2825 1636 3062 1694 sentiens
3088 1649 3194 1690 non
3226 1642 3404 1692 tamen
3441 1634 3726 1704 diremptus

2147 1735 2230 1786 est
2257 1727 2326 1784 ab
2363 1727 2490 1784 orbe
2531 1735 2815 1788 terrarum.
2843 1726 3011 1800 Maius
3034 1727 3230 1802 quippe
3259 1726 3316 1790 iu
3341 1740 3407 1781 eo
3435 1724 3604 1782 robur
3627 1726 3724 1780 vir-

2147 1818 2273 1878 tutis
2301 1817 2547 1886 eminuit,
2573 1833 2694 1876 cum
2720 1819 2820 1878 ista
2849 1819 3073 1892 quaestio
3099 1818 3335 1874 nondum
3358 1816 3602 1874 discussa
3631 1832 3720 1872 nu-

2147 1917 2300 1976 taret,
2328 1911 2471 1980 quod
2496 1911 2648 1972 aliter
2682 1911 2920 1972 sentiens
2946 1926 3106 1986 quam
3131 1911 3285 1970 multi
3326 1910 3576 1984 collegae,
3616 1919 3725 1970 tau-

2147 2013 2254 2066 tatn
2284 2004 2708 2064 moderationem
2731 2005 2978 2071 obtinuit,
3003 2013 3062 2061 ut
3085 2003 3340 2065 Ecclesiae
3369 2004 3464 2062 Dei
3489 2012 3724 2064 sanctam

2143 2094 2451 2154 societatem
2487 2097 2632 2158 nulla
2668 2096 2971 2156 schismatis
2999 2095 3118 2154 labe
3149 2102 3438 2161 trnncaret,
3479 2109 3640 2164 quam
3682 2094 3723 2152 si
3786 2115 3787 2120 π

2144 2187 2321 2246 omnia
2365 2201 2471 2244 non
2515 2186 2688 2248 solum
2732 2186 3012 2254 veraciter,
3061 2184 3158 2246 sed
3201 2185 3361 2244 etiam
3391 2185 3594 2255 pariter
3617 2185 3723 2241 sine

2144 2279 2245 2342 ista
2291 2281 2484 2338 virtute
2513 2279 2756 2338 sentiret.
2806 2279 2985 2350 Neque
3012 2279 3154 2336 enim
3181 2277 3234 2340 ei
3274 2279 3483 2352 placeo,
3527 2279 3574 2333 si
3619 2277 3723 2348 ejus

2143 2373 2408 2446 ingenium
2437 2373 2843 2446 facultatemque
2869 2371 3135 2436 sermonis
3153 2381 3209 2428 et
3235 2371 3494 2434 doctrinae
3519 2371 3723 2430 uberta~
3788 2371 3789 2406 ‘

2144 2475 2251 2526 tem
2279 2475 2463 2524 sancto
2487 2467 2712 2528 concilio
2741 2474 3054 2526 cunctarum
3076 2465 3313 2538 gentium
3337 2505 3357 2534 ,
3377 2465 3465 2522 cui
3493 2463 3722 2535 profecto

2143 2560 2386 2622 interfuit
2413 2577 2508 2633 per
2532 2562 2749 2632 spiritus
2777 2562 3063 2627 unitatem,
3091 2573 3404 2634 prtenonere
3429 2559 3681 2622 aﬂ’ectem
3708 2576 3720 2614 :

2141 2655 2437 2726 prtesertim
2462 2655 2574 2726 jam
2599 2655 2650 2710 in
2681 2653 2770 2710 tali
2796 2654 3036 2712 veritatis
3054 2654 3173 2710 luce
3201 2653 3399 2723 posito,
3421 2653 3511 2708 ubi
3539 2651 3720 2708 certi»

2141 2748 2277 2804 sime
2299 2749 2472 2804 cernit
2495 2747 2637 2820 quod
2677 2748 2761 2804 hic
2806 2748 3144 2820 pacatissimo
3173 2748 3499 2818 requirebat.
3533 2746 3612 2804 Ex
3639 2746 3724 2806 illa

2140 2840 2284 2898 enim
2312 2839 2552 2900 ubertate
2582 2841 2696 2898 haec
2725 2851 2906 2900 nostra
2931 2855 3051 2916 quae.
3076 2838 3322 2900 videntur
3349 2839 3592 2914 eloquia,
3609 2846 3720 2898 tan.

2140 2949 2296 3005 quam
2325 2933 2580 2989 infantilia
2610 2934 2908 2988 rudimenta
2937 2933 3148 2988 deridet
3186 2950 3200 2986 :
3234 2933 3304 2987 ibi
3331 2932 3477 2988 videt
3506 2947 3616 3008 qua
3641 2946 3720 2990 re-

2140 3027 2261 3098 gula
2292 3028 2499 3098 pietatis
2537 3027 2624 3084 hic
2647 3026 2854 3097 egerit,
2895 3036 2952 3084 nt
2989 3025 3118 3088 nihil
3145 3033 3288 3084 esset
3321 3026 3374 3086 ei
3408 3025 3466 3086 in
3490 3025 3722 3084 Ecclesia

2139 3119 2353 3176 charius
2383 3120 2584 3180 unitate
2615 3137 2629 3175 :
2661 3119 2731 3176 ibi
2757 3119 2918 3176 etiam
2946 3117 3196 3180 ineﬁ‘abili
3216 3117 3582 3182 delectatione
3605 3135 3724 3177 ωει-
3792 3117 3793 3182 i

2140 3219 2320 3272 tuetur
2359 3226 2518 3281 quam
2562 3209 2782 3286 provida
2818 3218 2873 3268 et
2910 3207 3409 3269 misericordissima
3451 3209 3723 3284 dispensa-
3792 3211 3793 3234 ‘

2141 3304 2285 3360 tione
2335 3303 2590 3360 Dominus
2641 3311 2699 3362 ut
2747 3312 2985 3360 tumores
3035 3311 3248 3360 nostros
3287 3309 3522 3368 curaret,
3573 3304 3724 3358 stulta

2139 3393 2324 3458 mundi
2354 3393 2512 3464 elegit
2537 3402 2596 3447 ut
2619 3393 2968 3452 confunderet
2997 3393 3272 3464 sapientes
3295 3392 3350 3457 ¹;
3379 3400 3540 3464 atque
3567 3393 3625 3452 in
3645 3407 3725 3448 or-

2140 3488 2352 3544 dinibus
2401 3487 2765 3548 membrorum
2824 3486 3078 3548 Ecclesiae
3129 3500 3243 3544 sua:
3291 3493 3398 3540 tam
3447 3485 3725 3550 salubriter

2139 3580 2319 3638 omnia
2343 3579 2648 3644 collocaret,
2678 3594 2744 3636 ne
2767 3577 2834 3638 de
2863 3577 3078 3654 ingenio
3107 3577 3191 3636 vel
3213 3576 3408 3634 litteris
3432 3577 3564 3642 suis,
3599 3590 3724 3648 quas

2139 3671 2315 3728 adhuc
2340 3673 2650 3748 ignorarent
2675 3671 2827 3742 cujus
2856 3683 3080 3730 munere
3117 3668 3376 3727 haberent
3393 3710 3414 3738 ,
3439 3671 3645 3734 electos
3670 3683 3724 3724 se

2139 3764 2206 3826 ad
2230 3763 2549 3833 adjutorium
2581 3761 2943 3832 evangelicum
2985 3759 3230 3820 homines
3265 3759 3534 3826 dicerent,
3571 3768 3724 3832 atque

2140 3855 2262 3918 inde
2315 3853 2562 3928 pestifera
2599 3853 2910 3914 inﬂarentur
2950 3851 3220 3929 superbia.
3249 3851 3294 3906 Ο
3333 3865 3498 3926 quam
3535 3849 3724 3924 gaudet

2139 3949 2467 4021 Cyprianus!
2497 3957 2696 4022 quanto
2716 3946 2958 4008 screnius
2978 3945 3032 4003 in
3060 3945 3148 4008 illa
3168 3945 3288 4006 luce
3303 3953 3610 4010 contuetur,
3630 3957 3721 4022 pro

2140 4051 2338 4116 quanta
2378 4041 2551 4100 salute
2578 4039 2794 4099 humani
2836 4038 3050 4110 generis
3083 4036 3275 4098 factum
3301 4036 3370 4094 sit
3399 4043 3457 4092 ut
3486 4035 3720 4093 invenia-

2141 4143 2228 4194 tur
2252 4133 2448 4206 aliquid
2486 4131 2630 4208 quod
2658 4131 2848 4194 merito
2893 4129 3338 4202 reprehendatur,
3383 4129 3629 4206 quamvis
3671 4127 3723 4184 in

2139 4227 2442 4291 christianis
2469 4235 2522 4284 et
2548 4226 2647 4298 piis
2672 4225 2862 4288 litteris
2888 4233 3183 4290 oratorum,
3203 4230 3259 4280 et
3287 4238 3394 4280 non
3423 4221 3720 4284 inveniatur

2141 4323 2194 4382 in
2226 4321 2440 4380 Litteris
2478 4320 2843 4378 Piscatorum?
2887 4318 2962 4372 De
2991 4318 3093 4380 hoe
3130 4332 3230 4391 ego
3259 4319 3280 4350 ²
3310 4316 3508 4388 gaudio
3531 4325 3721 4378 saneta:

2142 4415 2288 4475 illius
2310 4413 2502 4470 anima:
2526 4413 2745 4473 omnino
2771 4425 2991 4471 securus
3011 4453 3029 4476 ,
3059 4425 3236 4486 neque
3256 4409 3368 4468 ullo
3393 4410 3556 4468 modo
3584 4421 3722 4468 meas

2143 4510 2346 4568 litteras
2379 4506 2449 4562 ab
2477 4505 2624 4564 omni
2665 4511 2844 4564 errato
2873 4503 3066 4562 liberas
3093 4502 3266 4564 audeo
3304 4503 3388 4562 vel
3426 4511 3618 4578 putare
3643 4498 3723 4560 vel

2141 4601 2352 4666 dicere;
2386 4613 2557 4671 neque
2587 4595 2730 4652 illius
2754 4593 2876 4652 huic
2904 4593 3188 4655 sententiae
3206 4636 3226 4664 ,
3259 4595 3314 4656 in
3337 4609 3440 4666 qua
3474 4593 3524 4654 ei
3554 4593 3721 4650 visum

2142 4703 2221 4752 est
2248 4691 2402 4752 aliter
2427 4686 2790 4760 suscipiendos
2834 4686 2902 4744 ab
2933 4685 3203 4746 Mreticis
3247 4685 3540 4750 venientes,
3567 4699 3723 4756 quam

2144 4785 2229 4842 vel
2256 4784 2306 4837 in
2341 4781 2664 4854 praeteritum
2692 4777 3146 4849 suscipiebantur,
3179 4777 3315 4834 sicut
3342 4777 3453 4850 ipse
3481 4785 3720 4839 testatur,

2143 4875 2228 4934 vel
2270 4890 2409 4934 nunc
2452 4872 2833 4944 suscipiuntur,
2881 4869 3020 4930 sicut
3063 4869 3221 4928 totius
3266 4865 3414 4926 orbis
3451 4865 3722 4922 christiani

2147 4968 2384 5040 plenario
2413 4963 2641 5022 concilio
2669 4961 3000 5022 rationabilis
3035 4957 3363 5018 consuetudo
3393 4956 3599 5012 ﬁrmata
3626 4967 3721 5023 εει,

2145 5077 2320 5122 meam
2350 5051 2602 5132 praepono
2628 5054 2947 5116 sententiam
2966 5095 2979 5117 ,
3007 5051 3100 5110 sed
3131 5051 3385 5110 Ecclesiae
3411 5060 3608 5106 sanctas
3638 5065 3723 5103 ca-

2148 5153 2376 5216 tholicae,
2423 5165 2581 5224 quam
2622 5148 2698 5206 sie
2732 5146 2825 5203 ille.
2861 5144 3046 5206 dilexit
3078 5152 3132 5199 et
3171 5143 3358 5214 diligit,
3389 5142 3439 5198 in
3481 5158 3584 5214 qua
3627 5151 3724 5196 tam

2149 5246 2365 5303 uberem
2409 5257 2530 5302 cum
2572 5237 2852 5298 tolerantia
2891 5235 3116 5296 fructum
3153 5235 3328 5292 attulit
3374 5251 3386 5286 :
3427 5233 3579 5304 cujus
3610 5233 3726 5285 uni-

2147 5340 2372 5397 versitas
2415 5336 2528 5412 ipse
2570 5348 2676 5394 non
2709 5330 2826 5398 fuit,
2866 5329 2960 5392 sed
3004 5327 3057 5392 in
3089 5327 3206 5398 ejus
3237 5325 3580 5382 universitate
3617 5339 3727 5395 per.

2215 5538 2231 5569 ί
2255 5538 2326 5585 sic
2343 5540 2446 5583 Mss.
2467 5538 2521 5582 At
2545 5529 2847 5593 editi,_Dens
2869 5525 3066 5593 inﬁrma
3087 5523 3255 5593 mundi
3276 5522 3436 5593 elegit,
3455 5529 3507 5574 ut
3525 5528 3728 5593 tutiora

2147 5584 2332 5652 nostros
2355 5599 2585 5654 curaret;
2620 5584 2816 5656 infirma
2850 5584 3022 5641 mundi
3057 5587 3216 5652 elegit,
3254 5592 3304 5637 ut
3325 5584 3727 5647 conlaudent»-

2361 5719 2505 5786 Lugd.
2530 5727 2646 5769 Ven.
2668 5725 2796 5777 t.ov.,
2821 5727 2950 5780 ergo.
3050 5720 3103 5764 ill.
