3796 6108
145 297 230 356 189
1495 282 1698 346 LIBER
1735 281 2052 353 QUINTUS.

132 419 346 484 mansit;
365 415 540 488 citius
559 413 800 475 radicem
819 421 1092 480 nunquam
1114 403 1373 469 deseruit,
1386 401 1483 464 sed
1505 401 1560 464 in
1580 399 1732 469 citius

132 513 302 575 radice
325 508 602 568 fecundus
622 516 684 566 ut
702 512 870 570 esset,
888 499 1164 562 fecundior
1183 496 1252 557 ab
1274 494 1504 566 agricola
1530 491 1735 554 caelesti

129 613 374 682 purgatus
404 612 498 660 est
521 619 538 672 ;
569 615 672 672 pro
694 598 846 668 cuius
867 609 1000 666 pace
1022 608 1088 654 ac
1108 590 1304 655 salute,
1336 604 1408 651 ne
1427 585 1590 648 simul
1611 599 1736 642 cum

129 678 334 758 inaniis
363 695 748 756 eradicaretur
766 699 820 750 et
842 687 1099 752 triticum.
1121 691 1267 745 tanta
1291 681 1430 742 mala
1460 678 1738 742 hominum

126 807 297 849 secum
329 790 386 844 in
419 788 639 846 unitate
683 782 1098 843 constitutorum
1131 788 1184 842 et
1221 774 1463 840 veritatis
1489 773 1738 836 libertate

126 883 413 954 redarguit,
445 890 510 938 et
533 875 815 937 charitatis
843 875 1040 932 virtute
1067 869 1337 930 sustinuit.

186 975 426 1036 CAPUT
469 969 832 1036 XVlll.-—2L
854 966 932 1043 (tr)
953 965 1102 1024 Unde
1118 979 1215 1024 nos
1242 962 1386 1024 idem
1405 961 1524 1032 ipse,
1547 957 1736 1028 copio-

123 1071 329 1130 s’asimc
367 1068 678 1134 admonet,
705 1063 905 1122 multos
943 1061 994 1124 in
1024 1057 1236 1119 delictis
1263 1055 1374 1115 suis
1411 1061 1467 1115 et
1505 1050 1738 1124 peccatis

125 1176 362 1223 muas
383 1207 404 1232 ,
432 1160 688 1234 quamvis
713 1156 782 1214 ad
821 1154 1020 1218 Christi
1069 1151 1380 1211 societatem
1405 1154 1462 1207 et
1501 1145 1567 1202 ad
1597 1143 1739 1204 illius

123 1256 384 1314 columbas
414 1255 602 1310 unica:
633 1247 935 1309 innocentis
983 1253 1044 1304 et
1085 1241 1341 1311 simplicis
1365 1238 1606 1302 membra
1631 1251 1738 1298 non

124 1350 462 1421 manentes
474 1347 621 1416 (qua
635 1344 683 1399 si
702 1343 814 1399 sola
833 1339 1148 1410 baptisaret,
1163 1335 1238 1394 illi
1253 1334 1436 1404 utique
1449 1347 1554 1392 non
1569 1330 1741 1399 bapti-

124 1444 348 1514 rarent),
377 1443 573 1514 specie
590 1448 772 1495 tamen
788 1435 930 1496 intus
957 1430 1125 1488 videri
1146 1441 1200 1488 et
1224 1426 1480 1498 baptisat'i
1497 1433 1551 1481 et
1575 1423 1741 1494 bapti-

124 1553 255 1594 ωε.
271 1537 344 1592 Et
359 1535 420 1594 in
437 1535 524 1591 eis
538 1525 1044 1603 quamvismortuis,
1059 1523 1197 1583 illius
1213 1529 1392 1581 tamen
1410 1517 1741 1589 Baptismum

127 1632 320 1694 virere,
344 1628 444 1699 qui
466 1641 580 1682 non
600 1624 846 1687 moritur,
862 1628 916 1676 et
938 1632 1082 1676 mors
1111 1615 1190 1672 illi
1211 1629 1320 1674 non
1345 1611 1484 1672 ultra
1507 1609 1742 1668 domina-

126 1724 277 1779 bitur.
309 1722 458 1778 Cum
486 1733 620 1790 ergo
646 1725 702 1774 et
735 1716 880 1770 intus
903 1712 1010 1768 sint
1036 1707 1276 1774 mortui,
1305 1719 1482 1775 neque
1512 1704 1740 1764 latentes

128 1817 266 1891 (nam
284 1831 404 1872 non
427 1814 500 1871 de
525 1815 630 1868 illis
659 1819 804 1867 tanta
839 1807 1044 1868 diceret
1067 1799 1412 1876 Cyprianus),
1429 1797 1616 1869 quive!
1634 1809 1740 1852 non

127 1913 433 1984 pertineant
451 1909 523 1966 ad
551 1909 697 1964 illam
719 1906 893 1960 vivam
915 1900 1242 1965 columbam,
1256 1898 1342 1953 vel
1361 1894 1594 1954 nondum
1621 1908 1743 1964 pcr-

129 2009 364 2071 tineant;
396 2014 457 2060 et
483 2003 613 2059 furis
642 2001 749 2057 sint
776 1998 1008 2064 mortui,
1041 1996 1130 2066 qui
1156 1990 1494 2050 manifestius
1519 1989 1586 2046 ad
1623 2002 1743 2046 eam

128 2101 204 2156 vel
229 2116 342 2155 non
390 2099 736 2170 pertineant,
767 2093 849 2148 vel
880 2090 1116 2147 nondum
1151 2086 1491 2158 pertineant;
1523 2095 1741 2138 verum-

131 2207 228 2262 que
266 2193 341 2246 sit
366 2207 478 2246 non
504 2203 653 2254 posse
673 2186 735 2240 ab
761 2201 820 2240 eo
844 2183 1090 2252 uiuiﬁcari
1129 2181 1367 2242 alterum,
1392 2177 1480 2246 qui
1506 2177 1614 2246 ipse
1639 2191 1740 2232 non

133 2285 246 2339 risit
266 2301 286 2338 :
312 2281 672 2338 manifestum
697 2286 781 2333 est
826 2291 922 2332 cos
947 2274 1040 2346 qui
1085 2273 1228 2330 intus
1270 2285 1301 2325 a
1344 2269 1540 2324 talibus
1567 2266 1739 2336 bapti-

137 2383 340 2440 zantur,
391 2376 440 2430 si
485 2387 616 2434 vera
660 2369 1012 2426 conversione
1049 2364 1228 2422 cordis
1261 2361 1520 2418 accedunt
1541 2401 1555 2424 .
1584 2359 1651 2418 ab
1677 2373 1742 2413 eo

137 2466 402 2522 ririileari
450 2464 606 2535 cujus
631 2470 715 2519 est
742 2462 1067 2531 Bsptismus.
1098 2457 1154 2513 Si
1183 2464 1363 2510 autem
1393 2452 1592 2509 atecqu
1619 2466 1740 2507 vcr-

137 2558 214 2612 bis
235 2569 292 2614 et
320 2573 435 2613 non
460 2555 616 2612 factis
633 2553 962 2616 renuntiant,
986 2549 1174 2621 quales
1192 2547 1487 2619 Cyprianus
1510 2553 1566 2601 et
1593 2543 1737 2600 intus

137 2656 250 2698 esse
279 2651 537 2705 testatur;
569 2654 671 2696 nec
711 2639 857 2708 ipsos
880 2633 1141 2696 viviﬁcari-
1161 2631 1262 2693 nisi
1308 2634 1694 2693 convertantur
1717 2665 1732 2693 ι

141 2745 190 2790 et
214 2745 400 2794 tamen
423 2749 614 2791 verum
639 2732 840 2788 habere
866 2729 1221 2800 Baptismum,
1249 2724 1459 2783 etiamsi
1487 2737 1597 2782 non
1616 2736 1745 2780 con-

142 2840 435 2886 vertantur.
495 2825 646 2884 Unde
671 2826 832 2888 etiam
872 2821 1172 2882 exteriores
1195 2827 1434 2878 mortuos
1461 2858 1474 2882 ,
1501 2813 1745 2890 quamvis

146 2940 295 2995 neque
338 2924 513 2977 sinant
536 2962 552 2988 ,
597 2933 759 2989 neque
810 2915 1062 2980 eiviﬁceut
1085 2953 1102 2980 ,
1155 2910 1353 2972 habere
1407 2919 1583 2968 tamen
1638 2905 1742 2964 Bav-

147 3017 398 3085 ptismum
452 3013 674 3078 vivum,
722 3008 815 3080 qui
861 3008 942 3064 eis
1004 3014 1134 3065 tunc
1205 3001 1374 3073 prosit
1421 2998 1486 3054 ad
1540 2998 1740 3063 vitam.

149 3110 190 3164 si
213 3115 596 3164 convertantur
618 3104 686 3162 ad
717 3117 922 3175 pacem,
955 3098 1200 3162 similiter
1226 3093 1562 3156 manifestum
1591 3101 1691 3150 est.

214 3199 442 3257 CAPUT
465 3196 612 3255 XIX.
634 3226 704 3238 ——
730 3195 821 3254 ΞΕ.
845 3193 1182 3262 Quaprupter
1211 3189 1302 3259 qui
1334 3200 1460 3246 tunc
1478 3186 1548 3241 ab
1574 3189 1745 3244 litore-

153 3292 290 3349 sibus
334 3293 616 3348 venientes
666 3289 718 3343 in
768 3285 957 3342 eodem
989 3283 1189 3339 Christi
1221 3281 1532 3352 Baptismo,
1585 3292 1744 3348 quem

156 3385 276 3442 toris
328 3391 685 3456 acceperant,
721 3379 1120 3451 suscipiebant,
1149 3386 1203 3431 ct
1245 3375 1493 3435 dicebant
1540 3389 1594 3430 re
1615 3381 1747 3426 vete-

160 3495 257 3534 mur
294 3478 717 3536 consuetudinem
767 3474 937 3545 sequi,
967 3472 1104 3528 sicut
1144 3470 1306 3526 etiam
1344 3481 1487 3527 nunc
1525 3465 1747 3535 suscipit

159 3574 391 3631 Ecclesia
428 3591 441 3628 :
472 3572 669 3627 frustra
708 3577 894 3624 contra
924 3579 1022 3622 eos
1058 3564 1363 3630 dicebatur,
1395 3562 1534 3631 apud
1562 3571 1747 3616 ueteres

162 3667 368 3721 haeres
391 3674 438 3719 et
497 3663 774 3718 schismata
802 3661 820 3692 ¹
847 3659 1015 3730 prima
1037 3655 1204 3715 adhuc
1231 3656 1384 3726 fuisse
1413 3654 1578 3718 initia,
1616 3661 1669 3708 ut
1695 3651 1747 3708 hi

160 3761 258 3816 illic
285 3768 454 3816 essem
496 3759 583 3828 qui
611 3756 674 3810 de
711 3753 944 3809 Ecclesia
979 3751 1296 3815 recedebant,
1321 3758 1369 3802 et
1395 3748 1476 3803 hic
1507 3745 1749 3818 baptismi

163 3853 294 3920 prius
320 3856 526 3922 fuerant
547 3889 562 3913 ,
591 3863 717 3918 quos
762 3856 880 3900 tunc
909 3843 976 3898 ad
1030 3840 1314 3896 Ecclesium
1356 3846 1650 3896 reuertentes
1699 3844 1747 3891 et

163 3943 500 4012 petulantiam
521 3946 741 4011 agentes,
775 3952 976 3992 necesse
995 3950 1096 3992 nail
1131 3942 1237 3990 erat
1265 3931 1532 4002 baptizari.
1559 3929 1747 3986 Statim

163 4036 296 4090 enim
338 4043 399 4089 ut
428 4044 762 4101 unaquaque
801 4027 1022 4086 haeresis
1065 4024 1326 4083 existebat
1351 4064 1367 4090 ,
1393 4031 1446 4086 ot
1466 4038 1496 4080 a
1522 4036 1749 4092 congre-

163 4129 370 4196 gatione
395 4124 678 4182 catholicae
701 4118 1092 4178 communionis
1111 4118 1326 4184 exibat,
1355 4131 1461 4172 non
1502 4115 1622 4172 dico
1645 4114 1750 4169 alio

162 4219 272 4288 die,
301 4217 399 4274 sed
426 4226 482 4272 et
528 4217 645 4286 ipso
687 4213 775 4272 die
805 4220 1015 4283 poterat
1042 4212 1306 4268 irruentes
1350 4210 1402 4266 in
1444 4223 1505 4264 se
1545 4207 1750 4277 aliquos

166 4310 448 4382 baptizare.
481 4308 548 4363 Et
577 4305 697 4362 ideo
720 4306 765 4361 si
809 4311 960 4360 vetus
990 4301 1108 4360 haec
1139 4309 1256 4360 erat
1296 4298 1628 4358 consuetudo
1651 4339 1666 4362 .
1694 4306 1752 4358 ut

164 4405 233 4460 sic
257 4403 661 4474 susciperentur
689 4397 868 4470 (quod
896 4410 996 4452 nec
1041 4395 1140 4466 ipsi
1178 4393 1266 4465 qui
1293 4399 1477 4450 contra
1516 4390 1751 4449 dissere-

165 4496 285 4552 bant
319 4509 519 4567 negare
556 4488 862 4564 potuerunt)
887 4531 903 4555 ,
937 4488 1066 4548 nulli
1095 4487 1251 4559 paulo
1280 4485 1536 4546 attentius
1566 4483 1753 4543 adver-

167 4592 290 4646 tenti
316 4598 494 4662 potest
507 4603 629 4644 esse
646 4587 887 4654 dubium,
904 4586 1068 4642 etiam
1085 4599 1181 4639 eos
1207 4582 1286 4638 sic
1311 4595 1433 4638 esse
1452 4587 1747 4650 susceptos,

167 4685 248 4754 qui
266 4685 399 4740 foris
419 4684 475 4738 in
502 4682 798 4738 hareslhus
823 4678 1077 4752 baptizati
1098 4685 1242 4734 sunt.

229 4777 320 4834 96.
349 4775 487 4838 illud
508 4786 691 4832 autem
716 4775 843 4847 quid
869 4774 1066 4830 habeat
1091 4773 1315 4830 rationis
1340 4784 1446 4826 non
1475 4768 1633 4824 video
1653 4810 1667 4836 ,
1696 4777 1756 4824 ut

170 4872 388 4925 nondum
435 4868 646 4924 dicatur
699 4869 804 4922 ovis
833 4883 1042 4930 errans,
1085 4865 1171 4920 cui
1219 4864 1477 4934 quaerenti
1527 4863 1752 4918 salutem

173 4961 510 5018 christianum
532 5002 547 5026 ,
584 4961 638 5014 in
690 4958 1064 5014 hereticorum
1113 4955 1348 5018 incidere
1396 4968 1668 5018 errorem,
1701 4961 1756 5007 et

170 5053 300 5123 apud
344 5067 443 5108 eos
461 5051 724 5119 contingit
749 5048 1042 5119 baptizari;
1075 5056 1130 5103 et
1159 5047 1274 5101 ovis
1296 5046 1407 5116 jam
1437 5043 1571 5100 facta
1613 5043 1756 5100 dica-

177 5153 250 5200 tur
275 5145 332 5199 in
356 5145 470 5214 ipsa
503 5143 650 5198 intus
676 5141 948 5200 Catholica
966 5181 981 5205 ,
1010 5140 1100 5210 qui
1131 5138 1328 5194 steculo
1347 5135 1526 5193 verbis
1551 5135 1680 5192 solis
1701 5143 1756 5192 et

176 5251 272 5293 non
299 5235 456 5294 factis
502 5235 866 5300 renuntiavit,
898 5241 953 5287 et
991 5232 1046 5287 in
1071 5246 1134 5286 ea
1180 5228 1358 5286 cordis
1400 5227 1627 5282 falsitate
1655 5227 1756 5282 Ba-

177 5332 420 5398 ptismum
440 5327 669 5398 accepit.
700 5328 806 5382 Aut
827 5326 872 5380 si
903 5335 958 5380 et
986 5323 1104 5380 talis
1130 5337 1236 5376 non
1267 5320 1324 5376 iit
1349 5321 1483 5385 ovis,
1516 5318 1756 5376 nisicum

180 5433 231 5474 sc
251 5419 318 5474 ad
355 5420 528 5474 Deum
561 5418 737 5473 veraci
775 5416 937 5474 corde
959 5413 1288 5476 eotiverterit
1321 5430 1334 5466 :
1363 5411 1499 5472 sicut
1527 5412 1626 5474 iSle
1650 5427 1756 5468 non

183 5511 376 5579 quando
402 5510 461 5566 iit
483 5510 600 5566 ovis
624 5509 939 5578 baptizatur,
970 5507 1014 5562 si
1037 5506 1146 5576 jam
1180 5504 1473 5574 baptizatus
1500 5513 1636 5572 erat,
1664 5503 1760 5560 sed

186 5604 284 5657 ovis
304 5601 542 5658 nondum
568 5611 703 5665 erat;
731 5601 809 5655 sic
833 5608 888 5654 et
915 5599 1005 5654 ille
1033 5597 1125 5670 qui
1153 5595 1299 5652 venit
1317 5594 1384 5650 ab
1411 5595 1676 5652 haereticis
1701 5604 1761 5650 ut

241 5696 256 5759 ξ
279 5701 435 5759 την
679 5697 727 5759 βε

241 5749 306 5821 (a)
324 5749 653 5870 agitantibus
666 5755 857 5804 duobus
879 5749 1117 5817 capitibus
1151 5752 1395 5802 examinat
1416 5749 1629 5814 Cypriani
1655 5749 1761 5814 epi-

189 5817 338 5869 stolam
354 5821 384 5871 7
419 5857 431 5871 .
456 5819 517 5869 ad
533 5825 772 5871 Quintum.

294 5834 338 5869 m
354 5825 431 5885 72,
456 5825 517 5869 ad
533 5825 772 5878 Quintum.

3323 295 3430 362 190

1846 403 1960 464 ovis
1984 402 2076 468 ﬁat
2092 444 2107 469 ,
2152 418 2259 464 non
2288 412 2412 462 tunc
2435 403 2784 477 baptizandus
2804 413 2920 482 est,
2943 405 2990 461 si
3014 408 3154 480 apud
3181 423 3275 472 eos
3311 411 3424 488 iam

1846 495 2037 557 eodem
2060 496 2335 566 Baptisms
2357 497 2650 570 baptizatus
2672 507 2790 562 crat
2807 541 2825 568 .
2846 501 3086 572 quamvis
3111 500 3292 564 adhuc
3316 505 3432 568 ovis

1845 603 1954 642 non
1979 598 2111 643 erat.
2140 589 2472 660 Quapropter
2515 607 2634 646 cum
2683 607 2870 647 omnes
2897 593 3057 647 etiam
3099 593 3242 648 intus
3267 595 3392 658 ntali
3414 637 3430 664 ,

1843 683 2014 751 arari,
2041 683 2243 752 invidi,
2273 683 2470 746 ebriosi
2494 727 2510 753 ,
2538 694 2592 748 et
2609 695 2794 749 contra
2829 687 3163 756 disciplinam
3187 689 3434 752 christia-

1845 790 1968 834 nam
1993 777 2249 844 viventes,
2277 778 2472 840 merito
2495 777 2601 838 dici
2630 781 2835 849 possint
2859 788 2914 838 et
2939 781 3249 849 mendaces,
3273 790 3330 842 et
3361 791 3433 844 te-

1845 870 2089 938 nebrosi,
2121 879 2176 927 et
2221 872 2460 942 mortui,
2490 882 2545 934 et
2586 873 2922 940 antichristi,
2952 876 3210 947 numquid
3253 887 3431 938 tamen
3481 882 3488 889 ’

1845 972 2128 1034 propterea
2172 980 2279 1028 non
2319 965 2592 1036 baptizant
2616 1009 2630 1033 ,
2660 967 2781 1037 quia
2812 968 2939 1028 nihil
2969 979 3128 1044 potest
3158 987 3261 1028 esse
3286 987 3427 1028 com-

1845 1074 1994 1118 mune
2035 1060 2298 1116 mendacio
2340 1070 2384 1118 et
2415 1061 2610 1122 veritati
2633 1103 2648 1131 .
2681 1061 2896 1122 tenebris
2941 1073 2988 1124 et
3021 1062 3121 1126 luci
3141 1107 3156 1132 ,
3189 1067 3338 1124 morti
3382 1073 3430 1122 et

1843 1153 2212 1213 immortalitati
2229 1197 2246 1222 ,
2276 1155 2580 1216 Antichrista
2607 1163 2652 1216 et
2679 1155 2912 1216 Christo?

1915 1245 2004 1306 27.
2029 1245 2148 1308 Non
2174 1248 2353 1318 itaque
2395 1248 2458 1308 de
2491 1249 2602 1308 sala
2627 1249 3018 1313 consuetudine,
3052 1251 3140 1308 sed
3180 1253 3338 1312 etiam
3367 1254 3430 1310 de

1843 1341 2066 1398 ueritatis
2114 1343 2310 1400 ratione
2356 1346 2651 1414 prazsttmit,
2705 1346 2793 1415 qui
2846 1346 3112 1405 nullorum
3161 1349 3429 1406 hominum

1845 1435 2194 1504 perversitate
2219 1450 2531 1507 perversum
2558 1436 2674 1494 ﬁeri
2704 1437 2831 1498 dicit
2859 1438 2953 1496 Dei
2982 1437 3384 1496 Sacramentum
3410 1484 3424 1509 ,

1845 1526 1988 1596 quod
2017 1527 2179 1584 etiam
2208 1528 2260 1584 in
2287 1529 2552 1598 perversis
2600 1544 2721 1586 esse
2744 1529 3062 1590 declaratur.
3090 1530 3246 1588 Certe
3269 1531 3427 1592 Joan-

1847 1634 1942 1676 nes
1997 1621 2272 1691 apostolus
2313 1621 2651 1692 apertissime
2707 1622 2866 1688 dicit,
2917 1625 3016 1689 Qui
3067 1624 3170 1680 odit
3222 1628 3430 1694 fratrem

1845 1732 2029 1780 suurn,
2059 1715 2111 1770 in
2155 1715 2369 1774 tenebris
2392 1724 2466 1770 ast
2491 1731 2644 1782 usque
2676 1715 2844 1774 adhuc
2883 1715 3104 1784 (idean.
3146 1733 3213 1782 ll,
3258 1717 3310 1786 9)
3335 1735 3351 1782 ;
3379 1728 3433 1773 et

1847 1807 2057 1872 iterum,
2094 1807 2194 1874 Qui
2233 1805 2338 1862 odit
2368 1805 2577 1875 fratrem
2609 1823 2755 1866 suum
2777 1846 2796 1874 ,
2822 1807 3076 1867 homicida
3110 1817 3180 1866 est
3209 1806 3315 1879 (Id.
3353 1825 3429 1874 tu,

1848 1899 1939 1971 i5)
1973 1919 1986 1955 :
2010 1915 2106 1960 cur
2125 1915 2252 1968 ergo
2283 1900 2426 1958 intus
2452 1899 2587 1960 tales
2604 1899 2908 1968 baptizaut.
2931 1915 3068 1970 quos
3089 1901 3142 1962 in
3169 1901 3431 1959 malevola

1848 1993 2044 2050 invidia
2073 1992 2237 2048 fuisse
2261 1989 2558 2064 Cyprianus
2589 1991 2706 2062 ipse
2723 2001 3109 2054 commemorat
3127 1990 3314 2064 (Epist.
3341 1993 3429 2059 π»,

1846 2086 1914 2141 ad
1937 2084 2295 2157 Jubaiamtm).

1916 2179 2144 2240 CAPUT
2168 2175 2450 2252 XX.H-(d)
2468 2177 2752 2246 Quomodo
2763 2190 2961 2248 aquam
2983 2178 3203 2240 mundat
3226 2186 3280 2240 et
3305 2192 3432 2240 san-

1847 2275 2044 2330 ctiticat
2057 2273 2350 2332 homicida?
2365 2273 2636 2344 quomodo
2648 2272 2969 2332 benedicunt
2983 2273 3158 2330 oleum
3176 2273 3434 2334 tenebrae?

1848 2368 1904 2422 Si
1929 2376 2107 2424 autem
2131 2368 2271 2424 Deus
2312 2367 2466 2422 adest
2491 2367 2848 2426 Sacramentis
2877 2374 2931 2425 et
2959 2366 3134 2427 verbis
3162 2366 3271 2426 suis
3295 2409 3310 2433 ,
3338 2381 3436 2438 per

1847 2463 2168 2534 qualeslibet
2193 2463 2650 2526 administrentur,
2678 2468 2734 2517 et
2755 2460 3097 2519 Sacramenta
3118 2461 3213 2520 Dei
3239 2461 3436 2532 ubique

1848 2563 1994 2611 recta
2015 2562 2156 2617 sunt,
2181 2563 2235 2610 et
2258 2554 2385 2610 mali
2409 2553 2654 2612 homines
2670 2553 2862 2624 quibus
2886 2552 3018 2615 nihil
3041 2563 3287 2624 prosunt,
3315 2553 3436 2614 ubi-

1847 2663 1952 2719 que
1973 2647 2209 2717 pervorsi
2235 2654 2377 2702 sunt.

1917 2739 2008 2795 28.
2039 2738 2169 2796 illud
2190 2747 2368 2795 autem
2397 2737 2557 2808 quale
2593 2744 2676 2793 est
2695 2778 2709 2803 ,
2741 2745 2801 2793 ut
2835 2736 2956 2794 ideo
2992 2744 3203 2806 putetur
3232 2735 3434 2796 hereti-

1847 2848 1936 2888 cus
1960 2847 2064 2890 non
2090 2831 2272 2887 habere
2289 2829 2630 2900 Baptismttm,
2661 2829 2782 2900 quia
2808 2844 2909 2886 non
2937 2828 3082 2886 habet
3111 2826 3390 2888 Ecclesium
3409 2828 3436 2883 ?

1847 2927 1919 2983 Et
1944 2927 2126 2996 utique
2173 2941 2289 2980 cum
2341 2924 2650 2998 baptizatur,
2683 2924 2834 2978 etiam
2880 2922 2943 2981 de
2989 2930 3166 2981 sancta
3208 2919 3437 2981 Ecclesia

1847 3021 2208 3092 interrogatur.
2237 3016 2400 3084 Quasi
2423 3031 2554 3072 vero
2597 3015 2687 3075 ille
2712 3014 2802 3085 qui
2832 3029 2937 3072 non
2959 3013 3111 3075 factis
3133 3012 3275 3074 intus
3297 3054 3312 3079 ,
3341 3011 3438 3070 sed

1849 3115 2028 3170 verbis
2053 3111 2250 3167 saeculo
2275 3109 2545 3172 renuntiat
2570 3150 2583 3172 .
2619 3122 2722 3167 non
2746 3105 2850 3166 hoc
2887 3106 2940 3162 in
2965 3105 3234 3174 Baptismo
3273 3105 3441 3160 inter~

1849 3216 2086 3276 rogetur.
2120 3203 2268 3259 Sicut
2293 3217 2422 3273 ergo
2443 3201 2603 3270 hujus
2649 3199 2779 3258 falsa
2809 3197 3085 3266 responsio
3118 3211 3226 3256 non
3271 3194 3440 3252 efticit

1851 3305 1909 3353 ut
1935 3297 2236 3366 Baptismus
2260 3308 2366 3349 non
2409 3293 2478 3350 sit
2517 3305 2678 3361 quem
2723 3288 2982 3359 percipit;
3008 3287 3086 3344 sic
3113 3297 3169 3344 et
3207 3287 3349 3346 illius
3372 3285 3442 3344 de

1852 3391 2092 3446 Ecclesia
2123 3397 2306 3444 salicta
2350 3386 2482 3442 falsa
2511 3385 2790 3452 responsio
2819 3397 2925 3442 non.
2974 3381 3139 3438 eflicit
3161 3389 3219 3440 ut
3255 3380 3441 3449 Bapti-

1851 3497 1998 3538 smus
2039 3494 2144 3536 non
2177 3479 2248 3534 sit
2271 3491 2428 3546 quem
2465 3475 2690 3545 percipit
2715 3492 2726 3526 :
2751 3481 2805 3528 et
2833 3472 2971 3533 sicut
3013 3469 3105 3530 ille
3131 3470 3178 3530 si
3211 3477 3396 3540 postea
3419 3510 3437 3537 ,

1851 3573 1994 3644 quod
2021 3571 2278 3632 fallaciter
2324 3566 2710 3639 responderat,
2738 3562 3002 3626 veraciter
3039 3561 3296 3632 impleat,
3329 3575 3439 3617 non

1851 3666 1900 3722 ei
1945 3664 2246 3734 Baptismus
2296 3658 2575 3730 repetitur,
2620 3655 2715 3712 sed
2762 3655 2867 3718 vita
2919 3652 3234 3723 corrigitur;
3264 3651 3342 3712 sic
3387 3660 3443 3714 et

1851 3761 1942 3816 ille
1967 3761 2011 3814 si
2041 3765 2225 3828 postea
2254 3753 2434 3813 veniat
2463 3751 2529 3812 ad
2565 3750 2859 3814 Ecclesium
2885 3789 2900 3812 .
2928 3747 2995 3810 de
3018 3763 3120 3817 qua
3141 3746 3442 3817 interr-oga-

1852 3863 1939 3908 tus
1967 3851 2159 3908 falsum
2211 3846 2598 3917 responderat,
2623 3843 2744 3915 quia
2787 3857 2908 3902 eam
2950 3855 3010 3900 se
3047 3839 3248 3904 habere
3271 3880 3286 3907 ,
3313 3839 3443 3896 dum

1853 3961 1958 4004 non
1988 3945 2226 4010 haberet,
2256 3941 2496 4020 putabat,
2525 3940 2637 4009 ipsa
2666 3951 2823 4008 quam
2844 3949 2949 3994 non
2984 3933 3214 3996 trahebat
3254 3933 3303 3990 ei
3349 3932 3444 3992 da-

1853 4049 1958 4106 tur,
1984 4056 2090 4096 non
2116 4037 2256 4109 quod
2281 4044 2562 4107 acceperat
2585 4035 2826 4092 iteratur.
2852 4031 2962 4093 Cur-
2985 4038 3168 4092 autem
3191 4029 3258 4086 ad
3280 4029 3443 4085 verba

1853 4148 1972 4204 quae
2008 4130 2300 4202 procedunt
2329 4144 2396 4185 ex
2420 4143 2514 4184 ore
2538 4125 2825 4184 homicidae
2853 4123 3022 4195 possit
3073 4131 3250 4182 tamen
3299 4121 3443 4180 Deus

1853 4228 2022 4282 oleum
2051 4223 2389 4289 sanctiﬁcare,
2419 4230 2473 4278 et
2501 4222 2555 4274 in
2579 4219 2732 4276 altari
2755 4217 2890 4286 quad
2917 4215 3139 4274 hwretici
3159 4223 3435 4285 posuerunt

1854 4335 1956 4374 una
1983 4315 2170 4388 possit,
2201 4314 2386 4376 nescio
2412 4330 2425 4365 :
2449 4310 2550 4370 nisi
2574 4311 2709 4369 forte
2751 4323 2910 4377 quem
2956 4322 3048 4366 cor
3079 4306 3306 4364 hominis
3342 4306 3439 4368 tal-

1855 4412 2042 4468 laciter
2067 4421 2384 4466 conversum
2416 4405 2560 4461 intus
2587 4417 2692 4460 non
2719 4400 2972 4471 impedit,
3002 4399 3202 4468 lignum
3235 4398 3442 4458 fallaci.

1856 4515 1941 4562 ter
1962 4503 2192 4575 positum
2216 4497 2439 4569 impedit
2462 4495 2592 4552 foris
2609 4534 2624 4559 ,
2655 4491 2938 4564 quominus
2957 4491 3302 4552 sacramentis
3329 4490 3441 4547 suis

1856 4597 2044 4653 adesse
2097 4592 2361 4660 dignetur,
2391 4587 2554 4644 nullis
2598 4584 2872 4644 hominum
2911 4580 3226 4645 falsitatibtts
3272 4581 3441 4651 impe.

1856 4690 2018 4745 ditus.
2046 4685 2102 4741 Si
2133 4697 2260 4754 ergo
2289 4681 2356 4740 ad
2388 4681 2488 4742 hoc
2510 4679 2653 4738 valet
2671 4675 2812 4748 quod
2838 4675 3036 4736 dictum
3059 4681 3139 4732 est
3170 4673 3224 4728 in
3263 4672 3439 4729 Evan-

1856 4782 1994 4855 gelio
2016 4822 2030 4845 ,
2064 4778 2202 4834 Deus
2227 4787 2539 4847 peccatorem
2566 4789 2668 4828 non
2701 4769 2843 4826 audit
2883 4765 3062 4837 (lauri.
3095 4781 3184 4830 ut,
3213 4764 3301 4834 3i)
3322 4806 3336 4830 ,
3383 4772 3444 4820 ut

1858 4889 1955 4944 per
1996 4879 2328 4941 peccatorem
2375 4873 2719 4924 itaet-amenta
2763 4875 2867 4916 non
2915 4858 3274 4923 celebrentur;
3308 4873 3442 4929 quo-

1858 4965 2019 5022 modo
2066 4963 2280 5019 exaudit
2323 4959 2642 5018 homicidam
2687 4955 3099 5025 deprecantem,
3151 4955 3234 5014 vel
3283 4968 3445 5022 super

1859 5074 2050 5130 aquam
2079 5055 2331 5126 Baptismi
2358 5094 2372 5116 ,
2393 5053 2478 5110 vel
2508 5064 2668 5126 super
2709 5048 2906 5120 oleum,
2939 5046 3020 5106 vel
3049 5060 3205 5116 super
3231 5043 3442 5102 Eucha»

1859 5152 2067 5208 ristiam
2092 5193 2106 5217 ,
2137 5151 2218 5204 vel
2249 5159 2412 5214 super
2451 5143 2624 5210 capita
2651 5155 2839 5204 eorum
2888 5139 3079 5207 quibus
3105 5152 3295 5198 manus
3345 5137 3445 5196 im-

1859 5243 2112 5318 ponitur?
2137 5240 2266 5308 Qum
2295 5234 2472 5294 clunis
2498 5241 2678 5296 tamen.
2719 5240 2773 5294 el
2825 5231 2954 5294 ﬁunt
2992 5239 3046 5294 et
3063 5229 3244 5292 valent
3285 5228 3444 5284 etiam

1861 5353 1957 5410 per
2001 5331 2331 5396 homicidas,
2361 5327 2412 5384 id
2456 5333 2540 5380 est
2563 5340 2658 5396 per-
2696 5337 2792 5382 eos
2830 5322 2916 5392 qui
2966 5320 3196 5386 oderunt
3224 5319 3443 5386 fratres,

1862 5429 2020 5485 etiam
2069 5427 2123 5482 in
2168 5425 2279 5492 ipsa
2319 5421 2464 5482 intus
2511 5416 2770 5480 Ecclesia.
2799 5413 2931 5478 Cum
2970 5412 3093 5474 dare
3119 5410 3446 5500 uernantium

1863 5523 1995 5595 quod
2035 5535 2138 5576 non
2184 5515 2362 5580 habet;
2399 5511 2670 5586 quomodo
2725 5509 2816 5575 dat.
2878 5505 3144 5573 homicida
3193 5501 3445 5576 Spiritum

1948 5682 2002 5775 βξ
2015 5666 3450 5775 reuere:"assistere.castaneam:

1865 5728 2000 5816 8ιοῖἶρ
2015 5728 2093 5802 7οξ
2119 5728 2308 5803 scripize
2329 5728 2403 5787 ei
2421 5728 2781 5795 (nrthtigincnsi
2813 5728 3014 5780 concilio
3036 5728 3096 5778 ad
3125 5728 3450 5789 Saturninmn,

1869 5817 2136 5858 Mnxrmum.
2162 5811 2255 5853 etc.

1872 5838 2136 5867 tuanllllillll,
2163 5838 2234 5853 νει
2247 5838 2255 5848 ι
