3796 6176
406 321 502 377 191

402 423 697 490 sanctum?
746 424 814 484 Et
886 435 1068 483 tamen
1121 425 1236 496 ipse
1289 424 1432 478 intus
1497 420 1657 476 etiam
1724 415 1978 487 baptizat.

401 523 543 581 Deus
586 535 714 594 ergo
737 519 830 578 dat
869 518 1030 576 etiam
1079 517 1196 590 ipso
1237 513 1536 586 baptizante
1561 511 1814 582 Spiritum
1855 522 1982 564 san-

399 625 543 673 ctum
551 655 564 670 .

469 706 694 766 CAPUT
730 707 873 764 xxu.
900 737 974 750 —
997 706 1090 763 29.
1129 704 1284 776 Quod
1318 717 1447 759 vero
1477 702 1589 768 ait,
1635 697 1982 770 Baptizandus

396 809 446 855 et
493 799 808 856 innovandus
847 809 919 855 est
969 799 1055 870 qui
1087 797 1156 852 ad
1196 795 1481 852 Ecclesium
1527 794 1662 848 venit
1683 834 1699 859 ,
1750 799 1804 844 ut
1843 790 1981 844 intus

396 911 487 966 per
523 904 725 950 sanctos
769 893 1130 964 sanctiﬁcetur;
1169 889 1296 962 quid
1342 887 1536 953 faciet,
1565 886 1607 942 si
1647 893 1704 942 et
1741 885 1882 941 intus
1926 887 1982 938 in

397 1003 503 1045 non
541 997 755 1044 sanctos
784 984 1105 1042 incurrerit?
1134 986 1216 1039 An
1253 983 1389 1038 forte
1426 989 1644 1037 sanctus
1695 985 1778 1034 est
1805 976 1981 1033 homi-

394 1081 537 1137 cida?
566 1079 637 1136 Et
659 1080 705 1135 si
731 1087 1013 1150 propterea
1040 1076 1340 1148 baptizatur
1367 1075 1421 1130 in
1453 1072 1714 1140 Ecclesia,
1742 1080 1800 1126 ut
1825 1070 1978 1125 etiam

394 1172 489 1227 hoc
515 1173 680 1242 ipsum
700 1170 956 1240 deponat,
987 1168 1124 1239 quod
1155 1167 1305 1223 homo
1332 1166 1400 1220 ad
1425 1165 1588 1220 Deum
1616 1163 1818 1218 veniens
1855 1163 1977 1216 dum

393 1263 704 1319 sacerdotem
727 1262 905 1333 quierit
921 1303 936 1328 ,
969 1261 1025 1316 in
1061 1260 1362 1332 sacrilegum
1393 1258 1572 1331 fraude
1595 1258 1780 1314 erroris
1805 1257 1976 1312 incur-

391 1357 494 1422 rit;
525 1355 611 1411 ubi
640 1363 818 1424 postea
847 1352 1182 1424 depositurus
1211 1361 1328 1420 est,
1359 1351 1405 1407 si
1442 1351 1576 1407 forte
1603 1351 1657 1407 in
1689 1352 1803 1422 ipsa
1833 1350 1974 1406 intus

395 1447 631 1504 Ecclesia
677 1445 802 1501 dum
847 1445 1117 1501 hominem
1167 1445 1259 1500 Dei
1297 1444 1526 1516 quaerit,
1559 1443 1610 1499 in
1652 1441 1973 1498 homicidam

391 1539 576 1596 fraude
594 1539 792 1596 erroris
814 1539 1058 1596 incurrit?
1082 1538 1137 1595 Si
1163 1555 1264 1594 non
1285 1546 1444 1610 potest
1468 1539 1521 1593 in
1549 1537 1750 1592 homine
1775 1534 1971 1607 aliquid

389 1630 540 1684 inane
555 1645 677 1696 esse,
697 1639 743 1684 et
755 1629 948 1701 aliquid
959 1629 1253 1700 prwoalere;
1273 1644 1437 1700 quare
1448 1644 1515 1699 po
1522 1637 1624 1684 test
1637 1628 1688 1682 in
1703 1627 1968 1683 homicida

390 1722 791 1779 Sacramentum
816 1731 1059 1778 sanctum
1078 1738 1216 1788 esse,
1237 1731 1292 1778 et
1308 1737 1405 1778 cor
1425 1730 1666 1778 sanctum
1693 1737 1800 1776 non
1824 1719 1971 1777 esse?

388 1815 444 1872 Si
473 1816 696 1888 quisquis
717 1814 970 1886 Spiritum
987 1825 1214 1870 sanctum
1234 1814 1360 1869 dare
1376 1829 1477 1868 non
1498 1823 1678 1883 potest,
1706 1829 1797 1867 nec
1813 1812 1971 1884 bapti-

384 1923 503 1962 zare
520 1916 704 1978 potest;
727 1921 824 1962 cur
845 1907 988 1963 intus
1015 1905 1248 1976 baptizat
1271 1903 1564 1962 homicida?
1578 1905 1684 1960 Aut
1703 1903 1968 1975 quomodo

384 1997 638 2069 Spiritum
677 2006 918 2055 sanetum
964 1997 1125 2054 habet
1171 1996 1456 2066 homicida,
1495 2012 1621 2053 cum
1662 1997 1836 2052 omnis
1872 1996 1966 2067 qui

382 2088 638 2161 Spiritum
677 2100 920 2146 sanctum
954 2089 1132 2157 habet,
1179 2089 1506 2144 illuminatus
1543 2088 1645 2156 sit;
1674 2089 1761 2160 qui
1787 2097 1965 2144 autem

380 2182 485 2237 odit
511 2187 741 2254 fratrem,
769 2184 825 2238 in
845 2181 1058 2238 tenebris
1084 2181 1156 2237 sit
1177 2197 1334 2253 usque
1359 2181 1569 2237 adhuc?
1595 2179 1652 2237 Si
1690 2181 1812 2253 quia
1836 2197 1964 2237 unus

381 2284 454 2330 est
480 2273 775 2346 Baptismus
813 2285 858 2330 et
902 2292 1031 2330 unus
1061 2276 1289 2347 spiritus,
1325 2275 1446 2332 ideo
1470 2290 1580 2332 non
1605 2283 1828 2348 possunt
1869 2275 1965 2332 ha-

287 2421 303 2434 ,
380 2368 508 2424 bere
535 2383 696 2423 unum
723 2368 993 2440 Baptisma
1017 2368 1109 2440 qui
1134 2382 1240 2424 non
1271 2367 1469 2424 habent
1495 2383 1658 2424 unum
1683 2367 1960 2438 spiritum;

379 2476 477 2516 cur
503 2461 644 2517 intus
665 2461 920 2517 innocens
947 2471 1003 2517 et
1029 2459 1295 2518 homicida
1315 2461 1640 2532 Baptismum
1671 2477 1831 2517 unum
1862 2460 1962 2517 ha-

378 2555 526 2624 bent,
555 2563 610 2611 et
635 2553 882 2611 eumdem
922 2555 1165 2627 spiritum
1192 2569 1298 2612 non
1327 2555 1562 2612 habent?
1598 2555 1674 2612 ita
1709 2571 1839 2626 ergo
1862 2570 1960 2627 po-

377 2657 484 2704 test
506 2646 792 2705 haereticus
829 2659 884 2705 et
915 2648 1210 2705 catholicus
1238 2648 1508 2719 Baptisma
1549 2663 1712 2704 unum
1737 2647 1958 2715 habere,

375 2749 432 2796 et
454 2754 615 2796 unam
645 2740 937 2798 Eeclesiam
977 2755 1083 2797 non
1115 2741 1332 2809 habere,
1360 2742 1498 2798 sicut
1522 2750 1745 2813 possunt
1773 2741 1827 2797 in
1852 2740 1960 2797 Ca-

376 2831 572 2889 tholica
603 2833 860 2889 innocens
887 2841 943 2889 et
971 2831 1234 2889 homicida
1259 2848 1423 2888 unum
1449 2832 1646 2889 habere
1670 2833 1956 2904 Baptisms,

374 2933 430 2980 et
468 2939 630 2980 unum
659 2925 903 2995 spiritum
932 2941 1038 2980 non
1082 2925 1281 2983 habere
1309 2944 1323 2980 :
1355 2925 1478 2998 quia
1508 2927 1646 2982 sicut
1681 2941 1846 2982 unum
1877 2935 1962 2982 est

374 3015 666 3086 Baptisma,
689 3017 766 3072 sic
785 3031 927 3073 unus
945 3026 1028 3073 est
1047 3017 1275 3088 Spiritus
1299 3029 1354 3075 et
1382 3033 1485 3074 una
1511 3018 1766 3074 Ecclesia.
1795 3017 1870 3074 Ita
1897 3018 1958 3074 fit

374 3117 436 3165 ut
459 3109 560 3165 hoc
585 3110 637 3165 in
675 3125 889 3181 quoque
927 3111 1323 3182 agnoscendum
1354 3113 1424 3168 sit
1455 3111 1598 3184 quod
1640 3112 1822 3180 habet,
1856 3111 1959 3168 hoc

376 3203 428 3258 ei
463 3201 698 3259 dandum
727 3203 870 3274 quod
898 3220 1005 3260 non
1047 3206 1225 3262 habet.
1267 3205 1324 3262 Si
1352 3207 1482 3262 nihil
1520 3216 1682 3278 potest
1714 3216 1884 3261 ratum
1912 3215 1960 3261 et

375 3295 577 3364 ﬁrmum
599 3311 704 3350 esse
740 3296 881 3366 apud
905 3294 1179 3352 Dominum
1200 3297 1337 3368 quod
1357 3298 1436 3354 illi
1469 3299 1683 3368 faciunt,
1705 3315 1830 3368 quos
1856 3297 1960 3353 Do-

373 3386 541 3440 minus
572 3386 738 3441 hostes
767 3396 814 3441 et
839 3388 1153 3444 adversarios
1181 3405 1299 3444 suos
1334 3405 1441 3445 esse
1464 3389 1621 3457 dicit;
1642 3405 1738 3446 cur
1773 3390 1959 3446 firmus

374 3487 458 3534 est
475 3478 776 3550 Baptismus
800 3497 957 3552 quem
991 3483 1206 3538 tradunt
1240 3483 1558 3540 homicidia?
1587 3487 1666 3538 An
1697 3484 1879 3541 hostes
1904 3494 1959 3542 et

376 3570 711 3630 adversarios
740 3573 951 3629 Domini
983 3590 1091 3630 non
1119 3575 1345 3631 dicimus
1370 3575 1703 3632 homicidas?
1734 3577 1834 3643 Qui
1857 3593 1956 3632 au-

374 3671 485 3720 tem
511 3664 616 3719 odit
650 3667 862 3736 fratrem
903 3683 1070 3733 suum,
1118 3668 1370 3722 homicida
1411 3678 1499 3723 est.
1531 3668 1810 3736 Quomodo
1831 3685 1959 3740 ergo

375 3755 732 3825 baptizabant,
755 3757 847 3826 qui
866 3755 1091 3813 oderant
1114 3758 1332 3814 Paulum
1363 3775 1572 3816 servum
1596 3760 1789 3817 Christi
1807 3761 1956 3829 Jesu,

317 3893 326 3899 .
377 3863 442 3904 ac
488 3864 585 3920 per
623 3849 728 3906 hoc
773 3849 997 3906 oderant
1033 3860 1089 3906 et
1124 3851 1325 3920 Jesum,
1372 3855 1490 3923 quia
1541 3862 1594 3909 et
1649 3852 1810 3909 Saulo
1845 3855 1960 3924 ipse

296 3980 298 3982 τ
374 3941 528 4009 dixit,
574 3941 712 4010 Quid
746 3959 825 3997 me
859 3947 1168 4015 persequeris
1196 3945 1330 4018 (Act.
1373 3961 1446 4011 ts,
1473 3945 1570 4018 4)?
1597 3948 1810 4017 quando
1840 3947 1959 4018 ejus

375 4048 558 4089 servos
596 4035 1013 4106 persequebatur
1048 4046 1144 4093 :et
1183 4037 1236 4092 in
1277 4038 1385 4094 ﬁne
1424 4039 1538 4109 ipse
1575 4039 1814 4096 dicturus
1852 4050 1954 4111 est,

379 4125 505 4180 Cum
548 4128 634 4181 uni
664 4143 728 4181 ex
765 4127 988 4183 minimis
1033 4132 1154 4184 meis
1192 4146 1291 4184 non
1319 4131 1525 4203 fecistis,
1559 4133 1686 4186 mihi
1713 4149 1813 4188 non
1839 4135 1963 4207 feci-

375 4221 467 4275 stis
511 4218 720 4291 (Matth.
770 4237 895 4288 xxv,
936 4221 1070 4294 45)?
1111 4222 1488 4292 Quamobrem,
1537 4222 1725 4281 omnés
1764 4227 1852 4297 qui
1895 4244 1960 4283 ex

380 4311 533 4368 nobis
575 4321 789 4379 exeunt,
836 4328 945 4369 non
994 4323 1115 4370 sunt
1155 4329 1222 4370 ex
1264 4314 1456 4382 nobis;
1487 4315 1581 4372 sed
1627 4331 1732 4372 non
1774 4333 1962 4375 omnes

380 4407 470 4476 qui
510 4405 788 4462 nobiscum
831 4414 975 4472 sunt,
1015 4421 1081 4463 ex
1126 4406 1282 4462 nobis
1317 4415 1480 4462 sunt:
1509 4407 1648 4463 sicut
1684 4424 1808 4464 area
1837 4425 1960 4465 cum

383 4499 681 4566 trituratnr,
711 4498 969 4570 quidquid
991 4499 1113 4555 inde
1132 4500 1292 4566 volat,
1323 4516 1430 4555 non
1455 4512 1539 4557 est
1566 4501 1836 4570 triticum;
1867 4503 1962 4560 sed

385 4608 489 4647 non
515 4593 770 4664 quidquid
805 4592 877 4648 ibi
904 4602 1006 4658 est,
1041 4593 1272 4649 triticum
1311 4603 1414 4649 est.
1444 4594 1675 4666 Ideoque
1714 4606 1769 4651 et
1803 4596 1966 4652 Ioan-

380 4701 478 4743 nes
507 4704 521 4741 :
549 4685 633 4742 Ea:
664 4687 828 4752 nobis,
857 4687 1046 4757 inquit,
1079 4688 1328 4752 exierunt,
1351 4689 1440 4742 sed
1461 4705 1563 4743 non
1599 4700 1740 4745 erant
1766 4707 1830 4745 ea:
1865 4707 1963 4746 no-

381 4780 474 4833 bis.
523 4777 583 4833 Si
625 4779 757 4833 enim
786 4779 999 4850 fuissent
1039 4793 1103 4833 ea:
1149 4778 1311 4846 nobis,
1354 4780 1742 4850 permansissent
1791 4782 1965 4852 utique

380 4869 637 4924 nobiscum
683 4869 727 4941 (ι
751 4868 910 4925 Ιοαη.
941 4885 1000 4938 n,
1028 4867 1142 4943 I9).
1188 4869 1522 4941 Quapropter
1557 4871 1964 4928 Sacramentum

379 4960 565 5030 gratim
587 4960 679 5016 dat
704 4961 844 5017 Deus
867 4962 1028 5018 etiam
1049 4977 1145 5033 per
1170 4962 1371 5029 malos;
1399 4964 1566 5034 ipsam
1589 4979 1715 5020 vero
1737 4966 1963 5036 gratiam

383 5066 488 5106 non
517 5051 618 5106 nisi
643 5066 738 5122 per
775 5066 835 5108 se
859 5052 1032 5124 ipsum
1071 5055 1156 5110 vel
1181 5069 1278 5125 per
1303 5066 1518 5112 sanctos
1561 5071 1708 5113 suos.
1738 5056 1806 5112 Et
1845 5057 1966 5114 ideo

383 5145 754 5202 remissionem
784 5149 1123 5218 peccatorum
1148 5149 1232 5205 vel
1260 5163 1358 5220 per
1382 5163 1441 5205 se
1477 5150 1651 5220 ipsum
1689 5148 1838 5218 facit,
1878 5150 1966 5206 vel

384 5253 479 5311 per
523 5237 664 5294 illius
705 5239 972 5296 columbae
1012 5243 1270 5309 membra,
1301 5242 1494 5314 quibus
1521 5243 1634 5297 ait:
1665 5242 1726 5297 Si
1772 5242 1854 5296 cui
1886 5243 1968 5296 di-

383 5333 651 5400 miseritis,
698 5332 1051 5403 dimittentur;
1096 5336 1141 5391 si
1192 5336 1274 5389 cui
1326 5334 1610 5400 tenueritis,
1667 5334 1967 5389 tenebuntur

380 5423 559 5496 (loap.
585 5441 679 5492 xx,
707 5424 824 5500 25).
873 5427 1206 5498 Baptismum
1249 5441 1401 5496 vero,
1449 5426 1594 5498 quod
1638 5435 1724 5485 est
1776 5427 1968 5482 Sacra-

382 5529 622 5578 mentum
659 5520 992 5577 remissionis
1021 5527 1380 5591 peccatorum,
1423 5520 1548 5591 quia
1589 5519 1717 5576 nulli
1744 5519 1966 5576 dubium

381 5619 464 5667 est
489 5611 689 5681 habere
729 5612 891 5669 etiam
931 5611 1226 5668 homicidas
1269 5627 1446 5684 posse,
1491 5612 1584 5684 qui
1630 5613 1685 5670 in
1729 5611 1965 5671 tenebris

380 5712 506 5768 sunt
545 5721 714 5777 usque
743 5705 938 5772 adhuc,
983 5705 1104 5777 quia
1146 5704 1214 5774 de
1258 5705 1507 5764 cordibus
1535 5721 1719 5763 eorum
1764 5706 1963 5764 frater-

381 5809 509 5862 num
551 5794 732 5862 odium
762 5811 869 5864 non
913 5796 1188 5856 exclusum
1230 5808 1310 5857 CSl
1343 5816 1354 5857 :
1387 5799 1499 5855 sive
1546 5799 1689 5855 nulla
1730 5800 1809 5857 eis
1838 5815 1966 5870 pec-

793 5932 902 5943 ὀυν-κ

1152 311 1239 367 DE
1279 306 1617 366 BAPTISMO
1653 303 1929 360 CONI‘RA
1968 297 2414 372 DONATISTAS,
2455 306 2515 362 S.
2555 307 2921 366 AUGUSTINI

3584 322 3700 374 199

2090 423 2206 471 cata
2228 415 2447 474 dimissa
2469 419 2599 488 sint,
2637 421 2682 477 si
2707 436 2814 477 non
2841 423 2894 478 in
2938 425 3128 483 melius
3153 436 3362 485 mutato
3387 430 3559 487 corde
3586 431 3695 488 ha-

2088 506 2269 576 ptizati
2306 518 2450 576 sunt,
2491 511 2605 568 sive
2629 514 2884 570 continuo
2911 513 3130 574 dimissa
3157 518 3418 576 redierint
3444 539 3458 577 :
3487 531 3550 578 et
3584 538 3692 593 per

2086 615 2148 657 se
2170 601 2366 672 ipsum,
2393 604 2518 676 quia
2543 605 2639 662 Dei
2661 615 2766 674 est,
2792 616 3036 664 sanctum
3059 624 3181 667 esse
3199 615 3606 684 cognoscimus,
3629 626 3689 674 et

2086 693 2200 750 sive
2228 695 2466 752 tradatur
2504 698 2624 755 sive
2648 699 2940 770 accipiatur
2971 716 3005 758 a
3041 701 3257 772 talibus,
3296 705 3443 762 nulla
3481 722 3686 764 eorum

2085 790 2434 859 perversitate
2455 789 2664 858 violari,
2695 793 2807 849 sive
2826 793 2989 864 intus,
3023 796 3138 853 sive
3162 797 3312 854 foris.

2156 881 2382 938 CAPUT
2419 882 2587 938 XXII.
2629 913 2701 925 —-
2741 885 2832 941 30.
2871 886 3104 943 Proinde
3147 890 3518 948 consentimus
3564 890 3684 965 Cy-

2083 972 2292 1044 priane,
2328 973 2585 1031 haereticos
2611 977 2956 1034 remissionem
2991 979 3115 1034 dare
3157 996 3260 1036 non
3286 999 3452 1053 posse,
3483 984 3682 1056 Bapti-

2085 1079 2259 1121 smum
2284 1076 2460 1123 autem
2478 1067 2608 1125 dare
2627 1084 2808 1140 posse,
2831 1071 2973 1144 quod
2994 1072 3207 1143 quidem
3228 1074 3334 1130 illis
3348 1084 3404 1132 et
3417 1075 3682 1136 dantibus

2080 1167 2137 1215 et
2159 1160 2544 1230 accipientibus
2583 1157 2756 1218 valeat
2793 1163 2860 1218 ad
2886 1165 3202 1236 perniciem,
3235 1176 3489 1240 tanquam
3515 1178 3682 1227 tanto

2079 1267 2302 1309 munere
2340 1253 2434 1310 Dei
2474 1255 2614 1311 male
2643 1257 2915 1313 utentibus
2944 1276 2958 1311 :
2987 1259 3128 1315 sicut
3165 1262 3326 1316 etiam
3365 1263 3592 1334 maligni
3619 1274 3681 1320 et

2080 1342 2263 1412 invidi,
2291 1360 2428 1417 quos
2465 1356 2518 1402 et
2547 1347 2690 1403 intus
2729 1363 2850 1404 esse
2877 1349 2992 1420 ipse
3017 1358 3262 1422 testatur,
3290 1354 3677 1413 remissionem

2077 1447 2416 1508 peccatorum
2442 1439 2572 1496 dare
2602 1455 2709 1496 non
2741 1452 2984 1512 possunt,
3025 1458 3149 1500 cum
3191 1460 3286 1501 eos
3327 1446 3674 1518 Baptismum

2075 1528 2204 1586 dare
2228 1545 2387 1600 posse
2410 1546 2598 1589 omnes
2619 1532 2901 1590 fateamur.
2924 1535 2979 1592 Si
3007 1537 3151 1592 enim
3170 1537 3239 1593 de
3264 1537 3347 1594 his
3366 1540 3459 1610 qui
3488 1541 3544 1596 in
3567 1556 3674 1599 nos

2075 1625 2431 1692 peccaverint,
2474 1625 2677 1680 dictum
2723 1635 2826 1694 est,
2877 1627 2939 1683 Si
2987 1645 3091 1684 non
3130 1629 3418 1686 dimissi-itis
3455 1644 3672 1703 peccata

2073 1713 2377 1784 hominibus,
2400 1732 2490 1772 nec
2516 1715 2674 1773 Pater
2692 1729 2852 1774 vester
2875 1720 3088 1775 dimittet
3111 1722 3248 1777 vobis
3267 1733 3472 1794 peccata
3497 1735 3672 1780 vestra

2074 1805 2282 1877 (Matth.
2313 1824 2385 1876 vn,
2419 1810 2510 1881 15)
2542 1829 2557 1865 :
2585 1822 2783 1882 quanto
2813 1814 2981 1885 magis
3009 1813 3125 1870 ﬁeri
3151 1830 3259 1870 non
3289 1825 3468 1886 potest
3493 1826 3559 1872 ut
3587 1819 3670 1873 eis

2072 1908 2289 1969 peccata
2316 1901 2668 1973 dimittantur,
2697 1907 2788 1976 qui
2825 1908 3018 1964 fratres
3059 1924 3092 1964 a
3131 1910 3324 1980 quibus
3361 1909 3668 1982 diliguntur

2069 1993 2317 2063 oderunt,
2357 2003 2412 2051 et
2452 1997 2506 2053 in
2545 1997 2662 2069 ipso
2689 1999 2813 2056 odio
2840 2001 3212 2072 baptizantur;
3240 2001 3435 2073 quibus
3474 2013 3666 2060 tamen

2070 2095 2256 2156 postea
2296 2089 2556 2145 correctis
2599 2105 2706 2146 non
2751 2107 2939 2148 rursus
2979 2093 3283 2164 Baptismus
3329 2094 3511 2162 datur,
3563 2096 3664 2151 sed

2073 2177 2188 2248 ipsa
2231 2179 2384 2236 venia
2426 2196 2585 2253 quam
2624 2191 2750 2240 tunc
2793 2185 3035 2256 accipere
3071 2199 3179 2242 non
3219 2198 3555 2254 meruerunt,
3609 2189 3664 2243 in

2068 2284 2198 2326 vera
2223 2273 2576 2331 conversione
2617 2286 2916 2346 praestatur.
2958 2277 3191 2350 Ideoque
3226 2280 3389 2334 etiam
3420 2279 3513 2336 illa
3537 2297 3662 2353 qua:

2065 2362 2133 2418 ad
2155 2363 2407 2431 Quintum
2435 2367 2621 2423 scribit
2657 2367 2974 2442 Cyprianus,
2999 2381 3054 2427 et
3081 2371 3169 2428 illa
3193 2387 3314 2444 quas
3337 2387 3464 2430 cum
3488 2373 3661 2430 colle-

2064 2458 2145 2528 gis
2183 2458 2294 2514 suis
2317 2458 2570 2528 Liberali,
2598 2461 2875 2531 Caldonio,
2902 2462 3079 2530 Junio,
3112 2473 3166 2520 et
3193 2464 3428 2534 caeteris,
3455 2464 3528 2521 ad
3554 2465 3658 2522 Sa-

2065 2551 2357 2616 turninum,
2387 2551 2694 2620 Maximum,
2723 2564 2778 2612 et
2803 2555 2959 2625 alios,
2983 2557 3122 2613 bene
3139 2557 3477 2614 considerata
3509 2559 3659 2615 nullo

2063 2642 2223 2698 modo
2251 2644 2567 2714 proferenda
2621 2656 2746 2702 sunt
2772 2647 3028 2704 adversus
3058 2650 3221 2705 totius
3263 2649 3526 2706 Ecclesia:
3564 2666 3658 2707 ca-

2063 2732 2274 2790 tholicae
2292 2736 2722 2806 consensionem,
2745 2738 2897 2810 cujus
2921 2754 2981 2795 se
3010 2739 3086 2795 illi
3107 2739 3348 2796 membra
3372 2755 3497 2797 esse
3523 2756 3658 2814 gau-

2062 2824 2279 2895 debant,
2323 2839 2378 2883 et
2421 2828 2563 2885 unde
2605 2845 2665 2886 se
2707 2846 2881 2902 neque
2923 2831 3023 2903 ipsi
3066 2831 3444 2903 praeciderunt,
3479 2850 3658 2906 neque

2061 2919 2269 2976 diversa
2321 2922 2613 2980 sentientes
2661 2925 2874 2995 praecidi
2928 2927 3068 2997 passi
3119 2935 3276 2994 sunt;
3329 2927 3506 2984 donec
3551 2930 3654 2984 ali-

2061 3015 2272 3084 quando
2298 3016 2349 3071 in
2377 3017 2584 3072 Domini
2607 3019 2876 3075 voluntate
2907 3035 3002 3091 per
3023 3022 3316 3091 plenarium
3336 3024 3650 3092 concilium,

2061 3108 2189 3164 licet
2216 3118 2337 3180 post
2362 3111 2558 3166 multos
2597 3127 2788 3181 annos,
2819 3114 2948 3184 quid
2992 3125 3135 3171 esset
3161 3117 3360 3171 rectius
3384 3117 3650 3186 elueeret,

2060 3215 2168 3257 non
2201 3203 2374 3274 aliqua
2411 3203 2647 3261 novitate
2691 3207 2950 3275 instituta,
2992 3209 3086 3265 sed
3134 3209 3450 3281 antiquitate
3489 3213 3654 3268 robo-

2060 3303 2198 3347 rata.

2131 3385 2358 3443 CAPUT
2401 3385 2589 3442 XXIII.
2631 3389 2817 3443 —3i.
2854 3388 2932 3461 (a)
2983 3389 3066 3446 Ad
3117 3390 3430 3461 Pompeium
3482 3393 3652 3449 etiam

2062 3475 2250 3532 scribit
2281 3475 2578 3548 Cyprianus
2603 3479 2672 3535 de
2698 3479 2798 3535 hac
2829 3480 3016 3537 eadem
3056 3497 3137 3550 re,
3167 3483 3256 3538 ubi
3295 3494 3480 3556 aperte
3507 3487 3653 3542 indi-

2061 3577 2147 3623 cat
2173 3567 2520 3639 Stephanum,
2559 3586 2720 3642 quem
2758 3571 3012 3628 Romanae
3050 3573 3300 3632 Ecclesia:
3331 3578 3649 3649 episcopum

2063 3667 2190 3715 tunc
2233 3660 2396 3718 fuisse
2421 3661 2725 3732 didicimus,
2769 3680 2876 3721 non
2918 3667 3094 3722 solum
3137 3668 3240 3724 sibi
3280 3669 3349 3724 ad
3391 3671 3490 3726 ista
3542 3687 3650 3727 non

2063 3753 2422 3820 consensisse,
2473 3770 2656 3811 verum
2713 3758 2874 3813 etiam
2919 3769 3105 3816 contra
3159 3762 3438 3833 scripsisse
3483 3774 3650 3836 atque

2065 3844 2400 3914 prmcepisse.
2459 3846 2558 3914 Qui
2611 3848 2792 3919 utique
2854 3849 3155 3921 Stephanus
3206 3867 3312 3908 non
3362 3864 3649 3926 propterea

2062 3938 2442 3994 communicavit
2479 3939 2746 4008 htereticis,
2785 3943 2908 4013 quia
2955 3942 3222 4014 Baptisma
3269 3944 3465 4002 Christi
3503 3948 3649 4018 quod

2065 4030 2119 4086 in
2145 4045 2327 4087 eorum
2363 4035 2712 4104 perversitate
2759 4036 3020 4107 integrum
3068 4039 3330 4095 mansisse
3374 4043 3648 4110 cognovit,

2066 4120 2369 4192 improbare
2405 4139 2512 4178 non
2550 4139 2714 4181 ausus
2738 4135 2839 4182 est.
2867 4127 3000 4183 Nam
3028 4129 3073 4183 si
3105 4145 3209 4184 non
3243 4129 3441 4186 habent
3465 4132 3649 4204 Bapti-

2065 4228 2238 4270 smum
2265 4217 2354 4288 qui
2387 4216 2456 4273 de
2483 4217 2591 4274 Deo
2611 4234 2772 4290 prava
2799 4221 3055 4288 sentiunt,
3087 4221 3190 4278 hoc
3218 4237 3376 4293 posse
3421 4233 3477 4280 et
3505 4226 3652 4282 intus

2065 4309 2326 4376 accidere,
2369 4310 2476 4379 jam
2532 4311 2679 4376 satis,
2734 4320 2792 4366 ut
2844 4313 3094 4382 arbitror,
3145 4315 3473 4385 disputatum
3528 4328 3648 4383 est;

2067 4400 2295 4471 Apostoli
2336 4411 2501 4457 autem
2526 4402 2656 4456 nihil
2677 4402 2891 4474 quidem
2917 4406 3098 4460 exinde
3135 4420 3478 4478 precepernnt
3501 4427 3522 4466 :
3558 4411 3650 4466 sed

2067 4495 2396 4550 consuetudo
2415 4495 2503 4550 illa
2524 4510 2644 4566 qua:
2662 4497 3030 4566 opponebatur
3051 4498 3336 4570 Cypriano,
3365 4501 3434 4555 ab
3459 4516 3646 4557 eorum

2071 4585 2351 4642 traditione
2394 4586 2673 4643 exordium
2716 4589 3010 4658 sumpsisse
3051 4590 3316 4646 credenda
3359 4601 3464 4659 est,
3512 4595 3651 4648 sicut

2068 4688 2192 4734 sunt
2212 4680 2376 4735 multa
2403 4696 2524 4751 qum
2545 4681 2790 4738 universa
2816 4691 2964 4738 tenet
2985 4683 3242 4751 Ecclesia,
3271 4694 3327 4741 et
3356 4685 3427 4742 ob
3453 4688 3561 4743 hoc
3585 4689 3650 4742 ab

2069 4773 2370 4843 Apostolis‘
2402 4784 2665 4845 praecepta
2693 4775 2830 4832 bene
2848 4776 3158 4845 creduntur,
3184 4793 3489 4850 quanquam
3517 4780 3652 4836 scri-

2070 4873 2157 4934 pta
2184 4879 2288 4920 non
2310 4867 2661 4937 reperiantur.

2141 4959 2231 5014 '52.
2271 4960 2338 5014 At
2366 4962 2508 5016 enim
2543 4963 2798 5032 scriptum
2835 4971 2919 5018 est
2941 4961 3010 5019 de
3039 4962 3309 5020 hmreticis
3349 4965 3486 5035 quod
3513 4981 3547 5020 α
3573 4982 3647 5020 se-

2071 5053 2294 5124 metipsis
2320 5052 2546 5108 damnati
2573 5063 2692 5108 sunt
2721 5053 2849 5124 (Tit.
2877 5069 2954 5122 Ill,
2990 5055 3102 5127 II).
3133 5055 3274 5124 Quid
3303 5071 3456 5126 ergo,
3492 5067 3550 5113 et
3576 5056 3648 5112 illi

2070 5158 2179 5199 non
2208 5160 2238 5198 a
2282 5146 2583 5217 semetipsis
2624 5145 2857 5201 damnati
2899 5157 3040 5213 sunt,
3070 5148 3264 5218 quibus
3292 5149 3498 5204 dictum
3529 5159 3646 5205 est:

2071 5235 2137 5291 In
2171 5253 2268 5308 quo
2293 5239 2425 5292 enim
2453 5238 2668 5291 alterum
2700 5239 2928 5308 judicas,
2971 5241 3281 5310 temetipsum
3308 5240 3652 5296 condemnas?

2074 5329 2165 5384 His
2203 5339 2378 5387 autem
2403 5331 2531 5387 dicit
2561 5333 2846 5403 Apostolus
2878 5352 2890 5387 :
2921 5333 3023 5400 Qui
3061 5333 3308 5403 pradicas
3343 5350 3448 5388 non
3473 5335 3649 5404 {uran-

2072 5423 2214 5493 dum,
2243 5425 2431 5495 furoris
2476 5422 2650 5496 (Rom.
2679 5441 2738 5492 ιι,
2767 5426 2818 5493 I,
2857 5425 2973 5496 2i),
2998 5434 3126 5482 etc..
3161 5425 3229 5481 Et
3258 5424 3396 5481 tales
3419 5425 3652 5497 profecto

3677 5506 3686 5560 ἲ

2136 5678 2155 5710 ¹
2180 5683 2300 5725 πρε
2322 5678 2506 5723 tantum
2528 5676 2659 5730 Mss,
2683 5676 2731 5720 et
2767 5670 2825 5722 ob
2865 5668 2952 5734 hoc
2990 5668 3235 5734 Apostalis.

2134 5740 2206 5802 (ιι)
2227 5745 2325 5788 Hoc
2341 5740 2394 5802 et
2413 5727 2737 5802 sequentibus
2759 5733 2995 5798 capitibus
3026 5727 3240 5797 typriani
3263 5727 3454 5781 refellit
3478 5728 3654 5795 episto-

2076 5797 2169 5860 lam
2190 5797 2278 5862 ⁵74,
2301 5797 2357 5854 ad
2384 5797 2673 5862 Pompeium.
