3796 6176
116 271 198 329 .95
1467 258 1673 320 LIBER
1707 259 2020 331 QUINTUS.

106 388 235 442 erant
262 377 358 445 illi,
389 378 645 451 quicum
682 389 863 436 essent
899 379 1135 451 episcopi
1175 386 1382 436 etcum
1425 380 1543 450 ipso
1570 379 1685 451 Cy-

106 478 270 548 priano
305 474 359 529 in
386 473 605 531 unitate
622 472 885 530 catholica
913 472 1211 540 constituti,
1240 471 1433 529 fundos
1460 471 1684 528 insidio-

106 569 163 625 sis
198 565 467 623 fraudibus
512 566 815 637 rapiebant,
850 564 1203 637 praedicantes
1248 565 1434 637 utique
1473 564 1688 636 populis

108 657 320 730 Apostoli
346 658 519 713 verba
570 655 817 723 dicentis,
866 654 1047 729 Neque
1087 672 1300 728 rapaces
1336 672 1549 729 regnum
1592 655 1690 710 Dei

108 749 403 823 manu»;
433 747 480 819 (1
502 746 628 803 Cor.
654 763 729 815 γι,
759 746 875 820 i0).

164 843 244 897 '55.
282 840 632 909 Quapropter
650 839 817 909 ipsius
841 837 1001 895 etiam
1030 838 1271 909 epistola
1296 853 1416 911 quae
1435 838 1501 894 ad
1524 838 1688 893 Pom-

107 933 260 1006 peium
291 929 497 999 scripta
525 937 633 995 est,
673 937 897 985 caeteras
941 930 1232 984 sententias
1260 944 1325 984 ex
1356 928 1561 985 eisdem
1590 944 1689 985 re-

107 1024 224 1095 gulis
245 1021 481 1078 breviter
511 1035 831 1092 percurrere
870 1034 978 1076 non
1007 1021 1280 1077 morabor.
1309 1017 1500 1076 Contra
1526 1035 1681 1074 man-

106 1117 258 1169 datum
283 1113 382 1169 Dei
404 1131 541 1181 esse,
584 1114 721 1186 quod
749 1115 996 1169 uenientes
1029 1113 1093 1169 ab
1117 1114 1389 1181 haereticis,
1415 1115 1462 1169 si
1476 1115 1591 1185 jam
1615 1114 1684 1169 il-

110 1210 162 1262 lic
177 1206 495 1278 Baptismum
520 1206 711 1263 Christi
735 1214 1054 1276 acceperunt,
1086 1222 1189 1260 non
1216 1204 1555 1276 baptizantttr,
1581 1220 1687 1276 qua

107 1302 481 1371 Scripturarum
528 1303 844 1357 auctoritate
872 1308 1175 1356 sanctarum
1215 1299 1547 1355 ostenditur?
1581 1298 1685 1355 Sed

106 1399 243 1469 plane
282 1397 598 1455 ostenditur
632 1397 828 1452 multos
860 1394 1407 1467 pseudochristianos,
1444 1395 1685 1467 quamvis

107 1505 193 1545 non
236 1489 470 1545 habeant
518 1488 765 1545 eamdem
799 1487 1114 1545 charitatem
1155 1503 1277 1544 cum
1316 1489 1534 1555 sanctis,
1569 1487 1686 1543 sine

109 1599 191 1655 qua
206 1582 330 1638 nihil
351 1590 586 1652 prosunt
605 1596 953 1651 quaecumque
976 1590 1157 1636 sancta
1176 1580 1375 1636 habere
1390 1580 1682 1651 potuerint,

108 1672 410 1741 Baptismum
452 1681 640 1727 tamen
668 1686 1010 1727 communem
1052 1670 1250 1726 habere
1291 1686 1412 1726 cum
1443 1670 1680 1727 sanctis:

109 1761 225 1833 quod
240 1763 346 1833 jam
374 1763 511 1819 satis
531 1770 693 1833 atque
713 1763 981 1817 uberrime
1004 1761 1426 1817 demonstratum
1453 1770 1557 1818 est.
1584 1761 1687 1816 Ec-

110 1856 286 1910 clesiam
317 1866 363 1910 et
391 1855 655 1927 Spiritum
691 1864 740 1909 et
764 1853 1050 1925 Baptisma,
1075 1854 1217 1919 dicit,
1249 1854 1312 1908 ab
1336 1853 1549 1908 invicem
1581 1870 1684 1909 non

112 1963 233 2016 posse
254 1947 509 2018 separari,
535 1954 582 2002 et
608 1947 721 2001 ideo
744 1946 831 2017 qui
855 1947 918 2000 ab
940 1946 1170 2001 Ecclesia
1195 1947 1418 2016 separati
1439 1954 1555 2002 sunt
1580 1956 1629 2002 et
1652 1964 1685 2001 a

112 2039 284 2109 Spiritu
321 2049 525 2106 sancto,
576 2041 727 2094 etiam
773 2056 805 2093 a
842 2038 1106 2110 Baptismo
1131 2039 1247 2095 vult
1273 2038 1490 2112 intelligi
1530 2056 1682 2112 sepa-

111 2143 243 2189 ratos.
271 2134 422 2201 Quod
448 2135 497 2189 si
525 2134 598 2190 ita
625 2142 727 2202 est,
759 2149 881 2190 cum
902 2134 1126 2206 quisque
1155 2133 1209 2189 in
1237 2134 1475 2191 Ecclesia
1500 2135 1685 2192 catho-

109 2225 194 2280 lica
240 2226 573 2297 Baptismum
632 2228 930 2298 acceperit,
985 2227 1189 2284 tamdiu
1240 2228 1294 2282 in
1344 2243 1412 2284 eo
1466 2232 1681 2297 manet,

112 2316 336 2389 quamdiu
376 2319 432 2374 in
480 2318 721 2375 Ecclesia
769 2327 822 2375 et
849 2319 964 2390 ipse
1006 2328 1222 2375 manet:
1251 2319 1297 2375 si
1338 2328 1517 2375 autem
1560 2320 1685 2377 inde

113 2401 409 2475 discesserit,
442 2410 676 2467 discedit
720 2426 748 2465 a
794 2410 1103 2482 Baptismo;
1136 2411 1277 2482 quod
1308 2426 1411 2466 non
1464 2413 1537 2468 ita
1577 2422 1679 2469 est.

112 2497 223 2555 Nam
245 2500 361 2558 ideo
388 2502 639 2558 redeunti
687 2517 793 2557 non
828 2502 1087 2569 redditur,
1114 2504 1236 2574 quia
1276 2518 1395 2558 cum
1436 2502 1682 2560 discede-

113 2599 199 2657 ret,
230 2607 327 2647 non
355 2593 561 2649 amisit.
586 2592 1045 2661 Quemadmodum
1074 2601 1251 2649 autem
1279 2593 1535 2664 Spiritum
1561 2609 1685 2651 san-

114 2690 235 2739 etum
272 2686 410 2741 sicut
434 2686 640 2742 habent
678 2684 772 2741 lilii
801 2685 1005 2750 dileCIi,
1036 2701 1141 2741 non
1172 2685 1371 2742 habent
1397 2686 1488 2742 ﬁlii
1530 2687 1686 2745 mali-

118 2777 207 2843 gni,
233 2787 284 2834 et
321 2788 504 2837 tamen
535 2780 863 2851 Baptismum
904 2779 1142 2835 habent:
1175 2780 1253 2835 sic
1296 2789 1351 2836 et
1389 2780 1683 2839 Ecclesiam

118 2869 230 2925 sicut
252 2871 443 2929 habent
462 2871 747 2938 Catholici,
777 2887 884 2926 non
912 2870 1114 2927 habent
1132 2871 1386 2939 haeretici,
1418 2880 1477 2929 et
1504 2880 1681 2929 tamen

121 2959 409 3032 Baptismum
456 2965 682 3022 habent.
726 2964 859 3020 Nam
891 2963 1117 3036 Spiritus
1158 2973 1364 3019 sanctus
1400 2964 1683 3036 disciplinae

122 3052 254 3124 fugiet
279 3057 452 3127 ﬁctum
480 3057 643 3130 (Sap.
668 3072 709 3125 ι,
736 3057 815 3128 5),
865 3071 965 3113 nec
1007 3065 1187 3113 tamen
1233 3072 1354 3113 eum
1390 3057 1552 3127 fugiet
1577 3056 1682 3111 Ba-

124 3146 332 3213 ptismus.
376 3149 566 3221 Itaque
603 3152 742 3206 sicut
768 3155 949 3220 potest
985 3148 1256 3219 Baptisms
1294 3164 1413 3205 esse
1441 3156 1494 3204 et
1537 3150 1681 3206 unde

120 3249 168 3291 se
202 3239 364 3296 aufert
388 3240 623 3312 Spiritus
654 3249 904 3307 sanctus;
947 3241 1019 3295 ita
1050 3249 1224 3312 potest
1266 3255 1385 3297 esse
1411 3241 1679 3312 Baptisms

125 3332 192 3386 ubi
222 3349 319 3390 non
349 3346 430 3392 est
460 3336 726 3392 Ecclesia.
757 3334 944 3390 Manus
984 3344 1155 3390 autem
1193 3336 1467 3406 impositio,
1498 3336 1543 3390 si
1570 3351 1680 3391 non

124 3422 405 3482 adhiberetur
431 3429 497 3484 ab
528 3427 707 3484 heresi
735 3427 970 3494 uenienti,
1004 3435 1253 3498 tanquam
1285 3434 1435 3483 extra
1463 3442 1678 3484 omnem

126 3513 297 3584 culpam
342 3533 459 3576 esse
498 3517 832 3590 judicaretur
858 3536 875 3575 :
902 3526 1123 3589 propter
1174 3517 1453 3574 charitatis
1502 3527 1680 3575 autem

125 3607 502 3676 oopulationem,
550 3608 694 3681 quod
734 3617 817 3666 est
869 3610 1164 3665 maximum
1205 3609 1404 3665 donum
1452 3609 1680 3681 Spiritus

129 3698 283 3766 sancti,
320 3701 433 3758 sine
460 3716 571 3774 quo
608 3716 716 3757 non
742 3702 923 3758 valent
957 3701 1026 3758 ad
1060 3702 1287 3760 salutem
1325 3718 1678 3776 quaecumque

128 3787 208 3843 alia
225 3802 392 3849 sancta
416 3795 475 3851 in
502 3794 721 3852 homine
746 3794 964 3863 fuerint,
994 3809 1185 3851 manus
1205 3794 1475 3853 haereticis
1499 3811 1682 3854 corre-

131 3879 208 3935 etis
227 3881 527 3954 imponitur.

182 3971 385 4033 CAPUT
420 3975 618 4034 XXIV.
643 3977 823 4034 —54.
863 3977 980 4034 Jam
1014 3977 1078 4033 de
1100 3976 1286 4050 templo
1316 3978 1429 4046 Dei,
1459 3986 1516 4037 et
1538 3992 1675 4051 quo-

132 4061 262 4119 mOdo
287 4067 653 4140 accipiendum
695 4068 783 4134 sit,
840 4068 1097 4140 Quotquot
1122 4069 1179 4123 in
1202 4068 1403 4125 Christo
1439 4070 1681 4142 baptizati

132 4154 241 4223 estis,
278 4156 529 4217 Christum
565 4160 801 4215 induistis
829 4158 1024 4231 (Galat.
1057 4176 1137 4227 ut,
1184 4160 1302 4233 27),
1351 4162 1480 4217 satis
1507 4161 1680 4218 disse-

134 4244 276 4303 ruisse
298 4265 380 4307 me
422 4251 665 4308 memini.
696 4248 880 4321 Neque
925 4250 1067 4306 enim
1114 4252 1261 4307 avari
1289 4253 1545 4323 templum
1585 4252 1682 4309 Dei

136 4345 251 4403 sunt,
278 4355 388 4398 cum
417 4342 679 4413 scriptum
705 4342 793 4410 sit,
830 4341 959 4409 Quae
999 4342 1212 4398 societas
1237 4344 1422 4414 templo
1448 4343 1544 4399 Dei
1567 4361 1683 4399 cum

138 4423 259 4484 idolis
283 4432 343 4503 (ll
368 4435 487 4490 Cor.
518 4450 594 4500 vt,
624 4434 714 4506 16)
730 4435 755 4489 ?
774 4442 828 4491 et
855 4434 1133 4491 avaritiam
1162 4434 1516 4493 idololatriam
1538 4452 1679 4506 esse,

142 4521 460 4584 testimonium
504 4526 655 4583 Pauli
678 4527 976 4599 Cyprianus
1018 4529 1425 4599 assumpserit‘.
1456 4529 1686 4586 induunt

140 4620 283 4669 autem
322 4617 568 4677 homines
608 4618 905 4686 Christum,
946 4620 1231 4691 aliquando
1274 4635 1442 4691 usque
1477 4620 1546 4677 ad
1588 4622 1687 4678 Sa-

143 4710 355 4769 cramenti
366 4711 785 4784 perceptionem,
799 4712 1084 4783 aliquando
1097 4720 1152 4769 et
1166 4726 1334 4783 usque
1344 4712 1412 4768 ad
1426 4712 1547 4769 vitae
1558 4727 1687 4768 san-

146 4796 475 4863 ctiﬁcationem
504 4823 519 4860 :
549 4815 709 4877 atque
750 4804 878 4860 illud
910 4804 1141 4876 primum
1181 4814 1235 4861 et
1268 4804 1422 4862 bonis
1448 4812 1506 4861 et
1531 4805 1687 4862 malis

150 4895 285 4951 West
315 4910 431 4954 esse
454 4911 758 4963 commune,
791 4897 893 4952 hoc
917 4906 1097 4953 autem
1142 4896 1367 4952 alterum
1411 4898 1686 4968 proprium

149 4986 213 5033 εει
232 4981 471 5045 bonorum
507 4998 560 5047 et
585 4989 817 5061 piorum.
847 4988 1185 5059 Quapropter
1208 4988 1253 5043 si
1278 4988 1542 5060 Baptisma
1579 5005 1687 5045 esse

151 5070 235 5128 εἰπε
256 5076 438 5148 Spiritu
464 5098 567 5138 non
590 5091 773 5154 potest,
805 5081 1006 5137 habent
1032 5090 1087 5137 et
1124 5080 1378 5151 Spiritum
1412 5081 1684 5149 haeretici;

152 5166 223 5220 sed
240 5171 296 5227 ad
317 5176 627 5246 perniciem,
668 5190 776 5232 non
814 5175 881 5231 ad
916 5175 1162 5241 salutem,
1190 5175 1329 5230 sicut
1351 5174 1535 5231 habuit
1557 5175 1688 5232 Sail!

156 5253 190 5321 (Ι
210 5256 314 5335 Reg.
338 5283 455 5338 xix,
489 5267 606 5339 23).
634 5267 769 5325 Nam
794 5282 892 5339 per
921 5281 1114 5323 nomen
1156 5250 1351 5323 Christi
1391 5269 1443 5322 in
1485 5266 1687 5338 Spiritu

156 5358 302 5411 sancto
332 5360 616 5431 ejiciuntur
644 5359 928 5427 daemonia,
958 5358 1101 5430 quod
1141 5368 1196 5415 et
1240 5359 1329 5415 ille
1364 5366 1571 5430 poterat
1598 5359 1689 5430 qui

159 5450 247 5498 erat
270 5459 400 5508 extra
430 5451 760 5519 Ecclesiam;
789 5452 856 5508 de
881 5466 987 5522 quo
1024 5451 1271 5523 discipuli
1310 5451 1537 5509 Domino
1563 5467 1689 5525 sug-

160 5543 385 5601 gesserunt
409 5542 603 5617 (ﬂare.
636 5560 712 5608 ιι,
740 5544 853 5615 37).
881 5542 1031 5601 Sicut
1068 5543 1267 5599 habent
1293 5543 1461 5612 avari,
1490 5543 1583 5615 qui
1608 5551 1691 5599 ta-

162 5638 254 5686 men
284 5650 375 5694 non
413 5647 540 5697 sunt
580 5637 835 5708 templum
860 5636 999 5693 Dei:
1031 5637 1281 5709 quoniam
1325 5652 1441 5707 quae
1481 5635 1691 5693 societas

211 5761 222 5791 '
242 5770 303 5818 Er.
324 5772 461 5837 Lugd.
480 5781 622 5834 ven.,
644 5769 915 5835 assumpsit.
982 5778 1037 5821 Μ.

3274 278 3377 334 194

1800 381 1983 452 templo
2022 381 2121 437 Dei
2152 398 2266 438 cunt
2307 384 2500 441 idolis?
2540 384 2596 443 Si
2633 394 2811 445 autem
2851 403 2956 446 non
3001 391 3196 451 habent
3235 400 3381 455 avari

1796 469 2051 541 Spiritum
2082 474 2198 541 Dei,
2228 484 2280 531 et
2310 485 2486 533 tamen
2510 477 2704 536 habent
2729 480 3032 554 Baptisma;
3062 494 3235 557 potest
3258 504 3383 546 esse

1796 560 1913 617 sine
1932 562 2132 633 Spiritu
2162 564 2452 636 Baptisma.

1866 652 1954 708 55.
1996 653 2053 710 Si
2081 665 2362 726 propterea
2390 658 2525 727 ﬁlios
2551 658 2658 716 Deo
2681 678 2918 733 generare
2943 681 3045 721 non
3082 675 3243 738 potest
3271 670 3382 724 ha:-

1795 746 1920 801 resis
1961 764 2051 817 per
2094 747 2371 818 Christum,
2401 752 2522 821 quia
2564 752 2750 809 Christi
2790 772 2975 827 sponsa
3005 775 3105 814 non
3142 770 3254 827 est;
3283 779 3381 819 nec

1796 838 1948 893 turba
1978 838 2064 894 illa
2092 840 2354 897 malorum
2400 841 2544 899 intus
2585 846 2990 904 constitutorum
3019 860 3212 921 potest,
3256 856 3378 923 quia

1796 940 1851 987 et
1876 932 1988 1003 ipsa
2018 934 2214 990 Christi
2236 949 2430 1006 sponsa
2459 952 2566 993 non
2592 946 2693 994 est.
2721 939 3031 1011 Designatur
3051 944 3194 999 enim
3218 944 3378 1001 Chri-

1792 1024 1862 1080 sti
1903 1041 2099 1096 sponsa
2144 1027 2260 1084 sine
2306 1030 2510 1084 macula
2554 1041 2609 1086 et
2654 1047 2785 1103 ruga
2814 1030 3030 1106 (Ephes.
3066 1051 3120 1105 v,
3147 1036 3239 1108 27)
3271 1039 3372 1110 (a).

1794 1115 1935 1187 Ergo
1965 1126 2056 1172 aut
2083 1132 2190 1173 non
2216 1133 2402 1176 omnes
2443 1121 2689 1190 baptizati
2730 1122 2822 1178 lilii
2859 1134 2983 1179 sunt
3008 1126 3125 1194 Dei,
3153 1137 3244 1183 aut
3274 1144 3373 1200 po-

1794 1214 1899 1261 test
1938 1216 1993 1263 et
2028 1223 2134 1264 non
2173 1224 2369 1279 Sponsa
2411 1226 2671 1282 generare
2696 1212 2833 1270 ﬁlios
2871 1215 2987 1272 Dei.
3026 1216 3174 1274 Sicut
3200 1228 3377 1277 autem

1791 1298 2062 1368 quaeritur,
2107 1310 2275 1354 utrum
2300 1302 2630 1373 spiritualiter
2656 1315 2807 1360 natus
2832 1305 2917 1373 sit,
2948 1307 3035 1378 qui
3058 1306 3377 1377 Baptismum

1790 1389 1977 1445 Christi
2002 1393 2143 1463 apud
2157 1396 2418 1449 hereticos
2442 1398 2634 1469 accepit
2655 1413 2676 1453 :
2702 1398 2773 1454 ita
2797 1401 2961 1470 quaeri
2989 1410 3181 1471 potest,
3203 1412 3377 1462 utrum

1790 1486 2137 1557 spiritualiter
2167 1499 2323 1545 natus
2349 1490 2437 1557 sit,
2469 1492 2559 1562 qui
2584 1491 2910 1562 Baptismum
2935 1494 3135 1550 Christi
3174 1512 3277 1552 non
3308 1498 3373 1553 ad

1792 1576 1958 1633 Deum
1992 1580 2170 1635 veraci
2199 1581 2360 1637 corde
2393 1596 2686 1639 conversus
2730 1586 2784 1640 in
2828 1585 3103 1643 Catholica
3149 1589 3375 1662 accepit,

1790 1683 1889 1724 nec
1921 1678 2096 1725 tamen
2126 1671 2248 1726 ideo
2272 1672 2602 1743 Baptismum
2627 1690 2737 1731 non
2762 1677 2987 1748 accepit.

1859 1759 2085 1817 CAPUT
2135 1761 2303 1817 XXV.
2334 1794 2406 1804 —
2442 1764 2528 1821 36.
2571 1766 2689 1821 .lam
2744 1768 2830 1822 illa
2880 1785 2999 1840 qua:
3048 1771 3102 1827 in
3154 1772 3377 1846 Stepha-

1792 1868 1919 1907 num
1962 1853 2202 1911 irritatus
2250 1856 2454 1925 ell‘udit,
2502 1866 2792 1916 retractare
2834 1861 2992 1927 nolo;
3018 1864 3140 1934 quia
3170 1875 3225 1922 et
3270 1883 3375 1925 non

1788 1957 1925 2013 opus
1968 1952 2068 1999 est.
2126 1944 2327 2003 Eadem
2375 1948 2568 2020 quippe
2615 1949 2728 2018 ipsa
2774 1949 3044 2019 dicuntur,
3101 1970 3222 2025 quae
3264 1957 3375 2027 jam

1787 2034 1918 2089 satis
1956 2033 2195 2091 discussa
2237 2046 2389 2103 sunt;
2416 2047 2470 2093 et
2515 2053 2581 2095 ea
2608 2041 2882 2109 praeterire
2902 2043 3093 2099 melius
3120 2057 3224 2113 est,
3257 2063 3376 2117 quae

1790 2126 2092 2196 periculum
2135 2128 2448 2198 perniciosae
2490 2130 2842 2188 dissensionis
2881 2133 3201 2193 habuerunt.
3250 2138 3373 2197 Ste-

1789 2218 1998 2290 phanus
2042 2228 2219 2276 autem
2248 2222 2408 2277 etiam
2451 2223 2799 2280 abstinendos
2834 2235 3131 2296 putaverat,
3175 2231 3264 2302 qui
3307 2231 3376 2288 de

1788 2311 2140 2381 suscipiendis
2183 2312 2450 2369 haereticis
2478 2315 2709 2386 priscam
2750 2318 3190 2376 consuetudinem
3240 2338 3374 2379 con-

1788 2402 1987 2459 vellere
2014 2415 2336 2462 conarentur
2362 2423 2377 2461 :
2410 2406 2511 2463 iste
2537 2420 2715 2465 autem
2744 2412 3053 2482 quaestionis
3079 2414 3245 2485 ipsius
3273 2416 3377 2473 dif-

1789 2492 2023 2550 ﬁcultate
2064 2505 2360 2566 permotus,
2409 2507 2465 2554 et
2513 2499 2712 2556 sanctis
2753 2501 3030 2559 charitatis
3079 2505 3374 2565 visceribus

1786 2584 2084 2659 largissime
2128 2589 2399 2660 praeditus,
2440 2591 2492 2646 in
2534 2593 2735 2649 unitate
2772 2609 2893 2650 cum
2932 2595 3013 2653 eis
3051 2598 3372 2658 manendum

1789 2678 1880 2750 qui
1921 2679 2131 2736 diversa
2171 2683 2449 2738 sentirent.
2496 2682 2572 2739 Ita
2610 2686 2852 2755 quamvis
2896 2691 3237 2760 commotius,
3278 2694 3373 2750 sed

1790 2777 1967 2827 tamen
2006 2770 2243 2829 fraterne
2275 2774 2662 2846 indignaretur,
2691 2777 2816 2834 vicit
2845 2786 3023 2836 tamen
3048 2797 3149 2853 pax
3174 2782 3375 2841 Christi

1786 2861 1841 2918 in
1886 2864 2140 2922 cordibus
2178 2882 2385 2935 eorum,
2432 2876 2491 2924 ut
2534 2869 2585 2924 in
2628 2871 2719 2927 tali
2755 2871 3140 2945 disceptatione
3167 2877 3373 2936 nullum

1787 2956 1927 3013 inter
1973 2974 2067 3015 eos
2116 2961 2316 3016 malum
2364 2961 2672 3020 schismatis
2721 2967 2970 3023 oriretur.
3026 2968 3143 3025 Non
3194 2980 3373 3029 autem

1786 3049 1906 3104 hinc
1931 3050 2133 3106 uberius
2161 3064 2482 3108 exercuerunt
2512 3056 2724 3111 hareses
2750 3066 2799 3112 et
2822 3059 3095 3115 schismata
3121 3076 3141 3116 :
3171 3062 3292 3133 quia
3318 3062 3374 3118 id

1783 3140 1930 3212 quod
1951 3141 2006 3197 in
2025 3142 2103 3199 eis
2128 3143 2326 3199 Christi
2352 3154 2455 3212 est,
2485 3148 2840 3219 approbatur;
2864 3151 3007 3221 quod
3039 3161 3216 3208 autem
3239 3153 3376 3225 ipso-

1786 3248 1903 3288 rum
1928 3242 2031 3301 est,
2059 3235 2408 3306 improbatur.
2439 3237 2604 3310 Magis
2628 3241 2770 3296 enim
2794 3242 2884 3313 qui
2916 3242 3054 3300 hanc
3078 3245 3249 3317 legem
3279 3261 3371 3303 re-

1784 3323 2085 3394 baptizaudi
2112 3334 2415 3394 tenuerunt,
2447 3326 2502 3383 in
2531 3330 2680 3399 plura
2701 3329 2868 3386 frusta
2887 3334 3087 3390 concisi
3116 3344 3259 3392 sunt.

1854 3415 2081 3472 CAPUT
2118 3416 2308 3473 XXVI.
2340 3448 2412 3459 —
2466 3420 2556 3476 57.
2595 3419 2846 3477 Jamvero
2871 3438 2994 3479 cum
3036 3424 3163 3481 dicit
3194 3444 3208 3481 :
3236 3426 3371 3499 Epi-

1783 3527 1991 3581 scopum
2008 3510 2269 3566 docibilem
2290 3528 2394 3568 esse
2416 3511 2593 3568 debere
2611 3513 2677 3584 (ll
2706 3514 2837 3569 Tim.
2864 3531 2920 3582 tt,
2947 3517 3069 3587 24);
3100 3527 3154 3574 et
3182 3519 3373 3590 adjun-

1783 3603 1878 3675 git,
1903 3603 2146 3659 Docibilis
2179 3614 2348 3660 autem
2376 3605 2464 3660 ille
2488 3615 2582 3672 est,
2612 3608 2701 3679 qui
2737 3617 2812 3664 est
2845 3610 2914 3664 ad
2942 3610 3237 3667 discendum
3276 3632 3372 3685 pa-

1785 3695 1954 3749 tientia
1981 3694 2107 3751 lenis
2131 3705 2180 3750 et
2208 3696 2342 3753 mitis
2372 3713 2393 3752 :
2424 3705 2618 3769 Oportet
2647 3698 2780 3753 enim
2805 3700 3097 3774 episcopum
3129 3720 3230 3759 non
3257 3714 3373 3761 tan-

1784 3793 1891 3841 tum
1918 3786 2116 3854 docere,
2142 3788 2232 3843 sed
2251 3796 2298 3842 et
2319 3788 2544 3855 discere;
2562 3789 2683 3860 quia
2705 3799 2753 3845 et
2774 3789 2866 3847 ille
2892 3793 3072 3849 melius
3090 3794 3253 3863 docet,
3282 3798 3373 3868 qui

1784 3876 2006 3947 quotidie
2023 3878 2200 3932 crescit
2226 3886 2273 3932 et
2295 3878 2495 3949 proficit
2520 3879 2759 3935 discendo
2791 3883 3002 3938 meliora
3025 3899 3047 3939 :
3077 3883 3162 3941 his
3184 3886 3375 3959 utique

1784 3967 1962 4025 verbis
1989 3970 2120 4026 satis
2151 3970 2351 4027 iudicat
2376 3971 2459 4026 vir
2491 3981 2709 4028 sanctus
2730 3981 2785 4029 et
2812 3973 2897 4045 pia
2932 3976 3191 4035 charitate
3228 3995 3371 4050 prte-

1784 4060 1945 4128 ditus,
1977 4077 2083 4116 non
2108 4076 2229 4118 esse
2253 4062 2597 4119 metuendum
2636 4064 2714 4121 sic
2739 4064 2857 4136 ejus
2882 4068 3139 4137 epistolas
3167 4070 3369 4143 legere,

1785 4160 1847 4207 ut
1888 4152 1933 4208 si
1960 4152 2088 4223 quid
2121 4162 2304 4225 postea
2331 4153 2568 4224 pluribus
2593 4163 2650 4211 et
2688 4156 3111 4217 diuturnioribus
3149 4163 3372 4235 inquisi-

1787 4243 2019 4299 tionibus
2040 4252 2375 4315 compertum
2403 4244 2644 4303 Ecclesia
2667 4248 3082 4318 continuaverit,
3115 4267 3221 4308 non
3251 4268 3370 4310 am-

1786 4336 2060 4407 bigamus;
2089 4336 2213 4407 quia
2241 4336 2377 4393 sicut
2402 4337 2570 4393 multa
2598 4346 2754 4394 erant
2788 4355 2908 4410 qua:
2932 4341 3118 4399 doctus
3142 4344 3370 4416 Cypria-

1787 4443 1887 4484 nus
1911 4428 2149 4495 doceret,
2178 4428 2256 4485 sic
2283 4436 2478 4485 eratet
2503 4428 2702 4501 aliquid
2731 4430 2874 4503 quod
2894 4431 3189 4505 Cyprianus
3216 4434 3373 4492 doci-

1787 4520 1907 4577 bilis
1928 4520 2174 4577 disceret.
2203 4520 2356 4589 Quod
2382 4529 2559 4579 autem
2583 4537 2683 4580 nos
2704 4521 2978 4592 admonet,
3010 4534 3066 4580 ut
3087 4526 3158 4580 ad
3180 4531 3371 4598 [autent

1786 4630 2121 4681 recurramus,
2149 4615 2206 4670 id
2230 4622 2325 4683 est,
2352 4615 2420 4670 ad
2447 4616 2794 4688 Apostolicam
2816 4618 3158 4685 traditionem,
3188 4631 3237 4675 et
3251 4621 3372 4678 inde

1788 4708 2016 4761 canalem
2031 4707 2085 4761 in
2130 4717 2301 4763 nostra
2333 4717 2560 4781 tempora
2583 4710 2883 4782 dirigamus,
2906 4711 3161 4782 optimum
3188 4722 3289 4780 est,
3317 4722 3373 4771 et

1788 4798 1904 4854 sine
1929 4797 2259 4856 dubitatione
2296 4799 2615 4858 faciendum.
2652 4800 2915 4856 Traditum
2946 4812 3018 4858 est
3053 4821 3171 4878 ergo
3205 4807 3371 4875 nobis,

1788 4892 1927 4948 sicut
1954 4891 2068 4963 ipse
2091 4905 2499 4961 commemorat,
2531 4894 2598 4949 ab
2636 4893 2928 4963 Apostolis,
2967 4898 3104 4967 quod
3138 4899 3203 4953 sit
3240 4915 3373 4955 unus

1787 4981 1951 5051 Deus,
1976 4992 2023 5038 et
2044 4983 2275 5039 Christus
2294 5002 2445 5052 unus,
2475 4994 2522 5039 et
2546 5000 2650 5038 una
2666 5000 2801 5053 spes,
2829 4994 2876 5040 et
2900 4986 3029 5056 ﬁdes
3054 5004 3177 5057 una,
3197 4999 3244 5044 et
3268 5008 3373 5046 una

1788 5072 2039 5141 Ecclesia,
2083 5085 2131 5130 et
2167 5075 2432 5146 Baptisma
2470 5091 2627 5130 unum
2662 5074 2879 5146 (Ephes.
2913 5092 2990 5144 tv,
3018 5080 3075 5145 4,
3120 5080 3200 5153 5).
3236 5082 3373 5141 Cum

1790 5183 1916 5238 ergo
1944 5168 2073 5238 ipsis
2098 5169 2475 5241 Apostolorum
2495 5168 2824 5247 temporibus
2844 5171 3181 5230 inveniamus
3204 5174 3375 5234 fuisse

1789 5258 2072 5331 quosdam,
2099 5260 2292 5330 quibus
2319 5275 2423 5316 una
2449 5274 2575 5331 spes
2608 5275 2715 5316 non
2754 5270 2891 5330 erat,
2921 5271 2978 5320 et
3005 5280 3169 5321 unum
3198 5266 3374 5336 Bapti-

1790 5366 1903 5409 sma
1923 5360 2069 5419 erat;
2097 5366 2163 5408 ex
2188 5351 2306 5422 ipso
2332 5350 2480 5408 fonte
2506 5350 2578 5409 ita
2609 5351 2664 5408 in
2700 5367 2801 5409 nos
2828 5353 3042 5411 ducitur
3069 5356 3283 5422 veritas,
3318 5365 3374 5412 ut

1790 5454 2047 5518 appareat
2087 5443 2241 5499 nobis
2267 5443 2345 5499 sic
2372 5441 2487 5499 ﬁeri
2517 5457 2675 5516 posse
2700 5455 2759 5500 ut
2785 5460 2906 5501 cum
2934 5445 3009 5502 sit
3042 5460 3146 5502 una
3188 5444 3375 5503 Eccle-

1793 5536 1892 5603 sia,
1921 5536 2057 5592 sicut
2091 5548 2216 5605 spes
2243 5549 2367 5601 una,
2398 5544 2455 5592 et
2481 5535 2749 5607 Baptisma
2777 5551 2976 5603 unum;
3017 5535 3247 5591 habeant
3290 5545 3372 5591 ta-

1793 5644 1915 5687 men
1936 5644 2099 5685 unum
2115 5628 2381 5699 Baptisms
2407 5629 2499 5700 qui
2523 5644 2628 5687 non
2647 5629 2843 5689 habent
2866 5644 3023 5687 unam
3046 5627 3369 5689 Ecclesium:

1856 5769 1928 5832 (α)
1951 5775 1983 5818 ll
2009 5771 2229 5826 Retract.,
2255 5778 2359 5829 cap.
2382 5766 2453 5815 18.
