3796 6126
55 304 130 359 ,9,
1364 249 1569 328 LlBER
1602 267 1892 328 SEXTUS.

1682 385 1776 442 sed
1802 383 1988 441 eodem
2018 383 2289 454 Baptismo
2313 387 2372 439 et
2411 381 2535 439 boni
2563 381 2814 439 cathodci
2850 382 2984 439 salvi
3026 384 3178 450 ﬁunt,
3209 393 3272 440 et

56 412 286 485 Baptistae,
312 420 404 480 per
429 415 623 476 aquam
653 397 979 463 moriuntur;
1005 391 1147 464 quod
1174 388 1302 446 nulli
1329 395 1459 444 tunc
1477 402 1570 442 ac-

3163 225 3268 326 198'

57 474 163 571 cidit,
185 504 275 562 nisi
307 474 393 573 qui
434 474 628 571 praeter
659 508 839 551 arcam
884 490 1004 545 fuit.
1034 487 1190 543 Certe
1230 482 1574 540 manifestum
1683 477 1809 573 mali
1833 475 2078 573 catholici
2097 476 2186 573 vel
2222 474 2728 573 hatreticipereunt.
2755 475 2896 541 Quid
2929 484 3110 532 eum
3139 477 3267 530 bea-

57 612 127 663 est,
151 597 192 654 id
214 593 341 666 quod
359 591 573 655 dicitur,
597 589 651 643 in
676 583 911 642 Ecclesia
943 582 1088 638 intus
1111 587 1166 634 et
1194 576 1345 643 foris,
1383 574 1438 630 in
1461 588 1580 629 cor-

1686 568 1926 624 tissimus
1953 566 2248 639 Cyprianus
2273 565 2341 622 de
2368 565 2642 622 Catholica
2669 567 2889 633 sentiat,
2921 577 2976 623 et
2998 565 3274 638 quomodo.

57 659 288 758 damon-in
307 697 532 754 corpore
549 676 918 750 cogitandum;
948 668 1376 744 quandoquidem
1394 679 1583 722 omnes
1685 663 1800 733 ejus
1817 661 2130 758 auctoritate
2149 660 2358 731 penitus
2372 661 2681 716 obteramur
2695 659 2947 727 heretici,
2965 673 3274 732 quanquam

57 751 120 853 qui
145 777 284 838 corde
317 751 440 831 sunt
476 773 641 839 intus,
684 770 738 826 in
777 781 921 822 arex
961 763 1166 820 unitate
1207 776 1304 832 per
1337 757 1583 815 eamdem
1687 754 1857 853 multa
1882 751 2403 853 dixerim-seorsum
2435 753 2708 853 tamen-{ai
2735 753 2964 853 Domino
2987 753 3269 853 placuerit,

58 842 200 944 iuuant
231 868 354 926 salvi
395 865 550 933 ﬁunt,
587 878 686 936 per
727 875 886 930 quam
913 871 1101 914 omnes
1131 854 1222 926 qui
1259 851 1422 909 corde
1454 856 1586 908 sunt
1690 846 1962 944 aliquanto
2005 842 2224 944 uberius
2484 843 2815 944 manifestius
2857 845 3039 901 dicere
3080 843 3274 913 statui,

60 942 178 1030 loris,
210 962 318 1020 sive
354 958 518 1016 etiam
563 968 789 1026 corpore
826 950 957 1008 foris
996 949 1123 1014 sint,
1154 946 1267 1003 sive
1311 958 1416 998 non
1456 942 1582 1009 sint,

1692 953 1816 995 cum
1843 936 1992 1008 prius
2017 936 2087 994 de
2112 936 2345 993 concilio
2379 935 2497 1008 eius
2519 935 2711 992 dixero
2748 947 2867 1007 qua
2901 938 3088 995 deberi
3113 954 3146 993 ι
3190 951 3279 994 me

60 1029 250 1124 tanquam
291 1049 509 1106 unitatis
549 1041 842 1102 adversarii
886 1039 1209 1096 moriuntur.
1260 1034 1409 1090 Sicut
1459 1045 1588 1104 ergo
1693 1038 1841 1124 puto,
1867 1029 2016 1104 quod
2034 1030 2090 1088 in
2109 1030 2206 1088 Dei
2224 1029 2497 1087 voluntate
2518 1030 2764 1102 sequenti
2797 1031 3278 1104 volante-ure-

61 1122 260 1210 uonalia,
285 1140 376 1198 sed
412 1139 601 1196 eadem
628 1150 766 1207 aqua
813 1141 867 1190 et
912 1131 964 1185 in
1007 1143 1131 1187 arca
1173 1127 1373 1197 positos
1413 1124 1590 1180 salvos
1693 1122 1831 1179 diar.

61 1238 162 1300 fecit,
187 1246 233 1291 et
251 1242 394 1290 extra
421 1245 602 1288 arcam
631 1227 836 1298 positos
865 1221 1169 1287 interemit;
1211 1220 1294 1274 sic
1318 1231 1427 1272 non
1458 1216 1584 1282 alio,

65 1317 3272 1366 ___________________—__———__—__—___——._.._.

1101 1401 1580 1514 LIBER
1628 1397 2256 1507 SEXTUS.

144 1621 183 1664 tn
199 1624 286 1678 quo
301 1606 678 1674 Carthaginense
698 1600 951 1654 concilium
965 1598 1030 1649 de
1050 1595 1395 1648 baereticorwu
1421 1590 1726 1654 Baptismate,
1749 1601 1866 1638 cm
1890 1593 1942 1638 et
1957 1589 2249 1640 auctoritate
2269 1589 2488 1653 qni-ini
2511 1588 2833 1654 mm,
2852 1591 3070 1656 um
3070 1597 3172 1644 ιω..

1441 1699 1866 1762 meum

112 1837 300 1894 CAPUT
325 1829 610 1892 PRIMUM.
629 1851 703 1872 ιά-
727 1829 780 1884 ι.
809 1825 1030 1884 Poterat
1051 1824 1160 1895 jam
1192 1816 1420 1876 fortasse
1445 1813 1597 1872 sum

67 1945 170 1997 cere,
193 1929 322 2003 quod
342 1929 508 1985 toties
535 1923 779 1996 repetitis
801 1917 1122 1986 rationibus,
1155 1923 1209 1971 et
1229 1910 1596 1982 multipliciter

66 2023 327 2094 disputando
351 2019 584 2076 versatis
611 2025 774 2088 atque
816 2011 1062 2069 tractatis
1081 2052 1098 2079 ,
1139 2007 1408 2078 a-djunctis
1435 2005 1597 2060 etiam

65 2118 308 2174 divitiarum
323 2115 724 2185 sertmmmn
740 2106 1102 2174 ductante-mis,
1121 2105 1176 2159 et
1191 2098 1361 2172 ipsius
1377 2096 1600 2171 Cypria-

67 2212 104 2266 ni
135 2219 200 2266 tot
230 2207 548 2266 testimoniis
590 2196 1009 2272 suifragantibus
1028 2240 1043 2266 ,
1083 2197 1194 2268 iam
1235 2194 1398 2250 etiam
1438 2189 1602 2246 corde

66 2301 277 2359 tardiores
293 2343 308 2369 ,
333 2302 596 2373 quantum
633 2296 887 2352 existimo
904 2335 918 2358 ,
941 2283 1246 2361 intelligunt
1269 2281 1602 2359 Ba‘ptismu't‘n

65 2397 219 2451 Christi
240 2395 378 2451 nulla
403 2392 766 2465 perversitate
795 2385 1028 2443 hominis
1049 2427 1065 2453 ,
1096 2385 1212 2439 sive
1249 2381 1426 2437 dantis
1444 2421 1459 2446 ,
1483 2377 1604 2435 sive

69 2487 344 2558 accipientis,
377 2494 541 2556 posse
567 2480 782 2538 violari.
808 2475 921 2536 Nec
947 2477 1017 2534 ob
1039 2473 1182 2532 aliud
1209 2473 1318 2530 illis
1342 2471 1604 2542 tempori-'-

70 2580 158 2647 bus,
175 2580 370 2652 quando
395 2579 500 2634 ista
529 2576 757 2648 quaestio
781 2575 970 2629 contra
993 2578 1232 2626 tVeterem
1253 2561 1605 2622 consuetudi-

70 2673 193 2727 nem‘
221 2670 674 2742 disputationibus
721 2667 867 2722 salva
909 2663 1170 2720 cita'rltate
1213 2669 1374 2730 atque
1403 2657 1606 2713 unitate

71 2763 396 2818 altercantibus
451 2753 884 2824 discutiebatur,
935 2755 1108 2809 visum
1160 2761 1242 2807 est
1290 2747 1608 2818 quibusdam

72 2854 191 2908 etiam
221 2854 442 2925 egregiis
464 2852 602 2907 viris
643 2846 974 2904 antistitibus
998 2843 1200 2900 Christi
1227 2886 1241 2910 ,
1288 2841 1430 2897 inter
1469 2847 1608 2910 quos

74 2949 286 3018 pracipue
311 2949 498 3003 beatus
521 2944 822 3017 Cyprianus
847 2939 1141 3002 eminebat,
1171 2945 1280 2990 non
1312 2947 1430 2988 esse
1451 2942 1610 3002 posse

74 3039 176 3107 ιμιὰ
195 3039 464 3096 hereticos
492 3037 585 3092 vel
623 3032 994 3090 schismaticos
1017 3029 1344 3098 Baptismum
1371 3021 1569 3078 Christi
1593 3065 1607 3090 ,

74 3132 148 3184 nisi
165 3132 271 3201 quia
295 3136 402 3184 non
421 3121 857 3196 distinguebatur
883 3114 1287 3178 Sacr-amentum
1301 3118 1370 3170 ab
1393 3113 1608 3180 euecto,

75 3223 236 3276 relusit
253 3218 609 3276 atramenti.
639 3215 708 3271 Et
732 3214 855 3284 quin
895 3213 1012 3282 ejus
1047 3209 1272 3266 refectus
1293 3217 1458 3277 atque
1484 3217 1613 3259 usus

79 3310 414 3365 uth
446 3318 487 3364 ξ
530 3305 768 3376 peccatis
803 3312 865 3359 et
903 3302 1086 3357 cordis
1125 3297 1444 3354 rectitudine
1471 3292 1613 3364 apud

78 3400 304 3456 nm
325 3410 431 3455 non
449 3397 848 3459 immittuntur,
871 3395 1047 3465 ipsum
1066 3401 1279 3463 quoque
1299 3389 1616 3444 Sacram.

80 3502 160 3547 tum
181 3508 276 3549 non
297 3489 408 3549 illic
427 3503 553 3548 esse
579 3489 884 3560 putabatur.
908 3486 1013 3542 Sed
1034 3481 1468 3540 convenientibus
1483 3493 1616 3533 θω-

80 3582 137 3636 los
167 3583 225 3639 ad
247 3583 516 3640 interioris
542 3582 713 3652 palen
751 3577 1142 3634 multitudinem
1169 3616 1184 3639 ,
1209 3587 1334 3630 cum
1363 3581 1418 3627 et
1446 3571 1500 3626 hi
1524 3571 1619 3641 qui

81 3673 231 3744 inin
251 3675 446 3730 unitate
474 3672 721 3745 perversi
744 3677 874 3725 sunt
906 3678 960 3724 et
989 3666 1198 3740 perdite
1222 3666 1430 3729 vivunt,
1457 3677 1620 3733 appa-

82 3776 197 3822 reant
222 3768 590 3824 remissionem
617 3771 960 3835 portentorum
999 3767 1103 3815 nec
1143 3758 1277 3814 dare
1317 3769 1479 3828 posse
1519 3768 1623 3810 nec

83 3857 264 3926 hibero;
429 3872 543 3915 non
561 3854 946 3927 malignis-Jul!
967 3851 1124 3908 bonis
1149 3847 1273 3904 ﬁliis
1293 3845 1496 3903 dictum
1514 3854 1621 3913 est,

85 3945 129 4002 Si
143 3955 216 4005 cui
235 3952 524 4008 Wtis
543 3958 771 4021 metu,
797 3947 1116 4002 Μιωαιτ
1134 3944 1216 4008 ei;
1235 3942 1280 3997 si
1306 3941 1388 3995 oui
1409 3939 1626 3995 tenueris

86 4043 146 4109 tit,
161 4046 431 4102 War
443 4043 674 4116 (Hom.
693 4050 763 4098 x‘x
775 4084 789 4108 ,
804 4035 898 4112 ιδ)
922 4057 935 4095 :
953 4039 1156 4094 habere
1173 4045 1376 4098 tamen,
1397 4043 1452 4090 et
1471 4033 1624 4099 dare,

84 4141 125 4185 et
144 4136 360 4206 accipere
375 4134 640 4206 διμιδιιῆ
657 4132 1089 4194 Sacramentum,
1105 4128 1240 4182 satis
1254 4125 1424 4181 eluxit
1444 4133 1628 4195 pasto»

85 4226 203 4283 ribus
226 4229 471 4286 Eeuiesic
499 4227 780 4283 catholim
805 4233 921 4279 toto
946 4225 1080 4279 urbe
1103 4219 1308 4277 di‘l'usa
1327 4257 1343 4286 ,
1367 4227 1630 4290 perquo's

87 4329 230 4387 Ροειω
251 4324 474 4396 plenurii
501 4320 713 4376 concilii
737 4317 1056 4374 auctoritate
1085 4310 1355 4384 originalis
1382 4321 1620 4365 consue-

90 4412 188 4469 tudo
208 4413 399 4470 ﬁrmata
429 4422 550 4478 est;
581 4412 740 4467 etiam
776 4424 954 4474 ovem,
995 4421 1113 4478 qua:
1147 4403 1276 4458 foris
1306 4401 1549 4465 errabat,
1574 4406 1632 4454 et

91 4503 365 4564 dominicum
391 4508 762 4564 characterem
797 4517 835 4557 ιι
861 4495 1138 4556 fallade
1180 4491 1634 4566 deprmtht'oribus

91 4601 177 4656 suis
191 4601 310 4658 totis
331 4606 638 4673 acceperat,
661 4598 967 4653 venientem
989 4592 1060 4648 ad
1084 4590 1391 4647 christianae
1417 4583 1638 4642 unitatis

93 4693 311 4762 salutem,
333 4693 405 4750 ab
434 4705 623 4752 errore
656 4689 886 4759 corrigi,
911 4699 949 4742 a
975 4683 1279 4753 captivitate
1321 4677 1538 4734 liberari
1560 4710 1577 4743 ,
1602 4689 1638 4729 a

94 4784 472 4844 “manuari
492 4826 510 4854 ,
540 4785 909 4841 characterem
937 4787 1119 4834 tamen
1148 4776 1198 4828 in
1225 4787 1289 4828 ea
1307 4769 1640 4826 dominicum

97 4879 273 4946 isnon-ﬁ
287 4881 464 4950 potius
483 4885 642 4950 quam
661 4871 952 4945 improbari
978 4887 991 4924 :
1014 4861 1445 4939 quandoquidem
1471 4861 1640 4929 ipsum

98 4965 419 5028 characterem
433 4969 594 5027 multi
615 4976 673 5025 et
697 4965 808 5037 lupi
831 4973 890 5020 et
913 4960 1053 5032 lepis
1071 4957 1320 5028 inﬁgunt,
1341 4953 1434 5024 qui
1457 4950 1646 5005 viden-

101 5068 169 5116 ωτ
187 5065 386 5134 quidem
406 5065 558 5121 intus
587 5069 713 5118 esse
731 5100 747 5126 ,
771 5063 1147 5114 verumtamen
1173 5048 1246 5105 ad
1277 5047 1424 5102 illam
1453 5055 1608 5098 ovem
1628 5079 1643 5110 ,

1707 1826 1826 1869 cum
1857 1807 2050 1869 clamat
2078 1830 2173 1886 per
2199 1807 2398 1871 similes
2426 1808 2818 1874 Pharisaeorum
2836 1861 2851 1886 ,
2885 1819 2952 1876 de
2989 1821 3183 1892 quibus
3210 1822 3294 1879 di-

1705 1918 1848 1964 ctum
1897 1918 2012 1974 est,
2063 1901 2190 1976 Qua:
2245 1909 2438 1978 dicunt,
2487 1913 2638 1984 facile
2693 1911 2904 1985 (Matth.
2974 1929 3137 1982 χχιιι,
3191 1912 3316 1988 5).“

1775 2000 1832 2055 2.
1864 1995 2014 2058 Sicut
2040 2002 2181 2056 enim
2215 2002 2376 2056 homo
2406 2003 2694 2076 spiritualis
2723 2003 2926 2062 habens
2956 2003 3112 2060 ﬁnem
3150 2020 3295 2076 pra:-

1707 2095 1869 2166 Cepti,
1893 2093 1943 2149 id
1975 2104 2076 2160 est,
2101 2087 2415 2150 c'haritatem
2448 2088 2515 2152 de
2543 2097 2706 2152 corde
2739 2113 2870 2166 puro
2897 2106 2952 2154 et
2971 2098 3296 2154 conscientia

1706 2186 1844 2243 bona
1877 2195 1932 2242 et
1959 2185 2062 2242 [ide
2087 2203 2192 2242 non
2225 2189 2345 2243 ficta
2375 2187 2416 2260 (Ι
2447 2180 2581 2244 Tim.
2613 2205 2661 2255 ι,
2689 2189 2767 2261 5),
2800 2199 2978 2262 potest
3005 2191 3204 2260 aliquid
3229 2205 3299 2247 ex

1709 2296 1938 2352 corpore
1980 2279 2123 2351 quod
2167 2281 2341 2337 adhuc
2379 2283 2744 2354 corrumpitur
2785 2291 2840 2339 et
2887 2292 3138 2354 aggravet
3180 2285 3299 2340 ani-

1711 2387 1855 2426 mam
1882 2373 1900 2443 (
1924 2371 2053 2443 Sap.
2085 2389 2156 2438 ix,
2185 2375 2252 2428 15
2271 2373 2312 2443 ),
2342 2375 2519 2429 minus
2549 2374 2748 2444 liquide
2775 2389 3027 2443 cernere,
3059 2384 3114 2431 et
3149 2376 3304 2432 aliter

1712 2483 1901 2539 sapere
1924 2465 2064 2539 quod
2099 2468 2150 2522 in
2181 2468 2367 2524 eadem
2391 2467 2651 2524 charitate
2671 2470 3005 2540 permanenti
3025 2461 3166 2524 Deus
3182 2485 3303 2526 cum

1712 2555 1941 2617 voluerit
1976 2561 2235 2618 revelabit
2271 2561 2288 2632 (
2317 2561 2549 2632 Philipp.
2579 2578 2656 2626 ιιι,
2699 2563 2765 2617 15
2790 2565 2808 2632 )
2835 2580 2847 2614 :
2872 2557 2950 2616 sic
2993 2563 3046 2618 in
3090 2561 3307 2618 homine

1713 2654 1916 2710 carnali
1947 2663 2106 2724 atque
2133 2669 2385 2724 perverso
2414 2663 2590 2725 potest
2614 2653 2828 2724 aliquod
2861 2654 3058 2710 bonum
3088 2663 3143 2708 et
3178 2655 3308 2710 utile

1715 2748 1973 2819 reperiri,
2019 2747 2159 2817 quod
2203 2747 2414 2802 aliunde
2452 2747 2551 2815 sit,
2593 2762 2696 2801 non
2735 2761 2801 2802 ex
2845 2746 2981 2816 ipso.
3009 2746 3140 2806 Nam
3173 2743 3308 2804 utin

1715 2841 1934 2914 palmite
1964 2839 2234 2896 fructuosa
2263 2839 2530 2896 invenitur
2555 2835 2753 2911 aliquid
2793 2839 2935 2910 quod
2972 2839 3306 2910 purgandum

1719 2933 1808 3002 sit,
1837 2946 1894 2989 ut
1921 2933 2178 3004 majorem
2201 2935 2426 2988 fructum
2450 2931 2615 2998 ferat;
2637 2935 2704 2986 ita
2727 2933 2848 2987 etin
2868 2932 3126 2987 arundine
3143 2932 3311 2988 sterili

1717 3036 1876 3098 atque
1900 3025 2048 3081 arida
2073 3026 2156 3081 vel
2170 3025 2380 3098 alligata
2408 3025 2546 3081 solet
2570 3041 2668 3080 uva
2695 3024 2954 3094 pendere.
2979 3024 3044 3079 Et
3069 3023 3189 3079 ideo
3205 3024 3313 3079 sic-

1721 3129 1779 3175 ut
1833 3120 2050 3175 stultum
2081 3129 2165 3176 est
2194 3118 2454 3174 fructiferi
2483 3119 2717 3190 palmitis
2743 3127 3090 3189 purgamenta
3122 3118 3310 3188 dilige-

1719 3226 1802 3280 re,
1830 3211 2111 3266 commode
2130 3220 2307 3266 autem
2337 3211 2458 3266 facit
2485 3211 2574 3281 qui
2600 3226 2755 3280 poma
2784 3211 2964 3266 suavia
2991 3207 3316 3281 ubicumque

1722 3319 1982 3376 suspensa
2009 3319 2114 3359 non
2143 3303 2348 3372 respuit
2377 3320 2390 3354 :
2423 3303 2493 3357 ita
2523 3303 2762 3374 quisquis
2791 3303 2858 3357 ab
2896 3303 3097 3356 unitate
3121 3303 3317 3372 prazci-

1724 3410 1816 3451 sus
1843 3404 2120 3466 propterea
2149 3395 2470 3464 rebaptizat,
2507 3394 2625 3464 quia
2652 3393 2920 3465 Cypriane
2949 3395 3119 3449 visum
3144 3402 3226 3449 est
3250 3393 3319 3450 ab

1726 3487 1990 3545 hazreticis
2016 3489 2291 3543 venientes
2311 3487 2486 3542 denuo
2508 3486 2762 3558 baptizari
2789 3496 3066 3556 oportere;
3097 3486 3319 3542 laudan-

1727 3579 1794 3636 da
1838 3582 1889 3635 in
1933 3589 2079 3635 tanto
2122 3580 2236 3635 viro
2277 3587 2572 3645 aversatur,
2600 3586 2655 3633 et
2688 3577 3016 3633 emendanda
3061 3587 3319 3647 sectatur,

1728 3689 1830 3729 nec
1855 3688 1915 3728 ea
1944 3673 2053 3742 ipsa
2095 3687 2213 3742 qua:
2259 3679 2492 3726 sectatur
2531 3671 2848 3741 assequitur.
2887 3669 2980 3724 ille
3013 3670 3153 3724 enim
3194 3669 3322 3725 dum

1731 3767 1847 3821 zelo
1874 3765 1966 3820 Dei
1994 3764 2226 3835 graviter
2249 3763 2544 3819 detestatur
2573 3778 2666 3817 eos
2692 3762 2781 3832 qui
2809 3778 2866 3816 se
2905 3761 2972 3817 ab
3001 3763 3200 3818 unitate
3231 3779 3322 3818 se-

1732 3865 2072 3930 paraverunt,
2094 3857 2253 3910 etiam
2281 3855 2347 3909 ab
2369 3857 2483 3925 ipso
2509 3855 2779 3926 Baptismo
2799 3863 3072 3924 separatos
3092 3869 3212 3910 esse
3232 3869 3325 3909 ar-

1732 3949 1957 4005 bitratus
1977 3955 2058 4000 est
2079 3963 2092 3999 :
2112 3946 2196 4001 isti
2218 3955 2392 4000 autem
2423 3960 2605 4016 parum
2633 3942 2849 4000 sceleris
2874 3953 3123 4015 pntantes
3143 3986 3156 4007 ,
3185 3935 3327 4013 quod

1735 4041 1837 4113 ipsi
1862 4057 1892 4097 a
1917 4040 2112 4095 Christi
2144 4040 2341 4094 unitate
2367 4039 2594 4107 separati
2625 4046 2768 4104 sunt,
2800 4038 2958 4091 etiam
2995 4037 3326 4107 Baptismum

1737 4133 1853 4205 ejus
1880 4132 1986 4188 illic
2011 4147 2115 4186 non
2144 4145 2285 4197 esse,
2317 4138 2370 4182 et
2398 4144 2576 4184 secum
2609 4129 2800 4183 extisse
2820 4127 3166 4185 contendunt.
3195 4123 3327 4182 Tam

1739 4241 1868 4296 ergo
1890 4223 2045 4295 longe
2069 4231 2240 4277 sunta
2268 4219 2588 4275 fecunditate
2605 4216 2873 4291 Cypriani,
2909 4228 2963 4272 ut
2994 4233 3092 4273 nec
3120 4233 3316 4288 purga-

1741 4319 1936 4376 mentis
1967 4317 2081 4387 ejus
2105 4323 2399 4386 aequentur.

1815 4409 2042 4468 CAPUT
2074 4403 2135 4463 ll.
2158 4439 2228 4447 —
2247 4401 2302 4462 3.
2330 4403 2459 4459 Item
2484 4401 2723 4476 quisquis
2743 4416 2846 4456 non
2877 4399 3077 4455 habens
3101 4398 3333 4455 charita-

1746 4513 1876 4572 tem,
1901 4511 1954 4559 et
1981 4498 2214 4572 perditas
2240 4497 2351 4551 vias
2377 4511 2582 4551 morum
2613 4491 2914 4565 ingrediens
2945 4491 3325 4561 pessimorum,

1748 4601 1892 4655 intus
1921 4593 2128 4649 videtur
2156 4605 2276 4649 esse
2296 4605 2417 4645 cum
2442 4587 2571 4643 foris
2595 4586 2683 4652 sit,
2707 4593 2761 4640 et
2786 4581 3115 4654 Baptismum
3135 4580 3336 4638 Christi

1749 4707 1850 4749 nec
1879 4691 1931 4748 in
1961 4687 2224 4744 luereticis
2250 4684 2472 4755 repetit;
2513 4681 2643 4737 nihil
2683 4680 2796 4750 ejus
2828 4678 3039 4747 adjuvat
3081 4675 3336 4732 sterilita-

1753 4795 1891 4851 tem,
1932 4779 2073 4853 quod
2108 4795 2214 4833 non
2250 4773 2560 4832 fecundatur
2597 4787 2726 4834 suo,
2764 4763 2855 4825 sed
2887 4767 3062 4822 fructu
3088 4775 3342 4823 oneratur

1753 4877 1946 4933 alieno.
1975 4872 2115 4928 Fieri
2140 4881 2318 4926 autem
2360 4873 2534 4938 potest
2562 4871 2620 4918 ut
2644 4861 2835 4932 aliquis
2864 4861 3038 4931 vigeat
3073 4855 3129 4914 in
3162 4859 3343 4914 radice

1755 4969 2048 5034 charitatis,
2073 4975 2127 5023 et
2147 4967 2198 5020 in
2224 4980 2329 5036 quo
2349 4960 2644 5032 Cyprianus
2669 4957 2824 5011 aliter
2844 4955 3016 5024 sapuit
3042 4953 3340 5010 rectissime

1758 5064 1949 5135 sapiat,
1978 5069 2033 5117 et
2060 5069 2234 5114 tamen
2265 5057 2317 5111 in
2347 5052 2609 5124 Cypriane
2654 5062 2811 5120 quam
2854 5041 2911 5101 in
2955 5046 3057 5100 isto
3089 5045 3236 5116 plura
3264 5043 3344 5100 fe-

104 5168 199 5222 ιιιω
218 5157 366 5213 Μ
392 5167 465 5214 ex
489 5153 678 5211 multis
704 5163 812 5207 una
832 5157 942 5217 est,
965 5161 1072 5203 non
1099 5142 1373 5216 poi-tium
1390 5173 1409 5205 ν,
1438 5150 1617 5193 morus

1795 5153 1931 5211 unda
1964 5153 2065 5208 sint
2092 5193 2107 5218 ,
2145 5157 2199 5205 et
2237 5147 2290 5202 in
2331 5145 2433 5200 isto
2460 5156 2618 5213 quam
2649 5140 2700 5194 in
2729 5137 2999 5212 Cypriano
3023 5137 3176 5210 plura
3219 5150 3348 5204 pur-

108 5259 286 5305 suorum
313 5250 571 5308 fructibus
598 5245 1007 5308 convincuntur,
1052 5237 1107 5293 in
1155 5234 1348 5308 quibus
1393 5231 1446 5285 in
1491 5229 1652 5284 linem

110 5344 586 5415 παμφαύυιιιε
611 5340 738 5412 εὴ
775 5334 1070 5394 “dum
1108 5324 1502 5400 prudentiam
1523 5321 1652 5415 Dei,

86 5431 220 5519 seu
235 5414 413 5495 titulun
434 5447 570 5494 oves
590 5441 777 5492 errant
805 5428 1042 5488 exterius
1059 5467 1074 5494 ,
1104 5424 1182 5480 sic
1203 5419 1357 5477 multi
1520 5414 1656 5516 insi:

1761 5248 1931 5322 ganda
1957 5246 2083 5301 sint.
2105 5241 2222 5298 Non
2263 5239 2433 5295 solum
2460 5235 2637 5306 itaque
2665 5233 2835 5289 malos
2868 5223 3158 5287 catholicos
3199 5225 3349 5282 nullo

1764 5321 1924 5400 modo
1949 5348 2318 5408 comparamus
2337 5371 2354 5398 ,
2385 5328 2480 5386 sed
2503 5343 2607 5383 nec
2630 5321 2802 5382 bonos
2828 5321 2985 5380 facile
3009 5335 3347 5390 coaequamus

1765 5438 1923 5492 beato
1948 5429 2236 5503 Cypriane,
2264 5438 2421 5495 quem
2445 5423 2581 5476 inter
2605 5434 2756 5474 raros
2783 5411 3056 5488 et'paucos
3087 5408 3352 5503 excellen-

112 5522 288 5585 άίιιιιπ
301 5531 553 5598 inter-iu;
578 5529 720 5584 inter
740 5538 881 5598 quos
909 5529 1090 5577 tamen
1114 5513 1266 5573 novit
1285 5509 1544 5568 Dominus
1567 5522 1617 5576 qt

1795 5497 2211 5594 issimue'ératite
2255 5517 2398 5572 viros
2441 5520 2686 5568 numerat
2733 5504 2816 5579 pia
2861 5515 3030 5562 mater
3069 5499 3347 5559 Ecclesia:

114 5628 216 5676 sunt
234 5625 359 5694 ejus,
385 5625 474 5697 qui
492 5638 603 5682 non
627 5619 850 5679 audiunt
865 5625 1060 5673 vocem
1083 5609 1188 5667 nisi
1215 5604 1471 5681 pastoris,
1494 5600 1657 5660 etiam

164 5759 282 5813 'Am.
310 5768 382 5816 Er.
406 5770 460 5816 et
477 5770 606 5827 Itis,
633 5764 803 5814 contra
818 5753 986 5808 utilem
1009 5743 1411 5804 commntdinem.

1771 5620 2015 5695 quamvis
2033 5593 2116 5672 isti
2136 5621 2190 5670 et
2217 5610 2354 5683 apud
2382 5606 2662 5664 hmreticos
2679 5609 3003 5673 cognoscant
3022 5593 3291 5695 Baptismu
3300 5611 3351 5651 ιιι

1772 5689 1991 5780 Christi,
2024 5711 2099 5767 illi
2129 5717 2304 5765 autem
2331 5703 2486 5760 aliter
2505 5701 2676 5758 visum
2703 5697 2811 5760 sit;
2836 5703 2896 5753 ut
2919 5707 3013 5766 per
3031 5704 3159 5750 eum
3175 5689 3357 5750 minus
