3796 6192
405 241 514 303 I99

409 355 608 430 aliquid
631 353 919 419 valentem,
945 357 1002 407 et
1026 347 1080 403 in
1109 346 1312 402 unitate
1337 343 1644 400 ﬁrmissime
1675 354 1998 412 permanen-

412 459 542 515 tem,
565 443 899 504 manifestius
922 440 1384 498 demonstraretur
1407 432 1693 499 hmreticis,
1728 446 1887 504 quam
1918 445 2004 486 sa-

411 540 613 611 crilego
627 539 830 596 scelere
847 540 1180 605 rumperetur
1192 530 1460 586 vinculum
1480 529 1644 600 pacis.
1657 525 1842 598 Neque
1856 525 2000 582 enim

414 631 669 692 Pharisaei
698 626 848 695 cmci,
875 624 1120 697 quamvis
1133 622 1375 680 dicentes
1395 619 1680 692 aliquando
1713 617 1855 689 quod
1886 616 2004 673 ﬁeri

415 724 660 787 debebat,
677 717 1021 792 comparandi
1039 725 1195 774 erant
1213 713 1456 786 apostolo
1472 713 1653 778 Petro,
1668 709 1908 780 quamvis
1925 707 1980 763 di
1993 735 2008 750 ο

416 817 557 876 centi
583 813 868 886 aliquando
892 809 1035 883 quod
1056 809 1172 866 ﬁeri
1189 822 1295 863 non
1313 805 1561 862 debebat.
1585 801 1703 859 Non
1720 801 1893 858 solum
1911 815 2009 854 aud

418 919 526 965 tem
541 908 764 963 istorum
780 903 1000 960 ariditas
1016 901 1158 958 illius
1167 897 1419 954 viriditati
1435 893 1757 952 conferenda
1773 908 1877 949 non
1895 899 1979 948 est
1993 908 2006 944 :

418 999 514 1057 sed
538 1014 638 1056 nec
652 998 878 1054 aliorum
894 995 1098 1051 fructus
1117 991 1260 1048 illius
1275 988 1504 1045 ubertati
1521 985 1882 1056 adaequandus
1900 991 2002 1039 est.

422 1091 622 1149 Gentes
635 1089 777 1148 enim
793 1101 952 1144 nemo
962 1083 1235 1157 judaizare
1252 1096 1394 1137 nunc
1407 1079 1569 1151 cogit,
1587 1093 1688 1134 nec
1702 1076 2014 1148 ideojtamen

422 1185 699 1256 quisquam
717 1194 859 1236 nunc
873 1179 927 1234 in
942 1176 1181 1232 Ecclesia
1197 1172 1584 1245 quantumlibet
1598 1169 1901 1242 profecerit,
1916 1167 2014 1224 Pe-

423 1274 640 1331 stolatui
668 1268 1024 1328 conferendus
1047 1276 1149 1324 est.
1170 1265 1508 1337 Quapropter
1536 1261 1766 1319 reddens
1784 1260 2018 1316 debitam

426 1367 494 1423 tri
534 1365 990 1438 aporeverentiam
1013 1401 1030 1426 ,
1073 1358 1396 1430 dignumque
1438 1355 1734 1422 honorem,
1766 1359 2020 1424 quantum

426 1458 596 1517 valeo,
615 1451 922 1524 persolvens
954 1449 1174 1522 paciﬁco
1193 1447 1446 1518 episcOpo
1462 1453 1518 1502 et
1529 1444 1766 1516 glorioso
1796 1442 2020 1514 martyri

425 1546 694 1620 Cypriano
711 1587 728 1614 ,
759 1543 931 1599 audeo
957 1551 1132 1598 tamen
1157 1540 1338 1596 dicere
1363 1553 1487 1594 eum
1515 1537 1668 1592 aliter
1687 1534 1922 1592 sensisse
1953 1533 2024 1589 de

434 1637 788 1697 schismaticis
813 1637 896 1694 vel
935 1633 1204 1691 haereticis
1226 1629 1594 1704 baptizandis,
1632 1643 1790 1699 quam
1837 1635 2024 1698 postea

433 1731 631 1787 veritas
659 1726 912 1800 prodidit,
944 1741 1051 1781 non
1078 1739 1148 1780 ex
1180 1737 1320 1788 mea,
1351 1720 1446 1776 sed
1466 1736 1530 1776 ex
1563 1719 1826 1774 universa:
1846 1716 2026 1772 Eccle-

430 1824 524 1879 size
564 1819 865 1886 sententia,
913 1815 1135 1888 plenarii
1177 1812 1392 1872 concilii
1434 1811 1749 1868 auctoritate
1774 1805 2026 1864 roborata

431 1922 591 1984 atque
619 1911 828 1967 ﬁrmata
855 1926 870 1963 :
904 1909 1041 1964 sicut
1065 1919 1330 1962 venerans
1359 1919 1458 1976 pro
1486 1904 1567 1959 sui
1595 1901 1789 1958 merito
1810 1899 2026 1955 Petrum

407 1987 666 2081 'primum
691 2003 1068 2076 Apostolorum
1098 2009 1153 2057 et
1181 1996 1664 2056 eminentissimum
1692 2002 1988 2066 martyrum
2008 2031 2024 2057 ,

431 2098 603 2155 audeo
632 2106 808 2153 tamen
837 2094 1042 2160 dicere,
1076 2108 1180 2147 non
1208 2106 1336 2148 eum
1365 2097 1512 2145 recte
1539 2085 1730 2143 iecisse
1756 2095 1812 2140 ut
1831 2083 2029 2140 Gentes

428 2188 703 2261 judaizare
730 2193 987 2256 cogeret;
1016 2183 1177 2239 etiam
1211 2181 1312 2236 hoc
1340 2180 1482 2235 enim
1504 2177 1645 2245 dico,
1668 2191 1777 2232 non
1801 2189 1865 2230 ex
1888 2188 2028 2242 mea,

434 2281 531 2338 sed
557 2295 626 2337 ex
651 2276 878 2350 apostoli
918 2276 1069 2331 Pauli
1116 2272 1341 2330 salutari
1391 2270 1653 2336 doctrina,
1703 2283 1798 2338 per
1839 2266 2029 2322 Eccle-

435 2374 570 2429 siam
599 2371 904 2428 universam
928 2377 1133 2424 retenta
1161 2375 1322 2436 atque
1347 2373 1557 2420 servata
1591 2360 1785 2433 (Calat.
1810 2376 1869 2428 ιι,
1901 2358 2026 2429 14).

513 2466 569 2522 4.
601 2463 886 2534 Disputans
923 2475 1051 2532 ergo
1092 2459 1161 2515 de
1199 2456 1460 2515 sententia
1490 2453 1773 2528 Cypriani,
1806 2452 2032 2507 multum

443 2559 581 2616 inira
611 2557 800 2614 merita
827 2553 1035 2628 positus
1058 2551 1330 2626 Cypriani,
1363 2549 1485 2606 dico
1512 2555 1906 2603 sacramentum
1933 2543 2035 2598 Ba-

441 2651 623 2726 ptismi
662 2659 720 2708 et
757 2647 932 2705 bonos
953 2656 1010 2704 et
1033 2647 1204 2702 malos
1235 2658 1389 2716 posse
1415 2641 1614 2697 habere
1634 2681 1649 2706 ,
1683 2653 1842 2710 posse
1872 2636 2031 2704 dare,

445 2760 608 2819 posse
634 2744 880 2816 accipere
911 2759 924 2797 :
955 2749 1011 2799 et
1038 2740 1210 2796 bonos
1237 2737 1454 2810 quidem
1482 2735 1680 2790 utiliter
1704 2747 1768 2789 ac
1804 2729 2035 2788 salubri-

442 2849 546 2907 ter,
578 2837 750 2894 malos
788 2843 967 2892 autem
999 2832 1298 2906 perniciose
1342 2838 1502 2900 atque
1547 2826 1863 2898 pcenaliter;
1913 2838 2037 2880 cum

444 2931 576 2990 illud
605 2939 784 2986 tamen
805 2929 859 2984 in
880 2927 1124 2999 utrisque
1147 2923 1218 2982 sit
1243 2921 1517 2994 aequaliter
1543 2919 1810 2990 integrum
1835 2934 1850 2970 :
1878 2924 2038 2986 atque

445 3024 584 3081 nihil
613 3024 877 3079 interesse
903 3018 970 3076 ad
997 3018 1113 3090 ejus
1154 3014 1414 3087 aequalem
1455 3013 1510 3067 in
1537 3010 1788 3066 omnibus
1816 3006 2038 3079 integri-

444 3124 631 3179 tatem,
649 3120 852 3185 quanto
872 3108 1022 3183 pejor
1050 3107 1104 3163 id
1131 3105 1329 3162 habeat
1356 3104 1497 3159 inter
1523 3100 1718 3167 malos,
1747 3099 1887 3154 sicut
1907 3096 2038 3153 nihil

444 3208 669 3264 interest
695 3213 897 3277 quanto
937 3199 1129 3258 melior
1156 3198 1210 3255 id
1234 3197 1430 3252 habeat
1458 3195 1598 3250 inter
1621 3193 1812 3247 bonos.
1837 3191 1914 3245 Ac
1943 3204 2040 3260 per

447 3302 551 3358 hoc
570 3293 736 3357 etiam
764 3297 898 3354 nihil
927 3296 1149 3352 interest
1178 3299 1375 3364 quanto
1400 3288 1556 3360 pejor
1580 3286 1633 3342 id
1669 3285 1870 3349 tradat,
1901 3283 2041 3339 sicut

447 3394 580 3452 nihil
608 3394 832 3451 interest
857 3399 1056 3462 quanto
1085 3384 1316 3443 melior:
1347 3390 1507 3453 atque
1531 3381 1604 3436 ita
1649 3377 1782 3434 nihil
1813 3377 2041 3432 interest

446 3496 650 3562 quanto
675 3485 828 3558 pejor
862 3482 914 3540 id
944 3479 1202 3552 accipiat,
1234 3478 1372 3534 sicut
1400 3473 1531 3530 nihil
1575 3473 1799 3529 interest
1835 3477 2042 3543 quanto

448 3579 661 3639 melior.
684 3576 818 3635 Illud
849 3575 993 3634 enim
1020 3587 1116 3644 per
1142 3584 1204 3626 se
1227 3570 1401 3640 ipsum
1426 3609 1440 3634 ,
1483 3575 1538 3622 et
1580 3565 1631 3620 in
1675 3565 1754 3620 eis
1796 3563 1889 3635 qui
1933 3577 2042 3618 non

451 3671 728 3744 aequaliter
750 3668 880 3740 justi
901 3673 1046 3731 sunt,
1072 3671 1127 3718 et
1150 3662 1202 3716 in
1227 3660 1308 3716 eis
1329 3658 1418 3731 qui
1439 3673 1546 3713 non
1573 3654 1848 3726 aequaliter
1868 3652 2034 3723 iniqui

451 3772 597 3831 sunt,
625 3760 905 3832 aequaliter
930 3763 1174 3812 sanctum
1201 3762 1303 3808 est.

522 3853 754 3914 CAPUT
781 3852 870 3908 Ill.
891 3881 963 3892 --
980 3849 1033 3906 5.
1057 3845 1266 3902 Habere
1285 3851 1462 3899 autem
1487 3839 1838 3911 Baptismum,
1861 3845 1917 3894 et
1936 3844 2044 3891 tra-

455 3950 589 4008 dere
611 3990 628 4017 ,
654 3955 710 4004 et
737 3943 983 4016 accipere
1011 3939 1183 3997 malos
1228 3949 1562 4008 nequaquam
1594 3933 1648 3988 in
1677 3930 1869 3987 melius
1897 3945 2046 3986 com-

457 4049 725 4107 mutatos,
773 4045 830 4093 et
872 4033 944 4092 de
985 4029 1273 4104 Scripturis
1318 4025 1622 4091 canonicis,
1671 4033 1728 4080 et
1773 4021 1840 4078 de
1881 4021 2047 4092 ipsius

455 4133 710 4210 Cypriani
741 4129 956 4196 litteris,
986 4125 1136 4192 satis,
1158 4130 1217 4179 ut
1240 4121 1494 4184 arbitror,
1523 4115 2041 4175 demonstravimus:

458 4245 594 4304 quos
614 4242 720 4284 non
742 4223 1014 4298 pertinere
1037 4219 1104 4276 ad
1131 4226 1370 4274 sanctam
1396 4212 1690 4270 Ecclesiam
1718 4211 1835 4278 Dei,
1858 4224 2047 4282 quam-

456 4323 542 4380 vis
567 4323 710 4378 intus
732 4332 855 4376 esse
880 4314 1186 4378 videantur,
1209 4325 1276 4366 ex
1301 4309 1405 4364 hoc
1423 4305 1764 4378 apertissime
1789 4311 2042 4375 apparet,

459 4415 584 4487 quia
600 4413 687 4471 isti
707 4418 832 4468 sunt
855 4407 1022 4474 avari,
1046 4412 1308 4474 raptores,
1341 4400 1691 4464 feneratores,
1722 4394 1908 4461 invidi,
1931 4409 2050 4450 ma-

457 4486 620 4568 levoli
644 4548 660 4573 ,
704 4515 759 4562 et
806 4513 1003 4560 extera
1053 4492 1386 4569 hujusmodi;
1432 4490 1520 4547 illa
1571 4497 1748 4545 autem
1801 4486 2048 4543 columba

458 4602 618 4660 unica
647 4595 817 4672 (Cant.
845 4611 920 4663 vi,
945 4590 1026 4665 8),
1060 4587 1248 4661 pudica
1279 4594 1334 4641 et
1358 4590 1536 4650 casta,
1566 4595 1764 4652 sponsa
1794 4579 1911 4634 sine
1935 4593 2050 4632 ma-

460 4695 580 4753 cula
608 4670 665 4749 et
701 4703 830 4761 ruga
871 4684 1104 4759 (Ephes.
1133 4696 1186 4747 v,
1211 4676 1320 4747 27)
1358 4672 1462 4748 (a),
1506 4673 1693 4728 hortus
1729 4670 2047 4738 conclusus,

459 4790 581 4846 fons
607 4785 865 4856 signatus,
894 4775 1172 4852 paradisus
1196 4787 1316 4828 cum
1344 4768 1516 4824 fructu
1545 4780 1828 4836 pomorum
1859 4761 2045 4837 (Cant.

462 4899 536 4948 IV,
563 4882 650 4944 12,
678 4876 790 4950 15),
821 4885 878 4932 et
905 4881 1098 4930 caetera
1124 4882 1243 4939 quae
1263 4863 1331 4921 de
1353 4862 1438 4918 illa
1464 4860 1712 4917 similiter
1736 4858 1875 4914 dicta
1897 4867 2048 4913 sunt:

464 4973 606 5046 quod
633 4949 749 5027 non
769 4965 1081 5036 tntelligitur
1110 4959 1212 5016 nisi
1235 4959 1288 5013 in
1317 4955 1472 5012 bonis
1491 4961 1548 5009 et
1571 4951 1768 5008 sanctis
1795 4957 1850 5005 et
1869 4949 2048 5020 justis,

464 5068 522 5126 id
549 5075 651 5132 est,
682 5078 789 5120 non
819 5067 1023 5116 tantum
1067 5052 1358 5111 secundum
1387 5049 1728 5120 operationes
1767 5058 2052 5101 munerum

465 5156 567 5216 Dei
593 5155 747 5213 bonis
771 5150 1030 5220 malisque
1053 5157 1365 5202 communes
1383 5182 1400 5209 ,
1441 5138 1537 5196 sed
1575 5139 1735 5194 etiam
1762 5133 2054 5191 secundum

471 5248 714 5308 intimam
733 5253 790 5301 et
815 5237 1298 5314 supereminentem
1319 5232 1632 5290 charitatem
1653 5227 1907 5299 Spiritum
1933 5240 2057 5282 san-

473 5349 620 5400 ctum
645 5333 987 5400 habentibus,
1015 5329 1206 5403 quibus
1245 5324 1503 5382 Dominus
1526 5320 1675 5384 dicit,
1710 5317 1772 5374 Si
1798 5318 1878 5372 cui
1900 5317 2055 5373 dimi-

472 5427 639 5487 διήιξε
666 5430 892 5497 peccata,
918 5416 1232 5474 dimittantur
1259 5412 1342 5477 ei;
1363 5418 1410 5466 et
1432 5409 1474 5464 si
1502 5407 1584 5462 cui
1604 5404 1889 5474 tenueritis,
1914 5412 2054 5458 tene-

473 5523 660 5581 buntur
686 5515 866 5593 (Joan.
893 5528 988 5577 xx,
1014 5507 1130 5583 25).

546 5587 772 5674 caru'r
798 5603 1050 5666 lV.—6.
1079 5601 1156 5659 Ac
1184 5613 1282 5673 per
1311 5596 1412 5653 hoc
1454 5593 1586 5651 nihil
1630 5591 1886 5648 idoneum
1915 5587 2052 5657 dici,

533 5773 609 5837 (a)
629 5777 667 5822 ιι
687 5775 914 5830 κου-αα..
935 5777 1041 5829 cup.
1070 5761 1144 5813 l8.

1185 231 1275 289 DE
1311 225 1648 285 BAPTISMO
1684 222 1956 281 CONTRA
2001 217 2447 289 DONATISTAS,
2480 218 2539 276 S.
2569 218 2939 276 AUGUS’l‘lNl

3637 214 3750 273 200

2114 355 2210 393 cur
2255 353 2360 393 non
2403 338 2570 409 possit
2595 337 2769 394 malus
2791 336 2952 394 etiam
2979 334 3188 394 tradere
3213 334 3580 408 Baptismum
3602 373 3622 400 ,
3658 336 3752 403 qui

2116 441 2292 504 potest
2331 433 2567 499 habere;
2601 441 2655 488 et
2684 432 2820 488 sicut
2866 431 3167 504 perniciose
3213 431 3413 498 habet,
3452 429 3544 486 ita
3576 429 3751 485 etiam

2116 524 2421 596 perniciose
2451 522 2696 591 tradere;
2725 539 2833 579 non
2870 523 2991 594 quia
3024 523 3130 579 tale
3157 522 3351 594 aliquid
3384 520 3573 578 tradit
3593 563 3611 588 ,
3650 535 3756 575 nec

2115 616 2237 686 quia
2267 617 2390 672 talis
2425 616 2618 682 tradit,
2645 615 2740 672 sed
2759 616 2882 687 quia
2912 615 3001 670 tali
3032 614 3192 670 tradit
3218 615 3259 670 ί.
3285 613 3420 670 Nam
3451 629 3600 671 cum
3635 627 3755 667 ma-

2119 706 2202 762 lus
2242 707 2407 763 tradit
2450 707 2620 774 bono,
2669 706 2722 762 id
2761 715 2873 773 est,
2914 706 2968 761 in
3006 705 3226 762 unitatis
3264 705 3523 772 vinculo,
3556 703 3755 760 veraci

2119 800 2472 856 conversione
2496 809 2723 868 mutato,
2749 800 2888 856 inter
2911 799 3108 855 bonum
3135 798 3566 856 Sacramentum
3593 796 3750 869 quod

2121 895 2367 962 traditur,
2391 904 2445 951 et
2470 895 2668 950 bonum
2695 893 2908 951 ﬁdelem
2933 893 3018 948 cui
3047 893 3289 960 traditur,
3317 893 3604 950 tradentis
3633 907 3754 946 ma-

2120 987 2231 1044 litia
2278 1003 2385 1044 non
2431 989 2705 1059 separat’.
2747 986 2963 1042 Etcum
3009 987 3084 1043 illi
3126 987 3387 1044 veraciter
3431 986 3510 1043 ad
3563 985 3753 1042 Deum

2124 1094 2390 1137 converso
2435 1089 2654 1152 peccata
2701 1079 3057 1145 dimittuntur,
3112 1079 3181 1135 ab
3225 1079 3305 1136 eis
3350 1079 3752 1146 dimittuntur,

2125 1171 2317 1243 quibus
2357 1172 2471 1242 ipsa
2493 1171 2515 1204 ³
2554 1173 2730 1227 veraci
2775 1171 3128 1227 conversione
3164 1171 3538 1243 conjungitur.
3589 1169 3754 1226 Idem

2125 1269 2322 1338 quippe
2365 1265 2597 1338 Spiritus
2642 1273 2859 1321 sanctus
2899 1281 2963 1321 ea
3009 1264 3260 1332 dimittit,
3307 1266 3397 1338 qui
3444 1266 3624 1322 datus
3668 1272 3756 1320 est

2127 1359 2376 1414 omnibus
2406 1358 2607 1414 sanctis
2645 1356 2746 1412 sibi
2785 1357 3046 1414 charitate
3068 1356 3496 1424 cohaerentibus,
3529 1357 3660 1414 sive
3691 1371 3753 1413 se

2131 1450 2379 1508 noverint
2425 1448 2795 1521 corporaliter,
2843 1448 2956 1505 sive
3002 1463 3110 1505 non
3153 1450 3418 1506 noverint.
3462 1447 3750 1508 Similiter

2130 1557 2251 1598 cum
2292 1540 2514 1612 alicujus
2541 1549 2758 1611 peccata
2787 1548 3057 1607 tenentur,
3088 1541 3158 1596 ab
3183 1541 3264 1598 eis
3303 1541 3492 1613 utique
3543 1552 3750 1597 tenen-

2132 1643 2241 1702 tur,
2268 1649 2299 1689 a
2327 1632 2522 1705 quibus
2550 1647 2609 1689 se
2635 1631 2748 1697 ille,
2771 1631 2857 1687 cui
2888 1639 3159 1697 tenentur,
3183 1635 3312 1686 vita:
3329 1630 3752 1687 dissimilitudi-

2131 1739 2202 1781 ne
2220 1734 2274 1780 et
2297 1723 2446 1797 pravi
2473 1722 2654 1780 cordis
2681 1723 2960 1779 aversione
2985 1721 3264 1794 disjungit,
3295 1722 3412 1779 sive
3438 1722 3598 1778 illum
3622 1736 3753 1778 cor-

2133 1815 2388 1888 poraliler
2412 1814 2683 1881 noverint,
2705 1814 2820 1870 sive
2840 1827 2947 1869 non
2970 1813 3244 1869 noverint.

2203 1907 2430 1965 CAPUT
2470 1907 2534 1963 V.
2575 1937 2646 1949 —
2701 1908 2755 1962 7.
2814 1907 3148 1979 Quapropter
3194 1921 3385 1964 omnes
3441 1906 3579 1965 mali
3625 1907 3748 1980 spi-

2134 2002 2398 2058 ritualiter
2438 2017 2472 2057 a
2508 2001 2664 2057 bonis
2707 1999 2933 2071 sejuncti
2996 2007 3122 2056 sunt
3169 2016 3185 2052 :
3237 1999 3286 2055 si
3325 2007 3509 2056 autem
3562 1999 3741 2056 etiam

2135 2099 2481 2169 corporaliter
2515 2105 2703 2169 aperta
2749 2095 3084 2152 dissensione
3134 2103 3472 2167 separentur,
3519 2094 3746 2165 pejores

2137 2191 2294 2246 ﬁunt.
2337 2188 2464 2258 Sed,
2493 2197 2551 2243 ut
2582 2187 2784 2244 dictum
2816 2193 2922 2254 est,
2953 2185 3088 2241 nihil
3116 2185 3339 2241 interest
3363 2184 3430 2240 ad
3471 2181 3745 2254 Baptismi

2137 2286 2495 2351 sanctitatem,
2513 2290 2712 2354 quanto
2726 2283 2952 2354 quisque
2971 2280 3123 2352 pejor
3138 2279 3193 2335 id
3213 2278 3429 2346 habeat,
3454 2287 3514 2336 et
3532 2285 3747 2351 quanto

2138 2381 2290 2453 pejor
2315 2379 2369 2436 id
2395 2377 2600 2434 tradat:
2627 2384 2804 2448 potest
2827 2383 3010 2432 tamen
3034 2373 3248 2430 tradere
3270 2381 3578 2444 separatus,
3602 2372 3747 2426 sicut

2137 2479 2318 2544 potest
2357 2469 2553 2526 habere
2595 2477 2908 2540 separatus;
2957 2465 3053 2522 sed
3093 2479 3253 2535 quam
3290 2463 3600 2536 perniciose
3643 2461 3745 2516 ha-

2139 2564 2294 2637 bere,
2320 2573 2426 2618 tam
2469 2561 2770 2632 perniciose
2813 2557 3044 2616 tradere.
3087 2558 3185 2614 Ille
3221 2568 3402 2613 autem
3429 2556 3520 2613 cui
3549 2554 3738 2619 tradit,

2139 2664 2314 2728 potest
2341 2654 2626 2711 salubriter
2664 2656 2927 2724 accipere,
2965 2653 3010 2707 si
3039 2651 3156 2723 ipse
3185 2665 3292 2706 non
3331 2658 3618 2720 separatus
3645 2662 3741 2702 ac—

2141 2749 2341 2819 cipiat:
2385 2747 2521 2803 sicut
2551 2745 2822 2817 plerisque
2850 2742 3045 2800 accidit
3073 2751 3132 2798 ut
3165 2740 3434 2798 catholico
3459 2741 3648 2797 animo
3687 2746 3738 2793 et

2140 2841 2304 2899 corde
2329 2841 2398 2897 ab
2428 2841 2633 2896 unitate
2672 2837 2819 2909 pacis
2848 2851 2954 2892 non
2985 2835 3238 2903 alienato,
3269 2834 3444 2906 aliqua
3493 2830 3738 2889 necessi-

2142 2943 2252 2992 tate
2278 2933 2468 2990 mortis
2492 2930 2729 3003 urgentis
2757 2930 2810 2985 in
2833 2927 3066 3000 aliquem
3093 2925 3404 2983 haereticum
3441 2924 3734 2988 irruerent,

2143 3040 2197 3088 et
2225 3032 2294 3087 ab
2337 3043 2405 3086 eo
2435 3026 2636 3086 Christi
2683 3024 3006 3096 baptismum
3048 3021 3167 3078 sine
3209 3021 3356 3076 illius
3382 3017 3738 3092 perversitate

2145 3123 2501 3197 perciperent,
2531 3128 2587 3178 et
2626 3119 2753 3184 sive.
2782 3115 3042 3181 defuncti,
3087 3115 3202 3171 sive
3252 3113 3484 3182 liberati,
3532 3127 3737 3185 nequa-

2144 3232 2305 3289 quam
2328 3214 2471 3286 apud
2497 3228 2591 3271 eos
2616 3219 2978 3278 remanerent,
3007 3207 3076 3265 ad
3099 3223 3234 3280 quos
3261 3221 3538 3280 nunquam
3571 3205 3735 3264 corde

2145 3308 2486 3365 transierant.
2513 3306 2570 3363 Si
2600 3313 2780 3361 autem
2798 3303 2963 3360 etiam
3000 3301 3116 3371 ipse
3137 3306 3417 3370 separatus
3443 3297 3731 3368 acceperit,

2146 3408 2295 3458 tanto
2332 3398 2687 3472 perniciosius
2713 3396 2924 3468 accipit,
2950 3401 3153 3466 quanto
3167 3390 3376 3464 majus‘
3412 3391 3619 3448 bonum
3657 3397 3734 3445 est

2146 3493 2289 3566 quod
2319 3507 2425 3548 non
2455 3492 2590 3548 bene
2613 3488 2809 3559 accipit
2837 3503 2852 3542 :
2881 3495 2936 3544 et
2959 3494 3110 3543 tanto
3147 3484 3318 3557 magis
3353 3483 3499 3540 valet
3527 3481 3598 3539 ad
3622 3480 3730 3538 exi-

2146 3588 2280 3643 tium
2323 3594 2590 3656 separato,
2629 3589 2830 3654 quanto
2857 3581 3030 3653 magis
3058 3586 3240 3651 posset
3279 3577 3347 3634 ad
3385 3578 3616 3635 salutem
3643 3591 3731 3631 va-

2147 3679 2259 3734 lere
2295 3677 2606 3747 conjuncto.
2635 3673 2703 3728 Et
2731 3672 2854 3729 ideo
2877 3671 2925 3727 si
2962 3670 3030 3727 ab
3073 3670 3162 3726 illa
3187 3669 3538 3741 perversitate
3557 3680 3733 3724 corre-

2146 3778 2288 3836 ctus,
2307 3777 2362 3824 et
2386 3782 2418 3821 a
2440 3763 2776 3836 separatione
2796 3776 3088 3819 conversus
3109 3760 3316 3818 venerit
3337 3758 3406 3816 ad
3420 3757 3730 3816 catholicam

2146 3874 2357 3934 pacem,
2380 3858 2481 3914 sub
2505 3856 2696 3914 eodem
2735 3853 3065 3926 Baptismate
3091 3851 3237 3925 quod
3273 3858 3583 3922 acceperat,
3621 3846 3730 3918 ejus

2149 3960 2365 4025 peccata
2393 3950 2734 4007 dimittuntur
2769 3955 2992 4019 propter
3019 3944 3291 4006 vinculum
3317 3941 3615 4009 charitatis,
3637 3939 3727 3996 sub

2149 4061 2257 4117 quo
2282 4044 2608 4116 Baptismate
2640 4048 2857 4112 peccata
2882 4039 3000 4111 ejus
3043 4037 3362 4095 tenebantur
3405 4042 3624 4106 propter
3647 4046 3726 4088 sa-

2150 4143 2424 4214 crilegium
2445 4137 2761 4195 divisionis:
2792 4136 2916 4207 quia
2955 4132 3082 4190 illud
3109 4140 3165 4188 et
3190 4132 3245 4186 in
3273 4130 3493 4186 homine
3515 4129 3656 4200 justo
3679 4132 3726 4182 et

2151 4236 2205 4290 in
2234 4232 2451 4290 homine
2475 4231 2672 4302 injusto
2723 4242 2936 4298 semper
2973 4233 3220 4281 sanctum
3263 4230 3367 4288 est,
3394 4217 3536 4292 quod
3565 4230 3727 4289 neque

2151 4327 2404 4398 aequitate
2445 4322 2670 4394 alicujus
2715 4327 2960 4392 augetur,
2986 4331 3161 4389 neque
3187 4314 3414 4385 alicujus
3463 4313 3724 4384 iniquitate

2153 4419 2432 4477 minuitur.

2225 4512 2278 4568 8.
2317 4509 2448 4579 Qua:
2475 4519 2599 4564 cum
2629 4505 2700 4560 ita
2727 4503 2856 4571 sint,
2882 4500 3011 4574 quid
3035 4499 3160 4556 huic
3186 4507 3295 4555 tam
3325 4497 3616 4569 perspicua:
3641 4509 3724 4549 ve-

2154 4603 2294 4660 ritati
2332 4601 2518 4664 ofﬁcit,
2551 4597 2695 4671 quod
2721 4595 2873 4652 multi
2900 4593 3202 4666 coepiscopi
3223 4591 3493 4666 Cypriano
3519 4591 3569 4646 in
3595 4589 3724 4645 illam

2155 4696 2476 4755 sententiam
2521 4695 2932 4756 consenserunt,
2979 4700 3210 4757 suasque
3257 4685 3313 4739 in
3361 4683 3507 4740 idem
3548 4694 3725 4737 conve-

2157 4791 2365 4846 nientes
2393 4785 2635 4858 proprias
2660 4781 3017 4854 protulerunt,
3047 4778 3149 4834 nisi
3184 4785 3244 4832 ut
3272 4773 3444 4847 magis
3472 4773 3725 4846 magisque

2157 4883 2294 4938 illius
2323 4881 2420 4936 viri
2437 4893 2561 4950 erga
2577 4876 2835 4933 unitatem
2850 4871 3049 4928 Christi
3065 4869 3299 4926 charitas
3321 4865 3650 4924 innotescat?
3675 4862 3723 4919 Si

2157 4975 2298 5032 enim
2325 4972 2473 5028 solus
2509 4970 2609 5025 ista
2637 4967 2876 5025 sentiens
2913 4964 3059 5020 nullo
3087 4961 3459 5018 consentiente
3500 4972 3726 5016 remane-

2157 5076 2258 5133 ret,
2288 5065 2559 5122 videretur
2595 5069 2878 5135 pmpterca
2905 5055 3214 5127 refriguisse
3251 5054 3320 5110 ab
3361 5052 3568 5110 scelere
3600 5049 3725 5106 schi-

2157 5160 2366 5230 smatis,
2383 5158 2507 5230 quia
2532 5156 2708 5213 socios
2733 5169 2839 5210 non
2866 5150 3172 5208 inveniebat
3193 5147 3430 5206 erroris:
3465 5154 3573 5202 tam
3599 5143 3722 5200 mul-

2225 5364 2244 5397 ί
2267 5359 2594 5412 Lovanienses
2628 5355 2767 5406 libris
2791 5347 3194 5412 omnibuseditis
3231 5351 3284 5397 et
3304 5342 3709 5412 re

2159 5404 2813 5496 luctanTtibw—us'c—orreierunt,
2847 5427 2935 5466 nec
2957 5411 3071 5478 quia
3094 5410 3182 5463 tati
3202 5407 3372 5471 tradit,
3402 5407 3492 5460 sed
3513 5404 3722 5472 quintam

2159 5487 2388 5609 "adfui,
2425 5543 2612 5598 malitia
2646 5545 2916 5611 separatur.
2943 5544 3018 5611 ter.
3039 5545 3100 5611 et
3115 5547 3288 5588 omnes
3308 5539 3440 5594 llas,
3458 5529 3636 5585 malitia
3653 5540 3716 5579 tu-

2162 5599 2394 5682 paratur}
2415 5611 2600 5678 omissa.
2614 5599 2830 5668 negante
2853 5599 3101 5666 particula.

2230 5678 2250 5709 ³
2275 5674 2406 5730 Apud
2428 5680 2558 5730 t.ov.,
2579 5679 2700 5730 ipse.
2742 5729 2746 5730 ν

2231 5689 2250 5709 δ
2275 5689 2406 5737 Apllo
2429 5689 2558 5730 LOV.,
2579 5689 2700 5730 Ipse.
2740 5729 2748 5736 .

2231 5740 2249 5771 ἰ
2276 5745 2373 5787 Am.
2395 5742 2448 5785 ct
2471 5742 2594 5792 Mss,
2617 5743 2787 5793 magis.
