3812 6128
66 277 156 338 soi

72 396 133 449 tis
178 401 361 448 autem
419 389 518 448 sibi
568 387 1040 455 consentientibus,
1082 383 1221 458 quod
1275 401 1393 441 cum
1437 386 1645 440 rmteris

68 488 268 542 diversa
300 483 656 540 sentientibus
685 482 737 537 in
783 481 982 535 unitate
1033 480 1336 547 permansit,
1371 477 1649 531 catholica:

68 575 427 633 universitatis
450 573 845 629 sanctissimum
876 570 1169 629 vinculum,
1203 583 1305 622 non
1336 571 1525 622 timore
1556 581 1646 620 so-

68 668 317 734 litudinis,
350 665 446 722 sed
481 665 623 735 pacis
659 679 841 718 amore
869 665 1120 717 servavit.
1166 660 1500 728 Quapropter
1529 671 1649 727 pos-

69 768 144 814 set
171 756 390 828 quidem
426 756 534 826 jam
566 753 732 809 videri
763 751 1112 823 superﬂuum,
1143 736 1458 805 maerorum
1487 748 1647 802 etiam

73 846 204 904 illius
239 847 456 903 concilii
501 846 873 915 episcoporum
923 842 1158 912 singulas
1207 849 1501 895 retractare
1528 853 1665 906 sene

72 938 286 994 tentias:
312 934 414 992 sed
433 937 680 1007 quoniam
712 933 873 989 corde
900 932 1161 987 tardiores
1183 946 1286 985 non
1319 939 1501 1000 putant
1533 944 1652 985 esse

71 1043 403 1099 responsum,
433 1026 479 1082 si
507 1026 663 1081 alicui
712 1026 832 1082 loco
866 1024 1121 1094 cujusque
1152 1023 1415 1078 sermonis
1446 1037 1549 1075 non
1579 1021 1651 1076 ibi

70 1118 157 1174 sed
184 1118 310 1174 alibi
344 1116 750 1188 respondeatur,
774 1114 914 1185 quod
954 1114 1076 1168 illuc
1105 1114 1265 1167 etiam
1297 1111 1460 1182 possit
1496 1109 1651 1165 adbi-

72 1210 211 1276 beri;
254 1210 451 1264 melius
492 1209 716 1262 multum
757 1205 982 1276 legendo
1021 1214 1319 1260 atteruntur
1359 1212 1415 1257 ut
1452 1218 1651 1258 acuan-

72 1310 169 1364 tur,
199 1315 363 1370 quam
392 1314 581 1371 parum
630 1296 977 1367 intelligendo
1005 1302 1402 1367 conqueruntur
1431 1302 1488 1347 ut
1530 1292 1653 1349 red-

75 1400 380 1462 srguantur.
1423 1379 1426 1381 λ

134 1482 365 1539 CAPUT
405 1481 493 1540 Ἦ.
531 1512 605 1523 -
639 1481 694 1537 9.
746 1481 983 1536 Primum
1021 1495 1149 1551 ergo
1190 1479 1354 1551 ipsius
1401 1477 1651 1550 Cypriani

74 1573 536 1637 consultationem,
557 1588 659 1643 qua
689 1572 951 1627 indicatur
973 1571 1148 1625 anima
1171 1569 1387 1641 pacilica
1415 1579 1464 1624 et
1487 1585 1656 1624 exun-

73 1663 196 1720 dans
221 1663 391 1720 ubere
418 1662 713 1730 cbaritatis,
748 1663 886 1718 unde
911 1662 1190 1718 consilium
1221 1662 1396 1731 ipsum
1441 1661 1649 1730 incipit,

76 1754 258 1811 iterum
289 1754 735 1811 considerandam
763 1769 1264 1809 commemoremus.
1298 1754 1539 1818 Audistis,
1576 1754 1655 1807 in-

75 1847 198 1914 quit,
238 1844 452 1915 collega:
486 1844 819 1908 dilectissimi,
858 1844 981 1915 quid
1010 1845 1131 1897 mihi
1160 1842 1442 1898 Jttbaianus
1489 1845 1656 1914 coepi-

74 1953 246 2009 scopus
292 1947 466 1992 noster
493 1936 765 2006 scripserit,
808 1934 1077 1989 consulens
1124 1935 1513 1988 mediocritatem
1564 1950 1657 1989 no-

75 2039 221 2084 stram
247 2029 313 2082 de
351 2029 529 2082 illicito
568 2035 613 2080 et
648 2030 864 2098 profano
904 2025 1254 2079 Iucreticorum
1278 2023 1580 2094 Baptisma;
1610 2033 1656 2079 et

76 2118 188 2190 quid
235 2135 329 2190 ego
376 2118 422 2171 ei
465 2116 829 2186 rescripserim,
857 2131 1061 2170 censeas
1109 2116 1296 2170 scilicet
1332 2115 1469 2184 quod
1504 2115 1657 2169 semel

77 2218 216 2279 atque
242 2209 427 2262 iterum
456 2216 501 2261 et
528 2222 663 2276 stupe
681 2207 985 2271 censuimus,
1003 2205 1259 2259 Iiwreticos
1281 2204 1349 2258 ad
1378 2204 1658 2259 Ecclesium

76 2301 338 2367 Uenientes,
375 2295 622 2353 Ecclesia:
671 2297 933 2366 Baptisma
973 2295 1221 2367 baptizari
1263 2305 1309 2349 et
1351 2296 1659 2366 sancti/icari

77 2400 315 2462 oportere.
343 2389 372 2443 1
382 2399 481 2444 tem
501 2385 642 2443 lectte
664 2397 780 2443 sunt
819 2384 953 2444 vobis
979 2397 1025 2441 et
1049 2388 1166 2442 alite
1188 2387 1430 2442 Jubaiani
1456 2388 1654 2455 litterte,

77 2484 246 2552 quibus
276 2498 372 2552 pro
409 2498 502 2536 sua
535 2482 729 2535 sincera
757 2489 804 2534 et
843 2480 1078 2550 religiosa
1117 2479 1399 2544 devotione,
1442 2479 1513 2533 ad
1546 2480 1658 2551 epi-

81 2574 252 2626 stolam
280 2581 509 2627 nostram
548 2571 845 2637 rescribens,
877 2587 979 2624 non
1021 2578 1215 2624 tantum
1259 2572 1527 2638 consensit,
1573 2571 1661 2625 sed

80 2671 121 2715 et
147 2662 444 2715 instructum
469 2676 524 2715 se
558 2676 662 2714 esse
687 2662 877 2730 gratias
913 2660 1031 2731 egit.
1079 2660 1321 2731 Superest
1362 2669 1415 2714 ut
1455 2660 1518 2714 de
1566 2662 1661 2714 hac

82 2751 189 2821 ipsa
227 2768 284 2806 re
327 2750 520 2821 singuli
563 2750 684 2820 quid
711 2749 986 2804 sentiamus
1015 2754 1373 2820 proferamus;
1415 2751 1662 2805 neminem

82 2841 375 2910 iudicantes,
404 2848 493 2894 aut
513 2858 543 2893 a
553 2841 674 2910 jure
688 2841 1054 2895 communionis
1070 2841 1306 2910 aliquem,
1339 2842 1385 2896 si
1410 2841 1658 2896 diversum

82 2933 310 2998 senserit,
359 2940 662 2986 anteuentes.
719 2928 899 3001 Neque
939 2931 1073 2985 enim
1120 2932 1385 3001 quisquam
1433 2942 1662 2987 nostrum

84 3023 367 3092 episcopum
390 3039 444 3077 se
465 3022 817 3093 episcoporum
851 3021 1127 3088 constituit,
1158 3032 1248 3074 aut
1275 3023 1536 3092 tyrannica
1565 3034 1664 3078 ter—

84 3128 187 3169 rore
209 3116 277 3168 ad
319 3113 625 3185 obsequendi
668 3115 1009 3186 necessitatem
1050 3112 1269 3184 collegas
1311 3131 1430 3168 suos
1459 3115 1662 3186 adigit:

85 3206 272 3275 quando
297 3204 478 3259 habeat
501 3204 665 3259 omnis
689 3204 954 3274 episcopus
980 3220 1072 3273 pro
1102 3204 1303 3258 licentia
1332 3205 1576 3261 libertatis
1612 3216 1661 3261 et

85 3299 331 3369 potestatis
360 3312 469 3352 sua:
496 3296 760 3351 arbitrium
805 3296 1088 3365 proprium,
1119 3304 1318 3366 tamque
1334 3297 1561 3367 judicari
1599 3297 1660 3352 ab

72 3389 176 3444 ~an
199 3407 298 3445 non
326 3390 507 3461 possit,
531 3405 681 3460 quam
710 3405 799 3443 nec
829 3389 936 3459 ipse
965 3398 1123 3459 potest
1146 3390 1360 3443 alterum
1392 3391 1660 3460 judicare;

86 3480 163 3534 sed
185 3489 526 3552 exspectemus
558 3479 778 3533 universi
811 3476 1066 3550 judicium
1094 3474 1305 3533 Domini
1351 3480 1508 3533 nostri
1536 3480 1662 3535 .Iesu

87 3570 277 3639 Christi,
302 3572 394 3644 qui
432 3589 563 3626 unus
600 3581 645 3627 et
672 3568 809 3627 solus
847 3572 994 3626 habet
1028 3580 1320 3641 potestate»:
1364 3582 1411 3627 et
1457 3589 1660 3645 prapo-

96 3665 228 3719 tendi
267 3681 364 3719 nos
407 3665 459 3718 in
507 3663 751 3718 Ecclesia:
794 3679 900 3718 sua:
947 3662 1324 3734 gubernatione,
1363 3675 1413 3721 et
1440 3666 1502 3721 de
1544 3676 1662 3722 actu

91 3764 247 3810 nostro
261 3750 538 3824 judicandi
566 3752 657 3825 (In
683 3753 897 3808 concilio
921 3754 1357 3827 Cartltaginensi).

151 3842 379 3900 CAPUT
418 3843 530 3898 Vll.
554 3872 626 3885 -—-
665 3842 753 3898 10.
794 3842 909 3897 iam
941 3843 1090 3909 satis,
1124 3852 1378 3913 quantum
1408 3846 1655 3912 arbitror,

93 3949 187 3990 non
215 3936 392 3991 solum
422 3934 489 3990 ad
516 3934 796 4006 epistolam
825 3949 981 4004 quam
1017 3931 1277 3989 Jubaiano
1302 3936 1535 4006 scripsit,
1566 3939 1660 3994 sed

90 4029 237 4083 etiam
271 4027 341 4084 ad
374 4027 515 4081 illam
553 4041 711 4097 quam
756 4025 820 4080 ad
850 4025 1104 4093 Quintum
1130 4026 1296 4090 dedit,
1323 4038 1373 4080 et
1400 4026 1466 4082 ad
1517 4027 1659 4084 illam

90 4134 237 4190 quam
264 4132 388 4174 cum
419 4115 734 4187 quibusdam
763 4115 982 4184 collegis
1009 4115 1074 4170 ad
1120 4116 1377 4185 quosdam
1407 4119 1658 4190 collegas,

88 4219 144 4266 ct
164 4210 228 4265 ad
253 4209 405 4265 illam
434 4220 592 4278 quam
620 4206 689 4261 ad
734 4206 1063 4276 Pompeium,
1092 4217 1344 4277 quantum
1375 4209 1659 4278 potuimus,

88 4314 183 4369 pro
222 4298 570 4367 universitate
611 4297 886 4354 catholica:
931 4298 1297 4353 consensionis
1343 4309 1501 4370 atque
1530 4316 1661 4356 con-

94 4392 211 4459 cilii,
244 4393 297 4447 in
326 4392 482 4460 cujus
507 4389 711 4445 unitate
739 4389 824 4444 isti
856 4399 1101 4459 tanquam
1134 4390 1214 4459 pia
1243 4392 1478 4447 membra
1509 4409 1662 4447 man-

95 4491 282 4547 serunt,
318 4481 471 4536 libris
500 4480 860 4550 superioribus
890 4480 1292 4548 disputavimus.
1332 4480 1664 4552 QuaprOptcr

95 4571 190 4642 iam
218 4582 575 4645 Opportunum
601 4570 835 4636 videtur,
865 4569 987 4640 quid
1023 4571 1182 4625 etiam
1214 4573 1392 4626 caeteri
1432 4572 1664 4643 singilla-

98 4664 180 4717 tim
216 4664 527 4719 censuerint
563 4662 904 4717 considerare
934 4678 992 4716 ea
1042 4662 1305 4728 libertate,
1325 4678 1480 4733 quam
1513 4666 1664 4723 nobis

88 4742 245 4810 etiam
274 4757 391 4826 ipse
422 4771 525 4808 non
567 4755 857 4824 abrogavit,
892 4754 1092 4818 dicens,
1125 4753 1389 4808 Neminem
1421 4757 1665 4826 judican-

98 4853 180 4908 tes,
204 4857 288 4898 aut
324 4862 358 4898 a
386 4845 509 4914 jure
535 4844 898 4898 communionis
926 4844 1165 4913 aliquem,
1194 4845 1239 4897 si
1266 4844 1514 4900 diversum
1552 4864 1667 4903 sen-

98 4937 225 5002 serit,
251 4947 554 4989 amoventes.
588 4935 738 5002 Quod
782 4950 903 4990 eum
954 4949 1059 4988 non
1092 4935 1107 4965 ‘
1131 4944 1405 5003 propterea
1436 4935 1661 5004 dixisse,

101 5036 152 5078 ut
169 5026 514 5097 cogitationes
546 5026 733 5081 tacitas
755 5024 1103 5093 collegarum,
1131 5032 1377 5093 tanquam
1400 5024 1467 5079 de
1485 5025 1665 5080 abdito

103 5125 270 5171 enitas
311 5117 401 5170 tali
434 5117 721 5170 securitate
750 5122 1009 5182 captaret,
1041 5112 1135 5169 sed
1163 5113 1303 5183 quod
1343 5129 1525 5169 revera
1572 5129 1665 5184 pa-

105 5222 209 5259 rem
240 5208 603 5276 unitatemque
632 5206 897 5276 diligeret,
926 5222 990 5259 ex
1033 5205 1149 5259 aliis
1192 5204 1454 5260 similibus
1485 5206 1668 5261 videre

107 5294 398 5351 facillimum
449 5304 565 5359 e~t,
611 5297 699 5349 ubi
743 5295 808 5349 ad
850 5295 1088 5365 singulos
1136 5295 1369 5364 scripsit,
1418 5296 1555 5350 sicut
1600 5294 1667 5350 ad

106 5383 262 5451 ipsum
307 5386 643 5441 Juliaianum.
690 5384 813 5439 llaec
856 5385 963 5450 tibi,
1007 5384 1196 5453 inquit,
1246 5384 1527 5439 brevissime
1575 5401 1669 5455 pro

108 5486 263 5529 nostra
288 5477 629 5531 mediocritate
656 5474 1021 5543 rescripsimus,
1052 5478 1209 5544 frater
1233 5474 1546 5542 charissime,
1576 5492 1667 5530 ne-

164 5628 178 5658 ⁸
197 5634 247 5703 tu
271 5629 434 5679 editis:
457 5629 644 5703 additur
667 5628 762 5687 hic,
778 5628 1047 5691 puto,un
1069 5629 1277 5681 vet-lium
1296 5627 1559 5691 redundat,
1577 5641 1670 5681 nec

104 5698 171 5741 est
196 5696 243 5738 in
266 5696 615 5753 manuscriptis.

332 5748 556 5834 Sacr.
607 5748 904 5833 Aucusrt
932 5772 1041 5833 IX.

1423 271 1625 330 LIBER
1664 271 1951 330 SEXTUS.

3224 291 3329 350 202

1761 386 1884 438 mini
1908 376 2301 455 praescribentes,
2328 398 2416 445 aut
2454 392 2859 463 pmjudicantes,
2887 401 3150 466 quominus
3174 416 3337 456 unus-

1754 475 1960 545 quisque
1995 477 2348 548 episcoporum
2372 482 2509 550 quod
2534 492 2675 553 putat
2710 486 2885 555 faciat,
2928 488 3114 543 habens
3142 491 3337 544 arbitrii

1755 566 1837 618 sui
1865 566 2072 622 liberam
2098 579 2415 638 potestatem.
2440 572 2507 627 Et
2537 589 2602 630 ne
2629 576 2927 646 quisquam,
2950 581 2993 634 si
3026 580 3122 636 bac
3150 583 3334 638 eadem

1759 654 1923 711 libera
1955 666 2213 726 potestate
2239 660 2450 716 diversa
2480 664 2717 732 sentiret,
2745 667 3021 737 pellendus
3050 684 3078 725 a
3110 684 3335 729 caetero-

1759 763 1875 800 rum
1905 750 2174 804 consortio
2206 750 2489 819 videretur,
2511 756 2747 825 sequitur
2772 766 2825 813 et
2849 759 2995 823 dicit,
3025 760 3153 827 Nos,
3175 781 3337 832 quan-

1757 838 1938 891 tumin
1968 841 2110 892 nobis
2140 850 2233 906 est,
2264 852 2469 913 propter
2503 844 2760 901 luereticos
2792 866 2906 902 cum
2938 853 3141 924 collegis
3176 868 3221 908 et
3254 873 3337 909 co-

1757 928 2003 1000 episcopis
2041 933 2224 986 nostris
2253 949 2351 987 non
2373 932 2739 1002 contendimus,
2771 956 2885 994 cum
2909 944 3086 1011 quibus
3116 946 3339 1000 divinam

1757 1019 2077 1073 concordiam
2123 1033 2169 1075 et
2212 1023 2513 1078 dominicam
2563 1043 2737 1096 pacem
2780 1038 3004 1085 tenemus
3029 1047 3048 1085 :
3085 1044 3139 1090 et
3183 1037 3338 1104 paulo

1757 1117 1897 1177 rost,
1930 1108 2191 1179 Servatur,
2226 1112 2414 1182 inquit,
2446 1130 2478 1167 a
2505 1114 2646 1170 nobis
2674 1118 2920 1188 patienter
2946 1131 2991 1174 et
3018 1122 3194 1178 leniter
3217 1126 3339 1178 cha-

1757 1198 1884 1252 ritas
1934 1201 2095 1254 animi
2131 1202 2348 1273 collegii,
2381 1204 2563 1272 Itonor,
2607 1207 2864 1263 uinculum
2903 1212 3041 1280 ﬁdei,
3070 1219 3340 1271 concordia

1755 1289 2026 1344 sacerdotii
2051 1290 2244 1364 (Epist.
2270 1294 2383 1364 75).
2409 1293 2497 1350 Sic
2521 1304 2575 1351 et
2602 1297 2655 1352 in
2684 1299 2909 1369 epistola
2939 1317 3095 1372 quam
3126 1307 3340 1375 scripsit

1757 1380 1822 1433 ad
1870 1380 2135 1452 Magnum,
2167 1399 2288 1438 cum
2333 1385 2400 1441 de
2437 1387 2707 1457 Baptismo
2756 1392 3041 1449 tinctorum
3068 1405 3123 1451 et
3155 1399 3335 1467 perlu-

1757 1483 1937 1525 sorum
1967 1484 2316 1542 quaarerelur,
2346 1486 2521 1532 utrum
2549 1479 2749 1550 aliquid
2783 1485 3062 1541 Interesset
3091 1504 3103 1542 :
3141 1490 3257 1557 Qua
3280 1492 3335 1547 in

1760 1575 1918 1630 parte,
1951 1565 2137 1636 inquit,
2162 1569 2349 1623 nemini
2368 1572 2663 1626 verecundia
2682 1581 2729 1627 et
2750 1576 2992 1633 modestia
3018 1592 3191 1636 nostra
3214 1600 3340 1654 prte-

1749 1655 1971 1725 jndicat,
1999 1661 2264 1737 quominus
2297 1664 2638 1735 unusquisque
2675 1668 2810 1736 quod
2849 1674 3094 1740 putaverit
3136 1676 3334 1740 sentiat,

1759 1753 1804 1797 et
1826 1747 1960 1814 quod
1990 1750 2198 1802 senserit
2225 1753 2381 1821 faciat
2410 1753 2598 1824 (Epist.
2624 1756 2734 1827 69).
2763 1759 2965 1823 Quibus
2988 1763 3101 1833 ejus
3128 1782 3338 1823 sermo-

1760 1836 1914 1890 nibus
1942 1840 2071 1892 satis
2097 1852 2338 1909 apparet,
2369 1843 2730 1916 illo_tempore
2754 1848 2823 1903 ab
2852 1852 2930 1905 eis
2957 1853 3055 1907 ista
3089 1871 3210 1912 esse
3233 1869 3340 1914 tra-

1759 1936 1920 1993 ctata,
1949 1944 2053 1998 quo
2079 1932 2316 1987 nondum
2347 1935 2613 1990 declarata
2654 1939 2770 1994 sine
2796 1943 3073 2014 ambagine
3119 1946 3333 2007 haurie-

1759 2018 1863 2072 ban
1892 2035 1972 2085 ur,
2000 2020 2093 2074 sed
2138 2022 2311 2078 adhuc
2357 2025 2532 2081 clausa
2579 2044 2772 2099 magno
2815 2034 3090 2093 molimine
3126 2055 3337 2109 quiore-

1761 2107 1972 2163 buntur.
2005 2110 2114 2164 Nos
2150 2127 2279 2183 ergo
2303 2113 2412 2183 jam
2439 2116 2506 2171 de
2546 2118 2799 2187 Baptismi
2842 2107 3181 2193 simplicitate
3223 2132 3340 2187 ubi—

1758 2216 1864 2270 que
1892 2203 2313 2272 agnoscendam‘
2359 2209 2799 2265 consuetudinem
2848 2214 3109 2272 universa:
3147 2221 3337 2277 Eccle-

1762 2294 1877 2360 sim,
1903 2294 2063 2348 etiam
2094 2294 2335 2352 conciliis
2379 2298 2768 2358 universalibus
2808 2305 3111 2363 roboratam
3143 2319 3334 2367 tenen-

1764 2389 1864 2447 tes,
1884 2395 2099 2455 accepta
2120 2401 2330 2457 quoque
2351 2404 2415 2443 ex
2442 2390 2618 2447 verbis
2634 2391 2880 2464 Cypriani
2905 2397 3104 2466 majore
3127 2399 3337 2471 ﬁducia,

1763 2488 1860 2542 per
1889 2491 2006 2543 qua)
2048 2472 2176 2532 milii
2216 2481 2377 2534 etiam
2409 2491 2533 2537 tunc
2569 2483 2754 2540 liceret
2778 2487 2924 2542 salvo
2958 2489 3077 2558 jure
3101 2476 3344 2549 commu-

1766 2568 1941 2621 nionis
1966 2568 2176 2625 diversa
2204 2573 2425 2637 sentire,
2454 2575 2657 2631 unitate
2685 2577 2899 2647 quidem
2944 2582 3156 2649 prmlata
3185 2594 3347 2656 atque

1763 2657 1995 2725 laudata,
2038 2661 2247 2729 qualem
2293 2662 2478 2719 beatus
2503 2665 2800 2736 Cyprianus
2845 2678 2895 2723 et
2941 2670 3056 2740 ejus
3096 2674 3338 2745 collegae,

1762 2749 1853 2818 qui
1899 2765 2019 2804 cum
2060 2766 2125 2807 eo
2166 2754 2450 2808 concilium
2501 2756 2628 2811 illud
2676 2757 2936 2826 iecerunt,
2984 2777 3102 2817 cum
3135 2765 3347 2823 diversa

1764 2843 2116 2899 sentientibus
2144 2853 2452 2913 tenuerunt,
2486 2847 2859 2906 limreticorum
2894 2863 2950 2909 et
2977 2855 3345 2915 scliismatico-

1766 2948 1883 2988 rum
1931 2934 2215 2990 seditiosos
2243 2937 2540 2993 calumnias
2589 2941 2959 3010 proturbantes
3004 2953 3162 3015 atque
3191 2963 3346 3003 ever-

1767 3031 1942 3080 tentes
1974 3027 2025 3080 in
2054 3026 2270 3082 nomine
2300 3027 2510 3082 Domini
2537 3032 2705 3085 nostri
2734 3030 2860 3086 Jesu
2889 3033 3109 3101 Christi,
3137 3037 3227 3107 qui
3253 3053 3350 3107 per

1765 3114 2078 3183 Apostolum
2107 3131 2258 3172 suum
2289 3118 2515 3189 loquens
2556 3121 2649 3184 ait,
2682 3121 2997 3190 Sit/ferentes
3039 3127 3249 3183 invicem
3293 3132 3348 3185 in

1765 3203 2072 3270 dilectione;
2110 3208 2365 3264 studentes
2390 3226 2592 3264 servare
2618 3213 2860 3267 unitatem
2906 3217 3115 3285 spiritus
3139 3219 3193 3272 in
3234 3221 3347 3274 vin-

1765 3296 1879 3350 culo
1922 3298 2061 3367 pacis
2087 3297 2301 3371 (Ep/tes.
2330 3314 2407 3365 iv,
2427 3300 2483 3367 2,
2515 3301 2610 3371 5);
2650 3318 2746 3372 per
2782 3320 2937 3373 quem
2962 3309 3122 3362 etiam
3150 3310 3242 3375 ait,
3286 3311 3348 3367 St

1764 3387 1887 3455 quid
1909 3388 2054 3441 aliter
2077 3389 2274 3460 sapitis,
2302 3391 2356 3444 id
2380 3407 2576 3462 quoque
2597 3392 2734 3447 vobis
2764 3393 2899 3449 Deus
2928 3399 3160 3452 reuelabit
3191 3400 3363 3469 (Phi-.

1768 3477 1895 3548 lipp.
1943 3495 2020 3544 it,
2070 3480 2208 3550 l5):
2260 3490 2567 3536 sanctorum
2611 3486 2983 3556 episc0porum
3033 3492 3345 3560 sententias,

1765 3568 1912 3622 salvo
1951 3583 2069 3623 cum
2098 3570 2177 3624 eis
2206 3571 2417 3627 vinculo
2448 3573 2664 3629 unitatis
2691 3583 2745 3630 et
2772 3576 2934 3646 pacis,
2966 3579 3019 3633 in
3065 3596 3170 3650 quo
3217 3584 3348 3638 reti-

1766 3659 1943 3714 nendo
1963 3674 2078 3725 eos,
2103 3669 2356 3731 quantum
2382 3661 2496 3732 ipse
2518 3663 2777 3720 Dominus
2798 3667 3033 3738 adjuvat,
3053 3670 3346 3747 imitamur,

1765 3750 2183 3806 considerandas
2212 3760 2269 3808 et
2312 3755 2713 3823 pertractandus
2739 3760 3093 3828 aggredimur.

1834 3842 2064 3899 CAPUT
2107 3839 2236 3899 VIII.
2275 3874 2348 3885 -
2389 3847 2472 3901 Η.
2514 3848 2758 3903 Ctecilius
2784 3867 2816 3906 a
2855 3851 2989 3908 Bilta
3031 3855 3163 3911 dixit
3193 3875 3211 3913 ξ
3241 3858 3351 3929 Ego

1765 3949 1920 3987 unum
1949 3931 2263 4004 Baptismum
2296 3936 2348 3990 in
2383 3935 2610 3992 Ecclesia
2638 3940 2747 3994 sola
2779 3942 2904 4011 scio,
2927 3953 2973 3998 et
2997 3956 3142 4001 extra
3177 3948 3352 4005 Eccle-

1766 4025 1894 4079 siam
1938 4025 2157 4080 nullum.
2196 4024 2298 4079 Hic
2322 4027 2414 4081 erit
2442 4044 2616 4094 unum,
2646 4029 2730 4085 ubi
2756 4047 2870 4101 spes
2909 4049 3024 4088 uera
3051 4047 3124 4090 est
3152 4048 3197 4094 et
3224 4041 3352 4109 fides

1766 4124 1919 4169 certa.
1962 4114 2052 4171 Sic
2080 4117 2212 4171 enim
2241 4119 2481 4188 scriptum
2518 4129 2589 4175 est
2615 4137 2634 4175 :
2668 4140 2687 4174 ι
2739 4122 2853 4180 Utta
2890 4126 3037 4194 ﬁdes,
3069 4145 3171 4183 una
3212 4148 3347 4201 spes,

1774 4226 1793 4258 ι
1839 4223 1993 4261 unum
2026 4207 2290 4278 Baptisma
2322 4227 2340 4260 ι
2376 4209 2590 4280 (Ephes.
2623 4227 2694 4278 tv,
2726 4213 2780 4281 4,
2808 4215 2885 4283 5).
2932 4215 3053 4270 Non
3077 4222 3216 4288 apud
3240 4224 3350 4276 Iae-

1766 4300 1970 4365 reticos,
2001 4300 2086 4353 ubi
2114 4316 2229 4369 spes
2256 4301 2400 4354 nulla
2425 4311 2497 4356 est
2529 4311 2575 4357 et
2611 4304 2737 4372 fides
2775 4306 2927 4374 falsa,
2953 4309 3038 4360 ubi
3066 4312 3235 4365 omnia
3261 4330 3351 4383 per

1768 4389 2084 4445 mendacium
2109 4398 2347 4460 aguntur,
2379 4391 2466 4445 ubi
2490 4393 2741 4450 exorcth
2769 4395 3128 4466 dwmoniacus,
3158 4400 3351 4456 Sacra-

1768 4494 1990 4539 mentum
2016 4485 2290 4554 interrogat
2330 4484 2474 4554 cuius
2513 4501 2569 4540 os
2606 4495 2652 4541 et
2689 4488 2835 4544 verba
2873 4506 3052 4544 cancer
3095 4494 3347 4563 emittunt,

1769 4576 1922 4646 fidem
1946 4576 2031 4629 dat
2056 4574 2298 4645 infidelis,
2323 4576 2515 4630 veniam
2543 4578 2837 4635 delictorum
2862 4581 3031 4636 tribuit
3054 4584 3347 4651 sceleratus,

1769 4678 1816 4722 et
1839 4668 1890 4721 in
1920 4667 2119 4721 nomine
2146 4666 2335 4721 Christi
2359 4668 2504 4739 lingit
2541 4671 2885 4739 antichristus,
2909 4673 3150 4730 benedicit
3177 4694 3209 4731 a
3241 4676 3349 4733 Deo

1771 4758 2088 4822 maledic-tus,
2117 4758 2269 4816 vitam
2312 4760 2576 4828 pollicetur
2598 4771 2842 4824 mortuus,
2871 4780 3045 4835 pacem
3072 4766 3159 4821 dat
3179 4768 3351 4839 impa-

1771 4854 1966 4922 cificus,
2008 4851 2172 4911 Deum
2207 4854 2403 4908 invocat
2435 4856 2771 4925 blasphemus,
2804 4858 3137 4914 sacerdotium
3179 4861 3350 4916 admi-

1773 4946 1952 4999 nistrat
1979 4949 2242 5016 profanus,
2272 4947 2412 5015 ponit
2437 4947 2599 5000 altare
2619 4948 2913 5019 sacrilegus.
2938 4949 3020 5003 Ad
3048 4952 3154 5005 lucc
3177 4954 3350 5008 omnia

1772 5036 1962 5089 accedit
1989 5045 2036 5089 et
2072 5035 2200 5091 illud
2238 5036 2449 5102 malum,
2476 5046 2529 5089 ut
2552 5042 2757 5092 antistes
2800 5041 2989 5095 diaboli
3033 5042 3217 5099 audeat
3246 5043 3354 5099 Eu—

1773 5126 2063 5182 charistiam
2106 5126 2292 5193 facere.
2323 5127 2424 5180 Aut
2465 5127 2550 5197 qui
2586 5125 2691 5181 illis
2731 5129 3003 5199 adsistunt,
3032 5133 3203 5188 dicant
3246 5136 3353 5192 lure

1775 5217 1972 5268 omnia'
1999 5216 2131 5285 falsa
2169 5232 2275 5270 esse
2313 5216 2377 5270 de
2405 5217 2671 5271 ltwrcticis.
2707 5218 2835 5275 Ecce
2868 5223 2938 5275 ad
2963 5225 3133 5295 qualia
3158 5230 3355 5298 cogitur

1778 5307 2002 5363 Ecclesia
2029 5312 2328 5375 consentire,
2357 5319 2403 5362 et
2431 5309 2539 5363 sine
2576 5309 2839 5382 Baptisma
2876 5325 2921 5369 et
2956 5317 3101 5373 venia
3141 5319 3353 5373 delicto-

1842 5508 1980 5576 fAm.
2029 5513 2079 5555 et
2114 5512 2207 5563 Er.,
2229 5505 2424 5579 _ubique
2461 5508 2932 5579 ad_agnoscendam.
2983 5515 3169 5579 Aliquot
3202 5521 3353 5579 _,

1776 5565 1948 5642 ibique
1972 5566 2273 5629 agnoscenda
2300 5579 2318 5616 :
2342 5565 2438 5618 non
2462 5565 2622 5632 male",
2655 5573 2697 5624 si
2724 5574 2944 5638 jungitur
2976 5565 3103 5635 cuni,
3127 5565 3360 5642 simplici"

1776 5634 1979 5739 "usam.
2005 5696 2057 5738 et
2074 5695 2182 5739 uss.
2207 5690 2452 5753 omittunt,
2468 5691 2645 5749 munia.

2831 5778 3073 5863 (Sept.)
3112 5846 3115 5849 λ
