3796 6126
470 419 585 458 rum
607 397 974 457 communicare
998 395 1330 467 conpellitur.
1365 394 1533 462 Quam
1555 410 1682 459 rem,
1725 393 1930 464 fratres,
1972 394 2058 463 {u-

473 509 590 565 gere
613 508 673 546 ac
697 492 853 545 vitare
878 488 1133 553 debemus,
1159 493 1207 538 et
1232 500 1264 538 a
1302 494 1442 539 tanto
1460 483 1648 541 scelere
1683 499 1774 539 nos
1797 498 2054 554 separare,

474 592 522 637 et
546 597 704 636 unum
734 577 995 649 Baptisma
1036 584 1222 643 tenere,
1257 574 1393 645 quod
1431 573 1528 629 soli
1573 572 1818 627 Ecclesia
1855 587 2061 627 conces-

476 690 589 729 sum
613 680 708 727 08‘.

549 766 639 822 η.
678 763 760 819 Ad
807 762 921 818 lure
967 761 1300 834 respondeo,
1331 761 1581 832 quoniam
1612 760 1852 831 quisquis
1896 759 2058 815 etiam

478 859 620 913 intus
645 854 931 911 conﬁtetur
955 868 1016 909 se
1059 853 1224 908 Deum
1257 866 1438 919 nosse,
1481 850 1634 907 laetis
1671 860 1851 905 autem
1883 857 2059 921 negat,

474 947 661 1019 quales
687 955 812 1002 sunt
836 945 979 1000 avari
1009 952 1065 1000 et
1102 944 1284 1009 invidi,
1318 954 1373 999 et
1400 943 1491 1013 qui
1522 951 1740 1013 propter
1764 940 2058 997 fraternum

476 1039 681 1106 odium,
719 1052 825 1091 non
870 1052 1012 1104 meo,
1055 1035 1151 1091 sed
1182 1035 1351 1089 sancti
1395 1033 1617 1091 Joannis
1644 1034 1872 1104 apostoli
1915 1033 2063 1091 testi-

477 1129 660 1184 monio
689 1127 936 1182 dicuntur
965 1125 1245 1182 homicidas
1277 1124 1329 1199 (ἰ
1358 1124 1514 1180 Joan.
1544 1140 1620 1190 in,
1663 1123 1794 1197 15h
1823 1133 1876 1181 et
1911 1139 2059 1195 spem

478 1235 586 1274 non
625 1218 853 1279 habent,
898 1216 1020 1286 quia
1062 1216 1258 1271 malam
1306 1215 1688 1270 conscientiam
1734 1224 1966 1287 gerunt;
2008 1223 2063 1270 et

479 1308 667 1381 perﬁdi
697 1316 842 1374 sunt,
868 1307 992 1377 quia
1040 1322 1146 1362 non
1194 1306 1248 1362 id
1273 1314 1436 1377 agunt
1463 1306 1604 1377 quod
1636 1307 1745 1364 Deo
1769 1315 2059 1373 voverunt;

478 1410 535 1458 et
565 1400 868 1465 mendaces,
900 1400 1024 1470 quia
1069 1400 1198 1455 falsa
1245 1398 1595 1470 proﬁtentur;
1625 1408 1679 1453 et
1720 1398 2056 1466 daemoniaci,

478 1492 602 1563 quia
629 1490 840 1547 diabolo
871 1498 927 1546 et
950 1489 1155 1560 angelis
1176 1489 1293 1560 ejus
1322 1490 1376 1544 in
1415 1505 1514 1545 suo
1537 1489 1701 1545 corde
1726 1490 1897 1545 locum
1929 1504 2065 1559 pra:-

480 1582 643 1649 bent;
693 1590 748 1638 et
786 1580 948 1637 verba
990 1595 1177 1636 eorum
1216 1579 1551 1651 putredinem
1595 1588 1900 1650 operantur,
1940 1595 2062 1635 eum

479 1681 830 1742 corrumpunt
878 1671 1050 1727 bonos
1101 1685 1279 1727 mores
1332 1686 1430 1739 per
1473 1672 1733 1742 colloquia
1780 1671 1956 1738 mala;
2010 1680 2065 1727 et

479 1764 720 1821 inﬁdeles
746 1772 889 1828 sunt,
917 1763 1171 1834 quoniam
1217 1763 1359 1835 quod
1411 1763 1552 1819 Deus
1599 1764 1791 1819 talibus
1834 1764 2066 1818 minatur

478 1855 735 1920 irrident;
781 1861 836 1909 et
865 1853 1132 1920 scelerati,
1165 1854 1289 1923 quia
1328 1852 1532 1909 nefarie
1558 1853 1777 1919 vivunt;
1829 1861 1884 1909 et
1922 1853 2063 1908 antio

477 1944 686 2010 ehristi,
729 1942 851 2014 quia
900 1957 1078 1999 mores
1108 1959 1298 1999 eorum
1328 1943 1541 2000 Christo
1588 1943 1969 2012 adversantur;
2012 1952 2068 2000 et

477 2050 508 2090 a
532 2035 643 2090 Deo
666 2034 958 2102 maledicti,
986 2034 1109 2105 quia
1153 2034 1350 2105 ubique
1388 2034 1526 2090 tales
1565 2045 1747 2091 sancta
1791 2035 2065 2108 Scriptura

476 2134 822 2191 exsecratur;
867 2134 922 2180 et
950 2125 1170 2192 mortui,
1197 2126 1320 2195 quia
1347 2133 1533 2181 carent
1572 2127 1678 2181 vita
1699 2126 1959 2198 justitize;
2004 2135 2065 2184 et

479 2219 752 2288 impacati,
797 2218 920 2289 quia
965 2218 1247 2273 contrariis
1293 2217 1449 2273 lactis
1497 2232 1619 2273 cum
1674 2219 1768 2274 Dei
1817 2234 2068 2276 sermone

477 2307 804 2379 conﬂigunt;
850 2317 907 2363 et
956 2307 1276 2377 blasphemi,
1321 2309 1445 2379 quia
1487 2325 1582 2380 per
1609 2325 1793 2366 eorum
1826 2310 2066 2381 perditos

477 2407 629 2453 acuis
657 2396 861 2453 nomini
886 2396 1179 2453 christiano
1204 2397 1532 2469 derogatur;
1577 2408 1631 2455 et
1668 2398 1899 2472 profani,
1943 2402 2065 2471 quia

478 2488 549 2543 ab
586 2487 678 2543 illo
723 2487 816 2543 Dei
854 2488 1159 2543 sanctuario
1198 2488 1546 2560 spiritualiter
1582 2491 1837 2547 interiore
1873 2491 2065 2548 seclusi

477 2586 637 2643 sunt;
668 2586 724 2632 et
747 2577 1014 2648 sacrilegi,
1038 2577 1163 2648 quia
1196 2578 1248 2633 in
1273 2592 1332 2634 se
1352 2578 1488 2649 ipsis
1515 2580 1773 2650 templum
1805 2581 1898 2636 Dei
1927 2581 2066 2638 male

476 2667 710 2725 vivendo
730 2677 1109 2738 corrumpunt;
1141 2676 1196 2723 et
1218 2669 1485 2725 antistites
1505 2669 1724 2737 diaboli,
1742 2671 1865 2742 quia
1890 2671 2064 2728 fraudi

475 2766 533 2815 et
557 2759 816 2826 avaritiae,
836 2774 954 2829 quae
978 2765 1063 2814 est
1082 2757 1400 2826 idolofatria,
1419 2760 1677 2816 serviunt.
1706 2761 1864 2817 Tales
1886 2772 2064 2818 autem

475 2851 784 2919 nonnullos,
810 2851 920 2907 imo
943 2852 1226 2922 plurimos,
1254 2861 1309 2908 et
1341 2854 1615 2923 apostolus
1641 2853 1835 2910 Paulus
1858 2863 1913 2910 et
1948 2853 2063 2925 epi.

473 2954 670 3012 scapus
711 2939 1009 3012 Cyprianus
1054 2943 1216 2998 etiam
1270 2942 1413 2998 intus
1455 2957 1574 2998 esse
1622 2952 1900 2999 testantur.
1958 2944 2065 3001 Cur

474 3046 604 3104 ergo
630 3033 716 3089 isti
758 3032 1067 3104 baptizant‘l
1104 3033 1211 3090 Cur
1252 3034 1414 3090 etiam
1462 3034 1678 3105 quidam
1722 3035 1814 3107 qui
1862 3036 2062 3093 saeculo

474 3123 656 3181 verbis
679 3131 735 3179 et
775 3138 885 3179 non
924 3122 1081 3180 factis
1108 3125 1436 3193 renuntiant,
1466 3126 1534 3182 ab
1563 3126 1865 3198 hujusmodi
1894 3130 2061 3184 mori-

473 3211 577 3267 bus
626 3226 737 3268 non
786 3213 976 3269 mutati
1026 3212 1383 3285 baptizantur,
1433 3224 1487 3272 et
1529 3217 1744 3287 quando
1791 3228 2065 3276 mutantur

472 3315 583 3359 non
607 3302 1045 3374 rebaptizanturil
1069 3304 1320 3362 Jamvero
1340 3306 1481 3378 quod
1510 3307 1813 3379 indignatur
1837 3318 1891 3367 et
1910 3310 2058 3378 dicit,

473 3391 608 3448 Ecce
635 3393 704 3448 ad
729 3395 904 3466 qualia
942 3394 1176 3451 Ecclesia
1203 3398 1400 3468 cogitur
1420 3399 1718 3466 consentire,
1746 3409 1795 3454 et
1820 3401 1929 3456 sine
1950 3399 2060 3455 Ba-

473 3482 660 3553 ptismo
684 3492 730 3539 et
768 3485 914 3540 venia
944 3484 1245 3540 delictorum
1290 3488 1660 3547 communicare
1706 3490 2061 3561 compellitur;

473 3574 580 3630 nisi
606 3583 787 3631 essent
813 3577 996 3632 eteteri
1020 3576 1259 3649 episcopi
1287 3579 1377 3649 qui
1415 3578 1550 3635 alios
1577 3579 1645 3635 ad
1686 3580 1786 3637 ista
1824 3583 2063 3652 compel-

472 3667 670 3732 lerent,
700 3682 808 3723 non
838 3668 1019 3738 utique
1045 3669 1161 3725 haec
1185 3670 1405 3726 diceret.
1437 3671 1589 3728 Unde
1632 3673 1790 3728 etiam
1821 3674 2062 3730 ostendi-

475 3765 568 3813 tur
606 3757 730 3812 illos
760 3768 886 3812 tunc
913 3758 1122 3813 veriora
1166 3760 1422 3827 sensisse,
1450 3761 1539 3831 qui
1580 3777 1687 3816 non
1728 3773 2062 3820 recesserunt

476 3864 508 3904 a
535 3848 758 3919 pristina
783 3848 1189 3915 consuetudine,
1220 3865 1339 3921 qua:
1381 3860 1564 3919 postea
1592 3853 1801 3907 concilii
1840 3853 2058 3910 univer-

474 3943 633 3999 sitate
663 3941 868 3997 ﬁrmata
895 3949 997 3996 est.
1033 3941 1172 4009 Quid
1213 3951 1296 3998 est
1335 3951 1513 3999 autem
1541 3944 1686 4015 quod
1725 3945 1964 4019 adjungit
2005 3957 2060 4003 et

474 4033 627 4102 dicit,
660 4031 827 4100 Quam
849 4048 975 4098 rem,
1012 4032 1220 4103 fratres,
1253 4037 1427 4105 fugere
1449 4052 1509 4088 ac
1536 4037 1693 4091 vitare
1731 4038 1984 4107 debemus,
2012 4049 2060 4095 et

474 4142 508 4179 a
535 4133 675 4180 tanto
708 4122 893 4179 scelere
924 4139 1016 4179 nos
1044 4126 1327 4196 separare?
1353 4124 1407 4181 Si
1434 4125 1574 4180 enim
1605 4126 1707 4182 hoc
1735 4128 1805 4183 ita
1830 4129 1975 4195 dicit,
2002 4138 2061 4185 ut

473 4216 577 4273 ista
602 4229 711 4271 non
746 4214 904 4271 faciat
934 4230 1034 4271 nee
1060 4215 1340 4287 approbet,
1362 4217 1472 4271 alia
1514 4232 1602 4273 res
1630 4227 1712 4274 est
1743 4237 1756 4274 :
1798 4221 1842 4275 si
1880 4231 2057 4278 autem

472 4317 536 4365 ut
561 4307 770 4365 diversa
794 4304 1086 4364 sentientes
1115 4306 1334 4363 damnet
1371 4315 1426 4364 et
1469 4319 1730 4382 segreget,
1761 4312 2055 4382 prioribus‘

471 4401 676 4459 resistit
711 4400 889 4456 verbis
915 4400 1200 4472 Cypriani,
1254 4401 1445 4472 quibus
1487 4402 1581 4469 ait,
1617 4403 1881 4459 Neminem
1918 4408 2059 4480 iudi-

468 4502 665 4559 cantes,
699 4500 794 4546 aut
835 4508 868 4545 a
898 4492 1020 4562 jure
1058 4493 1426 4547 communionis
1468 4494 1705 4563 aliquem,
1738 4496 1783 4550 si
1807 4496 2059 4553 diversum

471 4586 704 4653 senserit,
733 4593 1040 4640 amoventes.

543 4675 772 4734 CAPUT
810 4674 901 4730 IX.
928 4704 1001 4717 --
1030 4675 1114 4730 i3.
1146 4673 1354 4730 Primus
1383 4675 1535 4732 Felix
1568 4695 1600 4731 a
1629 4679 1852 4751 Migirpa
1887 4682 2012 4738 dixit
2039 4700 2057 4737 :

474 4767 664 4825 Censeo
683 4782 881 4821 onmem
909 4766 1164 4825 hominem
1187 4767 1249 4820 ab
1283 4766 1460 4823 Iucresi
1489 4769 1759 4826 venientem
1793 4772 2058 4843 baptizan-

472 4860 616 4913 dum.
646 4856 865 4911 Frustra
897 4858 1030 4911 enim
1052 4856 1160 4911 illic
1189 4866 1333 4928 putat
1363 4875 1417 4913 se
1438 4875 1545 4914 esse
1570 4861 1876 4932 baptizatum
1899 4902 1913 4928 ,
1945 4879 2058 4917 cum

472 4950 670 5005 non-sit
704 4946 998 5019 Baptisma,
1040 4948 1137 5002 nisi
1169 4948 1222 5002 in
1260 4946 1527 5017 Ecclesia,
1558 4968 1712 5005 unum
1749 4962 1796 5006 et
1840 4968 2007 5007 verum
2038 4970 2059 5010 :

469 5042 591 5114 quia
610 5049 657 5097 et
675 5038 927 5094 Dominus
948 5054 1097 5107 unus,
1124 5048 1174 5093 et
1201 5040 1327 5108 ﬁdes
1353 5058 1475 5107 una,
1503 5051 1549 5095 et
1572 5059 1672 5096 una
1697 5041 1929 5100 Ecclesia
1948 5056 2055 5113 est,

470 5130 527 5186 in
545 5146 646 5201 qua
672 5137 772 5184 stat
792 5144 950 5183 unum
967 5126 1250 5201 Baptisma,
1272 5140 1318 5184 et
1336 5130 1600 5198 sanctitas,
1622 5140 1670 5185 et
1695 5141 1892 5187 cratera.
1920 5134 2060 5190 Nam

471 5236 588 5293 quia
612 5221 735 5293 foris
762 5229 1075 5288 exercentur,
1107 5220 1305 5275 nullum
1328 5220 1509 5275 habent
1529 5222 1707 5277 salutis
1728 5222 1960 5290 effectum
1976 5230 2020 5282 ⁸.

536 5349 946 5427 Ῐέιξκὲβοξπίρῗ,
978 5409 1110 5427 ..-μμ
1141 5424 1163 5427 _
1602 5418 1638 5427 ,.
1803 5424 1817 5427 -
1856 5414 1870 5427 .
2019 5417 2029 5427 .

533 5416 556 5447 ³
576 5413 736 5479 istud:
758 5409 949 5479 Priapus
970 5409 1163 5479 Felice
1192 5409 1401 5479 Migirpa
1422 5409 1567 5479 dixit,
1593 5418 1646 5479 et
1665 5425 1776 5475 quae
1797 5414 2057 5479 subsequi-

469 5484 551 5550 tu}:
572 5476 724 5549 ipsius
742 5473 914 5550 Felicis
934 5472 1198 5550 seqtentia,
1220 5472 1576 5550 abes'tzonnmino
1680 5472 2057 5550 Amerbaebiana

471 5535 688 5588 editione
713 5542 764 5585 et
802 5536 865 5583 ab
881 5535 1105 5596 omnibus
1140 5535 1474 5596 manuscriptis
1497 5547 1509 5582 :
1536 5535 1714 5596 quibus
1743 5536 1793 5585 in
1815 5537 2058 5589 codicibus

469 5596 604 5647 linito
626 5592 1125 5658 superioreeapitulo,
1142 5599 1251 5658 post
1273 5592 1493 5658 verbum,
1516 5592 1780 5658 anteventes
1794 5608 1813 5657 ;
1829 5600 2057 5658 continuo

469 5651 802 5734 subiungier;
826 5651 1527 5734 «rasamenta
1543 5651 2051 5734 revereretur:-

471 5716 636 5780 Itaque
651 5716 820 5767 Felicis
845 5716 997 5766 verba
1014 5716 1339 5763 Lovanienses
1361 5716 1528 5776 putant
1549 5728 1638 5778 per
1657 5716 1899 5768 Erasmum
1918 5720 2050 5783 adje-

1203 280 1292 337 DE
1331 274 1666 335 BAPTISMO
1703 274 1978 333 CONTRA
2018 273 2463 346 DONATISTAS,
2507 280 2563 339 S.
2604 282 2971 344 AUGUSTINI

3636 296 3746 353 ποι

2259 397 2345 453 14.
2375 397 2454 452 Ad
2480 413 2541 454 ea
2562 415 2681 470 qua:
2704 400 2852 458 Felix
2875 418 2903 457 a
2925 403 3145 475 Migirpa
3168 405 3322 476 dixit,
3350 409 3470 467 ba'c
3488 409 3719 468 dicimus
3742 431 3753 466 :

2168 484 2225 540 Si
2248 502 2352 540 non
2374 498 2517 543 esset
2536 489 2804 559 Baptisma
2826 509 2987 548 unum
3009 504 3063 551 et
3081 512 3265 553 verum
3290 501 3390 554 nisi
3413 503 3468 555 in
3492 503 3756 571 Ecclesia,

2169 592 2274 632 non
2307 578 2489 649 utique
2522 589 2667 636 esset
2695 582 2747 637 in
2776 584 2857 639 eis
2885 586 2973 656 qui
3000 588 3068 642 ab
3097 589 3300 646 unitate
3329 592 3635 649 discedunt.
3668 598 3760 654 Est

2168 677 2343 724 autem
2373 670 2426 724 in
2452 672 2564 736 eis;
2593 688 2714 728 nam
2758 674 2811 730 id
2853 693 2957 732 non
2994 681 3258 752 recipiunt
3297 684 3621 750 redeuntes,
3653 704 3757 743 non

2168 760 2239 815 ob
2278 760 2416 816 aliud
2456 764 2558 817 nisi
2596 766 2717 834 quia
2755 781 2861 822 non
2901 771 3192 828 amiserant
3232 776 3567 833 recedentes.
3606 778 3758 848 Quod

2167 860 2343 907 autem
2372 853 2480 919 ait,
2515 853 2655 909 Nam
2689 873 2803 927 qua
2842 861 2968 930 foris
3000 876 3325 931 exercentur,
3354 869 3552 923 nullum
3576 871 3757 927 habent

2168 940 2347 995 salutis
2384 940 2653 1010 effectum;
2699 952 3004 1015 consentio,
3054 962 3108 1007 et
3148 955 3370 1012 omnino
3413 973 3600 1014 verum
3641 976 3758 1019 esse

2168 1029 2350 1085 credo.
2382 1032 2538 1087 Aliud
2566 1043 2646 1089 est
2671 1036 2815 1091 enim
2843 1054 2950 1094 non
2978 1040 3047 1095 ibi
3074 1057 3225 1111 esse,
3250 1046 3393 1103 aliud
3425 1050 3629 1107 nullum
3661 1054 3756 1109 ba-

2168 1121 2296 1178 bere
2320 1124 2507 1181 salutis
2532 1126 2799 1186 eﬁ’eetum.
2825 1131 3170 1192 Venientibus
3189 1140 3331 1195 enim
3352 1141 3419 1196 ad
3440 1144 3756 1203 catholicam

2167 1229 2352 1285 pacem
2381 1206 2636 1287 prodesse
2662 1221 2922 1292 incipiunt
2950 1241 3069 1298 qua:
3094 1227 3226 1285 loris
3251 1231 3462 1290 inerant
3482 1278 3498 1304 ,
3528 1238 3623 1292 sed
3653 1256 3754 1294 non

2170 1306 2475 1375 proderant.

2238 1395 2467 1454 CAPUT
2508 1399 2575 1454 X.
2600 1431 2674 1442 —
2701 1404 2789 1459 i5.
2820 1405 3118 1481 Polycarpo
3149 1420 3327 1468 autem
3368 1415 3751 1488 Adrumetino,

2169 1493 2419 1560 quoniam
2453 1495 2620 1563 dixit,
2653 1497 2753 1566 Qui
2778 1500 3127 1558 haereticorum
3159 1505 3477 1577 Baptismum
3504 1515 3752 1583 probant,

2168 1592 2396 1638 nostrum
2424 1598 2665 1642 evacuant
2687 1604 2707 1643 :
2727 1593 3111 1662 respondemus
3131 1638 3147 1663 ,
3179 1597 3237 1652 Si
3273 1598 3649 1659 hmreticorum
3677 1616 3757 1661 est

2169 1672 2508 1746 Baptismus,
2554 1680 2643 1750 qui
2685 1696 2784 1752 per
2829 1683 3111 1743 ltmretieos
3149 1688 3335 1756 datur;
3375 1708 3659 1750 avarorum
3706 1706 3757 1752 et

2171 1765 2556 1825 homicidarum
2584 1780 2698 1840 est,
2726 1773 2816 1844 qui
2846 1774 2989 1831 intus
3013 1792 3041 1831 a
3073 1778 3266 1834 talibus
3292 1781 3469 1838 datur.
3499 1785 3555 1841 Si
3581 1796 3754 1843 autem

2171 1856 2273 1913 hoc
2310 1859 2533 1916 istorum
2576 1878 2684 1918 non
2721 1876 2836 1930 est,
2875 1883 2975 1923 nee
3009 1869 3136 1925 illud
3169 1872 3379 1929 illorum
3410 1886 3495 1931 est
3525 1896 3539 1931 :
3573 1894 3635 1935 ac
3665 1897 3755 1951 per

2170 1947 2273 2005 hoc
2297 1950 2437 2021 apud
2466 1968 2828 2028 quoscumque
2853 1959 2951 2027 sit,
2979 1959 3174 2018 Christi
3204 1975 3306 2020 est.

2238 2039 2468 2099 CAPUT
2507 2043 2597 2100 Xl.
2623 2048 2810 2104 —-l6.
2856 2050 3092 2108 Novatus
3127 2069 3157 2108 a
3193 2055 3540 2130 Thamugade
3580 2062 3748 2118 dixit:

2168 2127 2309 2185 Licet
2342 2133 2563 2189 sciamus
2600 2151 2799 2192 omnem
2827 2138 3146 2212 Scripturam
3176 2127 3519 2204 testimonium
3552 2153 3753 2208 reddere

2168 2219 2234 2274 de
2265 2222 2480 2278 salutari
2512 2224 2775 2297 Baptismo
2799 2270 2815 2297 ,
2860 2231 3096 2287 debemus
3136 2245 3299 2291 tamen
3336 2240 3490 2308 ﬁdem
3534 2256 3753 2299 nostram

2170 2313 2469 2383 exprimere.
2504 2315 2782 2374 (hereticos
2807 2331 2855 2376 et
2877 2324 3225 2383 schismaticos
3258 2330 3326 2384 ad
3355 2329 3641 2389 Ecclesium
3676 2356 3751 2392 ve—

2171 2403 2380 2502 nientes,
2405 2407 2493 2502 qui
2512 2410 2944 2482 pseudobaptizati
2965 2417 3214 2488 videntur,
3240 2422 3418 2479 debere
3436 2443 3521 2481 eos
3544 2429 3597 2483 in
3620 2432 3752 2502 fonte

2170 2496 2378 2564 perenni
2400 2495 2654 2569 baptizari
2679 2516 2699 2555 :
2722 2512 2768 2556 et
2791 2502 2904 2559 ideo
2931 2508 3207 2564 secundum
3236 2514 3577 2571 testimonium
3609 2495 3750 2574 Scri-

2169 2595 2432 2657 pturarum
2449 2631 2465 2657 ,
2488 2601 2535 2644 et
2558 2592 2830 2648 secundum
2855 2596 3108 2652 decretum
3132 2602 3443 2674 collegarum
3467 2620 3750 2666 nostrorum

2166 2680 2595 2737 sanctissimorum
2623 2685 2843 2741 virorum
2880 2689 2896 2720 ¹
2913 2731 2930 2761 ,
2961 2707 3133 2748 omnes
3155 2695 3501 2754 schismalicos
3530 2713 3579 2758 et
3600 2705 3751 2760 luere-

2169 2770 2294 2825 ticos
2326 2772 2412 2841 qui
2437 2772 2506 2825 ad
2531 2774 2812 2832 Ecclesiam
2844 2783 3070 2837 conversi
3096 2795 3213 2839 sunt
3239 2786 3489 2858 baptizari
3511 2795 3532 2824 ³
3550 2811 3571 2860 ;
3592 2796 3681 2850 sed
3706 2806 3750 2850 et

2166 2860 2465 2932 quicumque
2482 2865 2704 2921 ordinati
2728 2867 3051 2940 videbantur,
3086 2875 3216 2930 inter
3245 2876 3403 2935 laicos
3426 2885 3584 2954 recipi
3605 2884 3647 2939 '.
3788 2924 3789 2935 η

2240 2950 2328 3006 17.
2357 2951 2593 3043 Novatus
2621 2971 2652 3012 a
2678 2956 3021 3033 Thamugade
3060 2964 3187 3036 quid
3220 2966 3408 3026 fecerit
3443 2950 3580 3029 dixit
3601 3016 3617 3043 ,
3647 2993 3745 3033 non

2165 3048 2343 3097 autem
2371 3042 2569 3114 aliquid
2595 3048 2777 3103 attulit
2811 3051 2950 3107 unde
2991 3067 3050 3109 se
3087 3058 3398 3116 ostenderet
3435 3042 3615 3121 facere
3657 3066 3747 3124 de-
3788 3058 3789 3124 ἐ

2165 3129 2346 3187 buisse
2374 3133 2515 3203 quod
2542 3133 2686 3192 fecit.
2725 3137 3020 3196 Nominavit
3058 3146 3191 3200 enim
3224 3149 3563 3206 testimonium
3602 3155 3744 3210 Scri-
3788 3129 3789 3197 3

2166 3232 2432 3293 pturarum
2451 3234 2496 3280 et
2521 3227 2778 3285 decretum
2800 3234 3128 3307 collegarum,
3153 3239 3247 3296 sed
3274 3257 3380 3297 non
3405 3244 3529 3301 inde
3550 3247 3744 3320 aliquid

2162 3316 2382 3386 protulit
2406 3319 2550 3388 quod
2578 3322 2923 3381 considerare
2947 3341 3246 3396 possemus.
3638 3316 3655 3320 ⁷
3788 3318 3789 3383 ξ

2235 3406 2460 3466 CAPUT
2497 3410 2612 3465 XII.
2641 3443 2713 3454 -—-
2752 3415 2837 3470 18.
2869 3416 3220 3477 Nemesianus
3246 3436 3278 3477 a
3304 3422 3544 3483 Tubunis
3569 3429 3738 3488 dixit:
3788 3432 3789 3435 “

2164 3501 2425 3575 Baptisma
2451 3507 2587 3577 quod
2619 3507 2742 3563 dant
2778 3509 3003 3565 hteretici
3042 3522 3088 3567 et
3123 3515 3432 3572 schismatici
3454 3562 3469 3586 ,
3502 3538 3601 3578 non
3644 3542 3742 3583 esse

2164 3608 2362 3664 verum,
2404 3596 2586 3668 ubique
2621 3599 2675 3653 in
2724 3598 3006 3670 Scripturis
3050 3606 3238 3660 sanctis
3273 3607 3587 3666 declaratum
3629 3627 3742 3670 est:
3788 3592 3789 3659 Ῐ

2163 3691 2399 3760 quoniam
2431 3691 2531 3762 ipsi
2549 3694 2810 3763 praepositi
2839 3710 3010 3749 eorum
3033 3696 3156 3767 falsi
3178 3699 3355 3755 chriin
3376 3714 3525 3771 sunt,
3553 3715 3601 3760 et
3624 3708 3743 3780 falsi
3788 3736 3789 3781 ξ

2164 3780 2457 3852 praphette,
2499 3782 2696 3837 dicente
2748 3783 2962 3839 Domino
3003 3804 3094 3859 per
3147 3789 3471 3849 Salomonem
3520 3813 3542 3851 :
3577 3817 3597 3852 t
3645 3800 3789 3869 Quir

2162 3873 2325 3942 ﬁdens
2352 3883 2425 3930 est
2457 3876 2509 3929 in
2540 3876 2718 3948 falsis,
2751 3877 2831 3931 hic
2857 3883 3014 3949 pascit
3049 3892 3256 3951 ventos;
3287 3886 3422 3941 idem
3447 3900 3611 3946 autem
3636 3894 3740 3963 ipse

2162 3968 2386 4037 sequitur
2408 3984 2523 4022 aves
2557 3968 2777 4024 volantes
2808 3970 2989 4041 (Prov.
3016 3989 3050 4027 κ
3070 4014 3088 4041 ,
3124 3974 3204 4045 4).
3238 3976 3436 4035 Deserit
3472 3984 3601 4039 enim
3639 3987 3739 4040 vias

2161 4056 2318 4113 vineae
2342 4075 2476 4125 sum,
2505 4076 2536 4113 a
2566 4062 2755 4118 sentitis
2778 4077 2893 4116 vero
2922 4064 3075 4135 agelli
3097 4068 3178 4121 sui
3204 4072 3410 4127 erravit.
3454 4072 3738 4146 Ingreditur

2160 4162 2327 4204 autem
2347 4167 2435 4221 per
2454 4151 2565 4205 avia
2585 4152 2694 4205 loca
2711 4163 2858 4224 atque
2876 4156 3022 4209 arida
3041 4165 3087 4210 et
3113 4166 3298 4214 terram
3318 4162 3614 4220 destinatam
3635 4168 3732 4234 siti,

2161 4241 2481 4311 consequitur
2503 4251 2671 4296 autent
2692 4246 2921 4318 manibus
2949 4246 3265 4317 infructuosa
3286 4251 3326 4306 ⁸.
3371 4273 3391 4307 s
3423 4252 3491 4309 Et
3520 4257 3694 4312 iterum
3717 4276 3735 4312 :

2160 4382 2235 4425 cta
2258 4389 2321 4425 ex
2343 4377 2590 4442 Cypriane,
2638 4390 2703 4427 ex
2741 4391 2840 4442 quo
2864 4379 3010 4430 etiam
3046 4383 3290 4437 credimus
3327 4389 3611 4441 translatum
3646 4393 3734 4442 huc

2159 4451 2365 4509 nomen,
2380 4437 2392 4439 “
2409 4437 2599 4521 Primus
2615 4474 2629 4498 ,
2645 4437 3026 4521 _quqd'.onmino
3045 4448 3226 4521 aberat
3249 4450 3312 4498 ab
3348 4437 3621 4521 anguium—6.
3646 4437 3734 4517 ξιξ
3788 4474 3789 4521 ς

2159 4500 2541 4571 peiurius-autem
2565 4499 2708 4550 tacito
2730 4499 2904 4552 Felicis
2935 4508 3127 4556 nomine
3150 4507 3300 4560 habet
3320 4524 3334 4559 :
3365 4499 3732 4568 Pr‘irnus‘d'ltii-

2158 4562 2739 4701 ῗῗὲἑξξῗέξίιὶίῖίὲτέψτ.
2754 4622 3088 4701 senserim.
3106 4606 3352 4701 mt’lml‘i’v
3382 4634 3593 4701 tif‘omtt
3617 4651 3634 4688 -'
3652 4639 3729 4701 qui

2159 4682 2345 4754 scilicet
2367 4684 2429 4733 de
2457 4682 2546 4734 bac
2572 4698 2629 4733 re
2661 4691 2806 4733 antea
2840 4700 2951 4735 cum
2982 4693 3240 4754 Agrippin
3268 4682 3733 4749 miraremini;
3788 4748 3789 4751 η

2250 4750 2284 4793 t.
3023 4750 3041 4752 -
3095 4750 3108 4754 -
3126 4750 3142 4754 -
3788 4776 3789 4779 η

2160 4756 2245 4837 ηιξ
2268 4805 2340 4854 sic
2360 4805 2485 4868 apud
2510 4812 2582 4857 Er.
2601 4808 2961 4916 etCyprianum.
3004 4819 3061 4863 At
3079 4817 3400 4870 Lovanienses
3431 4827 3628 4872 monent
3647 4835 3729 4884 per
3788 4830 3789 4839 ‘

2161 4880 2236 4916 se.
2259 4878 2532 4916 (mammam
2550 4882 2729 4916 exemp
2749 4870 2911 4916 aribus
2933 4878 3268 4916 manusmintig
3282 4879 3541 4916 dominum
3575 4896 3731 4916 omo...

2161 4880 2236 4942 se,
2259 4878 2535 4942 quanquam
2550 4870 2911 4942 exemplaribus
2932 4878 3268 4942 manuscriptis
3282 4870 3563 4942 destitutos,

2160 4929 2495 5007 datum__es:s_e,
2520 4929 2797 5007 7:
2814 4935 3036 5007 etintra,
3061 4929 3206 5007 inter,
3242 4929 3402 5007 laicus

2161 4992 2587 5114 qeq?r3u(ﬁ:;mm'
2602 4994 2673 5042 sic
2686 4993 2980 5054 respondet:
3006 4992 3036 5046 Α
3046 4992 3209 5049 ovatus
3229 5013 3262 5049 a
3788 5064 3789 5095 ξ

2182 5056 2563 5186 ecf
2585 5114 2745 5163 Novati
2767 5119 3062 5168 sententiam
3085 5128 3388 5184 praetereunt
3410 5134 3511 5176 Am.
3552 5135 3603 5179 et
3633 5141 3726 5179 ωι-
3788 5106 3789 5171 Ῑ

2163 5183 2482 5306 ἷιῆῗιῗριξθω
2505 5235 2582 5306 hic
2600 5237 2867 5306 δραι.ήείαηί
2892 5241 3057 5303 verba,
3089 5256 3200 5306 quae
3235 5247 3285 5294 in
3319 5251 3496 5300 Erasini
3526 5251 3725 5301 editione

2162 5297 2290 5373 haud
2311 5300 2431 5373 satis
2450 5298 2765 5373 quadrabant
2778 5297 3236 5373 Δ(ςιιιμΔιιθερόηρἰυιιεξ
3258 5297 3725 5373 Αιεε-υειὶιὶἰξῶἰῖίὲἰᾶ

2160 5365 2275 5437 Stis!
2296 5370 2389 5437 per:
2408 5359 2727 5437 Lovanienses
2745 5366 2796 5437 et
2818 5359 3107 5437 adeypriani
3132 5359 3384 5437 exemplar
3405 5359 3725 5437 ωειὶεῇἇξ

2162 5419 2349 5498 “Edim
2373 5426 2479 5498 ¹⁴⁰Ῡ·
2508 5427 2830 5498 ἱ.1¹.(ἐ³θξίῖ¹’¹¹¹ἓ¹
2854 5419 3090 5498 Ψέᾇ-ειθὲς,
3118 5419 3389 5498 εθηιεῄιίρ,
3666 5446 3721 5482 ex

2169 5498 2192 5527 α
2211 5479 2460 5554 Salomone
2482 5482 2643 5554 citata,
2659 5493 2763 5552 non
2786 5491 2946 5554 exstat
2981 5485 3126 5554 home
3152 5503 3243 5554 nec
3266 5491 3314 5539 in
3353 5479 3724 5554 1ίὼἶῶὶῆᾟᾶ

2168 5561 2191 5589 α
2213 5543 2400 5604 graecis,
2426 5555 2519 5591 nec
2540 5541 2699 5591 latinis
2735 5544 3111 5606 exemplaribus.
3146 5552 3299 5600 Prima
3338 5567 3460 5604 vero

2168 5621 2191 5650 ι
2213 5602 2295 5668 qui
2316 5601 2529 5668 ﬁdens...
2554 5602 2778 5668 solantes,
2799 5614 2959 5657 exstat
2981 5612 3205 5660 Proverb.
3228 5626 3280 5668 x,
3303 5616 3393 5664 sed
3419 5570 3565 5667 obeio
3587 5626 3723 5668 trans-

2168 5621 2191 5650 s
2213 5601 2295 5712 sui
2316 5601 2529 5666 ﬁdens...
2554 5602 2778 5675 solantes,
2799 5601 2959 5657 ρχέιει
2981 5612 3205 5681 νωθῆ).
3228 5626 3280 5673 Χ,
3303 5601 3723 5689 ωκόῠᾶὀῖὧὲ

2169 5682 2191 5710 α
2247 5677 2344 5735 xa':
2372 5664 2500 5737 “ﬁde
2521 5676 2731 5737 susinm-0
2755 5672 2848 5737 εἶδεν
2872 5677 3129 5737 ξςςιὶιθηιῑει
3146 5686 3342 5737 quogue
3363 5679 3515 5727 verba
3551 5681 3599 5729 in
3626 5678 3723 5728 Alri-
3788 5710 3789 5731 ι

2175 5745 2198 5772 ι
2219 5726 2351 5774 canis
2374 5725 2486 5774 olim
2510 5725 2867 5791 exemplaribus
2888 5725 3064 5779 ibidem
3090 5725 3213 5783 lec'ta
3236 5725 3414 5788 fuisse;
3428 5725 3475 5785 ἶ
3490 5725 3574 5790 ⁷1⁷.
