3796 6128
56 289 143 346 ,οε
1361 261 1564 318 Lmen
1602 268 1604 305 τ

1727 258 1891 315 .Το8.

59 401 144 456 uti
155 412 275 468 aqua
290 395 461 451 aliena
479 392 673 447 abstine
687 399 753 452 te,
770 395 815 441 et
835 384 898 439 de
913 383 1051 453 fonte
1067 381 1236 435 alieno
1249 394 1309 432 ne
1327 374 1528 468 biberis,
1539 380 1595 426 ut

57 466 225 559 tangunt
240 487 376 539 uiuas
396 495 618 552 tempus,
644 478 951 549 adjiciantur
970 473 1119 527 etiam
1141 469 1228 559 tibi
1255 466 1534 559 annijuitte.
1567 479 1587 513 ι

58 579 106 635 Et
121 555 166 632 in
188 573 459 646 Evangelia
479 588 573 627 sua
595 585 709 624 voce
732 566 982 621 Dominus
1006 571 1176 617 noster
1192 558 1224 613 .l
1231 574 1343 612 esus
1366 555 1595 610 Christus

55 671 216 721 locutus
236 673 309 718 est
345 662 526 715 dicens
551 675 570 714 :
602 676 622 710 ί
656 657 775 711 Nisi
807 657 922 727 quis
959 660 1166 706 renatus
1193 649 1347 719 fuerit
1371 660 1432 699 ea:
1463 658 1596 713 aqua

56 768 90 812 et
110 755 284 826 Spiritu
317 763 498 809 sancta
516 793 529 815 ,
557 767 658 804 non
698 755 858 819 potest
897 744 1107 800 introire
1130 743 1183 796 in
1219 753 1427 810 regnum
1449 734 1543 789 Dei
1572 752 1591 786 ι

57 845 200 915 (lacn.
241 859 316 902 tu.
359 844 438 912 5).
501 840 598 895 Hic
625 848 696 894 est
721 836 967 907 Spiritus,
995 834 1082 905 qui
1101 831 1163 885 ab
1183 831 1326 885 initio
1346 826 1598 901 ferebatur

56 951 179 1003 super
200 948 379 1003 aquam
418 930 573 1003 (Gen.
612 945 659 995 ι,
701 927 782 999 2).
826 925 1005 996 Neque
1043 922 1176 978 enim
1224 920 1451 990 Spiritus
1491 916 1599 971 sine

58 1043 160 1095 aqua
182 1024 375 1092 operari
393 1030 576 1092 potest,
602 1036 762 1090 neque
784 1034 919 1089 aqua
940 1017 1048 1070 sine
1071 1013 1290 1083 Spiritu.
1321 1008 1459 1063 Male
1476 1022 1597 1078 ergo

61 1118 127 1169 tibi
146 1115 335 1183 quidam
355 1115 786 1182 interpretantur,
818 1118 871 1163 ut
900 1108 1108 1172 dicant,
1139 1103 1274 1174 quod
1302 1119 1390 1173 per
1420 1116 1599 1154 manus

57 1209 382 1275 uuposidonens
412 1205 666 1274 Spiritum
694 1211 926 1257 sanctum
954 1199 1207 1267 accipiant
1230 1238 1245 1261 ,
1268 1206 1330 1249 et
1365 1195 1438 1248 sic
1472 1193 1601 1246 reci-

58 1299 224 1366 piantur
240 1312 258 1361 ,'
276 1313 391 1350 cum
417 1297 741 1364 manifestum
761 1292 826 1347 sit
847 1299 1059 1360 utroque
1085 1295 1397 1343 sacramento
1421 1284 1599 1337 debere

57 1407 122 1444 eos
141 1390 313 1444 renasci
341 1390 398 1443 in
436 1387 666 1441 Ecclesia
694 1384 960 1439 catholica.
984 1380 1128 1435 Tunc
1154 1379 1339 1450 quippe
1365 1381 1599 1448 poterunt

59 1482 133 1548 ﬁlii
155 1479 239 1534 Dei
260 1496 386 1543 esse,
409 1479 609 1532 dicente
630 1473 892 1547 Apostolo,
951 1491 970 1524 ι
997 1471 1239 1527 Curantes
1263 1482 1459 1523 seniore
1476 1465 1594 1518 uni-

60 1581 179 1624 tatem
213 1571 416 1641 spiritus
453 1570 509 1622 in
539 1567 891 1634 conjunctione
929 1565 1067 1634 pacis
1104 1578 1123 1616 :
1160 1576 1316 1613 unum
1345 1573 1526 1625 corpus
1552 1564 1598 1607 et

59 1678 160 1714 unus
190 1661 425 1730 spiritus,
472 1661 601 1713 sicut
639 1657 800 1712 vocati
837 1656 953 1710 estis
978 1656 1031 1708 in
1060 1669 1164 1707 una
1202 1667 1291 1721 spe
1326 1648 1601 1704 vocationis

61 1762 226 1815 castra;
247 1767 372 1803 uitus
394 1748 667 1814 Dominus,
689 1764 793 1800 una
813 1747 959 1815 ﬁdes,
986 1760 1146 1798 unum
1164 1741 1445 1810 Baptisma,
1468 1754 1601 1792 unus

60 1839 167 1894 Deus
189 1860 207 1892 ι
239 1838 453 1910 (Ep/res.
483 1854 558 1903 ιν,
582 1837 722 1907 55).
751 1835 875 1890 Ilec
899 1834 1068 1888 omnia
1098 1831 1323 1886 Ecclesia
1348 1828 1601 1883 catholica

62 1933 254 2003 loquitu.
295 1931 356 1984 Et
394 1933 581 1985 iterum
607 1930 661 1983 iu
688 1927 962 1997 Evangelia
990 1925 1145 1988 dicit,
1181 1941 1200 1974 t
1241 1921 1390 1990 Quod
1426 1928 1601 1973 natum

60 2034 115 2078 est
136 2024 189 2076 de
216 2041 361 2077 carne
379 2062 397 2088 ,
433 2038 558 2076 caro
600 2029 711 2084 est;
753 2029 802 2073 et
835 2017 969 2088 quod
994 2026 1166 2070 natum
1191 2026 1264 2069 est
1287 2013 1352 2066 de
1378 2011 1559 2082 spiritu
1583 2049 1598 2075 ,

60 2116 228 2182 spiritus
250 2124 318 2168 est
343 2113 531 2185 (Jcan.
562 2127 638 2171 ut,
660 2111 714 2180 6)
742 2127 760 2163 :
789 2108 1026 2181 quoniam
1046 2106 1253 2176 spiritus
1275 2102 1413 2157 Deus
1437 2111 1530 2167 est,
1557 2109 1602 2155 et

63 2206 109 2257 de
131 2203 222 2258 Deo
240 2214 384 2258 natus
407 2213 482 2257 est
518 2221 539 2254 ι
573 2200 680 2273 (ld.
709 2216 780 2264 iv,
810 2196 923 2267 24).
953 2196 1089 2267 Ergo
1112 2210 1283 2249 omnes
1312 2191 1530 2246 lurretici
1555 2199 1603 2244 et

62 2293 324 2346 schismatici
360 2292 539 2346 omnia
583 2304 905 2359 quascumque
944 2288 1136 2357 faciunt
1173 2282 1403 2338 carnalia
1447 2288 1599 2345 sunt,

63 2384 220 2436 dicente
237 2382 479 2453 Apostala
499 2423 517 2447 ,
554 2398 574 2431 s
613 2377 885 2447 Manifesta
907 2384 1026 2430 sunt
1054 2376 1186 2429 enim
1213 2389 1367 2443 apera
1392 2372 1561 2425 carnis
1581 2410 1600 2438 ,

62 2488 148 2540 qua
164 2483 266 2526 sunt
286 2472 650 2541 fornicationes
668 2510 682 2534 ,
708 2468 1071 2531 innnundititz,
1101 2466 1348 2529 incestus,
1378 2461 1600 2517 idolola-

65 2565 164 2624 tria,
191 2563 446 2631 retteﬁcia,
472 2560 780 2622 inimicitiis,
809 2557 1113 2620 certamina,
1137 2555 1273 2608 zelus
1290 2594 1305 2618 ,
1334 2554 1442 2618 ira,
1473 2552 1603 2606 dioi—

64 2652 212 2717 siones,
239 2652 468 2716 hereses,
501 2661 550 2703 et
578 2650 656 2702 his
682 2649 907 2708 similia;
925 2646 988 2700 de
1009 2643 1187 2715 quibus
1206 2643 1420 2713 prtedixi
1442 2641 1601 2705 vobis,

65 2742 164 2795 sicut
185 2742 414 2811 praedico,
440 2740 684 2810 quoniam
710 2738 1006 2809 quicumque
1030 2737 1137 2789 luec
1156 2734 1368 2805 faciunt,
1393 2746 1603 2803 regnum

66 2830 139 2885 Dei
159 2850 247 2885 non
267 2831 637 2886 haereditabunt
666 2848 685 2881 ι
727 2828 922 2899 (Galat.
953 2843 984 2879 ν
1004 2866 1021 2893 ,
1051 2824 1261 2894 19.21).
1294 2822 1604 2877 Condemnat

68 2902 458 2990 teque-Apostolus
479 2937 597 2973 cum
619 2918 847 2972 omnibus
868 2918 1015 2971 malis
1035 2925 1082 2970 et
1099 2931 1185 2969 eos
1205 2915 1290 2985 qui
1311 2913 1604 2967 divisionem

69 3010 250 3077 fodant,
284 3013 378 3064 hoc
413 3019 532 3075 est,
571 3009 913 3063 schismaticos
946 3015 992 3059 et
1029 3004 1309 3059 luereticos.
1341 3001 1459 3056 Nisi
1485 3016 1606 3072 ergo

70 3100 301 3169 acceperint
332 3099 605 3169 Baptisma
626 3098 846 3152 salutare
867 3097 922 3150 in
948 3094 1177 3150 Ecclesia
1213 3094 1463 3149 catholica
1495 3108 1608 3163 quia

69 3205 145 3240 una
164 3198 257 3255 est,
280 3191 406 3243 salvi
440 3204 556 3243 esse
586 3204 685 3242 non
709 3196 946 3261 possunt,
974 3187 1062 3241 sed
1088 3202 1204 3241 cum
1227 3186 1516 3240 carnalibus
1554 3187 1608 3239 in

66 3278 221 3347 judicio
243 3277 446 3333 Domini
474 3278 852 3332 damnabantur
873 3278 911 3331 ¹.

127 3372 197 3424 l9.
220 3370 572 3426 Nemesianus
597 3385 628 3424 a
654 3369 893 3424 Tubunis
920 3369 942 3400 ³
969 3367 1131 3422 multa
1158 3367 1337 3439 posuit
1365 3366 1607 3422 testimo-

73 3460 136 3513 nia
152 3460 532 3532 Scripturarum
561 3479 576 3514 :
604 3461 696 3515 sed
719 3476 814 3531 pro
841 3463 1101 3515 sententia
1122 3458 1427 3523 Catholicae,
1450 3471 1609 3541 quam

73 3554 395 3611 declarandam
430 3565 488 3611 et
532 3553 1007 3609 commendandam
1046 3553 1410 3621 suscepimus,
1445 3549 1608 3604 multa

72 3642 240 3700 locutus
262 3656 359 3701 est.
382 3646 496 3701 Nisi
532 3645 666 3699 forte
694 3643 980 3714 putandum
1009 3652 1111 3708 est,
1136 3643 1264 3726 quia
1288 3658 1392 3696 non
1419 3642 1533 3711 ﬁdit
1557 3641 1610 3695 in

75 3734 188 3800 [slsis
205 3736 283 3806 qui
306 3736 417 3791 fidit
445 3736 498 3790 in
532 3749 626 3804 spe
646 3750 821 3789 rerum
842 3735 1237 3805 temporalium,
1261 3733 1398 3787 sicut
1421 3746 1609 3787 omnes

74 3824 184 3877 avari
210 3835 359 3895 atque
399 3834 682 3895 raptores,
711 3833 764 3877 et
798 3824 888 3893 qui
929 3821 1125 3877 saeculo
1158 3836 1262 3875 non
1301 3820 1487 3885 factis,
1514 3819 1608 3875 sed

77 3915 214 3967 verbis
234 3917 575 3978 renuntiant,
602 3914 784 3984 quales
815 3924 991 3968 tamen
1021 3915 1159 3967 intus
1186 3921 1242 3967 et
1266 3912 1534 3982 baptizare
1557 3922 1612 3965 et

76 3999 285 4070 baptizari
318 4007 521 4070 etiam,
551 4003 843 4074 Cyprianus
882 4013 964 4057 est
1001 4004 1151 4057 testis
1187 4002 1376 4074 (Epist.
1415 4003 1513 4069 15,
1541 4003 1608 4055 ad

77 4093 293 4169 Clericos).
326 4096 425 4167 Ipsi
454 4109 734 4166 sequuntur
756 4097 905 4150 etiam
934 4112 1047 4149 aves
1073 4095 1293 4148 uolantes
1315 4093 1493 4167 (Prov.
1538 4110 1572 4149 ι
1591 4136 1607 4161 ,

74 4184 134 4253 4),
157 4188 262 4257 quia
291 4205 393 4244 non
421 4188 833 4259 apprehendunt
851 4204 967 4257 qua:
988 4187 1388 4256 concupiscunt.
1414 4185 1612 4241 Deserit

76 4287 205 4330 autent
228 4280 327 4333 aias
357 4282 523 4334 pinea:
545 4295 676 4341 sure,
706 4288 754 4332 et
789 4295 820 4331 a
854 4279 1031 4331 semita
1066 4277 1220 4347 agelli
1253 4277 1330 4330 sui
1362 4286 1532 4343 errat;
1564 4286 1611 4331 et

76 4366 308 4436 ingreditur
326 4387 414 4441 per
437 4371 555 4425 auia
577 4370 689 4422 loca
708 4378 854 4438 atque
874 4367 1019 4421 arida
1039 4376 1085 4420 et
1107 4378 1290 4420 terram
1310 4365 1613 4420 destinatam

79 4457 168 4522 siti,
191 4462 498 4529 consequitur
526 4467 699 4512 autem
730 4458 959 4511 manibus
983 4459 1325 4528 infructuosa,
1357 4471 1459 4510 non
1501 4456 1612 4510 hm-

80 4549 238 4603 reticus
261 4560 459 4605 tantum
485 4593 501 4618 ,
533 4550 629 4605 scd
657 4551 829 4604 omnis
853 4550 940 4618 qui
973 4549 1111 4602 male
1138 4550 1262 4603 vivit
1293 4567 1307 4600 :
1342 4550 1463 4619 quia
1492 4563 1609 4602 om-

81 4636 326 4705 nisjustitia
344 4641 619 4697 fruetuosa
636 4650 735 4711 est,
751 4642 987 4695 etonmis
1003 4640 1251 4710 iniquitas
1269 4640 1610 4694 infructuosa.

80 4727 155 4793 Qui
187 4747 300 4787 vero
327 4752 512 4805 aquam
528 4733 751 4787 alienant
777 4734 838 4787 de
864 4738 1003 4805 fonte
1027 4743 1261 4787 extraneo
1291 4733 1484 4799 bibunt,
1504 4748 1609 4787 non

82 4815 272 4876 lucretici
300 4834 499 4879 tantum
523 4831 678 4888 sunt,
709 4823 801 4877 sed
828 4838 1013 4877 omnes
1037 4822 1125 4892 qui
1167 4806 1270 4876 non
1308 4823 1492 4876 vivunt
1523 4836 1612 4877 sco

81 4910 268 4965 Cllltdtlm
294 4929 353 4967 ea
382 4931 502 4985 qua:
540 4913 700 4968 docet
734 4913 900 4979 Deus,
929 4922 985 4967 et
1014 4914 1197 4967 vivunt
1232 4913 1521 4968 secundum
1549 4929 1611 4969 ea

83 5010 173 5063 qua:
193 4999 336 5057 docet
358 5004 623 5058 diabolus.
651 5002 781 5056 Nam
809 5003 853 5057 si
881 5003 950 5057 de
968 5002 1240 5071 Baptismo
1260 5003 1482 5068 diceret,
1507 5018 1612 5056 non

84 5084 274 5156 diceret,
313 5092 420 5147 Nec
446 5094 510 5146 de
537 5096 674 5164 fante
697 5103 933 5147 extraneo
969 5094 1146 5146 biberis
1163 5108 1183 5156 ,'
1212 5093 1334 5156 sed,
1368 5093 1443 5146 De
1471 5091 1614 5148 fonte

85 5183 293 5235 extraneo
315 5198 419 5237 non
449 5192 501 5238 te
521 5182 913 5261 abluerisslam
936 5197 1060 5237 vero
1081 5183 1219 5252 quod
1246 5184 1498 5236 Dominus
1517 5182 1610 5247 ait,

91 5262 179 5320 Nisi
201 5273 301 5339 quis
325 5286 527 5329 renatus
554 5276 706 5345 fuerit
733 5290 798 5328 ea:
827 5291 959 5343 aqua
995 5283 1041 5326 et
1069 5273 1294 5344 Spiritu,
1329 5290 1429 5328 non
1456 5283 1615 5343 potest

408 5428 683 5477 Nemesiani
706 5429 948 5476 sententia
964 5427 1025 5475 ab
1058 5434 1135 5477 est
1155 5427 1218 5476 ab
1246 5435 1346 5476 Am.
1365 5435 1418 5477 et
1452 5440 1618 5477 manu-

216 5497 253 5531 S.

137 5540 151 5567 '
174 5549 300 5598 Vetus
331 5549 488 5600 codex
508 5550 817 5609 Corbeieusis
842 5563 851 5596 :
883 5549 1209 5600 .ventescianus
1231 5557 1390 5599 autem
1412 5563 1443 5597 a
1470 5549 1619 5599 Tubu-

89 5598 157 5709 ’ἐξ
185 5613 266 5655 \ox
282 5645 295 5666 ,
317 5598 604 5675 est
629 5613 679 5660 in
708 5610 815 5659 aliis
846 5598 1397 5673 qumpteﬁmanuscriptis
1421 5620 1472 5660 et
1493 5598 1617 5674 apud

3173 259 3277 316 206

1704 371 1912 425 introire
1934 371 1986 424 in
2016 387 2227 443 regnum
2250 370 2342 425 Dei
2369 369 2548 442 (Joan.
2571 387 2648 437 Ill,
2671 370 2746 443 5),
2772 369 2899 443 quid
2919 388 3042 428 eum
3068 372 3281 443 adjuvet

1703 461 1769 515 ad
1801 462 1848 515 id
1877 462 2017 531 quod
2048 471 2209 532 putat,
2240 465 2456 519 omnino
2487 479 2592 519 non
2621 465 2796 519 video.
2826 466 2982 520 Aliud
3004 473 3089 521 est
3113 467 3276 533 cnim,

1701 551 1887 607 Omnis
1905 554 1992 622 qui
2021 554 2233 609 intrabit
2260 556 2312 609 in
2339 570 2559 626 regnum
2585 556 2842 611 caelorum
2871 558 3017 626 prius
3045 559 3281 612 renasci-

1702 649 1788 696 tur
1810 659 1874 713 ςχ
1904 657 2037 712 aqua
2059 654 2114 699 et
2133 644 2352 715 Spiritu,
2376 646 2498 716 quia
2519 646 2618 701 nisi
2641 655 2855 702 renatus
2877 646 3038 702 fuerit
3056 663 3121 707 ex
3145 664 3279 719 aqua

1703 742 1753 787 et
1791 734 1988 803 Spiritu
2012 777 2030 802 ,
2069 751 2171 791 non
2213 737 2429 792 intrabit
2465 738 2517 792 in
2556 752 2777 809 regnum
2812 740 3106 804 caelorum;
3138 732 3279 810 quod

1704 821 1961 878 Dominus
1990 825 2139 887 dixit,
2168 835 2223 881 et
2245 842 2430 881 verum
2452 837 2573 882 est:
2596 829 2738 883 aliud
2757 839 2955 896 autem,
2983 829 3169 885 Omnis
3190 831 3281 902 qui

1703 915 1940 970 nascitur
1963 930 2025 969 ex
2060 930 2193 986 aqua
2220 927 2274 972 et
2307 916 2506 986 Spiritu
2535 918 2749 973 intrabit
2781 919 2834 973 in
2863 935 3084 987 regnum
3115 921 3282 976 cmlo-

1703 1018 1852 1068 rom;
1874 1004 2015 1074 quod
2036 1006 2219 1076 utique
2239 1006 2427 1062 falsum
2446 1017 2548 1063 est.
2567 1007 2698 1063 Nam
2719 1019 2772 1063 et
2791 1008 2972 1064 Simon
2991 1009 3078 1065 ille
3097 1027 3281 1082 magus

1703 1105 1860 1149 natus
1885 1105 1998 1150 erat
2017 1112 2081 1151 ex
2104 1111 2240 1167 aqua
2269 1106 2322 1152 et
2347 1098 2541 1168 Spiritu
2566 1098 2700 1171 (Act.
2729 1115 2818 1153 vnl
2838 1140 2853 1164 ,
2883 1101 2994 1170 1'5),
3022 1110 3076 1155 et
3104 1110 3280 1158 tamen

1704 1200 1808 1239 non
1844 1186 2058 1241 intravit
2092 1188 2143 1241 in
2183 1203 2403 1259 regnum
2433 1189 2709 1245 caelorum.
2749 1189 2837 1246 Sic
2883 1191 2996 1245 fieri
3029 1202 3199 1261 potest
3227 1204 3286 1249 ut

1704 1272 1971 1330 luereticis
1997 1276 2155 1332 etiam
2181 1278 2473 1349 contingat.
2497 1281 2602 1334 Aut
2622 1280 2667 1334 si
2690 1296 2792 1334 non
2823 1281 3056 1336 nascitur
3074 1297 3137 1337 ex
3165 1283 3285 1353 Spi-

1703 1365 1807 1418 ritu
1834 1367 1931 1421 nisi
1970 1369 2060 1438 qui
2100 1369 2272 1424 veraci
2308 1372 2659 1427 conversione
2686 1381 2952 1441 mutatur,
2978 1389 3166 1429 omnes
3193 1376 3283 1445 qui

1703 1456 1900 1510 saeculo
1924 1458 2101 1513 verbis
2128 1468 2182 1514 et
2208 1474 2313 1514 non
2338 1459 2492 1517 factis
2517 1463 2842 1531 renuntiant,
2868 1478 2974 1518 non
3007 1465 3188 1535 utique
3213 1466 3281 1523 de

1702 1548 1897 1617 Spiritu
1919 1589 1937 1614 ,
1975 1550 2068 1605 sed
2107 1566 2173 1606 ex
2214 1566 2348 1622 aqua
2390 1554 2502 1608 sola
2541 1563 2832 1610 nascuntur
2863 1573 2877 1609 :
2909 1556 2996 1626 qui
3028 1565 3200 1612 tanwn
3231 1567 3287 1613 et

1705 1638 1847 1692 intus
1869 1647 2002 1694 teste
2030 1639 2296 1711 Cypriane
2322 1652 2464 1697 sunt.
2493 1643 2720 1701 Necesse
2742 1653 2829 1700 est
2861 1646 3003 1701 enim
3039 1655 3097 1702 ut
3119 1662 3283 1701 unum

1703 1728 1770 1785 de
1795 1729 2001 1786 duobus
2027 1733 2351 1789 concedatur
2380 1753 2394 1788 :
2426 1745 2516 1789 aut
2556 1736 2631 1790 illi
2669 1738 2758 1807 qui
2800 1736 3061 1797 fallaciter
3087 1739 3285 1793 sarculo

1703 1823 2032 1890 renuntiant,
2061 1836 2350 1881 nascuntur
2374 1827 2441 1883 de
2474 1827 2675 1900 Spiritu
2694 1871 2708 1895 ,
2738 1832 2979 1911 quamvis
3009 1831 3074 1887 ad
3101 1835 3281 1903 perni-

1703 1916 1860 1982 ciem,
1890 1931 1994 1971 non
2017 1918 2083 1972 ad
2109 1919 2352 1984 Salutem,
2384 1930 2543 1988 atque
2570 1922 2643 1977 ita
2668 1934 2891 1993 possunt
2918 1934 2969 1980 et
2995 1924 3232 1981 haeretici
3264 1945 3282 1982 :

1704 2015 1795 2060 aut
1817 2008 1863 2061 si
1889 2007 2015 2061 illud
2040 2009 2181 2078 quod
2215 2011 2469 2081 scriptum
2504 2022 2614 2078 est,
2645 2013 2866 2068 Sanctus
2896 2016 3031 2069 enim
3059 2016 3283 2086 Spiritus

1704 2097 1987 2165 disciplina
2010 2097 2214 2171 effugiet
2233 2102 2406 2170 ﬁctum
2429 2101 2585 2172 (Sap.
2612 2118 2650 2168 ι,
2680 2103 2756 2173 5),
2787 2105 2947 2158 etiam
2969 2105 3033 2159 ad
3066 2105 3164 2160 hoc
3186 2122 3283 2161 va-

1704 2185 1812 2253 let,
1843 2196 1899 2241 ut
1931 2187 2187 2244 fallaciter
2219 2191 2417 2246 sacculo
2453 2193 2816 2249 renuntiantes
2854 2209 2959 2248 non
3000 2207 3286 2253 nascantur

1705 2277 1772 2332 de
1798 2278 2034 2348 Spiritu;
2065 2289 2239 2350 potest
2277 2283 2396 2352 quis
2423 2283 2677 2354 baptizari
2707 2300 2841 2355 aqua
2861 2327 2877 2352 ,
2908 2296 2960 2341 et
2997 2302 3103 2342 non
3140 2291 3284 2345 nasci

1706 2367 1773 2424 de
1798 2368 2031 2439 Spiritu;
2064 2382 2118 2425 et
2136 2370 2329 2428 frustra
2354 2371 2701 2430 Nemesianus
2731 2376 2823 2443 ait,
2857 2375 3036 2448 Neque
3060 2377 3288 2449 Spiritus

1705 2459 1814 2513 sine
1835 2476 1966 2529 aqua
1989 2462 2188 2532 operari
2209 2472 2385 2531 potest,
2409 2481 2497 2519 nec
2515 2482 2649 2536 aqua
2667 2467 2775 2522 sine
2794 2466 3013 2537 Spiritu.
3036 2470 3287 2527 Jamvero

1706 2557 1762 2604 et
1788 2550 1911 2604 alibi
1941 2565 2085 2621 smpe
2110 2551 2309 2608 dictum
2340 2563 2441 2619 est,
2472 2556 2740 2625 quomodo
2769 2557 2884 2613 fieri
2914 2561 3080 2628 possit
3104 2569 3161 2615 ut
3179 2560 3288 2615 'lia-

1707 2638 1867 2695 beant
1910 2644 2264 2699 communiter
2308 2660 2466 2699 unum
2509 2646 2817 2715 Baptisma,
2863 2650 2953 2718 qui
2995 2650 3285 2707 Ecclesium

1707 2745 1813 2785 non
1855 2729 2052 2786 habent
2094 2747 2253 2787 unam
2302 2751 2315 2786 :
2359 2735 2497 2789 sicut
2540 2736 2656 2790 fieri
2704 2746 2878 2807 potest
2919 2739 2971 2792 in
3009 2739 3119 2808 ipsa
3149 2741 3288 2797 intus

1707 2822 1944 2878 Ecclesia
1984 2832 2043 2878 ut
2083 2839 2189 2879 non
2229 2824 2459 2881 habeant
2501 2842 2664 2882 unum
2701 2828 2956 2898 Spiritum
2995 2835 3160 2886 sancti
3192 2848 3289 2902 per

1703 2912 1961 2982 justitiam
1983 2922 2038 2970 et
2064 2915 2320 2971 immundi
2341 2931 2438 2986 per
2458 2919 2753 2986 avaritiam,
2781 2929 2835 2976 et
2858 2929 3034 2977 tamen
3061 2922 3291 2981 habeant

1708 3019 1871 3059 unum
1900 3004 2188 3075 Baptisms.
2225 3005 2313 3062 Sic
2346 3007 2488 3062 enim
2515 3007 2712 3063 dictum
2736 3019 2821 3065 est
2839 3052 2855 3077 ,
2884 3028 3037 3066 unum
3063 3028 3246 3083 corpus
3270 3056 3286 3082 ,

1708 3094 1760 3149 id
1790 3102 1906 3162 est,
1938 3095 2209 3162 Ecclesia;
2238 3097 2407 3164 sicut,
2435 3114 2568 3153 unus
2589 3098 2846 3169 Spiritus.
2877 3112 2931 3156 et
2954 3142 2971 3168 ,
2999 3118 3155 3156 unum
3180 3092 3289 3159 Ba;

1711 3186 1913 3256 ptisma.
1943 3184 2062 3241 lam
2095 3197 2289 3242 cratera
2327 3202 2447 3258 qua:
2488 3189 2651 3253 dixit,
2683 3198 2878 3245 nostra:
2908 3193 3084 3261 patius
3111 3207 3290 3250 asser-

1713 3278 1841 3333 tioni
1882 3278 2254 3347 suffragantur.
2296 3279 2477 3335 Posuit
2513 3280 2656 3351 enim
2697 3296 2763 3335 ex
2807 3281 3094 3353 Evangelia
3133 3286 3291 3339 testi-

1711 3367 1969 3431 monium,
2002 3367 2151 3435 Quod
2176 3378 2348 3422 natum
2380 3378 2456 3423 est
2486 3369 2550 3423 de
2583 3385 2734 3423 carne
2752 3411 2765 3432 ,
2795 3386 2913 3437 caro
2942 3382 3050 3438 est;
3077 3383 3125 3428 et
3155 3377 3291 3443 quod

1712 3468 1887 3512 nutum
1918 3467 1991 3512 est
2016 3459 2080 3513 de
2099 3459 2312 3529 spiritu,
2344 3458 2551 3529 spiritus
2581 3469 2652 3514 est
2683 3458 2861 3532 (Joan.
2898 3477 2954 3516 ιιι
2977 3502 2992 3526 ,
3035 3462 3129 3533 6);
3169 3466 3292 3534 quia

1712 3546 1851 3602 Deus
1875 3549 2080 3617 spiritus
2098 3540 2197 3616 'est,
2224 3559 2269 3603 et
2294 3566 2358 3604 ea:
2382 3547 2490 3603 Deo
2519 3559 2667 3604 natus
2691 3560 2765 3605 est
2790 3550 2900 3622 (Id.
2950 3568 3006 3609 IV
3028 3594 3043 3620 ,
3071 3554 3163 3624 24)
3194 3573 3207 3609 :
3236 3566 3291 3610 et

1714 3640 1911 3706 intulit,
1945 3640 2083 3711 Ergo
2107 3657 2278 3696 omnes
2305 3642 2528 3696 heretici
2554 3651 2599 3696 et
2618 3643 2926 3698 schismatici
2953 3646 3123 3699 omnia
3147 3662 3305 3716 qum»

1713 3746 1922 3798 cumque
1941 3731 2132 3799 faciunt
2151 3731 2379 3785 carnalia
2409 3740 2557 3795 sunt,
2590 3732 2783 3787 dicente
2812 3734 3050 3803 Apostolo
3068 3774 3085 3802 ,
3116 3752 3134 3786 ι
3172 3734 3290 3789 hla-

1715 3822 1897 3892 nifesta
1921 3824 2054 3876 enim
2079 3832 2195 3876 sunt
2219 3838 2373 3894 opera
2399 3825 2597 3891 carnis,
2622 3841 2733 3892 qua
2758 3837 2874 3880 sunt
2909 3827 3288 3897 fornicationes,

1714 3916 2067 3982 immunditiis;
2085 3927 2166 3973 set
2190 3927 2382 3972 cratera
2408 3933 2527 3988 qua:
2557 3918 2627 3972 ibi
2648 3919 2775 3973 dicit
2800 3921 3107 3989 Apostolus,
3128 3923 3213 3976 ubi
3238 3931 3293 3977 et

1717 4004 1949 4061 Intereses
1969 4008 2423 4072 commemoravit,
2444 4009 2541 4063 iste
2570 4020 2855 4064 exsecutus
2875 4019 2987 4065 est:
3011 4030 3027 4060 ι
3043 4011 3292 4076 Quoniam

1715 4095 2015 4166 quicumque
2039 4095 2145 4149 hate
2168 4096 2380 4165 faciunt,
2407 4114 2611 4167 regnum
2637 4097 2730 4152 Dei
2757 4115 2860 4153 non
2890 4101 3284 4155 Ita'reditabunts

1717 4186 1912 4257 (Galat.
1936 4187 2062 4253 v,l9
2088 4187 2204 4257 21).
2229 4186 2431 4242 Deinde
2451 4188 2680 4257 adjecit,
2704 4198 2758 4244 et
2774 4175 2921 4243 ’dixn
2945 4207 2959 4245 :
2983 4191 3293 4248 Condemnat

1715 4278 1882 4347 itaque
1907 4276 2178 4347 Apostolus
2203 4294 2317 4330 cum
2344 4276 2573 4330 omnibus
2603 4279 2749 4331 malis
2772 4287 2818 4331 et
2851 4295 2933 4333 eos
2965 4281 3050 4347 qui
3077 4281 3287 4337 divisio-

1718 4384 1831 4421 nem
1856 4369 2068 4437 faciunt,
2089 4368 2181 4420 hoc
2198 4376 2292 4433 est,
2322 4367 2667 4422 schismaticos
2714 4378 2760 4422 et
2810 4369 3092 4423 hwreticos.
3123 4371 3286 4435 Bene,

1716 4457 1855 4527 quod
1882 4472 2201 4512 enumerans
2229 4473 2387 4526 opera
2414 4458 2589 4511 carnis
2607 4500 2622 4523 ,
2664 4458 2804 4513 inter
2828 4475 2946 4529 qua:
2980 4469 3033 4513 et
3059 4459 3290 4515 lia-reses

1717 4557 1859 4613 sunt,
1894 4548 2093 4601 invenit
2125 4555 2179 4600 et
2203 4547 2333 4600 dixit
2368 4547 2527 4600 simul
2563 4550 2743 4622 munia
2776 4549 3112 4603 damnantem
3147 4552 3294 4618 Apo-

1717 4642 1932 4694 stolum.
1968 4640 2263 4708 lntcrroget
2289 4654 2413 4709 ergo
2455 4640 2625 4709 ipsum
2665 4652 2902 4695 sanctum
2932 4640 3287 4712 Cyprianum,

1718 4736 1774 4783 ct
1809 4729 1988 4783 audiat
2027 4728 2095 4783 ab
2132 4744 2199 4783 eo
2235 4729 2579 4798 quammulti
2617 4730 2776 4784 etiam
2816 4730 2960 4784 intus
2995 4731 3289 4786 secundum

1717 4833 1879 4886 apcra
1907 4820 2041 4873 mala
2067 4819 2242 4872 carnis
2265 4819 2462 4884 vivunt,
2485 4833 2604 4888 quae
2623 4833 2741 4872 cum
2764 4817 3054 4875 bmresibus
3075 4820 3295 4876 dainnat

1720 4912 2004 4981 Apostolus
2030 4951 2046 4976 ,
2084 4920 2139 4965 et
2176 4920 2349 4966 tamen
2389 4911 2655 4979 baptizant
2690 4919 2745 4964 et
2783 4911 3137 4981 baptizantur.
3188 4913 3295 4969 Cur

1720 5020 1847 5074 ergo
1883 5005 1981 5059 soli
2021 5004 2255 5058 limretici
2303 5002 2549 5057 dicuntur
2584 5002 2909 5072 Baptismum
2949 5004 3147 5059 habere
3186 5021 3292 5061 non

1722 5110 1902 5165 posse,
1931 5110 2089 5164 quem
2118 5094 2311 5147 habent
2339 5093 2465 5148 socii
2494 5092 2851 5148 damnationis
2879 5095 3153 5163 ipsorum?

1793 5184 2016 5239 CAPUT
2045 5183 2183 5239 Xlll.
2203 5183 2375 5237 —‘20.
2405 5181 2686 5239 Januarius
2706 5200 2735 5238 a
2774 5185 3048 5242 Lambrese
3077 5188 3091 5218 ³
3123 5186 3257 5243 dixit
3284 5208 3298 5244 :

1724 5276 2016 5332 Secundum
2039 5276 2417 5344 Scripturarum
2439 5286 2723 5330 sanctarum
2756 5280 3099 5332 auctoritatem
3128 5282 3298 5335 decer-

1724 5383 1789 5420 no
1833 5366 2089 5420 htereticos
2129 5382 2299 5419 omnes
2337 5365 2661 5435 baptizandos
2685 5409 2699 5434 ,
2741 5380 2787 5421 et
2811 5369 2883 5422 sic
2924 5371 2977 5422 in
3021 5370 3296 5425 Ecclesium

1724 5468 1948 5509 sanctam
1976 5456 2321 5508 admittendos.

1790 5610 1805 5638 ¹
1835 5617 1931 5675 Am.
1958 5613 2029 5654 Er.
2051 5616 2101 5655 et
2125 5612 2253 5675 L9\'.,
2284 5607 2516 5658 tambsse.
2547 5616 2750 5658 Veteres
2780 5612 2927 5657 nostri
2972 5617 3077 5660 Mss.
3103 5618 3152 5658 ut
3173 5612 3298 5675 apud

1726 5680 1799 5733 Cy,
1818 5674 2020 5725 rianum,
2049 5668 2299 5716 lumbrae.
