3796 6126
481 271 586 326 20⁸1

552 386 643 439 21.
676 382 807 440 Huic
821 383 1169 454 respondetur
1187 398 1200 434 :
1221 382 1521 437 Secundum
1536 381 1923 452 Scripturarum
1948 396 2072 434 san-

483 488 689 532 ctarum
737 476 1106 531 auctoritatem
1147 474 1382 529 decrevit
1425 476 1706 529 concilium
1751 473 2071 529 catholicum

483 570 630 626 orbis
670 576 954 628 terrarum,
997 565 1155 620 etiam
1187 566 1240 619 in
1269 566 1537 620 lncreticis
1576 565 1846 619 inventum
1877 565 2070 618 Christi

483 658 806 728 Baptismum
835 671 938 710 non
963 670 1081 710 esse
1108 655 1535 724 improbandum.
1561 654 1618 710 Si
1642 666 1818 710 autem
1847 663 2072 724 poneret

483 749 781 806 testimonia
821 748 1242 818 Scripturarum,
1283 758 1376 802 aut
1413 757 1596 803 contra
1638 763 1734 801 nos
1771 764 1874 802 non
1912 763 2065 813 esse,

486 849 579 894 aut
605 840 764 895 etiam
795 853 890 909 pro
917 839 1068 892 nobis
1093 833 1211 894 esse
1236 838 1726 893 demonstraremus
1751 858 1764 892 :
1787 839 1922 893 sicut
1947 853 2073 894 ecce

483 929 572 999 qui
603 944 724 985 eum
753 928 1007 998 sequitur.

556 1017 783 1074 CAPUT
821 1017 961 1072 XIV.
985 1047 1055 1057 —
1075 1017 1166 1070 22.
1201 1017 1391 1073 Lucius
1418 1033 1448 1071 a
1478 1019 1664 1073 Castro
1694 1018 1874 1073 Galhm
1901 1018 2069 1072 dixit:

481 1107 608 1162 Cum
646 1107 894 1162 Dominus
931 1108 984 1160 in
1016 1106 1294 1178 Evangelia
1324 1125 1414 1161 suo
1438 1108 1640 1174 dixerit,
1673 1127 1691 1160 ι
1731 1108 1826 1162 Vos
1846 1111 1959 1163 estis
1995 1109 2075 1164 sal

479 1209 665 1264 terra;
695 1199 739 1252 si
767 1207 935 1252 autem
963 1198 1044 1252 sal
1074 1199 1379 1267 infatuatum
1404 1199 1554 1268 fuerit
1579 1241 1594 1264 ,
1627 1200 1680 1252 id
1704 1201 1840 1266 quod
1865 1201 2074 1254 salietur

480 1305 544 1342 ea:
571 1304 664 1354 eo,
693 1286 762 1340 ad
791 1287 1004 1341 nihilum
1033 1287 1233 1354 valebit,
1279 1288 1374 1341 nisi
1415 1297 1470 1340 ut
1509 1289 1810 1358 projiciatur
1849 1290 1988 1358 foras
2027 1299 2071 1342 et

481 1379 800 1435 conculcetur
813 1379 875 1432 ab
900 1379 1182 1433 hominibus
1202 1397 1219 1429 ι
1249 1378 1520 1451 (Matt/av,
1547 1382 1660 1448 15);
1685 1391 1732 1434 et
1759 1382 1937 1433 iterum
1960 1391 2071 1450 post

477 1472 886 1526 resurrectionem
915 1486 1059 1524 suam
1080 1471 1277 1523 mittens
1297 1469 1564 1539 Apostolos
1584 1487 1700 1525 suos
1741 1472 2069 1537 mandaverit,

482 1561 673 1628 dicens,
700 1559 864 1613 «Data
877 1569 950 1614 est
973 1560 1096 1613 mihi
1120 1559 1283 1613 omnis
1306 1569 1521 1629 potestas
1540 1561 1594 1613 in
1619 1560 1741 1614 ccelo
1762 1563 1878 1614 etin
1904 1553 2035 1614 terra
2055 1578 2072 1626 ;

480 1653 552 1707 ite
594 1668 732 1722 ergo,
777 1662 822 1706 et
838 1652 1012 1705 docete
1040 1667 1210 1705 omnes
1233 1660 1420 1721 gentes,
1452 1651 1762 1720 baptizantes
1791 1668 1873 1704 eos
1900 1652 1951 1704 in
1979 1669 2072 1705 no-

485 1747 620 1800 mine
645 1744 817 1799 Patris
837 1754 883 1798 et
916 1743 1039 1797 Fifii
1059 1753 1104 1797 et
1139 1743 1365 1811 Spiritus
1391 1743 1552 1796 sancti
1576 1763 1593 1794 ι
1623 1741 1731 1812 (Id.
1758 1759 1947 1806 xxviii,
1983 1743 2072 1809 18,

488 1840 514 1893 1
524 1838 582 1910 9)
603 1856 614 1890 :
631 1855 745 1892 cum
758 1851 874 1906 ergo
887 1836 1208 1906 manifestum
1221 1834 1281 1888 sit
1303 1835 1579 1901 Iucreticos,
1594 1835 1647 1888 id
1659 1845 1749 1900 est,
1764 1836 1926 1889 hostes
1937 1833 2008 1890 Ch
2015 1836 2078 1889 ri-

485 1931 570 1992 sti,
603 1945 700 1981 non
730 1925 1306 1998 intrgramSacramenti
1340 1926 1700 1994 confessionem
1721 1924 1900 1978 habere
1921 1942 1938 1978 :
1960 1927 2075 1979 item

479 2017 820 2072 schismaticos
847 2032 946 2069 non
978 2030 1123 2087 posse
1146 2015 1351 2068 condire
1375 2015 1621 2084 sapientia
1651 2015 1924 2084 spirituali,
1961 2030 2076 2067 cum

487 2111 585 2179 ipsi
611 2111 673 2163 ab
702 2107 955 2173 Ecclesia,
985 2122 1098 2176 qua:
1125 2122 1226 2159 una
1255 2115 1358 2172 est,
1386 2106 1662 2159 recedendo
1687 2106 1925 2176 infatuati
1949 2121 2073 2159 con-

489 2200 633 2253 trarii
659 2198 780 2264 facti
800 2198 922 2262 sint;
942 2197 1030 2264 fiat
1059 2196 1186 2248 sicut
1212 2198 1456 2265 scriptum
1485 2203 1573 2258 est,
1603 2215 1621 2245 ε
1647 2194 1842 2249 Domus
1870 2205 2074 2249 contra-

488 2291 681 2344 riorum
709 2287 832 2358 legis
860 2285 1036 2340 debent
1063 2287 1466 2340 emundationem
1493 2305 1510 2337 ι
1546 2284 1731 2355 (Prov.
1761 2301 1880 2351 XIV,
1908 2285 2073 2350 9,sec.

488 2379 659 2448 LXX)
699 2396 712 2432 :
747 2386 792 2431 et
821 2385 1230 2446 consequens-est
1265 2393 1349 2431 eos
1372 2377 1458 2446 qui
1486 2391 1517 2429 a
1543 2360 1812 2431 contrariis
1838 2377 2076 2447 baptizati

489 2469 739 2540 inquinati
763 2477 878 2523 sunt
904 2467 1066 2538 primo
1091 2467 1321 2538 purgari,
1349 2477 1394 2520 et
1415 2477 1521 2521 tum
1544 2468 1745 2521 demum
1767 2467 2073 2539 baptizari‘.

559 2561 650 2614 25.
690 2558 885 2614 Lucius
921 2572 949 2610 a
975 2555 1180 2611 -Castro
1209 2556 1391 2613 Galba:
1424 2558 1445 2589 ’
1483 2572 1552 2612 ex
1584 2558 1872 2628 Evangelio
1902 2559 2078 2628 posuit

491 2649 872 2714 testimonium,
901 2647 1114 2701 dicente
1144 2647 1367 2702 Domino
1386 2686 1401 2712 ,
1442 2646 1542 2701 Vos
1569 2647 1684 2701 estis
1711 2648 1788 2700 sal
1817 2656 2004 2712 terrm;
2033 2648 2076 2702 si

492 2749 658 2794 autem
687 2738 766 2792 sal
795 2739 1102 2809 infamatum
1142 2737 1312 2808 fuerit,
1341 2737 1395 2790 id
1417 2739 1551 2806 quod
1575 2737 1784 2792 satietur
1813 2754 1876 2791 ex
1903 2754 1980 2800 eo,
2009 2739 2078 2790 ad

495 2832 626 2886 nihil
654 2831 835 2886 ualebit
853 2872 868 2897 ,
900 2831 1000 2886 nisi
1025 2839 1081 2884 ut
1109 2830 1406 2901 proficiatur
1430 2830 1570 2899 foras
1597 2839 1644 2883 et
1673 2831 1989 2883 conculcetur
2013 2830 2076 2883 ab

493 2921 827 2975 hominibus:
865 2920 1016 2990 quasi
1055 2935 1153 2974 nos
1190 2919 1431 2974 dicamus
1468 2919 1713 2975 homines
1753 2920 1895 2988 ipsos
1931 2918 2074 2974 foras

488 3012 755 3081 projectos
793 3011 989 3081 aliquid
1021 3011 1221 3076 valere,
1257 3009 1340 3064 vel
1374 3009 1440 3064 ad
1471 3024 1620 3064 suam
1649 3011 1732 3065 vel
1757 3009 1822 3064 ad
1850 3010 2074 3065 aliorum

483 3103 729 3158 salutem.
775 3101 882 3157 Sed
914 3111 969 3156 et
995 3101 1084 3171 qui
1117 3101 1249 3155 tales
1274 3099 1521 3155 videntur
1549 3101 1690 3156 intus
1715 3142 1729 3165 ,
1763 3117 1869 3156 non
1895 3101 2068 3156 solum

482 3193 825 3264 spiritualiter
845 3192 983 3247 foris
1011 3199 1154 3259 sunt,
1187 3191 1280 3246 sed
1308 3192 1467 3246 etiam
1500 3193 1850 3262 corporaliter
1879 3191 1931 3247 in
1966 3192 2072 3248 line

481 3288 886 3357 separabuntur.
915 3285 1113 3341 Omnes
1139 3285 1280 3340 enim
1312 3284 1442 3339 tales
1467 3283 1532 3338 ad
1565 3285 1695 3338 nihil
1721 3283 1899 3339 valent
1919 3325 1934 3351 ,
1966 3300 2066 3340 nec

480 3379 603 3433 ideo
631 3385 808 3433 tamen
835 3386 1226 3432 sacramentum
1254 3375 1595 3447 Baptismatis
1620 3375 1760 3446 quod
1788 3376 1838 3430 in
1863 3377 1942 3431 eis
1965 3384 2068 3443 est,

481 3469 616 3525 nihil
655 3479 755 3526 est.
797 3468 930 3524 Nam
970 3477 1023 3523 et
1063 3468 1116 3521 in
1156 3467 1286 3538 ipsis
1323 3467 1411 3537 qui
1453 3466 1800 3536 projiciuntur
1828 3466 1994 3535 foras,
2027 3468 2072 3522 si

482 3561 800 3632 resipiscam
823 3568 879 3614 et
900 3558 1142 3624 redeant,
1171 3559 1309 3612 salus
1336 3557 1414 3612 eis
1439 3572 1557 3626 qua:
1581 3565 1880 3612 recesserat
1900 3557 2070 3611 redit:

481 3654 750 3724 Baptisma
779 3665 909 3706 vero
935 3649 1055 3719 quia
1082 3664 1187 3702 non
1213 3657 1508 3703 recesserat
1533 3663 1638 3702 non
1660 3647 1823 3702 redit.
1851 3648 1917 3701 Et
1941 3647 2071 3702 illud

481 3743 626 3814 quod
654 3742 729 3797 ait
758 3741 1035 3801 Dominus,
1071 3737 1154 3792 Ite
1177 3754 1316 3809 ergo,
1345 3748 1390 3790 et
1415 3738 1583 3792 docete
1606 3747 1795 3808 gentes,
1820 3738 2075 3807 baptizan-

487 3844 558 3886 tes
587 3847 670 3886 eos
700 3832 754 3884 in
781 3830 982 3884 nomine
1009 3827 1180 3882 Patris
1195 3837 1250 3880 et
1276 3826 1401 3880 Filii
1429 3836 1474 3881 ct
1495 3827 1933 3898 'Spiritus'sancti,
1966 3844 2071 3884 non

483 3921 726 3994 permisit
751 3920 1020 3990 baptizare
1045 3919 1143 3973 nisi
1170 3919 1339 3972 bonos
1364 3935 1376 3970 :
1401 3917 1518 3988 quia
1543 3918 1694 3972 malis
1717 3934 1822 3973 non
1848 3919 2068 3985 diceret,

484 4014 547 4070 Si
574 4013 654 4067 cui
683 4011 972 4066 dimiseritis
1012 4019 1235 4084 peccata,
1267 4010 1579 4063 dimittentur
1609 4010 1654 4063 ei
1671 4027 1690 4074 ;
1719 4011 1763 4062 si
1788 4011 1870 4063 cui
1900 4020 2072 4065 tenue-

463 4104 603 4157 ‘ritis
621 4143 637 4170 ,
667 4101 966 4157 tenebuntur
991 4100 1168 4172 (Joan.
1197 4115 1266 4154 xx
1287 4141 1301 4164 ,
1328 4099 1442 4170 2'5).
1472 4098 1749 4176 Quomodo
1773 4115 1901 4170 ergo
1931 4100 2072 4155 intus

484 4194 755 4264 haptizant
793 4193 954 4258 mali,
986 4193 1076 4263 qui
1114 4191 1380 4247 dimittere
1412 4200 1628 4260 peccata
1669 4207 1773 4245 non
1805 4195 2071 4262 possunt?

484 4283 765 4351 Quomodo
804 4282 961 4338 etiam
1002 4282 1273 4352 haptizant
1311 4281 1478 4335 malos
1514 4296 1618 4335 non
1655 4290 1904 4347 mutatos,
1936 4298 2069 4352 quo-

484 4391 602 4432 rum
634 4382 858 4444 peccata
877 4371 1051 4426 adhuc
1077 4387 1236 4441 super
1265 4386 1358 4426 eos
1385 4380 1526 4436 sunt,
1558 4372 1696 4426 sicut
1723 4371 1957 4426 Joannes
1983 4372 2068 4426 di-

484 4466 579 4530 cit,
616 4465 716 4532 Qui
743 4463 846 4517 odit
870 4466 1078 4533 fratrem
1104 4477 1270 4525 suum,
1301 4461 1352 4513 in
1384 4461 1594 4514 tenebris
1623 4471 1692 4514 est
1721 4477 1874 4530 usque
1902 4460 2070 4514 adhuc

485 4557 505 4623 (
532 4555 550 4610 I
579 4554 736 4609 Joan.
769 4569 803 4607 η
828 4593 842 4619 ,
871 4550 991 4623 9)?
1021 4551 1074 4606 Si
1104 4560 1279 4605 autem
1311 4559 1432 4605 tunc
1458 4551 1798 4606 dimittuntur
1819 4592 1832 4612 ,
1864 4566 1984 4606 cum
2011 4567 2068 4607 sc

486 4646 641 4701 bonis
684 4653 739 4700 et
779 4643 957 4713 justis,
1003 4657 1098 4712 per
1141 4656 1274 4710 quos
1322 4642 1374 4694 in
1419 4641 1654 4697 Ecclesia
1699 4642 2062 4709 dimittuntur,

485 4735 726 4805 quamvis
751 4749 783 4788 a
812 4733 964 4788 malis
993 4731 1239 4801 baptizati
1271 4733 1375 4784 sint
1396 4772 1410 4794 ,
1444 4731 1625 4784 intima
1656 4731 1913 4786 charitatc
1941 4747 2069 4786 con-

483 4825 752 4894 iungunt;
798 4822 875 4878 sic
913 4830 966 4876 et
1005 4822 1108 4876 illis
1147 4819 1235 4890 qui
1279 4819 1578 4874 forinsecus
1617 4821 1868 4885 veniunt,
1911 4830 1965 4875 et
2001 4822 2066 4876 ad

485 4914 730 4971 eamdem
771 4913 1136 4982 compaginem
1177 4912 1415 4981 corporis
1443 4910 1675 4976 Christi,
1710 4911 1919 4965 interno
1948 4912 2066 4966 vin-

416 5054 428 5061 .
484 5006 606 5061 culo
633 5003 776 5075 pacis
799 5003 1084 5084 accedunt;
1110 5003 1410 5073 Baptismus
1437 5003 1820 5057 tamenChristi
1842 5005 1890 5056 in
1911 5005 2069 5059 utris-

493 5114 598 5170 que
642 5093 1034 5168 agnoscendus,
1063 5105 1117 5150 et
1143 5096 1194 5149 in
1225 5096 1384 5150 nullis
1412 5093 1790 5164 improbandus
1815 5107 1928 5160 est;
1956 5096 2067 5152 sive

483 5199 766 5259 antequam
791 5196 1188 5252 convertantur,
1217 5187 1456 5259 quamvis
1481 5187 1559 5241 eis
1585 5187 1716 5241 nihil
1744 5188 1928 5257 prosit,
1954 5189 2066 5244 sive

481 5295 603 5336 cum
648 5287 1051 5346 convertuntur,
1092 5287 1149 5332 ut
1191 5279 1389 5348 prosit,
1436 5276 1565 5332 Cum
1600 5278 1699 5348 ipsi
1736 5279 1799 5330 ab
1842 5278 2066 5332 Ecclesia

485 5387 600 5442 quin
626 5387 730 5424 una
757 5379 858 5437 est,
889 5369 1079 5440 inquit,
1110 5368 1383 5422 recedendo
1411 5368 1651 5439 infatuati
1677 5369 1915 5422 contrarii
1944 5370 2064 5438 facti

549 5526 565 5556 ι
593 5526 676 5575 Hic
696 5524 880 5586 adjecta
927 5523 1068 5572 fuere
1101 5525 1150 5571 in
1189 5525 1361 5586 Erasmi
1384 5522 1598 5586 editione
1623 5530 1676 5573 et
1717 5522 2065 5585 posterioribus

485 5586 622 5635 libris
638 5585 789 5635 verba
811 5586 957 5643 Lucii,
981 5596 1092 5643 qua:
1130 5589 1244 5633 ante
1285 5585 1489 5633 aberant
1515 5585 1577 5633 ab
1601 5593 1699 5633 Am.
1729 5592 1780 5633 et
1803 5593 1908 5634 MSS.

549 5647 569 5677 ²
593 5653 692 5693 Am.
717 5652 792 5693 Er.
821 5651 871 5694 et
895 5652 1089 5707 septem
1109 5651 1235 5705 Mss,
1259 5657 1290 5692 a
1310 5650 1478 5692 rastra
1499 5645 1664 5694 Galba.
1683 5653 1829 5695 Vetus
1846 5654 1924 5694 \ts.
1949 5651 2061 5694 Cor-

487 5704 726 5768 betensis,
744 5719 774 5754 a
796 5703 968 5756 castra
987 5703 1165 5753 Galbte.

1227 268 1314 324 DE
1352 268 1694 325 BAPTISMO
1732 266 2007 324 CONTRA
2053 264 2500 336 DONATISTAS,
2542 269 2598 325 S.
2643 270 3010 327 AL’GUSTINI

3664 277 3760 333 208

2184 383 2312 449 sint;
2325 387 2416 454 fiat
2445 387 2572 439 sicut
2593 385 2833 454 scriptum
2861 396 2951 448 est,
2975 405 2992 437 ε
3024 385 3216 440 Domus
3246 389 3614 443 contrariorum
3644 392 3758 460 legis

2181 473 2356 528 debent
2379 475 2800 529 emundationem.
2818 495 2835 527 ι
2863 474 2929 528 Et
2949 492 3258 546 consequens
3281 479 3660 548 est,iuquit,eos
3679 483 3756 550 qui

2178 579 2209 615 a
2237 565 2504 618 contrariis
2533 565 2792 636 baptizati,
2823 565 3073 634 inquinati
3096 576 3232 632 sunt,
3265 570 3428 638 primo
3457 573 3686 640 purgari,
3716 583 3758 625 et

2177 662 2224 704 et
2255 662 2370 706 tunc
2395 654 2593 707 demam
2619 654 2883 719 baptizari.
2911 656 3048 722 Quid
3075 671 3222 726 ergo,
3253 664 3496 726 raptores
3520 671 3576 714 et
3599 661 3761 714 Immi-

2177 743 2310 799 eida:
2351 760 2456 799 non
2497 753 2622 799 sunt
2649 747 2903 801 contrarii
2942 748 3075 817 legis
3104 748 3350 815 dicentis,
3394 749 3516 804 Non
3547 755 3754 812 occides,

2178 849 2276 886 non
2306 834 2554 904 furaberis
2584 834 2778 906 (Exod.
2812 852 2900 902 xx,
2934 837 3021 898 15.
3052 837 3185 909 15)?
3213 837 3403 894 Debent
3426 856 3555 910 ergo
3585 858 3756 896 emun-

2177 922 2429 978 dationem
2466 940 2484 978 :
2517 925 2635 995 quis
2661 924 2764 980 hoc
2793 928 3102 996 negaverit?
3141 929 3209 982 Et
3248 938 3422 985 tamen
3455 947 3559 985 non
3591 935 3753 988 solum

2175 1015 2493 1086 quicumque
2522 1032 2551 1071 a
2583 1018 2773 1072 talibus
2801 1020 2942 1073 intus
2970 1019 3302 1092 baptizantur
3322 1063 3338 1086 ,
3367 1024 3460 1078 sed
3485 1026 3644 1079 etiam
3674 1031 3755 1096 qui

2178 1106 2310 1161 tales
2341 1122 2445 1160 non
2483 1109 2667 1162 mutati
2699 1109 3054 1178 baptizantur,
3095 1113 3338 1181 quamvis
3370 1113 3544 1168 adhuc
3574 1131 3757 1186 purga-

2177 1196 2373 1251 tionem
2401 1198 2632 1254 debeant
2658 1209 2717 1254 ut
2742 1211 3012 1257 mutentur
3030 1244 3044 1265 ,
3069 1219 3173 1258 non
3197 1213 3372 1259 tamen
3397 1208 3624 1276 amplius
3645 1225 3754 1263 cum

2177 1288 2360 1341 mutati
2393 1287 2587 1343 fuerint
2615 1290 2963 1358 baptizautur.
2992 1293 3159 1347 Tanta
3181 1295 3262 1348 vis
3283 1305 3364 1349 est
3386 1296 3436 1349 in
3461 1312 3755 1353 sacramen-

2182 1384 2236 1429 to
2266 1377 2521 1447 simplicis
2553 1380 2806 1449 Baptisnii
2834 1424 2848 1447 ,
2881 1393 2936 1436 ut
2973 1398 3092 1437 eum
3124 1383 3383 1440 fateamur
3409 1387 3639 1458 aliquem
3668 1390 3752 1445 ba-

2178 1468 2429 1536 ptizatum
2473 1479 2527 1525 et
2567 1471 2739 1526 adhuc
2771 1474 2907 1528 male
2924 1474 3204 1529 "viventem
3245 1475 3442 1532 debere
3481 1481 3752 1545 tnundari,

2177 1566 2415 1614 vetemus
2444 1570 2618 1616 tamen
2649 1563 2869 1616 ulterius
2895 1564 3173 1633 baptizari.

2252 1649 2480 1705 CAPUT
2509 1650 2812 1707 XV.—24.
2844 1652 3104 1708 Crescens
3129 1669 3157 1707 a
3179 1654 3318 1710 Cirta
3345 1656 3479 1710 dixit
3502 1676 3514 1711 :
3541 1656 3604 1712 In
3626 1669 3755 1713 tanta

2177 1748 2304 1792 coetu
2344 1741 2772 1794 sanctissimorum
2812 1744 3223 1797 consacerdotum
3267 1747 3406 1800 lectis
3445 1748 3630 1802 litteris
3665 1751 3756 1820 Cy-

2180 1833 2346 1899 priani
2388 1833 2698 1886 dilectissimi
2743 1836 2898 1888 nostri
2941 1836 3010 1888 ad
3050 1835 3400 1901 Jubaiannm,
3448 1840 3662 1910 itemque
3695 1844 3754 1893 ad

2180 1922 2518 1992 Stephanum,
2547 1941 2658 1993 qua:
2686 1935 2881 1979 tantum
2910 1925 2962 1979 in
2993 1943 3046 1980 se
3074 1929 3505 1981 sanctissimorum
3532 1947 3595 1983 ea:
3623 1930 3756 1985 Scri~

2178 2016 2340 2084 pturis
2369 2015 2562 2084 deiﬁcis
2585 2017 2992 2071 descendentium
3016 2019 3416 2072 testimoniorum
3444 2021 3458 2050 ³
3483 2023 3750 2086 continent,

2179 2116 2232 2159 ut
2273 2108 2450 2160 merito
2497 2126 2668 2162 onmes
2711 2127 2800 2180 prr
2839 2110 2934 2164 Dei
2971 2113 3189 2182 gratiam
3232 2113 3445 2165 adunati
3490 2122 3754 2168 consentire

2179 2196 2443 2252 debeamus
2466 2213 2484 2251 :
2504 2215 2678 2252 censeo
2702 2216 2794 2269 ego
2810 2217 2980 2255 omnes
3000 2202 3257 2256 hwreticos
3272 2207 3374 2257 sive
3396 2204 3750 2268 schismaticos,

2178 2290 2263 2358 qui
2289 2291 2357 2342 ad
2381 2292 2679 2345 catholicam
2711 2291 2986 2347 Ecclesiant
3011 2295 3178 2347 venire
3204 2295 3451 2348 voluerint
3470 2336 3485 2360 ,
3519 2313 3618 2349 non
3650 2309 3754 2348 ante

2176 2376 2391 2450 ingredi
2418 2381 2515 2434 nisi
2549 2383 2819 2435 exorcizati
2849 2393 2896 2436 et
2925 2384 3164 2453 baptizati
3195 2386 3418 2455 fuerint;
3448 2388 3663 2456 exceptis
3687 2388 3751 2439 his

2179 2487 2300 2524 sane
2326 2472 2410 2542 qai
2433 2475 2486 2524 in
2518 2471 2740 2526 Ecclesia
2771 2474 3020 2527 catholica
3050 2474 3237 2544 fuerint
3265 2486 3383 2530 ante
3407 2477 3665 2544 baptizati,
3693 2480 3752 2530 ita

2180 2570 2346 2614 tamen
2384 2572 2438 2614 ut
2479 2579 2566 2631 per
2603 2564 3188 2632 manustimpositionem
3216 2564 3267 2618 in
3298 2567 3636 2635 penitentiam
3667 2567 3751 2620 Ec-

2178 2653 2344 2706 clesia:
2368 2654 2773 2714 reconcilientur.

2242 2742 2345 2796 '25.
2387 2743 2482 2798 llic
2519 2743 2868 2799 admonemur
2899 2745 3100 2800 iterum
3131 2763 3391 2816 qumrere,
3431 2766 3528 2803 cur
3555 2749 3749 2811 dixerit,

2178 2838 2396 2907 exceptis
2434 2838 2512 2891 his
2543 2855 2665 2891 sane
2686 2840 2786 2910 qui
2819 2840 2870 2894 in
2907 2840 3136 2895 Ecclesia
3163 2843 3415 2896 catholica
3445 2845 3627 2913 fuerint
3652 2855 3752 2896 ante

2179 2929 2439 2998 baptismi.
2486 2932 2568 2984 An
2596 2931 2714 3000 quia
2756 2947 2860 2985 non
2891 2933 3176 2988 amiserant
3205 2935 3346 3004 quod
3378 2937 3521 2990 intus
3549 2954 3753 3005 accepe-

2179 3023 2338 3074 rant?
2373 3022 2513 3092 Ergo
2553 3022 2690 3091 quod
2732 3023 2928 3079 habere
2965 3024 3095 3080 foris
3133 3035 3399 3094 poterant,
3441 3044 3540 3083 cur
3579 3041 3750 3083 nonet

2181 3112 2389 3167 tradere
2431 3114 2714 3183 poterant?
2754 3117 2832 3169 An
2866 3117 3045 3173 illicite
3082 3117 3208 3172 foris
3239 3119 3508 3174 traditur?
3534 3121 3637 3176 Sed
3669 3138 3749 3174 ne-

2178 3221 2282 3275 que
2313 3205 2455 3259 licite
2482 3205 2608 3260 foris
2631 3206 2942 3272 habetur,et
2973 3217 3147 3263 tamen
3181 3210 3408 3264 habetur
3437 3229 3449 3265 :
3479 3213 3556 3266 sic
3585 3213 3750 3265 illicitc

2178 3295 2307 3350 furis
2340 3297 2494 3350 datur
2515 3339 2530 3363 ,
2572 3297 2666 3351 sed
2699 3307 2872 3352 tamen
2901 3299 3073 3353 datur.
3101 3299 3250 3367 Quod
3278 3310 3454 3355 autem
3483 3311 3749 3371 pra-statur

2177 3386 2419 3442 redeunti
2463 3388 2551 3458 qui
2593 3389 2735 3442 intus
2761 3399 3058 3460 acceperat,
3091 3391 3191 3445 hoc
3223 3399 3506 3459 praestatur
3534 3393 3746 3447 venienti

2177 3478 2268 3548 qui
2309 3479 2437 3533 foris
2475 3491 2786 3549 acceperat;
2829 3481 2879 3538 id
2919 3491 3035 3546 est,
3079 3489 3135 3535 ut
3173 3483 3316 3537 licite
3356 3483 3499 3539 intus
3539 3485 3744 3543 habeat.

2179 3568 2316 3638 quod
2343 3569 2522 3624 illicite
2544 3569 2669 3624 toris
2690 3570 2934 3625 habebat.
2960 3571 3063 3626 Sed
3087 3572 3277 3642 aliquis
3297 3573 3512 3629 forsitan
3537 3586 3744 3645 qttmrat,

2177 3659 2300 3728 quid
2331 3660 2398 3714 de
2422 3660 2520 3714 hac
2544 3676 2601 3714 re
2622 3664 2641 3692 ²
2665 3660 3077 3732 beati'Cypriani
3103 3664 3324 3732 epistola
3347 3665 3410 3719 ad
3433 3664 3744 3735 Stephanum

2177 3749 2402 3815 dixerit,
2445 3751 2595 3819 cujus
2631 3752 2681 3805 in
2724 3751 2821 3805 hac
2857 3755 3116 3806 sententia
3152 3758 3590 3812 commemoratio
3624 3757 3744 3811 facta

2177 3850 2293 3904 est,
2332 3857 2451 3896 cum
2492 3843 2543 3896 in
2583 3842 2800 3896 exordio
2828 3844 3038 3898 concilii
3067 3859 3173 3898 non
3205 3847 3272 3900 sit
3298 3857 3742 3911 commemorata,

2177 3932 2337 3986 credo
2365 3933 2483 4002 quia
2514 3947 2618 3986 non
2649 3941 2883 4000 putatum
2916 3943 3000 3988 est
3029 3936 3409 3990 necessarium.
3441 3937 3567 3991 Nam
3598 3948 3650 3992 et
3677 3940 3745 4006 ip-

2177 4037 2289 4076 sam
2334 4023 2384 4075 in
2428 4022 2528 4076 isto
2568 4032 2710 4078 cmtu
2739 4023 3177 4078 eousacerdotum
3211 4026 3404 4079 lectam
3435 4041 3553 4081 esse
3581 4026 3701 4081 dixit
3729 4045 3740 4079 :

2175 4111 2538 4182 quod'factum
2561 4112 2778 4166 omnino
2803 4127 2904 4166 non
2929 4109 3130 4178 dubito,
3155 4116 3671 4183 quantumarhitror,
3695 4126 3741 4168 ut

2177 4203 2290 4256 fieri
2319 4202 2472 4266 Solet,
2499 4217 2601 4270 quo
2633 4211 2847 4270 possent
2871 4202 2978 4270 jam
3008 4205 3311 4272 congregati
3338 4205 3569 4274 episcopi
3594 4206 3738 4259 etiam

2175 4292 2241 4348 de
2281 4293 2366 4346 illa
2407 4306 2562 4345 causa
2598 4292 2756 4346 simul
2785 4293 2979 4362 aliquid
3007 4309 3350 4361 cognoscere,
3381 4313 3499 4366 qua:
3530 4297 3610 4350 illa
3637 4296 3738 4364 epi-

2174 4383 2308 4436 stola
2348 4383 2668 4436 eontiuetur.
2710 4381 2840 4435 Nam
2880 4398 3101 4452 prorsus
3135 4384 3199 4437 ad
3235 4387 3582 4453 qumstionem
3613 4392 3737 4455 prie-

2175 4483 2378 4527 sentem
2423 4487 2527 4527 non
2571 4472 2834 4541 pertinet;
2879 4481 2932 4526 et
2977 4474 3142 4542 magis
3178 4475 3343 4527 miror
3380 4490 3477 4529 cur
3508 4489 3620 4529 eam
3653 4476 3738 4527 iSIe

2174 4580 2593 4620 commemorare
2624 4564 2882 4630 voluerit,
2915 4581 3071 4634 quam
3099 4581 3192 4619 cur
3219 4567 3269 4619 iu
3299 4566 3520 4620 exordio
3545 4565 3734 4620 concilii

2173 4658 2607 4714 commemoratio
2649 4657 2763 4724 ejus
2803 4658 3157 4725 praetermissa
3198 4659 3286 4711 sit.
3327 4658 3478 4725 Quod
3527 4659 3567 4710 si
3608 4657 3736 4726 quis-

2174 4765 2330 4818 quam
2362 4748 2651 4802 arhitratur
2675 4763 2760 4802 me
2788 4747 2982 4816 aliquid
3009 4748 3244 4802 noluisse
3274 4748 3324 4801 in
3367 4749 3592 4802 medium
3623 4761 3733 4816 pro-

2175 4841 2312 4894 ferre
2333 4880 2347 4906 ,
2376 4838 2515 4908 quod
2543 4839 2595 4892 in
2627 4855 2686 4892 ea
2715 4838 2942 4907 positum
2971 4849 3051 4892 est
3075 4839 3323 4907 praesenti
3355 4853 3533 4892 causa:
3563 4851 3733 4891 neces-

2172 4930 2393 4995 sarium,
2422 4929 2559 4998 legat
2585 4943 2701 4982 eam
2728 4937 2781 4981 et
2808 4927 2940 4980 sciat
2966 4943 3147 4981 verum
3176 4926 3463 4997 esse'quod
3488 4927 3602 4981 dico
3623 4943 3638 4980 :
3657 4934 3733 4978 aut

2172 5022 2215 5075 si
2247 5021 2385 5075 aliud
2425 5020 2686 5075 invenerit
2709 5060 2722 5082 ,
2751 5018 3053 5088 redarguat.
3086 5019 3312 5073 Prorsus
3341 5021 3483 5074 enim
3518 5019 3604 5073 illa
3633 5019 3732 5086 epi-

2171 5112 2305 5164 stola
2343 5111 2407 5166 de
2448 5110 2718 5180 Baptismo
2759 5107 2897 5178 apud
2936 5108 3212 5163 haereticos
3254 5108 3341 5163 vel
3385 5108 3732 5165 sehismaticos

2172 5202 2316 5268 dato,
2349 5202 2486 5257 unde
2513 5217 2653 5257 nunc
2679 5192 2907 5272 agimus,
2938 5201 3065 5254 nihil
3095 5199 3252 5255 habet
3277 5200 3374 5272 (a).

2235 5399 2251 5429 ί
2276 5397 2578 5459 Antiquiores
2598 5403 2729 5459 ,Mss.
2754 5396 2998 5459 omittunt,
3035 5393 3425 5459 descendentium
3469 5394 3731 5446 testimonio-

2169 5471 2296 5507 rum.
2318 5455 2484 5526 t‘lures
2501 5456 2580 5526 alii
2597 5457 2797 5526 habent,
2815 5455 3220 5526 testimoniorum;
3243 5457 3330 5507 sed
3355 5471 3465 5506 cum
3491 5466 3586 5506 Am.
3608 5462 3655 5506 et
3667 5461 3726 5502 Er.

2168 5526 2338 5583 carent
2354 5520 2522 5568 verbo.
2547 5518 2950 5583 descendentium.
2984 5578 2994 5583 _
3217 5581 3224 5583 _
3575 5577 3604 5583 __
3689 5573 3698 5583 .

2235 5583 2254 5612 ’
2277 5579 2463 5642 Aliquot
2483 5587 2613 5636 Mss,
2640 5579 2701 5627 de
2711 5578 2808 5643 hac
2838 5592 2891 5629 re
2913 5578 3112 5640 habeat;
3134 5581 3311 5643 onrisso
3334 5587 3524 5641 postea,
3551 5577 3725 5643 (riserit.

2173 5642 2257 5691 Alii
2291 5639 2397 5689 Mss.
2439 5646 2666 5702 neutrum
2711 5639 2893 5702 habent
2929 5652 3112 5702 :inec,
3134 5639 3348 5699 habenti
3383 5654 3510 5702 nec,
3551 5639 3723 5702 digerit.

2237 5703 2308 5762 (α)
2331 5708 2441 5749 Duae
2463 5698 2654 5749 eistaut
2674 5700 2884 5762 Cyprium
2909 5701 2966 5749 ad
2990 5701 3281 5762 Stephanum
3308 5698 3527 5763 epistolm
3557 5717 3568 5750 :
3598 5698 3726 5748 allen
