  <div class='ocr_page' id='page_1' title='image "/cluster/home/n/w/nwhite01/storage/ocr_20150623/43/uva.x000827113/112.png"; bbox 0 0 3812 6160; ppageno 0'>
   <div class='ocr_carea' id='block_1_1' title="bbox 174 383 1709 461">
    <p class='ocr_par' dir='ltr' id='par_1_1' title="bbox 174 383 1709 461">
     <span class='ocr_line' id='line_1_1' title="bbox 174 383 1709 461; baseline -0.016 -1"><span class='ocrx_word' id='word_1_1' title='bbox 174 403 422 461; x_wconf 66' lang='lat' dir='ltr'><strong>CAPUT</strong></span> <span class='ocrx_word' id='word_1_2' title='bbox 449 399 591 457; x_wconf 64' lang='lat' dir='ltr'><strong>XVI.</strong></span> <span class='ocrx_word' id='word_1_3' title='bbox 614 428 683 439; x_wconf 89' lang='lat'><strong>-——</strong></span> <span class='ocrx_word' id='word_1_4' title='bbox 700 396 789 451; x_wconf 72' lang='lat'><strong>26.</strong></span> <span class='ocrx_word' id='word_1_5' title='bbox 813 390 1128 449; x_wconf 84' lang='lat' dir='ltr'><strong>Nicomedes</strong></span> <span class='ocrx_word' id='word_1_6' title='bbox 1150 406 1182 444; x_wconf 69' lang='grc' dir='ltr'><strong>τι</strong></span> <span class='ocrx_word' id='word_1_7' title='bbox 1208 386 1477 458; x_wconf 76' lang='lat' dir='ltr'><strong>Segermis</strong></span> <span class='ocrx_word' id='word_1_8' title='bbox 1500 387 1515 416; x_wconf 76' lang='grc'>⁸</span> <span class='ocrx_word' id='word_1_9' title='bbox 1537 383 1709 439; x_wconf 89' lang='lat' dir='ltr'><strong>dixit:</strong></span> 
     </span>
    </p>
   </div>
   <div class='ocr_carea' id='block_1_2' title="bbox 97 475 1718 556">
    <p class='ocr_par' dir='ltr' id='par_1_2' title="bbox 97 475 1718 556">
     <span class='ocr_line' id='line_1_2' title="bbox 97 475 1718 556; baseline -0.013 -7"><span class='ocrx_word' id='word_1_10' title='bbox 97 495 237 548; x_wconf 74' lang='lat' dir='ltr'><strong>Mea</strong></span> <span class='ocrx_word' id='word_1_11' title='bbox 281 494 532 549; x_wconf 73' lang='lat' dir='ltr'><strong>sententia</strong></span> <span class='ocrx_word' id='word_1_12' title='bbox 571 499 681 556; x_wconf 86' lang='lat' dir='ltr'><strong>est,</strong></span> <span class='ocrx_word' id='word_1_13' title='bbox 721 497 774 540; x_wconf 89' lang='lat' dir='ltr'><strong>ut</strong></span> <span class='ocrx_word' id='word_1_14' title='bbox 807 483 1030 539; x_wconf 72' lang='lat' dir='ltr'><strong>Itwretici</strong></span> <span class='ocrx_word' id='word_1_15' title='bbox 1066 481 1136 535; x_wconf 87' lang='lat' dir='ltr'><strong>ad</strong></span> <span class='ocrx_word' id='word_1_16' title='bbox 1161 477 1442 533; x_wconf 76' lang='lat' dir='ltr'><strong>Ecclesium</strong></span> <span class='ocrx_word' id='word_1_17' title='bbox 1471 475 1718 529; x_wconf 82' lang='lat' dir='ltr'><strong>venientes</strong></span> 
     </span>
    </p>
   </div>
   <div class='ocr_carea' id='block_1_3' title="bbox 94 571 1715 656">
    <p class='ocr_par' dir='ltr' id='par_1_3' title="bbox 94 571 1715 656">
     <span class='ocr_line' id='line_1_3' title="bbox 94 571 1715 656; baseline -0.014 -14"><span class='ocrx_word' id='word_1_18' title='bbox 94 588 442 656; x_wconf 83' lang='lat' dir='ltr'><strong>baptizentur</strong></span> <span class='ocrx_word' id='word_1_19' title='bbox 458 602 477 650; x_wconf 86' lang='lat'><strong>;</strong></span> <span class='ocrx_word' id='word_1_20' title='bbox 506 600 565 637; x_wconf 90' lang='lat' dir='ltr'><strong>eo</strong></span> <span class='ocrx_word' id='word_1_21' title='bbox 593 581 727 652; x_wconf 81' lang='lat' dir='ltr'><strong>quod</strong></span> <span class='ocrx_word' id='word_1_22' title='bbox 771 576 968 632; x_wconf 88' lang='lat' dir='ltr'><strong>nullam</strong></span> <span class='ocrx_word' id='word_1_23' title='bbox 996 574 1121 646; x_wconf 82' lang='lat' dir='ltr'><strong>{oris</strong></span> <span class='ocrx_word' id='word_1_24' title='bbox 1150 571 1292 643; x_wconf 89' lang='lat' dir='ltr'><strong>apud</strong></span> <span class='ocrx_word' id='word_1_25' title='bbox 1319 578 1603 643; x_wconf 85' lang='lat' dir='ltr'><strong>peccatores</strong></span> <span class='ocrx_word' id='word_1_26' title='bbox 1631 582 1715 620; x_wconf 89' lang='lat' dir='ltr'><strong>re-</strong></span> 
     </span>
    </p>
   </div>
   <div class='ocr_carea' id='block_1_4' title="bbox 96 674 1182 745">
    <p class='ocr_par' dir='ltr' id='par_1_4' title="bbox 96 674 1182 745">
     <span class='ocr_line' id='line_1_4' title="bbox 96 674 1182 745; baseline -0.013 -16"><span class='ocrx_word' id='word_1_27' title='bbox 96 677 417 731; x_wconf 84' lang='lat' dir='ltr'><strong>missionem</strong></span> <span class='ocrx_word' id='word_1_28' title='bbox 449 683 763 745; x_wconf 68' lang='lat' dir='ltr'><strong>peccatorum</strong></span> <span class='ocrx_word' id='word_1_29' title='bbox 794 674 1182 735; x_wconf 86' lang='lat' dir='ltr'><strong>consequantur.</strong></span> 
     </span>
    </p>
   </div>
   <div class='ocr_carea' id='block_1_5' title="bbox 174 747 1718 833">
    <p class='ocr_par' dir='ltr' id='par_1_5' title="bbox 174 747 1718 833">
     <span class='ocr_line' id='line_1_5' title="bbox 174 747 1718 833; baseline -0.014 -12"><span class='ocrx_word' id='word_1_30' title='bbox 174 768 285 821; x_wconf 75' lang='lat'><strong>27.</strong></span> <span class='ocrx_word' id='word_1_31' title='bbox 320 766 414 820; x_wconf 88' lang='lat' dir='ltr'><strong>Cui</strong></span> <span class='ocrx_word' id='word_1_32' title='bbox 454 761 803 833; x_wconf 72' lang='lat' dir='ltr'><strong>respondetur</strong></span> <span class='ocrx_word' id='word_1_33' title='bbox 826 776 841 812; x_wconf 92' lang='lat'><strong>:</strong></span> <span class='ocrx_word' id='word_1_34' title='bbox 864 756 1136 813; x_wconf 75' lang='lat' dir='ltr'><strong>Uuiversa:</strong></span> <span class='ocrx_word' id='word_1_35' title='bbox 1164 751 1416 807; x_wconf 66' lang='lat' dir='ltr'><strong>Ecclesiae</strong></span> <span class='ocrx_word' id='word_1_36' title='bbox 1442 747 1718 803; x_wconf 76' lang='lat' dir='ltr'><strong>catholica:</strong></span> 
     </span>
    </p>
   </div>
   <div class='ocr_carea' id='block_1_6' title="bbox 97 839 1713 917">
    <p class='ocr_par' dir='ltr' id='par_1_6' title="bbox 97 839 1713 917">
     <span class='ocr_line' id='line_1_6' title="bbox 97 839 1713 917; baseline -0.012 -6"><span class='ocrx_word' id='word_1_37' title='bbox 97 840 391 911; x_wconf 76' lang='lat' dir='ltr'><strong>sententia</strong></span> <span class='ocrx_word' id='word_1_38' title='bbox 422 857 534 909; x_wconf 78' lang='lat' dir='ltr'><strong>iure</strong></span> <span class='ocrx_word' id='word_1_39' title='bbox 562 862 662 914; x_wconf 82' lang='lat' dir='ltr'><strong>cst,</strong></span> <span class='ocrx_word' id='word_1_40' title='bbox 692 860 749 905; x_wconf 89' lang='lat' dir='ltr'><strong>ut</strong></span> <span class='ocrx_word' id='word_1_41' title='bbox 775 848 1007 904; x_wconf 60' lang='lat' dir='ltr'><strong>haeretici</strong></span> <span class='ocrx_word' id='word_1_42' title='bbox 1035 844 1278 917; x_wconf 84' lang='lat' dir='ltr'><strong>quamvis</strong></span> <span class='ocrx_word' id='word_1_43' title='bbox 1308 843 1359 897; x_wconf 88' lang='lat' dir='ltr'><strong>in</strong></span> <span class='ocrx_word' id='word_1_44' title='bbox 1388 840 1580 896; x_wconf 77' lang='lat' dir='ltr'><strong>Innresi</strong></span> <span class='ocrx_word' id='word_1_45' title='bbox 1602 839 1713 908; x_wconf 85' lang='lat' dir='ltr'><strong>jam</strong></span> 
     </span>
    </p>
   </div>
   <div class='ocr_carea' id='block_1_7' title="bbox 96 932 1717 1017">
    <p class='ocr_par' dir='ltr' id='par_1_7' title="bbox 96 932 1717 1017">
     <span class='ocr_line' id='line_1_7' title="bbox 96 932 1717 1017; baseline -0.01 -16"><span class='ocrx_word' id='word_1_46' title='bbox 96 950 321 1004; x_wconf 77' lang='lat' dir='ltr'><strong>Christi</strong></span> <span class='ocrx_word' id='word_1_47' title='bbox 372 948 645 1017; x_wconf 87' lang='lat' dir='ltr'><strong>Baptismo</strong></span> <span class='ocrx_word' id='word_1_48' title='bbox 695 942 944 1012; x_wconf 85' lang='lat' dir='ltr'><strong>haptizati</strong></span> <span class='ocrx_word' id='word_1_49' title='bbox 991 939 1057 994; x_wconf 90' lang='lat' dir='ltr'><strong>ad</strong></span> <span class='ocrx_word' id='word_1_50' title='bbox 1104 937 1395 993; x_wconf 76' lang='lat' dir='ltr'><strong>Ecclesium</strong></span> <span class='ocrx_word' id='word_1_51' title='bbox 1440 932 1717 987; x_wconf 84' lang='lat' dir='ltr'><strong>venientes</strong></span> 
     </span>
    </p>
   </div>
   <div class='ocr_carea' id='block_1_8' title="bbox 99 1026 1719 1108">
    <p class='ocr_par' dir='ltr' id='par_1_8' title="bbox 99 1026 1719 1108">
     <span class='ocr_line' id='line_1_8' title="bbox 99 1026 1719 1108; baseline -0.012 -12"><span class='ocrx_word' id='word_1_52' title='bbox 99 1058 220 1096; x_wconf 81' lang='lat' dir='ltr'><strong>non</strong></span> <span class='ocrx_word' id='word_1_53' title='bbox 271 1040 629 1108; x_wconf 82' lang='lat' dir='ltr'><strong>baptizentur.</strong></span> <span class='ocrx_word' id='word_1_54' title='bbox 670 1036 725 1091; x_wconf 91' lang='lat' dir='ltr'><strong>Si</strong></span> <span class='ocrx_word' id='word_1_55' title='bbox 752 1034 894 1089; x_wconf 90' lang='lat' dir='ltr'><strong>enim</strong></span> <span class='ocrx_word' id='word_1_56' title='bbox 936 1030 1079 1086; x_wconf 88' lang='lat' dir='ltr'><strong>nulla</strong></span> <span class='ocrx_word' id='word_1_57' title='bbox 1117 1038 1198 1084; x_wconf 89' lang='lat' dir='ltr'><strong>est</strong></span> <span class='ocrx_word' id='word_1_58' title='bbox 1234 1026 1373 1098; x_wconf 85' lang='lat' dir='ltr'><strong>apud</strong></span> <span class='ocrx_word' id='word_1_59' title='bbox 1407 1028 1719 1095; x_wconf 87' lang='lat' dir='ltr'><strong>peccatores</strong></span> 
     </span>
    </p>
   </div>
   <div class='ocr_carea' id='block_1_9' title="bbox 102 1122 1717 1200">
    <p class='ocr_par' dir='ltr' id='par_1_9' title="bbox 102 1122 1717 1200">
     <span class='ocr_line' id='line_1_9' title="bbox 102 1122 1717 1200; baseline -0.011 -15"><span class='ocrx_word' id='word_1_60' title='bbox 102 1131 374 1186; x_wconf 70' lang='lat' dir='ltr'><strong>remissio</strong></span> <span class='ocrx_word' id='word_1_61' title='bbox 416 1139 752 1200; x_wconf 78' lang='lat' dir='ltr'><strong>peccatorum</strong></span> <span class='ocrx_word' id='word_1_62' title='bbox 776 1167 790 1190; x_wconf 95' lang='lat'><strong>,</strong></span> <span class='ocrx_word' id='word_1_63' title='bbox 831 1139 936 1179; x_wconf 86' lang='lat' dir='ltr'><strong>nec</strong></span> <span class='ocrx_word' id='word_1_64' title='bbox 969 1123 1123 1176; x_wconf 83' lang='lat' dir='ltr'><strong>iutus-</strong></span> <span class='ocrx_word' id='word_1_65' title='bbox 1151 1124 1467 1190; x_wconf 81' lang='lat' dir='ltr'><strong>peccatores</strong></span> <span class='ocrx_word' id='word_1_66' title='bbox 1502 1122 1717 1183; x_wconf 84' lang='lat' dir='ltr'><strong>peccata</strong></span> 
     </span>
    </p>
   </div>
   <div class='ocr_carea' id='block_1_10' title="bbox 101 1205 1718 1283">
    <p class='ocr_par' dir='ltr' id='par_1_10' title="bbox 101 1205 1718 1283">
     <span class='ocr_line' id='line_1_10' title="bbox 101 1205 1718 1283; baseline -0.011 -7"><span class='ocrx_word' id='word_1_67' title='bbox 101 1224 401 1277; x_wconf 82' lang='lat' dir='ltr'><strong>dimittunt</strong></span> <span class='ocrx_word' id='word_1_68' title='bbox 429 1240 441 1274; x_wconf 90' lang='lat'>:</span> <span class='ocrx_word' id='word_1_69' title='bbox 467 1230 521 1275; x_wconf 90' lang='lat' dir='ltr'><strong>ct</strong></span> <span class='ocrx_word' id='word_1_70' title='bbox 557 1214 943 1274; x_wconf 76' lang='lat' dir='ltr'><strong>tamen-abeis</strong></span> <span class='ocrx_word' id='word_1_71' title='bbox 973 1209 1221 1283; x_wconf 86' lang='lat' dir='ltr'><strong>baptizati</strong></span> <span class='ocrx_word' id='word_1_72' title='bbox 1250 1224 1355 1262; x_wconf 89' lang='lat' dir='ltr'><strong>non</strong></span> <span class='ocrx_word' id='word_1_73' title='bbox 1375 1205 1718 1276; x_wconf 70' lang='lat' dir='ltr'><strong>~rebaptizan~</strong></span> 
     </span>
    </p>
   </div>
   <div class='ocr_carea' id='block_1_11' title="bbox 105 1324 225 1367">
    <p class='ocr_par' dir='ltr' id='par_1_11' title="bbox 105 1324 225 1367">
     <span class='ocr_line' id='line_1_11' title="bbox 105 1324 225 1367; baseline 0 -1"><span class='ocrx_word' id='word_1_74' title='bbox 105 1324 225 1367; x_wconf 68' lang='lat' dir='ltr'><strong>tur.</strong></span> 
     </span>
    </p>
   </div>
   <div class='ocr_carea' id='block_1_12' title="bbox 182 1384 1719 1458">
    <p class='ocr_par' dir='ltr' id='par_1_12' title="bbox 182 1384 1719 1458">
     <span class='ocr_line' id='line_1_12' title="bbox 182 1384 1719 1458; baseline -0.012 -2"><span class='ocrx_word' id='word_1_75' title='bbox 182 1401 427 1458; x_wconf 74' lang='lat' dir='ltr'><strong>CAPUT</strong></span> <span class='ocrx_word' id='word_1_76' title='bbox 465 1398 629 1454; x_wconf 69' lang='lat' dir='ltr'><strong>XVII.</strong></span> <span class='ocrx_word' id='word_1_77' title='bbox 652 1428 722 1438; x_wconf 91' lang='lat'><strong><em>——</em></strong></span> <span class='ocrx_word' id='word_1_78' title='bbox 740 1396 813 1452; x_wconf 76' lang='lat'><strong>9.8</strong></span> <span class='ocrx_word' id='word_1_79' title='bbox 860 1392 1145 1449; x_wconf 75' lang='lat' dir='ltr'><strong>Monunius</strong></span> <span class='ocrx_word' id='word_1_80' title='bbox 1172 1406 1203 1445; x_wconf 90' lang='lat' dir='ltr'><strong>a</strong></span> <span class='ocrx_word' id='word_1_81' title='bbox 1227 1389 1389 1446; x_wconf 84' lang='lat' dir='ltr'><strong>Girba</strong></span> <span class='ocrx_word' id='word_1_82' title='bbox 1415 1387 1549 1444; x_wconf 80' lang='lat' dir='ltr'><strong>dixit</strong></span> <span class='ocrx_word' id='word_1_83' title='bbox 1573 1403 1587 1439; x_wconf 91' lang='lat'><strong>:</strong></span> <span class='ocrx_word' id='word_1_84' title='bbox 1612 1384 1719 1439; x_wconf 70' lang='lat' dir='ltr'><strong>Eo-</strong></span> 
     </span>
    </p>
   </div>
   <div class='ocr_carea' id='block_1_13' title="bbox 110 1481 1717 1552">
    <p class='ocr_par' dir='ltr' id='par_1_13' title="bbox 110 1481 1717 1552">
     <span class='ocr_line' id='line_1_13' title="bbox 110 1481 1717 1552; baseline -0.011 -3"><span class='ocrx_word' id='word_1_85' title='bbox 110 1495 294 1549; x_wconf 72' lang='lat' dir='ltr'><strong>tlesiae</strong></span> <span class='ocrx_word' id='word_1_86' title='bbox 320 1491 583 1545; x_wconf 72' lang='lat' dir='ltr'><strong>catholica!</strong></span> <span class='ocrx_word' id='word_1_87' title='bbox 608 1488 783 1543; x_wconf 90' lang='lat' dir='ltr'><strong>matris</strong></span> <span class='ocrx_word' id='word_1_88' title='bbox 807 1495 991 1540; x_wconf 77' lang='lat' dir='ltr'><strong>nostra:</strong></span> <span class='ocrx_word' id='word_1_89' title='bbox 1016 1484 1194 1538; x_wconf 83' lang='lat' dir='ltr'><strong>veritas</strong></span> <span class='ocrx_word' id='word_1_90' title='bbox 1215 1481 1355 1552; x_wconf 84' lang='lat' dir='ltr'><strong>apud</strong></span> <span class='ocrx_word' id='word_1_91' title='bbox 1378 1496 1492 1545; x_wconf 87' lang='lat' dir='ltr'><strong>nos,</strong></span> <span class='ocrx_word' id='word_1_92' title='bbox 1516 1481 1717 1548; x_wconf 77' lang='lat' dir='ltr'><strong>fratres,</strong></span> 
     </span>
    </p>
   </div>
   <div class='ocr_carea' id='block_1_14' title="bbox 106 1561 1724 1647">
    <p class='ocr_par' dir='ltr' id='par_1_14' title="bbox 106 1561 1724 1647">
     <span class='ocr_line' id='line_1_14' title="bbox 106 1561 1724 1647; baseline -0.011 -15"><span class='ocrx_word' id='word_1_93' title='bbox 106 1595 325 1647; x_wconf 80' lang='lat' dir='ltr'><strong>semper</strong></span> <span class='ocrx_word' id='word_1_94' title='bbox 356 1576 539 1629; x_wconf 88' lang='lat' dir='ltr'><strong>mansit</strong></span> <span class='ocrx_word' id='word_1_95' title='bbox 562 1584 607 1628; x_wconf 92' lang='lat' dir='ltr'><strong>et</strong></span> <span class='ocrx_word' id='word_1_96' title='bbox 638 1581 825 1636; x_wconf 83' lang='lat' dir='ltr'><strong>manet,</strong></span> <span class='ocrx_word' id='word_1_97' title='bbox 854 1570 929 1624; x_wconf 77' lang='lat' dir='ltr'><strong>vel</strong></span> <span class='ocrx_word' id='word_1_98' title='bbox 958 1568 1176 1622; x_wconf 71' lang='lat' dir='ltr'><strong>maxime</strong></span> <span class='ocrx_word' id='word_1_99' title='bbox 1203 1566 1257 1619; x_wconf 89' lang='lat' dir='ltr'><strong>in</strong></span> <span class='ocrx_word' id='word_1_100' title='bbox 1285 1563 1533 1635; x_wconf 82' lang='lat' dir='ltr'><strong>Baptismi</strong></span> <span class='ocrx_word' id='word_1_101' title='bbox 1562 1561 1724 1616; x_wconf 89' lang='lat' dir='ltr'><strong>Trini-</strong></span> 
     </span>
    </p>
   </div>
   <div class='ocr_carea' id='block_1_15' title="bbox 109 1653 1721 1737">
    <p class='ocr_par' dir='ltr' id='par_1_15' title="bbox 109 1653 1721 1737">
     <span class='ocr_line' id='line_1_15' title="bbox 109 1653 1721 1737; baseline -0.011 -12"><span class='ocrx_word' id='word_1_102' title='bbox 109 1681 223 1725; x_wconf 82' lang='lat' dir='ltr'><strong>tute</strong></span> <span class='ocrx_word' id='word_1_103' title='bbox 245 1713 262 1737; x_wconf 85' lang='lat'><strong>,</strong></span> <span class='ocrx_word' id='word_1_104' title='bbox 313 1670 531 1723; x_wconf 87' lang='lat' dir='ltr'><strong>Domino</strong></span> <span class='ocrx_word' id='word_1_105' title='bbox 570 1675 741 1720; x_wconf 89' lang='lat' dir='ltr'><strong>nostro</strong></span> <span class='ocrx_word' id='word_1_106' title='bbox 776 1664 971 1717; x_wconf 88' lang='lat' dir='ltr'><strong>dicente</strong></span> <span class='ocrx_word' id='word_1_107' title='bbox 988 1702 1004 1726; x_wconf 94' lang='lat'><strong>,</strong></span> <span class='ocrx_word' id='word_1_108' title='bbox 1024 1680 1045 1714; x_wconf 75' lang='grc' dir='ltr'>ι</span> <span class='ocrx_word' id='word_1_109' title='bbox 1070 1660 1095 1712; x_wconf 86' lang='lat' dir='ltr'><strong>l</strong></span> <span class='ocrx_word' id='word_1_110' title='bbox 1103 1671 1149 1714; x_wconf 91' lang='lat' dir='ltr'><strong>te</strong></span> <span class='ocrx_word' id='word_1_111' title='bbox 1168 1699 1187 1725; x_wconf 91' lang='lat'><strong>,</strong></span> <span class='ocrx_word' id='word_1_112' title='bbox 1202 1657 1453 1728; x_wconf 85' lang='lat' dir='ltr'><strong>baptizate</strong></span> <span class='ocrx_word' id='word_1_113' title='bbox 1474 1664 1647 1725; x_wconf 79' lang='lat' dir='ltr'><strong>gentes</strong></span> <span class='ocrx_word' id='word_1_114' title='bbox 1668 1653 1721 1707; x_wconf 88' lang='lat' dir='ltr'><strong>in</strong></span> 
     </span>
    </p>
   </div>
   <div class='ocr_carea' id='block_1_16' title="bbox 108 1745 1719 1823">
    <p class='ocr_par' dir='ltr' id='par_1_16' title="bbox 108 1745 1719 1823">
     <span class='ocr_line' id='line_1_16' title="bbox 108 1745 1719 1823; baseline -0.012 -8"><span class='ocrx_word' id='word_1_115' title='bbox 108 1762 333 1815; x_wconf 85' lang='lat' dir='ltr'><strong>nomine</strong></span> <span class='ocrx_word' id='word_1_116' title='bbox 362 1758 530 1813; x_wconf 79' lang='lat' dir='ltr'><strong>Patris</strong></span> <span class='ocrx_word' id='word_1_117' title='bbox 547 1766 592 1811; x_wconf 90' lang='lat' dir='ltr'><strong>et</strong></span> <span class='ocrx_word' id='word_1_118' title='bbox 623 1755 745 1810; x_wconf 81' lang='lat' dir='ltr'><strong>Filii</strong></span> <span class='ocrx_word' id='word_1_119' title='bbox 767 1764 815 1808; x_wconf 86' lang='lat' dir='ltr'><strong>et</strong></span> <span class='ocrx_word' id='word_1_120' title='bbox 841 1749 1237 1823; x_wconf 84' lang='lat' dir='ltr'><strong>Spiritussancti</strong></span> <span class='ocrx_word' id='word_1_121' title='bbox 1264 1745 1719 1818; x_wconf 63' lang='lat' dir='ltr'><strong>r.(Matth.xxvnt,</strong></span> 
     </span>
    </p>
   </div>
   <div class='ocr_carea' id='block_1_17' title="bbox 112 1836 1722 1923">
    <p class='ocr_par' dir='ltr' id='par_1_17' title="bbox 112 1836 1722 1923">
     <span class='ocr_line' id='line_1_17' title="bbox 112 1836 1722 1923; baseline -0.014 -14"><span class='ocrx_word' id='word_1_122' title='bbox 112 1853 237 1923; x_wconf 72' lang='lat' dir='ltr'><strong>i9).</strong></span> <span class='ocrx_word' id='word_1_123' title='bbox 270 1850 548 1919; x_wconf 16' lang='lat' dir='ltr'><strong>Cumaergo</strong></span> <span class='ocrx_word' id='word_1_124' title='bbox 574 1847 857 1916; x_wconf 78' lang='lat' dir='ltr'><strong>manifesto,</strong></span> <span class='ocrx_word' id='word_1_125' title='bbox 887 1841 1322 1912; x_wconf 82' lang='lat' dir='ltr'><strong>inquit,sciamus</strong></span> <span class='ocrx_word' id='word_1_126' title='bbox 1342 1836 1601 1891; x_wconf 73' lang='lat' dir='ltr'><strong>lia-retices</strong></span> <span class='ocrx_word' id='word_1_127' title='bbox 1622 1850 1722 1887; x_wconf 89' lang='lat' dir='ltr'><strong>non</strong></span> 
     </span>
    </p>
   </div>
   <div class='ocr_carea' id='block_1_18' title="bbox 112 1929 1719 2001">
    <p class='ocr_par' dir='ltr' id='par_1_18' title="bbox 112 1929 1719 2001">
     <span class='ocr_line' id='line_1_18' title="bbox 112 1929 1719 2001; baseline -0.012 -5"><span class='ocrx_word' id='word_1_128' title='bbox 112 1942 312 1997; x_wconf 79' lang='lat' dir='ltr'><strong>habere</strong></span> <span class='ocrx_word' id='word_1_129' title='bbox 339 1957 428 1996; x_wconf 87' lang='lat' dir='ltr'><strong>nec</strong></span> <span class='ocrx_word' id='word_1_130' title='bbox 460 1940 697 1999; x_wconf 62' lang='lat' dir='ltr'><strong>Patrem,</strong></span> <span class='ocrx_word' id='word_1_131' title='bbox 714 1952 804 1989; x_wconf 87' lang='lat' dir='ltr'><strong>nec</strong></span> <span class='ocrx_word' id='word_1_132' title='bbox 835 1932 1048 1999; x_wconf 85' lang='lat' dir='ltr'><strong>Filium,</strong></span> <span class='ocrx_word' id='word_1_133' title='bbox 1076 1946 1165 1985; x_wconf 88' lang='lat' dir='ltr'><strong>nec</strong></span> <span class='ocrx_word' id='word_1_134' title='bbox 1190 1929 1451 2001; x_wconf 80' lang='lat' dir='ltr'><strong>Spiritum</strong></span> <span class='ocrx_word' id='word_1_135' title='bbox 1468 1933 1719 1989; x_wconf 87' lang='lat' dir='ltr'><strong>sanctum,</strong></span> 
     </span>
    </p>
   </div>
   <div class='ocr_carea' id='block_1_19' title="bbox 111 2024 1721 2086">
    <p class='ocr_par' dir='ltr' id='par_1_19' title="bbox 111 2024 1721 2086">
     <span class='ocr_line' id='line_1_19' title="bbox 111 2024 1721 2086; baseline -0.011 -2"><span class='ocrx_word' id='word_1_136' title='bbox 111 2030 311 2086; x_wconf 78' lang='lat' dir='ltr'><strong>debent</strong></span> <span class='ocrx_word' id='word_1_137' title='bbox 335 2030 579 2084; x_wconf 81' lang='lat' dir='ltr'><strong>venientes</strong></span> <span class='ocrx_word' id='word_1_138' title='bbox 609 2024 678 2079; x_wconf 89' lang='lat' dir='ltr'><strong>ad</strong></span> <span class='ocrx_word' id='word_1_139' title='bbox 710 2024 989 2079; x_wconf 89' lang='lat' dir='ltr'><strong>Ecclesiam</strong></span> <span class='ocrx_word' id='word_1_140' title='bbox 1019 2029 1231 2081; x_wconf 83' lang='lat' dir='ltr'><strong>matrem</strong></span> <span class='ocrx_word' id='word_1_141' title='bbox 1254 2025 1477 2072; x_wconf 87' lang='lat' dir='ltr'><strong>nostram</strong></span> <span class='ocrx_word' id='word_1_142' title='bbox 1501 2030 1613 2069; x_wconf 81' lang='lat' dir='ltr'><strong>vere</strong></span> <span class='ocrx_word' id='word_1_143' title='bbox 1637 2028 1721 2066; x_wconf 88' lang='lat' dir='ltr'><strong>re-</strong></span> 
     </span>
    </p>
   </div>
   <div class='ocr_carea' id='block_1_20' title="bbox 88 2104 1724 2189">
    <p class='ocr_par' dir='ltr' id='par_1_20' title="bbox 88 2104 1724 2189">
     <span class='ocr_line' id='line_1_20' title="bbox 88 2104 1724 2189; baseline -0.015 -13"><span class='ocrx_word' id='word_1_144' title='bbox 88 2118 268 2176; x_wconf 57' lang='lat' dir='ltr'><strong>nasci</strong></span> <span class='ocrx_word' id='word_1_145' title='bbox 297 2130 348 2174; x_wconf 89' lang='lat' dir='ltr'><strong>et</strong></span> <span class='ocrx_word' id='word_1_146' title='bbox 375 2118 644 2189; x_wconf 81' lang='lat' dir='ltr'><strong>baptizari,</strong></span> <span class='ocrx_word' id='word_1_147' title='bbox 677 2127 730 2168; x_wconf 90' lang='lat' dir='ltr'><strong>ut</strong></span> <span class='ocrx_word' id='word_1_148' title='bbox 759 2128 940 2167; x_wconf 82' lang='lat' dir='ltr'><strong>cancer</strong></span> <span class='ocrx_word' id='word_1_149' title='bbox 969 2111 1102 2177; x_wconf 89' lang='lat' dir='ltr'><strong>quod</strong></span> <span class='ocrx_word' id='word_1_150' title='bbox 1126 2108 1405 2173; x_wconf 88' lang='lat' dir='ltr'><strong>habebant,</strong></span> <span class='ocrx_word' id='word_1_151' title='bbox 1432 2113 1482 2159; x_wconf 91' lang='lat' dir='ltr'><strong>et</strong></span> <span class='ocrx_word' id='word_1_152' title='bbox 1509 2104 1724 2157; x_wconf 64' lang='lat' dir='ltr'><strong>damna-</strong></span> 
     </span>
    </p>
   </div>
   <div class='ocr_carea' id='block_1_21' title="bbox 117 2190 1724 2275">
    <p class='ocr_par' dir='ltr' id='par_1_21' title="bbox 117 2190 1724 2275">
     <span class='ocr_line' id='line_1_21' title="bbox 117 2190 1724 2275; baseline -0.011 -11"><span class='ocrx_word' id='word_1_153' title='bbox 117 2211 284 2265; x_wconf 81' lang='lat' dir='ltr'><strong>tionis</strong></span> <span class='ocrx_word' id='word_1_154' title='bbox 313 2209 423 2275; x_wconf 89' lang='lat' dir='ltr'><strong>ira,</strong></span> <span class='ocrx_word' id='word_1_155' title='bbox 451 2216 497 2261; x_wconf 90' lang='lat' dir='ltr'><strong>et</strong></span> <span class='ocrx_word' id='word_1_156' title='bbox 527 2205 710 2261; x_wconf 88' lang='lat' dir='ltr'><strong>erroris</strong></span> <span class='ocrx_word' id='word_1_157' title='bbox 735 2202 981 2270; x_wconf 77' lang='lat' dir='ltr'><strong>oﬂ&#39;ectura</strong></span> <span class='ocrx_word' id='word_1_158' title='bbox 1001 2202 1044 2267; x_wconf 85' lang='grc'><strong>²,</strong></span> <span class='ocrx_word' id='word_1_159' title='bbox 1092 2214 1181 2271; x_wconf 87' lang='lat' dir='ltr'><strong>per</strong></span> <span class='ocrx_word' id='word_1_160' title='bbox 1204 2205 1436 2252; x_wconf 86' lang='lat' dir='ltr'><strong>sanctum</strong></span> <span class='ocrx_word' id='word_1_161' title='bbox 1461 2202 1505 2249; x_wconf 89' lang='lat' dir='ltr'><strong>et</strong></span> <span class='ocrx_word' id='word_1_162' title='bbox 1528 2190 1724 2247; x_wconf 68' lang='lat' dir='ltr'><strong>caalcste</strong></span> 
     </span>
    </p>
   </div>
   <div class='ocr_carea' id='block_1_22' title="bbox 117 2298 783 2370">
    <p class='ocr_par' dir='ltr' id='par_1_22' title="bbox 117 2298 783 2370">
     <span class='ocr_line' id='line_1_22' title="bbox 117 2298 783 2370; baseline -0.012 -14"><span class='ocrx_word' id='word_1_163' title='bbox 117 2304 396 2357; x_wconf 74' lang='lat' dir='ltr'><strong>lavacrum</strong></span> <span class='ocrx_word' id='word_1_164' title='bbox 419 2298 783 2370; x_wconf 76' lang='lat' dir='ltr'><strong>sanctiﬁcetur.</strong></span> 
     </span>
    </p>
   </div>
   <div class='ocr_carea' id='block_1_23' title="bbox 195 2374 1725 2459">
    <p class='ocr_par' dir='ltr' id='par_1_23' title="bbox 195 2374 1725 2459">
     <span class='ocr_line' id='line_1_23' title="bbox 195 2374 1725 2459; baseline -0.013 -11"><span class='ocrx_word' id='word_1_165' title='bbox 195 2392 297 2448; x_wconf 76' lang='lat'><strong>29.</strong></span> <span class='ocrx_word' id='word_1_166' title='bbox 340 2391 475 2446; x_wconf 84' lang='lat' dir='ltr'><strong>Huic</strong></span> <span class='ocrx_word' id='word_1_167' title='bbox 500 2386 905 2459; x_wconf 89' lang='lat' dir='ltr'><strong>respondemus,</strong></span> <span class='ocrx_word' id='word_1_168' title='bbox 935 2384 1145 2438; x_wconf 84' lang='lat' dir='ltr'><strong>Patrem</strong></span> <span class='ocrx_word' id='word_1_169' title='bbox 1173 2388 1228 2437; x_wconf 90' lang='lat' dir='ltr'><strong>et</strong></span> <span class='ocrx_word' id='word_1_170' title='bbox 1254 2379 1450 2434; x_wconf 87' lang='lat' dir='ltr'><strong>Filium</strong></span> <span class='ocrx_word' id='word_1_171' title='bbox 1477 2385 1531 2432; x_wconf 91' lang='lat' dir='ltr'><strong>et</strong></span> <span class='ocrx_word' id='word_1_172' title='bbox 1556 2374 1725 2446; x_wconf 88' lang='lat' dir='ltr'><strong>Spiri-</strong></span> 
     </span>
    </p>
   </div>
   <div class='ocr_carea' id='block_1_24' title="bbox 122 2469 1725 2547">
    <p class='ocr_par' dir='ltr' id='par_1_24' title="bbox 122 2469 1725 2547">
     <span class='ocr_line' id='line_1_24' title="bbox 122 2469 1725 2547; baseline -0.011 -9"><span class='ocrx_word' id='word_1_173' title='bbox 122 2494 242 2540; x_wconf 86' lang='lat' dir='ltr'><strong>tum</strong></span> <span class='ocrx_word' id='word_1_174' title='bbox 282 2490 528 2547; x_wconf 79' lang='lat' dir='ltr'><strong>sanctum</strong></span> <span class='ocrx_word' id='word_1_175' title='bbox 568 2478 620 2533; x_wconf 91' lang='lat' dir='ltr'><strong>in</strong></span> <span class='ocrx_word' id='word_1_176' title='bbox 652 2476 998 2533; x_wconf 79' lang='lat' dir='ltr'><strong>Sacramento</strong></span> <span class='ocrx_word' id='word_1_177' title='bbox 1027 2473 1284 2527; x_wconf 86' lang='lat' dir='ltr'><strong>duntaxat</strong></span> <span class='ocrx_word' id='word_1_178' title='bbox 1310 2469 1510 2525; x_wconf 88' lang='lat' dir='ltr'><strong>habere</strong></span> <span class='ocrx_word' id='word_1_179' title='bbox 1536 2480 1725 2521; x_wconf 86' lang='lat' dir='ltr'><strong>omnes</strong></span> 
     </span>
    </p>
   </div>
   <div class='ocr_carea' id='block_1_25' title="bbox 121 2559 1725 2647">
    <p class='ocr_par' dir='ltr' id='par_1_25' title="bbox 121 2559 1725 2647">
     <span class='ocr_line' id='line_1_25' title="bbox 121 2559 1725 2647; baseline -0.013 -16"><span class='ocrx_word' id='word_1_180' title='bbox 121 2577 218 2647; x_wconf 88' lang='lat' dir='ltr'><strong>qui</strong></span> <span class='ocrx_word' id='word_1_181' title='bbox 248 2574 530 2644; x_wconf 87' lang='lat' dir='ltr'><strong>Baptismo</strong></span> <span class='ocrx_word' id='word_1_182' title='bbox 556 2570 731 2626; x_wconf 89' lang='lat' dir='ltr'><strong>verbis</strong></span> <span class='ocrx_word' id='word_1_183' title='bbox 759 2566 1081 2637; x_wconf 76' lang='lat' dir='ltr'><strong>evangelicis</strong></span> <span class='ocrx_word' id='word_1_184' title='bbox 1105 2571 1420 2618; x_wconf 90' lang='lat' dir='ltr'><strong>consecrato</strong></span> <span class='ocrx_word' id='word_1_185' title='bbox 1445 2559 1725 2629; x_wconf 82' lang='lat' dir='ltr'><strong>baptizan-</strong></span> 
     </span>
    </p>
   </div>
   <div class='ocr_carea' id='block_1_26' title="bbox 125 2651 1725 2721">
    <p class='ocr_par' dir='ltr' id='par_1_26' title="bbox 125 2651 1725 2721">
     <span class='ocr_line' id='line_1_26' title="bbox 125 2651 1725 2721; baseline -0.011 -2"><span class='ocrx_word' id='word_1_186' title='bbox 125 2676 216 2721; x_wconf 90' lang='lat' dir='ltr'><strong>tur</strong></span> <span class='ocrx_word' id='word_1_187' title='bbox 243 2685 259 2720; x_wconf 88' lang='lat'><strong>:</strong></span> <span class='ocrx_word' id='word_1_188' title='bbox 285 2666 340 2719; x_wconf 92' lang='lat' dir='ltr'><strong>in</strong></span> <span class='ocrx_word' id='word_1_189' title='bbox 369 2662 533 2719; x_wconf 91' lang='lat' dir='ltr'><strong>corde</strong></span> <span class='ocrx_word' id='word_1_190' title='bbox 561 2671 740 2716; x_wconf 88' lang='lat' dir='ltr'><strong>autem</strong></span> <span class='ocrx_word' id='word_1_191' title='bbox 769 2667 823 2712; x_wconf 87' lang='lat' dir='ltr'><strong>et</strong></span> <span class='ocrx_word' id='word_1_192' title='bbox 849 2658 903 2712; x_wconf 90' lang='lat' dir='ltr'><strong>in</strong></span> <span class='ocrx_word' id='word_1_193' title='bbox 940 2657 1045 2711; x_wconf 84' lang='lat' dir='ltr'><strong>vita</strong></span> <span class='ocrx_word' id='word_1_194' title='bbox 1083 2670 1183 2710; x_wconf 89' lang='lat' dir='ltr'><strong>nec</strong></span> <span class='ocrx_word' id='word_1_195' title='bbox 1212 2652 1335 2708; x_wconf 90' lang='lat' dir='ltr'><strong>illos</strong></span> <span class='ocrx_word' id='word_1_196' title='bbox 1366 2651 1599 2719; x_wconf 88' lang='lat' dir='ltr'><strong>habere,</strong></span> <span class='ocrx_word' id='word_1_197' title='bbox 1634 2652 1725 2720; x_wconf 83' lang='lat' dir='ltr'><strong>qui</strong></span> 
     </span>
    </p>
   </div>
   <div class='ocr_carea' id='block_1_27' title="bbox 127 2746 1252 2825">
    <p class='ocr_par' dir='ltr' id='par_1_27' title="bbox 127 2746 1252 2825">
     <span class='ocr_line' id='line_1_27' title="bbox 127 2746 1252 2825; baseline -0.009 -16"><span class='ocrx_word' id='word_1_198' title='bbox 127 2757 278 2811; x_wconf 84' lang='lat' dir='ltr'><strong>intus</strong></span> <span class='ocrx_word' id='word_1_199' title='bbox 311 2753 517 2825; x_wconf 85' lang='lat' dir='ltr'><strong>perdite</strong></span> <span class='ocrx_word' id='word_1_200' title='bbox 544 2761 600 2807; x_wconf 88' lang='lat' dir='ltr'><strong>et</strong></span> <span class='ocrx_word' id='word_1_201' title='bbox 626 2748 1027 2807; x_wconf 78' lang='lat' dir='ltr'><strong>exsecrabiliter</strong></span> <span class='ocrx_word' id='word_1_202' title='bbox 1051 2746 1252 2800; x_wconf 85' lang='lat' dir='ltr'><strong>vivunt.</strong></span> 
     </span>
    </p>
   </div>
   <div class='ocr_carea' id='block_1_28' title="bbox 198 2832 1723 2901">
    <p class='ocr_par' dir='ltr' id='par_1_28' title="bbox 198 2832 1723 2901">
     <span class='ocr_line' id='line_1_28' title="bbox 198 2832 1723 2901; baseline -0.009 0"><span class='ocrx_word' id='word_1_203' title='bbox 198 2845 437 2901; x_wconf 81' lang='lat' dir='ltr'><strong>CAPUT</strong></span> <span class='ocrx_word' id='word_1_204' title='bbox 473 2842 735 2898; x_wconf 76' lang='lat' dir='ltr'><strong>XVlll.—</strong></span> <span class='ocrx_word' id='word_1_205' title='bbox 752 2840 843 2895; x_wconf 81' lang='grc'><strong>50.</strong></span> <span class='ocrx_word' id='word_1_206' title='bbox 885 2837 1219 2894; x_wconf 72' lang='lat' dir='ltr'><strong>Secundinus</strong></span> <span class='ocrx_word' id='word_1_207' title='bbox 1245 2850 1274 2890; x_wconf 85' lang='lat' dir='ltr'><strong>a</strong></span> <span class='ocrx_word' id='word_1_208' title='bbox 1301 2834 1493 2891; x_wconf 85' lang='lat' dir='ltr'><strong>Ccdias</strong></span> <span class='ocrx_word' id='word_1_209' title='bbox 1514 2832 1533 2865; x_wconf 91' lang='grc'><em>³</em></span> <span class='ocrx_word' id='word_1_210' title='bbox 1554 2833 1687 2888; x_wconf 87' lang='lat' dir='ltr'><strong>dixit</strong></span> <span class='ocrx_word' id='word_1_211' title='bbox 1709 2851 1723 2887; x_wconf 89' lang='lat'><strong>:</strong></span> 
     </span>
    </p>
   </div>
   <div class='ocr_carea' id='block_1_29' title="bbox 129 2924 1728 2993">
    <p class='ocr_par' dir='ltr' id='par_1_29' title="bbox 129 2924 1728 2993">
     <span class='ocr_line' id='line_1_29' title="bbox 129 2924 1728 2993; baseline -0.009 -3"><span class='ocrx_word' id='word_1_212' title='bbox 129 2936 261 2990; x_wconf 78' lang='lat' dir='ltr'><strong>Cum</strong></span> <span class='ocrx_word' id='word_1_213' title='bbox 300 2933 551 2988; x_wconf 81' lang='lat' dir='ltr'><strong>Dominus</strong></span> <span class='ocrx_word' id='word_1_214' title='bbox 588 2940 755 2985; x_wconf 83' lang='lat' dir='ltr'><strong>noster</strong></span> <span class='ocrx_word' id='word_1_215' title='bbox 792 2928 1018 2983; x_wconf 80' lang='lat' dir='ltr'><strong>Christus</strong></span> <span class='ocrx_word' id='word_1_216' title='bbox 1052 2926 1258 2993; x_wconf 80' lang='lat' dir='ltr'><strong>dicat,_t</strong></span> <span class='ocrx_word' id='word_1_217' title='bbox 1289 2924 1603 2991; x_wconf 72' lang='lat' dir='ltr'><strong>Quintccum</strong></span> <span class='ocrx_word' id='word_1_218' title='bbox 1625 2938 1728 2976; x_wconf 74' lang='lat' dir='ltr'><strong>non</strong></span> 
     </span>
    </p>
   </div>
   <div class='ocr_carea' id='block_1_30' title="bbox 128 3012 1728 3094">
    <p class='ocr_par' dir='ltr' id='par_1_30' title="bbox 128 3012 1728 3094">
     <span class='ocr_line' id='line_1_30' title="bbox 128 3012 1728 3094; baseline -0.008 -13"><span class='ocrx_word' id='word_1_219' title='bbox 128 3037 225 3092; x_wconf 87' lang='lat' dir='ltr'><strong>est,</strong></span> <span class='ocrx_word' id='word_1_220' title='bbox 253 3026 521 3080; x_wconf 84' lang='lat' dir='ltr'><strong>aduersum</strong></span> <span class='ocrx_word' id='word_1_221' title='bbox 551 3038 630 3077; x_wconf 87' lang='lat' dir='ltr'><strong>me</strong></span> <span class='ocrx_word' id='word_1_222' title='bbox 653 3032 754 3076; x_wconf 74' lang='lat' dir='ltr'><strong>ests</strong></span> <span class='ocrx_word' id='word_1_223' title='bbox 787 3018 897 3094; x_wconf 88' lang='lat' dir='ltr'><strong>(Id.</strong></span> <span class='ocrx_word' id='word_1_224' title='bbox 924 3018 1136 3087; x_wconf 70' lang='lat' dir='ltr'><strong>xu,50);</strong></span> <span class='ocrx_word' id='word_1_225' title='bbox 1157 3026 1205 3071; x_wconf 88' lang='lat' dir='ltr'><strong>et</strong></span> <span class='ocrx_word' id='word_1_226' title='bbox 1223 3015 1449 3071; x_wconf 83' lang='lat' dir='ltr'><strong>Joannes</strong></span> <span class='ocrx_word' id='word_1_227' title='bbox 1468 3012 1728 3085; x_wconf 84' lang='lat' dir='ltr'><strong>apostolus</strong></span> 
     </span>
    </p>
   </div>
   <div class='ocr_carea' id='block_1_31' title="bbox 130 3106 1727 3189">
    <p class='ocr_par' dir='ltr' id='par_1_31' title="bbox 130 3106 1727 3189">
     <span class='ocr_line' id='line_1_31' title="bbox 130 3106 1727 3189; baseline -0.008 -17"><span class='ocrx_word' id='word_1_228' title='bbox 130 3135 216 3173; x_wconf 84' lang='lat' dir='ltr'><strong>eos</strong></span> <span class='ocrx_word' id='word_1_229' title='bbox 237 3119 331 3189; x_wconf 85' lang='lat' dir='ltr'><strong>qui</strong></span> <span class='ocrx_word' id='word_1_230' title='bbox 348 3115 411 3169; x_wconf 89' lang='lat' dir='ltr'><strong>ab</strong></span> <span class='ocrx_word' id='word_1_231' title='bbox 433 3113 664 3169; x_wconf 82' lang='lat' dir='ltr'><strong>Ecclesia</strong></span> <span class='ocrx_word' id='word_1_232' title='bbox 684 3120 865 3167; x_wconf 70' lang='lat' dir='ltr'><strong>exeunt</strong></span> <span class='ocrx_word' id='word_1_233' title='bbox 885 3110 1204 3165; x_wconf 82' lang='lat' dir='ltr'><strong>antichristos</strong></span> <span class='ocrx_word' id='word_1_234' title='bbox 1231 3110 1363 3161; x_wconf 80' lang='lat' dir='ltr'><strong>dicat</strong></span> <span class='ocrx_word' id='word_1_235' title='bbox 1399 3107 1440 3175; x_wconf 89' lang='lat' dir='ltr'><strong>(l</strong></span> <span class='ocrx_word' id='word_1_236' title='bbox 1458 3106 1614 3161; x_wconf 81' lang='lat' dir='ltr'><strong>Joan.</strong></span> <span class='ocrx_word' id='word_1_237' title='bbox 1663 3122 1727 3175; x_wconf 82' lang='lat' dir='ltr'><strong>It,</strong></span> 
     </span>
    </p>
   </div>
   <div class='ocr_carea' id='block_1_32' title="bbox 130 3199 1726 3281">
    <p class='ocr_par' dir='ltr' id='par_1_32' title="bbox 130 3199 1726 3281">
     <span class='ocr_line' id='line_1_32' title="bbox 130 3199 1726 3281; baseline -0.008 -16"><span class='ocrx_word' id='word_1_238' title='bbox 130 3207 224 3281; x_wconf 73' lang='grc'><strong>18)</strong></span> <span class='ocrx_word' id='word_1_239' title='bbox 261 3227 277 3263; x_wconf 89' lang='lat'><strong>:</strong></span> <span class='ocrx_word' id='word_1_240' title='bbox 311 3207 653 3262; x_wconf 83' lang='lat' dir='ltr'><strong>indubitanter.</strong></span> <span class='ocrx_word' id='word_1_241' title='bbox 678 3205 844 3258; x_wconf 81' lang='lat' dir='ltr'><strong>hostes</strong></span> <span class='ocrx_word' id='word_1_242' title='bbox 872 3202 1080 3267; x_wconf 81' lang='lat' dir='ltr'><strong>Christi,</strong></span> <span class='ocrx_word' id='word_1_243' title='bbox 1108 3201 1293 3271; x_wconf 82' lang='lat' dir='ltr'><strong>quique</strong></span> <span class='ocrx_word' id='word_1_244' title='bbox 1320 3199 1606 3253; x_wconf 86' lang='lat' dir='ltr'><strong>antichristi</strong></span> <span class='ocrx_word' id='word_1_245' title='bbox 1634 3215 1726 3253; x_wconf 82' lang='lat' dir='ltr'><strong>no-</strong></span> 
     </span>
    </p>
   </div>
   <div class='ocr_carea' id='block_1_33' title="bbox 133 3291 1725 3368">
    <p class='ocr_par' dir='ltr' id='par_1_33' title="bbox 133 3291 1725 3368">
     <span class='ocr_line' id='line_1_33' title="bbox 133 3291 1725 3368; baseline -0.007 -14"><span class='ocrx_word' id='word_1_246' title='bbox 133 3299 318 3353; x_wconf 75' lang='lat' dir='ltr'><strong>minati</strong></span> <span class='ocrx_word' id='word_1_247' title='bbox 344 3307 465 3353; x_wconf 88' lang='lat' dir='ltr'><strong>sunt</strong></span> <span class='ocrx_word' id='word_1_248' title='bbox 488 3340 503 3363; x_wconf 92' lang='lat'><strong>,</strong></span> <span class='ocrx_word' id='word_1_249' title='bbox 534 3297 749 3368; x_wconf 85' lang='lat' dir='ltr'><strong>gratiam</strong></span> <span class='ocrx_word' id='word_1_250' title='bbox 775 3293 1023 3364; x_wconf 84' lang='lat' dir='ltr'><strong>Baptismi</strong></span> <span class='ocrx_word' id='word_1_251' title='bbox 1048 3292 1287 3347; x_wconf 82' lang='lat' dir='ltr'><strong>salutaris</strong></span> <span class='ocrx_word' id='word_1_252' title='bbox 1316 3291 1601 3346; x_wconf 89' lang='lat' dir='ltr'><strong>ministrare</strong></span> <span class='ocrx_word' id='word_1_253' title='bbox 1624 3308 1725 3345; x_wconf 88' lang='lat' dir='ltr'><strong>non</strong></span> 
     </span>
    </p>
   </div>
   <div class='ocr_carea' id='block_1_34' title="bbox 134 3382 1726 3460">
    <p class='ocr_par' dir='ltr' id='par_1_34' title="bbox 134 3382 1726 3460">
     <span class='ocr_line' id='line_1_34' title="bbox 134 3382 1726 3460; baseline -0.006 -16"><span class='ocrx_word' id='word_1_254' title='bbox 134 3399 393 3460; x_wconf 85' lang='lat' dir='ltr'><strong>possunt;</strong></span> <span class='ocrx_word' id='word_1_255' title='bbox 421 3398 469 3442; x_wconf 91' lang='lat' dir='ltr'><strong>et</strong></span> <span class='ocrx_word' id='word_1_256' title='bbox 495 3389 607 3440; x_wconf 86' lang='lat' dir='ltr'><strong>ideo</strong></span> <span class='ocrx_word' id='word_1_257' title='bbox 635 3401 810 3439; x_wconf 84' lang='lat' dir='ltr'><strong>censeo</strong></span> <span class='ocrx_word' id='word_1_258' title='bbox 840 3401 923 3438; x_wconf 87' lang='lat' dir='ltr'><strong>eos</strong></span> <span class='ocrx_word' id='word_1_259' title='bbox 952 3384 1037 3453; x_wconf 89' lang='lat' dir='ltr'><strong>qui</strong></span> <span class='ocrx_word' id='word_1_260' title='bbox 1065 3383 1127 3436; x_wconf 87' lang='lat' dir='ltr'><strong>de</strong></span> <span class='ocrx_word' id='word_1_261' title='bbox 1150 3382 1498 3437; x_wconf 76' lang='lat' dir='ltr'><strong>lucreticorum</strong></span> <span class='ocrx_word' id='word_1_262' title='bbox 1529 3382 1726 3436; x_wconf 84' lang='lat' dir='ltr'><strong>insidiis</strong></span> 
     </span>
    </p>
   </div>
   <div class='ocr_carea' id='block_1_35' title="bbox 134 3472 1725 3552">
    <p class='ocr_par' dir='ltr' id='par_1_35' title="bbox 134 3472 1725 3552">
     <span class='ocr_line' id='line_1_35' title="bbox 134 3472 1725 3552; baseline -0.006 -17"><span class='ocrx_word' id='word_1_263' title='bbox 134 3481 439 3552; x_wconf 80' lang='lat' dir='ltr'><strong>confugiunt</strong></span> <span class='ocrx_word' id='word_1_264' title='bbox 466 3478 534 3532; x_wconf 85' lang='lat' dir='ltr'><strong>ad</strong></span> <span class='ocrx_word' id='word_1_265' title='bbox 561 3477 862 3539; x_wconf 79' lang='lat' dir='ltr'><strong>Ecclesium,</strong></span> <span class='ocrx_word' id='word_1_266' title='bbox 896 3474 1226 3544; x_wconf 85' lang='lat' dir='ltr'><strong>baptizandos</strong></span> <span class='ocrx_word' id='word_1_267' title='bbox 1253 3489 1360 3526; x_wconf 88' lang='lat' dir='ltr'><strong>esse</strong></span> <span class='ocrx_word' id='word_1_268' title='bbox 1386 3489 1418 3525; x_wconf 91' lang='lat' dir='ltr'><strong>a</strong></span> <span class='ocrx_word' id='word_1_269' title='bbox 1444 3473 1609 3539; x_wconf 78' lang='lat' dir='ltr'><strong>nobis,</strong></span> <span class='ocrx_word' id='word_1_270' title='bbox 1638 3472 1725 3540; x_wconf 88' lang='lat' dir='ltr'><strong>qui</strong></span> 
     </span>
    </p>
   </div>
   <div class='ocr_carea' id='block_1_36' title="bbox 133 3565 1486 3642">
    <p class='ocr_par' dir='ltr' id='par_1_36' title="bbox 133 3565 1486 3642">
     <span class='ocr_line' id='line_1_36' title="bbox 133 3565 1486 3642; baseline -0.009 -15"><span class='ocrx_word' id='word_1_271' title='bbox 133 3574 287 3627; x_wconf 78' lang='lat' dir='ltr'><strong>amici</strong></span> <span class='ocrx_word' id='word_1_272' title='bbox 313 3571 558 3642; x_wconf 79' lang='lat' dir='ltr'><strong>appellati</strong></span> <span class='ocrx_word' id='word_1_273' title='bbox 584 3585 760 3624; x_wconf 88' lang='lat' dir='ltr'><strong>sumus</strong></span> <span class='ocrx_word' id='word_1_274' title='bbox 792 3566 885 3621; x_wconf 86' lang='lat' dir='ltr'><strong>Dei</strong></span> <span class='ocrx_word' id='word_1_275' title='bbox 911 3566 931 3597; x_wconf 73' lang='lat'><strong>&quot;</strong></span> <span class='ocrx_word' id='word_1_276' title='bbox 956 3566 1017 3620; x_wconf 88' lang='lat' dir='ltr'><strong>de</strong></span> <span class='ocrx_word' id='word_1_277' title='bbox 1043 3567 1151 3636; x_wconf 81' lang='lat' dir='ltr'><strong>ejus</strong></span> <span class='ocrx_word' id='word_1_278' title='bbox 1180 3565 1486 3634; x_wconf 85' lang='lat' dir='ltr'><strong>dignatione.</strong></span> 
     </span>
    </p>
   </div>
   <div class='ocr_carea' id='block_1_37' title="bbox 203 3656 1724 3730">
    <p class='ocr_par' dir='ltr' id='par_1_37' title="bbox 203 3656 1724 3730">
     <span class='ocr_line' id='line_1_37' title="bbox 203 3656 1724 3730; baseline -0.005 -12"><span class='ocrx_word' id='word_1_279' title='bbox 203 3664 299 3719; x_wconf 75' lang='lat' dir='ltr'><strong>3t.</strong></span> <span class='ocrx_word' id='word_1_280' title='bbox 340 3663 440 3717; x_wconf 88' lang='lat' dir='ltr'><strong>Cui</strong></span> <span class='ocrx_word' id='word_1_281' title='bbox 482 3659 873 3730; x_wconf 80' lang='lat' dir='ltr'><strong>respondetur,</strong></span> <span class='ocrx_word' id='word_1_282' title='bbox 919 3656 1114 3712; x_wconf 60' lang='lat' dir='ltr'><strong>Christi</strong></span> <span class='ocrx_word' id='word_1_283' title='bbox 1160 3656 1496 3711; x_wconf 78' lang='lat' dir='ltr'><strong>adversarios</strong></span> <span class='ocrx_word' id='word_1_284' title='bbox 1538 3671 1724 3711; x_wconf 84' lang='lat' dir='ltr'><strong>omnes</strong></span> 
     </span>
    </p>
   </div>
   <div class='ocr_carea' id='block_1_38' title="bbox 135 3747 1725 3825">
    <p class='ocr_par' dir='ltr' id='par_1_38' title="bbox 135 3747 1725 3825">
     <span class='ocr_line' id='line_1_38' title="bbox 135 3747 1725 3825; baseline -0.006 -15"><span class='ocrx_word' id='word_1_285' title='bbox 135 3770 278 3820; x_wconf 86' lang='lat' dir='ltr'><strong>esse,</strong></span> <span class='ocrx_word' id='word_1_286' title='bbox 307 3754 503 3825; x_wconf 84' lang='lat' dir='ltr'><strong>quibus</strong></span> <span class='ocrx_word' id='word_1_287' title='bbox 532 3750 849 3813; x_wconf 85' lang='lat' dir='ltr'><strong>dicentibus,</strong></span> <span class='ocrx_word' id='word_1_288' title='bbox 882 3748 1112 3813; x_wconf 87' lang='lat' dir='ltr'><strong>Domine,</strong></span> <span class='ocrx_word' id='word_1_289' title='bbox 1143 3764 1307 3801; x_wconf 88' lang='lat' dir='ltr'><strong>nonne</strong></span> <span class='ocrx_word' id='word_1_290' title='bbox 1334 3748 1386 3799; x_wconf 88' lang='lat' dir='ltr'><strong>in</strong></span> <span class='ocrx_word' id='word_1_291' title='bbox 1416 3747 1616 3800; x_wconf 87' lang='lat' dir='ltr'><strong>nomine</strong></span> <span class='ocrx_word' id='word_1_292' title='bbox 1638 3755 1725 3800; x_wconf 88' lang='lat' dir='ltr'><strong>tuo</strong></span> 
     </span>
    </p>
   </div>
   <div class='ocr_carea' id='block_1_39' title="bbox 131 3837 1721 3915">
    <p class='ocr_par' dir='ltr' id='par_1_39' title="bbox 131 3837 1721 3915">
     <span class='ocr_line' id='line_1_39' title="bbox 131 3837 1721 3915; baseline -0.006 -15"><span class='ocrx_word' id='word_1_293' title='bbox 131 3847 346 3900; x_wconf 68' lang='lat' dir='ltr'><strong>virtutes</strong></span> <span class='ocrx_word' id='word_1_294' title='bbox 385 3846 569 3905; x_wconf 85' lang='lat' dir='ltr'><strong>multas</strong></span> <span class='ocrx_word' id='word_1_295' title='bbox 598 3843 808 3915; x_wconf 78' lang='lat' dir='ltr'><strong>fecimus</strong></span> <span class='ocrx_word' id='word_1_296' title='bbox 840 3838 944 3894; x_wconf 83' lang='lat' dir='ltr'><strong>?et</strong></span> <span class='ocrx_word' id='word_1_297' title='bbox 969 3840 1069 3894; x_wconf 89' lang='lat' dir='ltr'><strong>alia</strong></span> <span class='ocrx_word' id='word_1_298' title='bbox 1099 3854 1218 3908; x_wconf 77' lang='lat' dir='ltr'><strong>quze</strong></span> <span class='ocrx_word' id='word_1_299' title='bbox 1250 3838 1321 3892; x_wconf 88' lang='lat' dir='ltr'><strong>ibi</strong></span> <span class='ocrx_word' id='word_1_300' title='bbox 1351 3837 1635 3901; x_wconf 87' lang='lat' dir='ltr'><strong>dicuntur;</strong></span> <span class='ocrx_word' id='word_1_301' title='bbox 1671 3837 1721 3890; x_wconf 93' lang='lat' dir='ltr'><strong>in</strong></span> 
     </span>
    </p>
   </div>
   <div class='ocr_carea' id='block_1_40' title="bbox 135 3929 1722 3999">
    <p class='ocr_par' dir='ltr' id='par_1_40' title="bbox 135 3929 1722 3999">
     <span class='ocr_line' id='line_1_40' title="bbox 135 3929 1722 3999; baseline -0.008 -6"><span class='ocrx_word' id='word_1_302' title='bbox 135 3938 238 3993; x_wconf 82' lang='lat' dir='ltr'><strong>line</strong></span> <span class='ocrx_word' id='word_1_303' title='bbox 268 3937 509 3992; x_wconf 88' lang='lat' dir='ltr'><strong>dicturus</strong></span> <span class='ocrx_word' id='word_1_304' title='bbox 535 3944 637 3999; x_wconf 90' lang='lat' dir='ltr'><strong>est,</strong></span> <span class='ocrx_word' id='word_1_305' title='bbox 666 3933 788 3987; x_wconf 87' lang='lat' dir='ltr'><strong>Non</strong></span> <span class='ocrx_word' id='word_1_306' title='bbox 817 3934 927 3987; x_wconf 89' lang='lat' dir='ltr'><strong>novi</strong></span> <span class='ocrx_word' id='word_1_307' title='bbox 955 3946 1078 3995; x_wconf 84' lang='lat' dir='ltr'><strong>vos;</strong></span> <span class='ocrx_word' id='word_1_308' title='bbox 1109 3929 1321 3985; x_wconf 85' lang='lat' dir='ltr'><strong>recedite</strong></span> <span class='ocrx_word' id='word_1_309' title='bbox 1346 3945 1377 3980; x_wconf 81' lang='grc' dir='ltr'>η</span> <span class='ocrx_word' id='word_1_310' title='bbox 1402 3945 1480 3980; x_wconf 85' lang='lat' dir='ltr'><strong>me</strong></span> <span class='ocrx_word' id='word_1_311' title='bbox 1506 3969 1521 3992; x_wconf 91' lang='lat'><strong>,</strong></span> <span class='ocrx_word' id='word_1_312' title='bbox 1550 3944 1722 3981; x_wconf 87' lang='lat' dir='ltr'><strong>oumes</strong></span> 
     </span>
    </p>
   </div>
   <div class='ocr_carea' id='block_1_41' title="bbox 133 4017 1724 4099">
    <p class='ocr_par' dir='ltr' id='par_1_41' title="bbox 133 4017 1724 4099">
     <span class='ocr_line' id='line_1_41' title="bbox 133 4017 1724 4099; baseline -0.007 -16"><span class='ocrx_word' id='word_1_313' title='bbox 133 4030 219 4099; x_wconf 88' lang='lat' dir='ltr'><strong>qui</strong></span> <span class='ocrx_word' id='word_1_314' title='bbox 248 4028 531 4099; x_wconf 85' lang='lat' dir='ltr'><strong>operamini</strong></span> <span class='ocrx_word' id='word_1_315' title='bbox 556 4024 869 4094; x_wconf 80' lang='lat' dir='ltr'><strong>iniquitatem</strong></span> <span class='ocrx_word' id='word_1_316' title='bbox 904 4022 1114 4093; x_wconf 78' lang='lat' dir='ltr'><strong>(Matth.</strong></span> <span class='ocrx_word' id='word_1_317' title='bbox 1158 4037 1230 4074; x_wconf 88' lang='lat' dir='ltr'><strong>vn</strong></span> <span class='ocrx_word' id='word_1_318' title='bbox 1258 4062 1271 4083; x_wconf 94' lang='lat'><strong>,</strong></span> <span class='ocrx_word' id='word_1_319' title='bbox 1298 4019 1370 4074; x_wconf 59' lang='grc' dir='ltr'><strong>εξ</strong></span> <span class='ocrx_word' id='word_1_320' title='bbox 1393 4062 1408 4086; x_wconf 82' lang='grc'><em>,</em></span> <span class='ocrx_word' id='word_1_321' title='bbox 1436 4017 1527 4091; x_wconf 75' lang='lat'><strong>2&#39;5)</strong></span> <span class='ocrx_word' id='word_1_322' title='bbox 1562 4037 1575 4072; x_wconf 94' lang='lat'>:</span> <span class='ocrx_word' id='word_1_323' title='bbox 1605 4034 1724 4089; x_wconf 77' lang='lat' dir='ltr'><strong>qua:</strong></span> 
     </span>
    </p>
   </div>
   <div class='ocr_carea' id='block_1_42' title="bbox 137 4110 1723 4187">
    <p class='ocr_par' dir='ltr' id='par_1_42' title="bbox 137 4110 1723 4187">
     <span class='ocr_line' id='line_1_42' title="bbox 137 4110 1723 4187; baseline -0.006 -15"><span class='ocrx_word' id='word_1_324' title='bbox 137 4126 242 4172; x_wconf 89' lang='lat' dir='ltr'><strong>tota</strong></span> <span class='ocrx_word' id='word_1_325' title='bbox 295 4118 441 4187; x_wconf 87' lang='lat' dir='ltr'><strong>palea</strong></span> <span class='ocrx_word' id='word_1_326' title='bbox 472 4116 516 4170; x_wconf 93' lang='lat' dir='ltr'><strong>si</strong></span> <span class='ocrx_word' id='word_1_327' title='bbox 548 4130 715 4185; x_wconf 87' lang='lat' dir='ltr'><strong>usque</strong></span> <span class='ocrx_word' id='word_1_328' title='bbox 749 4113 816 4167; x_wconf 89' lang='lat' dir='ltr'><strong>ad</strong></span> <span class='ocrx_word' id='word_1_329' title='bbox 843 4113 1083 4167; x_wconf 89' lang='lat' dir='ltr'><strong>ultimum</strong></span> <span class='ocrx_word' id='word_1_330' title='bbox 1113 4112 1164 4165; x_wconf 89' lang='lat' dir='ltr'><strong>iu</strong></span> <span class='ocrx_word' id='word_1_331' title='bbox 1192 4110 1388 4166; x_wconf 86' lang='lat' dir='ltr'><strong>malitia</strong></span> <span class='ocrx_word' id='word_1_332' title='bbox 1415 4124 1723 4180; x_wconf 86' lang='lat' dir='ltr'><strong>persevera-</strong></span> 
     </span>
    </p>
   </div>
   <div class='ocr_carea' id='block_1_43' title="bbox 136 4199 1721 4273">
    <p class='ocr_par' dir='ltr' id='par_1_43' title="bbox 136 4199 1721 4273">
     <span class='ocr_line' id='line_1_43' title="bbox 136 4199 1721 4273; baseline -0.006 -12"><span class='ocrx_word' id='word_1_333' title='bbox 136 4207 244 4273; x_wconf 93' lang='lat' dir='ltr'><strong>bit,</strong></span> <span class='ocrx_word' id='word_1_334' title='bbox 281 4208 392 4263; x_wconf 81' lang='lat' dir='ltr'><strong>sive</strong></span> <span class='ocrx_word' id='word_1_335' title='bbox 421 4214 543 4260; x_wconf 89' lang='lat' dir='ltr'><strong>ante</strong></span> <span class='ocrx_word' id='word_1_336' title='bbox 567 4203 971 4258; x_wconf 84' lang='lat' dir='ltr'><strong>ventilationem</strong></span> <span class='ocrx_word' id='word_1_337' title='bbox 998 4201 1115 4270; x_wconf 88' lang='lat' dir='ltr'><strong>ejus</strong></span> <span class='ocrx_word' id='word_1_338' title='bbox 1142 4200 1347 4270; x_wconf 79' lang='lat' dir='ltr'><strong>aliquid</strong></span> <span class='ocrx_word' id='word_1_339' title='bbox 1373 4200 1516 4254; x_wconf 77' lang='lat' dir='ltr'><strong>foras</strong></span> <span class='ocrx_word' id='word_1_340' title='bbox 1544 4199 1721 4267; x_wconf 81' lang='lat' dir='ltr'><strong>volet,</strong></span> 
     </span>
    </p>
   </div>
   <div class='ocr_carea' id='block_1_44' title="bbox 136 4290 1723 4363">
    <p class='ocr_par' dir='ltr' id='par_1_44' title="bbox 136 4290 1723 4363">
     <span class='ocr_line' id='line_1_44' title="bbox 136 4290 1723 4363; baseline -0.006 -10"><span class='ocrx_word' id='word_1_341' title='bbox 136 4299 248 4355; x_wconf 71' lang='lat' dir='ltr'><strong>sive</strong></span> <span class='ocrx_word' id='word_1_342' title='bbox 292 4299 434 4352; x_wconf 87' lang='lat' dir='ltr'><strong>intus</strong></span> <span class='ocrx_word' id='word_1_343' title='bbox 470 4312 589 4353; x_wconf 87' lang='lat' dir='ltr'><strong>esse</strong></span> <span class='ocrx_word' id='word_1_344' title='bbox 625 4294 885 4360; x_wconf 79' lang='lat' dir='ltr'><strong>videatur,</strong></span> <span class='ocrx_word' id='word_1_345' title='bbox 927 4292 1033 4363; x_wconf 76' lang='lat' dir='ltr'><strong>igni</strong></span> <span class='ocrx_word' id='word_1_346' title='bbox 1067 4291 1331 4347; x_wconf 80' lang='lat' dir='ltr'><strong>destinata</strong></span> <span class='ocrx_word' id='word_1_347' title='bbox 1369 4299 1473 4347; x_wconf 89' lang='lat' dir='ltr'><strong>est.</strong></span> <span class='ocrx_word' id='word_1_348' title='bbox 1509 4290 1566 4345; x_wconf 91' lang='lat' dir='ltr'><strong>Si</strong></span> <span class='ocrx_word' id='word_1_349' title='bbox 1595 4305 1723 4360; x_wconf 79' lang='lat' dir='ltr'><strong>ergo</strong></span> 
     </span>
    </p>
   </div>
   <div class='ocr_carea' id='block_1_45' title="bbox 137 4382 1725 4461">
    <p class='ocr_par' dir='ltr' id='par_1_45' title="bbox 137 4382 1725 4461">
     <span class='ocr_line' id='line_1_45' title="bbox 137 4382 1725 4461; baseline -0.005 -16"><span class='ocrx_word' id='word_1_350' title='bbox 137 4399 422 4461; x_wconf 85' lang='lat' dir='ltr'><strong>propterea</strong></span> <span class='ocrx_word' id='word_1_351' title='bbox 480 4385 781 4459; x_wconf 85' lang='lat' dir='ltr'><strong>baptizandi</strong></span> <span class='ocrx_word' id='word_1_352' title='bbox 838 4394 965 4439; x_wconf 91' lang='lat' dir='ltr'><strong>sunt</strong></span> <span class='ocrx_word' id='word_1_353' title='bbox 1004 4384 1071 4439; x_wconf 89' lang='lat' dir='ltr'><strong>ad</strong></span> <span class='ocrx_word' id='word_1_354' title='bbox 1117 4384 1404 4439; x_wconf 79' lang='lat' dir='ltr'><strong>Ecclesium</strong></span> <span class='ocrx_word' id='word_1_355' title='bbox 1449 4382 1725 4438; x_wconf 86' lang='lat' dir='ltr'><strong>venientes</strong></span> 
     </span>
    </p>
   </div>
   <div class='ocr_carea' id='block_1_46' title="bbox 140 4472 1725 4547">
    <p class='ocr_par' dir='ltr' id='par_1_46' title="bbox 140 4472 1725 4547">
     <span class='ocr_line' id='line_1_46' title="bbox 140 4472 1725 4547; baseline -0.004 -12"><span class='ocrx_word' id='word_1_356' title='bbox 140 4481 399 4547; x_wconf 73' lang='lat' dir='ltr'><strong>hzeretici,</strong></span> <span class='ocrx_word' id='word_1_357' title='bbox 442 4488 498 4534; x_wconf 93' lang='lat' dir='ltr'><strong>ut</strong></span> <span class='ocrx_word' id='word_1_358' title='bbox 524 4480 593 4534; x_wconf 89' lang='lat' dir='ltr'><strong>ab</strong></span> <span class='ocrx_word' id='word_1_359' title='bbox 619 4479 808 4534; x_wconf 89' lang='lat' dir='ltr'><strong>amicis</strong></span> <span class='ocrx_word' id='word_1_360' title='bbox 837 4478 929 4532; x_wconf 90' lang='lat' dir='ltr'><strong>Dei</strong></span> <span class='ocrx_word' id='word_1_361' title='bbox 957 4476 1323 4547; x_wconf 81' lang='lat' dir='ltr'><strong>baptizentur;</strong></span> <span class='ocrx_word' id='word_1_362' title='bbox 1366 4474 1621 4544; x_wconf 89' lang='lat' dir='ltr'><strong>numquid</strong></span> <span class='ocrx_word' id='word_1_363' title='bbox 1649 4472 1725 4529; x_wconf 90' lang='lat' dir='ltr'><strong>illi</strong></span> 
     </span>
    </p>
   </div>
   <div class='ocr_carea' id='block_1_47' title="bbox 139 4567 1725 4642">
    <p class='ocr_par' dir='ltr' id='par_1_47' title="bbox 139 4567 1725 4642">
     <span class='ocr_line' id='line_1_47' title="bbox 139 4567 1725 4642; baseline -0.006 -13"><span class='ocrx_word' id='word_1_364' title='bbox 139 4575 316 4641; x_wconf 83' lang='lat' dir='ltr'><strong>avari,</strong></span> <span class='ocrx_word' id='word_1_365' title='bbox 347 4582 587 4642; x_wconf 84' lang='lat' dir='ltr'><strong>raptores</strong></span> <span class='ocrx_word' id='word_1_366' title='bbox 606 4614 621 4639; x_wconf 92' lang='lat'><strong>,</strong></span> <span class='ocrx_word' id='word_1_367' title='bbox 650 4568 929 4626; x_wconf 78' lang='lat' dir='ltr'><strong>homicida:</strong></span> <span class='ocrx_word' id='word_1_368' title='bbox 947 4610 961 4632; x_wconf 91' lang='lat'><strong>,</strong></span> <span class='ocrx_word' id='word_1_369' title='bbox 992 4567 1149 4623; x_wconf 83' lang='lat' dir='ltr'><strong>amici</strong></span> <span class='ocrx_word' id='word_1_370' title='bbox 1177 4567 1271 4623; x_wconf 88' lang='lat' dir='ltr'><strong>Dei</strong></span> <span class='ocrx_word' id='word_1_371' title='bbox 1300 4574 1444 4634; x_wconf 90' lang='lat' dir='ltr'><strong>sunt,</strong></span> <span class='ocrx_word' id='word_1_372' title='bbox 1473 4574 1565 4621; x_wconf 89' lang='lat' dir='ltr'><strong>aut</strong></span> <span class='ocrx_word' id='word_1_373' title='bbox 1589 4580 1725 4637; x_wconf 86' lang='lat' dir='ltr'><strong>quos</strong></span> 
     </span>
    </p>
   </div>
   <div class='ocr_carea' id='block_1_48' title="bbox 141 4659 1252 4738">
    <p class='ocr_par' dir='ltr' id='par_1_48' title="bbox 141 4659 1252 4738">
     <span class='ocr_line' id='line_1_48' title="bbox 141 4659 1252 4738; baseline -0.007 -17"><span class='ocrx_word' id='word_1_374' title='bbox 141 4666 533 4738; x_wconf 81' lang='lat' dir='ltr'><strong>baptizaverint</strong></span> <span class='ocrx_word' id='word_1_375' title='bbox 558 4665 734 4720; x_wconf 88' lang='lat' dir='ltr'><strong>denuo</strong></span> <span class='ocrx_word' id='word_1_376' title='bbox 758 4659 1059 4733; x_wconf 87' lang='lat' dir='ltr'><strong>baptizandi</strong></span> <span class='ocrx_word' id='word_1_377' title='bbox 1085 4668 1206 4714; x_wconf 90' lang='lat' dir='ltr'><strong>sunt</strong></span> <span class='ocrx_word' id='word_1_378' title='bbox 1227 4660 1252 4702; x_wconf 70' lang='grc' dir='ltr'>τ</span> 
     </span>
    </p>
   </div>
   <div class='ocr_carea' id='block_1_49' title="bbox 208 4746 1727 4820">
    <p class='ocr_par' dir='ltr' id='par_1_49' title="bbox 208 4746 1727 4820">
     <span class='ocr_line' id='line_1_49' title="bbox 208 4746 1727 4820; baseline -0.008 -6"><span class='ocrx_word' id='word_1_379' title='bbox 208 4755 438 4814; x_wconf 79' lang='lat' dir='ltr'><strong>CAPUT</strong></span> <span class='ocrx_word' id='word_1_380' title='bbox 475 4754 616 4812; x_wconf 78' lang='lat' dir='ltr'><strong>XIX.</strong></span> <span class='ocrx_word' id='word_1_381' title='bbox 637 4753 817 4808; x_wconf 68' lang='lat'><strong>~32.</strong></span> <span class='ocrx_word' id='word_1_382' title='bbox 860 4750 1018 4807; x_wconf 80' lang='lat' dir='ltr'><strong>Felix.</strong></span> <span class='ocrx_word' id='word_1_383' title='bbox 1039 4766 1071 4804; x_wconf 69' lang='grc' dir='ltr'><strong>ει</strong></span> <span class='ocrx_word' id='word_1_384' title='bbox 1101 4749 1260 4820; x_wconf 76' lang='lat' dir='ltr'><strong>Bagai</strong></span> <span class='ocrx_word' id='word_1_385' title='bbox 1289 4748 1311 4781; x_wconf 83' lang='grc'>⁸</span> <span class='ocrx_word' id='word_1_386' title='bbox 1340 4747 1475 4803; x_wconf 87' lang='lat' dir='ltr'><strong>dixit</strong></span> <span class='ocrx_word' id='word_1_387' title='bbox 1522 4766 1536 4803; x_wconf 91' lang='lat'><strong>:</strong></span> <span class='ocrx_word' id='word_1_388' title='bbox 1580 4746 1727 4804; x_wconf 81' lang='lat' dir='ltr'><strong>Sicut</strong></span> 
     </span>
    </p>
   </div>
   <div class='ocr_carea' id='block_1_50' title="bbox 144 4923 1731 4989">
    <p class='ocr_par' dir='ltr' id='par_1_50' title="bbox 144 4923 1731 4989">
     <span class='ocr_line' id='line_1_50' title="bbox 144 4923 1731 4989; baseline -0.005 -8"><span class='ocrx_word' id='word_1_389' title='bbox 144 4933 205 4983; x_wconf 88' lang='lat' dir='ltr'><strong>de</strong></span> <span class='ocrx_word' id='word_1_390' title='bbox 248 4932 481 4982; x_wconf 70' lang='lat' dir='ltr'><strong>tiarciano</strong></span> <span class='ocrx_word' id='word_1_391' title='bbox 518 4928 787 4979; x_wconf 81' lang='lat' dir='ltr'><strong>Arelatensi</strong></span> <span class='ocrx_word' id='word_1_392' title='bbox 837 4926 1074 4989; x_wconf 75' lang='lat' dir='ltr'><strong>episcopo</strong></span> <span class='ocrx_word' id='word_1_393' title='bbox 1109 4923 1374 4973; x_wconf 79' lang='lat' dir='ltr'><strong>amovenda</strong></span> <span class='ocrx_word' id='word_1_394' title='bbox 1393 4957 1412 4983; x_wconf 85' lang='lat'><strong>,</strong></span> <span class='ocrx_word' id='word_1_395' title='bbox 1446 4935 1563 4987; x_wconf 60' lang='lat' dir='ltr'><strong>quae</strong></span> <span class='ocrx_word' id='word_1_396' title='bbox 1602 4934 1731 4989; x_wconf 79' lang='lat' dir='ltr'><strong>nunc</strong></span> 
     </span>
    </p>
   </div>
   <div class='ocr_carea' id='block_1_51' title="bbox 151 4985 1730 5052">
    <p class='ocr_par' dir='ltr' id='par_1_51' title="bbox 151 4985 1730 5052">
     <span class='ocr_line' id='line_1_51' title="bbox 151 4985 1730 5052; baseline -0.006 -8"><span class='ocrx_word' id='word_1_397' title='bbox 151 5003 221 5044; x_wconf 77' lang='lat' dir='ltr'><strong>est</strong></span> <span class='ocrx_word' id='word_1_398' title='bbox 241 4994 416 5043; x_wconf 89' lang='lat' dir='ltr'><strong>ordine</strong></span> <span class='ocrx_word' id='word_1_399' title='bbox 443 4991 536 5051; x_wconf 84' lang='lat'><strong>68;</strong></span> <span class='ocrx_word' id='word_1_400' title='bbox 574 4990 728 5041; x_wconf 88' lang='lat' dir='ltr'><strong>altera</strong></span> <span class='ocrx_word' id='word_1_401' title='bbox 765 4985 885 5052; x_wconf 68' lang='lat' dir='ltr'><strong>quze&#39;</strong></span> <span class='ocrx_word' id='word_1_402' title='bbox 910 4985 1134 5052; x_wconf 77' lang='lat' dir='ltr'><strong>synodica</strong></span> <span class='ocrx_word' id='word_1_403' title='bbox 1174 4992 1251 5052; x_wconf 81' lang='lat' dir='ltr'><strong>est</strong></span> <span class='ocrx_word' id='word_1_404' title='bbox 1289 4985 1498 5052; x_wconf 72' lang='lat' dir='ltr'><strong>tractans</strong></span> <span class='ocrx_word' id='word_1_405' title='bbox 1534 4985 1730 5052; x_wconf 70' lang='lat' dir='ltr'><strong>omnino</strong></span> 
     </span>
    </p>
   </div>
   <div class='ocr_carea' id='block_1_52' title="bbox 142 5045 1733 5117">
    <p class='ocr_par' dir='ltr' id='par_1_52' title="bbox 142 5045 1733 5117">
     <span class='ocr_line' id='line_1_52' title="bbox 142 5045 1733 5117; baseline -0.006 -12"><span class='ocrx_word' id='word_1_406' title='bbox 142 5057 190 5112; x_wconf 72' lang='lat' dir='ltr'><strong>id</strong></span> <span class='ocrx_word' id='word_1_407' title='bbox 229 5055 364 5104; x_wconf 87' lang='lat' dir='ltr'><strong>unde</strong></span> <span class='ocrx_word' id='word_1_408' title='bbox 398 5045 562 5117; x_wconf 70' lang='lat' dir='ltr'><strong>agitur</strong></span> <span class='ocrx_word' id='word_1_409' title='bbox 590 5045 953 5117; x_wconf 61' lang='lat' dir='ltr'><strong>argumentum</strong></span> <span class='ocrx_word' id='word_1_410' title='bbox 975 5047 1042 5117; x_wconf 80' lang='lat' dir='ltr'><strong>de</strong></span> <span class='ocrx_word' id='word_1_411' title='bbox 1079 5046 1371 5117; x_wconf 75' lang='lat' dir='ltr'><strong>Baptimndis</strong></span> <span class='ocrx_word' id='word_1_412' title='bbox 1406 5045 1649 5095; x_wconf 65' lang='lat' dir='ltr'><strong>haereticis</strong></span> <span class='ocrx_word' id='word_1_413' title='bbox 1679 5052 1733 5095; x_wconf 90' lang='lat' dir='ltr'><strong>et</strong></span> 
     </span>
    </p>
   </div>
   <div class='ocr_carea' id='block_1_53' title="bbox 140 5108 1730 5187">
    <p class='ocr_par' dir='ltr' id='par_1_53' title="bbox 140 5108 1730 5187">
     <span class='ocr_line' id='line_1_53' title="bbox 140 5108 1730 5187; baseline -0.008 -20"><span class='ocrx_word' id='word_1_414' title='bbox 140 5108 471 5187; x_wconf 66' lang='lat' dir='ltr'><strong>icbismaticis.</strong></span> <span class='ocrx_word' id='word_1_415' title='bbox 496 5108 706 5164; x_wconf 62' lang='lat' dir='ltr'><strong>t’riore&#39;m</strong></span> <span class='ocrx_word' id='word_1_416' title='bbox 727 5116 914 5161; x_wconf 82' lang='lat' dir='ltr'><strong>tantum</strong></span> <span class='ocrx_word' id='word_1_417' title='bbox 951 5108 1489 5172; x_wconf 41' lang='lat' dir='ltr'><strong>viderat‘ttugustinus,</strong></span> <span class='ocrx_word' id='word_1_418' title='bbox 1512 5120 1609 5157; x_wconf 88' lang='lat' dir='ltr'><strong>non</strong></span> <span class='ocrx_word' id='word_1_419' title='bbox 1642 5118 1730 5170; x_wconf 89' lang='lat' dir='ltr'><strong>po-</strong></span> 
     </span>
    </p>
   </div>
   <div class='ocr_carea' id='block_1_54' title="bbox 142 5184 417 5230">
    <p class='ocr_par' dir='ltr' id='par_1_54' title="bbox 142 5184 417 5230">
     <span class='ocr_line' id='line_1_54' title="bbox 142 5184 417 5230; baseline 0.004 -2"><span class='ocrx_word' id='word_1_420' title='bbox 142 5184 417 5230; x_wconf 66' lang='lat' dir='ltr'><strong>tleriorem.</strong></span> 
     </span>
    </p>
   </div>
   <div class='ocr_carea' id='block_1_55' title="bbox 212 5279 1017 5338">
    <p class='ocr_par' dir='ltr' id='par_1_55' title="bbox 212 5279 1017 5338">
     <span class='ocr_line' id='line_1_55' title="bbox 212 5279 1017 5338; baseline -0.007 -9"><span class='ocrx_word' id='word_1_421' title='bbox 212 5282 225 5311; x_wconf 74' lang='lat'>&#39;</span> <span class='ocrx_word' id='word_1_422' title='bbox 257 5288 339 5330; x_wconf 75' lang='lat' dir='ltr'><strong>Ms.</strong></span> <span class='ocrx_word' id='word_1_423' title='bbox 363 5279 688 5336; x_wconf 83' lang='lat' dir='ltr'><strong>Corbeiensis,</strong></span> <span class='ocrx_word' id='word_1_424' title='bbox 712 5288 743 5325; x_wconf 93' lang='lat' dir='ltr'><strong>a</strong></span> <span class='ocrx_word' id='word_1_425' title='bbox 758 5284 1017 5338; x_wconf 75' lang='lat' dir='ltr'><strong>Segernzes.</strong></span> 
     </span>
    </p>
   </div>
   <div class='ocr_carea' id='block_1_56' title="bbox 209 5329 1733 5403">
    <p class='ocr_par' dir='ltr' id='par_1_56' title="bbox 209 5329 1733 5403">
     <span class='ocr_line' id='line_1_56' title="bbox 209 5329 1733 5403; baseline -0.007 -14"><span class='ocrx_word' id='word_1_426' title='bbox 209 5344 230 5372; x_wconf 77' lang='grc'>¹</span> <span class='ocrx_word' id='word_1_427' title='bbox 249 5329 349 5390; x_wconf 77' lang='lat' dir='ltr'><strong>Am.</strong></span> <span class='ocrx_word' id='word_1_428' title='bbox 375 5348 428 5390; x_wconf 90' lang='lat' dir='ltr'><strong>et</strong></span> <span class='ocrx_word' id='word_1_429' title='bbox 447 5347 543 5399; x_wconf 85' lang='lat' dir='ltr'><strong>Er.,</strong></span> <span class='ocrx_word' id='word_1_430' title='bbox 566 5329 838 5403; x_wconf 51' lang='lat' dir='ltr'><strong>euocatum:</strong></span> <span class='ocrx_word' id='word_1_431' title='bbox 873 5332 1092 5403; x_wconf 54' lang='lat' dir='ltr'><strong>nonnulli</strong></span> <span class='ocrx_word' id='word_1_432' title='bbox 1113 5341 1252 5403; x_wconf 53' lang='lat' dir='ltr'><strong>35s.,</strong></span> <span class='ocrx_word' id='word_1_433' title='bbox 1276 5332 1486 5395; x_wconf 78' lang='lat' dir='ltr'><strong>on‘ensa;</strong></span> <span class='ocrx_word' id='word_1_434' title='bbox 1512 5329 1600 5380; x_wconf 87' lang='lat' dir='ltr'><strong>sed</strong></span> <span class='ocrx_word' id='word_1_435' title='bbox 1625 5329 1733 5393; x_wconf 83' lang='lat' dir='ltr'><strong>ple-</strong></span> 
     </span>
    </p>
   </div>
   <div class='ocr_carea' id='block_1_57' title="bbox 156 5395 1399 5510">
    <p class='ocr_par' dir='ltr' id='par_1_57' title="bbox 156 5395 1399 5510">
     <span class='ocr_line' id='line_1_57' title="bbox 156 5395 1399 5510; baseline -0.01 -56"><span class='ocrx_word' id='word_1_436' title='bbox 156 5408 306 5496; x_wconf 59' lang='lat' dir='ltr'><strong>rique,</strong></span> <span class='ocrx_word' id='word_1_437' title='bbox 328 5395 575 5466; x_wconf 69' lang='lat' dir='ltr'><strong>effectura.</strong></span> <span class='ocrx_word' id='word_1_438' title='bbox 753 5398 1051 5471; x_wconf 79' lang='lat' dir='ltr'><strong>Cyprianum,</strong></span> <span class='ocrx_word' id='word_1_439' title='bbox 1075 5395 1319 5468; x_wconf 75' lang='lat' dir='ltr'><strong>eﬂ‘ectura.</strong></span> <span class='ocrx_word' id='word_1_440' title='bbox 1388 5454 1399 5466; x_wconf 30' lang='grc' dir='ltr'><em>υ</em></span> 
     </span>
     <span class='ocr_line' id='line_1_58' title="bbox 253 5463 1399 5510; baseline -0.006 0"><span class='ocrx_word' id='word_1_441' title='bbox 253 5473 400 5510; x_wconf 68' lang='lat' dir='ltr'><strong>Vetus</strong></span> <span class='ocrx_word' id='word_1_442' title='bbox 434 5472 515 5510; x_wconf 77' lang='lat' dir='ltr'><strong>Ms.</strong></span> <span class='ocrx_word' id='word_1_443' title='bbox 551 5468 638 5510; x_wconf 86' lang='lat' dir='ltr'><strong>Cor</strong></span> <span class='ocrx_word' id='word_1_444' title='bbox 675 5472 855 5510; x_wconf 83' lang='lat' dir='ltr'><strong>elenSts</strong></span> <span class='ocrx_word' id='word_1_445' title='bbox 889 5465 942 5508; x_wconf 84' lang='lat' dir='ltr'><strong>et</strong></span> <span class='ocrx_word' id='word_1_446' title='bbox 977 5470 1103 5507; x_wconf 88' lang='lat' dir='ltr'><strong>unus</strong></span> <span class='ocrx_word' id='word_1_447' title='bbox 1134 5470 1166 5507; x_wconf 78' lang='grc' dir='ltr'>θ</span> <span class='ocrx_word' id='word_1_448' title='bbox 1195 5463 1399 5507; x_wconf 68' lang='lat' dir='ltr'><strong>Vaticani</strong></span> 
     </span>
    </p>
   </div>
   <div class='ocr_carea' id='block_1_58' title="bbox 253 5461 1732 5517">
    <p class='ocr_par' dir='ltr' id='par_1_58' title="bbox 253 5461 1732 5517">
     <span class='ocr_line' id='line_1_59' title="bbox 253 5461 1732 5517; baseline -0.006 -6"><span class='ocrx_word' id='word_1_449' title='bbox 253 5461 400 5515; x_wconf 74' lang='lat' dir='ltr'><strong>vetus</strong></span> <span class='ocrx_word' id='word_1_450' title='bbox 434 5472 515 5513; x_wconf 76' lang='lat' dir='ltr'><strong>Ms.</strong></span> <span class='ocrx_word' id='word_1_451' title='bbox 551 5461 855 5512; x_wconf 77' lang='lat' dir='ltr'><strong>CorbeienSis</strong></span> <span class='ocrx_word' id='word_1_452' title='bbox 889 5465 942 5508; x_wconf 90' lang='lat' dir='ltr'><strong>et</strong></span> <span class='ocrx_word' id='word_1_453' title='bbox 977 5470 1103 5507; x_wconf 88' lang='lat' dir='ltr'><strong>unus</strong></span> <span class='ocrx_word' id='word_1_454' title='bbox 1134 5470 1166 5507; x_wconf 91' lang='lat' dir='ltr'><strong>e</strong></span> <span class='ocrx_word' id='word_1_455' title='bbox 1195 5461 1457 5517; x_wconf 68' lang='lat' dir='ltr'><strong>Vaticanis,</strong></span> <span class='ocrx_word' id='word_1_456' title='bbox 1494 5466 1527 5504; x_wconf 89' lang='lat' dir='ltr'><strong>a</strong></span> <span class='ocrx_word' id='word_1_457' title='bbox 1568 5461 1732 5504; x_wconf 86' lang='lat' dir='ltr'><strong>Cezas.</strong></span> 
     </span>
    </p>
   </div>
   <div class='ocr_carea' id='block_1_59' title="bbox 158 5519 1028 5586">
    <p class='ocr_par' dir='ltr' id='par_1_59' title="bbox 158 5519 1028 5586">
     <span class='ocr_line' id='line_1_60' title="bbox 158 5519 1028 5586; baseline -0.002 -17"><span class='ocrx_word' id='word_1_458' title='bbox 158 5530 247 5573; x_wconf 75' lang='lat' dir='ltr'><strong>Am.</strong></span> <span class='ocrx_word' id='word_1_459' title='bbox 272 5532 345 5575; x_wconf 76' lang='lat' dir='ltr'><strong>Fr.</strong></span> <span class='ocrx_word' id='word_1_460' title='bbox 367 5532 422 5575; x_wconf 89' lang='lat' dir='ltr'><strong>et</strong></span> <span class='ocrx_word' id='word_1_461' title='bbox 443 5525 607 5586; x_wconf 84' lang='lat' dir='ltr'><strong>plures</strong></span> <span class='ocrx_word' id='word_1_462' title='bbox 628 5528 756 5586; x_wconf 71' lang='lat' dir='ltr'><strong>Mss,</strong></span> <span class='ocrx_word' id='word_1_463' title='bbox 779 5534 812 5571; x_wconf 90' lang='lat' dir='ltr'><strong>a</strong></span> <span class='ocrx_word' id='word_1_464' title='bbox 832 5519 1028 5571; x_wconf 80' lang='lat' dir='ltr'><strong>cltezas.</strong></span> 
     </span>
    </p>
   </div>
   <div class='ocr_carea' id='block_1_60' title="bbox 217 5584 1193 5647">
    <p class='ocr_par' dir='ltr' id='par_1_60' title="bbox 217 5584 1193 5647">
     <span class='ocr_line' id='line_1_61' title="bbox 217 5584 1193 5647; baseline -0.009 -12"><span class='ocrx_word' id='word_1_465' title='bbox 217 5586 235 5618; x_wconf 73' lang='grc' dir='ltr'>δ</span> <span class='ocrx_word' id='word_1_466' title='bbox 261 5596 377 5647; x_wconf 79' lang='lat' dir='ltr'><strong>vox,</strong></span> <span class='ocrx_word' id='word_1_467' title='bbox 409 5584 515 5643; x_wconf 77' lang='lat' dir='ltr'><strong>Dei,</strong></span> <span class='ocrx_word' id='word_1_468' title='bbox 537 5586 679 5635; x_wconf 88' lang='lat' dir='ltr'><strong>abest</strong></span> <span class='ocrx_word' id='word_1_469' title='bbox 699 5585 761 5633; x_wconf 85' lang='lat' dir='ltr'><strong>ab</strong></span> <span class='ocrx_word' id='word_1_470' title='bbox 784 5589 884 5630; x_wconf 80' lang='lat' dir='ltr'><strong>Am.</strong></span> <span class='ocrx_word' id='word_1_471' title='bbox 917 5587 990 5629; x_wconf 79' lang='lat' dir='ltr'><strong>Er.</strong></span> <span class='ocrx_word' id='word_1_472' title='bbox 1013 5586 1066 5631; x_wconf 86' lang='lat' dir='ltr'><strong>et.</strong></span> <span class='ocrx_word' id='word_1_473' title='bbox 1089 5586 1193 5631; x_wconf 73' lang='lat' dir='ltr'><strong>Mss.</strong></span> 
     </span>
    </p>
   </div>
   <div class='ocr_carea' id='block_1_61' title="bbox 215 5640 1737 5716">
    <p class='ocr_par' dir='ltr' id='par_1_61' title="bbox 215 5640 1737 5716">
     <span class='ocr_line' id='line_1_62' title="bbox 215 5640 1737 5716; baseline -0.007 -18"><span class='ocrx_word' id='word_1_474' title='bbox 215 5640 424 5716; x_wconf 63' lang='lat' dir='ltr'><strong>frlur&#39;es</strong></span> <span class='ocrx_word' id='word_1_475' title='bbox 462 5640 598 5707; x_wconf 73' lang='lat' dir='ltr'><strong>Mss,</strong></span> <span class='ocrx_word' id='word_1_476' title='bbox 632 5658 664 5695; x_wconf 90' lang='lat' dir='ltr'><strong>a</strong></span> <span class='ocrx_word' id='word_1_477' title='bbox 708 5654 857 5707; x_wconf 82' lang='lat' dir='ltr'><strong>Baga.</strong></span> <span class='ocrx_word' id='word_1_478' title='bbox 896 5649 1044 5693; x_wconf 75' lang='lat' dir='ltr'><strong>vetus</strong></span> <span class='ocrx_word' id='word_1_479' title='bbox 1074 5648 1157 5692; x_wconf 73' lang='lat' dir='ltr'><strong>Ms.</strong></span> <span class='ocrx_word' id='word_1_480' title='bbox 1200 5640 1531 5701; x_wconf 83' lang='lat' dir='ltr'><strong>Corbeiensis,</strong></span> <span class='ocrx_word' id='word_1_481' title='bbox 1568 5650 1602 5689; x_wconf 90' lang='lat' dir='ltr'><strong>a</strong></span> <span class='ocrx_word' id='word_1_482' title='bbox 1645 5646 1737 5688; x_wconf 69' lang='lat' dir='ltr'><strong>Va-</strong></span> 
     </span>
    </p>
   </div>
   <div class='ocr_carea' id='block_1_62' title="bbox 158 5718 247 5771">
    <p class='ocr_par' dir='ltr' id='par_1_62' title="bbox 158 5718 247 5771">
     <span class='ocr_line' id='line_1_63' title="bbox 158 5718 247 5771; baseline 0 -11"><span class='ocrx_word' id='word_1_483' title='bbox 158 5718 247 5771; x_wconf 66' lang='lat' dir='ltr'><strong>cur.</strong></span> 
     </span>
    </p>
   </div>
   <div class='ocr_carea' id='block_1_63' title="bbox 1502 264 2026 328">
    <p class='ocr_par' dir='ltr' id='par_1_63' title="bbox 1502 264 2026 328">
     <span class='ocr_line' id='line_1_64' title="bbox 1502 264 2026 328; baseline -0.006 0"><span class='ocrx_word' id='word_1_484' title='bbox 1502 265 1701 328; x_wconf 76' lang='lat' dir='ltr'><strong>LIBER</strong></span> <span class='ocrx_word' id='word_1_485' title='bbox 1738 264 2026 328; x_wconf 78' lang='lat' dir='ltr'><strong>SEXTUS.</strong></span> 
     </span>
    </p>
   </div>
   <div class='ocr_carea' id='block_1_64' title="bbox 3307 274 3414 333">
    <p class='ocr_par' dir='ltr' id='par_1_64' title="bbox 3307 274 3414 333">
     <span class='ocr_line' id='line_1_65' title="bbox 3307 274 3414 333; baseline 0.019 -3"><span class='ocrx_word' id='word_1_486' title='bbox 3307 274 3414 333; x_wconf 68' lang='lat'><strong>210</strong></span> 
     </span>
    </p>
   </div>
   <div class='ocr_carea' id='block_1_65' title="bbox 1828 384 3410 459">
    <p class='ocr_par' dir='ltr' id='par_1_65' title="bbox 1828 384 3410 459">
     <span class='ocr_line' id='line_1_66' title="bbox 1828 384 3410 459; baseline 0.004 -24"><span class='ocrx_word' id='word_1_487' title='bbox 1828 398 1988 441; x_wconf 80' lang='lat' dir='ltr'><strong>ctecus</strong></span> <span class='ocrx_word' id='word_1_488' title='bbox 2005 400 2191 439; x_wconf 69' lang='lat' dir='ltr'><strong>ciccum</strong></span> <span class='ocrx_word' id='word_1_489' title='bbox 2229 385 2417 441; x_wconf 89' lang='lat' dir='ltr'><strong>ducens</strong></span> <span class='ocrx_word' id='word_1_490' title='bbox 2455 385 2608 440; x_wconf 85' lang='lat' dir='ltr'><strong>simul</strong></span> <span class='ocrx_word' id='word_1_491' title='bbox 2635 386 2687 439; x_wconf 85' lang='lat' dir='ltr'><strong>in</strong></span> <span class='ocrx_word' id='word_1_492' title='bbox 2737 385 2932 455; x_wconf 79' lang='lat' dir='ltr'><strong>[ot-eam</strong></span> <span class='ocrx_word' id='word_1_493' title='bbox 2958 384 3143 439; x_wconf 82' lang='lat' dir='ltr'><strong>cadunt</strong></span> <span class='ocrx_word' id='word_1_494' title='bbox 3177 384 3410 459; x_wconf 73' lang='lat' dir='ltr'><strong>(Matth.</strong></span> 
     </span>
    </p>
   </div>
   <div class='ocr_carea' id='block_1_66' title="bbox 1823 476 3413 547">
    <p class='ocr_par' dir='ltr' id='par_1_66' title="bbox 1823 476 3413 547">
     <span class='ocr_line' id='line_1_67' title="bbox 1823 476 3413 547; baseline 0.003 -17"><span class='ocrx_word' id='word_1_495' title='bbox 1823 492 1934 543; x_wconf 81' lang='lat' dir='ltr'><strong>xv,</strong></span> <span class='ocrx_word' id='word_1_496' title='bbox 1987 477 2080 547; x_wconf 73' lang='grc' dir='ltr'><strong>Η)</strong></span> <span class='ocrx_word' id='word_1_497' title='bbox 2105 519 2119 543; x_wconf 91' lang='grc'><strong>,</strong></span> <span class='ocrx_word' id='word_1_498' title='bbox 2165 478 2238 531; x_wconf 86' lang='lat' dir='ltr'><strong>ita</strong></span> <span class='ocrx_word' id='word_1_499' title='bbox 2291 476 2554 533; x_wconf 66' lang='lat' dir='ltr'><strong>haereticus</strong></span> <span class='ocrx_word' id='word_1_500' title='bbox 2602 476 2890 532; x_wconf 73' lang='lat' dir='ltr'><strong>ltwreticum</strong></span> <span class='ocrx_word' id='word_1_501' title='bbox 2946 477 3208 547; x_wconf 89' lang='lat' dir='ltr'><strong>baptizans</strong></span> <span class='ocrx_word' id='word_1_502' title='bbox 3260 479 3413 535; x_wconf 85' lang='lat' dir='ltr'><strong>simul</strong></span> 
     </span>
    </p>
   </div>
   <div class='ocr_carea' id='block_1_67' title="bbox 1822 567 2340 623">
    <p class='ocr_par' dir='ltr' id='par_1_67' title="bbox 1822 567 2340 623">
     <span class='ocr_line' id='line_1_68' title="bbox 1822 567 2340 623; baseline 0.002 -4"><span class='ocrx_word' id='word_1_503' title='bbox 1822 567 1875 621; x_wconf 88' lang='lat' dir='ltr'><strong>in</strong></span> <span class='ocrx_word' id='word_1_504' title='bbox 1899 576 2109 621; x_wconf 88' lang='lat' dir='ltr'><strong>mortem</strong></span> <span class='ocrx_word' id='word_1_505' title='bbox 2134 568 2340 623; x_wconf 87' lang='lat' dir='ltr'><strong>cadunt.</strong></span> 
     </span>
    </p>
   </div>
   <div class='ocr_carea' id='block_1_68' title="bbox 1894 659 3414 733">
    <p class='ocr_par' dir='ltr' id='par_1_68' title="bbox 1894 659 3414 733">
     <span class='ocr_line' id='line_1_69' title="bbox 1894 659 3414 733; baseline 0.004 -20"><span class='ocrx_word' id='word_1_506' title='bbox 1894 659 1985 713; x_wconf 75' lang='grc'><strong>55.</strong></span> <span class='ocrx_word' id='word_1_507' title='bbox 2014 659 2127 714; x_wconf 84' lang='lat' dir='ltr'><strong>Hoc</strong></span> <span class='ocrx_word' id='word_1_508' title='bbox 2154 675 2338 714; x_wconf 80' lang='lat' dir='ltr'><strong>verum</strong></span> <span class='ocrx_word' id='word_1_509' title='bbox 2365 670 2483 726; x_wconf 91' lang='lat' dir='ltr'><strong>est,</strong></span> <span class='ocrx_word' id='word_1_510' title='bbox 2530 660 2624 716; x_wconf 89' lang='lat' dir='ltr'><strong>sed</strong></span> <span class='ocrx_word' id='word_1_511' title='bbox 2656 678 2760 716; x_wconf 90' lang='lat' dir='ltr'><strong>non</strong></span> <span class='ocrx_word' id='word_1_512' title='bbox 2804 671 3087 733; x_wconf 84' lang='lat' dir='ltr'><strong>propterea</strong></span> <span class='ocrx_word' id='word_1_513' title='bbox 3118 679 3302 719; x_wconf 86' lang='lat' dir='ltr'><strong>verum</strong></span> <span class='ocrx_word' id='word_1_514' title='bbox 3329 671 3414 719; x_wconf 89' lang='lat' dir='ltr'><strong>est</strong></span> 
     </span>
    </p>
   </div>
   <div class='ocr_carea' id='block_1_69' title="bbox 1821 748 3412 824">
    <p class='ocr_par' dir='ltr' id='par_1_69' title="bbox 1821 748 3412 824">
     <span class='ocr_line' id='line_1_70' title="bbox 1821 748 3412 824; baseline 0.004 -22"><span class='ocrx_word' id='word_1_515' title='bbox 1821 748 1965 820; x_wconf 89' lang='lat' dir='ltr'><strong>quod</strong></span> <span class='ocrx_word' id='word_1_516' title='bbox 1991 749 2231 820; x_wconf 82' lang='lat' dir='ltr'><strong>adjungit</strong></span> <span class='ocrx_word' id='word_1_517' title='bbox 2259 768 2271 803; x_wconf 91' lang='lat'><strong>:</strong></span> <span class='ocrx_word' id='word_1_518' title='bbox 2303 750 2372 804; x_wconf 83' lang='lat' dir='ltr'><strong>Et</strong></span> <span class='ocrx_word' id='word_1_519' title='bbox 2405 751 2539 816; x_wconf 89' lang='lat' dir='ltr'><strong>ideo,</strong></span> <span class='ocrx_word' id='word_1_520' title='bbox 2568 751 2755 821; x_wconf 88' lang='lat' dir='ltr'><strong>inquit,</strong></span> <span class='ocrx_word' id='word_1_521' title='bbox 2791 753 3054 808; x_wconf 70' lang='lat' dir='ltr'><strong>haereticus</strong></span> <span class='ocrx_word' id='word_1_522' title='bbox 3078 753 3412 824; x_wconf 81' lang='lat' dir='ltr'><strong>baptizandus</strong></span> 
     </span>
    </p>
   </div>
   <div class='ocr_carea' id='block_1_70' title="bbox 1823 840 3411 908">
    <p class='ocr_par' dir='ltr' id='par_1_70' title="bbox 1823 840 3411 908">
     <span class='ocr_line' id='line_1_71' title="bbox 1823 840 3411 908; baseline 0.005 -15"><span class='ocrx_word' id='word_1_523' title='bbox 1823 848 1871 893; x_wconf 87' lang='lat' dir='ltr'><strong>et</strong></span> <span class='ocrx_word' id='word_1_524' title='bbox 1923 840 2273 908; x_wconf 80' lang='lat' dir='ltr'><strong>viviﬁcandus,</strong></span> <span class='ocrx_word' id='word_1_525' title='bbox 2319 858 2382 895; x_wconf 88' lang='lat' dir='ltr'><strong>ne</strong></span> <span class='ocrx_word' id='word_1_526' title='bbox 2437 858 2529 896; x_wconf 86' lang='lat' dir='ltr'><strong>nos</strong></span> <span class='ocrx_word' id='word_1_527' title='bbox 2570 842 2667 896; x_wconf 75' lang='lat' dir='ltr'><strong>uiri</strong></span> <span class='ocrx_word' id='word_1_528' title='bbox 2713 845 2922 897; x_wconf 88' lang='lat' dir='ltr'><strong>mortuis</strong></span> <span class='ocrx_word' id='word_1_529' title='bbox 2965 845 3411 901; x_wconf 84' lang='lat' dir='ltr'><strong>communicemus.</strong></span> 
     </span>
    </p>
   </div>
   <div class='ocr_carea' id='block_1_71' title="bbox 1822 930 3414 1004">
    <p class='ocr_par' dir='ltr' id='par_1_71' title="bbox 1822 930 3414 1004">
     <span class='ocr_line' id='line_1_72' title="bbox 1822 930 3414 1004; baseline 0.006 -19"><span class='ocrx_word' id='word_1_530' title='bbox 1822 930 2010 989; x_wconf 82' lang='lat' dir='ltr'><strong>Nonne</strong></span> <span class='ocrx_word' id='word_1_531' title='bbox 2037 934 2231 988; x_wconf 91' lang='lat' dir='ltr'><strong>mortui</strong></span> <span class='ocrx_word' id='word_1_532' title='bbox 2261 941 2413 988; x_wconf 88' lang='lat' dir='ltr'><strong>erant</strong></span> <span class='ocrx_word' id='word_1_533' title='bbox 2442 935 2529 1004; x_wconf 88' lang='lat' dir='ltr'><strong>qui</strong></span> <span class='ocrx_word' id='word_1_534' title='bbox 2560 934 2841 1003; x_wconf 89' lang='lat' dir='ltr'><strong>dicebant,</strong></span> <span class='ocrx_word' id='word_1_535' title='bbox 2870 936 3233 993; x_wconf 79' lang='lat' dir='ltr'><strong>Mauducemus</strong></span> <span class='ocrx_word' id='word_1_536' title='bbox 3262 948 3309 994; x_wconf 92' lang='lat' dir='ltr'><strong>et</strong></span> <span class='ocrx_word' id='word_1_537' title='bbox 3335 940 3414 994; x_wconf 86' lang='lat' dir='ltr'><strong>bi-</strong></span> 
     </span>
    </p>
   </div>
   <div class='ocr_carea' id='block_1_72' title="bbox 1823 1022 3411 1098">
    <p class='ocr_par' dir='ltr' id='par_1_72' title="bbox 1823 1022 3411 1098">
     <span class='ocr_line' id='line_1_73' title="bbox 1823 1022 3411 1098; baseline 0.006 -22"><span class='ocrx_word' id='word_1_538' title='bbox 1823 1022 2025 1090; x_wconf 77' lang='lat' dir='ltr'><strong>bamus,</strong></span> <span class='ocrx_word' id='word_1_539' title='bbox 2051 1038 2165 1077; x_wconf 84' lang='lat' dir='ltr'><strong>oras</strong></span> <span class='ocrx_word' id='word_1_540' title='bbox 2193 1024 2324 1077; x_wconf 85' lang='lat' dir='ltr'><strong>enim</strong></span> <span class='ocrx_word' id='word_1_541' title='bbox 2355 1027 2627 1079; x_wconf 76' lang='lat' dir='ltr'><strong>moriemur</strong></span> <span class='ocrx_word' id='word_1_542' title='bbox 2656 1025 2698 1095; x_wconf 94' lang='lat' dir='ltr'><strong>(l</strong></span> <span class='ocrx_word' id='word_1_543' title='bbox 2722 1025 2837 1080; x_wconf 71' lang='lat' dir='ltr'><strong>Cor.</strong></span> <span class='ocrx_word' id='word_1_544' title='bbox 2863 1043 2956 1093; x_wconf 85' lang='lat' dir='ltr'><strong>xv,</strong></span> <span class='ocrx_word' id='word_1_545' title='bbox 2973 1027 3107 1098; x_wconf 59' lang='grc' dir='ltr'><strong>δεμ</strong></span> <span class='ocrx_word' id='word_1_546' title='bbox 3140 1044 3245 1084; x_wconf 88' lang='lat' dir='ltr'><strong>non</strong></span> <span class='ocrx_word' id='word_1_547' title='bbox 3268 1030 3411 1085; x_wconf 88' lang='lat' dir='ltr'><strong>enim</strong></span> 
     </span>
    </p>
   </div>
   <div class='ocr_carea' id='block_1_73' title="bbox 1822 1112 3412 1188">
    <p class='ocr_par' dir='ltr' id='par_1_73' title="bbox 1822 1112 3412 1188">
     <span class='ocr_line' id='line_1_74' title="bbox 1822 1112 3412 1188; baseline 0.004 -21"><span class='ocrx_word' id='word_1_548' title='bbox 1822 1112 2112 1168; x_wconf 85' lang='lat' dir='ltr'><strong>credebant</strong></span> <span class='ocrx_word' id='word_1_549' title='bbox 2142 1115 2591 1169; x_wconf 86' lang='lat' dir='ltr'><strong>resurrectionem</strong></span> <span class='ocrx_word' id='word_1_550' title='bbox 2618 1125 2969 1172; x_wconf 85' lang='lat' dir='ltr'><strong>mortuorum.</strong></span> <span class='ocrx_word' id='word_1_551' title='bbox 3002 1116 3102 1184; x_wconf 88' lang='lat' dir='ltr'><strong>Qui</strong></span> <span class='ocrx_word' id='word_1_552' title='bbox 3128 1133 3257 1188; x_wconf 79' lang='lat' dir='ltr'><strong>ergo</strong></span> <span class='ocrx_word' id='word_1_553' title='bbox 3278 1119 3412 1173; x_wconf 88' lang='lat' dir='ltr'><strong>isto-</strong></span> 
     </span>
    </p>
   </div>
   <div class='ocr_carea' id='block_1_74' title="bbox 1823 1203 3413 1278">
    <p class='ocr_par' dir='ltr' id='par_1_74' title="bbox 1823 1203 3413 1278">
     <span class='ocr_line' id='line_1_75' title="bbox 1823 1203 3413 1278; baseline 0.004 -21"><span class='ocrx_word' id='word_1_554' title='bbox 1823 1218 1941 1257; x_wconf 88' lang='lat' dir='ltr'><strong>rum</strong></span> <span class='ocrx_word' id='word_1_555' title='bbox 1968 1203 2249 1273; x_wconf 87' lang='lat' dir='ltr'><strong>colloquiis</strong></span> <span class='ocrx_word' id='word_1_556' title='bbox 2291 1205 2448 1259; x_wconf 90' lang='lat' dir='ltr'><strong>malis</strong></span> <span class='ocrx_word' id='word_1_557' title='bbox 2491 1207 2981 1274; x_wconf 84' lang='lat' dir='ltr'><strong>corrumpebantur.</strong></span> <span class='ocrx_word' id='word_1_558' title='bbox 3001 1216 3065 1262; x_wconf 71' lang='lat' dir='ltr'><strong>et.</strong></span> <span class='ocrx_word' id='word_1_559' title='bbox 3082 1222 3175 1263; x_wconf 86' lang='lat' dir='ltr'><strong>eos</strong></span> <span class='ocrx_word' id='word_1_560' title='bbox 3216 1222 3413 1278; x_wconf 85' lang='lat' dir='ltr'><strong>seque—</strong></span> 
     </span>
    </p>
   </div>
   <div class='ocr_carea' id='block_1_75' title="bbox 1824 1296 3415 1367">
    <p class='ocr_par' dir='ltr' id='par_1_75' title="bbox 1824 1296 3415 1367">
     <span class='ocr_line' id='line_1_76' title="bbox 1824 1296 3415 1367; baseline 0 -16"><span class='ocrx_word' id='word_1_561' title='bbox 1824 1296 2039 1360; x_wconf 86' lang='lat' dir='ltr'><strong>bantur,</strong></span> <span class='ocrx_word' id='word_1_562' title='bbox 2070 1312 2246 1351; x_wconf 90' lang='lat' dir='ltr'><strong>nonne</strong></span> <span class='ocrx_word' id='word_1_563' title='bbox 2295 1296 2495 1367; x_wconf 88' lang='lat' dir='ltr'><strong>pariter</strong></span> <span class='ocrx_word' id='word_1_564' title='bbox 2537 1313 2656 1353; x_wconf 88' lang='lat' dir='ltr'><strong>cum</strong></span> <span class='ocrx_word' id='word_1_565' title='bbox 2686 1298 2765 1354; x_wconf 90' lang='lat' dir='ltr'><strong>eis</strong></span> <span class='ocrx_word' id='word_1_566' title='bbox 2797 1298 2849 1352; x_wconf 91' lang='lat' dir='ltr'><strong>in</strong></span> <span class='ocrx_word' id='word_1_567' title='bbox 2881 1298 3086 1353; x_wconf 82' lang='lat' dir='ltr'><strong>foveam</strong></span> <span class='ocrx_word' id='word_1_568' title='bbox 3112 1298 3415 1355; x_wconf 84' lang='lat' dir='ltr'><strong>cadebant?</strong></span> 
     </span>
    </p>
   </div>
   <div class='ocr_carea' id='block_1_76' title="bbox 1825 1385 3409 1458">
    <p class='ocr_par' dir='ltr' id='par_1_76' title="bbox 1825 1385 3409 1458">
     <span class='ocr_line' id='line_1_77' title="bbox 1825 1385 3409 1458; baseline 0.003 -18"><span class='ocrx_word' id='word_1_569' title='bbox 1825 1385 1892 1440; x_wconf 88' lang='lat' dir='ltr'><strong>Et</strong></span> <span class='ocrx_word' id='word_1_570' title='bbox 1919 1385 1971 1440; x_wconf 91' lang='lat' dir='ltr'><strong>in</strong></span> <span class='ocrx_word' id='word_1_571' title='bbox 1996 1386 2075 1440; x_wconf 91' lang='lat' dir='ltr'><strong>eis</strong></span> <span class='ocrx_word' id='word_1_572' title='bbox 2116 1394 2293 1440; x_wconf 89' lang='lat' dir='ltr'><strong>tamen</strong></span> <span class='ocrx_word' id='word_1_573' title='bbox 2341 1397 2493 1440; x_wconf 87' lang='lat' dir='ltr'><strong>erant</strong></span> <span class='ocrx_word' id='word_1_574' title='bbox 2522 1387 2606 1440; x_wconf 83' lang='lat' dir='ltr'><strong>isti</strong></span> <span class='ocrx_word' id='word_1_575' title='bbox 2628 1387 2820 1457; x_wconf 90' lang='lat' dir='ltr'><strong>quibus</strong></span> <span class='ocrx_word' id='word_1_576' title='bbox 2840 1387 3409 1458; x_wconf 81' lang='lat' dir='ltr'><strong>scribebatApostolus</strong></span> 
     </span>
    </p>
   </div>
   <div class='ocr_carea' id='block_1_77' title="bbox 1819 1475 3410 1548">
    <p class='ocr_par' dir='ltr' id='par_1_77' title="bbox 1819 1475 3410 1548">
     <span class='ocr_line' id='line_1_78' title="bbox 1819 1475 3410 1548; baseline 0.002 -18"><span class='ocrx_word' id='word_1_577' title='bbox 1819 1476 1931 1546; x_wconf 86' lang='lat' dir='ltr'><strong>jam</strong></span> <span class='ocrx_word' id='word_1_578' title='bbox 1957 1475 2256 1546; x_wconf 84' lang='lat' dir='ltr'><strong>baptizatis,</strong></span> <span class='ocrx_word' id='word_1_579' title='bbox 2279 1491 2377 1531; x_wconf 90' lang='lat' dir='ltr'><strong>nec</strong></span> <span class='ocrx_word' id='word_1_580' title='bbox 2398 1486 2572 1532; x_wconf 88' lang='lat' dir='ltr'><strong>tamen</strong></span> <span class='ocrx_word' id='word_1_581' title='bbox 2599 1477 2719 1532; x_wconf 85' lang='lat' dir='ltr'><strong>ideo</strong></span> <span class='ocrx_word' id='word_1_582' title='bbox 2740 1477 2784 1533; x_wconf 89' lang='lat' dir='ltr'><strong>si</strong></span> <span class='ocrx_word' id='word_1_583' title='bbox 2806 1478 3221 1548; x_wconf 79' lang='lat' dir='ltr'><strong>corrigerentur,</strong></span> <span class='ocrx_word' id='word_1_584' title='bbox 3234 1478 3410 1534; x_wconf 88' lang='lat' dir='ltr'><strong>denuo</strong></span> 
     </span>
    </p>
   </div>
   <div class='ocr_carea' id='block_1_78' title="bbox 1825 1567 3417 1640">
    <p class='ocr_par' dir='ltr' id='par_1_78' title="bbox 1825 1567 3417 1640">
     <span class='ocr_line' id='line_1_79' title="bbox 1825 1567 3417 1640; baseline 0.001 -17"><span class='ocrx_word' id='word_1_585' title='bbox 1825 1567 2239 1637; x_wconf 86' lang='lat' dir='ltr'><strong>baptizareutur.</strong></span> <span class='ocrx_word' id='word_1_586' title='bbox 2286 1567 2474 1622; x_wconf 85' lang='lat' dir='ltr'><strong>Nonne</strong></span> <span class='ocrx_word' id='word_1_587' title='bbox 2519 1568 2656 1623; x_wconf 92' lang='lat' dir='ltr'><strong>idem</strong></span> <span class='ocrx_word' id='word_1_588' title='bbox 2686 1569 2959 1639; x_wconf 86' lang='lat' dir='ltr'><strong>apostolus</strong></span> <span class='ocrx_word' id='word_1_589' title='bbox 2984 1568 3086 1635; x_wconf 91' lang='lat' dir='ltr'><strong>ait,</strong></span> <span class='ocrx_word' id='word_1_590' title='bbox 3118 1568 3313 1640; x_wconf 84' lang='lat' dir='ltr'><strong>Sapere</strong></span> <span class='ocrx_word' id='word_1_591' title='bbox 3338 1585 3417 1624; x_wconf 53' lang='lat' dir='ltr'><strong>sc.</strong></span> 
     </span>
    </p>
   </div>
   <div class='ocr_carea' id='block_1_79' title="bbox 1820 1656 3419 1737">
    <p class='ocr_par' dir='ltr' id='par_1_79' title="bbox 1820 1656 3419 1737">
     <span class='ocr_line' id='line_1_80' title="bbox 1820 1656 3419 1737; baseline 0.001 -26"><span class='ocrx_word' id='word_1_592' title='bbox 1820 1657 2050 1737; x_wconf 80' lang='lat' dir='ltr'><strong>cundum</strong></span> <span class='ocrx_word' id='word_1_593' title='bbox 2078 1673 2279 1710; x_wconf 86' lang='lat' dir='ltr'><strong>carnem</strong></span> <span class='ocrx_word' id='word_1_594' title='bbox 2302 1667 2535 1711; x_wconf 84' lang='lat' dir='ltr'><strong>ntorsest</strong></span> <span class='ocrx_word' id='word_1_595' title='bbox 2566 1656 2739 1728; x_wconf 83' lang='lat' dir='ltr'><strong>(Rom.</strong></span> <span class='ocrx_word' id='word_1_596' title='bbox 2766 1673 2883 1725; x_wconf 81' lang='lat' dir='ltr'><strong>vin,</strong></span> <span class='ocrx_word' id='word_1_597' title='bbox 2911 1657 3012 1731; x_wconf 79' lang='lat'><strong>6)?</strong></span> <span class='ocrx_word' id='word_1_598' title='bbox 3037 1657 3105 1712; x_wconf 86' lang='lat' dir='ltr'><strong>Et</strong></span> <span class='ocrx_word' id='word_1_599' title='bbox 3129 1659 3310 1729; x_wconf 89' lang='lat' dir='ltr'><strong>utique</strong></span> <span class='ocrx_word' id='word_1_600' title='bbox 3331 1672 3419 1713; x_wconf 88' lang='lat' dir='ltr'><strong>se-</strong></span> 
     </span>
    </p>
   </div>
   <div class='ocr_carea' id='block_1_80' title="bbox 1826 1749 3424 1831">
    <p class='ocr_par' dir='ltr' id='par_1_80' title="bbox 1826 1749 3424 1831">
     <span class='ocr_line' id='line_1_81' title="bbox 1826 1749 3424 1831; baseline 0.001 -27"><span class='ocrx_word' id='word_1_601' title='bbox 1826 1749 2069 1804; x_wconf 85' lang='lat' dir='ltr'><strong>cundum</strong></span> <span class='ocrx_word' id='word_1_602' title='bbox 2089 1764 2306 1804; x_wconf 73' lang='lat' dir='ltr'><strong>carnem</strong></span> <span class='ocrx_word' id='word_1_603' title='bbox 2336 1750 2613 1818; x_wconf 83' lang='lat' dir='ltr'><strong>sapiebant</strong></span> <span class='ocrx_word' id='word_1_604' title='bbox 2638 1750 2813 1816; x_wconf 86' lang='lat' dir='ltr'><strong>avari,</strong></span> <span class='ocrx_word' id='word_1_605' title='bbox 2848 1749 3210 1831; x_wconf 66' lang='lat' dir='ltr'><strong>[raudatores,</strong></span> <span class='ocrx_word' id='word_1_606' title='bbox 3239 1759 3424 1821; x_wconf 88' lang='lat' dir='ltr'><strong>rapto-</strong></span> 
     </span>
    </p>
   </div>
   <div class='ocr_carea' id='block_1_81' title="bbox 1826 1838 3416 1913">
    <p class='ocr_par' dir='ltr' id='par_1_81' title="bbox 1826 1838 3416 1913">
     <span class='ocr_line' id='line_1_82' title="bbox 1826 1838 3416 1913; baseline 0.003 -21"><span class='ocrx_word' id='word_1_607' title='bbox 1826 1853 1935 1904; x_wconf 74' lang='lat' dir='ltr'><strong>rcs,</strong></span> <span class='ocrx_word' id='word_1_608' title='bbox 1963 1838 2102 1892; x_wconf 81' lang='lat' dir='ltr'><strong>inter</strong></span> <span class='ocrx_word' id='word_1_609' title='bbox 2121 1853 2254 1908; x_wconf 86' lang='lat' dir='ltr'><strong>quos</strong></span> <span class='ocrx_word' id='word_1_610' title='bbox 2269 1838 2517 1908; x_wconf 81' lang='lat' dir='ltr'><strong>gemebat</strong></span> <span class='ocrx_word' id='word_1_611' title='bbox 2543 1840 2655 1908; x_wconf 80' lang='lat' dir='ltr'><strong>ipse</strong></span> <span class='ocrx_word' id='word_1_612' title='bbox 2677 1838 2995 1911; x_wconf 70' lang='lat' dir='ltr'><strong>Cyprianus.</strong></span> <span class='ocrx_word' id='word_1_613' title='bbox 3019 1838 3155 1908; x_wconf 88' lang='lat' dir='ltr'><strong>Quid</strong></span> <span class='ocrx_word' id='word_1_614' title='bbox 3179 1855 3309 1913; x_wconf 77' lang='lat' dir='ltr'><strong>ergo</strong></span> <span class='ocrx_word' id='word_1_615' title='bbox 3335 1838 3416 1896; x_wconf 82' lang='lat' dir='ltr'><strong>illi</strong></span> 
     </span>
    </p>
   </div>
   <div class='ocr_carea' id='block_1_82' title="bbox 1826 1928 3421 2004">
    <p class='ocr_par' dir='ltr' id='par_1_82' title="bbox 1826 1928 3421 2004">
     <span class='ocr_line' id='line_1_83' title="bbox 1826 1928 3421 2004; baseline 0.004 -21"><span class='ocrx_word' id='word_1_616' title='bbox 1826 1928 2111 1985; x_wconf 83' lang='lat' dir='ltr'><strong>inunitale</strong></span> <span class='ocrx_word' id='word_1_617' title='bbox 2149 1930 2346 1985; x_wconf 70' lang='lat' dir='ltr'><strong>viventi</strong></span> <span class='ocrx_word' id='word_1_618' title='bbox 2395 1930 2623 1986; x_wconf 89' lang='lat' dir='ltr'><strong>oherant</strong></span> <span class='ocrx_word' id='word_1_619' title='bbox 2674 1932 2919 1987; x_wconf 86' lang='lat' dir='ltr'><strong>mortui?</strong></span> <span class='ocrx_word' id='word_1_620' title='bbox 2965 1933 3071 1988; x_wconf 87' lang='lat' dir='ltr'><strong>Aut</strong></span> <span class='ocrx_word' id='word_1_621' title='bbox 3114 1934 3236 2004; x_wconf 85' lang='lat' dir='ltr'><strong>quis</strong></span> <span class='ocrx_word' id='word_1_622' title='bbox 3274 1932 3421 1989; x_wconf 87' lang='lat' dir='ltr'><strong>dicat</strong></span> 
     </span>
    </p>
   </div>
   <div class='ocr_carea' id='block_1_83' title="bbox 1827 2021 3415 2093">
    <p class='ocr_par' dir='ltr' id='par_1_83' title="bbox 1827 2021 3415 2093">
     <span class='ocr_line' id='line_1_84' title="bbox 1827 2021 3415 2093; baseline 0.002 -17"><span class='ocrx_word' id='word_1_623' title='bbox 1827 2021 2146 2091; x_wconf 80' lang='lat' dir='ltr'><strong>baptismum</strong></span> <span class='ocrx_word' id='word_1_624' title='bbox 2185 2021 2378 2076; x_wconf 81' lang='lat' dir='ltr'><strong>Christi</strong></span> <span class='ocrx_word' id='word_1_625' title='bbox 2409 2022 2550 2092; x_wconf 86' lang='lat' dir='ltr'><strong>quod</strong></span> <span class='ocrx_word' id='word_1_626' title='bbox 2583 2022 2714 2077; x_wconf 89' lang='lat' dir='ltr'><strong>tales</strong></span> <span class='ocrx_word' id='word_1_627' title='bbox 2764 2022 3020 2079; x_wconf 85' lang='lat' dir='ltr'><strong>haberent</strong></span> <span class='ocrx_word' id='word_1_628' title='bbox 3068 2024 3153 2080; x_wconf 87' lang='lat' dir='ltr'><strong>vel</strong></span> <span class='ocrx_word' id='word_1_629' title='bbox 3196 2023 3415 2093; x_wconf 86' lang='lat' dir='ltr'><strong>darent,</strong></span> 
     </span>
    </p>
   </div>
   <div class='ocr_carea' id='block_1_84' title="bbox 1828 2112 2928 2183">
    <p class='ocr_par' dir='ltr' id='par_1_84' title="bbox 1828 2112 2928 2183">
     <span class='ocr_line' id='line_1_85' title="bbox 1828 2112 2928 2183; baseline -0.001 -15"><span class='ocrx_word' id='word_1_630' title='bbox 1828 2129 2011 2168; x_wconf 85' lang='lat' dir='ltr'><strong>eorum</strong></span> <span class='ocrx_word' id='word_1_631' title='bbox 2043 2112 2410 2183; x_wconf 90' lang='lat' dir='ltr'><strong>iniquitatibus</strong></span> <span class='ocrx_word' id='word_1_632' title='bbox 2437 2112 2602 2169; x_wconf 77' lang='lat' dir='ltr'><strong>fuisse</strong></span> <span class='ocrx_word' id='word_1_633' title='bbox 2631 2113 2928 2168; x_wconf 85' lang='lat' dir='ltr'><strong>violatum?</strong></span> 
     </span>
    </p>
   </div>
   <div class='ocr_carea' id='block_1_85' title="bbox 1900 2202 3419 2260">
    <p class='ocr_par' dir='ltr' id='par_1_85' title="bbox 1900 2202 3419 2260">
     <span class='ocr_line' id='line_1_86' title="bbox 1900 2202 3419 2260; baseline 0.001 -2"><span class='ocrx_word' id='word_1_634' title='bbox 1900 2203 2129 2258; x_wconf 77' lang='lat' dir='ltr'><strong>CAPUT</strong></span> <span class='ocrx_word' id='word_1_635' title='bbox 2160 2202 2277 2258; x_wconf 78' lang='lat' dir='ltr'><strong>XX.</strong></span> <span class='ocrx_word' id='word_1_636' title='bbox 2302 2232 2373 2242; x_wconf 96' lang='lat'><strong>—</strong></span> <span class='ocrx_word' id='word_1_637' title='bbox 2394 2203 2483 2257; x_wconf 72' lang='grc'><strong>54.</strong></span> <span class='ocrx_word' id='word_1_638' title='bbox 2524 2203 2773 2257; x_wconf 87' lang='lat' dir='ltr'><strong>Polianus</strong></span> <span class='ocrx_word' id='word_1_639' title='bbox 2820 2218 2851 2258; x_wconf 90' lang='lat' dir='ltr'><strong>a</strong></span> <span class='ocrx_word' id='word_1_640' title='bbox 2895 2203 3049 2260; x_wconf 75' lang='lat' dir='ltr'><strong>Mileo</strong></span> <span class='ocrx_word' id='word_1_641' title='bbox 3070 2205 3086 2236; x_wconf 77' lang='lat'><strong><em>‘</em></strong></span> <span class='ocrx_word' id='word_1_642' title='bbox 3112 2203 3246 2259; x_wconf 85' lang='lat' dir='ltr'><strong>dixit</strong></span> <span class='ocrx_word' id='word_1_643' title='bbox 3273 2220 3293 2259; x_wconf 90' lang='lat'><strong><em>:</em></strong></span> <span class='ocrx_word' id='word_1_644' title='bbox 3316 2203 3419 2259; x_wconf 72' lang='lat' dir='ltr'><strong>Its-</strong></span> 
     </span>
    </p>
   </div>
   <div class='ocr_carea' id='block_1_86' title="bbox 1829 2295 3243 2368">
    <p class='ocr_par' dir='ltr' id='par_1_86' title="bbox 1829 2295 3243 2368">
     <span class='ocr_line' id='line_1_87' title="bbox 1829 2295 3243 2368; baseline 0 -17"><span class='ocrx_word' id='word_1_645' title='bbox 1829 2307 1961 2351; x_wconf 88' lang='lat' dir='ltr'><strong>slum</strong></span> <span class='ocrx_word' id='word_1_646' title='bbox 1978 2306 2049 2350; x_wconf 89' lang='lat' dir='ltr'><strong>est</strong></span> <span class='ocrx_word' id='word_1_647' title='bbox 2078 2296 2362 2350; x_wconf 79' lang='lat' dir='ltr'><strong>Inrreticum</strong></span> <span class='ocrx_word' id='word_1_648' title='bbox 2388 2296 2631 2368; x_wconf 80' lang='lat' dir='ltr'><strong>baptizari</strong></span> <span class='ocrx_word' id='word_1_649' title='bbox 2666 2296 2719 2350; x_wconf 90' lang='lat' dir='ltr'><strong>in</strong></span> <span class='ocrx_word' id='word_1_650' title='bbox 2743 2295 2971 2351; x_wconf 82' lang='lat' dir='ltr'><strong>Ecclesia</strong></span> <span class='ocrx_word' id='word_1_651' title='bbox 2997 2305 3174 2351; x_wconf 87' lang='lat' dir='ltr'><strong>sancta</strong></span> <span class='ocrx_word' id='word_1_652' title='bbox 3197 2298 3243 2350; x_wconf 79' lang='lat'><strong>’.</strong></span> 
     </span>
    </p>
   </div>
   <div class='ocr_carea' id='block_1_87' title="bbox 1903 2386 3424 2459">
    <p class='ocr_par' dir='ltr' id='par_1_87' title="bbox 1903 2386 3424 2459">
     <span class='ocr_line' id='line_1_88' title="bbox 1903 2386 3424 2459; baseline 0.001 -16"><span class='ocrx_word' id='word_1_653' title='bbox 1903 2388 1993 2443; x_wconf 74' lang='lat'><strong>55.</strong></span> <span class='ocrx_word' id='word_1_654' title='bbox 2034 2387 2178 2443; x_wconf 86' lang='lat' dir='ltr'><strong>Nihil</strong></span> <span class='ocrx_word' id='word_1_655' title='bbox 2223 2387 2438 2458; x_wconf 84' lang='lat' dir='ltr'><strong>quidem</strong></span> <span class='ocrx_word' id='word_1_656' title='bbox 2478 2387 2694 2442; x_wconf 87' lang='lat' dir='ltr'><strong>brevius</strong></span> <span class='ocrx_word' id='word_1_657' title='bbox 2720 2386 2823 2442; x_wconf 91' lang='lat' dir='ltr'><strong>dici</strong></span> <span class='ocrx_word' id='word_1_658' title='bbox 2850 2387 3015 2458; x_wconf 86' lang='lat' dir='ltr'><strong>potuit</strong></span> <span class='ocrx_word' id='word_1_659' title='bbox 3067 2386 3174 2443; x_wconf 88' lang='lat' dir='ltr'><strong>Sed</strong></span> <span class='ocrx_word' id='word_1_660' title='bbox 3203 2396 3333 2459; x_wconf 88' lang='lat' dir='ltr'><strong>puto</strong></span> <span class='ocrx_word' id='word_1_661' title='bbox 3366 2396 3424 2445; x_wconf 87' lang='lat' dir='ltr'><strong>et</strong></span> 
     </span>
    </p>
   </div>
   <div class='ocr_carea' id='block_1_88' title="bbox 1831 2476 3422 2549">
    <p class='ocr_par' dir='ltr' id='par_1_88' title="bbox 1831 2476 3422 2549">
     <span class='ocr_line' id='line_1_89' title="bbox 1831 2476 3422 2549; baseline 0.001 -14"><span class='ocrx_word' id='word_1_662' title='bbox 1831 2480 1933 2535; x_wconf 88' lang='lat' dir='ltr'><strong>hoc</strong></span> <span class='ocrx_word' id='word_1_663' title='bbox 1960 2480 2122 2535; x_wconf 80' lang='lat' dir='ltr'><strong>breve</strong></span> <span class='ocrx_word' id='word_1_664' title='bbox 2147 2488 2231 2533; x_wconf 85' lang='lat' dir='ltr'><strong>cst</strong></span> <span class='ocrx_word' id='word_1_665' title='bbox 2259 2497 2273 2533; x_wconf 90' lang='lat'><strong>:</strong></span> <span class='ocrx_word' id='word_1_666' title='bbox 2299 2478 2509 2535; x_wconf 85' lang='lat' dir='ltr'><strong>Justum</strong></span> <span class='ocrx_word' id='word_1_667' title='bbox 2536 2478 2970 2549; x_wconf 61' lang='lat' dir='ltr'><strong>estBaptismum</strong></span> <span class='ocrx_word' id='word_1_668' title='bbox 2988 2476 3186 2535; x_wconf 89' lang='lat' dir='ltr'><strong>Christi</strong></span> <span class='ocrx_word' id='word_1_669' title='bbox 3212 2494 3319 2535; x_wconf 90' lang='lat' dir='ltr'><strong>non</strong></span> <span class='ocrx_word' id='word_1_670' title='bbox 3341 2479 3422 2536; x_wconf 82' lang='lat' dir='ltr'><strong>in-</strong></span> 
     </span>
    </p>
   </div>
   <div class='ocr_carea' id='block_1_89' title="bbox 1830 2569 2637 2628">
    <p class='ocr_par' dir='ltr' id='par_1_89' title="bbox 1830 2569 2637 2628">
     <span class='ocr_line' id='line_1_90' title="bbox 1830 2569 2637 2628; baseline -0.005 0"><span class='ocrx_word' id='word_1_671' title='bbox 1830 2572 2033 2628; x_wconf 84' lang='lat' dir='ltr'><strong>sumari</strong></span> <span class='ocrx_word' id='word_1_672' title='bbox 2070 2572 2122 2625; x_wconf 89' lang='lat' dir='ltr'><strong>in</strong></span> <span class='ocrx_word' id='word_1_673' title='bbox 2152 2570 2388 2626; x_wconf 82' lang='lat' dir='ltr'><strong>Ecclesia</strong></span> <span class='ocrx_word' id='word_1_674' title='bbox 2419 2569 2637 2626; x_wconf 90' lang='lat' dir='ltr'><strong>Christi.</strong></span> 
     </span>
    </p>
   </div>
   <div class='ocr_carea' id='block_1_90' title="bbox 1901 2659 3422 2733">
    <p class='ocr_par' dir='ltr' id='par_1_90' title="bbox 1901 2659 3422 2733">
     <span class='ocr_line' id='line_1_91' title="bbox 1901 2659 3422 2733; baseline -0.001 -15"><span class='ocrx_word' id='word_1_675' title='bbox 1901 2661 2128 2718; x_wconf 78' lang='lat' dir='ltr'><strong>CAPUT</strong></span> <span class='ocrx_word' id='word_1_676' title='bbox 2152 2661 2294 2716; x_wconf 81' lang='lat' dir='ltr'><strong>XXI.</strong></span> <span class='ocrx_word' id='word_1_677' title='bbox 2321 2692 2392 2701; x_wconf 96' lang='lat'><strong>—</strong></span> <span class='ocrx_word' id='word_1_678' title='bbox 2415 2659 2506 2716; x_wconf 77' lang='grc'><strong>56.</strong></span> <span class='ocrx_word' id='word_1_679' title='bbox 2548 2660 2861 2731; x_wconf 77' lang='lat' dir='ltr'><strong>Theogenes</strong></span> <span class='ocrx_word' id='word_1_680' title='bbox 2887 2660 2957 2715; x_wconf 90' lang='lat' dir='ltr'><strong>ab</strong></span> <span class='ocrx_word' id='word_1_681' title='bbox 2984 2660 3231 2730; x_wconf 82' lang='lat' dir='ltr'><strong>Hippone</strong></span> <span class='ocrx_word' id='word_1_682' title='bbox 3272 2661 3422 2733; x_wconf 74' lang='lat' dir='ltr'><strong>regio</strong></span> 
     </span>
    </p>
   </div>
   <div class='ocr_carea' id='block_1_91' title="bbox 1831 2751 3423 2822">
    <p class='ocr_par' dir='ltr' id='par_1_91' title="bbox 1831 2751 3423 2822">
     <span class='ocr_line' id='line_1_92' title="bbox 1831 2751 3423 2822; baseline -0.002 -12"><span class='ocrx_word' id='word_1_683' title='bbox 1831 2755 2009 2811; x_wconf 90' lang='lat' dir='ltr'><strong>dixit:</strong></span> <span class='ocrx_word' id='word_1_684' title='bbox 2056 2753 2348 2809; x_wconf 88' lang='lat' dir='ltr'><strong>Secundum</strong></span> <span class='ocrx_word' id='word_1_685' title='bbox 2396 2762 2766 2807; x_wconf 88' lang='lat' dir='ltr'><strong>sacramentum</strong></span> <span class='ocrx_word' id='word_1_686' title='bbox 2811 2751 2945 2806; x_wconf 74' lang='lat' dir='ltr'><strong>Dei&#39;</strong></span> <span class='ocrx_word' id='word_1_687' title='bbox 2983 2753 3160 2822; x_wconf 71' lang='lat' dir='ltr'><strong>gratia:</strong></span> <span class='ocrx_word' id='word_1_688' title='bbox 3210 2753 3423 2807; x_wconf 65' lang='lat' dir='ltr'><strong>ccclesiis</strong></span> 
     </span>
    </p>
   </div>
   <div class='ocr_carea' id='block_1_92' title="bbox 1831 2841 3422 2918">
    <p class='ocr_par' dir='ltr' id='par_1_92' title="bbox 1831 2841 3422 2918">
     <span class='ocr_line' id='line_1_93' title="bbox 1831 2841 3422 2918; baseline 0 -19"><span class='ocrx_word' id='word_1_689' title='bbox 1831 2845 1966 2918; x_wconf 87' lang='lat' dir='ltr'><strong>quod</strong></span> <span class='ocrx_word' id='word_1_690' title='bbox 1986 2846 2269 2915; x_wconf 84' lang='lat' dir='ltr'><strong>accepimus</strong></span> <span class='ocrx_word' id='word_1_691' title='bbox 2293 2885 2309 2911; x_wconf 94' lang='lat'><strong>,</strong></span> <span class='ocrx_word' id='word_1_692' title='bbox 2339 2860 2498 2899; x_wconf 88' lang='lat' dir='ltr'><strong>unum</strong></span> <span class='ocrx_word' id='word_1_693' title='bbox 2516 2842 2832 2917; x_wconf 86' lang='lat' dir='ltr'><strong>Baptismunt</strong></span> <span class='ocrx_word' id='word_1_694' title='bbox 2852 2843 2989 2914; x_wconf 83' lang='lat' dir='ltr'><strong>quod</strong></span> <span class='ocrx_word' id='word_1_695' title='bbox 2999 2852 3082 2898; x_wconf 89' lang='lat' dir='ltr'><strong>.est</strong></span> <span class='ocrx_word' id='word_1_696' title='bbox 3113 2844 3167 2898; x_wconf 89' lang='lat' dir='ltr'><strong>in</strong></span> <span class='ocrx_word' id='word_1_697' title='bbox 3194 2841 3422 2899; x_wconf 79' lang='lat' dir='ltr'><strong>Ecclesia</strong></span> 
     </span>
    </p>
   </div>
   <div class='ocr_carea' id='block_1_93' title="bbox 1831 2935 2297 2992">
    <p class='ocr_par' dir='ltr' id='par_1_93' title="bbox 1831 2935 2297 2992">
     <span class='ocr_line' id='line_1_94' title="bbox 1831 2935 2297 2992; baseline -0.004 0"><span class='ocrx_word' id='word_1_698' title='bbox 1831 2947 2006 2992; x_wconf 86' lang='lat' dir='ltr'><strong>sancta</strong></span> <span class='ocrx_word' id='word_1_699' title='bbox 2028 2935 2297 2991; x_wconf 81' lang='lat' dir='ltr'><strong>credimus.</strong></span> 
     </span>
    </p>
   </div>
   <div class='ocr_carea' id='block_1_94' title="bbox 1903 3025 3419 3086">
    <p class='ocr_par' dir='ltr' id='par_1_94' title="bbox 1903 3025 3419 3086">
     <span class='ocr_line' id='line_1_95' title="bbox 1903 3025 3419 3086; baseline -0.003 0"><span class='ocrx_word' id='word_1_700' title='bbox 1903 3028 1994 3086; x_wconf 77' lang='lat'><strong>3&#39;7.</strong></span> <span class='ocrx_word' id='word_1_701' title='bbox 2036 3028 2219 3083; x_wconf 86' lang='lat' dir='ltr'><strong>Potest</strong></span> <span class='ocrx_word' id='word_1_702' title='bbox 2243 3036 2298 3083; x_wconf 88' lang='lat' dir='ltr'><strong>et</strong></span> <span class='ocrx_word' id='word_1_703' title='bbox 2328 3042 2447 3083; x_wconf 89' lang='lat' dir='ltr'><strong>mea</strong></span> <span class='ocrx_word' id='word_1_704' title='bbox 2474 3040 2597 3083; x_wconf 85' lang='lat' dir='ltr'><strong>esse</strong></span> <span class='ocrx_word' id='word_1_705' title='bbox 2625 3026 2911 3083; x_wconf 85' lang='lat' dir='ltr'><strong>sententia.</strong></span> <span class='ocrx_word' id='word_1_706' title='bbox 2940 3025 3031 3083; x_wconf 89' lang='lat' dir='ltr'><strong>Sic</strong></span> <span class='ocrx_word' id='word_1_707' title='bbox 3057 3026 3200 3083; x_wconf 85' lang='lat' dir='ltr'><strong>enim</strong></span> <span class='ocrx_word' id='word_1_708' title='bbox 3228 3026 3419 3082; x_wconf 89' lang='lat' dir='ltr'><strong>librata</strong></span> 
     </span>
    </p>
   </div>
   <div class='ocr_carea' id='block_1_95' title="bbox 1831 3115 3422 3187">
    <p class='ocr_par' dir='ltr' id='par_1_95' title="bbox 1831 3115 3422 3187">
     <span class='ocr_line' id='line_1_96' title="bbox 1831 3115 3422 3187; baseline -0.002 -11"><span class='ocrx_word' id='word_1_709' title='bbox 1831 3128 2032 3187; x_wconf 72' lang='lat' dir='ltr'><strong>est,nt</strong></span> <span class='ocrx_word' id='word_1_710' title='bbox 2059 3118 2191 3173; x_wconf 88' lang='lat' dir='ltr'><strong>nihil</strong></span> <span class='ocrx_word' id='word_1_711' title='bbox 2218 3117 2412 3173; x_wconf 90' lang='lat' dir='ltr'><strong>habeat</strong></span> <span class='ocrx_word' id='word_1_712' title='bbox 2452 3125 2637 3173; x_wconf 90' lang='lat' dir='ltr'><strong>contra</strong></span> <span class='ocrx_word' id='word_1_713' title='bbox 2685 3119 2982 3174; x_wconf 87' lang='lat' dir='ltr'><strong>veritatem.</strong></span> <span class='ocrx_word' id='word_1_714' title='bbox 3032 3115 3164 3172; x_wconf 87' lang='lat' dir='ltr'><strong>Nam</strong></span> <span class='ocrx_word' id='word_1_715' title='bbox 3219 3125 3274 3172; x_wconf 90' lang='lat' dir='ltr'><strong>et</strong></span> <span class='ocrx_word' id='word_1_716' title='bbox 3322 3132 3422 3173; x_wconf 88' lang='lat' dir='ltr'><strong>nos</strong></span> 
     </span>
    </p>
   </div>
   <div class='ocr_carea' id='block_1_96' title="bbox 1831 3207 3419 3281">
    <p class='ocr_par' dir='ltr' id='par_1_96' title="bbox 1831 3207 3419 3281">
     <span class='ocr_line' id='line_1_97' title="bbox 1831 3207 3419 3281; baseline -0.002 -15"><span class='ocrx_word' id='word_1_717' title='bbox 1831 3226 1995 3267; x_wconf 89' lang='lat' dir='ltr'><strong>unum</strong></span> <span class='ocrx_word' id='word_1_718' title='bbox 2023 3211 2290 3281; x_wconf 87' lang='lat' dir='ltr'><strong>Baptisma</strong></span> <span class='ocrx_word' id='word_1_719' title='bbox 2319 3208 2462 3280; x_wconf 89' lang='lat' dir='ltr'><strong>quod</strong></span> <span class='ocrx_word' id='word_1_720' title='bbox 2487 3218 2571 3265; x_wconf 90' lang='lat' dir='ltr'><strong>est</strong></span> <span class='ocrx_word' id='word_1_721' title='bbox 2594 3209 2644 3264; x_wconf 91' lang='lat' dir='ltr'><strong>in</strong></span> <span class='ocrx_word' id='word_1_722' title='bbox 2663 3210 2899 3265; x_wconf 87' lang='lat' dir='ltr'><strong>Ecclesia</strong></span> <span class='ocrx_word' id='word_1_723' title='bbox 2925 3218 3108 3263; x_wconf 88' lang='lat' dir='ltr'><strong>sancta</strong></span> <span class='ocrx_word' id='word_1_724' title='bbox 3129 3207 3419 3264; x_wconf 89' lang='lat' dir='ltr'><strong>credimus.</strong></span> 
     </span>
    </p>
   </div>
   <div class='ocr_carea' id='block_1_97' title="bbox 1830 3298 3423 3368">
    <p class='ocr_par' dir='ltr' id='par_1_97' title="bbox 1830 3298 3423 3368">
     <span class='ocr_line' id='line_1_98' title="bbox 1830 3298 3423 3368; baseline -0.003 -10"><span class='ocrx_word' id='word_1_725' title='bbox 1830 3302 1885 3358; x_wconf 89' lang='lat' dir='ltr'><strong>Si</strong></span> <span class='ocrx_word' id='word_1_726' title='bbox 1914 3310 2091 3357; x_wconf 92' lang='lat' dir='ltr'><strong>autem</strong></span> <span class='ocrx_word' id='word_1_727' title='bbox 2135 3300 2387 3367; x_wconf 84' lang='lat' dir='ltr'><strong>dixisset,</strong></span> <span class='ocrx_word' id='word_1_728' title='bbox 2433 3298 2586 3368; x_wconf 87' lang='lat' dir='ltr'><strong>Quod</strong></span> <span class='ocrx_word' id='word_1_729' title='bbox 2610 3307 2693 3355; x_wconf 88' lang='lat' dir='ltr'><strong>est</strong></span> <span class='ocrx_word' id='word_1_730' title='bbox 2735 3299 2787 3353; x_wconf 90' lang='lat' dir='ltr'><strong>in</strong></span> <span class='ocrx_word' id='word_1_731' title='bbox 2817 3299 2928 3353; x_wconf 88' lang='lat' dir='ltr'><strong>sola</strong></span> <span class='ocrx_word' id='word_1_732' title='bbox 2973 3298 3211 3355; x_wconf 86' lang='lat' dir='ltr'><strong>Ecclesia</strong></span> <span class='ocrx_word' id='word_1_733' title='bbox 3237 3306 3423 3353; x_wconf 89' lang='lat' dir='ltr'><strong>sancta</strong></span> 
     </span>
    </p>
   </div>
   <div class='ocr_carea' id='block_1_98' title="bbox 1829 3385 3423 3460">
    <p class='ocr_par' dir='ltr' id='par_1_98' title="bbox 1829 3385 3423 3460">
     <span class='ocr_line' id='line_1_99' title="bbox 1829 3385 3423 3460; baseline -0.004 -13"><span class='ocrx_word' id='word_1_734' title='bbox 1829 3392 2134 3454; x_wconf 87' lang='lat' dir='ltr'><strong>credimus;</strong></span> <span class='ocrx_word' id='word_1_735' title='bbox 2181 3388 2611 3460; x_wconf 89' lang='lat' dir='ltr'><strong>respondendum</strong></span> <span class='ocrx_word' id='word_1_736' title='bbox 2660 3396 2775 3442; x_wconf 88' lang='lat' dir='ltr'><strong>erat</strong></span> <span class='ocrx_word' id='word_1_737' title='bbox 2812 3388 2950 3441; x_wconf 88' lang='lat' dir='ltr'><strong>sicut</strong></span> <span class='ocrx_word' id='word_1_738' title='bbox 2992 3387 3223 3441; x_wconf 75' lang='lat' dir='ltr'><strong>eteteris.</strong></span> <span class='ocrx_word' id='word_1_739' title='bbox 3269 3385 3423 3442; x_wconf 88' lang='lat' dir='ltr'><strong>Nunc</strong></span> 
     </span>
    </p>
   </div>
   <div class='ocr_carea' id='block_1_99' title="bbox 1830 3477 3420 3554">
    <p class='ocr_par' dir='ltr' id='par_1_99' title="bbox 1830 3477 3420 3554">
     <span class='ocr_line' id='line_1_100' title="bbox 1830 3477 3420 3554; baseline -0.004 -15"><span class='ocrx_word' id='word_1_740' title='bbox 1830 3499 1961 3539; x_wconf 78' lang='lat' dir='ltr'><strong>vero</strong></span> <span class='ocrx_word' id='word_1_741' title='bbox 1982 3483 2103 3554; x_wconf 87' lang='lat' dir='ltr'><strong>quia</strong></span> <span class='ocrx_word' id='word_1_742' title='bbox 2130 3482 2207 3537; x_wconf 90' lang='lat' dir='ltr'><strong>sic</strong></span> <span class='ocrx_word' id='word_1_743' title='bbox 2231 3481 2430 3536; x_wconf 90' lang='lat' dir='ltr'><strong>dictum</strong></span> <span class='ocrx_word' id='word_1_744' title='bbox 2458 3490 2540 3535; x_wconf 90' lang='lat' dir='ltr'><strong>est</strong></span> <span class='ocrx_word' id='word_1_745' title='bbox 2559 3522 2573 3544; x_wconf 93' lang='lat'><strong>,</strong></span> <span class='ocrx_word' id='word_1_746' title='bbox 2603 3478 2774 3535; x_wconf 87' lang='lat' dir='ltr'><strong>Unum</strong></span> <span class='ocrx_word' id='word_1_747' title='bbox 2793 3477 3056 3546; x_wconf 82' lang='lat' dir='ltr'><strong>Baptisma</strong></span> <span class='ocrx_word' id='word_1_748' title='bbox 3083 3477 3223 3547; x_wconf 81' lang='lat' dir='ltr'><strong>quod</strong></span> <span class='ocrx_word' id='word_1_749' title='bbox 3254 3486 3328 3531; x_wconf 89' lang='lat' dir='ltr'><strong>est</strong></span> <span class='ocrx_word' id='word_1_750' title='bbox 3365 3478 3420 3532; x_wconf 72' lang='lat' dir='ltr'><strong>in</strong></span> 
     </span>
    </p>
   </div>
   <div class='ocr_carea' id='block_1_100' title="bbox 1830 3566 3417 3637">
    <p class='ocr_par' dir='ltr' id='par_1_100' title="bbox 1830 3566 3417 3637">
     <span class='ocr_line' id='line_1_101' title="bbox 1830 3566 3417 3637; baseline -0.003 -10"><span class='ocrx_word' id='word_1_751' title='bbox 1830 3573 2060 3627; x_wconf 83' lang='lat' dir='ltr'><strong>Ecclesia</strong></span> <span class='ocrx_word' id='word_1_752' title='bbox 2084 3580 2257 3626; x_wconf 87' lang='lat' dir='ltr'><strong>sancta</strong></span> <span class='ocrx_word' id='word_1_753' title='bbox 2298 3570 2577 3635; x_wconf 86' lang='lat' dir='ltr'><strong>credimus;</strong></span> <span class='ocrx_word' id='word_1_754' title='bbox 2619 3578 2674 3623; x_wconf 91' lang='lat' dir='ltr'><strong>ut</strong></span> <span class='ocrx_word' id='word_1_755' title='bbox 2700 3582 2821 3623; x_wconf 89' lang='lat' dir='ltr'><strong>esse</strong></span> <span class='ocrx_word' id='word_1_756' title='bbox 2845 3566 3060 3637; x_wconf 82' lang='lat' dir='ltr'><strong>quidem</strong></span> <span class='ocrx_word' id='word_1_757' title='bbox 3089 3566 3142 3620; x_wconf 93' lang='lat' dir='ltr'><strong>in</strong></span> <span class='ocrx_word' id='word_1_758' title='bbox 3173 3566 3417 3623; x_wconf 83' lang='lat' dir='ltr'><strong>Ecclesia</strong></span> 
     </span>
    </p>
   </div>
   <div class='ocr_carea' id='block_1_101' title="bbox 1831 3661 3419 3729">
    <p class='ocr_par' dir='ltr' id='par_1_101' title="bbox 1831 3661 3419 3729">
     <span class='ocr_line' id='line_1_102' title="bbox 1831 3661 3419 3729; baseline -0.006 -7"><span class='ocrx_word' id='word_1_759' title='bbox 1831 3674 2014 3722; x_wconf 88' lang='lat' dir='ltr'><strong>sancta</strong></span> <span class='ocrx_word' id='word_1_760' title='bbox 2054 3666 2343 3728; x_wconf 82' lang='lat' dir='ltr'><strong>diceretur,</strong></span> <span class='ocrx_word' id='word_1_761' title='bbox 2379 3662 2472 3717; x_wconf 85' lang='lat' dir='ltr'><strong>sed</strong></span> <span class='ocrx_word' id='word_1_762' title='bbox 2496 3672 2551 3717; x_wconf 91' lang='lat' dir='ltr'><strong>et</strong></span> <span class='ocrx_word' id='word_1_763' title='bbox 2598 3661 2723 3715; x_wconf 90' lang='lat' dir='ltr'><strong>alibi</strong></span> <span class='ocrx_word' id='word_1_764' title='bbox 2769 3675 2889 3715; x_wconf 83' lang='lat' dir='ltr'><strong>esse</strong></span> <span class='ocrx_word' id='word_1_765' title='bbox 2936 3673 3043 3715; x_wconf 88' lang='lat' dir='ltr'><strong>non</strong></span> <span class='ocrx_word' id='word_1_766' title='bbox 3090 3668 3419 3729; x_wconf 75' lang='lat' dir='ltr'><strong>negaretur:</strong></span> 
     </span>
    </p>
   </div>
   <div class='ocr_carea' id='block_1_102' title="bbox 1830 3751 3423 3829">
    <p class='ocr_par' dir='ltr' id='par_1_102' title="bbox 1830 3751 3423 3829">
     <span class='ocr_line' id='line_1_103' title="bbox 1830 3751 3423 3829; baseline -0.001 -21"><span class='ocrx_word' id='word_1_767' title='bbox 1830 3757 2105 3829; x_wconf 87' lang='lat' dir='ltr'><strong>quodlibet</strong></span> <span class='ocrx_word' id='word_1_768' title='bbox 2146 3757 2235 3811; x_wconf 89' lang='lat' dir='ltr'><strong>ille</strong></span> <span class='ocrx_word' id='word_1_769' title='bbox 2264 3754 2524 3816; x_wconf 78' lang='lat' dir='ltr'><strong>senserit,</strong></span> <span class='ocrx_word' id='word_1_770' title='bbox 2558 3762 2743 3808; x_wconf 89' lang='lat' dir='ltr'><strong>contra</strong></span> <span class='ocrx_word' id='word_1_771' title='bbox 2790 3752 2905 3806; x_wconf 79' lang='lat' dir='ltr'><strong>lure</strong></span> <span class='ocrx_word' id='word_1_772' title='bbox 2950 3752 3112 3806; x_wconf 87' lang='lat' dir='ltr'><strong>verba</strong></span> <span class='ocrx_word' id='word_1_773' title='bbox 3148 3751 3423 3820; x_wconf 87' lang='lat' dir='ltr'><strong>disputare</strong></span> 
     </span>
    </p>
   </div>
   <div class='ocr_carea' id='block_1_103' title="bbox 1830 3844 3420 3919">
    <p class='ocr_par' dir='ltr' id='par_1_103' title="bbox 1830 3844 3420 3919">
     <span class='ocr_line' id='line_1_104' title="bbox 1830 3844 3420 3919; baseline -0.003 -14"><span class='ocrx_word' id='word_1_774' title='bbox 1830 3864 1941 3905; x_wconf 90' lang='lat' dir='ltr'><strong>non</strong></span> <span class='ocrx_word' id='word_1_775' title='bbox 1967 3865 2101 3919; x_wconf 90' lang='lat' dir='ltr'><strong>opus</strong></span> <span class='ocrx_word' id='word_1_776' title='bbox 2137 3858 2241 3904; x_wconf 81' lang='lat' dir='ltr'><strong>est.</strong></span> <span class='ocrx_word' id='word_1_777' title='bbox 2273 3847 2329 3902; x_wconf 90' lang='lat' dir='ltr'><strong>Si</strong></span> <span class='ocrx_word' id='word_1_778' title='bbox 2360 3846 2501 3901; x_wconf 88' lang='lat' dir='ltr'><strong>enim</strong></span> <span class='ocrx_word' id='word_1_779' title='bbox 2546 3846 2613 3901; x_wconf 91' lang='lat' dir='ltr'><strong>de</strong></span> <span class='ocrx_word' id='word_1_780' title='bbox 2655 3860 2753 3900; x_wconf 28' lang='lat' dir='ltr'><strong>me;</strong></span> <span class='ocrx_word' id='word_1_781' title='bbox 2780 3844 2987 3915; x_wconf 74' lang='lat' dir='ltr'><strong>singula</strong></span> <span class='ocrx_word' id='word_1_782' title='bbox 3030 3856 3420 3914; x_wconf 68' lang='lat' dir='ltr'><strong>quaererentur,</strong></span> 
     </span>
    </p>
   </div>
   <div class='ocr_carea' id='block_1_104' title="bbox 1831 3934 3421 4007">
    <p class='ocr_par' dir='ltr' id='par_1_104' title="bbox 1831 3934 3421 4007">
     <span class='ocr_line' id='line_1_105' title="bbox 1831 3934 3421 4007; baseline -0.004 -10"><span class='ocrx_word' id='word_1_783' title='bbox 1831 3951 2009 3997; x_wconf 92' lang='lat' dir='ltr'><strong>utrum</strong></span> <span class='ocrx_word' id='word_1_784' title='bbox 2063 3950 2204 3995; x_wconf 76' lang='lat' dir='ltr'><strong>esset</strong></span> <span class='ocrx_word' id='word_1_785' title='bbox 2248 3954 2409 3993; x_wconf 88' lang='lat' dir='ltr'><strong>unum</strong></span> <span class='ocrx_word' id='word_1_786' title='bbox 2460 3938 2759 4007; x_wconf 73' lang='lat' dir='ltr'><strong>Baptisma;</strong></span> <span class='ocrx_word' id='word_1_787' title='bbox 2823 3934 3205 4006; x_wconf 79' lang='lat' dir='ltr'><strong>responderem</strong></span> <span class='ocrx_word' id='word_1_788' title='bbox 3255 3951 3421 3990; x_wconf 91' lang='lat' dir='ltr'><strong>unum</strong></span> 
     </span>
    </p>
   </div>
   <div class='ocr_carea' id='block_1_105' title="bbox 1830 4030 3420 4101">
    <p class='ocr_par' dir='ltr' id='par_1_105' title="bbox 1830 4030 3420 4101">
     <span class='ocr_line' id='line_1_106' title="bbox 1830 4030 3420 4101; baseline -0.003 -9"><span class='ocrx_word' id='word_1_789' title='bbox 1830 4051 1972 4092; x_wconf 84' lang='lat' dir='ltr'><strong>esse.</strong></span> <span class='ocrx_word' id='word_1_790' title='bbox 2018 4033 2219 4089; x_wconf 83' lang='lat' dir='ltr'><strong>Deinde</strong></span> <span class='ocrx_word' id='word_1_791' title='bbox 2268 4034 2311 4086; x_wconf 90' lang='lat' dir='ltr'><strong>si</strong></span> <span class='ocrx_word' id='word_1_792' title='bbox 2359 4033 2747 4101; x_wconf 81' lang='lat' dir='ltr'><strong>iutcrrogarer,</strong></span> <span class='ocrx_word' id='word_1_793' title='bbox 2800 4041 2974 4086; x_wconf 90' lang='lat' dir='ltr'><strong>utrum</strong></span> <span class='ocrx_word' id='word_1_794' title='bbox 3021 4031 3124 4087; x_wconf 89' lang='lat' dir='ltr'><strong>hoc</strong></span> <span class='ocrx_word' id='word_1_795' title='bbox 3167 4041 3309 4088; x_wconf 84' lang='lat' dir='ltr'><strong>esset</strong></span> <span class='ocrx_word' id='word_1_796' title='bbox 3366 4030 3420 4088; x_wconf 86' lang='lat' dir='ltr'><strong>in</strong></span> 
     </span>
    </p>
   </div>
   <div class='ocr_carea' id='block_1_106' title="bbox 1832 4121 3417 4192">
    <p class='ocr_par' dir='ltr' id='par_1_106' title="bbox 1832 4121 3417 4192">
     <span class='ocr_line' id='line_1_107' title="bbox 1832 4121 3417 4192; baseline -0.003 -11"><span class='ocrx_word' id='word_1_797' title='bbox 1832 4125 2071 4181; x_wconf 87' lang='lat' dir='ltr'><strong>Ecclesia</strong></span> <span class='ocrx_word' id='word_1_798' title='bbox 2091 4133 2299 4186; x_wconf 86' lang='lat' dir='ltr'><strong>sancta;</strong></span> <span class='ocrx_word' id='word_1_799' title='bbox 2322 4122 2697 4190; x_wconf 87' lang='lat' dir='ltr'><strong>responderem</strong></span> <span class='ocrx_word' id='word_1_800' title='bbox 2719 4121 2820 4174; x_wconf 84' lang='lat' dir='ltr'><strong>hoe</strong></span> <span class='ocrx_word' id='word_1_801' title='bbox 2844 4137 2982 4176; x_wconf 89' lang='lat' dir='ltr'><strong>esse.</strong></span> <span class='ocrx_word' id='word_1_802' title='bbox 3005 4121 3189 4177; x_wconf 84' lang='lat' dir='ltr'><strong>Tertio</strong></span> <span class='ocrx_word' id='word_1_803' title='bbox 3205 4122 3249 4176; x_wconf 90' lang='lat' dir='ltr'><strong>si</strong></span> <span class='ocrx_word' id='word_1_804' title='bbox 3277 4137 3417 4192; x_wconf 75' lang='lat' dir='ltr'><strong>qum-</strong></span> 
     </span>
    </p>
   </div>
   <div class='ocr_carea' id='block_1_107' title="bbox 1829 4212 3411 4283">
    <p class='ocr_par' dir='ltr' id='par_1_107' title="bbox 1829 4212 3411 4283">
     <span class='ocr_line' id='line_1_108' title="bbox 1829 4212 3411 4283; baseline -0.003 -10"><span class='ocrx_word' id='word_1_805' title='bbox 1829 4226 2059 4283; x_wconf 87' lang='lat' dir='ltr'><strong>reretur,</strong></span> <span class='ocrx_word' id='word_1_806' title='bbox 2091 4226 2267 4270; x_wconf 91' lang='lat' dir='ltr'><strong>utrum</strong></span> <span class='ocrx_word' id='word_1_807' title='bbox 2292 4214 2391 4269; x_wconf 88' lang='lat' dir='ltr'><strong>hoc</strong></span> <span class='ocrx_word' id='word_1_808' title='bbox 2406 4214 2672 4283; x_wconf 77' lang='lat' dir='ltr'><strong>Baptismn</strong></span> <span class='ocrx_word' id='word_1_809' title='bbox 2700 4212 2973 4268; x_wconf 88' lang='lat' dir='ltr'><strong>crederem</strong></span> <span class='ocrx_word' id='word_1_810' title='bbox 2995 4231 3008 4267; x_wconf 90' lang='lat'><strong>:</strong></span> <span class='ocrx_word' id='word_1_811' title='bbox 3028 4214 3411 4283; x_wconf 85' lang='lat' dir='ltr'><strong>responderem</strong></span> 
     </span>
    </p>
   </div>
   <div class='ocr_carea' id='block_1_108' title="bbox 1829 4303 3423 4374">
    <p class='ocr_par' dir='ltr' id='par_1_108' title="bbox 1829 4303 3423 4374">
     <span class='ocr_line' id='line_1_109' title="bbox 1829 4303 3423 4374; baseline -0.004 -9"><span class='ocrx_word' id='word_1_812' title='bbox 1829 4312 1900 4365; x_wconf 88' lang='lat' dir='ltr'><strong>ita</strong></span> <span class='ocrx_word' id='word_1_813' title='bbox 1921 4323 2009 4363; x_wconf 90' lang='lat' dir='ltr'><strong>me</strong></span> <span class='ocrx_word' id='word_1_814' title='bbox 2032 4306 2284 4370; x_wconf 84' lang='lat' dir='ltr'><strong>credere;</strong></span> <span class='ocrx_word' id='word_1_815' title='bbox 2312 4319 2374 4359; x_wconf 88' lang='lat' dir='ltr'><strong>ac</strong></span> <span class='ocrx_word' id='word_1_816' title='bbox 2398 4319 2494 4374; x_wconf 90' lang='lat' dir='ltr'><strong>per</strong></span> <span class='ocrx_word' id='word_1_817' title='bbox 2543 4304 2643 4358; x_wconf 89' lang='lat' dir='ltr'><strong>hoc</strong></span> <span class='ocrx_word' id='word_1_818' title='bbox 2688 4319 2850 4357; x_wconf 88' lang='lat' dir='ltr'><strong>unum</strong></span> <span class='ocrx_word' id='word_1_819' title='bbox 2896 4303 3159 4372; x_wconf 77' lang='lat' dir='ltr'><strong>Bnptisma</strong></span> <span class='ocrx_word' id='word_1_820' title='bbox 3175 4303 3314 4373; x_wconf 74' lang='lat' dir='ltr'><strong>quod</strong></span> <span class='ocrx_word' id='word_1_821' title='bbox 3334 4311 3423 4360; x_wconf 86' lang='lat' dir='ltr'><strong>est</strong></span> 
     </span>
    </p>
   </div>
   <div class='ocr_carea' id='block_1_109' title="bbox 1831 4391 3415 4461">
    <p class='ocr_par' dir='ltr' id='par_1_109' title="bbox 1831 4391 3415 4461">
     <span class='ocr_line' id='line_1_110' title="bbox 1831 4391 3415 4461; baseline -0.005 -6"><span class='ocrx_word' id='word_1_822' title='bbox 1831 4400 1885 4455; x_wconf 91' lang='lat' dir='ltr'><strong>in</strong></span> <span class='ocrx_word' id='word_1_823' title='bbox 1910 4396 2141 4453; x_wconf 90' lang='lat' dir='ltr'><strong>Ecclesia</strong></span> <span class='ocrx_word' id='word_1_824' title='bbox 2171 4404 2354 4451; x_wconf 90' lang='lat' dir='ltr'><strong>sancta</strong></span> <span class='ocrx_word' id='word_1_825' title='bbox 2375 4409 2460 4448; x_wconf 88' lang='lat' dir='ltr'><strong>me</strong></span> <span class='ocrx_word' id='word_1_826' title='bbox 2486 4392 2705 4448; x_wconf 88' lang='lat' dir='ltr'><strong>credere</strong></span> <span class='ocrx_word' id='word_1_827' title='bbox 2727 4391 3125 4461; x_wconf 77' lang='lat' dir='ltr'><strong>reSpoudercm.</strong></span> <span class='ocrx_word' id='word_1_828' title='bbox 3152 4391 3208 4448; x_wconf 90' lang='lat' dir='ltr'><strong>Si</strong></span> <span class='ocrx_word' id='word_1_829' title='bbox 3238 4400 3415 4447; x_wconf 89' lang='lat' dir='ltr'><strong>autem</strong></span> 
     </span>
    </p>
   </div>
   <div class='ocr_carea' id='block_1_110' title="bbox 1832 4481 3422 4562">
    <p class='ocr_par' dir='ltr' id='par_1_110' title="bbox 1832 4481 3422 4562">
     <span class='ocr_line' id='line_1_111' title="bbox 1832 4481 3422 4562; baseline -0.006 -16"><span class='ocrx_word' id='word_1_830' title='bbox 1832 4496 2183 4562; x_wconf 63' lang='lat' dir='ltr'><strong>quaereretur,</strong></span> <span class='ocrx_word' id='word_1_831' title='bbox 2212 4495 2389 4541; x_wconf 88' lang='lat' dir='ltr'><strong>utrum</strong></span> <span class='ocrx_word' id='word_1_832' title='bbox 2419 4485 2470 4541; x_wconf 91' lang='lat' dir='ltr'><strong>in</strong></span> <span class='ocrx_word' id='word_1_833' title='bbox 2513 4483 2623 4538; x_wconf 88' lang='lat' dir='ltr'><strong>sola</strong></span> <span class='ocrx_word' id='word_1_834' title='bbox 2652 4492 2831 4537; x_wconf 84' lang='lat' dir='ltr'><strong>sancta</strong></span> <span class='ocrx_word' id='word_1_835' title='bbox 2863 4491 3008 4537; x_wconf 87' lang='lat' dir='ltr'><strong>esset</strong></span> <span class='ocrx_word' id='word_1_836' title='bbox 3038 4481 3275 4538; x_wconf 82' lang='lat' dir='ltr'><strong>Ecclesia</strong></span> <span class='ocrx_word' id='word_1_837' title='bbox 3296 4522 3313 4548; x_wconf 91' lang='lat'><strong>,</strong></span> <span class='ocrx_word' id='word_1_838' title='bbox 3366 4492 3422 4538; x_wconf 89' lang='lat' dir='ltr'><strong>et</strong></span> 
     </span>
    </p>
   </div>
   <div class='ocr_carea' id='block_1_111' title="bbox 1832 4571 3419 4654">
    <p class='ocr_par' dir='ltr' id='par_1_111' title="bbox 1832 4571 3419 4654">
     <span class='ocr_line' id='line_1_112' title="bbox 1832 4571 3419 4654; baseline -0.007 -16"><span class='ocrx_word' id='word_1_839' title='bbox 1832 4581 1973 4654; x_wconf 89' lang='lat' dir='ltr'><strong>apud</strong></span> <span class='ocrx_word' id='word_1_840' title='bbox 1993 4579 2272 4635; x_wconf 66' lang='lat' dir='ltr'><strong>haareticos</strong></span> <span class='ocrx_word' id='word_1_841' title='bbox 2287 4577 2366 4631; x_wconf 88' lang='lat' dir='ltr'><strong>vel</strong></span> <span class='ocrx_word' id='word_1_842' title='bbox 2388 4574 2756 4631; x_wconf 88' lang='lat' dir='ltr'><strong>schismaticos</strong></span> <span class='ocrx_word' id='word_1_843' title='bbox 2783 4589 2888 4628; x_wconf 86' lang='lat' dir='ltr'><strong>non</strong></span> <span class='ocrx_word' id='word_1_844' title='bbox 2914 4582 3086 4637; x_wconf 82' lang='lat' dir='ltr'><strong>esset;</strong></span> <span class='ocrx_word' id='word_1_845' title='bbox 3112 4587 3215 4626; x_wconf 91' lang='lat' dir='ltr'><strong>non</strong></span> <span class='ocrx_word' id='word_1_846' title='bbox 3238 4586 3324 4627; x_wconf 87' lang='lat' dir='ltr'><strong>me</strong></span> <span class='ocrx_word' id='word_1_847' title='bbox 3345 4571 3419 4627; x_wconf 85' lang='lat' dir='ltr'><strong>ita</strong></span> 
     </span>
    </p>
   </div>
   <div class='ocr_carea' id='block_1_112' title="bbox 1831 4659 3418 4733">
    <p class='ocr_par' dir='ltr' id='par_1_112' title="bbox 1831 4659 3418 4733">
     <span class='ocr_line' id='line_1_113' title="bbox 1831 4659 3418 4733; baseline -0.008 -6"><span class='ocrx_word' id='word_1_848' title='bbox 1831 4670 2051 4727; x_wconf 89' lang='lat' dir='ltr'><strong>credere</strong></span> <span class='ocrx_word' id='word_1_849' title='bbox 2066 4683 2187 4724; x_wconf 89' lang='lat' dir='ltr'><strong>cum</strong></span> <span class='ocrx_word' id='word_1_850' title='bbox 2215 4674 2322 4721; x_wconf 83' lang='lat' dir='ltr'><strong>tota</strong></span> <span class='ocrx_word' id='word_1_851' title='bbox 2344 4663 2584 4719; x_wconf 89' lang='lat' dir='ltr'><strong>Ecclesia</strong></span> <span class='ocrx_word' id='word_1_852' title='bbox 2609 4662 3008 4733; x_wconf 82' lang='lat' dir='ltr'><strong>rcSpondercm.</strong></span> <span class='ocrx_word' id='word_1_853' title='bbox 3038 4660 3144 4716; x_wconf 89' lang='lat' dir='ltr'><strong>Sed</strong></span> <span class='ocrx_word' id='word_1_854' title='bbox 3169 4661 3291 4731; x_wconf 92' lang='lat' dir='ltr'><strong>quia</strong></span> <span class='ocrx_word' id='word_1_855' title='bbox 3315 4659 3418 4715; x_wconf 91' lang='lat' dir='ltr'><strong>hoc</strong></span> 
     </span>
    </p>
   </div>
   <div class='ocr_carea' id='block_1_113' title="bbox 1833 4751 3417 4824">
    <p class='ocr_par' dir='ltr' id='par_1_113' title="bbox 1833 4751 3417 4824">
     <span class='ocr_line' id='line_1_114' title="bbox 1833 4751 3417 4824; baseline -0.005 -7"><span class='ocrx_word' id='word_1_856' title='bbox 1833 4761 1924 4817; x_wconf 89' lang='lat' dir='ltr'><strong>ille</strong></span> <span class='ocrx_word' id='word_1_857' title='bbox 1949 4762 2000 4816; x_wconf 88' lang='lat' dir='ltr'><strong>in</strong></span> <span class='ocrx_word' id='word_1_858' title='bbox 2030 4757 2293 4814; x_wconf 89' lang='lat' dir='ltr'><strong>sententia</strong></span> <span class='ocrx_word' id='word_1_859' title='bbox 2323 4770 2419 4811; x_wconf 88' lang='lat' dir='ltr'><strong>sua</strong></span> <span class='ocrx_word' id='word_1_860' title='bbox 2451 4755 2757 4824; x_wconf 81' lang='lat' dir='ltr'><strong>nonposuit</strong></span> <span class='ocrx_word' id='word_1_861' title='bbox 2778 4794 2794 4820; x_wconf 92' lang='lat'><strong>,</strong></span> <span class='ocrx_word' id='word_1_862' title='bbox 2825 4761 2950 4822; x_wconf 89' lang='lat' dir='ltr'><strong>puto</strong></span> <span class='ocrx_word' id='word_1_863' title='bbox 2972 4765 3090 4807; x_wconf 89' lang='lat' dir='ltr'><strong>esse</strong></span> <span class='ocrx_word' id='word_1_864' title='bbox 3115 4751 3417 4823; x_wconf 89' lang='lat' dir='ltr'><strong>improbum</strong></span> 
     </span>
    </p>
   </div>
   <div class='ocr_carea' id='block_1_114' title="bbox 1834 4842 3421 4924">
    <p class='ocr_par' dir='ltr' id='par_1_114' title="bbox 1834 4842 3421 4924">
     <span class='ocr_line' id='line_1_115' title="bbox 1834 4842 3421 4924; baseline -0.006 -15"><span class='ocrx_word' id='word_1_865' title='bbox 1834 4863 1891 4909; x_wconf 88' lang='lat' dir='ltr'><strong>ut</strong></span> <span class='ocrx_word' id='word_1_866' title='bbox 1909 4867 2008 4924; x_wconf 81' lang='lat' dir='ltr'><strong>ego</strong></span> <span class='ocrx_word' id='word_1_867' title='bbox 2030 4850 2102 4906; x_wconf 89' lang='lat' dir='ltr'><strong>illi</strong></span> <span class='ocrx_word' id='word_1_868' title='bbox 2129 4848 2319 4904; x_wconf 90' lang='lat' dir='ltr'><strong>addam</strong></span> <span class='ocrx_word' id='word_1_869' title='bbox 2345 4846 2505 4902; x_wconf 72' lang='lat' dir='ltr'><strong>verba</strong></span> <span class='ocrx_word' id='word_1_870' title='bbox 2531 4854 2713 4900; x_wconf 89' lang='lat' dir='ltr'><strong>contra</strong></span> <span class='ocrx_word' id='word_1_871' title='bbox 2739 4859 2858 4914; x_wconf 85' lang='lat' dir='ltr'><strong>qua:</strong></span> <span class='ocrx_word' id='word_1_872' title='bbox 2878 4842 3165 4913; x_wconf 89' lang='lat' dir='ltr'><strong>disputem,</strong></span> <span class='ocrx_word' id='word_1_873' title='bbox 3192 4859 3315 4914; x_wconf 76' lang='lat' dir='ltr'><strong>qua:</strong></span> <span class='ocrx_word' id='word_1_874' title='bbox 3341 4843 3421 4900; x_wconf 89' lang='lat' dir='ltr'><strong>ibi</strong></span> 
     </span>
    </p>
   </div>
   <div class='ocr_carea' id='block_1_115' title="bbox 1836 4934 3420 5005">
    <p class='ocr_par' dir='ltr' id='par_1_115' title="bbox 1836 4934 3420 5005">
     <span class='ocr_line' id='line_1_116' title="bbox 1836 4934 3420 5005; baseline -0.006 -6"><span class='ocrx_word' id='word_1_875' title='bbox 1836 4960 1942 5000; x_wconf 88' lang='lat' dir='ltr'><strong>non</strong></span> <span class='ocrx_word' id='word_1_876' title='bbox 1971 4942 2169 4998; x_wconf 87' lang='lat' dir='ltr'><strong>inveni.</strong></span> <span class='ocrx_word' id='word_1_877' title='bbox 2197 4940 2275 4995; x_wconf 81' lang='lat' dir='ltr'><strong>ita</strong></span> <span class='ocrx_word' id='word_1_878' title='bbox 2305 4939 2449 4995; x_wconf 88' lang='lat' dir='ltr'><strong>enim</strong></span> <span class='ocrx_word' id='word_1_879' title='bbox 2490 4937 2535 4991; x_wconf 92' lang='lat' dir='ltr'><strong>si</strong></span> <span class='ocrx_word' id='word_1_880' title='bbox 2562 4935 2793 5001; x_wconf 90' lang='lat' dir='ltr'><strong>diceret,</strong></span> <span class='ocrx_word' id='word_1_881' title='bbox 2839 4934 2955 4990; x_wconf 92' lang='lat' dir='ltr'><strong>Una</strong></span> <span class='ocrx_word' id='word_1_882' title='bbox 2998 4944 3081 4989; x_wconf 89' lang='lat' dir='ltr'><strong>est</strong></span> <span class='ocrx_word' id='word_1_883' title='bbox 3124 4950 3261 5005; x_wconf 89' lang='lat' dir='ltr'><strong>aqua</strong></span> <span class='ocrx_word' id='word_1_884' title='bbox 3308 4935 3420 4990; x_wconf 59' lang='lat' dir='ltr'><strong>Eu.</strong></span> 
     </span>
    </p>
   </div>
   <div class='ocr_carea' id='block_1_116' title="bbox 1837 5025 3421 5105">
    <p class='ocr_par' dir='ltr' id='par_1_116' title="bbox 1837 5025 3421 5105">
     <span class='ocr_line' id='line_1_117' title="bbox 1837 5025 3421 5105; baseline -0.005 -15"><span class='ocrx_word' id='word_1_885' title='bbox 1837 5035 2044 5105; x_wconf 69' lang='lat' dir='ltr'><strong>pirrata:</strong></span> <span class='ocrx_word' id='word_1_886' title='bbox 2068 5030 2305 5087; x_wconf 84' lang='lat' dir='ltr'><strong>ﬂuminis</strong></span> <span class='ocrx_word' id='word_1_887' title='bbox 2325 5070 2340 5094; x_wconf 92' lang='lat'><strong>,</strong></span> <span class='ocrx_word' id='word_1_888' title='bbox 2370 5042 2489 5099; x_wconf 66' lang='lat' dir='ltr'><strong>qua:</strong></span> <span class='ocrx_word' id='word_1_889' title='bbox 2516 5035 2600 5082; x_wconf 88' lang='lat' dir='ltr'><strong>est</strong></span> <span class='ocrx_word' id='word_1_890' title='bbox 2623 5026 2676 5081; x_wconf 93' lang='lat' dir='ltr'><strong>in</strong></span> <span class='ocrx_word' id='word_1_891' title='bbox 2706 5025 2984 5094; x_wconf 85' lang='lat' dir='ltr'><strong>paradiso;</strong></span> <span class='ocrx_word' id='word_1_892' title='bbox 3016 5040 3205 5080; x_wconf 85' lang='lat' dir='ltr'><strong>verum</strong></span> <span class='ocrx_word' id='word_1_893' title='bbox 3234 5025 3421 5095; x_wconf 83' lang='lat' dir='ltr'><strong>utique</strong></span> 
     </span>
    </p>
   </div>
   <div class='ocr_carea' id='block_1_117' title="bbox 1837 5116 3421 5188">
    <p class='ocr_par' dir='ltr' id='par_1_117' title="bbox 1837 5116 3421 5188">
     <span class='ocr_line' id='line_1_118' title="bbox 1837 5116 3421 5188; baseline -0.006 -7"><span class='ocrx_word' id='word_1_894' title='bbox 1837 5126 2059 5181; x_wconf 90' lang='lat' dir='ltr'><strong>diceret.</strong></span> <span class='ocrx_word' id='word_1_895' title='bbox 2085 5121 2189 5179; x_wconf 84' lang='lat' dir='ltr'><strong>Sed</strong></span> <span class='ocrx_word' id='word_1_896' title='bbox 2216 5121 2262 5176; x_wconf 92' lang='lat' dir='ltr'><strong>si</strong></span> <span class='ocrx_word' id='word_1_897' title='bbox 2291 5120 2728 5188; x_wconf 79' lang='lat' dir='ltr'><strong>interrogaretur,</strong></span> <span class='ocrx_word' id='word_1_898' title='bbox 2757 5128 2931 5173; x_wconf 90' lang='lat' dir='ltr'><strong>utrum</strong></span> <span class='ocrx_word' id='word_1_899' title='bbox 2956 5117 3009 5172; x_wconf 93' lang='lat' dir='ltr'><strong>in</strong></span> <span class='ocrx_word' id='word_1_900' title='bbox 3031 5117 3147 5173; x_wconf 90' lang='lat' dir='ltr'><strong>solo</strong></span> <span class='ocrx_word' id='word_1_901' title='bbox 3171 5116 3421 5187; x_wconf 87' lang='lat' dir='ltr'><strong>paradiso</strong></span> 
     </span>
    </p>
   </div>
   <div class='ocr_carea' id='block_1_118' title="bbox 1837 5207 3417 5289">
    <p class='ocr_par' dir='ltr' id='par_1_118' title="bbox 1837 5207 3417 5289">
     <span class='ocr_line' id='line_1_119' title="bbox 1837 5207 3417 5289; baseline -0.005 -18"><span class='ocrx_word' id='word_1_902' title='bbox 1837 5223 1981 5271; x_wconf 89' lang='lat' dir='ltr'><strong>esset</strong></span> <span class='ocrx_word' id='word_1_903' title='bbox 2007 5214 2300 5289; x_wconf 85' lang='lat' dir='ltr'><strong>istaaqua-,</strong></span> <span class='ocrx_word' id='word_1_904' title='bbox 2345 5217 2401 5265; x_wconf 91' lang='lat' dir='ltr'><strong>et</strong></span> <span class='ocrx_word' id='word_1_905' title='bbox 2442 5208 2511 5263; x_wconf 91' lang='lat' dir='ltr'><strong>ita</strong></span> <span class='ocrx_word' id='word_1_906' title='bbox 2540 5222 2661 5264; x_wconf 87' lang='lat' dir='ltr'><strong>esse</strong></span> <span class='ocrx_word' id='word_1_907' title='bbox 2699 5208 2934 5275; x_wconf 88' lang='lat' dir='ltr'><strong>diceret,</strong></span> <span class='ocrx_word' id='word_1_908' title='bbox 2977 5207 3167 5263; x_wconf 75' lang='lat' dir='ltr'><strong>falsum</strong></span> <span class='ocrx_word' id='word_1_909' title='bbox 3196 5207 3417 5264; x_wconf 87' lang='lat' dir='ltr'><strong>diceret.</strong></span> 
     </span>
    </p>
   </div>
   <div class='ocr_carea' id='block_1_119' title="bbox 1904 5317 3414 5378">
    <p class='ocr_par' dir='ltr' id='par_1_119' title="bbox 1904 5317 3414 5378">
     <span class='ocr_line' id='line_1_120' title="bbox 1904 5317 3414 5378; baseline -0.003 -5"><span class='ocrx_word' id='word_1_910' title='bbox 1904 5328 1920 5359; x_wconf 74' lang='grc' dir='ltr'>ι</span> <span class='ocrx_word' id='word_1_911' title='bbox 1954 5332 2056 5373; x_wconf 74' lang='lat' dir='ltr'><strong>Am.</strong></span> <span class='ocrx_word' id='word_1_912' title='bbox 2095 5329 2171 5371; x_wconf 83' lang='lat' dir='ltr'><strong>Er.</strong></span> <span class='ocrx_word' id='word_1_913' title='bbox 2195 5326 2248 5371; x_wconf 91' lang='lat' dir='ltr'><strong>et</strong></span> <span class='ocrx_word' id='word_1_914' title='bbox 2267 5320 2417 5371; x_wconf 88' lang='lat' dir='ltr'><strong>nostri</strong></span> <span class='ocrx_word' id='word_1_915' title='bbox 2440 5331 2614 5369; x_wconf 86' lang='lat' dir='ltr'><strong>omnes</strong></span> <span class='ocrx_word' id='word_1_916' title='bbox 2644 5325 2781 5378; x_wconf 72' lang='lat' dir='ltr'><strong>Mss,</strong></span> <span class='ocrx_word' id='word_1_917' title='bbox 2824 5317 3078 5369; x_wconf 71' lang='lat' dir='ltr'><strong>Pollicitus.</strong></span> <span class='ocrx_word' id='word_1_918' title='bbox 3103 5324 3168 5367; x_wconf 78' lang='lat' dir='ltr'><strong>Ex</strong></span> <span class='ocrx_word' id='word_1_919' title='bbox 3193 5318 3270 5368; x_wconf 86' lang='lat' dir='ltr'><strong>his</strong></span> <span class='ocrx_word' id='word_1_920' title='bbox 3288 5330 3414 5368; x_wconf 55' lang='lat' dir='ltr'><strong>non.</strong></span> 
     </span>
    </p>
   </div>
   <div class='ocr_carea' id='block_1_120' title="bbox 1840 5378 3417 5460">
    <p class='ocr_par' dir='ltr' id='par_1_120' title="bbox 1840 5378 3417 5460">
     <span class='ocr_line' id='line_1_121' title="bbox 1840 5378 3417 5460; baseline -0.007 -23"><span class='ocrx_word' id='word_1_921' title='bbox 1840 5386 2181 5460; x_wconf 70' lang='lat' dir='ltr'><strong>nulli_hahent,</strong></span> <span class='ocrx_word' id='word_1_922' title='bbox 2198 5396 2231 5432; x_wconf 91' lang='lat' dir='ltr'><strong>a</strong></span> <span class='ocrx_word' id='word_1_923' title='bbox 2254 5379 2432 5443; x_wconf 76' lang='lat' dir='ltr'><strong>Mileu;</strong></span> <span class='ocrx_word' id='word_1_924' title='bbox 2456 5387 2509 5430; x_wconf 88' lang='lat' dir='ltr'><strong>et</strong></span> <span class='ocrx_word' id='word_1_925' title='bbox 2528 5380 2741 5445; x_wconf 86' lang='lat' dir='ltr'><strong>quidam,</strong></span> <span class='ocrx_word' id='word_1_926' title='bbox 2762 5393 2792 5429; x_wconf 92' lang='lat' dir='ltr'><strong>a</strong></span> <span class='ocrx_word' id='word_1_927' title='bbox 2810 5378 2975 5431; x_wconf 78' lang='lat' dir='ltr'><strong>uileii.</strong></span> <span class='ocrx_word' id='word_1_928' title='bbox 2997 5388 3099 5429; x_wconf 79' lang='lat' dir='ltr'><strong>Am.</strong></span> <span class='ocrx_word' id='word_1_929' title='bbox 3116 5392 3235 5429; x_wconf 86' lang='lat' dir='ltr'><strong>vero</strong></span> <span class='ocrx_word' id='word_1_930' title='bbox 3252 5386 3307 5429; x_wconf 89' lang='lat' dir='ltr'><strong>et</strong></span> <span class='ocrx_word' id='word_1_931' title='bbox 3319 5385 3417 5438; x_wconf 74' lang='grc' dir='ltr'><strong>ετ..</strong></span> 
     </span>
    </p>
   </div>
   <div class='ocr_carea' id='block_1_121' title="bbox 1840 5448 3416 5569">
    <p class='ocr_par' dir='ltr' id='par_1_121' title="bbox 1840 5448 3416 5569">
     <span class='ocr_line' id='line_1_122' title="bbox 1840 5448 3416 5569; baseline -0.006 -9"><span class='ocrx_word' id='word_1_932' title='bbox 1840 5461 1873 5497; x_wconf 71' lang='lat' dir='ltr'><strong><em>a</em></strong></span> <span class='ocrx_word' id='word_1_933' title='bbox 1894 5448 2087 5559; x_wconf 46' lang='grc' dir='ltr'><strong>ἔὲίιηίη</strong></span> <span class='ocrx_word' id='word_1_934' title='bbox 2109 5505 2319 5569; x_wconf 76' lang='lat' dir='ltr'><strong>antiquis</strong></span> <span class='ocrx_word' id='word_1_935' title='bbox 2474 5508 2526 5569; x_wconf 77' lang='lat' dir='ltr'><strong>et</strong></span> <span class='ocrx_word' id='word_1_936' title='bbox 2546 5503 2670 5569; x_wconf 88' lang='lat' dir='ltr'><strong>apud</strong></span> <span class='ocrx_word' id='word_1_937' title='bbox 2687 5503 2985 5567; x_wconf 80' lang='lat' dir='ltr'><strong>Cyprianum.</strong></span> <span class='ocrx_word' id='word_1_938' title='bbox 3011 5508 3068 5551; x_wconf 76' lang='lat' dir='ltr'><strong>At</strong></span> <span class='ocrx_word' id='word_1_939' title='bbox 3087 5503 3138 5551; x_wconf 87' lang='lat' dir='ltr'><strong>in</strong></span> <span class='ocrx_word' id='word_1_940' title='bbox 3156 5499 3299 5551; x_wconf 85' lang='lat' dir='ltr'><strong>editis</strong></span> <span class='ocrx_word' id='word_1_941' title='bbox 3314 5509 3416 5551; x_wconf 75' lang='lat' dir='ltr'><strong>tim.</strong></span> 
     </span>
    </p>
   </div>
   <div class='ocr_carea' id='block_1_122' title="bbox 1846 5564 2535 5637">
    <p class='ocr_par' dir='ltr' id='par_1_122' title="bbox 1846 5564 2535 5637">
     <span class='ocr_line' id='line_1_123' title="bbox 1846 5564 2535 5637; baseline -0.009 -15"><span class='ocrx_word' id='word_1_942' title='bbox 1846 5576 2013 5637; x_wconf 64' lang='lat' dir='ltr'><strong>ett-1L,</strong></span> <span class='ocrx_word' id='word_1_943' title='bbox 2036 5568 2088 5618; x_wconf 87' lang='lat' dir='ltr'><strong>in</strong></span> <span class='ocrx_word' id='word_1_944' title='bbox 2109 5564 2322 5637; x_wconf 73' lang='lat' dir='ltr'><strong>Ecclésia</strong></span> <span class='ocrx_word' id='word_1_945' title='bbox 2342 5564 2535 5637; x_wconf 56' lang='lat' dir='ltr'><strong>Christi.</strong></span> 
     </span>
    </p>
   </div>
   <div class='ocr_carea' id='block_1_123' title="bbox 1848 5621 3420 5745">
    <p class='ocr_par' dir='ltr' id='par_1_123' title="bbox 1848 5621 3420 5745">
     <span class='ocr_line' id='line_1_124' title="bbox 1909 5621 3420 5690; baseline 0 -11"><span class='ocrx_word' id='word_1_946' title='bbox 1909 5633 1930 5664; x_wconf 80' lang='grc'>⁸</span> <span class='ocrx_word' id='word_1_947' title='bbox 1952 5621 2071 5687; x_wconf 81' lang='lat' dir='ltr'><strong>vox,</strong></span> <span class='ocrx_word' id='word_1_948' title='bbox 2090 5627 2193 5687; x_wconf 83' lang='lat' dir='ltr'><strong>Dei,</strong></span> <span class='ocrx_word' id='word_1_949' title='bbox 2218 5639 2328 5690; x_wconf 71' lang='lat' dir='ltr'><strong>quae</strong></span> <span class='ocrx_word' id='word_1_950' title='bbox 2350 5627 2412 5677; x_wconf 89' lang='lat' dir='ltr'><strong>ab</strong></span> <span class='ocrx_word' id='word_1_951' title='bbox 2433 5633 2506 5677; x_wconf 81' lang='lat' dir='ltr'><strong>Er.</strong></span> <span class='ocrx_word' id='word_1_952' title='bbox 2529 5634 2582 5679; x_wconf 89' lang='lat' dir='ltr'><strong>et</strong></span> <span class='ocrx_word' id='word_1_953' title='bbox 2602 5634 2711 5679; x_wconf 76' lang='grc' dir='ltr'><strong>ιον.</strong></span> <span class='ocrx_word' id='word_1_954' title='bbox 2739 5632 2979 5690; x_wconf 82' lang='lat' dir='ltr'><strong>expuncta</strong></span> <span class='ocrx_word' id='word_1_955' title='bbox 3000 5621 3177 5687; x_wconf 71' lang='lat' dir='ltr'><strong>hient,</strong></span> <span class='ocrx_word' id='word_1_956' title='bbox 3196 5626 3420 5679; x_wconf 70' lang='lat' dir='ltr'><strong>restitut-</strong></span> 
     </span>
     <span class='ocr_line' id='line_1_125' title="bbox 1848 5696 3183 5745; baseline -0.006 0"><span class='ocrx_word' id='word_1_957' title='bbox 1848 5701 1927 5745; x_wconf 85' lang='lat' dir='ltr'><strong>tur</strong></span> <span class='ocrx_word' id='word_1_958' title='bbox 1951 5704 2015 5742; x_wconf 85' lang='lat' dir='ltr'><strong>ex</strong></span> <span class='ocrx_word' id='word_1_959' title='bbox 2036 5698 2142 5742; x_wconf 71' lang='lat' dir='ltr'><strong>MSS.</strong></span> <span class='ocrx_word' id='word_1_960' title='bbox 2167 5696 2221 5740; x_wconf 84' lang='lat' dir='ltr'><strong>et</strong></span> <span class='ocrx_word' id='word_1_961' title='bbox 2255 5698 2352 5740; x_wconf 82' lang='lat' dir='ltr'><strong>tun.</strong></span> <span class='ocrx_word' id='word_1_962' title='bbox 3175 5730 3183 5737; x_wconf 95' lang='lat'><strong>.</strong></span> 
     </span>
    </p>
   </div>
  </div>
