3796 6174
444 265 542 321 2H

445 377 538 431 Est
561 377 702 432 enim
733 388 785 432 ct
814 387 1005 448 prmtcr
1048 376 1348 446 paradisum
1390 375 1441 429 in
1469 375 1550 428 his
1573 373 1761 440 terris,
1795 372 1846 426 lu
1888 385 2020 473 quas

446 467 515 522 ab
544 467 633 522 illo
664 467 807 522 fonte
837 477 1132 538 permanat.
1161 465 1267 521 Sed
1292 466 1411 536 quis
1439 473 1522 520 est
1551 475 1657 518 tam
1685 465 2016 525 temerarius,

444 557 531 623 qui
561 556 699 611 dicat
725 556 823 611 hoc
865 573 984 612 eum
1015 570 1390 626 reSpousurum
1441 554 1602 610 fuisse
1644 553 1782 624 quod
1830 552 2018 606 falsum

445 655 556 709 est,
591 663 708 702 cum
743 655 918 716 posset
943 649 1165 702 l'ortasse
1193 648 1292 702 hoc
1321 646 1647 717 respondere
1670 645 1808 716 quod
1837 659 2017 699 verum

441 737 566 792 est?
592 738 923 808 QuaprOpter
944 739 1104 794 verba
1148 739 1306 808 hujus
1347 740 1626 794 sententiae
1675 756 1778 793 non
1823 739 2020 794 debent

444 826 639 881 habere
666 830 1169 898 contradictionem,
1197 832 1320 902 quia
1350 830 1480 886 nihil
1510 831 1802 902 impediunt
1827 833 2018 888 verita-

445 927 570 970 tem.

503 1009 729 1067 CAPUT
778 1011 939 1067 XXII.
976 1043 1047 1056 —-
1079 1013 1165 1069 58.
1211 1014 1471 1070 Dativusa
1494 1013 1651 1069 Badis
1676 1014 1808 1070 dixit
1837 1034 1850 1072 :
1883 1014 2013 1079 Nos,

431 1112 673 1164 quantum
704 1103 755 1156 in
783 1103 921 1158 nobis
937 1114 1041 1168 est,
1065 1105 1297 1159 lueretico
1317 1122 1415 1159 non
1438 1106 1895 1173 communicamus,
1918 1107 2017 1160 nisi

429 1193 712 1262 baptizatus
731 1197 782 1249 in
805 1195 1032 1251 Ecclesia
1051 1199 1234 1267 fuerit,
1264 1207 1311 1252 et
1336 1198 1674 1252 remissionem
1701 1209 2016 1267 peccatorum

429 1287 692 1354 acceperit.

501 1397 590 1452 59.
632 1398 1008 1469 Respondetur
1035 1418 1048 1454 :
1079 1400 1134 1456 Si
1166 1411 1446 1472 prapterea
1475 1403 1554 1458 vis
1584 1419 1703 1458 eum
1723 1403 2008 1474 baptizari,

433 1489 557 1557 quia
589 1503 695 1542 nou
723 1491 1319 1561 accepitremissionem
1360 1501 1730 1562 peccatorum;
1778 1496 1820 1550 si
1868 1497 2013 1551 intus

426 1579 657 1650 aliquem
688 1581 952 1637 inveneris
979 1583 1067 1652 qui
1096 1591 1282 1639 tenens
1302 1583 1478 1638 odium
1509 1585 1764 1642 adversus
1791 1587 2006 1644 l‘ratrem

429 1671 509 1724 sic
543 1671 835 1740 baptizatus
860 1673 958 1739 sit,
991 1689 1110 1728 cum
1137 1674 1390 1730 Dominus
1431 1677 1640 1731 mentiri
1674 1692 1776 1733 non
1811 1679 2004 1748 possit,

427 1760 516 1829 qui
545 1762 636 1827 ait,
662 1761 723 1817 Si
743 1779 841 1816 non
877 1763 1194 1829 dimiseritis,
1227 1781 1326 1819 non
1347 1766 1482 1820 vobis
1502 1766 2003 1840 dimittetur(Matth.

426 1869 508 1919 vr,
559 1854 684 1924 15),
730 1854 941 1925 jubebis
988 1867 1286 1912 correctum
1341 1858 1514 1912 denuo
1552 1859 1850 1929 baptizari?
1888 1860 2004 1916 Non

424 1945 605 2015 utique
633 1963 646 1999 :
678 1948 755 2001 sic
783 1963 910 2019 ergo
944 1963 1042 2004 nec
1087 1949 1413 2005 hrereticum.
1441 1951 1578 2006 Sane
1622 1954 1650 2004 is
1669 1961 1718 2006 te
1764 1968 1860 2007 cur
1899 1970 2002 2009 non

421 2037 657 2092 breviter
696 2038 919 2106 dixerit,
966 2039 1078 2096 Nos
1125 2041 1357 2096 hwretico
1403 2060 1500 2095 non
1546 2049 2003 2112 communicamus;

423 2129 516 2184 sed
544 2130 774 2196 addidit,
798 2145 1039 2201 quantum
1062 2135 1112 2186 in
1137 2134 1276 2187 nobis
1299 2145 1369 2186 est
1394 2150 1411 2186 :
1434 2150 1538 2188 non
1568 2146 1650 2190 est
1675 2146 2001 2205 praetereun-

422 2218 569 2273 dum.
604 2220 742 2274 Vidit
788 2223 927 2276 enim
962 2223 1138 2291 plures
1168 2223 1289 2279 huic
1334 2226 1611 2280 sementim
1658 2229 1960 2285 consentire
1983 2271 1999 2296 ,

422 2325 450 2360 a
482 2324 704 2378 quorum
739 2319 910 2365 tamen
939 2314 1236 2377 consortio,
1285 2329 1353 2369 ne
1378 2315 1666 2370 violaretur
1703 2319 1911 2384 unitas,
1944 2334 2002 2376 se

423 2398 507 2452 isti
537 2413 786 2468 separare
808 2417 910 2455 non
936 2413 1167 2471 possent,
1198 2413 1250 2457 et
1275 2404 1496 2472 addidit,
1520 2416 1763 2477 quantum
1788 2409 1839 2464 in
1861 2409 2001 2464 nobis

422 2499 494 2542 est
551 2506 571 2542 :
616 2489 796 2560 utique
847 2490 1220 2547 demonstrans
1272 2509 1375 2548 non
1427 2495 1695 2552 voluntate
1745 2513 1803 2553 se
1853 2514 2000 2553 com-

418 2581 692 2638 municare
751 2581 832 2637 his
890 2599 1025 2654 quos
1086 2585 1443 2642 arbitrabatur
1501 2588 1826 2658 Baptismum
1894 2607 1997 2646 non

418 2670 650 2737 habere,
679 2673 772 2728 sed
801 2683 973 2728 tamen
999 2677 1177 2731 omnia
1207 2676 1345 2732 bouo
1376 2679 1519 2748 pacis
1548 2689 1602 2734 ct
1641 2682 1854 2736 unitatis
1880 2698 2000 2740 esse

416 2762 686 2818 toleranda
708 2780 722 2828 ;
742 2764 952 2834 quodet
976 2767 1044 2820 illi
1065 2766 1344 2834 faciebant,
1373 2771 1459 2839 qui
1491 2771 1619 2825 istos
1638 2787 1740 2826 non
1759 2783 1903 2830 recte
1925 2776 2001 2830 fa-

413 2869 536 2909 cere
562 2855 860 2911 sentiebant
886 2900 899 2925 ,
928 2871 981 2912 et
1010 2859 1137 2914 illud
1169 2861 1414 2916 tenebant
1441 2863 1580 2932 quod
1603 2875 1782 2933 postea
1811 2866 1999 2921 melius

416 2944 681 3001 declarata
733 2948 929 3002 veritas
971 2949 1179 3016 docuit,
1228 2961 1283 3006 et
1345 2953 1610 3022 antiquior
1669 2957 2000 3013 consuetudo

413 3036 638 3090 concilio
665 3039 956 3105 posteriore
988 3041 1193 3094 lirmata
1222 3041 1488 3096 robustius
1525 3045 1784 3112 persuasit
1813 3063 1825 3098 :
1858 3048 1997 3101 iuvi-

412 3139 529 3177 eem
557 3140 615 3179 se
645 3135 817 3181 tamen
839 3169 854 3190 ,
883 3143 1006 3183 cum
1028 3130 1170 3184 salva
1191 3131 1448 3185 charitate
1470 3132 1676 3188 diversa
1705 3137 1992 3200 sentirent.

415 3213 639 3268 Sollicita
672 3216 864 3283 pietate
893 3218 1250 3273 toleraverunt
1275 3261 1289 3283 ,
1334 3221 1606 3278 studentes
1631 3240 1844 3281 scrvare
1872 3228 1994 3282 uui-

414 3313 576 3358 latem
604 3307 820 3374 spiritus
849 3309 899 3362 in
931 3309 1144 3365 vinculo
1169 3311 1312 3380 pacis
1339 3310 1550 3384 (Ep/tes.
1580 3331 1629 3368 IV
1649 3358 1661 3380 ,
1691 3314 1725 3368 2
1746 3358 1760 3382 ,
1793 3316 1880 3387 5),
1910 3318 1999 3372 do-

415 3411 515 3450 nec
542 3397 722 3452 alteris
748 3413 928 3453 eorum
951 3442 964 3461 ,
990 3401 1031 3454 si
1063 3401 1186 3471 quid
1209 3402 1364 3457 aliter
1392 3415 1670 3473 saperent,
1703 3407 1752 3461 id
1785 3423 1996 3478 quoque

413 3485 515 3540 illis
543 3486 682 3541 Deus
708 3489 965 3544 revelaret
987 3490 1240 3563 (Philipp.
1272 3509 1347 3557 ιιι,
1374 3495 1483 3566 15).
1511 3494 1554 3548 II
1578 3512 1621 3550 vc
1644 3497 1729 3550 isti
1755 3500 1990 3566 audiant,

414 3593 444 3630 a
490 3579 678 3648 quibus
706 3595 802 3650 per
828 3582 929 3636 hoc
957 3585 1236 3639 concilium
1270 3589 1444 3640 unitas
1485 3599 1818 3657 Oppugnatur
1840 3632 1854 3656 ,
1899 3607 1995 3660 per

412 3670 554 3737 quod
602 3673 882 3726 concilium
927 3684 1178 3743 quantum
1223 3677 1448 3731 amanda
1490 3679 1557 3734 sit
1598 3681 1772 3735 unitas
1811 3681 1991 3738 decla-

411 3769 578 3816 ratur.

483 3851 706 3908 CAPUT
737 3854 926 3910 XXIII.
950 3887 1021 3897 ——
1051 3859 1136 3914 40.
1171 3859 1458 3916 Successus
1486 3862 1553 3916 ah
1581 3864 1744 3920 Abbir
1772 3865 1992 3922 Germa-

412 3941 622 3996 niciana
654 3945 668 3975 ¹
697 3945 834 4000 dixit
867 3966 879 4001 :
909 3947 1173 4005 Ilwi'eticis
1193 3962 1281 4004 aut
1306 3954 1432 4008 nihil
1458 3956 1589 4019 licet,
1622 3968 1710 4011 aut
1736 3968 1891 4013 totum
1923 3962 1990 4015 li-

409 4042 502 4086 cet.
538 4032 598 4088 Si
625 4047 830 4103 possunt
855 4038 1110 4106 baptizare
1128 4083 1142 4108 ,
1186 4056 1392 4111 possunt
1416 4055 1461 4099 et
1489 4047 1736 4117 Spiritum
1765 4062 1990 4107 sanctum

411 4121 536 4177 dare
557 4139 577 4177 :
599 4125 643 4178 si
679 4137 842 4181 autem
875 4129 1121 4200 Spiritum
1160 4145 1388 4188 structum
1433 4137 1556 4191 dare
1584 4155 1684 4194 non
1743 4153 1984 4210 possunt,

412 4212 533 4280 quia
570 4230 672 4268 non
703 4215 882 4271 habent
911 4219 1160 4289 Spiritum
1188 4235 1419 4279 sanctum
1439 4269 1453 4293 ,
1486 4245 1576 4282 nec
1601 4229 1856 4300 baptizare
1883 4236 1989 4306 spi-

403 4305 657 4360 ritualiter
679 4321 908 4378 possunt.
943 4309 1219 4384 Pr0pterea
1247 4331 1502 4371 censemus
1530 4320 1786 4377 haereticos
1819 4305 1986 4395 bapti-

403 4398 513 4450 zari
537 4400 578 4452 ⁸.

475 4489 565 4544 Η.
585 4491 717 4547 Iluic
740 4507 905 4564 prope
936 4497 1152 4552 totidem
1167 4499 1339 4555 verbis
1355 4501 1424 4556 ita
1449 4504 1754 4573 responderi
1777 4517 1982 4576 potest:

404 4579 693 4637 IIomicidis
713 4592 805 4638 aut
833 4585 960 4639 nihil
998 4587 1156 4653 licet,
1185 4598 1275 4643 aut
1303 4600 1467 4646 totum
1499 4594 1636 4649 licet.
1683 4595 1737 4651 Si
1768 4609 1987 4667 possunt

403 4670 671 4740 baptizare
691 4715 706 4740 ,
735 4685 959 4744 possunt
984 4685 1036 4730 et
1072 4677 1321 4746 Spiritum
1352 4693 1591 4737 sanctum
1623 4685 1750 4742 dare
1781 4690 1860 4743 :si
1892 4706 1986 4744 au-

341 4753 362 4762 ”
405 4770 513 4814 tem
543 4761 792 4830 Spiritum
837 4776 1096 4820 sanctum'
1124 4768 1250 4823 dare
1292 4785 1394 4825 non
1437 4785 1684 4843 possunt,
1728 4779 1846 4847 quia
1879 4795 1982 4835 non

402 4851 604 4907 habent
628 4853 880 4922 Spiritum
921 4869 1160 4914 sanctum
1179 4902 1192 4926 ,
1225 4876 1322 4916 nec
1349 4863 1615 4933 baptizare
1640 4870 1984 4936 spiritualiter

401 4952 644 5012 possunt.
693 4945 975 5016 Propterea
1015 4965 1294 5008 censemus
1337 4954 1404 5008 ab
1445 4956 1720 5013 homicidis
1751 4962 1981 5031 baptiza-

401 5039 506 5097 tos,
530 5033 612 5087 vel
640 5032 928 5090 homicidas
955 5037 1243 5108 baptizatos
1269 5055 1425 5114 atque
1450 5046 1500 5099 in
1525 5048 1714 5104 melius
1736 5066 1838 5105 non
1868 5069 1982 5107 mu-

402 5131 539 5179 tatos
562 5166 574 5187 ,
601 5139 720 5180 cum
746 5141 804 5182 se
827 5133 1154 5187 correxerint
1172 5178 1184 5197 ,
1218 5135 1491 5206 baptizari.
1532 5139 1600 5194 At
1631 5139 1732 5195 hoc
1769 5157 1873 5197 nou
1899 5152 1983 5200 est

401 5231 604 5270 verum.
642 5217 741 5281 Qui
783 5221 924 5274 enim
951 5223 1054 5276 adit
1098 5225 1305 5292 fratrem
1341 5247 1487 5283 suum
1528 5231 1781 5287 homicida
1821 5246 1890 5290 est
1922 5237 1978 5307 (Ι

400 5303 555 5359 Joan.
585 5322 636 5360 ut
663 5349 676 5374 ,
713 5310 818 5379 15).
859 5313 919 5366 Iit
951 5314 1082 5369 tales
1111 5328 1330 5374 noverat
1359 5321 1499 5376 intus
1526 5319 1848 5394 Cyprianus,
1890 5303 1979 5397 qui

464 5505 478 5569 ξ
510 5510 606 5551 Am.
622 5510 676 5569 et
700 5510 796 5564 ἢν..
820 5519 850 5554 a
880 5506 1350 5569 Iirqermtmiriana:
1375 5516 1625 5568 mendose.

461 5565 481 5592 ²
505 5565 650 5636 Lugd.
669 5574 815 5643 Item:
846 5565 1101 5643 propterea
1123 5584 1365 5643 censemus
1397 5565 1645 5643 hwretirm
1669 5581 1980 5643 baptizandus

395 5635 513 5671 esse.
538 5627 610 5673 sic
635 5628 779 5674 etiam
803 5634 894 5685 t-Zr.,
920 5631 998 5689 qui
1032 5637 1191 5678 tamen
1227 5633 1339 5695 fert,
1371 5627 1656 5701 censuimus,
1670 5627 1976 5705 ',1¥6,"EE{¢EEI

396 5695 517 5731 mus.
586 5692 639 5731 \t.

1201 264 1287 319 DE
1329 261 1664 319 BAPTISMO
1703 257 1969 316 caurus
2015 255 2456 330 DONATISTAS,
2497 264 2556 323 s.
2600 266 2967 326 AUGUSTI-Nl

3618 278 3728 334 212

2131 370 2309 441 utique
2342 373 2696 445 baptizabant.
2724 380 2942 438 Frustra
2969 399 3096 455 ergo
3132 387 3253 442 talia
3279 387 3346 444 de
3383 389 3725 461 baptizandis

2128 458 2390 518 haereticis
2412 465 2549 522 dicta
2579 479 2724 528 sunt.

2197 551 2422 610 CAPUT
2462 557 2647 612 XXIV.
2696 591 2766 601 --
2809 563 2896 617 4‘2.
2941 563 3260 624 Fortunatus
3294 586 3324 625 a
3377 573 3718 633 Thuccabori

2126 643 2258 699 dixit
2287 665 2300 700 :
2328 646 2480 703 Jesus
2503 651 2731 707 Christus
2752 653 3002 712 Dominus
3021 660 3230 717 etaDeus
3257 676 3445 732 noster,
3476 667 3573 723 Dei
3599 670 3716 724 Pa-

2124 735 2214 788 tris
2243 743 2288 789 et
2307 741 2544 794 creatoris
2571 741 2736 798 Filius
2755 787 2770 810 ,
2792 763 2942 816 super
2971 760 3162 820 petram
3194 755 3209 784 ¹
3232 755 3504 823 aediﬁcavit
3534 759 3716 814 Eccle-

2123 823 2286 891 siam,
2327 843 2427 880 non
2469 844 2620 900 super
2648 831 2878 888 heresim
2925 853 2944 890 :
2991 849 3036 892 et
3081 851 3376 910 potestatem
3413 846 3712 916 baptizandi

2123 916 2370 988 episcopis
2390 921 2560 988 dedit,
2591 940 2691 978 non
2721 926 2986 984 haereticis.
3013 930 3182 995 Quare
3207 937 3294 1005 qui
3322 938 3343 967 ³
3366 948 3509 993 extra
3531 940 3710 996 Eccle-

2120 1007 2248 1061 siam
2270 1020 2386 1064 sunt
2404 1052 2420 1078 ,
2451 1021 2498 1065 et
2522 1023 2698 1068 contra
2724 1016 2975 1072 Christum
3001 1033 3188 1079 stantes
3205 1067 3219 1090 ,
3253 1043 3368 1082 oves
3390 1031 3501 1100 ejus
3525 1043 3571 1086 et
3594 1051 3709 1105 gre-

2118 1114 2230 1169 gem
2249 1112 2530 1172 spargunt,
2555 1104 2810 1176 baptizare
2838 1112 2964 1180 foris
2991 1130 3090 1167 non
3121 1129 3349 1183 possunt.

2189 1193 2277 1247 45.
2302 1193 2382 1248 Ad
2410 1195 2512 1252 hoc
2531 1198 2766 1266 addidit,
2813 1205 2938 1273 [oris
2957 1246 2971 1268 ,
3015 1216 3068 1260 ut
3098 1208 3146 1262 ei
3169 1209 3278 1276 jam
3309 1210 3541 1269 breviter
3565 1215 3586 1248 ³
3617 1233 3705 1271 re-

2119 1283 2368 1351 sponderi
2419 1301 2523 1342 uon
2574 1291 2757 1358 possit.
2817 1293 2949 1348 Nam
3000 1306 3053 1351 et
3117 1297 3238 1354 huic
3287 1303 3507 1359 totidem
3567 1323 3705 1376 pene

2119 1373 2290 1429 verbis
2338 1376 2406 1431 ita
2449 1381 2867 1449 reSponderetur
2902 1403 2915 1439 :
2963 1387 3118 1443 Jesus
3159 1391 3406 1448 Christus
3447 1396 3702 1453 Dominus

2116 1477 2169 1523 et
2199 1469 2336 1525 Deus
2363 1483 2545 1529 noster
2564 1516 2578 1538 ,
2610 1476 2703 1532 Dei
2745 1477 2917 1534 Patris
2944 1491 2994 1536 et
3022 1487 3280 1540 creatoris
3306 1486 3472 1543 Filius
3491 1530 3506 1556 ,
3541 1506 3700 1562 super

2115 1570 2317 1630 petram
2366 1565 2646 1623 aedificavit
2700 1570 3026 1640 Ecclesiam,
3088 1593 3193 1632 non
3240 1595 3403 1648 super
3449 1583 3696 1654 iniquita-

2113 1663 2219 1709 tem
2265 1674 2278 1710 :
2328 1668 2380 1713 et
2409 1670 2720 1729 potestatem
2751 1665 3052 1735 baptizandi
3082 1671 3345 1742 episcopis
3374 1673 3558 1744 dedit,
3590 1693 3697 1733 non

2113 1744 2324 1816 iniquis.
2369 1750 2544 1815 Quare
2573 1754 2662 1822 qui
2706 1771 2810 1810 non
2853 1760 3121 1825 pertinent
3157 1762 3223 1816 ad
3268 1775 3508 1833 petram,
3538 1782 3702 1838 super

2109 1852 2267 1907 quam
2302 1840 2564 1897 :ediﬁcant
2587 1844 2675 1914 qui
2706 1847 2864 1902 verba
2894 1850 2986 1905 Dei
3017 1851 3234 1908 audiunt
3263 1865 3316 1910 et
3345 1857 3538 1914 faciunt
3557 1902 3572 1926 ,
3601 1861 3696 1916 sed

2108 1939 2292 1986 contra
2321 1931 2590 1990 Christum
2618 1939 2855 1994 viventes
2883 1941 3150 1999 audiendo
3177 1947 3334 2000 verba
3362 1949 3477 2019 ejus
3506 1961 3558 2006 et
3588 1967 3692 2008 non

2109 2017 2348 2075 faciendo
2369 2065 2383 2090 ,
2428 2038 2490 2077 ac
2514 2041 2609 2095 per
2636 2026 2737 2082 hoc
2763 2043 2922 2099 super
2949 2047 3166 2087 arenam
3194 2017 3504 2092 aediﬁcando
3521 2079 3537 2106 ,
3566 2055 3694 2096 oves

2107 2110 2223 2179 ejus
2260 2121 2314 2167 et
2346 2129 2557 2185 gregem
2600 2119 2926 2187 perditorum
2957 2140 3162 2179 tuorum
3192 2129 3437 2198 exemplo
3456 2146 3692 2187 corrum-

2106 2210 2237 2268 punt
2257 2243 2270 2265 ,
2300 2201 2566 2272 baptizare
2587 2223 2690 2262 nou
2716 2221 2952 2278 possunt.
2978 2212 3239 2285 Numquid
3262 2233 3366 2272 non
3391 2231 3571 2289 posset
3591 2223 3691 2279 hoc

2106 2291 2463 2348 verisimiliter
2510 2295 2656 2351 dici?
2706 2309 2758 2352 et
2806 2309 2981 2356 tamen
3029 2303 3221 2360 falsum
3267 2317 3367 2362 est.
3417 2310 3689 2382 Baptizant

2106 2381 2302 2450 quippe
2329 2383 2492 2454 iniqui
2518 2403 2531 2448 ;
2561 2389 2810 2457 quoniam
2838 2390 2999 2461 iniqui
3027 2405 3148 2449 sunt
3174 2396 3246 2451 illi
3274 2381 3529 2468 raptores,
3553 2419 3690 2474 quos

2105 2470 2157 2523 in
2204 2473 2402 2528 unitate
2443 2493 2622 2531 secum
2654 2479 2856 2548 positos
2893 2480 3185 2554 Cyprianus
3212 2491 3467 2558 arguebat
3492 2470 3683 2563 (serui.

2106 2561 2168 2615 de
2186 2561 2412 2632 Lapsis).
2442 2565 2545 2621 Sed
2571 2568 2726 2636 idco,
2755 2571 2925 2641 inquit
2953 2574 3008 2642 δ,
3039 2576 3239 2632 addidit
3267 2581 3411 2651 foris.
3435 2561 3540 2638 cur
3559 2600 3684 2654 ergo

2105 2652 2187 2707 isti
2220 2655 2346 2710 loris
2369 2659 2634 2728 baptizare
2663 2678 2765 2717 non
2791 2669 3057 2733 possunt?
3083 2669 3164 2724 An
3191 2672 3311 2740 quia
3339 2673 3542 2743 pejores
3564 2652 3683 2732 sunt

2103 2760 2167 2799 eo
2190 2747 2303 2817 ipso
2329 2767 2432 2818 quo
2462 2751 2590 2808 foris
2615 2764 2736 2808 sunt
2755 2757 2778 2810 ?
2797 2757 2900 2813 Sed
2932 2760 3057 2814 nihil
3090 2763 3396 2820 interestad
3420 2767 3657 2838 integrita

2101 2845 2209 2893 tem
2252 2840 2504 2911 Baptisrni
2530 2887 2544 2911 ,
2594 2849 2805 2915 quando
2838 2851 2986 2920 pejor
3028 2854 3080 2908 id
3122 2857 3308 2911 tradat.
3338 2858 3519 2930 Neque
3543 2863 3679 2918 enim

2103 2937 2306 2984 tantum
2332 2933 2547 2988 interest
2571 2936 2710 2992 inter
2737 2942 2930 2995 malum
2955 2952 3006 2997 et
3029 2945 3264 3014 pejorem
3283 2990 3298 3014 ,
3331 2960 3583 3018 quantum
3605 2952 3680 3007 in-

2103 3026 2266 3074 terest
2296 3022 2434 3076 inter
2459 3023 2651 3081 bonum
2682 3039 2736 3084 et
2762 3032 2954 3087 malum
2985 3051 2999 3087 :
3027 3043 3078 3088 et
3105 3045 3281 3092 tamen
3309 3054 3430 3094 cum
3457 3041 3678 3113 baptizat

2101 3112 2298 3178 malus,
2324 3131 2429 3170 non
2452 3116 2591 3172 aliud
2622 3119 2712 3174 dat
2734 3137 2889 3190 quam
2914 3124 3102 3180 bonus.
3134 3126 3276 3200 Ergo
3301 3138 3494 3188 etcum
3515 3112 3676 3204 bapti-

2101 3212 2185 3259 zat
2230 3206 2380 3276 pejor
2401 3250 2416 3272 ,
2447 3225 2550 3264 non
2576 3210 2714 3265 aliud
2742 3212 2830 3268 dat
2855 3231 3009 3286 quam
3037 3218 3122 3274 ille
3150 3221 3236 3289 qui
3264 3223 3438 3279 minus
3463 3234 3544 3280 est
3565 3221 3673 3280 ma-

2099 3296 2201 3351 lus.
2231 3298 2312 3352 An
2342 3299 2476 3354 forte
2505 3315 2610 3355 non
2636 3303 2701 3357 ad
2732 3303 2961 3362 hominis
2986 3311 3230 3365 meritum
3257 3355 3272 3379 ,
3304 3314 3397 3370 sed
3423 3315 3488 3369 ad
3520 3317 3672 3387 ipsius

2099 3387 2352 3457 Baptismi
2381 3403 2769 3448 sacramentum
2799 3399 3025 3464 pertinet
3051 3411 3105 3454 ut
3133 3401 3259 3457 foris
3285 3402 3398 3458 dari
3428 3420 3531 3460 non
3552 3421 3671 3475 pos-

2098 3481 2168 3535 sit
2189 3483 2212 3534 ?
2237 3482 2291 3537 Si
2319 3481 2420 3540 hoc
2442 3486 2510 3539 ita
2535 3496 2712 3553 esset,
2748 3504 2845 3544 nec
2877 3490 3055 3548 haberi
3083 3495 3208 3550 foris
3234 3509 3429 3566 posset,
3452 3509 3506 3554 et
3527 3502 3672 3556 toties

2098 3586 2318 3628 necesse
2355 3583 2497 3629 esset
2529 3576 2817 3646 baptizari,
2851 3585 3056 3649 quoties
3083 3585 3339 3643 recedens
3362 3589 3583 3660 quisque
3606 3591 3669 3646 ab

2099 3662 2332 3721 Ecclesia
2362 3683 2547 3722 rursus
2572 3669 2636 3724 ad
2660 3669 2951 3728 Ecclesiam
2977 3689 3286 3734 remeasset.

2170 3755 2257 3809 44.
2287 3756 2533 3814 Jamvero
2555 3761 2601 3815 si
2629 3761 2932 3831 diligentius
2959 3781 3261 3835 qumramus
3288 3773 3411 3844 quid
3433 3776 3498 3830 sit
3519 3777 3662 3846 foris,

2096 3846 2324 3901 maxime
2361 3849 2482 3918 quia
2522 3851 2633 3920 ipse
2661 3859 3218 3916 commemorationem
3245 3861 3369 3919 fecit
3395 3876 3556 3935 petrae
3580 3881 3664 3922 su-

2097 3951 2192 4005 per
2213 3953 2369 4006 quam
2397 3939 2418 3970 ⁸
2438 3941 2726 3998 ardilicatur
2755 3944 2989 4003 Ecclesia
3024 3967 3037 4003 :
3062 3937 3240 4008 nonne
3267 3955 3339 4008 illi
3360 3958 3547 4012 suntin
3568 3957 3662 4012 Ec-

2095 4027 2255 4081 clesia
2281 4070 2295 4095 ,
2345 4031 2431 4099 qui
2476 4040 2600 4086 sunt
2643 4035 2693 4089 in
2740 4047 2888 4107 petra
2919 4056 2933 4105 ;
2965 4043 3054 4111 qui
3091 4053 3268 4098 autem
3311 4047 3361 4100 in
3393 4058 3537 4118 petra
3567 4066 3658 4103 non

2094 4127 2240 4184 sunt,
2274 4135 2372 4174 nec
2404 4124 2453 4174 in
2478 4122 2713 4180 Ecclesia
2731 4129 2893 4182 sunt?
2916 4129 3032 4184 Jam
3055 4147 3183 4202 ergo
3201 4135 3475 4192 videamus
3501 4148 3658 4191 utrum

2093 4222 2253 4278 super
2301 4219 2501 4278 petram
2545 4214 2826 4272 mdiﬁcium
2867 4235 3019 4274 suum
3057 4224 3416 4294 constituant,
3450 4229 3535 4299 qui
3570 4243 3660 4283 au-

2093 4299 2242 4354 diunt
2287 4301 2486 4356 Christi
2527 4305 2722 4374 verba,
2763 4317 2816 4363 et
2857 4325 2962 4365 non
3006 4311 3221 4368 faciunt.
3248 4314 3564 4373 Contradicit
3589 4318 3658 4374 eis

2091 4392 2204 4460 ipse
2227 4392 2478 4449 Dominus
2495 4438 2508 4460 ,
2534 4395 2717 4453 dicens
2743 4417 2756 4453 :
2793 4401 2893 4468 Qui
2919 4404 3058 4457 audit
3083 4405 3228 4459 verba
3256 4424 3367 4462 mea
3387 4410 3492 4464 haec
3516 4419 3559 4465 et
3581 4413 3657 4482 fa-

2091 4486 2156 4537 cit
2183 4501 2244 4539 ea
2262 4529 2276 4553 ,
2303 4488 2532 4544 similabo
2561 4492 2702 4546 illum
2731 4496 2837 4548 viro
2861 4498 3095 4566 prudenti
3119 4502 3204 4570 qui
3229 4503 3448 4572 aediﬁcat
3473 4505 3656 4558 domum

2089 4593 2231 4631 suam
2284 4597 2435 4650 super
2481 4591 2671 4653 petram
2700 4601 2719 4650 ;
2767 4595 2819 4641 et
2851 4589 3009 4656 paulo
3049 4600 3202 4660 post,
3234 4593 3338 4660 Qui
3361 4595 3499 4648 audit
3524 4594 3657 4648 verba

2089 4686 2199 4724 mea
2245 4673 2350 4726 htec
2394 4683 2438 4726 et
2481 4691 2581 4729 non
2608 4678 2728 4748 facit
2756 4695 2814 4731 ea
2832 4721 2846 4745 ,
2877 4681 3107 4736 similabo
3137 4701 3247 4738 eum
3274 4687 3380 4740 viro
3409 4689 3554 4741 stulto
3579 4686 3656 4756 qui

2087 4761 2305 4830 a'diﬁcat
2347 4763 2552 4819 donmm
2592 4784 2735 4821 suam
2767 4786 2919 4841 super
2942 4789 3148 4827 arenam
3179 4775 3394 4845 (Matth.
3425 4794 3493 4834 vn
3516 4820 3530 4845 ,
3557 4777 3649 4841 24,

2087 4851 2201 4924 ‘36).
2240 4853 2296 4909 Si
2324 4870 2451 4926 ergo
2480 4857 2530 4911 in
2559 4867 2703 4927 petra
2735 4869 2816 4914 est
2849 4863 3080 4918 Ecclesia
3104 4907 3120 4932 ,
3152 4865 3225 4920 illi
3253 4869 3342 4938 qui
3369 4886 3522 4940 super
3545 4884 3650 4923 are-

2088 4961 2208 4999 nam
2252 4956 2412 5014 sunt,
2461 4951 2582 5019 quia
2616 4960 2764 5006 extra
2813 4964 3015 5021 petram
3058 4967 3214 5023 sunt,
3262 4961 3494 5028 profecto
3518 4969 3648 5015 extra

2089 5037 2382 5093 Ecclesiam
2437 5052 2579 5096 sunt.
2637 5043 2998 5100 Recordemur
3049 5047 3223 5118 itaque
3270 5066 3427 5120 quam
3474 5051 3648 5105 multos

2151 5217 2165 5281 ξ
2198 5223 2244 5281 In
2268 5223 2396 5281 Mss,
2421 5230 2564 5281 super
2589 5225 2787 5281 Petrum

2149 5278 2168 5306 ³
2192 5278 2264 5325 Sic
2286 5280 2332 5326 in
2357 5278 2756 5343 Mss.'plerisque
2799 5289 2850 5332 et
2873 5283 2998 5344 apud
3033 5291 3138 5335 ων.
3182 5294 3234 5336 et
3277 5290 3565 5352 Cyprianum.
3601 5293 3645 5336 Al

2149 5338 2209 5386 ud
2236 5346 2334 5386 Am.
2364 5347 2415 5388 et
2437 5347 2533 5396 Fr,
2557 5351 2710 5396 Quare
2727 5341 2752 5392 .9
2769 5344 2887 5396 Quia
2903 5353 3062 5396 extra.
3089 5354 3185 5396 etc.

2085 5338 2209 5399 apud
2236 5346 2334 5386 Am.
2364 5347 2415 5388 et
2437 5338 2533 5400 Eri,
2557 5338 2710 5401 (mare
2727 5341 2752 5392 .9
2769 5344 2887 5403 Quia
2902 5338 3062 5404 extra,
3089 5354 3185 5396 etc.
3311 5338 3357 5352 “

2120 5401 2170 5472 μ⁸
2206 5401 2513 5450 Corbeiensis
2557 5410 2607 5452 et
2650 5405 2949 5468 antiquiores
2993 5407 3186 5471 quidam
3233 5417 3334 5458 Mss.
3361 5447 3375 5471 ,
3421 5417 3515 5459 tam
3552 5409 3642 5458 bre-

2083 5467 2264 5596 mfrér:
2289 5531 2356 5596 let
2379 5531 2484 5574 Lov.
2505 5559 2519 5584 ,
2545 5525 2755 5588 inquam.
2784 5535 2837 5578 At
2861 5535 2958 5577 Am.
2984 5536 3036 5579 et
3054 5537 3182 5592 Mss,
3206 5529 3362 5596 inquit
3398 5529 3642 5588 :suhauli,

2377 5653 2481 5696 Mss.
2498 5685 2510 5707 ,
2541 5647 2670 5698 Petri
2691 5662 2834 5711 super
2855 5663 2996 5712 quem
3025 5665 3043 5701 :
3066 5654 3209 5716 male,
3237 5664 3292 5706 ut
3321 5669 3384 5707 ex
3407 5656 3641 5718 εοφιωιυο

2120 5721 2177 5756 us
2200 5716 2345 5757 natet.

2120 5721 2177 5756 us
2200 5721 2345 5769 patt't.
