3812 6168
102 251 222 308 Si!
1523 236 1726 295 LIBER
1762 236 2052 299 SEXTUS.

104 371 527 419 commemoret
560 357 853 433 Cyprianus
877 356 1024 413 velut
1048 354 1192 410 intus
1217 351 1418 424 positos
1444 350 1536 422 qui
1561 346 1728 405 ωαξη-

106 462 245 508 cant
293 466 471 524 super
515 464 731 506 arenam
754 490 770 516 ,
800 447 852 504 id
881 455 993 515 est,
1023 444 1246 501 audiunt
1270 443 1431 500 verba
1458 439 1653 499 Christi
1680 448 1735 495 ct

106 560 224 601 non
264 546 498 601 faciunt.
536 543 605 598 Et
642 542 763 597 ideo
805 539 924 611 quia
968 552 1128 607 super
1150 551 1367 593 arenam
1393 541 1551 600 sunt,
1583 540 1732 589 extra

107 646 339 707 petram
370 650 489 692 esse
517 634 906 690 convincuntur
923 671 938 697 ,
956 626 1098 701 quod
1125 633 1207 684 est
1226 635 1373 681 extra
1394 622 1689 679 Ecelesiam
1715 638 1727 675 :

109 739 308 785 tamen
351 737 410 784 et
436 726 688 799 quamdiu
717 726 789 779 ita
816 730 968 790 sunt,
999 729 1053 777 ct
1083 717 1318 776 nondum
1347 717 1433 772 vel
1463 728 1731 785 nunquam

109 822 166 876 in
200 821 416 875 melius
440 824 842 874 commutantur
861 854 877 881 ,
901 813 1171 882 baptizant
1196 819 1250 864 et
1277 807 1610 878 baptizantur
1634 821 1648 871 ;
1679 810 1734 858 ct

113 912 441 983 Baptismus
477 924 636 981 quem
663 907 890 975 habent,
922 905 1026 961 illis
1054 903 1121 958 ad
1146 900 1542 958 damnationem
1568 896 1732 953 desti-

1841 359 1895 406 ct
1919 353 2041 424 quia
2078 364 2224 411 certa
2251 357 2339 412 illa
2368 359 2672 430 evangelica
2702 362 2894 430 verba,
2939 363 3055 420 sine
3092 366 3287 437 quibus
3317 385 3459 425 nom

1839 451 2014 512 potest
2040 443 2343 516 Baptisnms
2382 451 2719 519 consecrari,
2753 460 2957 507 tantum
2988 455 3197 523 valent,
3228 465 3288 512 ut
3326 472 3420 528 per

1837 532 1923 587 illa
1949 534 2025 588 sic
2049 547 2373 592 evacuentur
2398 556 2743 612 qua-cumque
2769 542 2818 597 iu
2847 559 3004 613 prece
3032 545 3217 601 vitiosa
3237 558 3421 604 contra

1836 625 2073 695 regulam
2123 625 2246 682 ﬁdei
2288 628 2553 697 dicuntur,
2604 633 3050 702 quemadmodum
3095 635 3434 693 daemonium"

1835 711 2046 770 Christi
2074 717 2289 772 nomine
2327 720 2641 776 excluditur.
2670 721 2802 777 Nam
2847 725 3027 794 utique
3067 725 3350 785 hazreticus
3373 730 3421 785 si

1835 805 2029 862 afferat
2048 824 2261 880 precem
2294 812 2560 881 vitiosam,
2590 831 2687 870 nec
2703 816 2899 872 bonum
2923 818 3083 876 habet
3112 821 3423 880 ‘charitatis

112 1003 262 1059 natis
290 1002 505 1072 integer
529 1008 728 1057 manet.

185 1095 287 1150 45.
332 1093 522 1164 Neque
569 1091 673 1146 hoc
715 1090 832 1145 loco
873 1088 977 1144 dici
1022 1095 1196 1159 potest
1239 1082 1352 1158 (a):
1407 1083 1537 1152 Quis
1585 1080 1728 1137 cnim

114 1185 247 1240 facit
275 1184 468 1240 omnia
514 1183 675 1239 verba
722 1179 956 1246 Domini,
1002 1192 1122 1249 qua:
1171 1177 1223 1231 in
1269 1176 1385 1245 ipso
1423 1172 1729 1243 evangelico

117 1292 390 1334 sermone
420 1274 722 1346 conscripta
748 1280 892 1340 sunt,
919 1286 1075 1343 quem
1102 1267 1429 1325 concludens
1443 1263 1727 1334 ait,.:ediﬁ-

115 1385 246 1427 care
276 1385 452 1440 super
477 1377 680 1441 petram
705 1365 793 1438 qui
820 1363 1006 1421 eadem
1034 1362 1197 1418 verba
1222 1358 1469 1414 audirent
1504 1367 1560 1412 et
1585 1355 1726 1411 facc-

116 1472 284 1529 rent;
322 1477 493 1532 super
517 1474 731 1516 arenam
766 1467 940 1512 autem
966 1455 1056 1527 qui
1094 1453 1342 1510 audirent
1365 1462 1419 1507 et
1452 1466 1557 1507 non
1583 1449 1728 1506 face-

116 1555 281 1611 rent?
325 1554 466 1623 Quia
495 1553 611 1610 etsi
643 1567 673 1607 a
699 1549 1015 1622 quibusdam
1055 1562 1160 1602 non
1193 1546 1479 1616 implentur
1502 1541 1680 1598 omnia
1708 1582 1724 1608 ,

119 1648 173 1700 in
205 1644 413 1701 eodem
440 1652 615 1698 tamen
646 1655 893 1697 sermone
922 1637 1100 1708 posuit
1128 1636 1466 1701 medicinam,
1495 1632 1678 1688 dicens
1710 1649 1723 1685 :

120 1733 414 1798 Dimittile,
445 1742 491 1788 et
530 1732 808 1786 dimittetur
850 1727 985 1783 vobis
1014 1727 1165 1798 (Luc.
1212 1742 1267 1781 vi
1292 1766 1308 1791 ,
1354 1724 1471 1795 57).
1503 1723 1574 1778 Et
1612 1731 1730 1792 post

121 1826 437 1881 orationem
465 1823 783 1879 dominicam
822 1821 875 1876 in
914 1818 1103 1875 eodem
1148 1817 1265 1887 ipso
1302 1830 1549 1872 sermone
1583 1829 1729 1870 com-

121 1924 487 1971 memoratam
513 1924 674 1985 atque
697 1911 1054 1981 conscriptam
1079 1928 1093 1964 :
1127 1907 1253 1962 Dico
1280 1907 1411 1961 enim
1439 1905 1578 1961 vobis
1596 1945 1612 1972 ,
1641 1904 1726 1959 in-

125 2007 239 2077 quit
262 2048 280 2073 ,
309 2007 360 2061 si
389 2005 677 2060 dimiseritis
703 2010 906 2075 peccata
932 1998 1237 2065 hominibus,
1270 1998 1486 2052 dimittet
1510 2004 1558 2051 et
1592 1994 1727 2050 vobis

128 2098 292 2153 Pater
330 2108 494 2154 vester
528 2106 733 2168 peccata
765 2104 967 2159 vestra;
1010 2092 1055 2147 si
1087 2099 1256 2144 autem
1295 2106 1396 2143 non
1438 2087 1729 2142 dimiseritis

129 2190 449 2254 hominibus,
478 2203 637 2257 neque
664 2184 814 2244 Pater
833 2192 991 2239 vester
1016 2181 1231 2236 dimittet
1252 2178 1387 2234 vobis
1412 2177 1623 2250 (Matth.
1650 2191 1725 2244 v1,

133 2282 236 2346 14,
270 2279 390 2351 15).
424 2279 558 2335 Hinc
585 2288 638 2334 et
666 2279 853 2334 Petrus
878 2277 952 2331 ait
979 2277 997 2307 ί
1022 2316 1038 2343 ,
1070 2272 1203 2341 Quia
1244 2271 1464 2327 charitas
1505 2269 1731 2342 cooperit

131 2372 514 2426 umititudinem
543 2380 858 2443 peccatorum
886 2369 928 2438 (1
952 2366 1094 2421 Petr.
1124 2382 1208 2433 tv,
1238 2362 1293 2437 8)
1320 2382 1333 2419 :
1361 2378 1522 2435 quam
1547 2362 1730 2433 utique

132 2482 238 2522 non
272 2465 545 2521 habebant
570 2463 676 2531 illi,
704 2478 768 2518 ac
797 2477 889 2532 per
918 2461 1021 2517 hoc
1045 2474 1207 2531 super
1234 2472 1453 2514 arenam
1496 2454 1729 2511 aediﬁca-

134 2559 261 2614 bant
282 2600 300 2626 ,
330 2557 401 2613 de
427 2557 619 2628 quibus
643 2554 781 2610 idem
811 2552 1107 2625 Cyprianus
1147 2548 1315 2617 dicit,
1342 2546 1483 2619 quod
1509 2546 1651 2601 intus
1675 2544 1731 2601 in

135 2647 404 2703 malevola
440 2645 640 2701 invidia
677 2645 835 2700 etiam
886 2641 1214 2712 temporibus
1258 2638 1566 2711 apostolicis
1612 2636 1733 2692 sine

139 2739 402 2795 charitate
427 2736 881 2794 conversabantur
908 2734 1098 2806 (Epist.
1134 2735 1204 2789 75
1221 2774 1235 2798 ,
1264 2733 1333 2787 ad
1356 2728 1689 2804 Jubaianum)
1714 2747 1729 2797 ;

138 2840 192 2885 et
218 2830 341 2885 ideo
369 2830 512 2883 intus
538 2828 751 2899 quidem
779 2841 899 2882 esse
919 2825 1257 2890 videbantur,
1281 2822 1376 2879 sed
1398 2821 1526 2878 foris
1554 2831 1729 2888 erant,

142 2922 261 2990 quia
293 2921 348 2975 in
377 2920 465 2975 illa
495 2929 645 2989 petra
684 2933 779 2990 per
804 2932 964 2988 quam
1004 2917 1337 2989 signiﬁcatur
1360 2912 1607 2970 Ecclesia
1625 2926 1733 2968 non

141 3022 310 3069 erant.

211 3104 440 3162 CAPUT
479 3104 645 3160 XXV.
671 3103 848 3159 —46.
890 3101 1117 3158 Sedatus
1153 3115 1183 3154 a
1221 3097 1474 3155 Tuburbo
1503 3099 1524 3129 ²
1556 3095 1730 3152 dixit:

144 3197 210 3253 In
236 3207 482 3270 quantum
522 3213 656 3266 aqua
688 3194 963 3251 sacerdotis
988 3207 1132 3263 prece
1158 3192 1210 3244 in
1240 3188 1470 3243 Ecclesia
1511 3187 1738 3256 sanctiﬁ-

146 3299 255 3344 cata
297 3290 460 3345 abluit
488 3286 669 3341 delicta
692 3327 709 3353 ,
736 3286 789 3340 in
833 3294 1027 3338 tantum
1063 3281 1295 3336 haeretica
1334 3293 1563 3333 sermone
1601 3275 1736 3331 velut

148 3398 352 3435 cancere
378 3379 399 3412 ³
425 3379 609 3449 infecta
634 3376 855 3431 cumulat
884 3382 1107 3444 peccata.
1143 3371 1311 3434 Quare
1336 3369 1564 3424 omnibus
1589 3367 1734 3438 paci-

151 3474 254 3540 ﬁcis
274 3473 477 3544 quidem
499 3470 683 3525 viribus
703 3468 958 3524 nitendum
979 3475 1073 3530 est,
1098 3482 1160 3519 ne
1179 3463 1290 3534 quis
1315 3461 1549 3516 Iucretico
1568 3475 1738 3514 errore

151 3565 361 3633 infectus
388 3572 433 3616 et
463 3564 649 3616 tinctus
671 3601 688 3627 ,
715 3560 972 3630 singulare
996 3565 1043 3611 et
1078 3571 1251 3610 verum
1273 3552 1540 3621 Baptisma
1567 3551 1742 3605 detre-

153 3665 240 3709 etet
264 3657 494 3725 accipere
517 3653 560 3719 ⁸,
591 3669 689 3721 quo
718 3650 943 3722 quisquis
974 3664 1075 3702 non
1106 3645 1256 3718 fuerit
1278 3643 1556 3715 baptizatus
1583 3656 1738 3713 regno

155 3747 391 3800 calorum
417 3746 504 3814 ﬁet
528 3744 722 3798 alienus
736 3743 779 3795 ⁸.

219 3837 306 3892 Π.
349 3836 486 3891 Huic
528 3832 917 3904 respondetur,
956 3830 1079 3902 quia
1121 3828 1175 3884 sic
1224 3842 1341 3882 non
1375 3823 1741 3881 sanetiﬁcatur

158 3942 282 3998 aqua
305 3969 320 3994 ,
350 3942 472 3982 cum
503 3926 679 3996 aliqua
707 3923 907 3979 erroris
952 3922 1117 3977 verba
1143 3935 1238 3990 per
1265 3916 1584 3988 imperitiam
1612 3929 1738 3986 pre-

158 4027 300 4073 cator
322 4017 571 4082 eﬁ‘undit,
603 4014 756 4070 multi
783 4029 887 4069 non
916 4013 1087 4068 solum
1118 4010 1263 4077 mali,
1295 4008 1389 4064 sed
1417 4008 1576 4063 etiam
1613 4005 1740 4061 boni

159 4108 341 4166 fratres
365 4111 415 4164 in
440 4110 551 4181 ipsa
570 4107 813 4164 Ecclesia
836 4120 938 4160 non
960 4105 1295 4159 sanctilicant
1311 4116 1522 4171 aquam.
1552 4098 1755 4155 Multo-’

160 4215 268 4255 rum
295 4204 438 4257 enim
467 4215 655 4270 preces
680 4196 1027 4254 emendantur
1055 4193 1310 4265 quotidie,
1342 4192 1386 4247 si
1412 4190 1740 4260 doctioribus

162 4288 351 4347 fuerint
393 4292 662 4357 recitata},
702 4298 756 4345 et
781 4288 945 4342 multa
990 4285 1043 4340 in
1074 4285 1154 4340 eis
1192 4284 1529 4353 reperiuntur
1555 4292 1740 4337 contra

162 4383 470 4438 catholicnm
511 4380 689 4437 ﬁdem.
740 4376 1006 4448 Numquid
1043 4376 1090 4431 si
1131 4373 1497 4430 manifestetur
1533 4373 1741 4443 aliquos

164 4473 449 4542 baptizatos
469 4516 484 4541 ,
512 4488 636 4528 cum
666 4472 769 4526 illa:
798 4484 983 4541 preces
1011 4468 1168 4523 dicta:
1202 4480 1362 4536 super
1389 4480 1578 4534 aquam
1608 4462 1738 4517 fuis-

165 4574 291 4630 sent,
330 4564 661 4635 jubebuntur
698 4562 875 4617 denuo
908 4558 1164 4629 baptizari
1199 4553 1422 4622 ‘?Quid
1462 4554 1570 4609 ita?
1608 4553 1740 4623 Quia

168 4651 470 4728 plerumque
517 4653 690 4726 precis
722 4652 907 4708 vitium
937 4658 1154 4722 superat
1183 4648 1451 4720 precantis
1476 4645 1696 4703 allectus
1723 4662 1739 4700 :

230 4898 244 4928 ¹
278 4898 581 4967 antiquiores
622 4903 727 4945 Mss.
749 4931 763 4956 ,
813 4901 1019 4945 Joannes
1060 4892 1148 4945 ait.
1188 4893 1360 4943 Verius
1406 4898 1600 4956 tamen,
1650 4901 1746 4944 Pe-

173 4959 376 5069 "?Ag:
388 5025 463 5069 Er.
491 5025 543 5069 et
564 5018 748 5082 aliquot
767 5024 895 5082 Ms_s.,
911 5029 943 5066 a
967 5015 1196 5082 Tuburbo.

232 5081 252 5114 ⁸
270 5083 341 5132 sic
372 5089 475 5131 Am.
499 5087 575 5131 Er.
613 5077 668 5131 ei.
696 5086 803 5129 Mss.
829 5079 907 5128 hic
930 5086 982 5128 et
1019 5077 1146 5141 apud
1176 5077 1476 5141 Cyprianum.
1516 5084 1574 5128 At
1600 5084 1742 5139 Lov.,

232 5179 449 5277 ﬁlia:
469 5203 645 5277 plures
660 5208 801 5277 Mss,
823 5204 1089 5277 Aretractet.
1116 5199 1497 5277 Eni-detrectet.

232 5265 253 5297 ⁸
273 5267 343 5316 sic
376 5267 426 5328 in
465 5259 572 5328 itss.
600 5271 653 5314 et
664 5259 798 5328 apud
818 5264 1115 5328 Cyprianum.
1150 5259 1211 5312 at
1228 5268 1359 5322 Lov.,
1382 5274 1414 5311 a
1436 5274 1583 5326 regno
1604 5259 1748 5312 coelo-

181 5334 281 5392 wzn
300 5325 507 5392 εςειςεεία
526 5324 609 5392 re,
625 5324 828 5392 ᾳιίέηαε-

236 5386 257 5417 ⁸
277 5388 377 5449 Sola
400 5386 508 5449 fere
526 5380 681 5449 'editio
712 5393 841 5445 μοι,
872 5384 1293 5449 mnifestarentur
1331 5383 1484 5449 aliqui
1503 5380 1749 5449 baptizati,

339 5448 629 5512 juberentur
647 5446 803 5498 denuo
821 5445 1072 5511 baptizari.

239 5550 304 5612 (a)
326 5559 376 5600 In
407 5552 539 5601 hunc
562 5550 723 5600 locum
743 5551 1066 5613 Lovanieuses
1081 5584 1096 5609 ,
1122 5551 1489 5601 Anuotationum
1512 5564 1622 5613 pag.
1649 5551 1707 5602 47
1733 5566 1746 5602 :

194 5623 213 5653 I
230 5614 370 5679 §eutit
390 5625 531 5679 ergo,
550 5628 574 5658 ι
598 5613 751 5679 aiunt,
775 5628 797 5679 ς
818 5612 1049 5679 praecepti
1073 5624 1187 5661 esse
1209 5614 1368 5662 omnia
1389 5624 1499 5679 quae
1513 5612 1751 5665 sermone

194 5686 216 5716 ο
230 5674 402 5725 Domini
422 5674 476 5725 in
497 5681 661 5725 monte
677 5674 840 5724 habito
861 5674 1182 5723 continentur.
1198 5689 1220 5720 ι

1835 899 2102 969 allectum,
2163 919 2269 973 quo
2296 905 2463 973 possit
2508 905 2595 960 illa
2624 906 2884 977 imperitia
2905 913 3185 982 superari;
3214 923 3271 971 et
3295 915 3417 971 ideo

1832 990 2024 1046 similis
2062 1002 2143 1047 est
2170 995 2218 1049 ei
2247 996 2564 1068 quicumque
2593 998 2646 1052 in
2676 998 2789 1069 ipsa
2816 1000 3086 1060 Catholica
3125 1005 3338 1063 invidus
3366 1014 3422 1064 et

1833 1081 2162 1150 malevolus,
2217 1086 2402 1154 quales
2446 1089 2553 1144 illic
2603 1091 2775 1162 arguit
2821 1091 3119 1167 Cyprianus
3162 1115 3177 1152 :
3233 1097 3422 1154 alierat

1833 1173 2013 1239 etiam,
2048 1182 2105 1229 ut
2129 1175 2245 1230 ﬁeri
2270 1178 2424 1245 solet,
2453 1180 2679 1249 aliquam
2708 1197 2942 1251 precem,
2968 1184 3020 1238 in
3045 1200 3148 1255 qua
3171 1187 3420 1259 loquatur

1833 1271 2015 1318 contra
2040 1265 2275 1335 regulam
2308 1266 2459 1335 ﬁdei;
2487 1269 2636 1323 multi
2663 1270 2858 1342 quippe
2883 1271 3092 1329 irruunt
3114 1275 3169 1329 in
3191 1290 3377 1345 preces
3400 1318 3417 1343 ,

1831 1369 1936 1409 non
1958 1356 2128 1410 solum
2150 1356 2218 1411 ab
2237 1358 2494 1428 imperitis
2517 1360 2841 1431 loquacibus,
2865 1363 2959 1419 sed
2980 1364 3140 1419 etiam
3162 1366 3231 1421 ab
3250 1365 3418 1423 haere-

1833 1447 1951 1503 ticis
1976 1450 2318 1519 compositas,
2342 1460 2395 1506 et
2421 1468 2515 1522 per
2541 1454 2849 1524 ignorantia:
2872 1457 3286 1529 simplicitatem,
3308 1476 3419 1518 non

1832 1554 1924 1596 eas
1947 1541 2182 1599 valentes
2211 1544 2512 1602 discernere
2534 1588 2550 1613 ,
2584 1557 2802 1605 utuntur
2828 1552 2905 1606 eis
2933 1553 3252 1610 arbitrantes
3275 1555 3419 1625 quod

1831 1632 1986 1689 bona:
2011 1636 2151 1703 sint;
2180 1652 2279 1693 nec
2301 1647 2475 1694 tamen
2504 1641 2644 1711 quod
2668 1642 2724 1697 in
2750 1643 2828 1698 eis
2857 1659 3162 1713 perversum
3188 1652 3273 1701 es:
3293 1661 3420 1703 eva-

1832 1735 1953 1781 cuat
1976 1727 2062 1782 illa
2092 1743 2210 1798 quae
2239 1729 2311 1784 ibi
2337 1741 2479 1786 recta
2509 1743 2652 1800 sunt,
2684 1733 2777 1789 sed
2804 1735 2872 1790 ab
2895 1736 2974 1791 eis
2995 1738 3168 1807 potius
3190 1752 3422 1794 evacua-

1832 1822 1955 1870 tur:
2005 1820 2144 1874 sicut
2176 1820 2232 1874 in
2275 1820 2391 1893 ipso
2431 1821 2646 1879 homine
2680 1824 2835 1880 bona:
2878 1827 2990 1897 spei
3035 1835 3090 1882 et
3130 1829 3421 1898 probabilis

1833 1903 1978 1969 ﬁdei,
2007 1906 2100 1962 sed
2125 1916 2298 1964 tamen
2328 1911 2561 1977 homine,
2590 1912 2637 1967 si
2661 1913 2785 1984 quid
2804 1915 2961 1970 aliter
2981 1917 3139 1986 sapit,
3167 1933 3272 1973 non
3295 1918 3420 1974 inde

1832 2006 2157 2053 evacuautur
2181 2015 2299 2070 qua:
2325 2011 2471 2058 recte
2499 2003 2668 2074 sapit,
2696 2005 2867 2061 donec
2889 2007 2937 2062 ei
2963 2007 3103 2062 Deus
3135 2009 3342 2065 revelet
3364 2018 3420 2065 et

1832 2086 1983 2157 quod
2004 2088 2157 2145 aliter
2180 2091 2318 2162 sapit
2347 2091 2601 2165 (Philipp.
2629 2111 2684 2167 ru
2703 2136 2718 2162 ,
2745 2094 2854 2168 15).
2892 2098 2946 2151 Si
2969 2108 3144 2155 autem
3168 2101 3281 2169 ipse
3305 2115 3420 2155 ma-

1832 2177 1918 2234 lus
1941 2187 2024 2235 est
2049 2189 2209 2251 atque
2234 2198 2534 2252 perversus,
2565 2185 2608 2239 si
2636 2201 2847 2256 precem
2878 2188 3137 2260 integram
3165 2190 3339 2257 dicat,
3365 2200 3422 2247 et

1834 2272 1977 2328 nulla
2003 2288 2067 2329 ex
2090 2284 2241 2345 parte
2267 2275 2387 2332 ﬁdei
2414 2278 2690 2335 catholica:
2715 2280 3016 2347 adversam,
3043 2298 3147 2337 non
3171 2283 3289 2340 ideo
3307 2285 3421 2354 ipse

1833 2373 2012 2420 rectus
2037 2374 2152 2432 est,
2182 2367 2304 2437 quia
2332 2368 2419 2424 illa
2450 2379 2592 2425 recta
2620 2379 2740 2426 est:
2773 2381 2827 2427 et
2852 2372 2897 2427 si
2919 2373 2971 2428 in
3007 2373 3268 2443 aliquibus
3297 2391 3423 2445 per-

1834 2468 2041 2510 versam
2073 2470 2287 2526 precem
2315 2458 2519 2525 aderat,
2554 2461 2690 2517 Deus
2716 2464 2870 2519 adest
2895 2465 3213 2535 evangelicis
3243 2465 3423 2526 verbis

1835 2547 1981 2614 suis,
2014 2548 2131 2605 sine
2170 2551 2360 2620 quibus
2403 2552 2704 2622 Baptismus
2747 2553 2943 2611 Christi
2984 2556 3287 2613 consecrari
3312 2571 3420 2613 non

1836 2647 2043 2709 potest;
2073 2649 2127 2695 et
2152 2641 2265 2712 ipse
2290 2644 2583 2699 sanctiﬁcat
2609 2644 3012 2701 Sacrameutum
3040 2662 3218 2713 suum,
3242 2657 3299 2703 ut
3324 2648 3423 2703 ho-

1836 2729 1968 2785 mini
1996 2730 2108 2786 sive
2131 2741 2414 2803 antequam
2440 2735 2735 2805 baptizetur
2756 2778 2770 2803 ,
2798 2737 2911 2793 sive
2938 2753 3059 2792 cum
3087 2738 3385 2809 baptizatur
3404 2779 3421 2806 ,

1837 2821 1950 2880 sive
1993 2832 2175 2893 postea
2220 2826 2536 2898 quandoque
2582 2828 2647 2883 ad
2697 2843 2758 2884 se
2808 2831 3067 2887 veraciter
3119 2846 3379 2887 converso
3404 2873 3420 2898 ,

1837 2915 2067 2988 idipsum
2110 2918 2282 2974 valeat
2305 2918 2373 2975 ad
2402 2921 2624 2975 salutem
2647 2962 2662 2986 ,
2694 2922 2834 2991 quod
2861 2923 2927 2976 ad
2957 2922 3247 2993 perniciem
3274 2963 3290 2990 ,
3318 2924 3424 2979 nisi

1838 3014 2259 3076 converteretur,
2281 3009 2500 3065 valeret.
2524 3010 2785 3066 Caeterum
2812 3011 2931 3081 quis
2955 3012 3156 3066 nesciat
3178 3026 3283 3066 non
3304 3027 3425 3073 esse

1838 3095 2167 3168 Baptismum
2198 3099 2425 3167 Christi,
2455 3101 2499 3154 si
2530 3102 2687 3155 verba
2718 3102 3019 3171 evangeliea
3043 3102 3236 3171 quibus
3260 3102 3422 3175 Sym-

1838 3187 2020 3244 bolum
2047 3198 2256 3244 constat
2274 3190 2381 3245 illic
2400 3190 2701 3246 defuerint?
2727 3192 2832 3248 Sed
2854 3193 3063 3249 facilius
3085 3194 3424 3250 inveniuntur

1840 3279 2077 3337 haeretici
2098 3281 2187 3352 qui
2207 3283 2423 3338 omnino
2447 3299 2551 3337 non
2571 3284 2857 3353 baptizent,
2884 3301 3041 3355 quam
3069 3287 3158 3356 qui
3185 3302 3292 3341 non
3314 3286 3420 3342 illis

1839 3371 2018 3428 verbis
2046 3372 2330 3442 baptizent.
2362 3373 2589 3443 Ideoque
2617 3376 2840 3430 dicimus
2867 3390 2972 3431 non
3002 3392 3215 3431 omnem
3245 3377 3425 3447 bapti-

1840 3479 2015 3522 smum
2041 3465 2184 3537 (nam
2206 3466 2259 3520 in
2287 3466 2465 3521 multis
2487 3466 2748 3522 idolorum
2771 3468 3040 3537 sacrilegis
3064 3469 3231 3523 sacris
3251 3468 3425 3538 bapti—

1840 3556 1951 3611 zari
1977 3556 2219 3613 homines
2243 3557 2635 3629 perhibentur),
2663 3558 2756 3613 sed
2779 3560 3101 3629 Baptismum
3127 3559 3344 3624 Christi,
3371 3559 3425 3615 id

1841 3659 1944 3718 est,
1975 3650 2151 3707 verbis
2179 3651 2496 3721 evangelicis
2522 3661 2923 3715 consecratum,
2954 3652 3149 3722 ubique
3176 3649 3426 3706 eumdem

1843 3756 2113 3811 esse,.nec
2143 3743 2416 3797 hominum
2444 3743 2803 3814 quorumlibet
2822 3751 2875 3798 ct
2899 3742 3132 3813 qualibet
3158 3741 3423 3811 perversi-

1844 3842 1950 3889 tate
1978 3833 2165 3888 violari
2195 3832 2295 3904 (a).

1913 3923 2002 3980 48.
2042 3923 2182 3980 Sane
2219 3924 2272 3979 in
2302 3924 2400 3979 ista
2429 3939 2639 3995 quoque
2664 3924 2925 3983 sententia
2963 3939 3067 3979 non
3096 3923 3425 3995 negligenter

1843 4014 2199 4071 omittendum
2242 4023 2325 4071 est
2346 4055 2363 4083 ,
2393 4016 2534 4084 quod
2564 4015 2649 4070 hic
2680 4017 2992 4086 interposuit
3024 4024 3083 4070 et
3116 4017 3224 4083 ait,
3258 4015 3426 4082 Quare

1844 4106 2074 4162 onmibus
2103 4107 2329 4177 paciﬁcis
2354 4107 2555 4178 quidem
2581 4106 2765 4161 viribus
2794 4107 3053 4161 nitendum
3082 4118 3154 4161 est
3178 4147 3194 4172 ,
3226 4123 3289 4160 ne
3314 4105 3427 4176 quis

1846 4199 2080 4253 Itazretico
2121 4214 2292 4253 errore
2332 4199 2579 4267 infectus,
2626 4209 2678 4252 et
2723 4208 2935 4252 extera.
2984 4197 3240 4268 Respexit
3283 4196 3427 4251 enim

1846 4292 2004 4347 verba
2027 4292 2112 4346 illa
2134 4292 2272 4347 beati
2294 4291 2539 4362 Cypriani
2566 4290 2809 4357 dicentis,
2838 4289 3105 4344 Neminem
3113 4289 3424 4359 judicantes,

1844 4391 1932 4436 aut
1956 4398 1987 4435 a
2000 4382 2121 4452 jure
2142 4382 2506 4435 cornmunionis
2532 4380 2751 4452 aliquem
2769 4422 2785 4447 ,
2815 4381 2859 4434 si
2886 4381 3135 4433 diversum
3164 4379 3376 4432 senserit
3405 4419 3422 4443 ,

1845 4481 2125 4528 amoventcs
2151 4470 2240 4544 (In
2265 4472 2474 4528 exordio
2499 4471 2752 4542 Concilii).
2787 4470 2926 4526 Ecce
2953 4481 3208 4540 quantum
3250 4470 3430 4525 valeat

1848 4564 1900 4619 in
1942 4563 2096 4619 bonis
2133 4562 2386 4618 Ecclesia:
2423 4562 2543 4617 ﬁliis
2578 4575 2732 4616 amor
2776 4561 2993 4616 unitatis
3038 4570 3093 4616 et
3135 4560 3321 4630 pacis,
3368 4568 3424 4614 ut

1846 4669 1981 4725 quos
2008 4652 2256 4709 dicebant
2282 4652 2568 4723 sacrilegos
2592 4660 2648 4709 et
2675 4650 2925 4722 profanos
2943 4692 2965 4718 ,
2998 4651 3113 4706 siue
3155 4649 3427 4720 Baptisms

1847 4756 1904 4803 ut
1952 4744 2346 4802 arbitrabantur
2392 4744 2682 4807 admissos,
2738 4744 2780 4798 si
2831 4758 2927 4798 eos
2968 4750 3223 4812 quantum
3274 4749 3432 4813 puta-

1848 4838 1978 4894 bant
2019 4837 2286 4907 corrigere
2327 4850 2432 4891 non
2464 4836 2734 4903 valerent,
2777 4835 3033 4904 eligerent
3073 4835 3248 4904 potius
3289 4834 3430 4889 tole-

1848 4946 2003 4996 rare,
2057 4943 2215 5000 quam
2268 4938 2485 5000 propter
2535 4942 2627 4981 eos
2677 4933 2918 4980 sanctum
2976 4925 3108 4979 illud
3162 4925 3431 4980 vinculum

1849 5037 2117 5094 rumpere,
2160 5037 2226 5076 ne
2265 5030 2480 5091 prepter
2524 5018 2722 5073 zizania
2762 5018 3126 5073 eradicaretur
3164 5017 3324 5073 simul
3372 5025 3431 5072 et

1852 5114 2084 5169 triticum
2128 5111 2338 5184 (Matth.
2371 5126 2490 5175 sin,
2520 5108 2649 5179 29);
2698 5110 3062 5179 permittentes
3091 5117 3347 5181 quantum
3376 5107 3433 5162 in

1853 5203 1984 5274 ipsis
2010 5212 2143 5268 erat,
2173 5203 2308 5258 sicut
2338 5202 2389 5256 in
2416 5200 2504 5254 illo
2532 5199 2859 5255 nobilissimo
2884 5199 3081 5270 judicio
3106 5197 3429 5263 Salomonis,

1854 5293 2091 5349 iufantile
2119 5307 2314 5363 corpus
2349 5307 2379 5346 a
2417 5290 2550 5345 falsa
2595 5298 2762 5344 matre
2798 5279 2988 5344 nutriri
3034 5289 3243 5359 potius,
3269 5300 3432 5357 quam

1854 5387 2059 5444 concidi
2091 5386 2180 5459 (Ill
2211 5386 2336 5457 Reg.
2365 5400 2454 5452 ιιι,
2484 5384 2600 5455 26).
2632 5383 2743 5438 lloc
2764 5392 2939 5439 autem
2968 5391 3020 5437 et
3046 5381 3119 5436 illi
3145 5378 3426 5446 iaciebant,

1922 5609 1937 5640 ¹
1963 5608 2034 5656 sic
2058 5614 2162 5655 Mss.
2189 5605 2322 5663 Editi,
2349 5602 2534 5654 habent.

1921 5669 1998 5733 (a)
2019 5668 2134 5720 Vide
2154 5678 2318 5731 supra,
2340 5666 2425 5717 lib.
2443 5666 2492 5729 3,
2515 5677 2651 5727 capp.
2680 5662 2757 5726 14,
2785 5663 2857 5713 15.
