3812 6204
355 301 459 357 2ὶὸ

355 414 446 485 qui
477 412 542 466 de
566 411 818 480 Baptismi
845 417 1172 464 sacramento
1200 406 1376 461 verius
1403 395 1704 461 sentiebant
1723 443 1736 464 ,
1759 409 1813 455 et
1846 400 1928 454 isti

356 504 545 573 quibus
576 519 669 571 pro
699 501 884 555 merito
916 509 1070 552 tanta:
1099 496 1376 550 citat-italis
1407 496 1545 549 Deus
1574 504 1688 546 erat
1715 491 1923 545 revela-

359 603 528 656 turus,
558 592 600 645 si
626 591 748 660 quid
772 591 923 642 aliter
946 586 1242 656 sapiebanl.

429 683 650 740 CAPUT
701 680 887 736 XXVI.
930 710 1002 720 —
1043 679 1132 734 49.
1175 677 1509 733 Privatianus
1559 690 1587 727 a
1633 672 1866 728 Sufetula
1917 673 1932 702 ¹

357 776 487 829 dixit
511 792 523 827 :
560 773 655 838 Qui
681 773 938 827 ltwreticos
961 780 1251 838 potestatem
1272 768 1559 838 baptizandi
1587 766 1768 818 habere
1791 763 1929 826 dicit,

358 864 491 916 dicat
514 863 653 932 prius
678 862 787 932 quis
825 862 1052 915 hwresim
1093 859 1389 913 condiderit.
1423 857 1484 911 Si
1522 855 1650 908 enim
1677 853 1878 906 hwresis
1904 869 1935 904 a

362 953 464 1006 Deo
502 961 592 1019 est,
623 953 804 1006 habere
831 952 1192 1022 indulgentiam
1222 950 1439 1002 divinam
1468 956 1627 1015 potest
1652 961 1668 1000 :
1694 947 1736 998 si
1768 960 1880 999 vero
1905 959 1936 994 a

357 1042 465 1096 Deo
486 1060 584 1095 non
611 1052 716 1108 est,
745 1043 992 1112 quomodo
1022 1041 1236 1111 gratiam
1261 1037 1356 1094 Dei
1385 1049 1471 1092 aut
1497 1037 1678 1090 habere
1705 1045 1790 1088 aut
1816 1050 1935 1087 con-

359 1137 490 1205 ferre
516 1134 667 1186 alicui
697 1142 853 1202 potest
875 1133 900 1186 ?

429 1224 516 1278 50.
558 1223 691 1278 Huic
719 1223 934 1278 totidem
964 1221 1140 1277 verbis
1162 1222 1229 1276 ita
1257 1218 1562 1290 responderi
1596 1227 1804 1288 potest:
1837 1216 1936 1281 Qui

359 1314 648 1368 malevolos
691 1322 742 1368 et
786 1313 992 1366 invidos
1032 1320 1345 1382 potestatem
1392 1296 1693 1380 baptizandi
1740 1307 1938 1361 habere

361 1406 510 1471 dicit,
562 1395 702 1459 dicat
747 1405 894 1475 prius
936 1403 1053 1473 quis
1108 1402 1530 1457 malevolentiam
1585 1397 1940 1466 invidiamque

359 1496 674 1551 condiderit.
705 1496 762 1550 Si
788 1496 927 1550 enim
956 1493 1322 1548 malevolentia
1350 1501 1403 1546 et
1428 1491 1619 1545 invidia
1646 1505 1674 1542 a
1708 1490 1814 1542 Deo
1837 1497 1936 1551 est,

361 1587 558 1641 habere
585 1595 637 1640 et
665 1585 1042 1655 indulgentiam
1063 1583 1292 1637 divinam
1317 1588 1490 1650 potest
1513 1598 1525 1632 :
1558 1580 1600 1634 si
1627 1593 1750 1632 vero
1775 1592 1803 1629 a
1832 1577 1939 1629 Deo

361 1692 465 1730 non
497 1685 609 1738 est,
638 1676 904 1745 quomodo
946 1685 1034 1728 aut
1072 1672 1294 1742 gratiam
1340 1671 1427 1724 Dei
1460 1669 1659 1724 habere
1693 1676 1782 1719 aut
1811 1681 1941 1718 con-

361 1770 499 1824 ferre
528 1770 680 1823 alicui
715 1767 921 1837 potest?
951 1764 1056 1820 Sed
1083 1765 1217 1818 sicut
1247 1763 1343 1816 ista
1386 1761 1572 1816 eodem
1603 1757 1758 1814 modo
1802 1756 1940 1810 dicta

364 1859 790 1914 manifestissime
825 1858 952 1911 falsa
979 1867 1137 1922 sunt,
1166 1857 1241 1909 sic
1266 1854 1423 1909 etiam
1453 1853 1539 1906 illa
1570 1866 1688 1921 qua:
1719 1859 1774 1903 ut
1816 1864 1944 1903 eou-

362 1952 701 2006 viueerentur
728 1950 842 2005 hmc
867 1949 1006 2002 dicta
1035 1957 1178 2002 sunt.
1213 1946 1488 2015 Baptizant
1517 1943 1658 1998 enim
1695 1940 1938 1995 malevoli

362 2053 415 2096 et
437 2042 617 2105 invidi,
642 2043 776 2096 sicut
796 2039 1038 2095 concedit
1063 2037 1173 2107 ipse
1190 2036 1504 2107 Cyprianus,
1529 2034 1649 2103 quia
1670 2045 1762 2086 eos
1783 2031 1941 2084 etiam

362 2137 503 2189 intus
543 2149 660 2188 e~se
691 2141 930 2188 testatur.
981 2131 1069 2184 Sic
1100 2144 1227 2198 ergo
1271 2133 1492 2196 possunt
1520 2125 1678 2178 etiam
1709 2121 1940 2175 haeretici

365 2225 632 2295 baptizare
663 2241 674 2277 :
709 2223 830 2292 quia
861 2221 1160 2289 Baptismus
1187 2225 1574 2272 sacramentum
1601 2211 1800 2284 Christi
1825 2219 1939 2276 est;

365 2316 566 2370 invidia
596 2329 724 2368 vero
764 2323 817 2367 et
843 2311 1061 2365 haeresis
1088 2323 1248 2380 opera
1279 2305 1507 2368 diaboli,
1549 2320 1666 2374 qum
1707 2303 1944 2372 quisquis

367 2409 638 2472 habuerit,
671 2422 773 2461 non
801 2404 924 2458 hinc
961 2402 1123 2458 efﬁcit
1151 2409 1206 2455 ut
1235 2401 1277 2454 si
1320 2398 1511 2453 habeat
1538 2397 1940 2453 Sacramentqu

365 2496 560 2552 Christi
587 2536 601 2561 ,
629 2496 785 2551 etiam
811 2495 981 2563 ipsum
1008 2499 1316 2547 numeretur
1355 2489 1492 2543 inter
1519 2502 1680 2555 opera
1723 2485 1940 2540 diaboli.

437 2586 662 2642 CAPUT
701 2584 909 2641 XXVII.
933 2613 1005 2624 —-
1033 2584 1120 2638 51.
1163 2581 1408 2636 Privatus
1451 2593 1482 2633 a
1529 2577 1742 2633 Sulibus
1771 2575 1898 2629 dixit
1927 2591 1940 2627 :

372 2680 473 2746 Qui
497 2679 839 2733 hcereticorum
865 2676 1182 2747 Baptismum
1208 2674 1453 2746 probant,
1486 2672 1605 2744 quid
1629 2669 1772 2730 aliud
1796 2685 1946 2742 quant

370 2771 612 2824 luci-elicis
637 2767 1043 2822 communicant?

439 2863 528 2918 52.
570 2862 700 2916 Huic
728 2860 1114 2932 respondetur:
1160 2859 1274 2914 Non
1301 2866 1382 2914 est
1415 2856 1713 2926 Baptismus
1739 2854 1950 2909 hrrreti-

369 2970 571 3020 corum,
605 2969 759 3025 quem
790 2955 841 3008 in
880 2952 1142 3008 haereticis
1182 2950 1469 3022 probamus
1500 2967 1512 3002 :
1559 2948 1696 3002 sicut
1732 2963 1834 3000 non
1871 2953 1952 2999 est

372 3042 1374 3114 Baptismusavarorutn,insidiosorum,
1392 3039 1772 3100 l'raudatorum,
1785 3051 1838 3090 ra
1848 3043 1954 3105 pto-

374 3151 508 3197 runt,
533 3133 851 3200 invidorum,
871 3148 1026 3203 quem
1046 3131 1329 3201 probamus
1351 3130 1404 3184 in
1426 3129 1521 3184 eis.
1540 3128 1738 3183 Omnes
1759 3127 1952 3197 quippe

373 3224 456 3277 isti
488 3225 650 3293 iniqui
678 3233 801 3278 sunt
830 3241 841 3276 :
889 3222 980 3276 sed
1006 3223 1178 3291 justus
1207 3229 1288 3276 est
1315 3219 1557 3287 Christus
1581 3261 1594 3284 ,
1627 3217 1775 3288 cujus
1803 3218 1852 3271 in
1895 3231 1953 3273 se

376 3315 775 3368 Sacramentum
797 3355 810 3380 ,
844 3313 985 3383 quod
1014 3312 1079 3367 ad
1112 3313 1279 3382 ipsum
1310 3311 1527 3374 attinet,
1557 3324 1650 3365 sua
1681 3309 1953 3378 iniquitate

376 3420 477 3458 non
523 3404 740 3458 violant.
792 3405 1036 3474 Alioquin
1083 3411 1255 3473 posset
1310 3401 1446 3456 alius
1476 3400 1652 3455 dicere
1685 3399 1820 3466 :Qui
1849 3399 1951 3454 ini-

373 3509 595 3563 quorum
629 3494 956 3564 Baptismum
990 3493 1235 3564 probant,
1259 3491 1383 3562 quid
1411 3490 1550 3544 aliud
1572 3505 1727 3560 quam
1762 3489 1954 3559 iniquis

373 3586 794 3640 communicant?
822 3585 970 3652 Quod
1000 3586 1097 3654 ipsi
1126 3585 1414 3641 Catholica:
1440 3585 1482 3638 si
1507 3583 1624 3652 quis
1669 3583 1949 3652 ohjiceret,

375 3677 787 3746 responderetur
814 3677 860 3730 ei
892 3676 1033 3746 quod
1060 3676 1184 3730 huic
1215 3677 1372 3729 modo
1395 3689 1710 3745 responsum
1741 3682 1841 3727 est.

443 3767 665 3821 CAPUT
685 3766 990 3820 ΧΧγιῑι.-
1010 3766 1094 3820 55.
1119 3765 1495 3820 llortensianus
1510 3780 1537 3817 a
1555 3763 1773 3817 Laribus
1791 3764 1950 3817 dixit:

381 3859 509 3924 Quot
538 3857 636 3910 sint
665 3855 914 3924 baptismi,
944 3854 1156 3909 viderint
1191 3863 1276 3906 aut
1305 3862 1688 3923 prtesumplores
1716 3863 1802 3904 aut
1829 3852 1952 3921 fau-

377 3959 507 4000 tores
537 3947 883 3999 hazreticorum
914 3962 932 4000 :
953 3962 1042 3998 nos
1064 3961 1217 3997 unum
1245 3943 1524 4012 Baptisma,
1552 3942 1686 4012 quod
1710 3959 1808 3995 non
1857 3943 1954 3995 nisi

377 4040 429 4090 in
483 4037 707 4090 Ecclesia
747 4037 989 4100 novimus,
1040 4032 1281 4088 Ecclesia:
1309 4033 1634 4087 vindicamus.
1684 4034 1780 4086 Aut
1825 4049 1952 4102 quo-

377 4127 524 4180 modo
546 4135 750 4196 possunt
771 4125 820 4179 in
849 4125 1044 4179 nomine
1065 4124 1248 4178 Christi
1273 4124 1488 4194 aliquem
1531 4121 1783 4192 baptizare
1832 4139 1954 4192 quos

377 4219 481 4287 ipse
506 4216 732 4271 Christus
767 4217 885 4270 dicit
910 4215 1221 4270 adversarios
1243 4231 1361 4268 suos
1388 4215 1529 4269 esse?

445 4309 533 4363 54.
568 4307 698 4361 Huic
721 4306 878 4361 simili
909 4315 1090 4361 tenore
1108 4305 1386 4360 verborum
1432 4306 1500 4358 ita
1527 4302 1949 4372 respondentes:

377 4400 613 4455 Viderint
640 4407 730 4452 aut
757 4407 1167 4468 prsesumptores
1208 4405 1298 4449 aut
1340 4394 1573 4448 fautores
1618 4394 1948 4463 iniquorum;

375 4505 470 4546 nos
499 4505 660 4544 unum
709 4488 996 4559 Baptisma,
1047 4485 1184 4556 quod
1221 4501 1327 4539 non
1357 4484 1459 4538 nisi
1501 4483 1754 4540 Ecclesia:
1797 4483 1954 4536 novi-

377 4596 513 4645 mus,
543 4580 858 4648 ubicumque
902 4577 1173 4632 inventum
1199 4574 1413 4644 quando
1443 4589 1724 4644 possumus
1753 4573 1817 4627 ad
1851 4573 1953 4626 Ec-

376 4672 587 4726 clesium
618 4684 947 4726 revocamus.
979 4669 1084 4720 Aut
1111 4665 1379 4736 quomodo
1399 4675 1616 4734 possunt
1646 4666 1698 4718 in
1728 4664 1949 4718 nomine

375 4763 570 4817 Christi
614 4763 838 4831 aliquem
880 4758 1167 4828 baptizare,
1219 4770 1351 4824 quos
1394 4757 1504 4824 ipse
1543 4755 1784 4811 Christus
1826 4755 1956 4811 dicit

375 4850 705 4906 adversarios
724 4864 848 4904 suos
873 4848 1029 4904 esse?
1068 4845 1325 4902 Omnibus
1351 4845 1544 4915 quippe
1574 4845 1765 4915 iniquis
1805 4846 1949 4911 dicit,

379 4942 497 4997 Non
526 4943 636 4995 novi
673 4958 789 5004 vos;
816 4940 1030 4994 recedite
1054 4957 1084 4992 a
1123 4956 1221 5004 me,
1267 4938 1355 5010 qui
1390 4923 1954 5007 Ioperamini'iniqaita-

376 5046 471 5084 tem
495 5031 702 5100 (Matth.
727 5046 817 5095 vu,
843 5030 938 5097 25)
967 5047 979 5083 :
1009 5040 1060 5084 et
1114 5041 1287 5084 tamen
1333 5042 1453 5083 cum
1507 5025 1795 5095 haptizant,
1845 5042 1949 5082 non

378 5123 474 5191 ipsi
507 5123 793 5191 haptizant,
822 5122 915 5176 sed
939 5122 1024 5174 ille
1053 5121 1117 5176 de
1142 5137 1246 5192 quo
1281 5121 1513 5176 Joannes
1541 5119 1690 5184 dicit,
1737 5118 1763 5171 Ι
1771 5136 1858 5190 pse
1881 5129 1955 5173 est

377 5217 459 5285 qui
475 5215 692 5283 baptizat
725 5213 900 5283 (Joan.
930 5229 967 5275 l,
999 5212 1108 5283 55).

445 5303 668 5361 CAPUT
695 5302 886 5358 XXIX.
902 5334 969 5342 —
989 5302 1077 5358 55.
1103 5303 1317 5359 Cassius
1337 5317 1364 5355 a
1382 5302 1769 5358 Macomadibus
1790 5301 1921 5356 dixit
1939 5321 1952 5358 :

377 5395 499 5452 Cum
519 5393 818 5464 baptismata
833 5394 935 5446 duo
954 5409 1058 5446 esse
1077 5410 1175 5446 non
1206 5393 1415 5462 possint,
1442 5394 1529 5462 qui
1576 5393 1819 5446 hwreticis
1852 5391 1955 5445 Ba-

378 5487 614 5557 ptismum
638 5486 882 5551 concedit,
910 5484 1004 5538 sibi
1030 5485 1176 5539 tollit.
1208 5483 1392 5539 Censeo
1421 5484 1586 5553 itaque
1597 5481 1784 5552 ﬂebiles
1807 5493 1852 5537 et
1881 5494 1956 5536 ta-

379 5580 520 5634 bidos
547 5578 802 5633 htereticos
823 5577 1153 5647 baptizandos
1183 5591 1284 5631 esse
1313 5591 1424 5628 cum
1457 5575 1523 5628 ad
1549 5573 1826 5628 Ecclesium
1873 5589 1953 5626 ve-

485 5741 582 5782 Am.
611 5739 661 5781 et
680 5738 771 5792 Er,
795 5744 826 5780 a
848 5727 1073 5795 Sit/iouia.

1088 295 1173 350 DE
1216 291 1547 349 BAPTISMO
1583 284 1848 346 CONTRA
1895 281 2335 352 DONATISTAS,
2368 287 2422 341 S.
2469 285 2827 342 AUGUSTINI

3523 286 3677 345 216

2040 400 2148 452 nire
2177 401 2433 470 casperint,
2481 412 2526 454 et
2568 419 2713 455 sacra
2744 405 2760 434 ⁸
2789 415 2835 456 et
2890 404 3060 457 divina
3108 405 3360 462 lavatione
3390 409 3562 474 lotos,
3605 418 3675 464 et

2039 489 2225 542 lumine
2247 492 2358 542 vita:
2399 491 2730 556 illuminatos,
2765 509 2863 546 non
2903 496 3087 560 hostes,
3117 497 3204 550 sed
3226 499 3483 567 paciﬁcos,
3528 517 3674 555 ηοιι

2039 580 2248 643 alienos,
2274 581 2362 633 sed
2383 581 2502 649 [idei
2531 581 2737 635 Domini
2777 584 3095 651 domesticos,
3141 603 3241 640 non
3289 590 3576 644 adulteros
3606 593 3665 657 ',

2038 671 2126 722 sed
2158 667 2250 722 Dei
2277 671 2431 736 ﬁlios,
2466 688 2567 724 non
2596 675 2801 739 erroris,
2824 675 2913 727 sed
2936 676 3114 730 salutis
3153 676 3376 743 effectos,
3421 680 3472 732 in
3529 680 3672 734 Ec-

2038 765 2238 816 clesium
2273 765 2430 832 recipi
2460 782 2477 817 :
2505 764 2690 834 absque
2715 766 2792 819 his
2815 769 2901 835 qui
2928 767 2990 821 de
3004 767 3233 822 Ecclesia
3259 769 3280 800 ³
3303 772 3474 840 ﬁdeles
3496 790 3672 841 sup.

2042 853 2280 922 plantati,
2314 855 2380 905 ad
2408 853 2611 907 lurresis
2661 856 2886 909 tenebras
2915 858 3255 923 transierant;
3291 861 3378 914 sed
3421 878 3503 915 eos
3546 876 3669 932 per

2040 959 2218 995 manus
2245 943 2611 1012 impositioncm
2641 945 2995 999 restituendos.

2111 1035 2199 1090 56.
2232 1034 2418 1088 Posset
2464 1035 2599 1089 alius
2638 1035 2817 1089 dicere
2849 1054 2860 1089 :
2891 1037 3022 1092 Cum
3067 1039 3263 1094 Christi
3308 1041 3660 1111 haptisniata

2040 1125 2145 1179 duo
2172 1141 2290 1179 esse
2320 1141 2424 1178 non
2461 1127 2681 1193 possint,
2707 1128 2793 1196 qui
2823 1128 3015 1198 iniquis
3052 1131 3380 1199 Baptismum
3426 1149 3663 1187 conce-

2043 1215 2138 1277 dit,
2170 1215 2268 1268 sibi
2301 1214 2455 1268 tollit.
2487 1213 2592 1268 Sed
2626 1217 2902 1270 nobiscum
2932 1219 3089 1272 etiam
3120 1220 3203 1274 isti
3232 1222 3554 1277 resisterent
3596 1235 3666 1278 et

2041 1304 2280 1358 dicerent
2311 1305 2698 1359 :Cuncedimus
2746 1307 2938 1377 iniquis
2990 1308 3349 1378 Baptismtuu;
3385 1315 3474 1382 qui
3519 1332 3662 1369 non

2041 1394 2108 1448 ab
2137 1394 2260 1462 ipsis
2295 1403 2399 1460 est,
2431 1394 2568 1447 sicut
2596 1395 2865 1464 iniquitas,
2903 1399 2998 1452 sed
3036 1415 3064 1452 a
3096 1399 3309 1454 Christo
3353 1403 3505 1472 cujus
3555 1415 3662 1458 est

2044 1485 2282 1553 aequitas,
2315 1494 2367 1537 et
2397 1486 2546 1553 cujus
2576 1485 2976 1541 Sacramentum
3018 1489 3174 1542 etiam
3228 1491 3368 1560 apud
3418 1493 3662 1563 iniquos

2043 1584 2251 1630 nonest
2277 1576 2532 1644 iniquum.
2561 1576 2711 1643 Quod
2743 1592 2870 1646 ergo
2910 1579 3184 1634 nobiscum
3215 1580 3282 1635 de
3311 1583 3505 1652 iniquis
3554 1583 3657 1636 di-

2043 1675 2244 1731 cereut,
2273 1666 2371 1720 hoc
2392 1667 2489 1720 sibi
2513 1668 2577 1722 de
2598 1667 2862 1722 Irereticis
2884 1669 3081 1723 dicant.
3113 1671 3180 1725 Et
3207 1673 3325 1726 ideo
3362 1675 3507 1743 quod
3538 1690 3659 1729 se—

2045 1757 2248 1825 quitur,
2282 1759 2349 1810 ita
2385 1759 2556 1825 potius
2597 1769 2711 1813 erat
2739 1760 3018 1814 dicendum
3055 1762 3296 1816 :Ceuseo
3325 1765 3503 1834 itaque
3531 1766 3656 1820 ﬂc-

2045 1846 2182 1901 biles
2208 1858 2258 1901 et
2290 1847 2493 1902 tabidos
2523 1849 2801 1905 lnrreticos
2824 1861 2926 1905 nan
2972 1853 3320 1922 baptizandos
3363 1871 3482 1910 esse
3509 1873 3660 1912 cum

2045 1937 2108 1988 ad
2144 1936 2432 1990 Ecelesiam
2476 1938 2657 1992 venire
2683 1941 2961 2009 cmperint,
2991 1943 3034 1996 si
3081 1943 3277 1998 habent
3304 1945 3413 2014 jam
3457 1947 3658 2018 Bapti-

2046 2043 2216 2080 smum
2256 2028 2473 2094 ChriSti,
2532 2030 2625 2084 sed
2669 2046 2698 2084 a
2748 2047 2838 2084 sua
2879 2034 3228 2101 perversitate
3263 2039 3652 2107 corrigendos.

2045 2117 2176 2171 Nam
2208 2119 2365 2172 etiam
2397 2118 2461 2174 de
2493 2120 2683 2190 iniquis
2709 2121 2810 2175 dici
2843 2131 3034 2191 potest,
3061 2141 3284 2195 quorum
3305 2131 3481 2196 portio
3509 2141 3654 2185 sunt

2046 2206 2281 2261 hmretici
2315 2226 2327 2261 :
2365 2208 2570 2264 Censeo
2597 2211 2772 2282 itaque
2824 2212 3024 2267 ﬂebiles
3049 2224 3104 2270 et
3156 2217 3358 2272 tabidos
3403 2221 3650 2290 iniquus,

2046 2299 2088 2353 si
2114 2299 2220 2368 jam
2254 2299 2501 2370 baptizati
2547 2312 2688 2365 sunt,
2744 2319 2849 2358 non
2881 2305 3224 2374 baptizandos
3260 2325 3379 2365 esse
3418 2327 3542 2366 cum
3572 2313 3654 2367 ad

2046 2391 2360 2458 Ecclesium,
2397 2393 2446 2446 id
2473 2402 2574 2461 est,
2606 2394 2670 2448 ad
2699 2395 2842 2450 illam
2873 2408 3074 2466 petram
3124 2411 3270 2452 extra
3313 2416 3470 2470 quam
3513 2415 3655 2460 sunt

2047 2497 2232 2537 omnes
2255 2484 2341 2552 qui
2377 2483 2598 2539 audiunt
2645 2486 2808 2540 verba
2835 2487 3031 2542 Christi
3058 2499 3112 2543 et
3140 2505 3248 2544 non
3293 2490 3515 2561 faciunt,
3547 2511 3654 2551 ve-

2047 2573 2160 2626 nire
2187 2575 2484 2642 coeperint;
2518 2575 2610 2630 sed
2653 2593 2800 2631 sacra
2833 2589 2885 2632 ct
2911 2579 3086 2634 divina
3116 2581 3378 2639 lavatione
3403 2585 3517 2655 jam
3562 2587 3652 2643 Io-

2053 2673 2155 2731 tos,
2185 2674 2309 2721 tunc
2335 2676 2508 2720 autem
2541 2677 2592 2722 et
2620 2669 2818 2724 lumine
2853 2671 2970 2725 vita:
3000 2671 3342 2742 illuminatos,
3397 2692 3504 2732 non
3541 2679 3651 2735 ho-

2050 2771 2178 2830 stes,
2212 2762 2302 2816 sed
2355 2763 2623 2833 paciﬁcos,
2673 2780 2794 2818 nam
2843 2766 3004 2835 iniqui
3053 2783 3157 2821 non
3188 2767 3384 2824 habent
3412 2786 3648 2841 pacem;

2050 2869 2154 2907 non
2183 2853 2406 2918 alienos,
2434 2855 2525 2907 sed
2557 2855 2677 2908 lidei
2728 2855 2931 2909 Domini
2979 2855 3320 2926 domesticos,
3351 2875 3474 2915 nam
3527 2862 3640 2917 ini-

2051 2947 2170 3016 quis
2196 2947 2392 3001 dictum
2431 2956 2530 3012 est,
2564 2948 2825 3012 Quomodo
2861 2967 3097 3005 conversa
3140 2968 3192 3006 es
3235 2954 3289 3006 in
3333 2956 3649 3009 amaritudi-

2051 3054 2182 3101 nem,
2212 3040 2321 3092 vitis
2363 3040 2528 3093 aliena
2573 3039 2783 3109 (Jerem.
2814 3058 2870 3106 ιι,
2899 3041 3034 3111 2|)?
3085 3057 3190 3097 non
3218 3043 3511 3110 adulteros,
3545 3047 3650 3101 sed

2056 3129 2147 3183 Dei
2177 3128 2330 3193 lilios,
2364 3146 2482 3184 nam
2516 3131 2678 3201 iniqui
2728 3141 2850 3186 sunt
2897 3133 2988 3186 lilii
3020 3131 3246 3200 diaboli;
3280 3151 3383 3191 non
3414 3137 3647 3204 erroris,

2053 3220 2146 3274 sed
2197 3220 2386 3274 salutis
2438 3221 2672 3286 ell'ectos,
2730 3238 2850 3276 nam
2893 3238 2996 3277 non
3045 3225 3214 3280 salvat
3259 3225 3554 3296 iniquitas:
3589 3229 3649 3283 in

2057 3310 2346 3365 Ecclesiam
2388 3310 2570 3379 recipi,
2625 3311 2674 3365 id
2723 3322 2822 3376 est,
2877 3313 2926 3366 in
2961 3313 3102 3368 illam
3139 3323 3362 3383 petram,
3409 3317 3462 3371 in
3494 3317 3646 3372 illam

2053 3405 2373 3470 columbam,
2410 3407 2459 3460 in
2489 3405 2632 3460 illum
2666 3406 2872 3460 hortum
2901 3407 3206 3462 conclusum
3255 3417 3310 3463 et
3335 3408 3535 3464 fontem
3569 3411 3645 3465 si-

2054 3508 2294 3567 gnatum,
2335 3498 2423 3568 qui
2456 3513 2557 3552 non
2593 3499 2690 3552 nisi
2728 3499 2778 3552 in
2817 3499 3010 3564 tritico,
3041 3514 3144 3555 non
3169 3508 3346 3555 autem
3374 3500 3425 3555 in
3468 3503 3642 3570 paleis

2054 3588 2375 3656 agnoscitur,
2408 3591 2517 3642 sive
2561 3588 2716 3657 longe
2763 3603 2790 3642 a
2833 3599 2988 3644 vento
3017 3599 3349 3659 separentur,
3397 3591 3510 3646 sive
3537 3607 3632 3646 us-

2054 3695 2156 3749 que
2184 3680 2248 3733 ad
2274 3680 2507 3733 ultimam
2538 3680 2930 3735 ventilationem
2956 3681 3223 3736 frumento
3251 3683 3530 3738 commixti
3561 3685 3642 3738 vi-

2055 3768 2297 3822 deantur.
2340 3768 2556 3823 Frustra
2607 3786 2734 3839 ergo
2759 3769 2972 3825 Cassius
3017 3771 3242 3837 addidit,
3276 3791 3295 3825 ί
3329 3775 3527 3845 Absque
3560 3777 3639 3830 his

2054 3858 2142 3924 qui
2169 3859 2220 3911 in
2250 3856 2478 3912 Ecclesia
2507 3859 2678 3927 fideles
2706 3860 3039 3929 supplantati,
3071 3863 3137 3914 ad
3162 3863 3366 3916 Inrresis
3409 3865 3640 3918 tenebras

2057 3949 2377 4002 transierant.
2426 3948 2481 4002 Si
2536 3949 2674 4002 enim
2715 3957 2769 4002 et
2808 3950 2902 4018 ipsi
2949 3951 3016 4003 ab
3059 3949 3296 4006 Ecclesia
3335 3953 3637 4010 recedendo

2058 4041 2383 4111 Baptismum
2429 4042 2736 4107 amiserant,
2765 4043 2921 4096 etiam
2974 4043 3101 4112 ipsis
3133 4044 3385 4100 reddatur
3417 4063 3429 4098 :
3464 4046 3507 4100 si
3545 4061 3640 4100 au-

2059 4140 2163 4185 tem
2219 4147 2324 4186 non
2374 4130 2677 4197 amiserant,
2715 4132 2854 4201 quod
2889 4147 2982 4202 per
3026 4147 3120 4187 eos
3165 4133 3344 4188 datum
3372 4145 3454 4190 est
3478 4149 3639 4205 agno-

2055 4233 2254 4278 scatur.

2127 4313 2352 4370 CAPUT
2393 4311 2558 4368 XXX.
2582 4345 2650 4355 ——
2679 4315 2765 4369 57.
2806 4315 2952 4369 Alius
2981 4314 3265 4371 Ianuarius
3308 4331 3338 4371 a
3381 4317 3499 4372 vico
3523 4317 3636 4373 Cte-

2057 4404 2192 4458 saris
2231 4403 2363 4458 dixit
2394 4421 2406 4459 :
2440 4403 2500 4457 Si
2541 4420 2640 4457 non
2679 4403 2983 4473 obtemperat
3024 4422 3164 4460 error
3201 4407 3432 4473 veritati,
3481 4409 3637 4463 multo

2057 4485 2218 4566 magis
2243 4495 2420 4550 veritas
2446 4512 2544 4549 non
2574 4497 2813 4550 consentit
2843 4499 3002 4551 errori
3024 4516 3041 4552 :
3063 4509 3110 4553 et
3137 4500 3249 4554 ideo
3276 4517 3368 4554 nos
3392 4499 3635 4557 Ecclesia:

2057 4587 2360 4651 assistimas,
2393 4587 2446 4640 in
2473 4602 2572 4653 qua
2603 4587 2946 4656 prcesidemus,
2980 4599 3032 4642 ut
3059 4589 3376 4660 Baptismum
3399 4593 3507 4658 ejus
3535 4593 3635 4662 ipsi

2059 4679 2156 4731 soli
2195 4679 2500 4732 vindicantes
2521 4719 2535 4742 ,
2581 4695 2662 4733 eos
2688 4696 2812 4749 quos
2841 4679 3068 4734 Ecclesia
3089 4698 3188 4735 non
3211 4681 3512 4752 baptizavit,
3540 4685 3628 4737 ba-

2058 4771 2318 4841 plizemus.

2129 4861 2215 4916 58.
2265 4859 2638 4927 Respondetur
2667 4877 2679 4914 :
2709 4859 2854 4928 Quos
2883 4861 3116 4916 Ecclesia
3151 4862 3414 4934 baptizat,
3454 4865 3632 4934 utique

2060 4962 2208 5021 petra
2231 4951 2318 5004 illa
2340 4951 2589 5020 baptizat,
2613 4961 2761 5005 extra
2780 4967 2936 5020 quam
2960 4963 3083 5005 sunt
3106 4969 3293 5008 omnes
3307 4956 3393 5024 qui
3415 4954 3633 5010 audiunt

2061 5041 2220 5096 verba
2264 5040 2458 5095 Christi
2501 5050 2556 5095 et
2596 5055 2702 5095 non
2747 5040 2959 5094 faciunt.
2991 5040 3332 5110 Baptizentur
3358 5059 3484 5113 ergo
3512 5045 3626 5114 qui-

2060 5147 2286 5203 cumque
2315 5147 2343 5186 a
2378 5131 2567 5187 talibus
2595 5132 2841 5201 baptizati
2865 5141 3007 5187 sunt.
3037 5132 3188 5199 Quod
3219 5133 3261 5188 si
3296 5149 3400 5189 non
3432 5133 3508 5201 ﬁt,
3531 5135 3631 5189 sic-

2127 5359 2143 5422 ε
2173 5369 2268 5407 Am.
2297 5366 2347 5408 et
2364 5360 2658 5422 antiquiores
2679 5367 2805 5422 Mss,
2835 5366 2884 5422 ut
2907 5372 3064 5422 sacra.

2125 5421 2145 5450 '
2171 5427 2294 5469 Nova
2315 5420 2530 5483 Cypriani
2547 5421 2718 5483 editio,
2732 5420 3042 5483 adulterinos.
3061 5421 3152 5483 Sed
3177 5423 3324 5471 nostri
3345 5434 3516 5470 omnes
3529 5421 3632 5483 lihtx'

2062 5481 2360 5540 mnstanter,
2396 5481 2656 5532 adulteros.
2678 5481 2847 5530 alludit
2868 5484 3053 5533 Cassius
3075 5482 3132 5530 ad
3159 5483 3274 5532 illud
3300 5483 3443 5531 ttebr.
3465 5497 3545 5539 xu,
3566 5481 3620 5533 8:

2065 5551 2188 5606 Ergo
2213 5540 2441 5606 adulteri,
2459 5549 2612 5606 etnon
2634 5541 2725 5606 ﬁlii
2747 5541 2875 5594 estis.

2175 5610 2306 5667 ιον..
2330 5602 2379 5652 in
2405 5602 2646 5667 Ecclesia.'_
2665 5613 2718 5652 At
2752 5613 2848 5652 Ant.
2871 5613 2942 5654 Er.
2975 5614 3026 5655 et
3048 5605 3278 5654 meliores
3309 5613 3412 5654 stas.
3439 5614 3491 5654 ut
3511 5606 3621 5667 apud

2061 5666 2358 5730 Cyprianum,
2384 5666 2443 5715 de
2467 5664 2678 5730 Ecclesia
2702 5678 2719 5730 ς
2739 5667 2828 5730 sed
2877 5668 2994 5717 inira
3021 5676 3182 5716 tamen
3216 5671 3262 5717 in
3289 5664 3621 5730 Augustiui‘re—

2061 5726 2319 5788 spensione
2338 5728 2514 5788 ferunt,
2540 5726 2591 5777 in
2610 5726 2837 5777 Ecclesia.
