3812 6134
55 346 151 405 217

60 476 109 520 ut
137 464 186 517 in
213 463 355 527 istis,
386 461 458 515 ita
486 459 540 515 in
570 455 835 514 hmreticis
862 451 1166 524 Baptismus
1187 449 1414 516 Christi,
1443 464 1626 505 eorum

61 554 332 624 iniquitate
351 561 406 608 et
425 548 770 621 perversitate
787 544 1036 601 damnata
1060 541 1172 598 sive
1192 548 1454 607 correcta,
1477 551 1635 608 agno-

59 644 277 700 scendus
307 652 365 697 et
389 638 765 709 approbandus
794 645 894 691 est.

122 732 351 789 CAPUT
388 729 581 787 XXXI.
610 759 683 769 —
723 725 812 783 59.
845 725 994 779 Alius
1023 721 1361 779 Secundinus
1389 734 1418 774 a
1448 718 1635 787 Carpis

60 826 183 880 dixit
207 841 219 876 :
245 841 265 874 ι
295 819 543 877 Ηωτειίρὶ
564 815 839 872 christiani
862 823 1005 879 sunt,
1024 828 1091 866 an
1115 810 1258 865 non?
1282 809 1340 864 Si
1357 805 1635 863 christiani

60 924 195 981 sunt,
224 928 323 969 cur
349 912 401 966 in
433 909 670 966 Ecclesia
700 907 793 961 Dei
826 920 929 959 non
954 902 1114 958 sunt?
1143 900 1201 956 Si
1222 898 1502 954 christiani
1525 912 1634 951 non

60 1017 194 1072 sinit,
222 1006 373 1060 ﬁant.
406 1007 512 1060 Aut
539 1018 646 1073 quo
691 997 977 1071 pertinebit
1002 1009 1182 1050 sermo
1215 992 1422 1048 Domini
1445 989 1635 1045 dicen-

64 1102 141 1167 tis,
193 1100 296 1167 Qui
320 1114 422 1153 non
450 1105 524 1151 est
550 1109 742 1148 mecum
765 1132 781 1157 ,
813 1090 1054 1143 adversus
1080 1101 1158 1139 me
1184 1094 1287 1148 est;
1324 1090 1371 1136 et
1406 1082 1493 1152 qui
1533 1096 1636 1135 non

61 1193 241 1264 colligit
261 1206 456 1245 mecum
472 1229 488 1254 ,
512 1185 703 1257 spargit
730 1181 944 1251 (Matth.
968 1195 1065 1244 xu,
1089 1176 1214 1248 30)?
1244 1174 1398 1232 Unde
1427 1182 1637 1229 constat

62 1302 215 1357 super
254 1284 397 1339 ﬁlios
439 1282 643 1335 alienos
684 1285 740 1332 et
780 1273 995 1330 soboles
1031 1268 1331 1325 antichristi
1375 1266 1635 1337 Spiritum

64 1389 294 1436 sanctum
339 1389 435 1445 per
476 1385 664 1426 manus
710 1366 1103 1436 impositionem
1131 1357 1499 1416 tantummodo
1524 1372 1635 1413 non

64 1484 211 1541 posse
238 1463 591 1529 descendere,
621 1475 742 1515 cum
773 1455 1111 1513 manifestum
1136 1451 1207 1508 sit
1229 1450 1511 1506 haereticos
1536 1448 1638 1503 Ba-

64 1559 244 1631 ptisma
273 1572 380 1611 non
414 1554 631 1608 habere.
663 1569 682 1602 ι

127 1649 213 1705 60.
252 1647 393 1702 Huic
420 1641 777 1715 respondetur
807 1658 822 1695 :
854 1637 1022 1710 iniqui
1051 1634 1327 1692 christiani
1364 1640 1527 1700 sunt,
1567 1645 1639 1687 an

66 1739 195 1796 non?
223 1736 284 1794 Si
313 1733 588 1791 christiani
618 1739 762 1795 sunt,
794 1745 891 1786 cur
916 1729 969 1784 in
1000 1727 1089 1783 illa
1116 1734 1267 1796 petra
1298 1740 1403 1780 non
1429 1732 1555 1780 sunt
1582 1723 1637 1779 in

65 1845 156 1901 qua
185 1828 481 1884 mdiﬁcatur
510 1822 780 1886 Ecclesia;
812 1817 1190 1875 audiuntcnim
1226 1815 1386 1870 verba
1413 1813 1636 1880 Christi,

66 1931 115 1977 et
140 1935 240 1975 non
269 1918 489 1974 faciunt.
522 1915 580 1969 Si
607 1911 880 1968 christiani
914 1926 1018 1964 non
1046 1917 1190 1972 sunt,
1219 1907 1367 1961 ﬁant.
1400 1907 1506 1960 Aut
1534 1919 1639 1975 quo

67 2009 345 2082 pertinebit
369 2022 549 2063 sermo
575 2002 787 2059 Domini
808 1999 1057 2065 dicentis,
1087 1997 1184 2065 Qui
1206 2013 1305 2050 non
1328 2006 1398 2050 est
1420 2011 1634 2060 mecum,

66 2103 319 2157 adversum
348 2115 427 2152 me
454 2105 560 2163 est;
588 2103 635 2150 et
670 2094 754 2163 qui
796 2108 992 2146 mecum
1017 2106 1115 2144 non
1141 2089 1368 2159 colligit,
1407 2087 1640 2157 spargit?

68 2193 322 2263 Spargqu
345 2189 489 2245 enim
520 2201 648 2241 oves
675 2185 822 2254 ejus,
857 2182 945 2252 qui
973 2195 1065 2236 eas
1086 2179 1149 2234 ad
1180 2193 1391 2233 morum
1419 2192 1638 2231 suorum

68 2284 228 2338 labem
257 2296 418 2352 prava
445 2278 740 2333 imitatione
769 2273 1084 2343 perducunt.
1114 2269 1265 2326 Unde
1288 2275 1518 2334 constat,
1551 2282 1641 2321 su-

70 2391 155 2446 per
182 2374 318 2428 lilios
344 2372 548 2426 alienos
575 2365 756 2438 (quod
786 2377 974 2418 omnes
1000 2360 1164 2430 iniqui
1194 2356 1551 2429 appellantur)
1585 2365 1641 2412 et

67 2464 269 2519 soboles
296 2458 614 2516 Antichristi
638 2455 801 2528 (quod
827 2463 953 2509 sunt
978 2465 1166 2507 omnes
1191 2449 1281 2521 qui
1300 2449 1515 2504 Christo
1539 2447 1640 2503 ad-

70 2554 355 2622 versantur)
371 2550 628 2623 Spiritum
649 2555 892 2603 sanctum
920 2559 1013 2614 per
1030 2556 1222 2597 manus
1242 2540 1637 2611 impositionem

72 2645 423 2701 tantummodo
448 2659 555 2698 non
583 2654 742 2711 posse
768 2634 1118 2701 descendere,
1140 2634 1185 2689 si
1211 2631 1389 2688 cordis
1414 2646 1522 2686 non
1545 2630 1642 2686 ad.

73 2742 133 2794 sit
151 2755 269 2795 vera
289 2736 603 2798 conversio;
626 2748 746 2787 cum
773 2729 1112 2785 manifestum
1134 2726 1204 2781 sit
1224 2725 1430 2795 iniquos
1450 2739 1643 2795 quam-

73 2832 152 2888 diu
180 2830 344 2900 iniqui
366 2836 527 2893 sunt,
560 2825 828 2895 Baptisma
857 2820 1072 2892 quidem
1096 2832 1255 2890 posse
1285 2816 1510 2881 habere,
1544 2813 1640 2870 sed

76 2922 280 2976 salutem
303 2920 456 2989 cujus
477 2922 868 2973 sacramentum
892 2910 1161 2981 Baptisms
1181 2917 1285 2973 est,
1307 2907 1503 2961 habere
1534 2914 1640 2961 non

76 3028 234 3080 posse.
280 3010 568 3067 Videamus
614 3006 757 3061 enim
803 3003 848 3059 si
900 3001 1135 3056 haeretici
1171 2998 1549 3054 describuntur
1585 2997 1639 3052 in

76 3104 262 3172 psalmo
292 3102 406 3167 illo,
439 3099 529 3154 ubi
558 3098 624 3153 de
650 3096 772 3151 ﬁliis
801 3093 990 3150 alienis
1016 3093 1091 3147 ita
1117 3091 1315 3146 dicitur
1344 3107 1357 3143 :
1390 3088 1636 3154 Domine,

77 3194 213 3248 libera
239 3211 316 3248 me
343 3193 409 3247 de
440 3207 593 3245 manu
621 3188 847 3260 ﬁliorum
886 3186 1198 3251 alienarum,
1230 3200 1447 3254 quorum
1473 3199 1529 3236 os
1558 3182 1641 3236 lo-

78 3296 229 3339 cutum
256 3294 329 3338 est
360 3283 650 3348 vanitatem,
673 3290 719 3334 et
742 3278 949 3334 dextera
977 3292 1149 3332 eorum
1177 3275 1381 3329 dextera
1407 3274 1640 3346 iniquita-

82 3378 161 3442 tis;
178 3392 390 3447 quorum
411 3375 507 3444 ﬁlii
528 3389 699 3427 eorum
718 3373 734 3403 ι
756 3372 890 3426 velut
914 3369 1124 3424 novellte
1147 3367 1494 3433 constabilitas,
1519 3367 1643 3436 ﬁlia:

81 3484 232 3521 eorum
271 3475 469 3521 ornata:
508 3466 639 3519 sicut
677 3462 956 3517 similitudo
984 3461 1175 3529 templi.
1213 3458 1432 3515 Callaria
1469 3474 1641 3512 eorum

83 3560 235 3626 plena,
263 3556 584 3613 cructuantia
611 3571 674 3608 ea:
697 3554 791 3607 hoc
815 3554 868 3607 iu
899 3552 992 3606 hoc
1018 3566 1166 3605 :oves
1194 3566 1363 3603 eorum
1392 3551 1642 3620 fecundat,

83 3649 457 3718 multiplicantes
483 3645 535 3698 in
559 3643 773 3698 exitibus
799 3643 936 3707 suis;
963 3642 1109 3695 boves
1128 3656 1302 3693 eorum
1332 3638 1524 3693 crassi:
1543 3655 1645 3692 non

84 3750 144 3793 cst
167 3741 309 3793 ruina
339 3736 592 3801 maceriae,
625 3727 782 3805 neque
811 3734 972 3787 exitus
995 3772 1010 3797 ,
1043 3746 1201 3800 neque
1230 3728 1423 3782 clamor
1448 3730 1502 3783 in
1531 3729 1646 3797 pla-

85 3833 159 3887 teis
173 3849 361 3887 eorum.
385 3830 599 3885 Beatum
620 3829 852 3882 dixerunt
871 3823 1115 3897 populum
1131 3823 1214 3876 cui
1238 3822 1344 3876 haec
1359 3831 1504 3885 sunt;
1527 3823 1649 3876 bea-

86 3933 151 3977 tus
171 3923 387 3993 populus
408 3923 553 3993 cujus
576 3930 646 3974 est
669 3917 924 3972 Dominus
946 3914 1084 3969 Deus
1103 3911 1438 3986 ipsius(l’sal.
1457 3927 1644 3978 cxuu,

88 4016 249 4086 7-l5).
281 4015 337 4071 Si
371 4029 500 4083 ergo
527 4012 611 4067 isti
644 4018 767 4065 sunt
793 4008 883 4062 lilii
914 4005 1094 4072 alieni,
1124 4006 1213 4076 qui
1247 4003 1298 4058 in
1326 4002 1486 4057 rebus
1512 4010 1651 4056 tem-

88 4107 341 4174 poralibus
368 4115 423 4160 et
446 4102 767 4159 abundantia
795 4109 1025 4154 terrena:
1061 4095 1328 4152 felicitatis
1368 4092 1652 4148 beatitudi-

86 4213 193 4251 nem
222 4206 447 4269 ponunt,
475 4205 528 4249 et
555 4192 732 4249 divina
765 4197 1029 4261 prmcepta
1058 4192 1437 4249 contemnunt,
1463 4181 1649 4237 videa-

88 4304 192 4343 mus
227 4290 273 4345 si
315 4303 422 4342 non
465 4285 627 4341 iidem
670 4281 770 4352 ipsi
799 4291 923 4335 sunt
949 4278 1015 4334 de
1044 4277 1232 4348 quibus
1257 4274 1552 4345 Cyprianus
1579 4275 1650 4327 ita

89 4377 220 4447 dicit,
250 4380 301 4434 in
334 4393 395 4432 se
418 4389 629 4447 quoque
652 4369 1031 4447 transﬁgurans
1054 4382 1168 4433 eos,
1193 4374 1252 4421 ut
1277 4366 1345 4421 de
1371 4364 1454 4420 his
1480 4379 1539 4419 se
1566 4363 1651 4419 di-

90 4485 195 4525 cere
205 4446 477 4535 ostendat,
493 4480 614 4521 cum
634 4446 826 4533 quibus
841 4461 1184 4516 Sacramenta
1205 4454 1650 4511 communicabat:

95 4580 110 4611 ι
138 4563 258 4617 Dum
288 4562 428 4617 viam
470 4557 713 4624 Domini,
746 4575 765 4609 ι
794 4555 998 4625 inquit,
1039 4571 1057 4604 ‹
1092 4566 1197 4605 non
1246 4560 1522 4613 tenemus,
1555 4561 1654 4603 nec

91 4652 195 4706 data
235 4652 390 4708 nobis
430 4649 498 4704 ad
538 4648 762 4704 salutem
800 4644 1038 4701 cmlestia
1071 4639 1319 4696 mandata
1357 4652 1651 4693 servamus.

94 4742 225 4799 Fecit
252 4742 511 4799 Dominus
539 4750 721 4795 noster
749 4737 1075 4792 voluntatem
1103 4732 1274 4787 Patris
1294 4772 1312 4799 ,
1342 4737 1398 4785 et
1424 4743 1521 4783 nos
1550 4744 1656 4785 non

96 4836 297 4890 facimus
328 4832 536 4889 Domini
565 4830 914 4893 voluntatem,
950 4822 1268 4895 patrimonio
1294 4829 1348 4876 et
1376 4820 1525 4875 lucro
1545 4827 1659 4873 stu-

96 4923 283 4989 dentes,
306 4923 608 4995 superbiam
636 4927 923 4983 sectantes,
945 4925 1001 4972 et
1019 4923 1210 4971 caitera
1240 4932 1259 4965 ι
1285 4909 1504 4982 (Epist.l
1520 4912 1567 4975 Ι,
1591 4909 1659 4962 ad

100 5013 341 5087 Clericos).
392 5017 463 5069 At
501 5014 544 5068 si
590 5012 678 5066 isti
706 5009 1032 5079 Baptismum
1064 5014 1117 5060 et
1144 5003 1342 5058 habere
1371 5010 1427 5057 et
1450 5000 1661 5056 tradere

104 5116 345 5173 poterant,
372 5120 470 5160 cur
495 5111 716 5174 negatur
736 5114 856 5155 esse
881 5111 1036 5167 posse
1058 5096 1109 5150 in
1139 5094 1260 5149 (iliis
1284 5091 1506 5147 alienis?
1527 5105 1660 5160 quos

106 5212 259 5254 :amen
284 5198 529 5253 hortatur
554 5204 612 5249 ut
633 5192 871 5250 ctelestia
901 5189 1148 5245 mandata
1177 5186 1464 5253 servando,
1496 5185 1661 5240 inissa

106 5289 190 5345 sibi
223 5307 316 5362 per
341 5290 554 5345 unicum
584 5285 809 5353 Filium,
843 5281 1035 5338 fratres
1065 5279 1182 5350 ejus
1204 5287 1260 5335 et
1292 5277 1385 5333 lilii
1417 5272 1513 5334 Dei
1542 5290 1663 5332 esse

108 5391 408 5436 intereantur.
616 5384 619 5389 ’

166 5470 381 5528 CAPUT
412 5467 702 5526 XXXll.——
726 5463 1129 5522 61.Victoricus
1157 5475 1187 5515 a
1208 5458 1481 5515 Thabraca
1502 5456 1662 5513 dixit:

115 5560 166 5615 Si
191 5562 295 5617 licet
338 5561 586 5616 hwre:icis
629 5557 885 5628 baptizare
904 5596 920 5622 ,
963 5563 1010 5611 et
1050 5551 1311 5609 remissam
1347 5558 1668 5611 peccatorum

167 5761 183 5792 ¹
201 5767 279 5813 the
300 5774 362 5813 ex
389 5767 495 5811 Mss.
519 5756 723 5820 additur,
750 5764 930 5806 conari.

1401 332 1603 390 LIBER
1639 332 1928 390 SEXTUS.

3216 338 3322 395 2i8

1748 447 1903 513 dare;
1932 448 2055 518 quid
2078 447 2196 503 illas
2224 448 2550 517 infamamus,
2578 459 2632 501 ut
2662 447 2922 504 haereticos
2949 451 3304 521 appellemus!

1818 536 1907 591 62.
1939 536 2111 604 Quid,
2154 538 2198 592 si
2244 537 2380 593 alius
2422 537 2660 592 diceret:
2688 539 2743 594 Si
2775 538 2899 594 licet
2927 540 3120 609 iniquis
3158 539 3302 609 bapti

1748 641 1870 682 zare
1892 668 1907 691 ,
1935 635 1991 681 et
2017 628 2293 681 remissam
2326 637 2657 696 peccatorum
2683 627 2841 693 dare;
2872 629 2999 699 quid
3031 631 3151 685 illos
3190 630 3326 685 infa-

1745 732 1983 785 mamus,
2014 726 2071 772 ut
2101 718 2307 787 iniquos
2336 717 2456 772 illos
2484 718 2848 787 appellemus?
2876 720 3027 787 Quod
3068 721 3191 777 huic
3232 736 3323 776 re-

1744 807 2098 877 sponderetur
2125 808 2193 863 de
2222 809 2447 879 iniquis,
2486 808 2586 862 hoc
2622 819 2675 864 et
2720 809 2795 864 illi
2834 810 3229 880 respondeatur
3262 812 3331 866 de

1744 898 2043 967 haereticis;
2076 900 2126 954 id
2151 910 2237 956 est
2255 942 2270 965 ,
2304 916 2477 969 neque
2504 916 2689 956 eorum
2717 916 2836 955 csse
2862 902 3191 972 Baptismnm
3219 920 3328 974 quo

1746 992 2013 1062 baptizant
2032 1034 2047 1060 ,
2072 1002 2127 1047 et
2166 1008 2271 1047 non
2297 1008 2416 1049 esse
2442 1008 2780 1063 consequens
2811 1003 2867 1048 ut
2894 995 3135 1065 quisquis
3163 994 3328 1051 habet

1745 1083 2073 1154 Baptismnm
2100 1083 2317 1150 Christi,
2350 1085 2509 1140 etiam
2536 1085 2603 1140 de
2641 1097 2977 1155 peccatorum
3010 1089 3327 1144 remissione

1743 1189 1963 1229 sccurns
1987 1176 2082 1239 sit;
2114 1178 2160 1230 si
2188 1176 2287 1230 hoc
2312 1176 2366 1229 in
2392 1175 2742 1231 Sacramento
2771 1185 2972 1230 tantum
3003 1177 3193 1243 habet,
3226 1193 3327 1235 nec

1743 1267 1920 1325 veraci
1958 1267 2136 1321 cordis
2170 1268 2518 1322 conversione
2545 1268 2561 1298 ¹
2586 1282 2878 1322 conversus
2905 1277 3007 1335 est,
3034 1278 3093 1323 ut
3133 1268 3320 1327 dimit-

1745 1357 1875 1412 tenti
1904 1356 2280 1413 dimitteretur.

1813 1446 2040 1503 CAPUT
2077 1446 2316 1502 XXXlll.
2346 1477 2419 1488 -
2457 1449 2546 1504 65.
2592 1448 2743 1504 Alius
2785 1448 2938 1505 Felix
2982 1449 3051 1504 ab
3091 1449 3331 1508 Uthina'

1742 1537 1917 1592 dixit:
1951 1537 2157 1592 Nemini
2200 1539 2410 1592 dubiant
2453 1548 2560 1602 est,
2583 1540 2891 1594 sanctissimi
2913 1542 3326 1613 consacerdotes,

1743 1643 1846 1681 non
1871 1630 1922 1681 in
1944 1637 2137 1682 tantum
2166 1646 2314 1699 posse
2334 1629 2355 1660 ³
2376 1629 2653 1683 humanam
2685 1633 3147 1703 prtesumptionem,
3166 1650 3330 1704 quan-

1745 1726 1848 1770 tum
1874 1716 2082 1771 Domini
2108 1719 2266 1772 nostri
2292 1717 2419 1772 Iesu
2446 1719 2634 1774 Christi
2659 1720 2978 1774 adorandum
3001 1731 3047 1776 et
3070 1724 3330 1778 venerabi-

1744 1808 1841 1862 lem
1865 1809 2195 1878 majcstatem.
2219 1808 2469 1864 Mentorea
2490 1827 2608 1881 ergo
2634 1812 2868 1882 periculi,
2897 1812 3207 1884 hocquoque
3225 1830 3330 1871 nats

1747 1908 1945 1952 tantum
1981 1900 2243 1971 observare
2265 1900 2514 1965 debemus,
2543 1919 2712 1956 verum
2732 1904 2880 1956 etiam
2898 1904 2960 1957 ab
2985 1904 3213 1961 omnibus
3236 1923 3332 1962 no-

1743 1989 1819 2043 bis
1847 1991 2189 2059 conﬁrmare,
2213 2000 2270 2044 ut
2295 2008 2464 2046 omnes
2495 1993 2716 2047 haeretici
2741 1994 2829 2064 qui
2858 1994 2926 2047 ad
2954 1994 3120 2048 sinum
3149 1999 3326 2053 matris

1744 2079 1989 2155 Ecclesiq:
2006 2091 2300 2167 accurrunt,
2318 2082 2664 2153 baptizentur;
2695 2095 2749 2137 ut
2775 2101 2913 2138 mens
2937 2088 3191 2154 haeretica,
3213 2104 3328 2160 qua:

1745 2174 1988 2227 diuturna
2019 2173 2133 2228 tabe
2167 2175 2364 2243 polluta
2391 2183 2494 2240 est,
2532 2176 2935 2244 sanctiﬁcatione
2973 2178 3161 2234 lavacri
3201 2198 3329 2250 pur-

1743 2275 1866 2336 gata
1892 2266 1947 2320 in
1976 2265 2156 2319 melius
2181 2266 2502 2336 reformatur.
3089 2325 3092 2328 ,

1817 2355 1906 2411 64.
1950 2356 2216 2411 Fortassis
2245 2356 2344 2410 iste
2373 2357 2461 2426 qui
2504 2357 2558 2411 in
2598 2357 2848 2413 diuturna
2894 2359 3014 2414 tabe
3057 2361 3330 2431 purganda

1747 2461 1963 2503 causam
1993 2448 2189 2517 posuit,
2218 2464 2313 2502 cur
2334 2447 2591 2503 deberent
2622 2449 2856 2504 haeretici
2889 2451 3179 2520 baptizari,
3204 2468 3330 2522 par-

1748 2548 1899 2595 ceret
1922 2540 2000 2595 eis
2025 2539 2115 2609 qui
2141 2539 2194 2593 in
2220 2539 2449 2609 aliquam
2482 2539 2730 2596 huircsim
2760 2541 3023 2596 irruentes
3051 2543 3243 2612 exiguo
3269 2544 3333 2598 il-

1749 2631 1817 2686 lic
1858 2640 2099 2700 tempore
2141 2629 2397 2694 fuissent,
2430 2638 2486 2685 et
2514 2631 2621 2685 cito
2650 2632 2882 2685 correcti
2911 2631 2977 2685 ad
3002 2631 3331 2690 Catholicam

1749 2720 1872 2776 inde
1903 2719 2241 2791 migrassent.
2286 2719 2486 2774 Deinde
2511 2729 2565 2775 et
2594 2720 2707 2789 ipse
2736 2736 2922 2790 parum
2952 2720 3216 2787 advertit,
3258 2725 3331 2780 ita

1747 2812 1851 2868 dici
1901 2826 2090 2883 posse,
2112 2819 2174 2866 ut
2226 2810 2391 2885 iniqui
2442 2826 2631 2865 omnes
2657 2811 2746 2880 qui
2771 2811 2837 2865 ad
2869 2812 3010 2865 illam
3042 2822 3248 2881 petram
3275 2814 3331 2869 in

1748 2918 1851 2974 qua
1881 2901 2122 2957 Ecclesia
2160 2900 2505 2970 signiﬁcatur,
2537 2910 2843 2967 accurrunt,
2863 2900 3232 2969 baptizeutnr;
3273 2911 3336 2958 ut

1749 3007 1906 3049 mens
1937 2982 2270 3062 iniqna'quze
2304 3001 2456 3046 extra
2498 3000 2703 3062 petram
2745 2990 2796 3044 in
2836 3006 2997 3045 arena
3036 2990 3335 3047 tedilirabat

1747 3083 2012 3139 audiendo
2038 3083 2198 3139 verba
2227 3081 2422 3139 Christi
2472 3090 2529 3137 et
2568 3098 2675 3137 non
2721 3083 2963 3137 faciendo
2987 3124 3003 3149 ,
3034 3084 3335 3140 sanctiﬁca-

1750 3175 1894 3230 tione
1922 3174 2120 3230 lavacri
2145 3182 2366 3245 purgata
2398 3174 2451 3229 in
2474 3175 2663 3229 melius
2688 3173 3012 3229 reformetur
3035 3192 3046 3227 :
3071 3183 3128 3230 et
3153 3184 3333 3231 tamen

1750 3281 1856 3321 non
1888 3266 1967 3334 lit,
1990 3267 2034 3321 si
2056 3267 2166 3336 jam
2197 3266 2445 3335 baptizati
2467 3274 2610 3333 sunt,
2636 3266 2793 3319 etiam
2818 3266 2860 3320 si
2888 3265 3180 3334 probentur
3201 3268 3335 3324 tales

1748 3358 1915 3413 fuisse
1942 3371 2064 3413 cum
2092 3357 2518 3426 baptizareutur;
2550 3355 2601 3409 id
2627 3363 2727 3419 est,
2760 3363 2816 3409 ut
2842 3354 3041 3410 sa-culo
3072 3356 3249 3412 verbis
3276 3364 3335 3411 et

1750 3466 1858 3506 non
1889 3450 2042 3505 factis
2064 3449 2451 3504 renuntiarent.

1820 3541 2044 3598 CAPUT
2082 3539 2416 3596 XXXIV.-—
2449 3539 2537 3594 65.
2566 3539 2787 3606 Quietus
2828 3552 2859 3591 a
2904 3537 3118 3593 Buruch
3156 3537 3330 3592 dixit:

1757 3654 1776 3688 s
1809 3636 1908 3704 Qui
1938 3634 2043 3690 ﬁde
2065 3635 2308 3700 vivimus,
2327 3631 2548 3701 obsequi
2577 3631 2658 3685 his
2679 3645 2797 3700 qua:
2824 3629 3150 3684 instruendis
3179 3628 3335 3684 nobis

1752 3739 1876 3785 ante
1901 3727 2155 3799 praedicta
2184 3734 2328 3791 sunt,
2357 3724 2572 3780 credula
2596 3722 2618 3754 ⁸
2644 3721 3021 3777 observatione
3049 3720 3331 3802 debemus.

1751 3821 1882 3876 Nam
1910 3819 2167 3890 scriptum
2193 3827 2274 3872 est
2298 3816 2437 3886 apud
2463 3816 2827 3877 Salomoncm,
2858 3812 2957 3880 Qui
2985 3812 3273 3882 baptizatur
3301 3828 3336 3865 ιι

1752 3921 1952 3965 mortuo
1978 3910 2021 3976 ⁸,
2056 3908 2178 3979 quid
2204 3907 2404 3980 proﬁcit
2432 3906 2617 3960 lavatio
2643 3905 2751 3976 ejus
2774 3901 2959 3972 (Eccli.
2990 3918 3172 3964 xxxtv.
3200 3902 3337 3972 30)?

1753 4000 1906 4070 Quod
1936 4001 2117 4069 utique
2148 3998 2214 4054 de
2240 3998 2324 4052 bis
2355 3996 2442 4066 qui
2471 3998 2540 4050 ab
2568 3993 2833 4049 hmreticis
2861 3993 3156 4062 tinguntur,
3182 4000 3238 4047 ct
3262 3991 3332 4048 de

1755 4090 2082 4163 tingentibus
2110 4089 2361 4159 loquitur.
2394 4085 2450 4142 Si
2472 4086 2614 4141 enim
2637 4085 2726 4154 qui
2757 4082 2896 4152 apud
2929 4083 3045 4135 illos
3065 4082 3336 4151 baptizan-

1755 4192 1876 4250 tur,
1926 4196 2023 4252 per
2065 4179 2435 4235 remissionem
2484 4184 2819 4245 peccatorum
2865 4173 3030 4225 vitam
3077 4182 3336 4227 aeternam

1755 4280 2161 4347 consequuntur
2182 4313 2197 4337 ,
2226 4286 2322 4326 cur
2347 4269 2413 4324 ad
2453 4267 2746 4323 Ecclesiam
2777 4263 3033 4319 veniunt?
3063 4262 3119 4317 Si
3150 4276 3280 4317 vero
3303 4278 3337 4318 a

1755 4377 1969 4426 mortuo
2011 4364 2197 4420 salutis
2240 4361 2371 4417 nihil
2413 4357 2685 4428 accipitur,
2719 4371 2782 4410 ae
2816 4363 3098 4425 propterea
3124 4352 3338 4423 cognito

1758 4474 1942 4517 errore
1967 4455 2190 4528 pristino
2208 4493 2225 4520 ,
2257 4451 2323 4506 ad
2353 4450 2630 4504 veritatem
2660 4461 2782 4502 cum
2808 4443 3120 4514 poenitentia
3151 4457 3336 4497 rever-

1757 4559 1972 4615 tuntur;
1998 4560 2103 4602 uno
2120 4543 2264 4599 vitali
2287 4542 2631 4611 Baptismate,
2654 4536 2795 4608 quod
2818 4537 2869 4591 in
2892 4533 3129 4590 Ecclesia
3152 4531 3338 4588 catho-

1758 4644 1860 4699 lica
1884 4652 1986 4708 est,
2014 4633 2329 4694 sanetilicari
2351 4632 2640 4688 debebunt.
2672 4649 2692 4683 ι

1831 4733 1919 4790 66.
1949 4728 2085 4799 Quid
2114 4728 2184 4784 sit
2203 4735 2453 4781 amortno
2474 4721 2753 4793 baptizari,
2784 4719 2900 4774 sine
2925 4715 3232 4788 praeiudicio
3258 4715 3342 4770 di-

1760 4825 2055 4898 ligentioris
2103 4819 2342 4891 ejusdem
2400 4816 2687 4886 Scriptura:
2713 4810 3184 4876 considerationis,
3213 4810 3342 4864 alibi

1756 4919 1867 4989 jam
1912 4914 2143 4973 diximus
2176 4910 2386 4982 (Contra
2420 4906 2817 4961 Parmenianum
2856 4901 2943 4956 lib.
2990 4901 3046 4967 2,
3073 4916 3190 4970 cap.
3229 4900 3342 4969 10).

1762 5009 1956 5079 Quaero
2013 5014 2190 5061 autem
2247 5017 2343 5057 cur
2389 4998 2666 5053 hazreticos
2715 4993 2858 5048 solos
2905 4992 3071 5047 velint
3124 4990 3373 5063 intelligt‘

1763 5109 2024 5168 mortuos,
2042 5112 2161 5153 cum
2192 5093 2387 5148 Paulus
2406 5087 2674 5159 apostolus
2697 5084 3018 5157 generaliter
3036 5082 3103 5138 de
3123 5093 3346 5151 peccato

1764 5192 1994 5257 dixerit,
2042 5184 2363 5258 Stipendium
2392 5179 2605 5252 peccati,
2637 5193 2773 5232 mors
2798 5176 2815 5247 (
2847 5174 2996 5228 Rom.
3022 5189 3097 5239 vt,
3120 5171 3213 5242 23)
3244 5188 3258 5237 ;
3292 5181 3349 5226 et

1832 5373 1852 5429 ε
1876 5368 2044 5418 Plures
2064 5373 2153 5429 Mss
2174 5398 2189 5424 ,
2215 5356 2519 5429 confessione.

1832 5423 1852 5464 ί
1871 5409 2189 5501 agisagis;
2204 5409 2561 5479 istassoaex,
2593 5430 2627 5467 a
2652 5413 2847 5467 Tubina.
2895 5413 2981 5463 Alii
3002 5409 3193 5475 quidam
3215 5413 3348 5467 ωε..

1770 5493 2030 5601 αὺιθεῗιῗξί
2051 5547 2233 5608 aliquot
2255 5552 2382 5608 Mss,
2405 5555 2499 5592 non
2524 5546 2882 5608 tantumposse.

1835 5617 1857 5647 δ
1879 5591 2419 5661 ἂίιιῖτῦἱίέἇέἱὲέὀᾶἑκ
2446 5591 2498 5667 et
2515 5591 2924 5667 Cyprianiieditio,
2938 5591 3123 5667 sedula.

1835 5676 1856 5707 ι
1873 5654 2426 5729 afﬂictantem
2441 5654 2699 5729 adddau‘et
2721 5660 2896 5729 iterum
2904 5654 3059 5729 tangit
3081 5658 3353 5705 mortuum:

1772 5717 2053 5796 mat'é'i'hoc
2077 5717 2219 5779 enini
2233 5717 2414 5791 'addito,
2436 5727 2573 5799 locus
2592 5717 2649 5775 ad
2674 5735 2779 5773 rem
2802 5717 2918 5768 nihil
2941 5717 3067 5766 facit.
