3812 6158
472 245 578 299 219

472 353 689 416 iterum,
715 351 907 422 Sapere
923 359 1086 405 autem
1109 351 1379 404 secundum
1406 367 1605 404 carnem
1634 367 1767 404 mors
1784 358 1855 404 est
1883 347 2054 422 (Rom.

469 446 684 516 un,6).
715 446 780 500 Et
811 461 930 500 cum
967 453 1227 498 mortuam
1269 444 1411 498 dicat
1450 443 1661 498 viduam
1720 458 1838 512 qua:
1883 440 2054 496 inde-

471 537 608 592 liciis
637 538 762 592 vivit
791 537 833 606 (l
863 537 993 590 Tim.
1026 553 1078 603 v,
1112 536 1214 607 6.),
1244 537 1511 606 quomodo
1552 552 1658 590 non
1685 545 1806 589 sunt
1836 535 2050 598 mortui,

469 628 556 696 qui
581 629 774 682 szcculo
800 628 976 683 verbis
1006 636 1060 682 et
1086 643 1189 681 non
1218 627 1368 681 lactis
1396 627 1739 682 renuntiant?
1759 627 1895 692 Quid
1927 641 2055 695 ergo

468 721 680 790 prolicit
708 722 903 775 lavatio
928 721 1043 791 ejus
1069 723 1156 791 qui
1188 721 1254 774 ab
1284 721 1397 774 istis
1427 720 1757 788 baptizatur:
1792 719 1891 772 nisi
1928 720 2051 788 quia

466 820 522 864 et
550 811 663 879 ipse
688 812 732 866 si
769 812 888 866 talis
909 819 1022 872 est,
1050 811 1316 864 lavacrum
1365 809 1578 880 quidem
1611 809 1789 871 habet,
1820 808 1913 863 sed
1946 824 2049 861 non

466 917 515 956 et
540 901 744 971 prolicit
769 903 834 957 ad
862 902 1131 958 salutem?
1157 902 1210 956 Si
1240 909 1417 957 autem
1450 902 1535 955 ille
1563 917 1589 954 a
1625 917 1728 970 quo
1758 902 2053 970 baptizatur

463 994 586 1048 talis
605 1003 710 1061 est,
741 995 840 1050 iste
867 1010 993 1050 vero
1021 1009 1123 1050 non
1168 993 1302 1049 l‘also
1328 993 1489 1048 corde
1535 992 1599 1046 ad
1640 993 1802 1047 Deum
1833 1007 2054 1046 conver-

464 1085 624 1150 titur;
650 1100 755 1139 non
794 1085 862 1140 ab
900 1085 990 1139 illo
1018 1093 1226 1138 mortuo
1261 1083 1574 1153 baptizatur,
1605 1083 1696 1137 sed
1725 1083 1906 1136 abillo
1931 1081 2049 1135 vivo

461 1177 530 1234 de
559 1193 664 1248 quo
693 1178 891 1233 dictum
918 1187 1019 1244 est,
1045 1176 1164 1249 Ipse
1193 1186 1284 1245 est,
1303 1178 1388 1248 qui
1415 1176 1634 1246 baptizat
1659 1175 1834 1244 (Joan.
1865 1192 1900 1237 I,
1924 1174 2046 1240 55);

463 1270 700 1339 quolibet
721 1271 1064 1340 corporaliter
1102 1280 1355 1341 operante
1393 1270 1638 1338 baptizct.
1670 1268 1820 1335 Quod
1869 1275 2046 1322 autem

463 1361 537 1414 ait
560 1360 626 1415 de
654 1361 935 1426 haereticis,
961 1360 1024 1416 Si
1046 1362 1179 1416 enim
1197 1361 1281 1430 qui
1305 1359 1444 1430 apud
1463 1359 1576 1413 illos
1596 1359 1934 1427 baptizantur,
1959 1376 2048 1428 per

459 1453 801 1507 remissionem
825 1462 1142 1524 peccatorum
1179 1455 1330 1507 vitam
1373 1462 1611 1506 a'ternam
1648 1462 2045 1521 conscqunntur,

461 1558 552 1597 cur
575 1546 642 1598 ad
674 1544 949 1601 Ecclesiam
975 1547 1177 1600 veniunt
1203 1547 1227 1599 ?
1249 1543 1597 1614 respondetur
1622 1565 1631 1596 :
1654 1544 1776 1598 Ideo
1807 1544 2042 1606 veniunt,

461 1635 583 1703 quia
610 1634 819 1690 etiamsi
863 1635 1056 1690 Christi
1088 1636 1412 1704 Baptisntum
1443 1649 1610 1702 usque
1637 1634 1702 1687 ad
1729 1633 2043 1688 sacramenti

457 1724 868 1781 celebrationem
892 1734 1260 1796 perceperunt,
1286 1735 1460 1780 tamen
1484 1726 1641 1778 vitam
1666 1734 1918 1779 aeternam
1943 1725 2042 1779 nisi

458 1827 554 1881 per
579 1816 794 1869 unitatis
823 1815 1134 1870 eharitatem
1165 1831 1268 1868 non
1309 1823 1737 1884 consequuntur:
1772 1815 1907 1867 sicut
1945 1829 2043 1869 nec

455 1907 528 1960 illi
558 1907 800 1962 malevoli
833 1917 886 1962 et
911 1907 1093 1972 invidi,
1123 1908 1315 1978 quibus
1353 1923 1458 1960 non
1499 1906 1892 1960 dimitterentur
1921 1921 2044 1974 pec-

453 2008 592 2064 cata,
619 2013 714 2053 nec
737 1999 780 2054 si
809 1998 1062 2054 adversus
1092 2013 1184 2053 eos
1211 1999 1387 2052 odium
1411 2006 1652 2053 tenerent
1679 2013 1706 2050 a
1735 1999 1922 2066 quibus
1945 2015 2040 2067 pa-

454 2096 694 2143 terentur
742 2089 1023 2158 injuriam;
1063 2090 1184 2159 quia
1236 2089 1442 2143 Veritas
1463 2089 1626 2153 dixit,
1661 2089 1720 2142 Si
1748 2106 1846 2142 non
1885 2090 2041 2142 dimi-

452 2180 645 2245 seriiis,
671 2196 758 2232 nec
788 2179 943 2233 Pater
963 2188 1118 2233 uester
1146 2181 1355 2234 dimittet
1395 2180 1571 2249 vobis(
1601 2179 1782 2234 Matth.
1813 2197 1884 2246 vt,
1916 2180 2037 2251 15):

455 2281 656 2340 quanto
698 2273 866 2342 magis
895 2288 1015 2326 cmn
1053 2286 1145 2326 eos
1186 2272 1426 2336 oderant,
1454 2273 1642 2341 quibus
1679 2271 2042 2325 retribuehant

456 2363 592 2416 mala
615 2378 708 2432 pro
731 2363 881 2418 bonis
900 2363 1067 2434 (Psal.
1086 2380 1262 2428 xxxw,
1285 2366 1398 2436 l2)?
1416 2365 1522 2420 Nec
1540 2375 1714 2420 tamen
1736 2366 1817 2419 isti
1841 2367 2039 2420 saeculo

454 2453 632 2507 verbis
657 2453 786 2508 solis
814 2462 867 2509 ct
892 2469 996 2508 non
1024 2456 1172 2509 laetis
1200 2457 1594 2521 renuntiantes,
1627 2457 1670 2511 si
1704 2466 1884 2526 postea
1915 2472 2036 2511 cor-

454 2544 756 2614 rigerentur
776 2587 790 2611 ,
824 2561 1006 2601 rursus
1045 2548 1474 2616 baptizarentur;
1504 2548 1598 2603 scd
1625 2565 1730 2602 uno
1761 2550 1901 2603 vitali
1934 2551 2036 2604 Ba-

457 2636 702 2706 ptismate
722 2637 1193 2692 sanctiﬁcarentur.
1236 2639 1388 2704 Quod
1433 2639 1645 2708 quidem
1677 2639 1727 2692 in
1765 2639 2036 2694 Catholica

452 2737 554 2790 est,
584 2728 677 2782 sed
719 2746 825 2782 non
865 2730 915 2782 in
947 2731 1088 2795 sola;
1127 2731 1263 2785 sicut
1293 2746 1391 2786 nec
1440 2732 1492 2785 in
1537 2732 1736 2786 sanctis
1776 2733 1926 2797 solis,
1949 2733 2035 2801 qui

451 2816 694 2871 :edilicati
739 2829 864 2873 sunt
892 2834 1052 2889 super
1081 2830 1316 2890 petram,
1341 2831 1396 2876 et
1439 2837 1504 2876 ex
1544 2822 1736 2892 quibus
1767 2822 1919 2878 unica
1950 2824 2038 2878 illa
2081 2879 2090 2884 _

450 2909 694 2963 columba
724 2910 989 2976 perlicitnr
1017 2912 1184 2983 (Cant.
1215 2928 1286 2976 vt,
1312 2912 1390 2982 δ).

521 3001 747 3056 CAPUT
786 3002 1002 3056 XXXV.
1067 3005 1154 3057 67.
1220 3003 1406 3058 Castus
1449 3019 1479 3058 a
1529 3003 1678 3060 Sicca
1722 3005 1892 3060 dicit:
1937 3007 2038 3074 Qui

451 3101 735 3161 contempta
778 3093 982 3146 ueritate
1026 3095 1282 3162 pra’smnit
1325 3095 1731 3150 consuetudinem
1759 3097 1914 3166 sequi,
1949 3108 2035 3152 aut

449 3187 584 3238 circa
613 3189 791 3256 fratres
817 3187 1013 3240 invidus
1041 3197 1111 3241 est
1139 3197 1184 3240 et
1205 3188 1456 3258 malignus
1475 3231 1489 3255 ,
1521 3188 1698 3259 quibus
1730 3191 1909 3244 veritas
1951 3207 2034 3244 re-

448 3278 680 3344 veletur;
705 3288 792 3334 aut
815 3281 950 3332 circa
978 3279 1141 3334 Deum
1166 3281 1392 3352 ingratus
1417 3291 1508 3346 est,
1542 3283 1685 3354 cujus
1706 3283 2035 3354 inspiratione

447 3368 675 3423 Ecclesia
704 3373 811 3440 ejus
830 3371 1112 3424 instruitur.

519 3463 608 3518 68.
639 3463 742 3518 Iste
770 3464 812 3518 si
841 3465 1178 3519 convinceret
1204 3480 1296 3518 eos
1335 3464 1422 3534 qni
1449 3463 1661 3520 diversa
1693 3465 2027 3531 sentiebant,

446 3562 499 3606 et
528 3552 629 3606 hoc
659 3556 929 3620 tenebant,
960 3556 1100 3624 quod
1143 3558 1300 3611 etiam
1333 3564 1474 3609 totus
1501 3557 1646 3610 orbis
1676 3568 1858 3626 postea
1887 3558 2029 3612 chri-

447 3642 620 3695 stiano
661 3644 887 3698 concilio
916 3647 1260 3700 conﬁrmatus
1291 3648 1547 3714 obtinuit,
1583 3648 1652 3703 ita
1689 3650 2028 3704 consuetudi-

450 3747 571 3787 nem
606 3735 784 3802 sequi,
817 3744 877 3788 ut
919 3746 1322 3792 contemnerent
1356 3739 1630 3793 veritatem
1655 3782 1668 3805 ,
1714 3739 1828 3795 lucc
1868 3741 2027 3796 verba

448 3825 736 3882 formidare
767 3827 1082 3882 deberemus
1107 3847 1119 3882 :
1151 3844 1271 3883 cum
1297 3846 1423 3884 vero
1447 3831 1530 3883 illa
1563 3832 1890 3886 consuetudo
1919 3839 2026 3888 et'a

447 3917 672 3972 veritate
716 3928 1001 3988 propagata
1047 3929 1101 3974 et
1145 3919 1366 3974 veritate
1410 3920 1650 3974 roborata
1696 3924 2022 3991 reperiatur,

449 4009 580 4064 nihil
613 4010 664 4064 in
702 4009 801 4065 hac
825 4011 1086 4065 sententia
1113 4012 1555 4081 pertimescimus.
1587 4012 1652 4067 Et
1677 4021 1850 4069 tamen
1878 4016 1921 4069 si
1951 4016 2024 4071 illi

443 4102 578 4155 circa
605 4104 786 4173 fratres
808 4102 964 4155 invidi
989 4112 1128 4156 erant
1153 4111 1199 4157 et
1225 4103 1454 4172 maligni,
1486 4115 1571 4158 aut
1593 4107 1725 4158 circa
1754 4106 1917 4160 Deum
1945 4109 2024 4162 in-

443 4193 596 4262 grati,
629 4208 753 4248 ccce
781 4193 1023 4262 qualibus
1051 4195 1545 4262 cumu'tunicabanl,
1575 4212 1698 4252 ecce
1729 4200 1911 4268 quales
1939 4199 2020 4254 di-

441 4299 593 4338 versa
633 4285 958 4350 sentientes,
1006 4289 1141 4341 sicut
1183 4285 1476 4358 Cyprianus
1516 4291 1787 4359 prmdixit,
1833 4308 1862 4347 a
1902 4293 2023 4362 jure

441 4378 830 4432 communionis
851 4394 954 4432 non
982 4381 1324 4444 amovebant,
1351 4396 1474 4437 ecce
1496 4397 1523 4436 a
1552 4383 1741 4452 quibus
1764 4401 1870 4450 non
1901 4386 2018 4454 pol-

439 4467 723 4522 luebantur
752 4468 804 4522 in
843 4470 1245 4524 conservatione
1291 4473 1567 4537 unitatis‘,
1600 4487 1724 4528 ecce
1763 4483 2020 4543 quantum

437 4559 722 4612 amandum
754 4559 822 4611 sit
853 4559 1116 4612 vinculum
1152 4561 1328 4628 pacis;
1361 4577 1485 4617 ecce
1515 4563 1638 4631 quid
1681 4564 2020 4620 considerent

439 4649 528 4716 qui
561 4649 714 4703 nobis
752 4650 819 4703 de
866 4649 1316 4718 prmdcecssorum
1343 4655 1362 4683 ¹
1393 4655 1762 4723 episcoporum
1793 4657 2018 4712 concilio

440 4741 851 4806 calumniantur,
884 4758 1108 4812 quorum
1151 4744 1461 4799 charitatcnt
1492 4761 1598 4800 non
1641 4747 1932 4811 imitantur,
1965 4758 2020 4804 et

440 4847 664 4900 quorum
685 4833 928 4900 exemplo
949 4833 1285 4888 considerato
1306 4834 1425 4902 jure
1447 4835 1782 4892 damnantur.
1810 4838 1864 4894 Si
1891 4854 2018 4894 con-

438 4921 663 4975 suetudo
691 4931 824 4985 erat,
859 4927 997 4977 sicut
1024 4924 1136 4978 haec
1163 4925 1424 4980 sententia
1455 4927 1602 4981 testis
1630 4939 1730 4994 est,
1763 4938 1820 4984 ut
1847 4930 2016 4986 haere-

437 5013 524 5067 tici
548 5013 820 5066 venientes
847 5013 911 5066 ad
940 5015 1226 5068 Ecclesiam
1251 5032 1370 5071 cum
1401 5017 1722 5087 Baptismate
1751 5020 1890 5090 quod
1918 5021 2014 5075 ha-

440 5105 634 5160 bebant
664 5107 1078 5174 susciperentur,
1113 5119 1203 5161 aut
1243 5109 1344 5164 hoc
1381 5121 1525 5166 recte
1557 5111 1748 5177 ﬁebat,
1776 5122 1865 5167 aut
1891 5116 2013 5168 mali

437 5197 606 5251 bonos
635 5198 684 5251 in
718 5199 918 5254 unitate
963 5216 1065 5253 non
1095 5203 1378 5256 maculant.
1425 5203 1478 5256 Si
1509 5212 1653 5259 recte
1682 5205 1875 5274 fiebat,
1921 5223 2015 5262 cur

434 5287 618 5341 orbem
652 5299 911 5342 terrarum
935 5330 948 5354 ,
985 5291 1106 5358 quia
1151 5290 1227 5344 sic
1269 5292 1611 5362 recipiuntur,
1643 5297 1931 5349 aecusant?
1958 5299 2011 5352 Si

433 5387 608 5433 autem
637 5378 758 5431 mali
791 5377 957 5432 bonos
988 5378 1038 5433 in
1064 5381 1264 5436 unitate
1291 5400 1393 5436 non
1427 5383 1713 5449 maculant,
1746 5388 2012 5456 quomodo

435 5487 491 5524 se
520 5486 547 5523 a
576 5470 800 5525 crimine
824 5473 1093 5544 sacrilegae
1131 5475 1481 5544 scparationis
1508 5478 1798 5532 excusant?
1837 5499 1842 5503 ε

499 5628 510 5652 ³
539 5635 634 5676 Am.
663 5633 734 5674 Fr.
765 5629 816 5671 et
834 5622 1004 5684 plures
1024 5631 1149 5686 Mss,
1166 5625 1215 5676 in
1239 5625 1586 5678 conrersatione
1606 5628 1816 5680 unitatis.

535 5694 582 5734 lu
611 5697 625 5736 .‘-
648 5700 733 5742 δέη
761 5697 1122 5746 praecesserunt.

1218 239 1304 292 DE
1343 237 1674 293 BAPTESMO
1711 237 1980 292 CONTRA
2029 238 2472 309 DONATISTAS,
2514 243 2572 299 S.
2613 246 2979 304 AUGUSTINI

3497 227 3775 311 ,επὶ

2238 351 2464 409 CAPUT
2495 354 2732 412 XXXVI.
2760 390 2829 399 —
2858 359 2946 416 69.
2981 362 3258 419 Eucratius
3284 379 3314 419 a
3342 364 3541 423 Thenis
3573 370 3706 424 dixit
3730 390 3742 425 :

2167 441 2346 498 Fidem
2374 456 2614 513 nostram,
2647 457 2693 503 et
2719 450 3046 522 Baptismatis
3073 456 3320 525 gratiam,
3351 468 3398 512 et
3429 459 3557 528 legis
3591 465 3742 516 eccle-

2165 532 2379 588 siastica:
2402 537 2631 607 regulam
2657 539 2792 593 Deus
2813 550 2859 594 et
2887 540 3133 598 Dominus
3154 556 3322 601 noster
3337 547 3371 600 J
3376 565 3490 603 esus
3510 549 3742 607 Christus

2163 640 2252 676 suo
2277 641 2361 678 ore
2381 627 2648 695 Apostolos
2673 632 2855 686 docens
2875 635 3205 706 perimplerit,
3232 639 3402 692 dicens
3424 656 3442 692 :
3475 659 3493 692 ι
3520 640 3624 705 Ite,
3657 646 3740 698 do-

2161 724 2264 768 cete
2291 733 2459 771 omnes
2492 731 2689 790 gentes,
2719 723 3029 794 baptizantes
3061 744 3145 782 eos
3175 730 3226 782 in
3259 732 3460 784 nomine
3488 730 3668 788 Patris
3694 745 3736 788 et

2161 805 2286 862 Filii
2315 820 2360 862 et
2404 811 2627 881 Spiritus
2653 819 2811 870 sancti
2841 836 2858 869 ι
2901 818 3111 886 (Matth.
3143 838 3305 876 xx-vnt
3325 864 3339 887 ,
3379 825 3491 895 i9).
3525 825 3738 881 Falsum

2159 915 2277 967 ergo
2317 901 2663 959 hmreticorum
2692 906 2954 978 Baptisma
2981 920 3027 965 et
3060 913 3284 982 iniquum
3314 931 3344 967 a
3374 917 3514 969 nobis
3546 920 3737 986 pellen-

2159 989 2280 1042 dum
2301 1001 2394 1057 est,
2422 1004 2468 1047 et
2495 997 2631 1049 omni
2652 1002 3007 1056 contestatione
3028 1003 3043 1034 ¹
3066 1005 3411 1074 refutandum,
3444 1007 3507 1060 de
3523 1025 3735 1076 quorum

2157 1095 2244 1133 ore
2264 1081 2416 1147 virus,
2449 1101 2547 1139 non
2574 1088 2703 1153 rita;
2732 1106 2821 1143 nec
2845 1094 3008 1160 gratia
3034 1093 3243 1146 caelestis
3259 1137 3272 1160 ,
3310 1095 3400 1149 sed
3424 1096 3735 1167 blasphemia

2155 1167 2418 1226 Trinitatis
2456 1178 2778 1244 exprimitur.
2825 1181 2887 1234 Et
2917 1183 3029 1236 ideo
3067 1186 3314 1239 venientes
3342 1188 3411 1240 ad
3450 1187 3735 1242 Ecclesium

2153 1261 2411 1318 Inereticos
2450 1267 2642 1338 integro
2670 1279 2714 1324 et
2741 1272 2988 1326 catholico
3030 1272 3342 1343 Baptismate
3370 1277 3621 1348 baptizari
3647 1281 3735 1332 de-

2151 1353 2266 1406 bere
2309 1357 2628 1425 manifestum
2673 1371 2778 1426 est,
2827 1373 2878 1415 ut
2923 1381 2956 1416 a
2996 1363 3308 1434 blasphemia
3351 1383 3458 1422 sua:
3491 1385 3733 1438 prmum-

2149 1445 2335 1513 ptionis
2375 1449 2664 1518 puri/icati,
2696 1453 2884 1520 possint
2912 1453 3139 1523 Spiritus
3173 1457 3336 1510 sancti
3361 1459 3527 1528 gratia
3565 1461 3730 1528 refor-

2148 1536 2276 1589 mari
2304 1537 2344 1588 ⁸.

2223 1627 2308 1682 70.
2349 1629 2510 1684 Plane
2551 1630 2593 1684 si
2626 1646 2728 1686 non
2775 1641 2854 1686 est
2883 1633 3176 1702 baptismns
3219 1636 3389 1690 Patris
3418 1646 3469 1690 ct
3517 1635 3638 1690 Filii
3681 1646 3732 1691 et

2148 1719 2378 1788 Spiritus
2405 1723 2571 1776 sancti
2602 1723 2816 1778 nomine
2839 1735 3202 1791 consecratus,
3238 1725 3611 1781 hmreticorum
3633 1726 3730 1781 de-

2146 1821 2378 1880 putetur,
2411 1823 2464 1866 et
2495 1813 2705 1882 iniquus
2724 1814 2788 1866 3a
2816 1815 2966 1869 nobis
2994 1817 3137 1870 omni
3167 1819 3558 1873 contestatione
3584 1816 3731 1872 relu-

2146 1908 2286 1954 tetur
2311 1919 2323 1966 ;
2357 1903 2398 1955 si
2426 1912 2598 1957 autem
2633 1903 2733 1957 hoc
2759 1904 2810 1958 in
2842 1919 2905 1959 eo
2928 1921 3118 1960 nomen
3147 1908 3508 1977 agnoscimus,
3538 1907 3730 1961 melius

2145 1992 2304 2044 verba
2349 1993 2648 2061 evangelica
2689 1993 2757 2046 ab
2802 1993 3170 2049 harrcticorum
3221 2011 3406 2050 errore
3447 1996 3726 2068 distingui-

2145 2095 2294 2146 mus,
2325 2089 2377 2135 et
2407 2081 2546 2151 quod
2588 2083 2639 2136 in
2670 2084 2748 2138 eis
2791 2084 3010 2153 probum
3055 2095 3136 2140 cst
3163 2087 3553 2157 approbemus,
3582 2085 3724 2158 quod

2145 2173 2457 2226 mendnsmn
2486 2181 2567 2227 est
2589 2175 2954 2228 emendamus.

2213 2263 2438 2318 CAPUT
2469 2263 2731 2318 XXXVII.
2760 2295 2832 2305 -—-
2862 2266 2945 2320 Ἠ.
2993 2265 3220 2320 Libosus
3261 2281 3288 2320 a
3331 2267 3472 2338 Vaga
3501 2268 3522 2300 ⁸
3551 2268 3720 2322 dixit:

2142 2352 2208 2407 In
2238 2354 2510 2426 Evangelia
2545 2357 2816 2424 Dominus,
2854 2377 2875 2409 ‹
2904 2358 3014 2428 Ego
3035 2377 3163 2423 sum,
3199 2379 3218 2411 ι
3244 2361 3423 2430 inquit,
3451 2381 3467 2412 ι
3491 2363 3673 2416 veritas
3699 2380 3718 2413 ι

2141 2443 2320 2511 (Joan.
2358 2461 2462 2511 stv,
2492 2447 2546 2517 6)
2573 2463 2587 2501 :
2620 2463 2720 2500 non
2744 2449 2890 2511 dixit,
2925 2448 3032 2519 Ego
3060 2467 3172 2503 sum
3191 2453 3517 2506 consuetudo.
3543 2452 3725 2524 Itaque

2141 2536 2348 2588 veritate
2375 2537 2728 2606 manifestata,
2755 2539 2897 2593 cedat
2929 2541 3234 2594 consuetudo
3261 2543 3458 2596 velitati
3482 2559 3499 2596 :
3526 2554 3578 2596 ut
3606 2554 3655 2597 et
3679 2545 3722 2597 si

2140 2629 2190 2680 in
2217 2631 2520 2698 pra-teritunt
2541 2633 2650 2700 quis
2675 2634 2724 2685 in
2756 2632 2980 2686 Ecclesia
3010 2635 3266 2690 haereticos
3289 2652 3388 2690 non
3410 2636 3716 2707 baptizabat,

2139 2735 2270 2772 nunc
2299 2721 2554 2789 baptizare
2577 2723 2807 2792 incipiat.

2211 2811 2298 2866 72.
2347 2813 2443 2868 llic
2490 2813 2618 2868 nihil
2665 2814 2946 2870 ostendere
2974 2827 3194 2871 conatus
3238 2827 3318 2872 est
3355 2818 3624 2886 quomodo
3652 2819 3720 2874 sit

2139 2902 2334 2957 veritas
2377 2903 2434 2970 ⁸,
2477 2905 2558 2958 cui
2601 2903 2795 2960 debere
2843 2905 2970 2959 dicit
3017 2907 3456 2964 consuetudinem
3506 2909 3713 2965 cedere.

2137 2995 2263 3049 Plus
2291 3003 2464 3051 tamen
2499 3012 2595 3051 nos
2623 2997 2835 3068 adjuvat
2860 2999 3116 3054 adversus
3143 3001 3271 3054 istos
3299 3003 3387 3072 qui
3414 3018 3473 3057 se
3503 3003 3570 3056 ab
3600 3004 3716 3056 nni-

2138 3092 2242 3139 tate
2267 3085 2578 3153 diviserunt,
2603 3089 2742 3158 quod
2771 3089 2913 3143 illam
2936 3092 3372 3147 consuetudinem
3401 3092 3566 3150 fuisse
3589 3109 3710 3150 eon-

2137 3174 2337 3240 Iitetur,
2376 3193 2533 3247 quam
2579 3179 2718 3248 quod
2747 3195 2862 3235 eam
2893 3182 3099 3237 veritati
3128 3199 3285 3252 quam
3319 3200 3422 3238 non
3452 3186 3711 3250 ostendit,

2134 3267 2325 3323 cedere
2354 3281 2602 3338 Oportere
2630 3272 2934 3326 arbitratur.
2964 3275 3052 3327 llla
3081 3284 3162 3328 est
3190 3278 3332 3330 enim
3361 3280 3710 3344 consuetudo,

2133 3373 2251 3428 qua:
2279 3360 2322 3413 si
2355 3362 2640 3432 sacrilegos
2665 3363 2732 3418 ad
2754 3365 2920 3419 altare
2945 3367 3142 3422 ChriSti
3165 3369 3280 3423 sine
3309 3369 3562 3439 Baptismi
3591 3388 3711 3443 pur-

2131 3451 2346 3519 gatione
2389 3453 2738 3520 admittebat,
2789 3466 2843 3510 et
2890 3457 3089 3511 nullum
3134 3459 3392 3514 honorum
3435 3462 3486 3516 in
3519 3466 3710 3518 unitate

2132 3542 2424 3610 polluebat,
2477 3546 2793 3616 quicumque
2836 3562 2894 3601 se
2941 3547 3009 3602 ab
3038 3549 3222 3604 eadem
3256 3552 3492 3619 unitate,
3527 3556 3576 3608 in
3611 3570 3708 3624 qua

2131 3633 2398 3688 nullorum
2437 3636 2695 3690 malorum
2725 3639 3038 3708 contagione
3080 3641 3238 3710 pollui
3280 3653 3558 3712 poterant,
3589 3645 3702 3700 fru-

2130 3735 2238 3778 SIra
2266 3735 2675 3794 separaverunt,
2693 3728 3032 3783 manifestum
3055 3732 3386 3803 sacrilegium
3411 3735 3710 3791 schismatis

2128 3815 2478 3872 admiserunt.
2503 3819 2557 3874 Si
2585 3829 2760 3874 autem
2787 3837 2884 3891 per
2903 3822 3043 3876 illam
3068 3827 3504 3882 consuetudinem
3526 3845 3712 3886 omnes

2128 3909 2312 3977 polluti
2347 3913 2616 3978 perierunt
2639 3953 2652 3977 ,
2699 3911 2766 3967 de
2793 3929 2897 3982 qua
2939 3929 3163 3969 caverna
3199 3918 3283 3970 isti
3314 3919 3430 3973 sine
3467 3921 3704 3990 originali

2127 4001 2350 4056 veritate
2393 4011 2446 4056 et
2483 4017 2602 4056 eum
2647 4004 2925 4058 calumnia:
2966 4005 3254 4060 calliditate
3296 4009 3628 4077 procedunt?
3656 4012 3702 4066 Si

2125 4109 2253 4148 vero
2284 4103 2426 4148 recta
2457 4093 2632 4148 fuerat
2669 4096 3020 4163 consuetudo,
3051 4114 3150 4168 qua
3179 4099 3256 4153 sie
3283 4095 3702 4171 suscipiebantur

2126 4184 2402 4251 hmretici,
2451 4186 2752 4256 relinquant
2798 4186 3070 4253 furorem,
3120 4189 3384 4245 fateantur
3429 4207 3698 4258 errorem;

2124 4275 2340 4330 veniant
2380 4276 2446 4330 ad
2477 4276 2838 4344 Catholicam,
2893 4296 2996 4332 non
3046 4289 3096 4334 ut
3150 4267 3479 4352 retingantnr
3526 4300 3700 4339 sacra-

2123 4373 2304 4421 mento
2348 4366 2716 4437 Baptismatis,
2761 4369 2857 4424 sed
2897 4379 2953 4423 ut
2981 4382 3290 4427 curentura
3335 4374 3484 4443 plaga
3522 4377 3701 4430 conci-

2121 4459 2306 4514 sionis.
3686 4516 3695 4522 .

2192 4549 2414 4606 CAPUT
2438 4551 2722 4606 XXXVIII.
2742 4582 2808 4592 —
2832 4553 2922 4606 73.
2946 4553 3138 4608 Lucius
3155 4571 3182 4606 a
3206 4555 3470 4610 Thebcslc
3487 4557 3508 4587 ⁸
3531 4555 3661 4612 dixit
3684 4577 3698 4612 :

2122 4641 2420 4709 lla'reticos,
2455 4643 2790 4712 blasphemas,
2822 4654 2970 4716 atque
2996 4647 3194 4716 iniquos
3223 4648 3381 4700 verbis
3421 4650 3574 4704 variis
3605 4650 3688 4704 de-

2119 4741 2372 4804 cerpentes
2421 4744 2596 4788 sancta
2648 4745 2696 4789 et
2743 4737 3026 4790 adorabilia
3080 4738 3465 4808 Scripturarum
3511 4743 3689 4807 verba,

2185 4930 2201 4960 ί
2237 4929 2379 4995 Apud
2404 4930 2714 4992 Cyprianum,
2749 4928 3072 4995 detestatione.
3116 4937 3168 4980 Et
3208 4931 3350 4993 [aulo
3391 4941 3496 4995 post
3525 4969 3539 4995 ,
3579 4941 3628 4984 ut
3669 4947 3695 4983 a

2117 4990 2424 5055 blasphemia:
2438 4990 2546 5040 sua:
2572 4990 2955 5055 prtesianptione.

2183 5056 2201 5084 ³
2221 5052 2378 5102 nostri
2405 5062 2509 5115 Mss,
2530 5052 2724 5115 ,gloria
2745 5052 3014 5115 reformari.

2182 5116 2274 5162 ⁸1η
2318 5121 2445 5174 Mss,
2492 5113 2723 5176 utiquam.
2792 5113 2884 5164 Sed
2943 5115 3268 5165 levanienses
3309 5117 3528 5176 malunt,
3560 5127 3612 5168 ut
3649 5121 3691 5168 in

2116 5177 2354 5238 prioribus
2378 5177 2552 5244 editis,
2577 5175 2768 5244 iniquus
2804 5190 2832 5244 :_
2862 5178 2975 5239 quia
3013 5179 3062 5225 in
3099 5191 3196 5244 res;
3215 5179 3418 5228 onsioue
3451 5175 3690 5244 Angusjai

2116 5237 2229 5298 non,
2260 5237 2500 5299 lJapthma
2519 5275 2532 5297 ,
2559 5237 2669 5296 sed,
2699 5237 2980 5301 Baptisriuts,
3008 5237 3216 5301 ponitur.

2180 5301 2200 5332 δ
2234 5306 2419 5370 Αιῃτοερι
2456 5305 2528 5347 Er.
2574 5312 2684 5370 cum
2725 5299 3142 5370 nonnullishtitssv
3183 5301 3241 5352 ab
3277 5310 3468 5370 ‘Agran:
3508 5303 3686 5352 eaedem

2117 5373 2248 5432 vero.
2273 5361 2515 5410 editiones
2553 5360 2729 5410 melius
2758 5374 2929 5423 supra,
2967 5361 3053 5411 lib.
3094 5360 3155 5422 3',
3190 5378 3238 5412 η.
3273 5360 3337 5422 9,
3371 5361 3562 5414 Libosus
3603 5373 3684 5412 ra-

2145 5435 2272 5472 ensis
2278 5457 2288 5469 .

2112 5435 2315 5547 qegsﬁie
2332 5485 2378 5531 in
2405 5483 2548 5532 editis
2569 5484 2816 5547 superﬂuo
2838 5484 3044 5547 additur,
3069 5484 3368 5547 manifestata

2175 5547 2196 5578 ⁸
2219 5545 2701 5608 Corbeiensiseodex
2742 5553 2792 5594 et
2815 5544 2895 5608 alii
2935 5544 3232 5608 antiquiores
3267 5555 3393 5606 uss,
3419 5547 3624 5597 Louicius
3657 5560 3688 5593 ιι

2117 5607 2347 5671 Τήευεδιρ.
2377 5606 2458 5655 ,ΑΙὶὶ
2499 5605 2683 5668 plures,
2711 5605 2920 5658 Leucius.
2951 5605 3067 5656 .tm.‘
3087 5616 3138 5657 et
3173 5614 3268 5671 Er.,
3297 5608 3485 5660 Lcutius
3509 5624 3536 5659 a
3575 5610 3680 5659 Tha-

2110 5669 2252 5720 beste.
