3796 6122
49 308 126 364 m
1398 299 1599 354 LIBER
1639 276 1921 357 SEXTUS.

52 417 340 476 exsecrandos
392 431 617 480 censeo;
670 421 715 467 et
765 412 876 466 ideo
927 408 1289 465 exorcizaudos
1342 418 1387 463 et
1442 409 1606 479 bapti-

52 511 220 565 :andos.

103 603 174 656 7i.
204 599 268 654 Et
287 613 390 668 ego
416 593 785 652 exsecrandos
805 606 1032 656 censeo;
1061 589 1154 644 sed
1178 604 1284 643 non
1309 588 1428 644 ideo
1455 603 1611 642 exor-

55 691 265 747 cizandos
287 699 341 744 et
367 687 745 759 baptizaudos.
769 685 1008 754 Ipsorum
1032 691 1113 737 est
1134 681 1278 736 enim
1303 681 1607 749 ﬁgmentum

52 785 162 856 quod
188 797 460 848 exsecror,
495 779 693 836 Christi
719 787 894 831 autem
921 776 1324 831 Sacramcnlum
1355 772 1495 844 quod
1521 787 1614 826 vc-

53 892 308 1020 nu(ligl’li'l'
345 958 608 1016 XXXIX.
641 989 711 1000 ——
748 958 835 1013 75.
879 955 1150 1026 Eugenius
1183 953 1252 1009 ab
1293 951 1610 1008 Ammedera

53 1057 188 1112 dixit:
219 1052 283 1108 Et
314 1069 409 1123 ego
451 1053 547 1106 hoc
575 1051 710 1106 idem
757 1064 955 1116 censeo,
987 1046 1245 1102 haereticos
1282 1044 1611 1114 baptizandos

55 1163 152 1202 ωε.

106 1237 180 1291 76.
208 1234 337 1288 Huic
363 1230 760 1303 respondetur:
796 1227 904 1284 Sed
947 1241 1051 1281 non
1081 1225 1184 1281 hoc
1211 1231 1395 1280 censet
1425 1221 1612 1278 Eccle-

56 1328 140 1392 sia,
166 1325 244 1380 cui
283 1323 433 1378 Deus
463 1322 574 1392 jam
604 1319 844 1392 plenario
883 1319 1042 1374 etiam
1071 1317 1300 1372 concilio
1327 1315 1612 1380 revelavit,

55 1418 167 1487 quod
205 1427 328 1472 tunc
359 1415 544 1469 adhuc
572 1413 729 1467 aliter
765 1410 978 1482 quidem
1023 1408 1311 1479 sapiebatis
1339 1405 1613 1478 (Philipp.

55 1528 111 1573 ιιι,
140 1510 249 1580 15);
280 1509 379 1563 sed
410 1508 537 1578 quia
565 1506 617 1561 in
643 1505 791 1560 vobis
819 1503 1053 1560 charitas
1079 1503 1225 1559 salva
1253 1509 1390 1569 erat,
1424 1501 1478 1557 in
1499 1501 1620 1555 uni-

57 1611 136 1654 tate
159 1596 577 1669 permanebatis.

106 1689 314 1744 CAPUT
357 1686 646 1742 XL.—77.
678 1685 808 1740 ltem
847 1683 983 1738 alius
1012 1681 1161 1738 Felix
1187 1680 1253 1738 ab
1275 1681 1568 1736 Amaccura
1597 1679 1615 1711 ¹

57 1782 191 1834 dixit:
223 1780 286 1833 Et
319 1781 438 1848 ipse
471 1788 671 1832 secutus
708 1777 994 1830 divinarum
1021 1775 1405 1845 Scripturarum
1439 1780 1616 1836 aucto-

57 1873 248 1936 ritalem,
281 1871 553 1924 haereticos
598 1866 927 1938 baptizandos
954 1881 1058 1920 esse
1099 1880 1305 1929 censeo;
1347 1863 1435 1918 sed
1462 1872 1507 1918 et
1535 1879 1619 1918 eos

59 1962 124 2028 qui
145 1977 192 2014 se
212 1960 351 2030 apud
375 1958 728 2014 schismaticos
749 1957 1025 2026 baptizatos
1060 1971 1166 2010 esse
1203 1954 1526 2009 contendunt.
1557 1953 1620 2009 Si

57 2052 161 2102 enim
194 2051 476 2104 secundum
520 2058 730 2102 cautum
765 2047 986 2111 Christi,
1035 2047 1256 2118 privatus
1295 2050 1411 2117 fons
1451 2055 1622 2100 noster

58 2154 137 2206 est,
163 2145 453 2215 intelligant
489 2143 656 2196 cuncti
683 2140 924 2196 Ecclesite
950 2149 1137 2194 nostra:
1164 2139 1470 2206 adversarii,
1501 2138 1621 2208 quia

57 2239 218 2290 alienus
243 2253 350 2290 esse
376 2252 481 2290 non
507 2243 667 2305 potest
695 2235 738 2297 ³,
773 2249 862 2287 nec
900 2231 1092 2286 duobus
1127 2231 1327 2302 populis
1346 2231 1620 2286 salutarem

58 2345 212 2396 aquam
241 2327 464 2381 tribuere
496 2335 656 2396 potest
692 2324 778 2378 ille
815 2323 902 2395 qui
944 2325 1096 2377 unius
1133 2323 1298 2393 gregis
1329 2330 1500 2391 pastor
1527 2329 1618 2375 est.

59 2417 112 2472 Et
128 2419 231 2472 ideo
253 2418 584 2487 manifestum
611 2425 712 2480 est,
747 2431 836 2469 nec
866 2415 1125 2468 haereticos
1151 2430 1241 2467 nec
1277 2414 1621 2468 schismaticos

59 2510 222 2578 aliquid
246 2510 448 2562 caeleste
476 2508 758 2576 suscipere,
791 2506 878 2574 qui
906 2522 937 2558 a
973 2504 1291 2576 peccantibus
1339 2504 1622 2559 hominibus

59 2610 93 2653 et
115 2600 168 2652 ab
193 2599 426 2654 Ecclesia
451 2597 702 2652 extraneis
737 2597 922 2650 audent
949 2597 1192 2666 accipere.
1227 2595 1442 2662 Quando
1480 2596 1622 2650 danti

61 2692 172 2745 locus
193 2708 288 2745 non
313 2699 410 2758 est,
443 2689 615 2759 utique
639 2704 729 2742 nec
753 2687 1022 2757 accipienti
1054 2686 1276 2756 prodest.

114 2783 190 2838 78.
221 2783 354 2837 Huic
385 2780 764 2852 respondetur,
795 2780 1100 2850 Scripturas
1124 2778 1335 2834 divinas
1361 2794 1619 2849 nusquam

60 2874 354 2943 praecepisse
379 2881 443 2926 ut
473 2871 710 2926 haeretici
741 2870 879 2940 apud
921 2871 1201 2925 haereticos
1245 2869 1492 2939 baptizati
1523 2871 1622 2925 de-

64 2981 149 3020 nuo
170 2967 536 3036 baptizentur;
569 2963 664 3019 sed
694 2963 876 3018 multis
905 2963 1035 3017 locis
1065 2962 1388 3026 ostendisse,
1419 2964 1622 3016 alienos

62 3069 157 3111 esse
181 3057 244 3111 ab
270 3056 514 3112 Ecclesia
540 3070 728 3111 omnes
757 3055 846 3122 qui
875 3069 980 3108 non
1003 3062 1125 3107 sunt
1155 3053 1206 3106 in
1229 3063 1402 3123 petra,
1431 3068 1529 3107 nec
1557 3053 1623 3107 ad

63 3149 290 3204 columba:
323 3150 468 3204 illius
487 3146 1042 3219 ,membrapertinent,
1071 3155 1123 3200 et
1151 3154 1328 3200 tamen
1353 3145 1626 3215 baptizare

66 3252 105 3294 et
128 3241 409 3313 baptizari,
441 3251 496 3296 et
522 3240 720 3295 habere
749 3240 864 3294 sine
889 3239 1058 3293 salute
1087 3239 1492 3293 Sacramentum
1535 3253 1624 3292 sa-

68 3335 185 3390 lutis.
211 3336 357 3391 Fons
385 3342 564 3390 autem
597 3341 777 3388 noster
805 3332 892 3402 qui
915 3331 1103 3386 similis
1123 3340 1204 3386 est
1222 3332 1350 3386 fonti
1374 3330 1621 3401 paradisi,

69 3427 185 3495 quod
219 3427 382 3482 etiam
423 3427 563 3480 sicut
592 3423 682 3479 ille
711 3432 861 3479 extra
901 3423 1205 3493 paradisum
1232 3423 1488 3494 proﬂuat,
1516 3422 1625 3493 jam

69 3517 177 3571 satis
199 3517 400 3572 dictum
429 3524 512 3570 est
542 3514 760 3585 (Supra,
789 3530 904 3583 cap.
933 3512 1025 3585 2|)
1053 3532 1065 3567 :
1096 3523 1147 3568 et
1177 3513 1311 3583 quod
1331 3513 1525 3567 duobus
1546 3529 1629 3581 po-

71 3607 210 3674 pulis,
248 3608 301 3662 id
328 3616 442 3672 est,
474 3621 572 3662 suo
603 3616 656 3661 et
679 3614 968 3672 extraneo,
1009 3605 1283 3658 salutarem
1320 3621 1503 3674 aquam
1532 3604 1628 3657 tri-

72 3699 193 3754 buere
211 3718 309 3754 non
332 3708 489 3769 potest
508 3699 594 3752 ille
611 3697 696 3767 qui
713 3697 860 3750 unius
881 3696 1044 3766 gregis
1069 3705 1242 3765 pastor
1262 3706 1363 3760 est,
1394 3693 1629 3750 concedo

72 3798 202 3859 atque
231 3790 529 3845 consentio.
557 3787 662 3843 Sed
692 3785 941 3855 numquid
973 3786 1094 3855 quia
1122 3785 1369 3838 salutaris
1403 3799 1508 3838 non
1547 3792 1630 3838 est

74 3881 331 3942 extraneis,
361 3879 482 3933 ideo
512 3878 624 3947 ipsa
653 3892 755 3930 non
788 3879 910 3931 est?
944 3878 1090 3944 Aqua
1121 3874 1262 3928 enim
1289 3873 1474 3928 diluvii
1504 3889 1632 3928 con-

75 3970 250 4026 stitutis
279 3972 420 4026 intra
451 3985 630 4024 arcam
671 3969 919 4023 salutaris
951 3967 1078 4033 fuit,
1121 3976 1269 4022 extra
1301 3982 1474 4020 arcam
1504 3982 1632 4023 vero

78 4062 320 4118 mortifera
349 4062 482 4128 luit;
513 4061 700 4116 eadem
731 4070 904 4116 tamen
938 4059 1052 4113 luit.
1086 4059 1153 4114 Et
1176 4060 1326 4114 multi
1356 4061 1630 4126 extranei,

73 4148 114 4202 id
137 4161 238 4217 est,
265 4151 466 4218 invidi,
512 4165 646 4220 quos
673 4165 737 4204 ex
767 4158 916 4219 parte
945 4149 1140 4204 diaboli
1187 4164 1305 4204 esse
1334 4150 1633 4220 Cyprianus

73 4241 180 4296 dicit
220 4252 272 4297 et
296 4243 363 4298 de
392 4242 681 4312 Scripturis
725 4242 989 4307 ostendit,
1021 4241 1166 4296 velut
1194 4240 1336 4296 intus
1363 4240 1629 4310 videntur,

75 4341 117 4385 et
143 4343 304 4389 tamen
337 4334 441 4388 nisi
487 4341 668 4387 essent
705 4342 854 4386 extra
894 4347 1071 4387 arcam
1095 4374 1110 4400 ,
1150 4347 1255 4387 non
1297 4342 1634 4387 morerentur

75 4436 153 4490 per
191 4439 400 4495 aquam.
445 4424 605 4479 Tales
646 4425 786 4478 enim
826 4423 1164 4493 Baptismus,
1214 4437 1334 4477 cum
1383 4437 1449 4477 eo
1494 4423 1634 4478 male

75 4525 300 4583 utuntur,
330 4524 518 4579 necat;
557 4515 694 4569 sicut
723 4513 827 4568 illis
861 4514 928 4569 de
966 4515 1158 4584 quibus
1200 4513 1276 4568 ait
1311 4514 1630 4584 Apostolus,

77 4602 218 4660 bonus
241 4607 373 4679 odor
391 4605 590 4659 Christi
615 4606 801 4660 eratin
829 4614 1056 4660 mortem
1081 4604 1149 4673 (II
1171 4605 1286 4660 Cor.
1313 4621 1369 4672 ιι,
1400 4607 1486 4672 l5,
1512 4605 1602 4678 16)
1617 4647 1631 4660 .

79 4693 167 4750 Cur
186 4713 304 4769 ergo
330 4711 438 4752 nou
468 4697 766 4766 suscipiunt
793 4696 988 4767 aliquid
1021 4697 1240 4752 caeleste
1265 4698 1351 4752 vel
1374 4697 1636 4752 schisma-

81 4785 248 4844 ticivel
277 4787 551 4851 haeretici;
593 4787 730 4842 sicut
773 4789 939 4856 spinae
989 4787 1100 4842 sive
1141 4787 1338 4842 zizania
1369 4789 1632 4858 pluviam,

81 4878 194 4934 sicut
217 4879 312 4951 ipsi
341 4880 432 4952 qui
462 4888 613 4934 extra
650 4893 828 4933 arcam
855 4877 1102 4943 fuerunt,
1145 4894 1336 4949 aquam
1376 4879 1444 4934 de
1486 4889 1634 4934 cata-

84 4969 216 5024 ractis
239 4971 358 5026 coeli
405 4969 710 5025 venientem
756 4977 1107 5040 susceperunt
1149 4970 1390 5039 quidem,
1435 4969 1530 5025 sed
1568 4969 1636 5024 ad

85 5061 344 5124 perniciem
367 5103 385 5129 ,
417 5076 524 5115 non
555 5059 621 5114 ad
666 5060 929 5115 salutem?
958 5058 1186 5130 Ideoque
1228 5059 1355 5114 illud
1397 5058 1538 5129 quod
1581 5059 1637 5114 in

88 5149 242 5207 ultimo
266 5154 464 5224 posuit,
500 5152 718 5219 Quando
762 5153 904 5206 danti
931 5153 1070 5206 locus
1094 5169 1198 5207 non
1225 5161 1317 5220 est,
1348 5151 1520 5223 utique
1549 5167 1638 5206 nec

89 5241 317 5310 accipienti
355 5243 588 5314 prodest;
620 5259 725 5297 non
766 5243 952 5298 laboro
990 5242 1278 5298 refellere:
1306 5242 1428 5313 quia
1458 5250 1511 5297 et
1539 5256 1638 5298 nos

92 5328 282 5390 dicimus
309 5335 690 5406 accipientibus
735 5351 840 5390 non
886 5335 1168 5406 prodesse,
1201 5350 1320 5391 cum
1358 5335 1410 5390 in
1448 5334 1636 5390 hmrcsi

143 5485 158 5518 ‘
185 5490 472 5541 Cor-beiensis
495 5498 598 5550 Ms.,
624 5490 684 5541 ab
698 5503 997 5541 .munacura.
1023 5490 1352 5550 Floriacensis,
1373 5490 1436 5540 ab
1455 5501 1644 5541 Amma-

94 5550 406 5614 curra._Plures
419 5552 501 5601 alii
521 5566 631 5602 cum
655 5560 755 5602 Ant.
783 5557 834 5602 et
857 5559 951 5614 Er.,
974 5551 1034 5602 ab
1058 5564 1243 5604 Accura
1256 5566 1275 5614 ;
1296 5552 1392 5614 vel,
1414 5553 1472 5602 ab
1494 5564 1643 5602 Λεαν-

95 5618 167 5662 W.‘
185 5611 270 5669 vel,
291 5613 349 5662 ab
374 5627 603 5663 .tccurra.

96 5671 273 5783 mf:
298 5683 348 5726 ct
371 5683 463 5735 [ἀι-η
490 5674 660 5726 alieiiis
683 5687 784 5726 esse
805 5687 899 5729 non
922 5681 1086 5739 potest.
1105 5677 1252 5728 alitio
1270 5675 1504 5738 Cypriani,
1520 5673 1640 5724 alie-

150 5745 254 5783 8W.

1716 410 1982 481 accipiunt
2007 415 2398 472 consentientes
2423 415 2716 485 haereticis;
2749 426 2804 475 et
2828 418 2950 477 ideo
2976 422 3197 478 veniunt
3226 424 3295 479 ad

1715 500 2030 556 catholicam
2071 519 2253 572 pacem
2290 515 2449 578 atque
2485 509 2742 564 unitatem
2773 511 2789 542 ¹
2813 551 2828 577 ,
2878 526 2984 566 non
3026 523 3083 567 ut
3123 513 3299 584 bapti-

1717 604 1890 645 smum
1918 592 2201 662 accipiant,
2227 595 2319 650 sed
2351 607 2406 650 ut
2431 597 2508 652 eis
2525 600 2780 668 prodesse
2807 599 3024 672 incipiat
3045 602 3186 672 quod
3207 618 3301 658 ac-

1715 691 1987 750 ceperant.
2951 697 2956 701 '

1785 773 2012 831 CAPUT
2037 775 2172 830 XLI.
2203 807 2273 816 —
2301 777 2386 833 79.
2441 780 2567 834 Item
2614 782 2748 837 alius
2790 781 3071 840 Januarius
3115 785 3288 840 Muzu-

1716 863 1880 918 lensis
1908 865 2038 920 dixit
2063 885 2075 920 :
2109 867 2271 921 Miror
2298 869 2433 939 quod
2458 887 2570 924 cum
2591 890 2760 928 omnes
2781 877 3115 942 conﬁteantur
3141 894 3300 930 unum

1717 969 1824 1006 esse
1861 953 2210 1025 Baptismum,
2257 975 2356 1012 non
2401 976 2570 1015 onmes
2613 963 2896 1033 intelligant
2939 967 3162 1036 ejusdem
3195 966 3303 1020 Ba-

1717 1043 1886 1112 ptismi
1911 1046 2176 1100 unitatem.
2219 1047 2452 1102 Ecclesia
2490 1052 2620 1104 enim
2659 1061 2704 1105 et
2744 1053 2948 1108 haeresis
2989 1056 3103 1110 date
3143 1066 3189 1110 et
3220 1057 3304 1110 di-

1717 1151 1871 1190 versae
1896 1154 1975 1191 res
2001 1147 2136 1192 sunt.
2177 1139 2237 1195 Si
2275 1141 2496 1196 hmretici
2526 1144 2706 1199 habent
2746 1145 3041 1214 Baptisma,
3072 1165 3163 1202 nos
3200 1165 3301 1204 non

1718 1225 1957 1283 habemus
1980 1245 1999 1282 :
2024 1231 2069 1283 si
2094 1239 2261 1285 autem
2298 1249 2390 1286 nos
2425 1233 2691 1300 habemus,
2726 1236 2944 1290 hazretiei
2984 1237 3165 1292 habere
3203 1256 3305 1294 non

1719 1327 1947 1388 possunt.
1976 1317 2198 1374 Dubium
2228 1333 2393 1376 autem
2421 1340 2520 1377 non
2558 1335 2648 1389 est,
2694 1325 2970 1380 Ecclesiam
3010 1327 3172 1382 solam
3198 1327 3306 1382 Ba-

1718 1409 1958 1478 ptismum
1983 1407 2172 1464 Christi
2196 1413 2484 1481 possidere,
2517 1429 2629 1484 qua?
2665 1415 2776 1469 sola
2802 1417 3057 1486 possideat
3097 1427 3144 1473 et
3183 1435 3310 1490 gra-

1721 1499 1842 1553 tiam
1875 1499 2064 1554 Christi
2089 1510 2133 1554 et
2158 1503 2432 1556 veritatem.

1791 1591 1881 1648 80.
1913 1592 2104 1649 Posset
2142 1595 2276 1649 alius
2305 1595 2549 1650 similiter
2577 1595 2754 1652 dicere
2775 1637 2788 1661 ,
2837 1606 2890 1653 et
2919 1599 3162 1654 similiter
3202 1615 3311 1656 non

1721 1698 1906 1740 verum
1937 1684 2114 1740 dicere
2148 1703 2161 1740 :
2194 1685 2356 1740 Miror
2393 1686 2536 1757 quod
2578 1702 2699 1742 cum
2740 1703 2928 1744 omnes
2955 1691 3312 1748 conﬁteantur

1720 1795 1884 1834 unum
1904 1794 2024 1835 esse
2041 1780 2391 1850 Baptismum,
2417 1795 2522 1834 non
2551 1796 2738 1836 omnes
2757 1782 3052 1851 intelligant
3068 1783 3311 1852 ejusdem

1722 1873 1978 1944 Baptismi
2006 1872 2286 1928 unitatem.
2325 1872 2535 1929 Justitia
2567 1875 2708 1928 enim
2751 1883 2803 1929 et
2830 1875 3076 1944 iniquitas
3103 1875 3220 1930 dua:
3258 1883 3314 1932 et

1725 1962 1952 2019 diversa:
1977 1978 2066 2019 res
2090 1971 2232 2018 sunt.
2255 1963 2312 2019 Si
2339 1963 2505 2032 iniqui
2525 1963 2719 2018 habent
2744 1964 3029 2033 Baptisma,
3052 1963 3179 2034 justi
3206 1980 3312 2021 nou

1723 2051 1980 2107 habent:
2026 2054 2070 2108 si
2118 2061 2296 2108 autem
2335 2053 2461 2122 justi
2492 2053 2715 2118 habent,
2762 2054 2926 2124 iniqui
2966 2054 3165 2110 habere
3206 2071 3312 2111 non

1724 2152 1970 2215 possunt.
2002 2144 2228 2199 Dubium
2274 2153 2450 2198 autem
2483 2159 2586 2200 non
2624 2154 2727 2210 est,
2755 2145 2926 2214 juslos
2956 2145 3098 2200 solos
3135 2145 3316 2216 Bapti-

1724 2250 1898 2291 smum
1945 2235 2140 2291 Christi
2172 2235 2445 2306 possidere
2469 2277 2485 2303 ,
2516 2235 2605 2306 qui
2651 2235 2750 2290 soli
2781 2236 3085 2304 possideant
3111 2247 3165 2292 et
3187 2251 3314 2306 gra-

1725 2328 1852 2380 tiam
1879 2326 2082 2381 Christi
2109 2335 2163 2382 et
2200 2327 2499 2382 veritatem.
2545 2326 2656 2380 Iloc
2684 2334 2828 2381 certe
2857 2326 3047 2380 falsum
3074 2336 3178 2394 est,
3211 2327 3317 2384 illis

1724 2433 1934 2488 quoque
1964 2419 2270 2472 latentibus.
2317 2419 2382 2472 Et
2427 2418 2500 2472 illi
2529 2418 2721 2488 quippe
2758 2418 2920 2472 invidi
2961 2419 3052 2488 qui
3096 2427 3314 2474 suntex

1725 2518 1875 2578 parte
1901 2508 2097 2563 diaboli
2124 2509 2266 2563 intus
2296 2507 2474 2578 positi,
2499 2509 2636 2563 sicut
2661 2508 2788 2564 dicit
2807 2507 3125 2580 Cyprianus,
3157 2519 3318 2580 atque

1723 2602 1966 2673 apostolo
1990 2601 2155 2656 Paulo
2177 2601 2460 2666 notissimi,
2485 2600 2813 2671 Baptismum
2841 2601 2860 2631 ³
2883 2601 3152 2657 habebant
3177 2621 3189 2656 :
3215 2617 3318 2659 nec

1725 2693 1790 2746 ad
1822 2693 2060 2747 membra
2093 2692 2234 2747 illius
2258 2692 2520 2748 columbae
2545 2707 2662 2762 qua:
2691 2693 2743 2747 in
2772 2701 2920 2764 petra
2949 2703 3058 2748 tuta
3086 2703 3169 2750 est
3195 2710 3320 2766 per-

1726 2785 1984 2838 tiucbant.

1797 2873 2020 2930 CAPUT
2049 2873 2207 2929 XLII.
2228 2904 2298 2914 -—
2318 2875 2408 2931 81.
2430 2874 2726 2944 Adelphius
2750 2890 2778 2928 a
2799 2875 3086 2931 Thasbalte
3108 2878 3129 2909 ³
3149 2877 3314 2934 dixit:

1727 2965 1852 3019 Sine
1871 2981 2023 3019 causa
2049 2965 2248 3036 quidem
2269 2965 2399 3035 [also
2421 2975 2466 3022 et
2493 2966 2736 3021 invidioso
2758 2967 2901 3022 verba
2926 2967 3224 3039 impugnant
3245 2986 3322 3024 ve-

1727 3055 1942 3120 ritatem,
1972 3065 2024 3109 ut
2055 3055 2368 3126 rebaptizare
2401 3072 2492 3110 nos
2519 3056 2706 3123 dicant,
2733 3057 2936 3128 quando
2969 3057 3196 3113 Ecclesia
3215 3059 3320 3115 hae-

1727 3148 1906 3200 retices
1926 3164 2024 3200 non
2050 3147 2343 3218 rebaptizet,
2374 3148 2461 3202 sed
2487 3148 2723 3218 baptizet.

1800 3239 1889 3293 82.
1921 3239 2031 3294 ltuo
2069 3256 2197 3294 vero
2227 3238 2388 3294 modo
2427 3254 2531 3293 non
2569 3239 2894 3308 rebaptizat;
2922 3239 3045 3309 quia
3085 3240 3185 3294 nisi
3223 3255 3320 3297 eos

1729 3329 1821 3399 qui
1851 3331 2102 3399 baptizati
2146 3345 2252 3384 non
2297 3338 2440 3396 sunt,
2471 3345 2576 3383 non
2607 3330 2875 3398 baptizat;
2904 3345 3062 3400 quam
3091 3347 3320 3387 consue-

1733 3421 1969 3475 tudinem
1999 3421 2322 3475 anteriorem
2354 3418 2591 3490 perfecta
2618 3419 2918 3490 diligentius
2938 3421 3131 3475 veritas
3156 3422 3318 3476 etiam

1731 3514 1956 3568 concilio
1985 3514 2274 3581 posteriore
2306 3513 2552 3567 ﬁrmavit.

1802 3606 2026 3661 CAPUT
2067 3605 2250 3660 XLIII.
2280 3634 2349 3644 —
2378 3604 2468 3660 8'5.
2517 3605 2815 3661 Demetrius
2851 3620 2880 3659 a
2911 3606 3272 3676 Lepti-minus
3296 3606 3319 3639 ⁸

1732 3695 1863 3752 dixit
1891 3714 1903 3749 :
1941 3695 2109 3749 Unum
2133 3695 2398 3766 Baptisma
2440 3711 2531 3750 nos
2557 3695 2867 3748 custodimus
2893 3735 2908 3761 ,
2934 3697 3052 3767 quia
3079 3695 3322 3751 Ecclesia:

1733 3789 1996 3843 catholicae
2021 3787 2115 3842 soli
2142 3804 2246 3841 rem
2280 3803 2425 3841 suam
2461 3786 2791 3840 vindicamus.
2829 3786 2927 3851 Qui
2956 3795 3120 3841 autent
3146 3787 3322 3841 dicunt

1734 3882 1852 3951 quia
1891 3881 2114 3934 hwretiri
2143 3896 2255 3934 vere
2297 3889 2345 3933 et
2390 3879 2609 3950 legitime
2635 3879 2912 3949 baptizant,
2952 3881 3050 3950 ipsi
3088 3890 3203 3934 sunt
3235 3881 3322 3948 qui

1736 3987 1834 4025 nou
1855 3970 1960 4024 duo
1991 3971 2032 4036 ⁸,
2057 3970 2146 4024 sed
2173 3969 2334 4022 multa
2357 3971 2656 4040 baptismata
2679 3971 2870 4040 faciunt
2891 3986 2910 4024 :
2939 3988 3056 4024 nam
3083 3987 3195 4024 cum
3217 3972 3324 4027 hat-

1735 4078 1867 4116 reses
1894 4063 2067 4115 multa:
2094 4062 2213 4126 sint,
2248 4076 2338 4130 pro
2357 4077 2532 4114 earum
2556 4077 2763 4115 numero
2790 4071 2836 4115 et
2868 4061 3168 4132 baptismate
3186 4078 3324 4116 com-

1737 4151 2064 4221 putabuntur.

1811 4242 1901 4297 84.
1935 4241 2067 4296 Huic
2095 4241 2447 4311 respondetur
2479 4260 2490 4295 :
2525 4241 2580 4296 Si
2622 4242 2692 4296 ita
2719 4251 2822 4307 est,
2855 4251 2931 4296 tot
2974 4257 3101 4312 ergo
3130 4259 3322 4299 nume-

1738 4343 1924 4388 rentur
1948 4333 2286 4401 baptismata,
2315 4341 2444 4402 quot
2468 4341 2592 4386 sunt
2617 4347 2776 4402 opera
2814 4333 3008 4398 carnis,
3035 4333 3102 4388 de
3131 4335 3326 4404 quibus

1737 4425 1812 4479 ait
1834 4424 2138 4493 Apostolus,
2161 4423 2410 4488 Quoniam
2431 4424 2515 4494 qui
2534 4424 2655 4477 talia
2677 4432 2854 4493 agunt,
2874 4439 3084 4494 regnum
3107 4422 3202 4478 Dei
3222 4441 3324 4479 non

1739 4516 2058 4585 possidebunt
2110 4514 2318 4585 (Galat.
2350 4530 2382 4567 v
2408 4556 2422 4581 ,
2467 4514 2562 4586 21)
2599 4534 2611 4569 :
2653 4515 2789 4570 inter
2816 4530 2933 4586 qua:
2977 4527 3318 4571 numerantur

1738 4614 1792 4660 et
1833 4605 2101 4670 hzereses,
2150 4613 2204 4659 et
2235 4614 2339 4658 tam
2379 4605 2544 4660 multa
2593 4605 2828 4674 ipsorum
2872 4621 3090 4673 operum
3123 4606 3144 4637 °
3183 4607 3326 4662 intus

1738 4703 1986 4766 tanquam
2034 4697 2086 4749 in
2137 4696 2288 4766 palea
2335 4698 2666 4764 tolerantur,
2716 4707 2770 4752 et
2811 4706 2984 4751 tamen
3017 4714 3178 4754 unum
3224 4699 3326 4754 Ba-

1738 4786 1930 4857 ptisma
1975 4787 2223 4843 omnibus
2263 4797 2382 4856 est,
2429 4788 2569 4859 quod
2629 4789 2775 4842 nullo
2822 4787 3117 4857 iniquitatis
3161 4805 3326 4862 opere

1737 4881 1984 4937 violatur.

1805 5060 1822 5090 ί
1857 5057 2025 5108 Plures
2046 5063 2176 5117 Mss.,
2203 5056 2464 5117 ceritatem.

1803 5121 1825 5152 ³
1858 5127 1908 5188 tn
1929 5114 2214 5181 quibusdam
2236 5116 2388 5176 libris,
2400 5123 2539 5180 atque
2561 5114 2800 5180 apostolus
2818 5116 3016 5178 Paulus,
3033 5120 3332 5172 notissimum

1743 5187 2152 5299 Barlfiiiiug'iqu
2174 5237 2463 5303 Adelphusa
2491 5238 2753 5303 Thasbalte.
2770 5247 2946 5289 Att.ov.
2969 5248 3019 5290 et
3035 5249 3162 5303 Mss,
3190 5245 3303 5296 Ade.

1744 5302 1885 5366 pitius
1901 5315 1918 5362 ;
1938 5302 2039 5366 vel,
2067 5300 2306 5365 Adelﬁus.
2323 5309 2490 5350 Postea
2511 5301 2704 5350 codices
2719 5303 3019 5364 antiquiores
3060 5300 3262 5363 habent,
3299 5315 3332 5352 a

1749 5363 2040 5475 “mitiga
2062 5431 2156 5484 Er.,
2184 5421 2524 5486 Aleptuninus:
2547 5431 2792 5486 corrupte,
2817 5437 2921 5486 pro,
2943 5437 2976 5472 a
2996 5424 3297 5482 Lepti-minus
3311 5445 3334 5457 ο

1745 5499 1857 5550 qua:
1876 5487 2083 5557 esturbs
2104 5485 2361 5593 provinciae
2378 5485 2616 5535 Bizacenw
2629 5501 2642 5546 ;
2657 5485 2833 5558 praeter
2848 5498 2992 5548 quam
3009 5494 3131 5545 erat,
3155 5486 3332 5548 Leptis-

1745 5562 1936 5593 manna.
1961 5556 2102 5593 'muo
2123 5552 2294 5593 lunae:
2318 5546 2382 5593 de
2400 5547 2490 5593 hac
2513 5555 2696 5593 postea.
2714 5546 2798 5593 IlI).
2824 5548 2870 5593 7.
2893 5559 2943 5593 n.
2973 5546 3049 5593 92.

1744 5546 1936 5644 ma'gna.
1961 5546 2294 5608 'n'ipolitaaaa;
2318 5546 2382 5594 de
2400 5547 2490 5596 hac
2513 5546 2696 5608 postea,
2714 5546 2798 5596 lib.
2824 5546 2943 5606 7,'n.
2973 5546 3069 5617 92.⁶

1865 5611 1936 5644 ein
1960 5616 2049 5644 Am.
2073 5613 2144 5644 Fr,
2171 5613 2218 5644 nt
2244 5619 2415 5644 nmnnc
2438 5609 2514 5644 hin
2530 5615 2622 5644 Mc:
2671 5615 2714 5644 ΔΙ
2741 5614 2845 5644 Inv,
2871 5614 2919 5644 nt
2938 5613 3069 5644 (Nran

1865 5611 1938 5659 sic
1955 5616 2052 5656 Am.
2073 5613 2146 5656 Er.
2171 5613 2223 5656 et
2244 5619 2415 5658 omnes
2438 5609 2515 5658 hic
2530 5615 2638 5657 Mss.
2667 5615 2720 5657 Αι
2741 5614 2849 5655 Lov.
2871 5614 2922 5656 et
2938 5609 3214 5668 exprianus,
3237 5619 3333 5658 non

1748 5684 2000 5793 tmrmt-‘iiiti,
2025 5731 2236 5794 ipsorum
2260 5742 2422 5794 opera.
2449 5737 2505 5780 At
2527 5737 2654 5787 Mss,
2679 5727 2888 5791 ipsorum
2911 5738 3124 5788 operum.
