3796 6184
443 270 552 328 223

518 383 746 440 CAPUT
782 385 962 440 XLIV.
993 414 1064 425 -—-
1088 385 1173 441 85.
1207 384 1513 441 Vincentius
1539 401 1566 437 a
1595 386 1811 440 'l‘hibari
1850 386 2025 440 dLXit:

450 476 727 530 Hmreticos
766 479 951 531 scimus
979 494 1083 531 esse
1109 478 1322 546 ptjores,
1354 494 1507 547 quant
1533 476 1795 531 Ellmicos.
1823 477 1885 533 Si
1909 494 2029 532 con-

446 570 577 624 versi
604 570 670 621 ad
698 568 862 622 Deum
890 569 1328 623 venire'voluerint
1347 609 1361 633 ,
1394 569 1574 622 habent
1606 570 1776 639 utique
1803 569 2028 639 regulam

447 661 685 721 veritatis,
709 676 859 729 quam
885 659 1131 713 Dominus
1155 668 1402 729 prwcrpto
1427 660 1597 713 divino
1618 659 1875 712 mandavit
1896 660 2028 728 Apo-

448 753 608 815 stolis,
641 750 831 815 dicens,
861 767 880 800 t
912 749 1012 814 Ite,
1043 750 1096 803 in
1126 752 1326 803 nomine
1366 765 1475 802 meo
1518 765 1725 802 manum
1764 749 2025 819 imponite,

439 840 693 893 daemonia
746 838 980 906 expellite
1008 857 1027 890 ι
1076 841 1093 905 (
1124 837 1288 891 Marc.
1336 853 1448 903 ΧΠ,
1494 838 1557 891 l7
1587 836 1625 907 ).
1661 836 1730 890 Et
1766 837 1867 891 alio
1896 838 2028 899 loco,

450 949 470 982 ι
504 929 599 995 Ite,
629 939 689 982 et‘
702 929 874 983 docete
915 938 1105 999 gentes,
1136 930 1379 997 tingentes
1421 944 1508 982 eas
1547 929 1598 980 in
1627 930 1826 980 nom'ne
1856 926 2028 980 Patris

441 1030 486 1072 ct
528 1019 657 1072 Filii
691 1028 738 1072 et
778 1017 1005 1088 Spiritus
1049 1020 1209 1072 sancti
1242 1036 1260 1067 ι
1298 1016 1507 1090 (Matth.
1533 1032 1717 1080 xxvnt,
1751 1016 1856 1085 19).
1891 1016 2028 1087 Ergo

445 1111 609 1177 primo
652 1127 743 1179 per
783 1126 965 1163 manus
1003 1108 1372 1179 impositiOnent
1400 1109 1453 1162 in
1482 1109 1778 1173 exorcismo,
1810 1108 2028 1162 secundo

444 1216 535 1269 per
566 1198 812 1270 Baptismi
850 1201 1294 1270 regenerationem,
1336 1209 1453 1253 tunc
1491 1210 1699 1269 possunt
1741 1200 1810 1252 ad
1842 1198 2029 1253 Christi

444 1290 859 1359 pollicitationem
897 1290 1098 1355 uenire;
1136 1290 1266 1345 alias
1306 1301 1474 1344 autem
1524 1290 1634 1359 ﬁeri
1678 1307 1851 1345 censeo
1880 1292 1895 1322 ¹
1927 1308 2033 1346 non

442 1381 638 1436 debere.

517 1472 607 1527 86.
652 1473 726 1526 Ex
771 1486 872 1541 qua
920 1473 1099 1544 regula
1143 1472 1286 1527 dicat
1327 1460 1607 1527 haereticos
1654 1472 1865 1542 pejores
1909 1487 2030 1528 esse

451 1578 610 1633 quam
634 1562 908 1626 Ethnicos,
935 1565 1150 1629 nescio;
1180 1580 1300 1618 cum
1325 1564 1577 1618 Dominus
1602 1562 1762 1625 dicat,
1789 1562 1850 1618 Si
1874 1578 2031 1630 neque

452 1651 736 1707 Ecclesium
761 1652 994 1716 audierit,
1024 1654 1086 1706 sit
1115 1653 1203 1706 tibi
1230 1663 1467 1723 tanquam
1488 1653 1714 1706 ethnicus
1734 1661 1779 1705 et
1801 1650 2030 1721 publica-

445 1760 542 1797 nus
568 1741 678 1815 (Τά.
707 1758 860 1810 xvm,
885 1744 976 1814 Π)
1001 1746 1081 1797 An
1112 1744 1270 1798 etiam
1305 1744 1392 1796 tali
1425 1743 1705 1796 hmrcticus
1734 1743 1883 1812 pejor
1906 1741 2030 1795 est?

443 1834 585 1891 Nihil
617 1835 808 1889 resisto
836 1853 849 1889 :
884 1850 988 1889 non
1022 1844 1196 1889 tamen
1230 1844 1505 1903 propterea
1547 1834 1668 1903 quia
1716 1834 1829 1904 ipse
1869 1832 2029 1886 homo

444 1925 708 1995 pejor'est
734 1925 968 1991 etltnico,
994 1924 1173 1989 idest,
1202 1926 1383 1996 gentili
1409 1934 1568 1995 atque
1595 1940 1816 1994 pagano,
1841 1924 2033 1979 Sacra-

447 2025 688 2072 mentum
715 2017 873 2071 etiam
894 2015 1095 2070 Christi
1120 2016 1163 2069 si
1194 2015 1334 2085 quod
1367 2014 1543 2081 habet,
1569 2015 1708 2068 vitiis
1732 2014 1847 2082 ejus
1867 2015 2032 2069 mori-

440 2107 651 2178 busque
692 2107 967 2171 miscetur,
995 2116 1055 2161 et“
1087 2106 1273 2161 eadem
1319 2105 1677 2174 permixtione
1720 2114 2029 2174 corruptum

438 2200 600 2271 perit.
630 2199 764 2253 Nam
804 2198 971 2253 etilli
1013 2198 1103 2268 qui
1146 2197 1406 2253 recedunt
1439 2197 1506 2251 de
1542 2196 1796 2262 Ecclesia,
1819 2205 1873 2251 et
1898 2195 2033 2250 liunt

446 2291 712 2345 luerosum
740 2304 843 2343 non
874 2297 1077 2342 tantum
1109 2294 1431 2352 sectatores,
1468 2287 1559 2340 sed
1599 2287 1756 2340 etiam
1792 2285 2033 2340 condito-

443 2394 554 2443 res,
591 2380 634 2433 si
668 2381 778 2448 jam
815 2378 1066 2447 haptizati
1098 2377 1373 2443 recedunt,
1404 2391 1524 2431 cum
1556 2377 1847 2430 secundum
1874 2376 2028 2430 istam

443 2471 681 2539 regulam
702 2469 911 2539 pejores
930 2469 1036 2523 sint
1051 2467 1308 2532 Ethnieis,
1325 2467 1522 2522 habent
1543 2477 1717 2521 tamen
1732 2467 2027 2537 Baptisma:

444 2577 566 2616 nam
597 2561 640 2615 si
671 2560 898 2616 correcti
929 2560 1169 2625 redeant,
1200 2574 1305 2614 non
1333 2559 1636 2631 accipiunt;
1667 2558 1808 2627 quod
1834 2559 1876 2612 si
1900 2560 2032 2612 amio

444 2655 662 2721 sissent,
697 2654 876 2721 utique
906 2653 1230 2723 acciperent.
1252 2652 1432 2707 Potest
1464 2667 1591 2720 ergo
1618 2650 1729 2705 ﬁeri
1759 2659 1814 2704 ut
1843 2651 2032 2720 aliquis

442 2747 596 2819 pejor
624 2748 694 2802 sit
728 2744 964 2813 ethnico,
1005 2754 1059 2800 et
1097 2755 1272 2799 tamen
1304 2744 1355 2798 in
1387 2758 1453 2799 eo
1476 2742 1673 2798 Christi
1716 2742 2032 2797 Sacramen-

446 2850 559 2895 tum
588 2856 693 2894 non
733 2840 905 2894 solum
932 2839 1019 2899 sit,
1050 2837 1144 2893 sed
1174 2837 1334 2891 etiam
1361 2851 1466 2890 non
1497 2835 1565 2889 sit
1597 2834 1767 2905 pejus,
1794 2849 1950 2905 quam
1978 2834 2030 2888 in

444 2928 661 2983 homine
701 2937 887 2983 sancto
923 2936 977 2983 et
1013 2928 1177 2997 justo.
1211 2928 1274 2981 Et
1301 2927 1345 2981 si
1376 2926 1516 2979 enim
1554 2934 1807 2994 quantmn
1849 2925 1899 2977 in
1944 2925 2034 2978 illo

446 3017 662 3072 homine
686 3026 789 3083 est,
815 3033 920 3071 non
953 3019 1123 3086 ipsum
1152 3015 1400 3077 servavit;
1430 3015 1728 3069 sed‘animo
1756 3023 1808 3069 et
1838 3015 2030 3067 volun-

446 3115 557 3177 tate
580 3106 830 3173 violavit;
859 3114 1038 3161 tamen
1060 3114 1313 3175 quantum
1342 3104 1421 3158 ad’
1442 3105 1612 3173 ipsum
1635 3104 1822 3158 attinet
1843 3103 2034 3158 Sacra-

448 3206 686 3252 menlum
708 3238 723 3262 ,
755 3206 808 3251 et
839 3212 958 3251 cum
985 3193 1798 3264 contemptore'et‘repudiatore
1827 3208 1924 3247 suo
1952 3194 2033 3247 in-

453 3298 659 3358 tegrum
711 3287 1131 3357 inviolatumque
1174 3286 1484 3356 permansit;
1523 3284 1709 3339 Nonne
1744 3284 2034 3341 Sodomita:

444 3377 644 3433 ethnici
669 3387 840 3441 erant,
869 3377 920 3431 id
949 3386 1050 3440 est,
1074 3377 1301 3448 gentiles
1316 3376 1586 3445 ?°Pejores
1612 3391 1740 3445 ergo
1769 3384 1922 3435 erant
1941 3374 2034 3430 Ju-

441 3468 566 3533 (ἰωί,
607 3468 799 3539 quibus
823 3468 1080 3523 Dominus
1108 3467 1255 3533 dicit,
1292 3466 1628 3521 Tolerabilius
1667 3467 1760 3520 erit
1796 3465 2032 3520 Sodomis

441 3560 497 3613 in
523 3560 605 3613 die
624 3558 828 3630 judicii,
856 3574 1006 3628 quam
1032 3560 1166 3614 vobis
1193 3557 1300 3629 (Id.
1326 3574 1400 3621 XI,
1431 3557 1525 3628 24)
1557 3575 1570 3611 :
1601 3565 1658 3612 et
1684 3558 1875 3627 quibus
1905 3572 2036 3627 prn-

444 3650 602 3719 pheta
633 3649 780 3712 dicit,
806 3647 1137 3717 Justiﬁcastis
1175 3648 1453 3702 Sodomam
1482 3645 1713 3717 (Ezeclt.
1744 3663 1856 3712 ενι,
1886 3648 1945 3701 51
1975 3645 2030 3717 );

447 3740 500 3794 id
544 3749 642 3803 est,
689 3739 741 3792 in
783 3740 1179 3808 comparatione
1208 3747 1403 3803 vestra,
1446 3737 1677 3792 Sodoma
1715 3739 1856 3803 justa
1896 3736 2033 3791 facta

445 3830 589 3884 est'.
613 3827 877 3899 Numquid
923 3838 1098 3883 tamen
1151 3828 1272 3883 ideo
1315 3835 1648 3882 sacramenta
1692 3827 1866 3882 divina
1914 3843 2031 3898 qum

511 3979 525 4009 ι
564 3977 791 4036 Verbum,
815 3990 999 4036 censeo,
1024 3980 1166 4030 abest
1185 3992 1214 4030 a
1238 3987 1342 4030 uss.

509 4042 529 4071 ³
562 4043 636 4087 Er.
659 4039 805 4103 Lugd.
829 4047 945 4089 \‘en.
971 4047 1101 4103 hom,
1125 4040 1326 4092 Sodoma
1335 4038 1604 4105 justiﬁcata
1633 4045 1717 4090 est.
1784 4047 1842 4089 ιιι.

1194 271 1277 325 DE
1319 270 1652 351 BAl’TlSMO
1690 269 1965 325 C0.\'Tll.\
2008 266 2444 335 DONATISTAS,
2488 270 2545 323 S.
2579 268 2947 327 AUGUSTINI

3655 274 3760 329 ω

2137 385 2275 454 apud
2318 386 2529 443 Judatos
2573 399 2746 456 erant,
2794 392 2915 446 talia
2964 401 3117 448 erant
3164 396 3355 465 quales
3394 397 3505 468 ipsi
3546 410 3753 461 erant;

2137 491 2253 545 qua-
2281 477 2534 534 Dominus
2565 480 2680 550 ipse
2701 496 2911 552 quoque
2934 485 3188 554 suscepit,
3206 495 3261 540 et
3276 486 3343 541 ad
3365 502 3426 542 ea
3447 487 3753 543 celebran-

2136 568 2201 621 da
2235 568 2476 637 leprosos
2505 587 2639 639 quos
2669 573 3018 629 mandaverat
3045 576 3189 631 misit
3215 577 3235 648 (
3263 576 3388 632 Luc.
3419 595 3572 645 xvu,
3610 580 3679 634 H
3708 579 3748 648 ).

2135 666 2188 712 et
2215 672 2275 711 ea
2306 657 2577 714 Zacharias
2606 662 2926 718 ministranti
2963 665 3181 735 angelus
3218 667 3455 735 adstitit,
3504 684 3753 738 eumque

2138 750 2189 804 in
2219 752 2415 821 templo
2437 753 2824 810 sacrificantem
2849 756 3155 811 exauditum
3179 772 3298 812 esse
3318 761 3608 815 nuntiavit
3632 758 3745 827 (la.

2137 859 2172 907 I,
2202 844 2289 907 ll,
2321 845 2450 914 l5)?
2475 845 2598 900 llaec
2626 846 2811 901 eadem
2841 858 3170 902 sacramenta
3199 860 3252 903 et
3282 851 3333 904 in
3367 850 3536 905 bonis
3571 850 3747 905 homi-

2137 934 2292 988 nibus
2318 935 2460 989 illius
2483 937 2735 1007 temporis
2750 946 2923 1003 erant,
2940 948 2998 992 et
3019 939 3070 992 in
3093 939 3247 993 malis
3268 941 3559 1010 pejoribus
3580 956 3745 1009 quam

2136 1024 2243 1079 sint
2293 1025 2545 1091 Ethnici;
2594 1027 3019 1099 quandoquidem
3068 1029 3364 1086 Sodomitis
3414 1032 3473 1086 in
3531 1032 3749 1086 malitia

2137 1115 2340 1184 pra-lati
2368 1127 2491 1170 sunt
2520 1134 2533 1168 :
2563 1126 2617 1172 et
2646 1127 2822 1173 tamen
2851 1118 2937 1173 illa
2954 1129 3283 1175 sacramenta
3306 1131 3465 1177 erant
3487 1104 3747 1175 in‘utris-

2135 1220 2235 1273 quo
2266 1204 2465 1275 integra
2492 1216 2651 1278 atque
2670 1207 2868 1263 divina.

2205 1297 2292 1351 87.
2334 1297 2464 1352 Nam
2495 1307 2550 1353 et
2576 1300 2673 1369 ipsi
2701 1299 2937 1356 Gentiles
2962 1301 3005 1357 si
3035 1302 3161 1372 quid
3182 1302 3418 1357 divinum
3439 1312 3504 1359 et
3520 1312 3754 1358 rectum

2138 1386 2187 1439 in
2219 1387 2474 1443 doctrinis
2513 1391 2625 1445 suis
2660 1390 2856 1447 habere
2886 1402 3200 1463 potuerunt,
3233 1410 3338 1449 non
3362 1394 3714 1464 improbave-

2135 1487 2256 1531 runt
2282 1478 2453 1533 sancti
2481 1481 2669 1548 nostri,
2691 1482 2935 1552 quamvis
2956 1483 3029 1537 illi
3057 1498 3151 1553 per
3171 1499 3295 1538 suas
3314 1485 3748 1555 superstitiones

2134 1576 2189 1622 ct
2215 1568 2564 1625 idololatriam
2589 1580 2643 1626 et
2658 1572 2982 1642 superbiam,
2999 1582 3329 1643 catterosque
3350 1574 3603 1644 perditos
3618 1590 3741 1628 mo-

2135 1676 2223 1714 res
2268 1660 2569 1718 detestandi
2612 1672 2813 1731 essent,
2852 1673 2908 1719 et
2948 1665 3049 1719 nisi
3094 1666 3519 1735 corrigerentur,
3550 1664 3739 1720 divino

2130 1751 2341 1821 judicio.
2362 1754 2635 1823 puniendi.
2658 1755 2789 1810 Nam
2814 1765 2868 1810 et
2887 1756 3081 1811 Paulus
3100 1758 3372 1827 apostolus
3396 1757 3547 1828 apud
3571 1756 3738 1811 Athe.

2135 1845 2351 1900 nienses
2375 1861 2496 1900 cum
2520 1845 2587 1901 de
2614 1846 2724 1902 Deo
2752 1848 2994 1918 quaedam
3020 1847 3244 1913 diceret,
3273 1848 3557 1918 perhibuit
3582 1849 3735 1903 testi-

2133 1936 2370 1992 monium
2419 1937 2558 2007 quod
2603 1938 2819 2009 quidam
2865 1953 3047 1993 eorum
3098 1939 3203 1995 tale
3245 1938 3445 2007 aliquid
3489 1938 3736 1995 dixerint

2136 2028 2275 2098 (Act.
2302 2044 2432 2094 xvn,
2454 2028 2546 2101 28)
2572 2047 2586 2083 :
2614 2029 2756 2100 quod
2787 2029 2971 2099 utique
2994 2029 3047 2084 si
3065 2028 3131 2085 ad
3152 2028 3432 2084 Christum
3451 2029 3729 2090 venirent,

2135 2132 2516 2191 agnosceretur
2561 2124 2613 2177 in
2658 2123 2757 2189 eis,
2795 2138 2900 2178 non
2945 2122 3359 2192 improbaretur.
3401 2119 3466 2176 Et
3508 2128 3732 2176 sanctus

2134 2210 2430 2285 Cyprianus
2479 2212 2671 2268 talibus
2711 2212 2967 2268 adversus
3007 2212 3224 2268 eosdem
3257 2210 3518 2267 Ethnicos
3564 2210 3735 2266 utitur

2135 2304 2377 2361 testibus.
2400 2304 2531 2360 Nam
2558 2320 2678 2360 cum
2709 2304 2778 2360 de
2804 2304 2972 2373 magis
2999 2303 3308 2374 loqueretur
3332 2322 3347 2357 :
3378 2302 3621 2370 Quorum
3651 2310 3729 2353 ta-

2135 2413 2267 2463 men,
2300 2396 2488 2467 inquit,
2530 2396 2814 2466 praecipuus
2846 2394 3120 2462 Hostanes,
3148 2404 3196 2448 et
3233 2397 3452 2465 formant
3488 2393 3601 2447 veri
3636 2390 3728 2444 Dei

2135 2499 2282 2560 negat
2311 2490 2533 2558 conspici
2561 2504 2727 2559 posse,
2751 2497 2796 2543 et
2822 2486 3027 2558 angelos
3056 2503 3196 2540 veros
3222 2486 3332 2540 sedi
3357 2486 3466 2555 ejus
3492 2484 3622 2538 dicit
3648 2499 3727 2536 as-

2134 2581 2327 2633 sistere.
2355 2579 2421 2633 In
2446 2595 2546 2650 quo
2574 2588 2621 2633 et
2651 2578 2800 2632 Plato
2832 2578 2944 2646 pari
2972 2576 3167 2630 ratione
3192 2576 3462 2639 consentit,
3489 2584 3538 2627 et
3568 2588 3724 2626 unum

2135 2670 2301 2726 Deum
2328 2687 2549 2734 seruans,
2575 2680 2779 2724 cazteros
2802 2668 3005 2739 angelos
3032 2666 3109 2720 vel
3136 2666 3395 2720 dwmonas
3419 2664 3564 2718 dicit.
3596 2659 3730 2714 Her—

2137 2780 2240 2816 mes
2277 2778 2470 2832 quoque
2494 2760 2845 2831 Trismegistus
2882 2775 3038 2812 unuut
3066 2757 3229 2812 Deum
3266 2756 3509 2827 loquitur,
3537 2763 3589 2809 et
3613 2768 3721 2807 eum

2135 2852 2689 2921 incomprehensibilem
2713 2860 2860 2920 atque
2883 2845 3277 2902 inwstinwbiletn
3297 2846 3566 2914 conﬁtetur
3586 2841 3735 2915 (Lib..

2136 2944 2200 2999 de
2219 2942 2482 2998 [dolorum
2512 2942 2791 3013 Vanitate).
2812 2941 2866 2997 Si
2896 2956 3022 3011 ergo
3049 2938 3136 2995 isti
3162 2939 3437 2993 venissent
3462 2936 3528 2991 ad
3555 2933 3719 3006 perci-

2140 3037 2382 3106 picmlam
2409 3035 2756 3090 christianam
2787 3034 3033 3098 salutem,
3068 3045 3171 3085 non
3200 3030 3385 3100 utique
3409 3028 3489 3082 eis
3510 3026 3717 3081 dicere-

2140 3137 2243 3193 tur,
2288 3127 2398 3181 lloc
2443 3126 2642 3180 malum
2695 3123 2932 3186 habetis,
2977 3122 3059 3177 vel
3108 3121 3297 3175 falsum
3347 3118 3599 3173 habetis:
3629 3113 3716 3169 sed

2139 3219 2295 3286 plane
2329 3218 2519 3272 merito
2549 3218 2838 3281 diceretur,
2873 3214 2984 3269 lloc
3013 3212 3161 3268 vobis
3189 3211 3433 3281 quamvis
3462 3210 3715 3279 integrum

2138 3318 2191 3364 et
2216 3324 2423 3375 verum,
2456 3308 2587 3362 nihil
2619 3317 2793 3362 tamen
2828 3304 3121 3376 prodesset,
3153 3302 3253 3357 nisi
3280 3301 3347 3357 ad
3373 3301 3569 3357 Christi
3597 3312 3715 3369 gra-

2139 3401 2265 3455 tiam
2294 3400 2562 3455 veniretis.
2586 3398 2639 3456 Si
2663 3415 2791 3470 crgo
2816 3399 2868 3453 in
2899 3397 3027 3467 ipsis
3053 3394 3298 3450 Ethnicis
3325 3401 3502 3465 potest
3525 3387 3713 3461 aliquid

2138 3493 2373 3546 divinant
2407 3491 2630 3547 inveniri
2661 3499 2910 3561 recteque
2934 3487 3235 3559 approbari,
3261 3485 3503 3557 quamvis
3526 3484 3607 3540 eis
3628 3495 3710 3536 sa-

2117 3582 2221 3649 ,lus
2250 3583 2423 3637 adhuc
2447 3598 2476 3636 a
2503 3582 2719 3638 Christo
2760 3579 3059 3651 praestanda
3094 3579 3201 3641 sit;
3233 3593 3341 3645 non
3378 3584 3588 3648 oportet
3623 3585 3716 3627 nos

2138 3673 2208 3727 ita
2240 3675 2439 3728 moveri
2468 3674 2677 3729 etiamsi
2709 3673 2924 3742 pejores
2952 3679 3077 3725 sunt
3113 3668 3377 3733 haeretici,
3405 3677 3462 3721 ut
3489 3663 3627 3737 quod
3662 3661 3708 3714 in

2137 3762 2217 3818 eis
2245 3764 2441 3818 malum
2485 3763 2720 3833 ipsorum
2751 3769 2831 3815 est
2856 3760 3080 3815 velimus
3108 3760 3396 3827 corrigere,
3420 3765 3474 3811 et
3497 3752 3634 3826 quod
3660 3751 3706 3804 in

2137 3854 2216 3908 eis
2265 3853 2463 3908 bonum
2507 3862 2590 3908 est
2627 3851 2825 3906 Christi
2875 3851 3104 3905 nolimus
3144 3863 3455 3920 agnoscere.
3485 3845 3584 3903 Sed
3606 3844 3711 3913 jam

2137 3952 2359 3999 caeteras
2406 3944 2563 4012 hujus
2605 3942 2814 3998 concilii
2854 3941 3148 3996 sententias
3188 3936 3618 4010 pertractandas,
3646 3931 3713 3985 ab

2138 4033 2245 4088 alio
2275 4034 2627 4104 suscipiemus
2654 4032 2895 4088 exordio.

516 4155 3711 4180 Μ

1368 4240 1850 4347 LIBER
1942 4241 2222 4347 SEP
2245 4240 2560 4346 TLM
2578 4241 2779 4389 US.

1241 4432 1291 4475 tn
1314 4437 1412 4489 quo
1435 4430 1627 4475 caetera:
1649 4424 1910 4474 sententia:
1931 4422 2125 4474 concilii
2147 4423 2537 4488 Carthaginensis
2558 4428 2943 4487 pertractantem

1892 4527 2271 4603 οικιθεησ

519 4674 746 4733 CAPUT
788 4671 1073 4729 PRIMUM.
1100 4701 1171 4711 —
1201 4671 1252 4725 1.
1280 4669 1396 4724 Νοιι
1423 4670 1591 4724 simus
1618 4670 1827 4725 molrsti
1859 4668 2039 4740 legen-

450 4765 611 4830 tibus,
642 4767 685 4820 si
713 4766 896 4820 eadem
922 4763 1069 4818 varie
1100 4777 1163 4817 ac
1191 4776 1333 4831 smpe
1366 4761 1697 4816 disserimus.
1726 4762 2037 4831 Quanquam

450 4854 594 4909 enim
622 4855 857 4909 Ecclesia
886 4853 1144 4909 catholica
1187 4861 1368 4908 sancta
1414 4852 1466 4906 in
1505 4839 1751 4906 omnibus
1793 4851 2040 4923 gentibus

455 4946 712 5000 adversus
754 4962 815 5001 ea
863 4963 980 5014 qua:
1029 4947 1080 5000 in
1131 4946 1230 5000 ista
1279 4944 1574 5014 quaestione
1618 4943 1685 4997 de
1730 4943 2036 5012 Baptlsnto,

455 5046 633 5091 utrum
662 5046 714 5091 et
743 5036 879 5108 apud
911 5037 1189 5092 luereticos
1223 5045 1278 5092 et
1310 5035 1681 5090 schismaticos
1709 5033 1845 5089 idem
1872 5035 2041 5104 possit

456 5145 578 5184 esse
602 5128 690 5198 qui
721 5138 801 5183 est
833 5130 883 5180 in
905 5125 1198 5186 Catholica.
1226 5126 1533 5181 nonnullam
1561 5125 1837 5195 caliginem
1869 5124 2040 5178 oliuno

456 5220 609 5284 dunt,
635 5218 821 5287 prisca:
849 5216 1251 5272 consuetudinis
1275 5229 1325 5271 et
1356 5215 1574 5286 plenarii
1609 5215 1819 5270 concilii
1854 5222 2040 5269 aucto-

459 5311 616 5366 ritate
639 5310 841 5363 munita
868 5309 938 5361 sit
962 5326 975 5359 :
1000 5317 1174 5362 tamen
1197 5308 1315 5377 quia
1340 5324 1443 5361 non
1468 5306 1869 5361 contemnendis
1890 5305 2037 5368 viris,

456 5415 512 5460 et
553 5402 784 5457 maxime
818 5399 1080 5472 Cypriane
1121 5398 1172 5453 in
1200 5399 1310 5468 ipsa
1350 5400 1550 5454 unitate
1578 5397 1860 5468 aliquando
1887 5397 2043 5452 aliter

458 5497 627 5550 visum
656 5502 759 5560 est,
790 5493 942 5562 cujus
969 5492 1041 5545 uti
1072 5487 1352 5545 adversum
1380 5505 1477 5545 nos
1503 5490 1816 5545 auctoritate
1844 5504 2044 5545 conan-

461 5593 569 5651 tur,
586 5586 674 5655 qui
705 5585 862 5655 longe
886 5583 955 5637 ab
983 5581 1100 5650 ejus
1115 5580 1374 5635 charitatc
1399 5580 1586 5635 remoti
1616 5591 1739 5635 sunt
1762 5597 1776 5645 ;
1802 5587 2042 5650 propter-

461 5690 522 5731 ea
569 5677 809 5747 cogiumr
855 5690 919 5731 ex
963 5671 1360 5743 opportunitate
1426 5670 1684 5727 tractandi
1721 5681 1774 5728 et
1799 5669 2042 5728 consido-

2140 4669 2292 4725 randi
2314 4671 2489 4724 omnia
2520 4686 2638 4741 qua:
2667 4670 2718 4725 in
2748 4669 2864 4739 ejus
2888 4669 3113 4724 concilio
3135 4668 3202 4723 de
3222 4668 3324 4724 hac
3351 4684 3410 4724 re
3436 4668 3698 4735 litterisque

2142 4764 2516 4832 comperimus,
2542 4762 2678 4817 hanc
2698 4762 2941 4819 eamdem
2963 4763 3310 4832 qumstionem
3332 4764 3593 4833 aliquanto
3610 4758 3704 4813 diu-

2144 4853 2248 4908 tius
2277 4863 2525 4924 tanquam
2555 4855 2607 4909 iu
2636 4856 2882 4910 manibus
2905 4869 3142 4921 versare,
3173 4861 3226 4910 et
3255 4855 3539 4910 ostendere
3564 4863 3697 4924 quam

2142 4945 2320 5001 verius
2363 4947 2698 5002 universitati
2737 4946 2990 5002 Ecclesia:
3029 4945 3306 5001 catholicm
3349 4946 3628 5016 placuerit,
3655 4945 3702 4991 ul

2146 5038 2382 5093 haeretici
2409 5039 2492 5094 vel
2516 5038 2859 5093 .scltismatici
2902 5038 2990 5108 qui
3028 5039 3139 5107 jam
3173 5034 3371 5091 Christi
3406 5037 3698 5107 Baptistnum

2144 5128 2253 5185 illic
2280 5128 2421 5183 unde
2443 5129 2663 5183 veniunt
2689 5138 3030 5196 acceperunt,
3060 5127 3112 5180 in
3139 5126 3462 5181 catholicam
3488 5135 3697 5182 commu-

2145 5219 2358 5275 nionem
2388 5234 2508 5273 cum
2543 5219 2631 5272 illo
2658 5218 3023 5282 admittuntur,
3055 5215 3122 5271 ab
3149 5230 3335 5271 errore
3362 5231 3461 5272 suo
3485 5208 3701 5271 correcti.

2146 5310 2199 5365 in
2228 5309 2487 5365 charitate
2507 5309 2728 5365 radieati
2754 5317 2913 5379 atque
2940 5307 3178 5368 fundati;
3207 5313 3266 5360 nt
3291 5306 3433 5377 quod
3461 5307 3631 5362 attinet
3645 5295 3699 5352 ad

2146 5398 2400 5469 Baptismi
2444 5409 2856 5465 sacramentum,
2893 5413 2999 5453 non
3036 5397 3177 5452 adsit
3212 5396 3356 5467 quod
3393 5395 3595 5462 deerat,
3624 5386 3694 5445 sed

2147 5491 2315 5562 prosit
2342 5490 2484 5561 quod
2514 5492 2703 5547 inerat.
2728 5490 2792 5545 Et
2818 5490 3003 5545 beatus
3024 5488 3321 5562 Cyprianus
3366 5488 3575 5560 quidem
3609 5486 3691 5556 jam

2144 5594 2374 5650 corpore
2401 5579 2542 5650 quod
2579 5587 2940 5649 corrumpttur
2975 5594 3080 5633 non
3118 5588 3441 5649 aggravaute
3470 5576 3692 5633 animam.

2150 5683 2248 5726 nec
2277 5668 2607 5741 deprimente
2636 5679 2846 5727 terrena
2882 5667 3266 5726 inhabitatione
3300 5683 3519 5726 sensum
3556 5662 3688 5722 multa
