  <div class='ocr_page' id='page_1' title='image "/cluster/home/n/w/nwhite01/storage/ocr_20150623/43/uva.x000827113/120.png"; bbox 0 0 3796 6132; ppageno 0'>
   <div class='ocr_carea' id='block_1_1' title="bbox 104 285 192 340">
    <p class='ocr_par' dir='ltr' id='par_1_1' title="bbox 104 285 192 340">
     <span class='ocr_line' id='line_1_1' title="bbox 104 285 192 340; baseline 0 0"><span class='ocrx_word' id='word_1_1' title='bbox 104 285 192 340; x_wconf 64' lang='grc'><strong>125</strong></span> 
     </span>
    </p>
   </div>
   <div class='ocr_carea' id='block_1_2' title="bbox 109 374 1644 468">
    <p class='ocr_par' dir='ltr' id='par_1_2' title="bbox 109 374 1644 468">
     <span class='ocr_line' id='line_1_2' title="bbox 109 374 1644 468; baseline -0.018 -15"><span class='ocrx_word' id='word_1_2' title='bbox 109 396 387 468; x_wconf 70' lang='lat' dir='ltr'><strong>cogitantem</strong></span> <span class='ocrx_word' id='word_1_3' title='bbox 415 390 591 464; x_wconf 85' lang='lat' dir='ltr'><strong>(Sap.</strong></span> <span class='ocrx_word' id='word_1_4' title='bbox 620 407 698 455; x_wconf 78' lang='lat' dir='ltr'><strong>lx,</strong></span> <span class='ocrx_word' id='word_1_5' title='bbox 728 389 796 444; x_wconf 76' lang='grc'>15</span> <span class='ocrx_word' id='word_1_6' title='bbox 822 383 1132 459; x_wconf 74' lang='grc' dir='ltr'><strong>),-δειόιιὶιιε</strong></span> <span class='ocrx_word' id='word_1_7' title='bbox 1173 379 1423 452; x_wconf 73' lang='lat' dir='ltr'><strong>perspicit</strong></span> <span class='ocrx_word' id='word_1_8' title='bbox 1448 374 1644 468; x_wconf 86' lang='lat' dir='ltr'><strong>verita-</strong></span> 
     </span>
    </p>
   </div>
   <div class='ocr_carea' id='block_1_3' title="bbox 112 466 1650 556">
    <p class='ocr_par' dir='ltr' id='par_1_3' title="bbox 112 466 1650 556">
     <span class='ocr_line' id='line_1_3' title="bbox 112 466 1650 556; baseline -0.017 -14"><span class='ocrx_word' id='word_1_9' title='bbox 112 466 213 552; x_wconf 75' lang='lat' dir='ltr'><strong>tem,</strong></span> <span class='ocrx_word' id='word_1_10' title='bbox 244 498 394 556; x_wconf 87' lang='lat' dir='ltr'><strong>quam</strong></span> <span class='ocrx_word' id='word_1_11' title='bbox 435 486 636 538; x_wconf 84' lang='lat' dir='ltr'><strong>meruit</strong></span> <span class='ocrx_word' id='word_1_12' title='bbox 672 479 890 549; x_wconf 87' lang='lat' dir='ltr'><strong>adipisci</strong></span> <span class='ocrx_word' id='word_1_13' title='bbox 932 491 1028 546; x_wconf 88' lang='lat' dir='ltr'><strong>per</strong></span> <span class='ocrx_word' id='word_1_14' title='bbox 1065 471 1394 527; x_wconf 81' lang='lat' dir='ltr'><strong>citaritatem.</strong></span> <span class='ocrx_word' id='word_1_15' title='bbox 1425 466 1650 534; x_wconf 81' lang='lat' dir='ltr'><strong>Adjuvet</strong></span> 
     </span>
    </p>
   </div>
   <div class='ocr_carea' id='block_1_4' title="bbox 109 556 1651 652">
    <p class='ocr_par' dir='ltr' id='par_1_4' title="bbox 109 556 1651 652">
     <span class='ocr_line' id='line_1_4' title="bbox 109 556 1651 652; baseline -0.019 -15"><span class='ocrx_word' id='word_1_16' title='bbox 109 580 255 652; x_wconf 78' lang='lat' dir='ltr'><strong>itaque</strong></span> <span class='ocrx_word' id='word_1_17' title='bbox 286 593 383 634; x_wconf 87' lang='lat' dir='ltr'><strong>nos</strong></span> <span class='ocrx_word' id='word_1_18' title='bbox 407 576 741 633; x_wconf 79' lang='lat' dir='ltr'><strong>orationibus</strong></span> <span class='ocrx_word' id='word_1_19' title='bbox 779 572 889 627; x_wconf 89' lang='lat' dir='ltr'><strong>suis</strong></span> <span class='ocrx_word' id='word_1_20' title='bbox 925 571 977 624; x_wconf 91' lang='lat' dir='ltr'><strong>in</strong></span> <span class='ocrx_word' id='word_1_21' title='bbox 1019 567 1170 622; x_wconf 88' lang='lat' dir='ltr'><strong>istius</strong></span> <span class='ocrx_word' id='word_1_22' title='bbox 1209 563 1385 618; x_wconf 88' lang='lat' dir='ltr'><strong>carnis</strong></span> <span class='ocrx_word' id='word_1_23' title='bbox 1412 556 1651 613; x_wconf 89' lang='lat' dir='ltr'><strong>mortali-</strong></span> 
     </span>
    </p>
   </div>
   <div class='ocr_carea' id='block_1_5' title="bbox 110 648 1652 741">
    <p class='ocr_par' dir='ltr' id='par_1_5' title="bbox 110 648 1652 741">
     <span class='ocr_line' id='line_1_5' title="bbox 110 648 1652 741; baseline -0.018 -14"><span class='ocrx_word' id='word_1_24' title='bbox 110 648 211 736; x_wconf 79' lang='lat' dir='ltr'><strong>tate,</strong></span> <span class='ocrx_word' id='word_1_25' title='bbox 237 680 482 741; x_wconf 82' lang='lat' dir='ltr'><strong>tanquam</strong></span> <span class='ocrx_word' id='word_1_26' title='bbox 512 668 566 723; x_wconf 87' lang='lat' dir='ltr'><strong>in</strong></span> <span class='ocrx_word' id='word_1_27' title='bbox 594 664 878 735; x_wconf 74' lang='lat' dir='ltr'><strong>caliginosa</strong></span> <span class='ocrx_word' id='word_1_28' title='bbox 908 660 1050 717; x_wconf 88' lang='lat' dir='ltr'><strong>nube</strong></span> <span class='ocrx_word' id='word_1_29' title='bbox 1093 657 1417 715; x_wconf 89' lang='lat' dir='ltr'><strong>laborantes,</strong></span> <span class='ocrx_word' id='word_1_30' title='bbox 1459 660 1516 703; x_wconf 92' lang='lat' dir='ltr'><strong>ut</strong></span> <span class='ocrx_word' id='word_1_31' title='bbox 1555 648 1652 701; x_wconf 89' lang='lat' dir='ltr'><strong>do-</strong></span> 
     </span>
    </p>
   </div>
   <div class='ocr_carea' id='block_1_6' title="bbox 106 742 1653 831">
    <p class='ocr_par' dir='ltr' id='par_1_6' title="bbox 106 742 1653 831">
     <span class='ocr_line' id='line_1_6' title="bbox 106 742 1653 831; baseline -0.02 -9"><span class='ocrx_word' id='word_1_32' title='bbox 106 774 240 822; x_wconf 83' lang='lat' dir='ltr'><strong>nante</strong></span> <span class='ocrx_word' id='word_1_33' title='bbox 258 763 505 827; x_wconf 87' lang='lat' dir='ltr'><strong>Domino,</strong></span> <span class='ocrx_word' id='word_1_34' title='bbox 533 767 783 831; x_wconf 91' lang='lat' dir='ltr'><strong>quantum</strong></span> <span class='ocrx_word' id='word_1_35' title='bbox 817 764 1116 824; x_wconf 83' lang='lat' dir='ltr'><strong>possumus,</strong></span> <span class='ocrx_word' id='word_1_36' title='bbox 1148 748 1288 803; x_wconf 89' lang='lat' dir='ltr'><strong>bona</strong></span> <span class='ocrx_word' id='word_1_37' title='bbox 1324 745 1439 813; x_wconf 91' lang='lat' dir='ltr'><strong>ejus</strong></span> <span class='ocrx_word' id='word_1_38' title='bbox 1476 742 1653 831; x_wconf 81' lang='lat' dir='ltr'><strong>imite-</strong></span> 
     </span>
    </p>
   </div>
   <div class='ocr_carea' id='block_1_7' title="bbox 108 829 1655 920">
    <p class='ocr_par' dir='ltr' id='par_1_7' title="bbox 108 829 1655 920">
     <span class='ocr_line' id='line_1_7' title="bbox 108 829 1655 920; baseline -0.019 -10"><span class='ocrx_word' id='word_1_39' title='bbox 108 871 221 910; x_wconf 83' lang='lat' dir='ltr'><strong>mur.</strong></span> <span class='ocrx_word' id='word_1_40' title='bbox 245 852 296 909; x_wconf 90' lang='lat' dir='ltr'><strong>Si</strong></span> <span class='ocrx_word' id='word_1_41' title='bbox 320 851 448 920; x_wconf 87' lang='lat' dir='ltr'><strong>quid</strong></span> <span class='ocrx_word' id='word_1_42' title='bbox 478 829 654 903; x_wconf 83' lang='lat' dir='ltr'><strong>autem</strong></span> <span class='ocrx_word' id='word_1_43' title='bbox 675 846 829 901; x_wconf 78' lang='lat' dir='ltr'><strong>aliter</strong></span> <span class='ocrx_word' id='word_1_44' title='bbox 848 842 1035 904; x_wconf 90' lang='lat' dir='ltr'><strong>sensit,</strong></span> <span class='ocrx_word' id='word_1_45' title='bbox 1059 850 1113 895; x_wconf 89' lang='lat' dir='ltr'><strong>et</strong></span> <span class='ocrx_word' id='word_1_46' title='bbox 1135 834 1447 907; x_wconf 83' lang='lat' dir='ltr'><strong>quibusdam</strong></span> <span class='ocrx_word' id='word_1_47' title='bbox 1482 829 1655 885; x_wconf 78' lang='lat' dir='ltr'><strong>fratri-</strong></span> 
     </span>
    </p>
   </div>
   <div class='ocr_carea' id='block_1_8' title="bbox 108 920 1654 1011">
    <p class='ocr_par' dir='ltr' id='par_1_8' title="bbox 108 920 1654 1011">
     <span class='ocr_line' id='line_1_8' title="bbox 108 920 1654 1011; baseline -0.017 -11"><span class='ocrx_word' id='word_1_48' title='bbox 108 946 186 1000; x_wconf 97' lang='lat' dir='ltr'><strong>bus</strong></span> <span class='ocrx_word' id='word_1_49' title='bbox 206 942 526 1011; x_wconf 77' lang='lat' dir='ltr'><strong>collegisque</strong></span> <span class='ocrx_word' id='word_1_50' title='bbox 550 937 832 1009; x_wconf 81' lang='lat' dir='ltr'><strong>persuasit,</strong></span> <span class='ocrx_word' id='word_1_51' title='bbox 854 931 996 1003; x_wconf 89' lang='lat' dir='ltr'><strong>quod</strong></span> <span class='ocrx_word' id='word_1_52' title='bbox 1034 944 1175 984; x_wconf 91' lang='lat' dir='ltr'><strong>nunc</strong></span> <span class='ocrx_word' id='word_1_53' title='bbox 1199 942 1263 982; x_wconf 90' lang='lat' dir='ltr'><strong>eo</strong></span> <span class='ocrx_word' id='word_1_54' title='bbox 1289 940 1444 995; x_wconf 90' lang='lat' dir='ltr'><strong>quem</strong></span> <span class='ocrx_word' id='word_1_55' title='bbox 1471 920 1654 977; x_wconf 80' lang='lat' dir='ltr'><strong>dilexit</strong></span> 
     </span>
    </p>
   </div>
   <div class='ocr_carea' id='block_1_9' title="bbox 109 1013 1653 1102">
    <p class='ocr_par' dir='ltr' id='par_1_9' title="bbox 109 1013 1653 1102">
     <span class='ocr_line' id='line_1_9' title="bbox 109 1013 1653 1102; baseline -0.017 -11"><span class='ocrx_word' id='word_1_56' title='bbox 109 1035 344 1091; x_wconf 75' lang='lat' dir='ltr'><strong>revelante</strong></span> <span class='ocrx_word' id='word_1_57' title='bbox 366 1033 481 1102; x_wconf 91' lang='lat' dir='ltr'><strong>jam</strong></span> <span class='ocrx_word' id='word_1_58' title='bbox 513 1029 703 1093; x_wconf 85' lang='lat' dir='ltr'><strong>cernit,</strong></span> <span class='ocrx_word' id='word_1_59' title='bbox 737 1041 836 1081; x_wconf 89' lang='lat' dir='ltr'><strong>nos</strong></span> <span class='ocrx_word' id='word_1_60' title='bbox 859 1026 1014 1093; x_wconf 76' lang='lat' dir='ltr'><strong>longe</strong></span> <span class='ocrx_word' id='word_1_61' title='bbox 1038 1022 1270 1090; x_wconf 86' lang='lat' dir='ltr'><strong>impares</strong></span> <span class='ocrx_word' id='word_1_62' title='bbox 1297 1015 1498 1071; x_wconf 73' lang='lat' dir='ltr'><strong>meritis</strong></span> <span class='ocrx_word' id='word_1_63' title='bbox 1523 1013 1653 1076; x_wconf 85' lang='lat' dir='ltr'><strong>suis,</strong></span> 
     </span>
    </p>
   </div>
   <div class='ocr_carea' id='block_1_10' title="bbox 109 1103 1657 1179">
    <p class='ocr_par' dir='ltr' id='par_1_10' title="bbox 109 1103 1657 1179">
     <span class='ocr_line' id='line_1_10' title="bbox 109 1103 1657 1179; baseline -0.014 0"><span class='ocrx_word' id='word_1_64' title='bbox 109 1123 332 1179; x_wconf 66' lang='lat' dir='ltr'><strong>Ecclesiae</strong></span> <span class='ocrx_word' id='word_1_65' title='bbox 374 1129 553 1175; x_wconf 62' lang='lat' dir='ltr'><strong>tamen</strong></span> <span class='ocrx_word' id='word_1_66' title='bbox 598 1117 873 1173; x_wconf 74' lang='lat' dir='ltr'><strong>catholica:</strong></span> <span class='ocrx_word' id='word_1_67' title='bbox 920 1111 1308 1171; x_wconf 91' lang='lat' dir='ltr'><strong>auctoritatem,</strong></span> <span class='ocrx_word' id='word_1_68' title='bbox 1351 1104 1503 1175; x_wconf 86' lang='lat' dir='ltr'><strong>cujus</strong></span> <span class='ocrx_word' id='word_1_69' title='bbox 1543 1103 1657 1172; x_wconf 86' lang='lat' dir='ltr'><strong>ipse</strong></span> 
     </span>
    </p>
   </div>
   <div class='ocr_carea' id='block_1_11' title="bbox 108 1202 1657 1283">
    <p class='ocr_par' dir='ltr' id='par_1_11' title="bbox 108 1202 1657 1283">
     <span class='ocr_line' id='line_1_11' title="bbox 108 1202 1657 1283; baseline -0.013 -16"><span class='ocrx_word' id='word_1_70' title='bbox 108 1212 345 1283; x_wconf 68' lang='lat' dir='ltr'><strong>egregium</strong></span> <span class='ocrx_word' id='word_1_71' title='bbox 376 1220 434 1266; x_wconf 92' lang='lat' dir='ltr'><strong>et</strong></span> <span class='ocrx_word' id='word_1_72' title='bbox 459 1208 813 1266; x_wconf 88' lang='lat' dir='ltr'><strong>clarissimum</strong></span> <span class='ocrx_word' id='word_1_73' title='bbox 847 1205 863 1236; x_wconf 82' lang='grc'>¹</span> <span class='ocrx_word' id='word_1_74' title='bbox 892 1202 1188 1258; x_wconf 86' lang='lat' dir='ltr'><strong>membrum</strong></span> <span class='ocrx_word' id='word_1_75' title='bbox 1218 1206 1319 1265; x_wconf 91' lang='lat' dir='ltr'><strong>est,</strong></span> <span class='ocrx_word' id='word_1_76' title='bbox 1354 1211 1451 1266; x_wconf 88' lang='lat' dir='ltr'><strong>pro</strong></span> <span class='ocrx_word' id='word_1_77' title='bbox 1477 1203 1657 1249; x_wconf 88' lang='lat' dir='ltr'><strong>nostra</strong></span> 
     </span>
    </p>
   </div>
   <div class='ocr_carea' id='block_1_12' title="bbox 109 1285 1661 1365">
    <p class='ocr_par' dir='ltr' id='par_1_12' title="bbox 109 1285 1661 1365">
     <span class='ocr_line' id='line_1_12' title="bbox 109 1285 1661 1365; baseline -0.015 -6"><span class='ocrx_word' id='word_1_78' title='bbox 109 1303 386 1359; x_wconf 78' lang='lat' dir='ltr'><strong>inﬁrmitate</strong></span> <span class='ocrx_word' id='word_1_79' title='bbox 406 1308 697 1365; x_wconf 81' lang='lat' dir='ltr'><strong>sectantes,</strong></span> <span class='ocrx_word' id='word_1_80' title='bbox 720 1296 978 1352; x_wconf 88' lang='lat' dir='ltr'><strong>adversus</strong></span> <span class='ocrx_word' id='word_1_81' title='bbox 1001 1291 1276 1346; x_wconf 79' lang='lat' dir='ltr'><strong>lncreticos</strong></span> <span class='ocrx_word' id='word_1_82' title='bbox 1298 1287 1380 1342; x_wconf 91' lang='lat' dir='ltr'><strong>vel</strong></span> <span class='ocrx_word' id='word_1_83' title='bbox 1408 1285 1661 1339; x_wconf 83' lang='lat' dir='ltr'><strong>schisma-</strong></span> 
     </span>
    </p>
   </div>
   <div class='ocr_carea' id='block_1_13' title="bbox 111 1374 1657 1461">
    <p class='ocr_par' dir='ltr' id='par_1_13' title="bbox 111 1374 1657 1461">
     <span class='ocr_line' id='line_1_13' title="bbox 111 1374 1657 1461; baseline -0.017 -9"><span class='ocrx_word' id='word_1_84' title='bbox 111 1398 221 1451; x_wconf 84' lang='lat' dir='ltr'><strong>ticos</strong></span> <span class='ocrx_word' id='word_1_85' title='bbox 234 1393 526 1451; x_wconf 85' lang='lat' dir='ltr'><strong>enodemus</strong></span> <span class='ocrx_word' id='word_1_86' title='bbox 544 1411 558 1447; x_wconf 89' lang='lat'>:</span> <span class='ocrx_word' id='word_1_87' title='bbox 576 1405 710 1461; x_wconf 87' lang='lat' dir='ltr'><strong>quos</strong></span> <span class='ocrx_word' id='word_1_88' title='bbox 730 1387 979 1458; x_wconf 59' lang='lat' dir='ltr'><strong>priceisos</strong></span> <span class='ocrx_word' id='word_1_89' title='bbox 994 1384 1060 1438; x_wconf 88' lang='lat' dir='ltr'><strong>ab</strong></span> <span class='ocrx_word' id='word_1_90' title='bbox 1082 1382 1279 1436; x_wconf 89' lang='lat' dir='ltr'><strong>unitate</strong></span> <span class='ocrx_word' id='word_1_91' title='bbox 1294 1393 1449 1449; x_wconf 89' lang='lat' dir='ltr'><strong>quam</strong></span> <span class='ocrx_word' id='word_1_92' title='bbox 1470 1374 1657 1439; x_wconf 89' lang='lat' dir='ltr'><strong>tenuit,</strong></span> 
     </span>
    </p>
   </div>
   <div class='ocr_carea' id='block_1_14' title="bbox 111 1465 1663 1548">
    <p class='ocr_par' dir='ltr' id='par_1_14' title="bbox 111 1465 1663 1548">
     <span class='ocr_line' id='line_1_14' title="bbox 111 1465 1663 1548; baseline -0.015 -8"><span class='ocrx_word' id='word_1_93' title='bbox 111 1495 155 1540; x_wconf 87' lang='lat' dir='ltr'><strong>et</strong></span> <span class='ocrx_word' id='word_1_94' title='bbox 171 1493 471 1539; x_wconf 87' lang='lat' dir='ltr'><strong>arescentes</strong></span> <span class='ocrx_word' id='word_1_95' title='bbox 498 1498 529 1536; x_wconf 91' lang='lat' dir='ltr'><strong>a</strong></span> <span class='ocrx_word' id='word_1_96' title='bbox 553 1480 812 1536; x_wconf 83' lang='lat' dir='ltr'><strong>cbaritate</strong></span> <span class='ocrx_word' id='word_1_97' title='bbox 832 1492 934 1548; x_wconf 90' lang='lat' dir='ltr'><strong>qua</strong></span> <span class='ocrx_word' id='word_1_98' title='bbox 962 1474 1146 1544; x_wconf 79' lang='lat' dir='ltr'><strong>viguit,</strong></span> <span class='ocrx_word' id='word_1_99' title='bbox 1177 1480 1231 1526; x_wconf 92' lang='lat' dir='ltr'><strong>et</strong></span> <span class='ocrx_word' id='word_1_100' title='bbox 1254 1471 1463 1539; x_wconf 87' lang='lat' dir='ltr'><strong>elapsos</strong></span> <span class='ocrx_word' id='word_1_101' title='bbox 1482 1466 1548 1520; x_wconf 91' lang='lat' dir='ltr'><strong>ab</strong></span> <span class='ocrx_word' id='word_1_102' title='bbox 1565 1465 1663 1517; x_wconf 86' lang='lat' dir='ltr'><strong>hu-</strong></span> 
     </span>
    </p>
   </div>
   <div class='ocr_carea' id='block_1_15' title="bbox 119 1560 1661 1644">
    <p class='ocr_par' dir='ltr' id='par_1_15' title="bbox 119 1560 1661 1644">
     <span class='ocr_line' id='line_1_15' title="bbox 119 1560 1661 1644; baseline -0.012 -14"><span class='ocrx_word' id='word_1_103' title='bbox 119 1576 315 1630; x_wconf 85' lang='lat' dir='ltr'><strong>militate</strong></span> <span class='ocrx_word' id='word_1_104' title='bbox 355 1588 460 1644; x_wconf 87' lang='lat' dir='ltr'><strong>qua</strong></span> <span class='ocrx_word' id='word_1_105' title='bbox 508 1571 685 1636; x_wconf 89' lang='lat' dir='ltr'><strong>stetit,</strong></span> <span class='ocrx_word' id='word_1_106' title='bbox 733 1576 881 1623; x_wconf 88' lang='lat' dir='ltr'><strong>tanto</strong></span> <span class='ocrx_word' id='word_1_107' title='bbox 922 1565 1146 1635; x_wconf 89' lang='lat' dir='ltr'><strong>amplius</strong></span> <span class='ocrx_word' id='word_1_108' title='bbox 1194 1560 1456 1631; x_wconf 86' lang='lat' dir='ltr'><strong>improbat</strong></span> <span class='ocrx_word' id='word_1_109' title='bbox 1501 1566 1661 1626; x_wconf 83' lang='lat' dir='ltr'><strong>atque</strong></span> 
     </span>
    </p>
   </div>
   <div class='ocr_carea' id='block_1_16' title="bbox 117 1646 1660 1731">
    <p class='ocr_par' dir='ltr' id='par_1_16' title="bbox 117 1646 1660 1731">
     <span class='ocr_line' id='line_1_16' title="bbox 117 1646 1660 1731; baseline -0.014 -12"><span class='ocrx_word' id='word_1_110' title='bbox 117 1663 431 1729; x_wconf 82' lang='lat' dir='ltr'><strong>condemnat,</strong></span> <span class='ocrx_word' id='word_1_111' title='bbox 473 1669 670 1731; x_wconf 87' lang='lat' dir='ltr'><strong>quanto</strong></span> <span class='ocrx_word' id='word_1_112' title='bbox 698 1656 865 1727; x_wconf 81' lang='lat' dir='ltr'><strong>magis</strong></span> <span class='ocrx_word' id='word_1_113' title='bbox 906 1655 1051 1709; x_wconf 89' lang='lat' dir='ltr'><strong>novit</strong></span> <span class='ocrx_word' id='word_1_114' title='bbox 1076 1668 1168 1707; x_wconf 88' lang='lat' dir='ltr'><strong>eos</strong></span> <span class='ocrx_word' id='word_1_115' title='bbox 1206 1651 1270 1703; x_wconf 93' lang='lat' dir='ltr'><strong>ad</strong></span> <span class='ocrx_word' id='word_1_116' title='bbox 1311 1646 1660 1703; x_wconf 88' lang='lat' dir='ltr'><strong>insidiandum</strong></span> 
     </span>
    </p>
   </div>
   <div class='ocr_carea' id='block_1_17' title="bbox 113 1736 1660 1823">
    <p class='ocr_par' dir='ltr' id='par_1_17' title="bbox 113 1736 1660 1823">
     <span class='ocr_line' id='line_1_17' title="bbox 113 1736 1660 1823; baseline -0.013 -15"><span class='ocrx_word' id='word_1_117' title='bbox 113 1752 407 1823; x_wconf 85' lang='lat' dir='ltr'><strong>perscrutari</strong></span> <span class='ocrx_word' id='word_1_118' title='bbox 448 1750 583 1805; x_wconf 87' lang='lat' dir='ltr'><strong>velle</strong></span> <span class='ocrx_word' id='word_1_119' title='bbox 626 1748 763 1818; x_wconf 89' lang='lat' dir='ltr'><strong>quod</strong></span> <span class='ocrx_word' id='word_1_120' title='bbox 803 1745 1051 1813; x_wconf 81' lang='lat' dir='ltr'><strong>scripsit,</strong></span> <span class='ocrx_word' id='word_1_121' title='bbox 1088 1751 1142 1797; x_wconf 91' lang='lat' dir='ltr'><strong>et</strong></span> <span class='ocrx_word' id='word_1_122' title='bbox 1176 1741 1240 1794; x_wconf 89' lang='lat' dir='ltr'><strong>ad</strong></span> <span class='ocrx_word' id='word_1_123' title='bbox 1282 1736 1660 1809; x_wconf 82' lang='lat' dir='ltr'><strong>paciﬁcandum</strong></span> 
     </span>
    </p>
   </div>
   <div class='ocr_carea' id='block_1_18' title="bbox 114 1827 1662 1913">
    <p class='ocr_par' dir='ltr' id='par_1_18' title="bbox 114 1827 1662 1913">
     <span class='ocr_line' id='line_1_18' title="bbox 114 1827 1662 1913; baseline -0.012 -15"><span class='ocrx_word' id='word_1_124' title='bbox 114 1844 280 1899; x_wconf 87' lang='lat' dir='ltr'><strong>imitari</strong></span> <span class='ocrx_word' id='word_1_125' title='bbox 300 1842 443 1898; x_wconf 88' lang='lat' dir='ltr'><strong>nolle</strong></span> <span class='ocrx_word' id='word_1_126' title='bbox 457 1841 597 1913; x_wconf 91' lang='lat' dir='ltr'><strong>quod</strong></span> <span class='ocrx_word' id='word_1_127' title='bbox 617 1840 758 1895; x_wconf 79' lang='lat' dir='ltr'><strong>fecit.</strong></span> <span class='ocrx_word' id='word_1_128' title='bbox 777 1838 926 1893; x_wconf 87' lang='lat' dir='ltr'><strong>Sicut</strong></span> <span class='ocrx_word' id='word_1_129' title='bbox 941 1836 1014 1889; x_wconf 92' lang='lat' dir='ltr'><strong>illi</strong></span> <span class='ocrx_word' id='word_1_130' title='bbox 1040 1835 1197 1904; x_wconf 87' lang='lat' dir='ltr'><strong>quise</strong></span> <span class='ocrx_word' id='word_1_131' title='bbox 1210 1831 1536 1887; x_wconf 83' lang='lat' dir='ltr'><strong>Christianos</strong></span> <span class='ocrx_word' id='word_1_132' title='bbox 1558 1827 1662 1881; x_wconf 80' lang='lat' dir='ltr'><strong>Na-</strong></span> 
     </span>
    </p>
   </div>
   <div class='ocr_carea' id='block_1_19' title="bbox 115 1917 1663 1995">
    <p class='ocr_par' dir='ltr' id='par_1_19' title="bbox 115 1917 1663 1995">
     <span class='ocr_line' id='line_1_19' title="bbox 115 1917 1663 1995; baseline -0.012 -7"><span class='ocrx_word' id='word_1_133' title='bbox 115 1948 309 1990; x_wconf 82' lang='lat' dir='ltr'><strong>zarenos</strong></span> <span class='ocrx_word' id='word_1_134' title='bbox 345 1940 558 1995; x_wconf 82' lang='lat' dir='ltr'><strong>vocant,</strong></span> <span class='ocrx_word' id='word_1_135' title='bbox 601 1941 656 1985; x_wconf 87' lang='lat' dir='ltr'><strong>et</strong></span> <span class='ocrx_word' id='word_1_136' title='bbox 691 1943 840 1983; x_wconf 91' lang='lat' dir='ltr'><strong>more</strong></span> <span class='ocrx_word' id='word_1_137' title='bbox 876 1925 1094 1980; x_wconf 86' lang='lat' dir='ltr'><strong>Judaico</strong></span> <span class='ocrx_word' id='word_1_138' title='bbox 1136 1921 1365 1977; x_wconf 86' lang='lat' dir='ltr'><strong>carnalia</strong></span> <span class='ocrx_word' id='word_1_139' title='bbox 1408 1917 1663 1989; x_wconf 82' lang='lat' dir='ltr'><strong>praeputia</strong></span> 
     </span>
    </p>
   </div>
   <div class='ocr_carea' id='block_1_20' title="bbox 113 2011 1662 2087">
    <p class='ocr_par' dir='ltr' id='par_1_20' title="bbox 113 2011 1662 2087">
     <span class='ocr_line' id='line_1_20' title="bbox 113 2011 1662 2087; baseline -0.012 -8"><span class='ocrx_word' id='word_1_140' title='bbox 113 2022 505 2087; x_wconf 81' lang='lat' dir='ltr'><strong>circumcidunt,</strong></span> <span class='ocrx_word' id='word_1_141' title='bbox 544 2021 653 2074; x_wconf 88' lang='lat' dir='ltr'><strong>nati</strong></span> <span class='ocrx_word' id='word_1_142' title='bbox 698 2016 932 2072; x_wconf 69' lang='lat' dir='ltr'><strong>limrctici</strong></span> <span class='ocrx_word' id='word_1_143' title='bbox 968 2031 1031 2069; x_wconf 91' lang='lat' dir='ltr'><strong>ex</strong></span> <span class='ocrx_word' id='word_1_144' title='bbox 1068 2013 1156 2067; x_wconf 93' lang='lat' dir='ltr'><strong>illo</strong></span> <span class='ocrx_word' id='word_1_145' title='bbox 1195 2026 1376 2066; x_wconf 90' lang='lat' dir='ltr'><strong>errore</strong></span> <span class='ocrx_word' id='word_1_146' title='bbox 1415 2011 1466 2063; x_wconf 92' lang='lat' dir='ltr'><strong>in</strong></span> <span class='ocrx_word' id='word_1_147' title='bbox 1507 2021 1662 2078; x_wconf 89' lang='lat' dir='ltr'><strong>quem</strong></span> 
     </span>
    </p>
   </div>
   <div class='ocr_carea' id='block_1_21' title="bbox 106 2097 1663 2171">
    <p class='ocr_par' dir='ltr' id='par_1_21' title="bbox 106 2097 1663 2171">
     <span class='ocr_line' id='line_1_21' title="bbox 106 2097 1663 2171; baseline -0.011 -4"><span class='ocrx_word' id='word_1_148' title='bbox 106 2113 280 2169; x_wconf 70' lang='lat' dir='ltr'><strong>Petrus</strong></span> <span class='ocrx_word' id='word_1_149' title='bbox 303 2113 528 2167; x_wconf 84' lang='lat' dir='ltr'><strong>devians</strong></span> <span class='ocrx_word' id='word_1_150' title='bbox 554 2125 584 2163; x_wconf 90' lang='lat' dir='ltr'><strong>a</strong></span> <span class='ocrx_word' id='word_1_151' title='bbox 611 2108 774 2163; x_wconf 82' lang='lat' dir='ltr'><strong>Paulo</strong></span> <span class='ocrx_word' id='word_1_152' title='bbox 801 2113 1078 2161; x_wconf 90' lang='lat' dir='ltr'><strong>revocatus</strong></span> <span class='ocrx_word' id='word_1_153' title='bbox 1101 2111 1182 2157; x_wconf 92' lang='lat' dir='ltr'><strong>est</strong></span> <span class='ocrx_word' id='word_1_154' title='bbox 1208 2101 1225 2171; x_wconf 97' lang='lat'>(</span> <span class='ocrx_word' id='word_1_155' title='bbox 1252 2100 1422 2155; x_wconf 85' lang='lat' dir='ltr'><strong>Galat.</strong></span> <span class='ocrx_word' id='word_1_156' title='bbox 1447 2114 1503 2164; x_wconf 80' lang='lat' dir='ltr'><strong>tt,</strong></span> <span class='ocrx_word' id='word_1_157' title='bbox 1532 2099 1589 2151; x_wconf 84' lang='grc' dir='ltr'><strong>ιι</strong></span> <span class='ocrx_word' id='word_1_158' title='bbox 1621 2097 1663 2167; x_wconf 87' lang='grc'>),</span> 
     </span>
    </p>
   </div>
   <div class='ocr_carea' id='block_1_22' title="bbox 116 2187 1664 2274">
    <p class='ocr_par' dir='ltr' id='par_1_22' title="bbox 116 2187 1664 2274">
     <span class='ocr_line' id='line_1_22' title="bbox 116 2187 1664 2274; baseline -0.014 -15"><span class='ocrx_word' id='word_1_159' title='bbox 116 2205 268 2260; x_wconf 83' lang='lat' dir='ltr'><strong>adhuc</strong></span> <span class='ocrx_word' id='word_1_160' title='bbox 312 2218 482 2274; x_wconf 89' lang='lat' dir='ltr'><strong>usque</strong></span> <span class='ocrx_word' id='word_1_161' title='bbox 526 2201 819 2271; x_wconf 88' lang='lat' dir='ltr'><strong>persistnnt</strong></span> <span class='ocrx_word' id='word_1_162' title='bbox 846 2198 868 2228; x_wconf 83' lang='grc'>¹</span> <span class='ocrx_word' id='word_1_163' title='bbox 895 2214 908 2250; x_wconf 91' lang='lat'>:</span> <span class='ocrx_word' id='word_1_164' title='bbox 938 2196 1076 2250; x_wconf 90' lang='lat' dir='ltr'><strong>sicut</strong></span> <span class='ocrx_word' id='word_1_165' title='bbox 1123 2206 1250 2261; x_wconf 79' lang='lat' dir='ltr'><strong>ergo</strong></span> <span class='ocrx_word' id='word_1_166' title='bbox 1300 2190 1373 2244; x_wconf 87' lang='lat' dir='ltr'><strong>illi</strong></span> <span class='ocrx_word' id='word_1_167' title='bbox 1413 2188 1573 2242; x_wconf 87' lang='lat' dir='ltr'><strong>Petro</strong></span> <span class='ocrx_word' id='word_1_168' title='bbox 1596 2187 1664 2240; x_wconf 89' lang='lat' dir='ltr'><strong>.in</strong></span> 
     </span>
    </p>
   </div>
   <div class='ocr_carea' id='block_1_23' title="bbox 120 2277 1667 2365">
    <p class='ocr_par' dir='ltr' id='par_1_23' title="bbox 120 2277 1667 2365">
     <span class='ocr_line' id='line_1_23' title="bbox 120 2277 1667 2365; baseline -0.015 -14"><span class='ocrx_word' id='word_1_169' title='bbox 120 2298 320 2365; x_wconf 84' lang='lat' dir='ltr'><strong>primatu</strong></span> <span class='ocrx_word' id='word_1_170' title='bbox 343 2293 720 2364; x_wconf 81' lang='lat' dir='ltr'><strong>Apostolorum</strong></span> <span class='ocrx_word' id='word_1_171' title='bbox 748 2286 983 2357; x_wconf 81' lang='lat' dir='ltr'><strong>martyrii</strong></span> <span class='ocrx_word' id='word_1_172' title='bbox 1011 2283 1176 2352; x_wconf 80' lang='lat' dir='ltr'><strong>gloria</strong></span> <span class='ocrx_word' id='word_1_173' title='bbox 1201 2288 1475 2344; x_wconf 85' lang='lat' dir='ltr'><strong>coronato,</strong></span> <span class='ocrx_word' id='word_1_174' title='bbox 1499 2277 1550 2331; x_wconf 89' lang='lat' dir='ltr'><strong>in</strong></span> <span class='ocrx_word' id='word_1_175' title='bbox 1572 2291 1667 2329; x_wconf 91' lang='lat' dir='ltr'><strong>sua</strong></span> 
     </span>
    </p>
   </div>
   <div class='ocr_carea' id='block_1_24' title="bbox 120 2365 1668 2457">
    <p class='ocr_par' dir='ltr' id='par_1_24' title="bbox 120 2365 1668 2457">
     <span class='ocr_line' id='line_1_24' title="bbox 120 2365 1668 2457; baseline -0.014 -16"><span class='ocrx_word' id='word_1_176' title='bbox 120 2387 441 2457; x_wconf 78' lang='lat' dir='ltr'><strong>perversitate</strong></span> <span class='ocrx_word' id='word_1_177' title='bbox 466 2380 673 2452; x_wconf 70' lang='lat' dir='ltr'><strong>prmcisi</strong></span> <span class='ocrx_word' id='word_1_178' title='bbox 702 2379 769 2433; x_wconf 90' lang='lat' dir='ltr'><strong>ab</strong></span> <span class='ocrx_word' id='word_1_179' title='bbox 790 2376 1026 2432; x_wconf 88' lang='lat' dir='ltr'><strong>Ecclesia</strong></span> <span class='ocrx_word' id='word_1_180' title='bbox 1054 2379 1451 2433; x_wconf 87' lang='lat' dir='ltr'><strong>remanserunt;</strong></span> <span class='ocrx_word' id='word_1_181' title='bbox 1479 2368 1555 2422; x_wconf 87' lang='lat' dir='ltr'><strong>sic</strong></span> <span class='ocrx_word' id='word_1_182' title='bbox 1581 2365 1668 2420; x_wconf 86' lang='lat' dir='ltr'><strong>isti</strong></span> 
     </span>
    </p>
   </div>
   <div class='ocr_carea' id='block_1_25' title="bbox 120 2461 1667 2547">
    <p class='ocr_par' dir='ltr' id='par_1_25' title="bbox 120 2461 1667 2547">
     <span class='ocr_line' id='line_1_25' title="bbox 120 2461 1667 2547; baseline -0.014 -17"><span class='ocrx_word' id='word_1_183' title='bbox 120 2475 359 2547; x_wconf 73' lang='lat' dir='ltr'><strong>Cypriane</strong></span> <span class='ocrx_word' id='word_1_184' title='bbox 387 2489 485 2544; x_wconf 92' lang='lat' dir='ltr'><strong>per</strong></span> <span class='ocrx_word' id='word_1_185' title='bbox 507 2469 880 2526; x_wconf 88' lang='lat' dir='ltr'><strong>abundantiam</strong></span> <span class='ocrx_word' id='word_1_186' title='bbox 910 2463 1186 2520; x_wconf 76' lang='lat' dir='ltr'><strong>cliaritatis</strong></span> <span class='ocrx_word' id='word_1_187' title='bbox 1214 2461 1265 2514; x_wconf 90' lang='lat' dir='ltr'><strong>in</strong></span> <span class='ocrx_word' id='word_1_188' title='bbox 1302 2470 1500 2514; x_wconf 83' lang='lat' dir='ltr'><strong>sortem</strong></span> <span class='ocrx_word' id='word_1_189' title='bbox 1539 2473 1667 2512; x_wconf 89' lang='lat' dir='ltr'><strong>san-</strong></span> 
     </span>
    </p>
   </div>
   <div class='ocr_carea' id='block_1_26' title="bbox 123 2548 1669 2636">
    <p class='ocr_par' dir='ltr' id='par_1_26' title="bbox 123 2548 1669 2636">
     <span class='ocr_line' id='line_1_26' title="bbox 123 2548 1669 2636; baseline -0.014 -14"><span class='ocrx_word' id='word_1_190' title='bbox 123 2577 302 2622; x_wconf 84' lang='lat' dir='ltr'><strong>ctorqu</strong></span> <span class='ocrx_word' id='word_1_191' title='bbox 332 2564 596 2636; x_wconf 88' lang='lat' dir='ltr'><strong>passionis</strong></span> <span class='ocrx_word' id='word_1_192' title='bbox 624 2561 862 2617; x_wconf 88' lang='lat' dir='ltr'><strong>claritate</strong></span> <span class='ocrx_word' id='word_1_193' title='bbox 889 2562 1156 2624; x_wconf 88' lang='lat' dir='ltr'><strong>suscepto,</strong></span> <span class='ocrx_word' id='word_1_194' title='bbox 1192 2568 1249 2607; x_wconf 91' lang='lat' dir='ltr'><strong>se</strong></span> <span class='ocrx_word' id='word_1_195' title='bbox 1289 2553 1430 2620; x_wconf 83' lang='lat' dir='ltr'><strong>ipsos</strong></span> <span class='ocrx_word' id='word_1_196' title='bbox 1461 2548 1669 2603; x_wconf 91' lang='lat' dir='ltr'><strong>exsules</strong></span> 
     </span>
    </p>
   </div>
   <div class='ocr_carea' id='block_1_27' title="bbox 124 2639 1670 2725">
    <p class='ocr_par' dir='ltr' id='par_1_27' title="bbox 124 2639 1670 2725">
     <span class='ocr_line' id='line_1_27' title="bbox 124 2639 1670 2725; baseline -0.014 -14"><span class='ocrx_word' id='word_1_197' title='bbox 124 2656 314 2711; x_wconf 88' lang='lat' dir='ltr'><strong>unitatis</strong></span> <span class='ocrx_word' id='word_1_198' title='bbox 358 2660 689 2725; x_wconf 79' lang='lat' dir='ltr'><strong>agnoscunt,</strong></span> <span class='ocrx_word' id='word_1_199' title='bbox 723 2657 775 2703; x_wconf 91' lang='lat' dir='ltr'><strong>et</strong></span> <span class='ocrx_word' id='word_1_200' title='bbox 813 2658 997 2701; x_wconf 89' lang='lat' dir='ltr'><strong>contra</strong></span> <span class='ocrx_word' id='word_1_201' title='bbox 1038 2642 1252 2697; x_wconf 88' lang='lat' dir='ltr'><strong>unitatis</strong></span> <span class='ocrx_word' id='word_1_202' title='bbox 1296 2639 1519 2710; x_wconf 85' lang='lat' dir='ltr'><strong>patriam</strong></span> <span class='ocrx_word' id='word_1_203' title='bbox 1572 2651 1670 2706; x_wconf 90' lang='lat' dir='ltr'><strong>pro</strong></span> 
     </span>
    </p>
   </div>
   <div class='ocr_carea' id='block_1_28' title="bbox 124 2727 1672 2810">
    <p class='ocr_par' dir='ltr' id='par_1_28' title="bbox 124 2727 1672 2810">
     <span class='ocr_line' id='line_1_28' title="bbox 124 2727 1672 2810; baseline -0.012 -11"><span class='ocrx_word' id='word_1_204' title='bbox 124 2746 217 2799; x_wconf 83' lang='lat' dir='ltr'><strong>suis</strong></span> <span class='ocrx_word' id='word_1_205' title='bbox 249 2743 525 2800; x_wconf 87' lang='lat' dir='ltr'><strong>calumniis</strong></span> <span class='ocrx_word' id='word_1_206' title='bbox 564 2740 732 2795; x_wconf 85' lang='lat' dir='ltr'><strong>civem</strong></span> <span class='ocrx_word' id='word_1_207' title='bbox 775 2736 988 2810; x_wconf 66' lang='lat' dir='ltr'><strong>unitatis</strong></span> <span class='ocrx_word' id='word_1_208' title='bbox 1025 2738 1314 2802; x_wconf 87' lang='lat' dir='ltr'><strong>opponunt.</strong></span> <span class='ocrx_word' id='word_1_209' title='bbox 1339 2728 1454 2784; x_wconf 83' lang='lat' dir='ltr'><strong>Jam</strong></span> <span class='ocrx_word' id='word_1_210' title='bbox 1496 2727 1672 2796; x_wconf 80' lang='lat' dir='ltr'><strong>itaque</strong></span> 
     </span>
    </p>
   </div>
   <div class='ocr_carea' id='block_1_29' title="bbox 124 2816 1672 2890">
    <p class='ocr_par' dir='ltr' id='par_1_29' title="bbox 124 2816 1672 2890">
     <span class='ocr_line' id='line_1_29' title="bbox 124 2816 1672 2890; baseline -0.014 0"><span class='ocrx_word' id='word_1_211' title='bbox 124 2845 320 2890; x_wconf 69' lang='lat' dir='ltr'><strong>auct-as</strong></span> <span class='ocrx_word' id='word_1_212' title='bbox 363 2834 502 2890; x_wconf 86' lang='lat' dir='ltr'><strong>illius</strong></span> <span class='ocrx_word' id='word_1_213' title='bbox 542 2830 752 2887; x_wconf 82' lang='lat' dir='ltr'><strong>concilii</strong></span> <span class='ocrx_word' id='word_1_214' title='bbox 796 2824 1087 2881; x_wconf 79' lang='lat' dir='ltr'><strong>sententias</strong></span> <span class='ocrx_word' id='word_1_215' title='bbox 1125 2821 1309 2876; x_wconf 88' lang='lat' dir='ltr'><strong>eadem</strong></span> <span class='ocrx_word' id='word_1_216' title='bbox 1351 2819 1554 2873; x_wconf 88' lang='lat' dir='ltr'><strong>ratione</strong></span> <span class='ocrx_word' id='word_1_217' title='bbox 1591 2816 1672 2869; x_wconf 85' lang='lat' dir='ltr'><strong>vi—</strong></span> 
     </span>
    </p>
   </div>
   <div class='ocr_carea' id='block_1_30' title="bbox 128 2925 1308 2980">
    <p class='ocr_par' dir='ltr' id='par_1_30' title="bbox 128 2925 1308 2980">
     <span class='ocr_line' id='line_1_30' title="bbox 128 2925 1308 2980; baseline -0.003 -2"><span class='ocrx_word' id='word_1_218' title='bbox 128 2925 341 2980; x_wconf 89' lang='lat' dir='ltr'><strong>deamus.</strong></span> <span class='ocrx_word' id='word_1_219' title='bbox 1304 2948 1308 2954; x_wconf 62' lang='grc' dir='ltr'><strong>ι</strong></span> 
     </span>
    </p>
   </div>
   <div class='ocr_carea' id='block_1_31' title="bbox 184 2996 1674 3070">
    <p class='ocr_par' dir='ltr' id='par_1_31' title="bbox 184 2996 1674 3070">
     <span class='ocr_line' id='line_1_31' title="bbox 184 2996 1674 3070; baseline -0.013 -2"><span class='ocrx_word' id='word_1_220' title='bbox 184 3013 394 3070; x_wconf 79' lang='lat' dir='ltr'><strong>CAPUT</strong></span> <span class='ocrx_word' id='word_1_221' title='bbox 432 3011 499 3067; x_wconf 86' lang='lat' dir='ltr'><strong>Il.</strong></span> <span class='ocrx_word' id='word_1_222' title='bbox 529 3042 595 3051; x_wconf 97' lang='lat'><strong><em>—</em></strong></span> <span class='ocrx_word' id='word_1_223' title='bbox 621 3010 676 3064; x_wconf 73' lang='grc' dir='ltr'><strong>Ξ.</strong></span> <span class='ocrx_word' id='word_1_224' title='bbox 709 3008 914 3062; x_wconf 81' lang='lat' dir='ltr'><strong>Marcus</strong></span> <span class='ocrx_word' id='word_1_225' title='bbox 938 3021 966 3058; x_wconf 89' lang='lat' dir='ltr'><strong>a</strong></span> <span class='ocrx_word' id='word_1_226' title='bbox 996 3002 1207 3059; x_wconf 76' lang='lat' dir='ltr'><strong>Mactari</strong></span> <span class='ocrx_word' id='word_1_227' title='bbox 1234 3001 1255 3033; x_wconf 84' lang='grc'><em>³</em></span> <span class='ocrx_word' id='word_1_228' title='bbox 1276 2999 1448 3055; x_wconf 80' lang='lat' dir='ltr'><strong>dixit:</strong></span> <span class='ocrx_word' id='word_1_229' title='bbox 1475 2996 1674 3051; x_wconf 73' lang='grc' dir='ltr'><strong>Μίνωι-</strong></span> 
     </span>
    </p>
   </div>
   <div class='ocr_carea' id='block_1_32' title="bbox 118 3092 1677 3165">
    <p class='ocr_par' dir='ltr' id='par_1_32' title="bbox 118 3092 1677 3165">
     <span class='ocr_line' id='line_1_32' title="bbox 118 3092 1677 3165; baseline -0.011 -7"><span class='ocrx_word' id='word_1_230' title='bbox 118 3105 233 3159; x_wconf 72' lang='lat' dir='ltr'><strong>dum</strong></span> <span class='ocrx_word' id='word_1_231' title='bbox 269 3122 367 3160; x_wconf 89' lang='lat' dir='ltr'><strong>non</strong></span> <span class='ocrx_word' id='word_1_232' title='bbox 411 3113 503 3165; x_wconf 83' lang='lat' dir='ltr'><strong>est,</strong></span> <span class='ocrx_word' id='word_1_233' title='bbox 551 3103 596 3157; x_wconf 96' lang='lat' dir='ltr'><strong>si</strong></span> <span class='ocrx_word' id='word_1_234' title='bbox 644 3100 859 3154; x_wconf 76' lang='lat' dir='ltr'><strong>Itwretici</strong></span> <span class='ocrx_word' id='word_1_235' title='bbox 906 3098 1070 3150; x_wconf 80' lang='lat' dir='ltr'><strong>hostes</strong></span> <span class='ocrx_word' id='word_1_236' title='bbox 1114 3105 1260 3163; x_wconf 84' lang='lat' dir='ltr'><strong>atque</strong></span> <span class='ocrx_word' id='word_1_237' title='bbox 1304 3092 1677 3161; x_wconf 85' lang='lat' dir='ltr'><strong>impugnatores</strong></span> 
     </span>
    </p>
   </div>
   <div class='ocr_carea' id='block_1_33' title="bbox 128 3178 1679 3257">
    <p class='ocr_par' dir='ltr' id='par_1_33' title="bbox 128 3178 1679 3257">
     <span class='ocr_line' id='line_1_33' title="bbox 128 3178 1679 3257; baseline -0.012 -8"><span class='ocrx_word' id='word_1_238' title='bbox 128 3196 322 3250; x_wconf 67' lang='lat' dir='ltr'><strong>veritatis</strong></span> <span class='ocrx_word' id='word_1_239' title='bbox 366 3195 461 3249; x_wconf 84' lang='lat' dir='ltr'><strong>sibi</strong></span> <span class='ocrx_word' id='word_1_240' title='bbox 513 3209 619 3247; x_wconf 88' lang='lat' dir='ltr'><strong>rem</strong></span> <span class='ocrx_word' id='word_1_241' title='bbox 668 3189 919 3245; x_wconf 79' lang='lat' dir='ltr'><strong>vindicant</strong></span> <span class='ocrx_word' id='word_1_242' title='bbox 970 3184 1229 3257; x_wconf 74' lang='lat' dir='ltr'><strong>potestatis</strong></span> <span class='ocrx_word' id='word_1_243' title='bbox 1279 3189 1325 3235; x_wconf 90' lang='lat' dir='ltr'><strong>et</strong></span> <span class='ocrx_word' id='word_1_244' title='bbox 1376 3178 1679 3250; x_wconf 81' lang='lat' dir='ltr'><strong>dignationis</strong></span> 
     </span>
    </p>
   </div>
   <div class='ocr_carea' id='block_1_34' title="bbox 135 3271 1681 3345">
    <p class='ocr_par' dir='ltr' id='par_1_34' title="bbox 135 3271 1681 3345">
     <span class='ocr_line' id='line_1_34' title="bbox 135 3271 1681 3345; baseline -0.011 -8"><span class='ocrx_word' id='word_1_245' title='bbox 135 3285 288 3340; x_wconf 69' lang='lat' dir='ltr'><strong>aliena!</strong></span> <span class='ocrx_word' id='word_1_246' title='bbox 311 3302 329 3339; x_wconf 93' lang='lat'><strong><em>:</em></strong></span> <span class='ocrx_word' id='word_1_247' title='bbox 356 3285 486 3340; x_wconf 83' lang='lat' dir='ltr'><strong>illud</strong></span> <span class='ocrx_word' id='word_1_248' title='bbox 522 3281 806 3336; x_wconf 84' lang='lat' dir='ltr'><strong>mirandum</strong></span> <span class='ocrx_word' id='word_1_249' title='bbox 836 3288 929 3344; x_wconf 86' lang='lat' dir='ltr'><strong>est,</strong></span> <span class='ocrx_word' id='word_1_250' title='bbox 964 3276 1098 3345; x_wconf 87' lang='lat' dir='ltr'><strong>quod</strong></span> <span class='ocrx_word' id='word_1_251' title='bbox 1131 3274 1334 3344; x_wconf 84' lang='lat' dir='ltr'><strong>quidam</strong></span> <span class='ocrx_word' id='word_1_252' title='bbox 1365 3271 1520 3324; x_wconf 87' lang='lat' dir='ltr'><strong>nostri</strong></span> <span class='ocrx_word' id='word_1_253' title='bbox 1550 3284 1681 3338; x_wconf 77' lang='lat' dir='ltr'><strong>pra:-</strong></span> 
     </span>
    </p>
   </div>
   <div class='ocr_carea' id='block_1_35' title="bbox 135 3360 1680 3435">
    <p class='ocr_par' dir='ltr' id='par_1_35' title="bbox 135 3360 1680 3435">
     <span class='ocr_line' id='line_1_35' title="bbox 135 3360 1680 3435; baseline -0.012 -5"><span class='ocrx_word' id='word_1_254' title='bbox 135 3377 404 3430; x_wconf 74' lang='lat' dir='ltr'><strong>variratores</strong></span> <span class='ocrx_word' id='word_1_255' title='bbox 433 3373 653 3429; x_wconf 71' lang='lat' dir='ltr'><strong>veritatis</strong></span> <span class='ocrx_word' id='word_1_256' title='bbox 684 3371 925 3425; x_wconf 77' lang='lat' dir='ltr'><strong>ltwreticis</strong></span> <span class='ocrx_word' id='word_1_257' title='bbox 961 3366 1326 3435; x_wconf 78' lang='lat' dir='ltr'><strong>stt/fmguntur,</strong></span> <span class='ocrx_word' id='word_1_258' title='bbox 1358 3371 1403 3416; x_wconf 81' lang='lat' dir='ltr'><strong>et</strong></span> <span class='ocrx_word' id='word_1_259' title='bbox 1431 3360 1680 3416; x_wconf 83' lang='lat' dir='ltr'><strong>Christia-</strong></span> 
     </span>
    </p>
   </div>
   <div class='ocr_carea' id='block_1_36' title="bbox 136 3451 1682 3532">
    <p class='ocr_par' dir='ltr' id='par_1_36' title="bbox 136 3451 1682 3532">
     <span class='ocr_line' id='line_1_36' title="bbox 136 3451 1682 3532; baseline -0.008 -17"><span class='ocrx_word' id='word_1_260' title='bbox 136 3466 201 3518; x_wconf 86' lang='lat' dir='ltr'><strong>nis</strong></span> <span class='ocrx_word' id='word_1_261' title='bbox 226 3467 567 3520; x_wconf 80' lang='lat' dir='ltr'><strong>adversantur.</strong></span> <span class='ocrx_word' id='word_1_262' title='bbox 593 3462 867 3532; x_wconf 80' lang='lat' dir='ltr'><strong>Propterea</strong></span> <span class='ocrx_word' id='word_1_263' title='bbox 893 3459 1203 3512; x_wconf 86' lang='lat' dir='ltr'><strong>decernimus</strong></span> <span class='ocrx_word' id='word_1_264' title='bbox 1232 3454 1489 3510; x_wconf 77' lang='lat' dir='ltr'><strong>Iucreticos</strong></span> <span class='ocrx_word' id='word_1_265' title='bbox 1516 3451 1682 3521; x_wconf 83' lang='lat' dir='ltr'><strong>bapti-</strong></span> 
     </span>
    </p>
   </div>
   <div class='ocr_carea' id='block_1_37' title="bbox 134 3555 593 3625">
    <p class='ocr_par' dir='ltr' id='par_1_37' title="bbox 134 3555 593 3625">
     <span class='ocr_line' id='line_1_37' title="bbox 134 3555 593 3625; baseline 0.009 -21"><span class='ocrx_word' id='word_1_266' title='bbox 134 3555 297 3609; x_wconf 80' lang='lat' dir='ltr'><strong>snndos</strong></span> <span class='ocrx_word' id='word_1_267' title='bbox 320 3570 443 3609; x_wconf 83' lang='lat' dir='ltr'><strong>esse.</strong></span> <span class='ocrx_word' id='word_1_268' title='bbox 592 3622 593 3625; x_wconf 19' lang='grc' dir='ltr'><strong>η</strong></span> 
     </span>
    </p>
   </div>
   <div class='ocr_carea' id='block_1_38' title="bbox 192 3630 1683 3711">
    <p class='ocr_par' dir='ltr' id='par_1_38' title="bbox 192 3630 1683 3711">
     <span class='ocr_line' id='line_1_38' title="bbox 192 3630 1683 3711; baseline -0.011 -13"><span class='ocrx_word' id='word_1_269' title='bbox 192 3644 244 3698; x_wconf 75' lang='lat'><strong>3.</strong></span> <span class='ocrx_word' id='word_1_270' title='bbox 306 3645 440 3699; x_wconf 92' lang='lat' dir='ltr'><strong>lluic</strong></span> <span class='ocrx_word' id='word_1_271' title='bbox 494 3640 880 3711; x_wconf 87' lang='lat' dir='ltr'><strong>respondemus</strong></span> <span class='ocrx_word' id='word_1_272' title='bbox 935 3658 947 3691; x_wconf 90' lang='lat'><strong>:</strong></span> <span class='ocrx_word' id='word_1_273' title='bbox 1003 3637 1117 3696; x_wconf 84' lang='lat' dir='ltr'><strong>imo</strong></span> <span class='ocrx_word' id='word_1_274' title='bbox 1170 3635 1335 3705; x_wconf 82' lang='lat' dir='ltr'><strong>magis</strong></span> <span class='ocrx_word' id='word_1_275' title='bbox 1387 3630 1683 3687; x_wconf 89' lang='lat' dir='ltr'><strong>mirandum</strong></span> 
     </span>
    </p>
   </div>
   <div class='ocr_carea' id='block_1_39' title="bbox 140 3722 1685 3805">
    <p class='ocr_par' dir='ltr' id='par_1_39' title="bbox 140 3722 1685 3805">
     <span class='ocr_line' id='line_1_39' title="bbox 140 3722 1685 3805; baseline -0.008 -18"><span class='ocrx_word' id='word_1_276' title='bbox 140 3743 226 3801; x_wconf 85' lang='lat' dir='ltr'><strong>est,</strong></span> <span class='ocrx_word' id='word_1_277' title='bbox 255 3745 303 3791; x_wconf 87' lang='lat' dir='ltr'><strong>et</strong></span> <span class='ocrx_word' id='word_1_278' title='bbox 333 3749 520 3805; x_wconf 80' lang='lat' dir='ltr'><strong>magna</strong></span> <span class='ocrx_word' id='word_1_279' title='bbox 559 3731 715 3786; x_wconf 86' lang='lat' dir='ltr'><strong>laude</strong></span> <span class='ocrx_word' id='word_1_280' title='bbox 750 3727 1163 3800; x_wconf 71' lang='lat' dir='ltr'><strong>praedicandum,</strong></span> <span class='ocrx_word' id='word_1_281' title='bbox 1200 3724 1338 3796; x_wconf 86' lang='lat' dir='ltr'><strong>quod</strong></span> <span class='ocrx_word' id='word_1_282' title='bbox 1370 3732 1568 3777; x_wconf 83' lang='lat' dir='ltr'><strong>tantum</strong></span> <span class='ocrx_word' id='word_1_283' title='bbox 1601 3722 1685 3775; x_wconf 87' lang='lat' dir='ltr'><strong>isti</strong></span> 
     </span>
    </p>
   </div>
   <div class='ocr_carea' id='block_1_40' title="bbox 142 3812 1688 3889">
    <p class='ocr_par' dir='ltr' id='par_1_40' title="bbox 142 3812 1688 3889">
     <span class='ocr_line' id='line_1_40' title="bbox 142 3812 1688 3889; baseline -0.008 -13"><span class='ocrx_word' id='word_1_284' title='bbox 142 3823 399 3880; x_wconf 82' lang='lat' dir='ltr'><strong>dilexerint</strong></span> <span class='ocrx_word' id='word_1_285' title='bbox 435 3824 713 3886; x_wconf 90' lang='lat' dir='ltr'><strong>unitatem,</strong></span> <span class='ocrx_word' id='word_1_286' title='bbox 737 3828 792 3874; x_wconf 92' lang='lat' dir='ltr'><strong>ut</strong></span> <span class='ocrx_word' id='word_1_287' title='bbox 821 3834 954 3889; x_wconf 88' lang='lat' dir='ltr'><strong>quos</strong></span> <span class='ocrx_word' id='word_1_288' title='bbox 988 3816 1303 3887; x_wconf 67' lang='lat' dir='ltr'><strong>praevaricat</strong></span> <span class='ocrx_word' id='word_1_289' title='bbox 1339 3829 1425 3869; x_wconf 90' lang='lat' dir='ltr'><strong>res</strong></span> <span class='ocrx_word' id='word_1_290' title='bbox 1450 3812 1688 3867; x_wconf 87' lang='lat' dir='ltr'><strong>veritatis</strong></span> 
     </span>
    </p>
   </div>
   <div class='ocr_carea' id='block_1_41' title="bbox 142 3902 1689 3980">
    <p class='ocr_par' dir='ltr' id='par_1_41' title="bbox 142 3902 1689 3980">
     <span class='ocr_line' id='line_1_41' title="bbox 142 3902 1689 3980; baseline -0.008 -13"><span class='ocrx_word' id='word_1_291' title='bbox 142 3915 530 3980; x_wconf 82' lang='lat' dir='ltr'><strong>arbitrabantur,</strong></span> <span class='ocrx_word' id='word_1_292' title='bbox 557 3928 677 3967; x_wconf 89' lang='lat' dir='ltr'><strong>cum</strong></span> <span class='ocrx_word' id='word_1_293' title='bbox 717 3912 795 3967; x_wconf 89' lang='lat' dir='ltr'><strong>eis</strong></span> <span class='ocrx_word' id='word_1_294' title='bbox 835 3911 886 3964; x_wconf 91' lang='lat' dir='ltr'><strong>in</strong></span> <span class='ocrx_word' id='word_1_295' title='bbox 930 3909 1130 3963; x_wconf 89' lang='lat' dir='ltr'><strong>unitate</strong></span> <span class='ocrx_word' id='word_1_296' title='bbox 1173 3914 1593 3977; x_wconf 79' lang='lat' dir='ltr'><strong>perseverantes,</strong></span> <span class='ocrx_word' id='word_1_297' title='bbox 1622 3902 1689 3956; x_wconf 87' lang='lat' dir='ltr'><strong>ab</strong></span> 
     </span>
    </p>
   </div>
   <div class='ocr_carea' id='block_1_42' title="bbox 147 3992 1691 4074">
    <p class='ocr_par' dir='ltr' id='par_1_42' title="bbox 147 3992 1691 4074">
     <span class='ocr_line' id='line_1_42' title="bbox 147 3992 1691 4074; baseline -0.008 -18"><span class='ocrx_word' id='word_1_298' title='bbox 147 4005 210 4057; x_wconf 79' lang='lat' dir='ltr'><strong>eis</strong></span> <span class='ocrx_word' id='word_1_299' title='bbox 234 4006 386 4074; x_wconf 90' lang='lat' dir='ltr'><strong>pollui</strong></span> <span class='ocrx_word' id='word_1_300' title='bbox 417 4018 520 4059; x_wconf 92' lang='lat' dir='ltr'><strong>non</strong></span> <span class='ocrx_word' id='word_1_301' title='bbox 551 4004 819 4056; x_wconf 89' lang='lat' dir='ltr'><strong>timerent.</strong></span> <span class='ocrx_word' id='word_1_302' title='bbox 849 3998 979 4053; x_wconf 82' lang='lat' dir='ltr'><strong>Nam</strong></span> <span class='ocrx_word' id='word_1_303' title='bbox 1010 4012 1129 4051; x_wconf 90' lang='lat' dir='ltr'><strong>cum</strong></span> <span class='ocrx_word' id='word_1_304' title='bbox 1161 3997 1259 4050; x_wconf 87' lang='lat' dir='ltr'><strong>iste</strong></span> <span class='ocrx_word' id='word_1_305' title='bbox 1288 3995 1526 4058; x_wconf 80' lang='lat' dir='ltr'><strong>dixisset,</strong></span> <span class='ocrx_word' id='word_1_306' title='bbox 1548 3992 1691 4046; x_wconf 79' lang='lat' dir='ltr'><strong>Illud</strong></span> 
     </span>
    </p>
   </div>
   <div class='ocr_carea' id='block_1_43' title="bbox 146 4083 1694 4161">
    <p class='ocr_par' dir='ltr' id='par_1_43' title="bbox 146 4083 1694 4161">
     <span class='ocr_line' id='line_1_43' title="bbox 146 4083 1694 4161; baseline -0.005 -19"><span class='ocrx_word' id='word_1_307' title='bbox 146 4092 405 4147; x_wconf 84' lang='lat' dir='ltr'><strong>mirandum</strong></span> <span class='ocrx_word' id='word_1_308' title='bbox 430 4100 523 4157; x_wconf 84' lang='lat' dir='ltr'><strong>est,</strong></span> <span class='ocrx_word' id='word_1_309' title='bbox 549 4090 685 4161; x_wconf 84' lang='lat' dir='ltr'><strong>quod</strong></span> <span class='ocrx_word' id='word_1_310' title='bbox 716 4088 921 4158; x_wconf 83' lang='lat' dir='ltr'><strong>quidam</strong></span> <span class='ocrx_word' id='word_1_311' title='bbox 950 4087 1106 4141; x_wconf 81' lang='lat' dir='ltr'><strong>nostri</strong></span> <span class='ocrx_word' id='word_1_312' title='bbox 1136 4088 1538 4155; x_wconf 69' lang='lat' dir='ltr'><strong>priscaricatores</strong></span> <span class='ocrx_word' id='word_1_313' title='bbox 1566 4083 1694 4135; x_wconf 81' lang='lat' dir='ltr'><strong>veri-</strong></span> 
     </span>
    </p>
   </div>
   <div class='ocr_carea' id='block_1_44' title="bbox 148 4174 1693 4249">
    <p class='ocr_par' dir='ltr' id='par_1_44' title="bbox 148 4174 1693 4249">
     <span class='ocr_line' id='line_1_44' title="bbox 148 4174 1693 4249; baseline -0.003 -19"><span class='ocrx_word' id='word_1_314' title='bbox 148 4183 243 4236; x_wconf 80' lang='lat' dir='ltr'><strong>tatis</strong></span> <span class='ocrx_word' id='word_1_315' title='bbox 281 4182 528 4236; x_wconf 72' lang='lat' dir='ltr'><strong>Iucreticis</strong></span> <span class='ocrx_word' id='word_1_316' title='bbox 573 4178 939 4249; x_wconf 78' lang='lat' dir='ltr'><strong>suﬂ&#39;ragantur,</strong></span> <span class='ocrx_word' id='word_1_317' title='bbox 986 4186 1030 4231; x_wconf 88' lang='lat' dir='ltr'><strong>et</strong></span> <span class='ocrx_word' id='word_1_318' title='bbox 1068 4174 1366 4230; x_wconf 84' lang='lat' dir='ltr'><strong>Christianis</strong></span> <span class='ocrx_word' id='word_1_319' title='bbox 1417 4174 1693 4226; x_wconf 73' lang='lat' dir='ltr'><strong>adversan-</strong></span> 
     </span>
    </p>
   </div>
   <div class='ocr_carea' id='block_1_45' title="bbox 130 4266 1695 4350">
    <p class='ocr_par' dir='ltr' id='par_1_45' title="bbox 130 4266 1695 4350">
     <span class='ocr_line' id='line_1_45' title="bbox 130 4266 1695 4350; baseline -0.004 -26"><span class='ocrx_word' id='word_1_320' title='bbox 130 4281 242 4350; x_wconf 62' lang='lat' dir='ltr'><strong>tur;</strong></span> <span class='ocrx_word' id='word_1_321' title='bbox 265 4275 536 4329; x_wconf 82' lang='lat' dir='ltr'><strong>videbatur</strong></span> <span class='ocrx_word' id='word_1_322' title='bbox 564 4286 684 4328; x_wconf 85' lang='lat' dir='ltr'><strong>esse</strong></span> <span class='ocrx_word' id='word_1_323' title='bbox 719 4272 990 4334; x_wconf 88' lang='lat' dir='ltr'><strong>dicturus,</strong></span> <span class='ocrx_word' id='word_1_324' title='bbox 1039 4269 1329 4336; x_wconf 62' lang='lat' dir='ltr'><strong>hepterea</strong></span> <span class='ocrx_word' id='word_1_325' title='bbox 1362 4266 1695 4320; x_wconf 86' lang='lat' dir='ltr'><strong>decernimus</strong></span> 
     </span>
    </p>
   </div>
   <div class='ocr_carea' id='block_1_46' title="bbox 149 4357 1692 4422">
    <p class='ocr_par' dir='ltr' id='par_1_46' title="bbox 149 4357 1692 4422">
     <span class='ocr_line' id='line_1_46' title="bbox 149 4357 1692 4422; baseline -0.005 -6"><span class='ocrx_word' id='word_1_326' title='bbox 149 4363 212 4418; x_wconf 86' lang='lat' dir='ltr'><strong>eis</strong></span> <span class='ocrx_word' id='word_1_327' title='bbox 230 4382 329 4421; x_wconf 92' lang='lat' dir='ltr'><strong>non</strong></span> <span class='ocrx_word' id='word_1_328' title='bbox 352 4380 466 4421; x_wconf 89' lang='lat' dir='ltr'><strong>esse</strong></span> <span class='ocrx_word' id='word_1_329' title='bbox 492 4361 1007 4420; x_wconf 87' lang='lat' dir='ltr'><strong>communicandum.</strong></span> <span class='ocrx_word' id='word_1_330' title='bbox 1032 4360 1144 4414; x_wconf 90' lang='lat' dir='ltr'><strong>Non</strong></span> <span class='ocrx_word' id='word_1_331' title='bbox 1162 4359 1260 4412; x_wconf 84' lang='lat' dir='ltr'><strong>hoc</strong></span> <span class='ocrx_word' id='word_1_332' title='bbox 1289 4359 1448 4422; x_wconf 83' lang='lat' dir='ltr'><strong>dixit;</strong></span> <span class='ocrx_word' id='word_1_333' title='bbox 1468 4357 1559 4411; x_wconf 88' lang='lat' dir='ltr'><strong>sed</strong></span> <span class='ocrx_word' id='word_1_334' title='bbox 1590 4357 1692 4410; x_wconf 91' lang='lat' dir='ltr'><strong>ait:</strong></span> 
     </span>
    </p>
   </div>
   <div class='ocr_carea' id='block_1_47' title="bbox 134 4448 1694 4527">
    <p class='ocr_par' dir='ltr' id='par_1_47' title="bbox 134 4448 1694 4527">
     <span class='ocr_line' id='line_1_47' title="bbox 134 4448 1694 4527; baseline -0.004 -21"><span class='ocrx_word' id='word_1_335' title='bbox 134 4452 403 4527; x_wconf 18' lang='lat' dir='ltr'><strong>‘Pmpterea</strong></span> <span class='ocrx_word' id='word_1_336' title='bbox 431 4455 741 4510; x_wconf 79' lang='lat' dir='ltr'><strong>decernimus</strong></span> <span class='ocrx_word' id='word_1_337' title='bbox 770 4453 1028 4506; x_wconf 71' lang='lat' dir='ltr'><strong>Iiwreticos</strong></span> <span class='ocrx_word' id='word_1_338' title='bbox 1057 4448 1383 4520; x_wconf 71' lang='lat' dir='ltr'><strong>baptizandus</strong></span> <span class='ocrx_word' id='word_1_339' title='bbox 1413 4464 1518 4502; x_wconf 89' lang='lat' dir='ltr'><strong>esse</strong></span> <span class='ocrx_word' id='word_1_340' title='bbox 1539 4464 1557 4501; x_wconf 88' lang='lat'><strong><em>:</em></strong></span> <span class='ocrx_word' id='word_1_341' title='bbox 1578 4463 1694 4501; x_wconf 83' lang='lat' dir='ltr'><strong>ser-</strong></span> 
     </span>
    </p>
   </div>
   <div class='ocr_carea' id='block_1_48' title="bbox 151 4543 1695 4618">
    <p class='ocr_par' dir='ltr' id='par_1_48' title="bbox 151 4543 1695 4618">
     <span class='ocr_line' id='line_1_48' title="bbox 151 4543 1695 4618; baseline -0.003 -22"><span class='ocrx_word' id='word_1_342' title='bbox 151 4560 259 4603; x_wconf 85' lang='lat' dir='ltr'><strong>vans</strong></span> <span class='ocrx_word' id='word_1_343' title='bbox 305 4548 438 4618; x_wconf 88' lang='lat' dir='ltr'><strong>quod</strong></span> <span class='ocrx_word' id='word_1_344' title='bbox 489 4545 738 4616; x_wconf 81' lang='lat' dir='ltr'><strong>paciﬁcus</strong></span> <span class='ocrx_word' id='word_1_345' title='bbox 779 4543 1077 4615; x_wconf 81' lang='lat' dir='ltr'><strong>Cyprianus</strong></span> <span class='ocrx_word' id='word_1_346' title='bbox 1118 4549 1241 4596; x_wconf 89' lang='lat' dir='ltr'><strong>ante</strong></span> <span class='ocrx_word' id='word_1_347' title='bbox 1293 4546 1695 4608; x_wconf 66' lang='lat' dir='ltr'><strong>praestruxerat,</strong></span> 
     </span>
    </p>
   </div>
   <div class='ocr_carea' id='block_1_49' title="bbox 152 4626 1699 4704">
    <p class='ocr_par' dir='ltr' id='par_1_49' title="bbox 152 4626 1699 4704">
     <span class='ocr_line' id='line_1_49' title="bbox 152 4626 1699 4704; baseline -0.005 -17"><span class='ocrx_word' id='word_1_348' title='bbox 152 4634 331 4703; x_wconf 85' lang='lat' dir='ltr'><strong>dicens,</strong></span> <span class='ocrx_word' id='word_1_349' title='bbox 364 4635 630 4691; x_wconf 80' lang='lat' dir='ltr'><strong>Neminem</strong></span> <span class='ocrx_word' id='word_1_350' title='bbox 664 4626 952 4704; x_wconf 82' lang='lat' dir='ltr'><strong>judicantcs</strong></span> <span class='ocrx_word' id='word_1_351' title='bbox 973 4674 988 4697; x_wconf 93' lang='lat'><strong>,</strong></span> <span class='ocrx_word' id='word_1_352' title='bbox 1028 4641 1116 4684; x_wconf 89' lang='lat' dir='ltr'><strong>aut</strong></span> <span class='ocrx_word' id='word_1_353' title='bbox 1145 4648 1175 4684; x_wconf 90' lang='lat' dir='ltr'><strong>a</strong></span> <span class='ocrx_word' id='word_1_354' title='bbox 1191 4631 1311 4700; x_wconf 85' lang='lat' dir='ltr'><strong>jure</strong></span> <span class='ocrx_word' id='word_1_355' title='bbox 1335 4629 1699 4682; x_wconf 85' lang='lat' dir='ltr'><strong>communionis</strong></span> 
     </span>
    </p>
   </div>
   <div class='ocr_carea' id='block_1_50' title="bbox 154 4717 1700 4796">
    <p class='ocr_par' dir='ltr' id='par_1_50' title="bbox 154 4717 1700 4796">
     <span class='ocr_line' id='line_1_50' title="bbox 154 4717 1700 4796; baseline -0.005 -18"><span class='ocrx_word' id='word_1_356' title='bbox 154 4726 377 4796; x_wconf 78' lang='lat' dir='ltr'><strong>aliquem,</strong></span> <span class='ocrx_word' id='word_1_357' title='bbox 421 4727 466 4780; x_wconf 85' lang='lat' dir='ltr'><strong>si</strong></span> <span class='ocrx_word' id='word_1_358' title='bbox 508 4725 757 4777; x_wconf 83' lang='lat' dir='ltr'><strong>diversum</strong></span> <span class='ocrx_word' id='word_1_359' title='bbox 802 4722 1041 4786; x_wconf 86' lang='lat' dir='ltr'><strong>senserit,</strong></span> <span class='ocrx_word' id='word_1_360' title='bbox 1087 4729 1385 4773; x_wconf 78' lang='lat' dir='ltr'><strong>amovenm.</strong></span> <span class='ocrx_word' id='word_1_361' title='bbox 1412 4717 1542 4772; x_wconf 91' lang='lat' dir='ltr'><strong>Cum</strong></span> <span class='ocrx_word' id='word_1_362' title='bbox 1573 4732 1700 4787; x_wconf 80' lang='lat' dir='ltr'><strong>ergo</strong></span> 
     </span>
    </p>
   </div>
   <div class='ocr_carea' id='block_1_51' title="bbox 155 4809 1700 4879">
    <p class='ocr_par' dir='ltr' id='par_1_51' title="bbox 155 4809 1700 4879">
     <span class='ocr_line' id='line_1_51' title="bbox 155 4809 1700 4879; baseline -0.006 -8"><span class='ocrx_word' id='word_1_363' title='bbox 155 4816 414 4873; x_wconf 75' lang='lat' dir='ltr'><strong>Donatista:</strong></span> <span class='ocrx_word' id='word_1_364' title='bbox 442 4817 597 4872; x_wconf 88' lang='lat' dir='ltr'><strong>nobis</strong></span> <span class='ocrx_word' id='word_1_365' title='bbox 629 4815 1015 4869; x_wconf 73' lang='lat' dir='ltr'><strong>calumniantur</strong></span> <span class='ocrx_word' id='word_1_366' title='bbox 1036 4855 1051 4879; x_wconf 96' lang='lat'><strong>,</strong></span> <span class='ocrx_word' id='word_1_367' title='bbox 1093 4820 1147 4866; x_wconf 88' lang='lat' dir='ltr'><strong>et</strong></span> <span class='ocrx_word' id='word_1_368' title='bbox 1193 4825 1291 4864; x_wconf 92' lang='lat' dir='ltr'><strong>nos</strong></span> <span class='ocrx_word' id='word_1_369' title='bbox 1314 4810 1497 4864; x_wconf 88' lang='lat' dir='ltr'><strong>dicunt.</strong></span> <span class='ocrx_word' id='word_1_370' title='bbox 1537 4809 1700 4863; x_wconf 84' lang='lat' dir='ltr'><strong>tradi-</strong></span> 
     </span>
    </p>
   </div>
   <div class='ocr_carea' id='block_1_52' title="bbox 158 4899 1701 4976">
    <p class='ocr_par' dir='ltr' id='par_1_52' title="bbox 158 4899 1701 4976">
     <span class='ocr_line' id='line_1_52' title="bbox 158 4899 1701 4976; baseline -0.003 -18"><span class='ocrx_word' id='word_1_371' title='bbox 158 4915 313 4972; x_wconf 86' lang='lat' dir='ltr'><strong>tores,</strong></span> <span class='ocrx_word' id='word_1_372' title='bbox 347 4908 390 4962; x_wconf 88' lang='lat' dir='ltr'><strong>si</strong></span> <span class='ocrx_word' id='word_1_373' title='bbox 434 4906 553 4976; x_wconf 85' lang='lat' dir='ltr'><strong>quis</strong></span> <span class='ocrx_word' id='word_1_374' title='bbox 582 4906 775 4960; x_wconf 89' lang='lat' dir='ltr'><strong>existat</strong></span> <span class='ocrx_word' id='word_1_375' title='bbox 813 4905 895 4957; x_wconf 90' lang='lat' dir='ltr'><strong>vel</strong></span> <span class='ocrx_word' id='word_1_376' title='bbox 931 4901 1145 4956; x_wconf 60' lang='lat' dir='ltr'><strong>Iudaeus</strong></span> <span class='ocrx_word' id='word_1_377' title='bbox 1177 4900 1258 4953; x_wconf 85' lang='lat' dir='ltr'><strong>vel</strong></span> <span class='ocrx_word' id='word_1_378' title='bbox 1291 4900 1530 4969; x_wconf 79' lang='lat' dir='ltr'><strong>Paganus</strong></span> <span class='ocrx_word' id='word_1_379' title='bbox 1553 4938 1569 4964; x_wconf 94' lang='lat'><strong>,</strong></span> <span class='ocrx_word' id='word_1_380' title='bbox 1615 4899 1701 4968; x_wconf 86' lang='lat' dir='ltr'><strong>qui</strong></span> 
     </span>
    </p>
   </div>
   <div class='ocr_carea' id='block_1_53' title="bbox 158 4988 1703 5060">
    <p class='ocr_par' dir='ltr' id='par_1_53' title="bbox 158 4988 1703 5060">
     <span class='ocr_line' id='line_1_53' title="bbox 158 4988 1703 5060; baseline -0.006 -11"><span class='ocrx_word' id='word_1_381' title='bbox 158 4995 274 5052; x_wconf 83' lang='lat' dir='ltr'><strong>lecto</strong></span> <span class='ocrx_word' id='word_1_382' title='bbox 301 4998 397 5052; x_wconf 89' lang='lat' dir='ltr'><strong>isto</strong></span> <span class='ocrx_word' id='word_1_383' title='bbox 430 4996 658 5052; x_wconf 90' lang='lat' dir='ltr'><strong>concilio</strong></span> <span class='ocrx_word' id='word_1_384' title='bbox 687 5003 741 5049; x_wconf 86' lang='lat' dir='ltr'><strong>et</strong></span> <span class='ocrx_word' id='word_1_385' title='bbox 766 5008 862 5047; x_wconf 90' lang='lat' dir='ltr'><strong>nos</strong></span> <span class='ocrx_word' id='word_1_386' title='bbox 886 5003 939 5047; x_wconf 90' lang='lat' dir='ltr'><strong>et</strong></span> <span class='ocrx_word' id='word_1_387' title='bbox 968 4993 1109 5060; x_wconf 89' lang='lat' dir='ltr'><strong>ipsos</strong></span> <span class='ocrx_word' id='word_1_388' title='bbox 1133 5030 1149 5056; x_wconf 93' lang='lat'><strong>,</strong></span> <span class='ocrx_word' id='word_1_389' title='bbox 1196 4988 1488 5044; x_wconf 90' lang='lat' dir='ltr'><strong>secundum</strong></span> <span class='ocrx_word' id='word_1_390' title='bbox 1518 5003 1703 5042; x_wconf 91' lang='lat' dir='ltr'><strong>eorum</strong></span> 
     </span>
    </p>
   </div>
   <div class='ocr_carea' id='block_1_54' title="bbox 160 5080 1705 5159">
    <p class='ocr_par' dir='ltr' id='par_1_54' title="bbox 160 5080 1705 5159">
     <span class='ocr_line' id='line_1_54' title="bbox 160 5080 1705 5159; baseline -0.003 -20"><span class='ocrx_word' id='word_1_391' title='bbox 160 5090 356 5159; x_wconf 74' lang='lat' dir='ltr'><strong>regulas,</strong></span> <span class='ocrx_word' id='word_1_392' title='bbox 388 5088 625 5144; x_wconf 82' lang='lat' dir='ltr'><strong>veritatis</strong></span> <span class='ocrx_word' id='word_1_393' title='bbox 645 5085 875 5156; x_wconf 90' lang='lat' dir='ltr'><strong>appellet</strong></span> <span class='ocrx_word' id='word_1_394' title='bbox 899 5082 1352 5153; x_wconf 62' lang='lat' dir='ltr'><strong>praevaricatores,</strong></span> <span class='ocrx_word' id='word_1_395' title='bbox 1385 5081 1540 5133; x_wconf 88' lang='lat' dir='ltr'><strong>velim</strong></span> <span class='ocrx_word' id='word_1_396' title='bbox 1570 5080 1705 5134; x_wconf 91' lang='lat' dir='ltr'><strong>scire</strong></span> 
     </span>
    </p>
   </div>
   <div class='ocr_carea' id='block_1_55' title="bbox 161 5169 1704 5249">
    <p class='ocr_par' dir='ltr' id='par_1_55' title="bbox 161 5169 1704 5249">
     <span class='ocr_line' id='line_1_55' title="bbox 161 5169 1704 5249; baseline -0.008 -15"><span class='ocrx_word' id='word_1_397' title='bbox 161 5178 210 5233; x_wconf 80' lang='lat' dir='ltr'><strong>ad</strong></span> <span class='ocrx_word' id='word_1_398' title='bbox 243 5180 337 5234; x_wconf 84' lang='lat' dir='ltr'><strong>hoc</strong></span> <span class='ocrx_word' id='word_1_399' title='bbox 363 5188 466 5234; x_wconf 89' lang='lat' dir='ltr'><strong>tam</strong></span> <span class='ocrx_word' id='word_1_400' title='bbox 507 5193 666 5249; x_wconf 77' lang='lat' dir='ltr'><strong>grave</strong></span> <span class='ocrx_word' id='word_1_401' title='bbox 695 5177 895 5230; x_wconf 90' lang='lat' dir='ltr'><strong>crimen</strong></span> <span class='ocrx_word' id='word_1_402' title='bbox 927 5171 1260 5228; x_wconf 80' lang='lat' dir='ltr'><strong>refutandum</strong></span> <span class='ocrx_word' id='word_1_403' title='bbox 1298 5181 1453 5241; x_wconf 88' lang='lat' dir='ltr'><strong>atque</strong></span> <span class='ocrx_word' id='word_1_404' title='bbox 1494 5169 1704 5223; x_wconf 90' lang='lat' dir='ltr'><strong>diluen-</strong></span> 
     </span>
    </p>
   </div>
   <div class='ocr_carea' id='block_1_56' title="bbox 161 5258 1704 5340">
    <p class='ocr_par' dir='ltr' id='par_1_56' title="bbox 161 5258 1704 5340">
     <span class='ocr_line' id='line_1_56' title="bbox 161 5258 1704 5340; baseline -0.006 -20"><span class='ocrx_word' id='word_1_405' title='bbox 161 5266 263 5323; x_wconf 85' lang='lat' dir='ltr'><strong>dum</strong></span> <span class='ocrx_word' id='word_1_406' title='bbox 287 5268 548 5340; x_wconf 88' lang='lat' dir='ltr'><strong>quomodo</strong></span> <span class='ocrx_word' id='word_1_407' title='bbox 588 5266 745 5322; x_wconf 89' lang='lat' dir='ltr'><strong>nobis</strong></span> <span class='ocrx_word' id='word_1_408' title='bbox 767 5264 964 5335; x_wconf 77' lang='lat' dir='ltr'><strong>agenda</strong></span> <span class='ocrx_word' id='word_1_409' title='bbox 993 5264 1061 5318; x_wconf 89' lang='lat' dir='ltr'><strong>sit</strong></span> <span class='ocrx_word' id='word_1_410' title='bbox 1088 5276 1245 5317; x_wconf 90' lang='lat' dir='ltr'><strong>causa</strong></span> <span class='ocrx_word' id='word_1_411' title='bbox 1271 5260 1586 5316; x_wconf 88' lang='lat' dir='ltr'><strong>communis.</strong></span> <span class='ocrx_word' id='word_1_412' title='bbox 1615 5258 1704 5312; x_wconf 90' lang='lat' dir='ltr'><strong>lsti</strong></span> 
     </span>
    </p>
   </div>
   <div class='ocr_carea' id='block_1_57' title="bbox 161 5351 1705 5424">
    <p class='ocr_par' dir='ltr' id='par_1_57' title="bbox 161 5351 1705 5424">
     <span class='ocr_line' id='line_1_57' title="bbox 161 5351 1705 5424; baseline -0.008 -13"><span class='ocrx_word' id='word_1_413' title='bbox 161 5371 236 5413; x_wconf 82' lang='lat' dir='ltr'><strong>eos</strong></span> <span class='ocrx_word' id='word_1_414' title='bbox 258 5358 433 5413; x_wconf 88' lang='lat' dir='ltr'><strong>dicunt</strong></span> <span class='ocrx_word' id='word_1_415' title='bbox 458 5356 745 5412; x_wconf 89' lang='lat' dir='ltr'><strong>traditores</strong></span> <span class='ocrx_word' id='word_1_416' title='bbox 768 5395 784 5420; x_wconf 91' lang='lat'><strong>,</strong></span> <span class='ocrx_word' id='word_1_417' title='bbox 814 5367 947 5424; x_wconf 91' lang='lat' dir='ltr'><strong>quos</strong></span> <span class='ocrx_word' id='word_1_418' title='bbox 971 5366 1144 5422; x_wconf 89' lang='lat' dir='ltr'><strong>neque</strong></span> <span class='ocrx_word' id='word_1_419' title='bbox 1173 5351 1278 5406; x_wconf 89' lang='lat' dir='ltr'><strong>ullo</strong></span> <span class='ocrx_word' id='word_1_420' title='bbox 1305 5361 1546 5420; x_wconf 89' lang='lat' dir='ltr'><strong>tempore</strong></span> <span class='ocrx_word' id='word_1_421' title='bbox 1572 5363 1705 5403; x_wconf 88' lang='lat' dir='ltr'><strong>con-</strong></span> 
     </span>
    </p>
   </div>
   <div class='ocr_carea' id='block_1_58' title="bbox 207 5530 1089 5596">
    <p class='ocr_par' dir='ltr' id='par_1_58' title="bbox 207 5530 1089 5596">
     <span class='ocr_line' id='line_1_58' title="bbox 207 5530 1089 5596; baseline 0.001 -16"><span class='ocrx_word' id='word_1_422' title='bbox 207 5532 223 5596; x_wconf 63' lang='lat' dir='ltr'><strong>f</strong></span> <span class='ocrx_word' id='word_1_423' title='bbox 254 5533 426 5596; x_wconf 72' lang='lat' dir='ltr'><strong>linquet</strong></span> <span class='ocrx_word' id='word_1_424' title='bbox 446 5539 576 5593; x_wconf 59' lang='lat' dir='ltr'><strong>uss,</strong></span> <span class='ocrx_word' id='word_1_425' title='bbox 1085 5569 1089 5573; x_wconf 76' lang='lat'><strong>.</strong></span> 
     </span>
    </p>
   </div>
   <div class='ocr_carea' id='block_1_59' title="bbox 209 5590 1565 5657">
    <p class='ocr_par' dir='ltr' id='par_1_59' title="bbox 209 5590 1565 5657">
     <span class='ocr_line' id='line_1_59' title="bbox 209 5590 1565 5657; baseline -0.003 -15"><span class='ocrx_word' id='word_1_426' title='bbox 209 5592 226 5657; x_wconf 69' lang='grc' dir='ltr'><strong>ξ</strong></span> <span class='ocrx_word' id='word_1_427' title='bbox 253 5590 492 5657; x_wconf 65' lang='grc' dir='ltr'><strong>ειῖιιιειι.</strong></span> <span class='ocrx_word' id='word_1_428' title='bbox 517 5590 640 5657; x_wconf 76' lang='lat' dir='ltr'><strong>ven.</strong></span> <span class='ocrx_word' id='word_1_429' title='bbox 668 5599 757 5642; x_wconf 78' lang='lat' dir='ltr'><strong>Iov</strong></span> <span class='ocrx_word' id='word_1_430' title='bbox 781 5627 798 5651; x_wconf 89' lang='lat'><strong>,</strong></span> <span class='ocrx_word' id='word_1_431' title='bbox 820 5590 871 5641; x_wconf 84' lang='lat' dir='ltr'><strong>in</strong></span> <span class='ocrx_word' id='word_1_432' title='bbox 893 5592 1150 5657; x_wconf 79' lang='lat' dir='ltr'><strong>hocusque</strong></span> <span class='ocrx_word' id='word_1_433' title='bbox 1172 5592 1444 5654; x_wconf 79' lang='lat' dir='ltr'><strong>persistunt.</strong></span> <span class='ocrx_word' id='word_1_434' title='bbox 1510 5598 1565 5639; x_wconf 73' lang='grc' dir='ltr'><strong>ιιι.</strong></span> 
     </span>
    </p>
   </div>
   <div class='ocr_carea' id='block_1_60' title="bbox 207 5650 955 5714">
    <p class='ocr_par' dir='ltr' id='par_1_60' title="bbox 207 5650 955 5714">
     <span class='ocr_line' id='line_1_60' title="bbox 207 5650 955 5714; baseline -0.007 -8"><span class='ocrx_word' id='word_1_435' title='bbox 207 5650 225 5684; x_wconf 88' lang='grc'><strong><em>⁸</em></strong></span> <span class='ocrx_word' id='word_1_436' title='bbox 251 5660 323 5705; x_wconf 66' lang='lat' dir='ltr'><strong>Is.</strong></span> <span class='ocrx_word' id='word_1_437' title='bbox 346 5650 672 5714; x_wconf 74' lang='lat' dir='ltr'><strong>coFbeiensis,</strong></span> <span class='ocrx_word' id='word_1_438' title='bbox 696 5666 727 5703; x_wconf 89' lang='lat' dir='ltr'><strong>a</strong></span> <span class='ocrx_word' id='word_1_439' title='bbox 748 5650 955 5705; x_wconf 69' lang='lat' dir='ltr'><strong>stattari.</strong></span> 
     </span>
    </p>
   </div>
   <div class='ocr_carea' id='block_1_61' title="bbox 1290 217 1905 320">
    <p class='ocr_par' dir='ltr' id='par_1_61' title="bbox 1290 217 1905 320">
     <span class='ocr_line' id='line_1_61' title="bbox 1290 217 1905 320; baseline -0.013 0"><span class='ocrx_word' id='word_1_440' title='bbox 1290 262 1508 320; x_wconf 69' lang='lat' dir='ltr'><strong>mean</strong></span> <span class='ocrx_word' id='word_1_441' title='bbox 1546 217 1905 316; x_wconf 73' lang='lat' dir='ltr'><strong>SEPTIMUS.</strong></span> 
     </span>
    </p>
   </div>
   <div class='ocr_carea' id='block_1_62' title="bbox 3218 255 3331 335">
    <p class='ocr_par' dir='ltr' id='par_1_62' title="bbox 3218 255 3331 335">
     <span class='ocr_line' id='line_1_62' title="bbox 3218 255 3331 335; baseline 0.071 -32"><span class='ocrx_word' id='word_1_442' title='bbox 3218 255 3331 335; x_wconf 64' lang='lat' dir='ltr'><strong>sse</strong></span> 
     </span>
    </p>
   </div>
   <div class='ocr_carea' id='block_1_63' title="bbox 1759 369 3320 441">
    <p class='ocr_par' dir='ltr' id='par_1_63' title="bbox 1759 369 3320 441">
     <span class='ocr_line' id='line_1_63' title="bbox 1759 369 3320 441; baseline 0.003 -20"><span class='ocrx_word' id='word_1_443' title='bbox 1759 386 1969 425; x_wconf 79' lang='lat' dir='ltr'><strong>vincere</strong></span> <span class='ocrx_word' id='word_1_444' title='bbox 2013 378 2333 441; x_wconf 89' lang='lat' dir='ltr'><strong>potuerunt,</strong></span> <span class='ocrx_word' id='word_1_445' title='bbox 2360 384 2544 441; x_wconf 83' lang='lat' dir='ltr'><strong>neque</strong></span> <span class='ocrx_word' id='word_1_446' title='bbox 2578 383 2730 426; x_wconf 69' lang='lat' dir='ltr'><strong>&#39;nunc</strong></span> <span class='ocrx_word' id='word_1_447' title='bbox 2760 378 2978 440; x_wconf 85' lang='lat' dir='ltr'><strong>possunt</strong></span> <span class='ocrx_word' id='word_1_448' title='bbox 3000 369 3286 426; x_wconf 83' lang='lat' dir='ltr'><strong>ostendere</strong></span> <span class='ocrx_word' id='word_1_449' title='bbox 3305 412 3320 435; x_wconf 93' lang='lat'><strong>,</strong></span> 
     </span>
    </p>
   </div>
   <div class='ocr_carea' id='block_1_64' title="bbox 1756 460 3327 530">
    <p class='ocr_par' dir='ltr' id='par_1_64' title="bbox 1756 460 3327 530">
     <span class='ocr_line' id='line_1_64' title="bbox 1756 460 3327 530; baseline 0 -15"><span class='ocrx_word' id='word_1_450' title='bbox 1756 469 1808 515; x_wconf 89' lang='lat' dir='ltr'><strong>et</strong></span> <span class='ocrx_word' id='word_1_451' title='bbox 1853 460 1906 514; x_wconf 92' lang='lat' dir='ltr'><strong>in</strong></span> <span class='ocrx_word' id='word_1_452' title='bbox 1955 460 2140 515; x_wconf 89' lang='lat' dir='ltr'><strong>eodem</strong></span> <span class='ocrx_word' id='word_1_453' title='bbox 2184 460 2405 515; x_wconf 87' lang='lat' dir='ltr'><strong>crimine</strong></span> <span class='ocrx_word' id='word_1_454' title='bbox 2444 461 2541 530; x_wconf 81' lang='lat' dir='ltr'><strong>ipsi</strong></span> <span class='ocrx_word' id='word_1_455' title='bbox 2570 475 2701 516; x_wconf 70' lang='lat' dir='ltr'><strong>esse</strong></span> <span class='ocrx_word' id='word_1_456' title='bbox 2743 463 2922 528; x_wconf 81' lang='lat' dir='ltr'><strong>potius</strong></span> <span class='ocrx_word' id='word_1_457' title='bbox 2958 462 3327 517; x_wconf 82' lang='lat' dir='ltr'><strong>ostenduntur.</strong></span> 
     </span>
    </p>
   </div>
   <div class='ocr_carea' id='block_1_65' title="bbox 1757 549 3332 622">
    <p class='ocr_par' dir='ltr' id='par_1_65' title="bbox 1757 549 3332 622">
     <span class='ocr_line' id='line_1_65' title="bbox 1757 549 3332 622; baseline 0.002 -16"><span class='ocrx_word' id='word_1_458' title='bbox 1757 550 1860 606; x_wconf 91' lang='lat' dir='ltr'><strong>Sed</strong></span> <span class='ocrx_word' id='word_1_459' title='bbox 1907 551 2032 619; x_wconf 85' lang='lat' dir='ltr'><strong>quid</strong></span> <span class='ocrx_word' id='word_1_460' title='bbox 2080 550 2144 603; x_wconf 92' lang='lat' dir='ltr'><strong>ad</strong></span> <span class='ocrx_word' id='word_1_461' title='bbox 2190 549 2324 604; x_wconf 88' lang='lat' dir='ltr'><strong>nos?</strong></span> <span class='ocrx_word' id='word_1_462' title='bbox 2365 550 2440 605; x_wconf 86' lang='lat' dir='ltr'><strong>De</strong></span> <span class='ocrx_word' id='word_1_463' title='bbox 2486 551 2600 605; x_wconf 84' lang='lat' dir='ltr'><strong>istis</strong></span> <span class='ocrx_word' id='word_1_464' title='bbox 2643 561 2791 608; x_wconf 89' lang='lat' dir='ltr'><strong>certe</strong></span> <span class='ocrx_word' id='word_1_465' title='bbox 2836 553 3332 622; x_wconf 75' lang='lat' dir='ltr'><strong>prmvaricatoribus</strong></span> 
     </span>
    </p>
   </div>
   <div class='ocr_carea' id='block_1_66' title="bbox 1756 640 3332 713">
    <p class='ocr_par' dir='ltr' id='par_1_66' title="bbox 1756 640 3332 713">
     <span class='ocr_line' id='line_1_66' title="bbox 1756 640 3332 713; baseline 0.004 -19"><span class='ocrx_word' id='word_1_466' title='bbox 1756 640 1880 711; x_wconf 88' lang='lat' dir='ltr'><strong>quid</strong></span> <span class='ocrx_word' id='word_1_467' title='bbox 1911 641 2178 694; x_wconf 84' lang='lat' dir='ltr'><strong>dicemus?</strong></span> <span class='ocrx_word' id='word_1_468' title='bbox 2203 640 2256 695; x_wconf 91' lang='lat' dir='ltr'><strong>Si</strong></span> <span class='ocrx_word' id='word_1_469' title='bbox 2285 641 2424 695; x_wconf 90' lang='lat' dir='ltr'><strong>enim</strong></span> <span class='ocrx_word' id='word_1_470' title='bbox 2451 656 2568 702; x_wconf 78' lang='lat' dir='ltr'><strong>nos,</strong></span> <span class='ocrx_word' id='word_1_471' title='bbox 2600 643 2839 710; x_wconf 80' lang='lat' dir='ltr'><strong>quamvis</strong></span> <span class='ocrx_word' id='word_1_472' title='bbox 2866 642 3019 707; x_wconf 81' lang='lat' dir='ltr'><strong>falso,</strong></span> <span class='ocrx_word' id='word_1_473' title='bbox 3055 652 3332 713; x_wconf 75' lang='lat' dir='ltr'><strong>propterea</strong></span> 
     </span>
    </p>
   </div>
   <div class='ocr_carea' id='block_1_67' title="bbox 1758 733 3330 803">
    <p class='ocr_par' dir='ltr' id='par_1_67' title="bbox 1758 733 3330 803">
     <span class='ocr_line' id='line_1_67' title="bbox 1758 733 3330 803; baseline 0.001 -15"><span class='ocrx_word' id='word_1_474' title='bbox 1758 734 1983 788; x_wconf 91' lang='lat' dir='ltr'><strong>dicimur</strong></span> <span class='ocrx_word' id='word_1_475' title='bbox 2011 734 2329 799; x_wconf 87' lang='lat' dir='ltr'><strong>traditores,</strong></span> <span class='ocrx_word' id='word_1_476' title='bbox 2374 733 2496 803; x_wconf 83' lang='lat' dir='ltr'><strong>quia</strong></span> <span class='ocrx_word' id='word_1_477' title='bbox 2542 734 2879 790; x_wconf 87' lang='lat' dir='ltr'><strong>traditoribus</strong></span> <span class='ocrx_word' id='word_1_478' title='bbox 2913 752 3010 790; x_wconf 91' lang='lat' dir='ltr'><strong>nos</strong></span> <span class='ocrx_word' id='word_1_479' title='bbox 3047 737 3097 791; x_wconf 89' lang='lat' dir='ltr'><strong>in</strong></span> <span class='ocrx_word' id='word_1_480' title='bbox 3144 738 3330 791; x_wconf 88' lang='lat' dir='ltr'><strong>eadem</strong></span> 
     </span>
    </p>
   </div>
   <div class='ocr_carea' id='block_1_68' title="bbox 1758 826 3332 896">
    <p class='ocr_par' dir='ltr' id='par_1_68' title="bbox 1758 826 3332 896">
     <span class='ocr_line' id='line_1_68' title="bbox 1758 826 3332 896; baseline 0.003 -17"><span class='ocrx_word' id='word_1_481' title='bbox 1758 829 2130 880; x_wconf 91' lang='lat' dir='ltr'><strong>communione</strong></span> <span class='ocrx_word' id='word_1_482' title='bbox 2156 826 2478 881; x_wconf 78' lang='lat' dir='ltr'><strong>successisse</strong></span> <span class='ocrx_word' id='word_1_483' title='bbox 2505 826 2877 891; x_wconf 87' lang='lat' dir='ltr'><strong>criminantur;</strong></span> <span class='ocrx_word' id='word_1_484' title='bbox 2913 830 3332 896; x_wconf 58' lang='lat' dir='ltr'><strong>prxvaricatori-</strong></span> 
     </span>
    </p>
   </div>
   <div class='ocr_carea' id='block_1_69' title="bbox 1759 913 3335 986">
    <p class='ocr_par' dir='ltr' id='par_1_69' title="bbox 1759 913 3335 986">
     <span class='ocr_line' id='line_1_69' title="bbox 1759 913 3335 986; baseline 0.003 -17"><span class='ocrx_word' id='word_1_485' title='bbox 1759 913 1861 970; x_wconf 91' lang='lat' dir='ltr'><strong>bus</strong></span> <span class='ocrx_word' id='word_1_486' title='bbox 1906 916 2013 969; x_wconf 90' lang='lat' dir='ltr'><strong>illis</strong></span> <span class='ocrx_word' id='word_1_487' title='bbox 2056 930 2243 970; x_wconf 91' lang='lat' dir='ltr'><strong>omnes</strong></span> <span class='ocrx_word' id='word_1_488' title='bbox 2281 916 2661 980; x_wconf 86' lang='lat' dir='ltr'><strong>successimus,</strong></span> <span class='ocrx_word' id='word_1_489' title='bbox 2711 917 2831 986; x_wconf 84' lang='lat' dir='ltr'><strong>quia</strong></span> <span class='ocrx_word' id='word_1_490' title='bbox 2882 918 3110 971; x_wconf 90' lang='lat' dir='ltr'><strong>nondum</strong></span> <span class='ocrx_word' id='word_1_491' title='bbox 3159 934 3220 974; x_wconf 86' lang='lat' dir='ltr'><strong>se</strong></span> <span class='ocrx_word' id='word_1_492' title='bbox 3266 919 3335 974; x_wconf 89' lang='lat' dir='ltr'><strong>ab</strong></span> 
     </span>
    </p>
   </div>
   <div class='ocr_carea' id='block_1_70' title="bbox 1759 1005 3337 1081">
    <p class='ocr_par' dir='ltr' id='par_1_70' title="bbox 1759 1005 3337 1081">
     <span class='ocr_line' id='line_1_70' title="bbox 1759 1005 3337 1081; baseline 0.003 -20"><span class='ocrx_word' id='word_1_493' title='bbox 1759 1008 1958 1061; x_wconf 88' lang='lat' dir='ltr'><strong>unitate</strong></span> <span class='ocrx_word' id='word_1_494' title='bbox 1986 1006 2236 1060; x_wconf 87' lang='lat' dir='ltr'><strong>diviserat</strong></span> <span class='ocrx_word' id='word_1_495' title='bbox 2264 1022 2385 1075; x_wconf 86' lang='lat' dir='ltr'><strong>pars</strong></span> <span class='ocrx_word' id='word_1_496' title='bbox 2419 1006 2605 1060; x_wconf 87' lang='lat' dir='ltr'><strong>Donati</strong></span> <span class='ocrx_word' id='word_1_497' title='bbox 2635 1007 2774 1062; x_wconf 86' lang='lat' dir='ltr'><strong>beati</strong></span> <span class='ocrx_word' id='word_1_498' title='bbox 2801 1005 3046 1077; x_wconf 84' lang='lat' dir='ltr'><strong>Cypriani</strong></span> <span class='ocrx_word' id='word_1_499' title='bbox 3084 1012 3337 1081; x_wconf 81' lang='lat' dir='ltr'><strong>tempori-</strong></span> 
     </span>
    </p>
   </div>
   <div class='ocr_carea' id='block_1_71' title="bbox 1761 1096 3337 1168">
    <p class='ocr_par' dir='ltr' id='par_1_71' title="bbox 1761 1096 3337 1168">
     <span class='ocr_line' id='line_1_71' title="bbox 1761 1096 3337 1168; baseline 0.001 -16"><span class='ocrx_word' id='word_1_500' title='bbox 1761 1096 1879 1152; x_wconf 91' lang='lat' dir='ltr'><strong>bus.</strong></span> <span class='ocrx_word' id='word_1_501' title='bbox 1929 1097 2058 1151; x_wconf 84' lang='lat' dir='ltr'><strong>Post</strong></span> <span class='ocrx_word' id='word_1_502' title='bbox 2101 1096 2399 1165; x_wconf 89' lang='lat' dir='ltr'><strong>passionem</strong></span> <span class='ocrx_word' id='word_1_503' title='bbox 2450 1097 2646 1166; x_wconf 89' lang='lat' dir='ltr'><strong>quippe</strong></span> <span class='ocrx_word' id='word_1_504' title='bbox 2687 1097 2801 1166; x_wconf 94' lang='lat' dir='ltr'><strong>ejus</strong></span> <span class='ocrx_word' id='word_1_505' title='bbox 2848 1098 3223 1168; x_wconf 82' lang='lat' dir='ltr'><strong>quadraginta,</strong></span> <span class='ocrx_word' id='word_1_506' title='bbox 3280 1110 3337 1156; x_wconf 90' lang='lat' dir='ltr'><strong>et</strong></span> 
     </span>
    </p>
   </div>
   <div class='ocr_carea' id='block_1_72' title="bbox 1761 1187 3335 1258">
    <p class='ocr_par' dir='ltr' id='par_1_72' title="bbox 1761 1187 3335 1258">
     <span class='ocr_line' id='line_1_72' title="bbox 1761 1187 3335 1258; baseline 0.003 -16"><span class='ocrx_word' id='word_1_507' title='bbox 1761 1188 1901 1258; x_wconf 93' lang='lat' dir='ltr'><strong>quod</strong></span> <span class='ocrx_word' id='word_1_508' title='bbox 1927 1187 2191 1252; x_wconf 85' lang='lat' dir='ltr'><strong>excurrit,</strong></span> <span class='ocrx_word' id='word_1_509' title='bbox 2218 1188 2371 1255; x_wconf 82' lang='lat' dir='ltr'><strong>annis</strong></span> <span class='ocrx_word' id='word_1_510' title='bbox 2399 1187 2662 1257; x_wconf 89' lang='lat' dir='ltr'><strong>peractis,</strong></span> <span class='ocrx_word' id='word_1_511' title='bbox 2693 1187 2905 1242; x_wconf 89' lang='lat' dir='ltr'><strong>traditio</strong></span> <span class='ocrx_word' id='word_1_512' title='bbox 2931 1189 3169 1244; x_wconf 87' lang='lat' dir='ltr'><strong>codicum</strong></span> <span class='ocrx_word' id='word_1_513' title='bbox 3200 1190 3335 1246; x_wconf 79' lang='lat' dir='ltr'><strong>facta</strong></span> 
     </span>
    </p>
   </div>
   <div class='ocr_carea' id='block_1_73' title="bbox 1762 1278 3338 1351">
    <p class='ocr_par' dir='ltr' id='par_1_73' title="bbox 1762 1278 3338 1351">
     <span class='ocr_line' id='line_1_73' title="bbox 1762 1278 3338 1351; baseline 0.002 -17"><span class='ocrx_word' id='word_1_514' title='bbox 1762 1286 1865 1344; x_wconf 86' lang='lat' dir='ltr'><strong>est,</strong></span> <span class='ocrx_word' id='word_1_515' title='bbox 1921 1278 2060 1334; x_wconf 90' lang='lat' dir='ltr'><strong>unde</strong></span> <span class='ocrx_word' id='word_1_516' title='bbox 2104 1287 2381 1348; x_wconf 71' lang='lat' dir='ltr'><strong>cmpcrunt</strong></span> <span class='ocrx_word' id='word_1_517' title='bbox 2436 1278 2690 1351; x_wconf 88' lang='lat' dir='ltr'><strong>appellari</strong></span> <span class='ocrx_word' id='word_1_518' title='bbox 2745 1278 3048 1334; x_wconf 89' lang='lat' dir='ltr'><strong>traditores.</strong></span> <span class='ocrx_word' id='word_1_519' title='bbox 3103 1280 3158 1336; x_wconf 92' lang='lat' dir='ltr'><strong>Si</strong></span> <span class='ocrx_word' id='word_1_520' title='bbox 3207 1297 3338 1351; x_wconf 82' lang='lat' dir='ltr'><strong>ergo</strong></span> 
     </span>
    </p>
   </div>
   <div class='ocr_carea' id='block_1_74' title="bbox 1765 1369 3341 1440">
    <p class='ocr_par' dir='ltr' id='par_1_74' title="bbox 1765 1369 3341 1440">
     <span class='ocr_line' id='line_1_74' title="bbox 1765 1369 3341 1440; baseline 0.001 -16"><span class='ocrx_word' id='word_1_521' title='bbox 1765 1380 2046 1440; x_wconf 88' lang='lat' dir='ltr'><strong>propterea</strong></span> <span class='ocrx_word' id='word_1_522' title='bbox 2077 1384 2174 1424; x_wconf 87' lang='lat' dir='ltr'><strong>nos</strong></span> <span class='ocrx_word' id='word_1_523' title='bbox 2202 1369 2482 1424; x_wconf 90' lang='lat' dir='ltr'><strong>traditores</strong></span> <span class='ocrx_word' id='word_1_524' title='bbox 2503 1410 2517 1433; x_wconf 91' lang='lat'><strong>,</strong></span> <span class='ocrx_word' id='word_1_525' title='bbox 2543 1369 2665 1437; x_wconf 91' lang='lat' dir='ltr'><strong>quia</strong></span> <span class='ocrx_word' id='word_1_526' title='bbox 2692 1384 2756 1423; x_wconf 87' lang='lat' dir='ltr'><strong>ex</strong></span> <span class='ocrx_word' id='word_1_527' title='bbox 2799 1369 3170 1435; x_wconf 84' lang='lat' dir='ltr'><strong>traditoribus,</strong></span> <span class='ocrx_word' id='word_1_528' title='bbox 3203 1372 3341 1427; x_wconf 89' lang='lat' dir='ltr'><strong>sicut</strong></span> 
     </span>
    </p>
   </div>
   <div class='ocr_carea' id='block_1_75' title="bbox 1763 1459 3340 1531">
    <p class='ocr_par' dir='ltr' id='par_1_75' title="bbox 1763 1459 3340 1531">
     <span class='ocr_line' id='line_1_75' title="bbox 1763 1459 3340 1531; baseline 0.002 -17"><span class='ocrx_word' id='word_1_529' title='bbox 1763 1461 2049 1531; x_wconf 82' lang='lat' dir='ltr'><strong>Opinantur</strong></span> <span class='ocrx_word' id='word_1_530' title='bbox 2068 1461 2151 1515; x_wconf 90' lang='lat' dir='ltr'><strong>vel</strong></span> <span class='ocrx_word' id='word_1_531' title='bbox 2179 1459 2506 1529; x_wconf 79' lang='lat' dir='ltr'><strong>conﬁngunt,</strong></span> <span class='ocrx_word' id='word_1_532' title='bbox 2540 1459 2707 1513; x_wconf 83' lang='lat' dir='ltr'><strong>exorti</strong></span> <span class='ocrx_word' id='word_1_533' title='bbox 2729 1474 2941 1525; x_wconf 88' lang='lat' dir='ltr'><strong>sumus;</strong></span> <span class='ocrx_word' id='word_1_534' title='bbox 2971 1461 3041 1516; x_wconf 90' lang='lat' dir='ltr'><strong>ab</strong></span> <span class='ocrx_word' id='word_1_535' title='bbox 3072 1461 3175 1516; x_wconf 91' lang='lat' dir='ltr'><strong>illis</strong></span> <span class='ocrx_word' id='word_1_536' title='bbox 3205 1478 3340 1531; x_wconf 72' lang='lat' dir='ltr'><strong>prte-</strong></span> 
     </span>
    </p>
   </div>
   <div class='ocr_carea' id='block_1_76' title="bbox 1764 1550 3342 1621">
    <p class='ocr_par' dir='ltr' id='par_1_76' title="bbox 1764 1550 3342 1621">
     <span class='ocr_line' id='line_1_76' title="bbox 1764 1550 3342 1621; baseline 0.002 -18"><span class='ocrx_word' id='word_1_537' title='bbox 1764 1551 2147 1605; x_wconf 87' lang='lat' dir='ltr'><strong>varieatoribus</strong></span> <span class='ocrx_word' id='word_1_538' title='bbox 2201 1550 2409 1620; x_wconf 91' lang='lat' dir='ltr'><strong>utrique</strong></span> <span class='ocrx_word' id='word_1_539' title='bbox 2464 1550 2720 1621; x_wconf 82' lang='lat' dir='ltr'><strong>originem</strong></span> <span class='ocrx_word' id='word_1_540' title='bbox 2774 1550 3037 1607; x_wconf 89' lang='lat' dir='ltr'><strong>ducimus.</strong></span> <span class='ocrx_word' id='word_1_541' title='bbox 3090 1553 3205 1608; x_wconf 86' lang='lat' dir='ltr'><strong>Non</strong></span> <span class='ocrx_word' id='word_1_542' title='bbox 3259 1563 3342 1610; x_wconf 87' lang='lat' dir='ltr'><strong>est</strong></span> 
     </span>
    </p>
   </div>
   <div class='ocr_carea' id='block_1_77' title="bbox 1766 1639 3340 1711">
    <p class='ocr_par' dir='ltr' id='par_1_77' title="bbox 1766 1639 3340 1711">
     <span class='ocr_line' id='line_1_77' title="bbox 1766 1639 3340 1711; baseline 0.004 -17"><span class='ocrx_word' id='word_1_543' title='bbox 1766 1639 1908 1694; x_wconf 89' lang='lat' dir='ltr'><strong>enim</strong></span> <span class='ocrx_word' id='word_1_544' title='bbox 1951 1639 2092 1710; x_wconf 92' lang='lat' dir='ltr'><strong>quod</strong></span> <span class='ocrx_word' id='word_1_545' title='bbox 2143 1639 2383 1704; x_wconf 89' lang='lat' dir='ltr'><strong>dicatur,</strong></span> <span class='ocrx_word' id='word_1_546' title='bbox 2429 1654 2534 1694; x_wconf 89' lang='lat' dir='ltr'><strong>non</strong></span> <span class='ocrx_word' id='word_1_547' title='bbox 2586 1640 2664 1695; x_wconf 87' lang='lat' dir='ltr'><strong>eis</strong></span> <span class='ocrx_word' id='word_1_548' title='bbox 2707 1642 3127 1698; x_wconf 85' lang='lat' dir='ltr'><strong>communicasse</strong></span> <span class='ocrx_word' id='word_1_549' title='bbox 3176 1644 3340 1711; x_wconf 90' lang='lat' dir='ltr'><strong>istos;</strong></span> 
     </span>
    </p>
   </div>
   <div class='ocr_carea' id='block_1_78' title="bbox 1764 1731 3337 1805">
    <p class='ocr_par' dir='ltr' id='par_1_78' title="bbox 1764 1731 3337 1805">
     <span class='ocr_line' id='line_1_78' title="bbox 1764 1731 3337 1805; baseline 0.004 -20"><span class='ocrx_word' id='word_1_550' title='bbox 1764 1731 1975 1802; x_wconf 80' lang='lat' dir='ltr'><strong>quando</strong></span> <span class='ocrx_word' id='word_1_551' title='bbox 2017 1746 2143 1786; x_wconf 91' lang='lat' dir='ltr'><strong>suos</strong></span> <span class='ocrx_word' id='word_1_552' title='bbox 2173 1732 2291 1786; x_wconf 93' lang='lat' dir='ltr'><strong>illos</strong></span> <span class='ocrx_word' id='word_1_553' title='bbox 2316 1737 2536 1795; x_wconf 91' lang='lat' dir='ltr'><strong>vocant;</strong></span> <span class='ocrx_word' id='word_1_554' title='bbox 2582 1731 2720 1800; x_wconf 87' lang='lat' dir='ltr'><strong>quod</strong></span> <span class='ocrx_word' id='word_1_555' title='bbox 2763 1732 3044 1787; x_wconf 88' lang='lat' dir='ltr'><strong>concilium</strong></span> <span class='ocrx_word' id='word_1_556' title='bbox 3074 1733 3337 1805; x_wconf 88' lang='lat' dir='ltr'><strong>loquitur,</strong></span> 
     </span>
    </p>
   </div>
   <div class='ocr_carea' id='block_1_79' title="bbox 1765 1820 3338 1891">
    <p class='ocr_par' dir='ltr' id='par_1_79' title="bbox 1765 1820 3338 1891">
     <span class='ocr_line' id='line_1_79' title="bbox 1765 1820 3338 1891; baseline 0.003 -17"><span class='ocrx_word' id='word_1_557' title='bbox 1765 1820 1905 1891; x_wconf 90' lang='lat' dir='ltr'><strong>quod</strong></span> <span class='ocrx_word' id='word_1_558' title='bbox 1935 1821 2032 1890; x_wconf 89' lang='lat' dir='ltr'><strong>ipsi</strong></span> <span class='ocrx_word' id='word_1_559' title='bbox 2061 1821 2287 1875; x_wconf 80' lang='lat' dir='ltr'><strong>maxime</strong></span> <span class='ocrx_word' id='word_1_560' title='bbox 2314 1821 2588 1889; x_wconf 81' lang='lat' dir='ltr'><strong>proferunt</strong></span> <span class='ocrx_word' id='word_1_561' title='bbox 2617 1822 2665 1873; x_wconf 74' lang='grc' dir='ltr'><strong>ιε</strong></span> <span class='ocrx_word' id='word_1_562' title='bbox 2691 1820 2907 1884; x_wconf 86' lang='lat' dir='ltr'><strong>Quidam</strong></span> <span class='ocrx_word' id='word_1_563' title='bbox 2937 1824 3114 1884; x_wconf 84' lang='lat' dir='ltr'><strong>nostri.</strong></span> <span class='ocrx_word' id='word_1_564' title='bbox 3147 1823 3338 1891; x_wconf 88' lang='lat' dir='ltr'><strong>inquit,</strong></span> 
     </span>
    </p>
   </div>
   <div class='ocr_carea' id='block_1_80' title="bbox 1766 1910 3344 1982">
    <p class='ocr_par' dir='ltr' id='par_1_80' title="bbox 1766 1910 3344 1982">
     <span class='ocr_line' id='line_1_80' title="bbox 1766 1910 3344 1982; baseline 0.003 -19"><span class='ocrx_word' id='word_1_565' title='bbox 1766 1912 2171 1982; x_wconf 65' lang='lat' dir='ltr'><strong>praevaricatores</strong></span> <span class='ocrx_word' id='word_1_566' title='bbox 2197 1911 2439 1978; x_wconf 61' lang='lat' dir='ltr'><strong>ueritatis,</strong></span> <span class='ocrx_word' id='word_1_567' title='bbox 2467 1911 2710 1966; x_wconf 79' lang='lat' dir='ltr'><strong>hwrcticis</strong></span> <span class='ocrx_word' id='word_1_568' title='bbox 2730 1910 3093 1982; x_wconf 75' lang='lat' dir='ltr'><strong>sulfragantur.</strong></span> <span class='ocrx_word' id='word_1_569' title='bbox 3125 1915 3344 1970; x_wconf 81' lang='lat' dir='ltr'><strong>Accedit</strong></span> 
     </span>
    </p>
   </div>
   <div class='ocr_carea' id='block_1_81' title="bbox 1766 1998 3342 2073">
    <p class='ocr_par' dir='ltr' id='par_1_81' title="bbox 1766 1998 3342 2073">
     <span class='ocr_line' id='line_1_81' title="bbox 1766 1998 3342 2073; baseline 0.004 -20"><span class='ocrx_word' id='word_1_570' title='bbox 1766 2007 1821 2053; x_wconf 91' lang='lat' dir='ltr'><strong>et</strong></span> <span class='ocrx_word' id='word_1_571' title='bbox 1858 1999 2212 2054; x_wconf 90' lang='lat' dir='ltr'><strong>testimonium</strong></span> <span class='ocrx_word' id='word_1_572' title='bbox 2257 1998 2538 2070; x_wconf 81' lang='lat' dir='ltr'><strong>Cypriani,</strong></span> <span class='ocrx_word' id='word_1_573' title='bbox 2582 2000 2710 2054; x_wconf 90' lang='lat' dir='ltr'><strong>satis</strong></span> <span class='ocrx_word' id='word_1_574' title='bbox 2747 2000 3156 2059; x_wconf 85' lang='lat' dir='ltr'><strong>demonstrantis</strong></span> <span class='ocrx_word' id='word_1_575' title='bbox 3200 2005 3342 2073; x_wconf 87' lang='lat' dir='ltr'><strong>quod</strong></span> 
     </span>
    </p>
   </div>
   <div class='ocr_carea' id='block_1_82' title="bbox 1768 2088 3340 2159">
    <p class='ocr_par' dir='ltr' id='par_1_82' title="bbox 1768 2088 3340 2159">
     <span class='ocr_line' id='line_1_82' title="bbox 1768 2088 3340 2159; baseline 0.004 -17"><span class='ocrx_word' id='word_1_576' title='bbox 1768 2088 1821 2142; x_wconf 87' lang='lat' dir='ltr'><strong>in</strong></span> <span class='ocrx_word' id='word_1_577' title='bbox 1852 2103 2039 2144; x_wconf 88' lang='lat' dir='ltr'><strong>eorum</strong></span> <span class='ocrx_word' id='word_1_578' title='bbox 2063 2089 2433 2143; x_wconf 90' lang='lat' dir='ltr'><strong>communione</strong></span> <span class='ocrx_word' id='word_1_579' title='bbox 2461 2090 2839 2159; x_wconf 80' lang='lat' dir='ltr'><strong>permanserit,</strong></span> <span class='ocrx_word' id='word_1_580' title='bbox 2868 2091 3093 2147; x_wconf 90' lang='lat' dir='ltr'><strong>dicendo</strong></span> <span class='ocrx_word' id='word_1_581' title='bbox 3112 2135 3127 2158; x_wconf 93' lang='lat'><strong>,</strong></span> <span class='ocrx_word' id='word_1_582' title='bbox 3158 2092 3340 2148; x_wconf 86' lang='lat' dir='ltr'><strong>Nemi-</strong></span> 
     </span>
    </p>
   </div>
   <div class='ocr_carea' id='block_1_83' title="bbox 1768 2179 3345 2254">
    <p class='ocr_par' dir='ltr' id='par_1_83' title="bbox 1768 2179 3345 2254">
     <span class='ocr_line' id='line_1_83' title="bbox 1768 2179 3345 2254; baseline 0.006 -22"><span class='ocrx_word' id='word_1_583' title='bbox 1768 2196 1881 2233; x_wconf 84' lang='lat' dir='ltr'><strong>nem</strong></span> <span class='ocrx_word' id='word_1_584' title='bbox 1911 2179 2236 2250; x_wconf 85' lang='lat' dir='ltr'><strong>judicantes,</strong></span> <span class='ocrx_word' id='word_1_585' title='bbox 2278 2190 2365 2234; x_wconf 88' lang='lat' dir='ltr'><strong>aut</strong></span> <span class='ocrx_word' id='word_1_586' title='bbox 2408 2198 2439 2234; x_wconf 90' lang='lat' dir='ltr'><strong>a</strong></span> <span class='ocrx_word' id='word_1_587' title='bbox 2466 2183 2586 2252; x_wconf 87' lang='lat' dir='ltr'><strong>jure</strong></span> <span class='ocrx_word' id='word_1_588' title='bbox 2620 2184 2982 2239; x_wconf 85' lang='lat' dir='ltr'><strong>communionis</strong></span> <span class='ocrx_word' id='word_1_589' title='bbox 3009 2185 3256 2254; x_wconf 84' lang='lat' dir='ltr'><strong>aliquem,</strong></span> <span class='ocrx_word' id='word_1_590' title='bbox 3299 2189 3345 2242; x_wconf 87' lang='lat' dir='ltr'><strong>si</strong></span> 
     </span>
    </p>
   </div>
   <div class='ocr_carea' id='block_1_84' title="bbox 1769 2268 3347 2346">
    <p class='ocr_par' dir='ltr' id='par_1_84' title="bbox 1769 2268 3347 2346">
     <span class='ocr_line' id='line_1_84' title="bbox 1769 2268 3347 2346; baseline 0.006 -25"><span class='ocrx_word' id='word_1_591' title='bbox 1769 2268 2016 2324; x_wconf 85' lang='lat' dir='ltr'><strong>diversum</strong></span> <span class='ocrx_word' id='word_1_592' title='bbox 2045 2271 2252 2324; x_wconf 86' lang='lat' dir='ltr'><strong>senserit</strong></span> <span class='ocrx_word' id='word_1_593' title='bbox 2276 2312 2291 2333; x_wconf 92' lang='lat'><strong>,</strong></span> <span class='ocrx_word' id='word_1_594' title='bbox 2320 2282 2618 2324; x_wconf 87' lang='lat' dir='ltr'><strong>amoventes.</strong></span> <span class='ocrx_word' id='word_1_595' title='bbox 2651 2270 2755 2340; x_wconf 82' lang='lat' dir='ltr'><strong>Ipsi</strong></span> <span class='ocrx_word' id='word_1_596' title='bbox 2784 2274 2924 2327; x_wconf 92' lang='lat' dir='ltr'><strong>enim</strong></span> <span class='ocrx_word' id='word_1_597' title='bbox 2967 2283 3120 2329; x_wconf 88' lang='lat' dir='ltr'><strong>erant</strong></span> <span class='ocrx_word' id='word_1_598' title='bbox 3152 2278 3239 2346; x_wconf 91' lang='lat' dir='ltr'><strong>qui</strong></span> <span class='ocrx_word' id='word_1_599' title='bbox 3265 2277 3347 2331; x_wconf 86' lang='lat' dir='ltr'><strong>di-</strong></span> 
     </span>
    </p>
   </div>
   <div class='ocr_carea' id='block_1_85' title="bbox 1768 2353 3345 2433">
    <p class='ocr_par' dir='ltr' id='par_1_85' title="bbox 1768 2353 3345 2433">
     <span class='ocr_line' id='line_1_85' title="bbox 1768 2353 3345 2433; baseline 0.008 -23"><span class='ocrx_word' id='word_1_600' title='bbox 1768 2353 1982 2414; x_wconf 73' lang='lat' dir='ltr'><strong>versum</strong></span> <span class='ocrx_word' id='word_1_601' title='bbox 2021 2360 2351 2425; x_wconf 88' lang='lat' dir='ltr'><strong>sentiebant,</strong></span> <span class='ocrx_word' id='word_1_602' title='bbox 2386 2375 2521 2430; x_wconf 92' lang='lat' dir='ltr'><strong>quos</strong></span> <span class='ocrx_word' id='word_1_603' title='bbox 2562 2363 2662 2417; x_wconf 89' lang='lat' dir='ltr'><strong>iste</strong></span> <span class='ocrx_word' id='word_1_604' title='bbox 2704 2364 3136 2432; x_wconf 82' lang='lat' dir='ltr'><strong>praevaricatores</strong></span> <span class='ocrx_word' id='word_1_605' title='bbox 3160 2377 3345 2433; x_wconf 90' lang='lat' dir='ltr'><strong>vocat,</strong></span> 
     </span>
    </p>
   </div>
   <div class='ocr_carea' id='block_1_86' title="bbox 1770 2448 3348 2526">
    <p class='ocr_par' dir='ltr' id='par_1_86' title="bbox 1770 2448 3348 2526">
     <span class='ocr_line' id='line_1_86' title="bbox 1770 2448 3348 2526; baseline 0.006 -23"><span class='ocrx_word' id='word_1_606' title='bbox 1770 2448 1892 2518; x_wconf 88' lang='lat' dir='ltr'><strong>quia</strong></span> <span class='ocrx_word' id='word_1_607' title='bbox 1921 2448 2123 2504; x_wconf 89' lang='lat' dir='ltr'><strong>scilicet</strong></span> <span class='ocrx_word' id='word_1_608' title='bbox 2153 2448 2413 2505; x_wconf 63' lang='lat' dir='ltr'><strong>haereticis</strong></span> <span class='ocrx_word' id='word_1_609' title='bbox 2441 2450 2863 2520; x_wconf 79' lang='lat' dir='ltr'><strong>snll‘ragabantur</strong></span> <span class='ocrx_word' id='word_1_610' title='bbox 2883 2495 2897 2518; x_wconf 89' lang='lat'><strong>,</strong></span> <span class='ocrx_word' id='word_1_611' title='bbox 2930 2454 3043 2508; x_wconf 87' lang='lat' dir='ltr'><strong>sine</strong></span> <span class='ocrx_word' id='word_1_612' title='bbox 3078 2454 3348 2526; x_wconf 81' lang='lat' dir='ltr'><strong>Baptismo</strong></span> 
     </span>
    </p>
   </div>
   <div class='ocr_carea' id='block_1_87' title="bbox 1771 2538 3348 2612">
    <p class='ocr_par' dir='ltr' id='par_1_87' title="bbox 1771 2538 3348 2612">
     <span class='ocr_line' id='line_1_87' title="bbox 1771 2538 3348 2612; baseline 0.005 -20"><span class='ocrx_word' id='word_1_613' title='bbox 1771 2553 1864 2592; x_wconf 91' lang='lat' dir='ltr'><strong>eos</strong></span> <span class='ocrx_word' id='word_1_614' title='bbox 1894 2538 1946 2591; x_wconf 92' lang='lat' dir='ltr'><strong>in</strong></span> <span class='ocrx_word' id='word_1_615' title='bbox 1976 2538 2263 2593; x_wconf 75' lang='lat' dir='ltr'><strong>Ecclesium</strong></span> <span class='ocrx_word' id='word_1_616' title='bbox 2289 2539 2612 2609; x_wconf 90' lang='lat' dir='ltr'><strong>recipiendo.</strong></span> <span class='ocrx_word' id='word_1_617' title='bbox 2642 2540 2771 2595; x_wconf 85' lang='lat' dir='ltr'><strong>Eam</strong></span> <span class='ocrx_word' id='word_1_618' title='bbox 2799 2557 3008 2612; x_wconf 89' lang='lat' dir='ltr'><strong>quoque</strong></span> <span class='ocrx_word' id='word_1_619' title='bbox 3034 2542 3196 2599; x_wconf 80' lang='lat' dir='ltr'><strong>fuisse</strong></span> <span class='ocrx_word' id='word_1_620' title='bbox 3220 2560 3348 2599; x_wconf 89' lang='lat' dir='ltr'><strong>con-</strong></span> 
     </span>
    </p>
   </div>
   <div class='ocr_carea' id='block_1_88' title="bbox 1771 2627 3349 2705">
    <p class='ocr_par' dir='ltr' id='par_1_88' title="bbox 1771 2627 3349 2705">
     <span class='ocr_line' id='line_1_88' title="bbox 1771 2627 3349 2705; baseline 0.006 -24"><span class='ocrx_word' id='word_1_621' title='bbox 1771 2627 2102 2681; x_wconf 86' lang='lat' dir='ltr'><strong>suetudinem</strong></span> <span class='ocrx_word' id='word_1_622' title='bbox 2144 2637 2202 2681; x_wconf 91' lang='lat' dir='ltr'><strong>ut</strong></span> <span class='ocrx_word' id='word_1_623' title='bbox 2241 2628 2755 2699; x_wconf 70' lang='lat' dir='ltr'><strong>sic’reciperentur,</strong></span> <span class='ocrx_word' id='word_1_624' title='bbox 2805 2640 2862 2687; x_wconf 85' lang='lat' dir='ltr'><strong>et</strong></span> <span class='ocrx_word' id='word_1_625' title='bbox 2901 2633 3013 2702; x_wconf 88' lang='lat' dir='ltr'><strong>ipse</strong></span> <span class='ocrx_word' id='word_1_626' title='bbox 3056 2633 3349 2705; x_wconf 81' lang='lat' dir='ltr'><strong>Cyprianus</strong></span> 
     </span>
    </p>
   </div>
   <div class='ocr_carea' id='block_1_89' title="bbox 1776 2717 3352 2789">
    <p class='ocr_par' dir='ltr' id='par_1_89' title="bbox 1776 2717 3352 2789">
     <span class='ocr_line' id='line_1_89' title="bbox 1776 2717 3352 2789; baseline 0.006 -18"><span class='ocrx_word' id='word_1_627' title='bbox 1776 2717 1952 2771; x_wconf 90' lang='lat' dir='ltr'><strong>multis</strong></span> <span class='ocrx_word' id='word_1_628' title='bbox 1978 2718 2127 2779; x_wconf 80' lang='lat' dir='ltr'><strong>locis.</strong></span> <span class='ocrx_word' id='word_1_629' title='bbox 2153 2726 2207 2772; x_wconf 90' lang='lat' dir='ltr'><strong>et</strong></span> <span class='ocrx_word' id='word_1_630' title='bbox 2233 2718 2433 2788; x_wconf 91' lang='lat' dir='ltr'><strong>aliquot</strong></span> <span class='ocrx_word' id='word_1_631' title='bbox 2457 2720 2690 2789; x_wconf 78' lang='lat' dir='ltr'><strong>episcOpi</strong></span> <span class='ocrx_word' id='word_1_632' title='bbox 2721 2721 2773 2774; x_wconf 93' lang='lat' dir='ltr'><strong>in</strong></span> <span class='ocrx_word' id='word_1_633' title='bbox 2803 2720 2905 2777; x_wconf 82' lang='lat' dir='ltr'><strong>lioc</strong></span> <span class='ocrx_word' id='word_1_634' title='bbox 2928 2724 3158 2778; x_wconf 86' lang='lat' dir='ltr'><strong>concilio</strong></span> <span class='ocrx_word' id='word_1_635' title='bbox 3182 2724 3352 2780; x_wconf 87' lang='lat' dir='ltr'><strong>niani-</strong></span> 
     </span>
    </p>
   </div>
   <div class='ocr_carea' id='block_1_90' title="bbox 1768 2806 3350 2888">
    <p class='ocr_par' dir='ltr' id='par_1_90' title="bbox 1768 2806 3350 2888">
     <span class='ocr_line' id='line_1_90' title="bbox 1768 2806 3350 2888; baseline 0.007 -27"><span class='ocrx_word' id='word_1_636' title='bbox 1768 2806 1987 2861; x_wconf 49' lang='lat' dir='ltr'><strong>‘l‘estant.</strong></span> <span class='ocrx_word' id='word_1_637' title='bbox 2024 2807 2173 2863; x_wconf 84' lang='lat' dir='ltr'><strong>Unde</strong></span> <span class='ocrx_word' id='word_1_638' title='bbox 2202 2818 2456 2879; x_wconf 85' lang='lat' dir='ltr'><strong>apparet,</strong></span> <span class='ocrx_word' id='word_1_639' title='bbox 2485 2810 2529 2864; x_wconf 90' lang='lat' dir='ltr'><strong>si</strong></span> <span class='ocrx_word' id='word_1_640' title='bbox 2557 2809 2788 2866; x_wconf 74' lang='lat' dir='ltr'><strong>limrctici</strong></span> <span class='ocrx_word' id='word_1_641' title='bbox 2818 2828 2921 2868; x_wconf 91' lang='lat' dir='ltr'><strong>non</strong></span> <span class='ocrx_word' id='word_1_642' title='bbox 2949 2814 3144 2870; x_wconf 84' lang='lat' dir='ltr'><strong>habent</strong></span> <span class='ocrx_word' id='word_1_643' title='bbox 3168 2817 3350 2888; x_wconf 88' lang='lat' dir='ltr'><strong>Bapti-</strong></span> 
     </span>
    </p>
   </div>
   <div class='ocr_carea' id='block_1_91' title="bbox 1777 2901 3353 2978">
    <p class='ocr_par' dir='ltr' id='par_1_91' title="bbox 1777 2901 3353 2978">
     <span class='ocr_line' id='line_1_91' title="bbox 1777 2901 3353 2978; baseline 0.006 -25"><span class='ocrx_word' id='word_1_644' title='bbox 1777 2914 1950 2954; x_wconf 88' lang='lat' dir='ltr'><strong>smum</strong></span> <span class='ocrx_word' id='word_1_645' title='bbox 1970 2943 1985 2967; x_wconf 95' lang='lat'><strong>,</strong></span> <span class='ocrx_word' id='word_1_646' title='bbox 2025 2901 2313 2956; x_wconf 85' lang='lat' dir='ltr'><strong>Ecclesiam</strong></span> <span class='ocrx_word' id='word_1_647' title='bbox 2340 2901 2534 2957; x_wconf 85' lang='lat' dir='ltr'><strong>Christi</strong></span> <span class='ocrx_word' id='word_1_648' title='bbox 2566 2910 2860 2973; x_wconf 90' lang='lat' dir='ltr'><strong>temporum</strong></span> <span class='ocrx_word' id='word_1_649' title='bbox 2905 2906 3112 2961; x_wconf 91' lang='lat' dir='ltr'><strong>illorum</strong></span> <span class='ocrx_word' id='word_1_650' title='bbox 3148 2924 3353 2978; x_wconf 65' lang='lat' dir='ltr'><strong>praeva—</strong></span> 
     </span>
    </p>
   </div>
   <div class='ocr_carea' id='block_1_92' title="bbox 1778 2991 3356 3069">
    <p class='ocr_par' dir='ltr' id='par_1_92' title="bbox 1778 2991 3356 3069">
     <span class='ocr_line' id='line_1_92' title="bbox 1778 2991 3356 3069; baseline 0.006 -24"><span class='ocrx_word' id='word_1_651' title='bbox 1778 2991 2096 3046; x_wconf 88' lang='lat' dir='ltr'><strong>ricatoribus</strong></span> <span class='ocrx_word' id='word_1_652' title='bbox 2140 2993 2301 3047; x_wconf 82' lang='lat' dir='ltr'><strong>fuisse</strong></span> <span class='ocrx_word' id='word_1_653' title='bbox 2342 2994 2586 3064; x_wconf 90' lang='lat' dir='ltr'><strong>plenam,</strong></span> <span class='ocrx_word' id='word_1_654' title='bbox 2632 2995 2723 3064; x_wconf 89' lang='lat' dir='ltr'><strong>qui</strong></span> <span class='ocrx_word' id='word_1_655' title='bbox 2771 2996 2849 3050; x_wconf 90' lang='lat' dir='ltr'><strong>eis</strong></span> <span class='ocrx_word' id='word_1_656' title='bbox 2891 2996 3238 3069; x_wconf 79' lang='lat' dir='ltr'><strong>sull&#39;ragantcs</strong></span> <span class='ocrx_word' id='word_1_657' title='bbox 3278 3000 3356 3054; x_wconf 91' lang='lat' dir='ltr'><strong>sic</strong></span> 
     </span>
    </p>
   </div>
   <div class='ocr_carea' id='block_1_93' title="bbox 1779 3083 3358 3155">
    <p class='ocr_par' dir='ltr' id='par_1_93' title="bbox 1779 3083 3358 3155">
     <span class='ocr_line' id='line_1_93' title="bbox 1779 3083 3358 3155; baseline 0.005 -19"><span class='ocrx_word' id='word_1_658' title='bbox 1779 3096 1874 3136; x_wconf 88' lang='lat' dir='ltr'><strong>eos</strong></span> <span class='ocrx_word' id='word_1_659' title='bbox 1896 3083 2237 3152; x_wconf 87' lang='lat' dir='ltr'><strong>recipiebant.</strong></span> <span class='ocrx_word' id='word_1_660' title='bbox 2256 3085 2455 3154; x_wconf 77' lang='lat' dir='ltr'><strong>Agatur</strong></span> <span class='ocrx_word' id='word_1_661' title='bbox 2470 3100 2597 3155; x_wconf 82' lang='lat' dir='ltr'><strong>ergo</strong></span> <span class='ocrx_word' id='word_1_662' title='bbox 2616 3101 2772 3141; x_wconf 89' lang='lat' dir='ltr'><strong>causa</strong></span> <span class='ocrx_word' id='word_1_663' title='bbox 2794 3088 3090 3143; x_wconf 90' lang='lat' dir='ltr'><strong>communis</strong></span> <span class='ocrx_word' id='word_1_664' title='bbox 3105 3090 3358 3145; x_wconf 75' lang='lat' dir='ltr'><strong>adversus</strong></span> 
     </span>
    </p>
   </div>
   <div class='ocr_carea' id='block_1_94' title="bbox 1781 3172 3360 3249">
    <p class='ocr_par' dir='ltr' id='par_1_94' title="bbox 1781 3172 3360 3249">
     <span class='ocr_line' id='line_1_94' title="bbox 1781 3172 3360 3249; baseline 0.007 -24"><span class='ocrx_word' id='word_1_665' title='bbox 1781 3172 1981 3226; x_wconf 91' lang='lat' dir='ltr'><strong>crimen</strong></span> <span class='ocrx_word' id='word_1_666' title='bbox 2007 3174 2453 3242; x_wconf 63' lang='lat' dir='ltr'><strong>praevaricationis</strong></span> <span class='ocrx_word' id='word_1_667' title='bbox 2489 3177 2629 3246; x_wconf 87' lang='lat' dir='ltr'><strong>quod</strong></span> <span class='ocrx_word' id='word_1_668' title='bbox 2656 3193 2850 3248; x_wconf 83' lang='lat' dir='ltr'><strong>negare</strong></span> <span class='ocrx_word' id='word_1_669' title='bbox 2889 3194 2992 3233; x_wconf 90' lang='lat' dir='ltr'><strong>non</strong></span> <span class='ocrx_word' id='word_1_670' title='bbox 3019 3191 3271 3249; x_wconf 90' lang='lat' dir='ltr'><strong>possunt,</strong></span> <span class='ocrx_word' id='word_1_671' title='bbox 3305 3191 3360 3236; x_wconf 89' lang='lat' dir='ltr'><strong>et</strong></span> 
     </span>
    </p>
   </div>
   <div class='ocr_carea' id='block_1_95' title="bbox 1778 3260 3359 3342">
    <p class='ocr_par' dir='ltr' id='par_1_95' title="bbox 1778 3260 3359 3342">
     <span class='ocr_line' id='line_1_95' title="bbox 1778 3260 3359 3342; baseline 0.007 -27"><span class='ocrx_word' id='word_1_672' title='bbox 1778 3260 1854 3315; x_wconf 86' lang='lat' dir='ltr'><strong>ibi</strong></span> <span class='ocrx_word' id='word_1_673' title='bbox 1885 3271 2071 3331; x_wconf 85' lang='lat' dir='ltr'><strong>agetur</strong></span> <span class='ocrx_word' id='word_1_674' title='bbox 2104 3273 2280 3318; x_wconf 88' lang='lat' dir='ltr'><strong>nostra</strong></span> <span class='ocrx_word' id='word_1_675' title='bbox 2323 3265 2580 3321; x_wconf 87' lang='lat' dir='ltr'><strong>adversus</strong></span> <span class='ocrx_word' id='word_1_676' title='bbox 2625 3270 2827 3323; x_wconf 87' lang='lat' dir='ltr'><strong>crimen</strong></span> <span class='ocrx_word' id='word_1_677' title='bbox 2878 3269 3173 3325; x_wconf 84' lang='lat' dir='ltr'><strong>traditionis</strong></span> <span class='ocrx_word' id='word_1_678' title='bbox 3218 3273 3359 3342; x_wconf 89' lang='lat' dir='ltr'><strong>quod</strong></span> 
     </span>
    </p>
   </div>
   <div class='ocr_carea' id='block_1_96' title="bbox 1785 3355 3363 3432">
    <p class='ocr_par' dir='ltr' id='par_1_96' title="bbox 1785 3355 3363 3432">
     <span class='ocr_line' id='line_1_96' title="bbox 1785 3355 3363 3432; baseline 0.007 -26"><span class='ocrx_word' id='word_1_679' title='bbox 1785 3355 2106 3409; x_wconf 86' lang='lat' dir='ltr'><strong>convincere</strong></span> <span class='ocrx_word' id='word_1_680' title='bbox 2142 3372 2245 3409; x_wconf 85' lang='lat' dir='ltr'><strong>non</strong></span> <span class='ocrx_word' id='word_1_681' title='bbox 2284 3360 2627 3425; x_wconf 78' lang='lat' dir='ltr'><strong>potuerunt’.</strong></span> <span class='ocrx_word' id='word_1_682' title='bbox 2656 3358 2761 3414; x_wconf 89' lang='lat' dir='ltr'><strong>Sed</strong></span> <span class='ocrx_word' id='word_1_683' title='bbox 2807 3361 2885 3415; x_wconf 88' lang='lat' dir='ltr'><strong>sic</strong></span> <span class='ocrx_word' id='word_1_684' title='bbox 2935 3376 3188 3431; x_wconf 80' lang='lat' dir='ltr'><strong>agamus,</strong></span> <span class='ocrx_word' id='word_1_685' title='bbox 3232 3379 3363 3432; x_wconf 86' lang='lat' dir='ltr'><strong>qua-</strong></span> 
     </span>
    </p>
   </div>
   <div class='ocr_carea' id='block_1_97' title="bbox 1786 3441 3363 3518">
    <p class='ocr_par' dir='ltr' id='par_1_97' title="bbox 1786 3441 3363 3518">
     <span class='ocr_line' id='line_1_97' title="bbox 1786 3441 3363 3518; baseline 0.008 -24"><span class='ocrx_word' id='word_1_686' title='bbox 1786 3441 1830 3494; x_wconf 90' lang='lat' dir='ltr'><strong>si</strong></span> <span class='ocrx_word' id='word_1_687' title='bbox 1897 3443 2436 3515; x_wconf 78' lang='lat' dir='ltr'><strong>convicerintzqnod</strong></span> <span class='ocrx_word' id='word_1_688' title='bbox 2506 3448 2715 3517; x_wconf 85' lang='lat' dir='ltr'><strong>utrique</strong></span> <span class='ocrx_word' id='word_1_689' title='bbox 2785 3450 3220 3518; x_wconf 84' lang='lat' dir='ltr'><strong>responderimus</strong></span> <span class='ocrx_word' id='word_1_690' title='bbox 3282 3456 3363 3507; x_wconf 86' lang='lat' dir='ltr'><strong>cis</strong></span> 
     </span>
    </p>
   </div>
   <div class='ocr_carea' id='block_1_98' title="bbox 1786 3532 3360 3611">
    <p class='ocr_par' dir='ltr' id='par_1_98' title="bbox 1786 3532 3360 3611">
     <span class='ocr_line' id='line_1_98' title="bbox 1786 3532 3360 3611; baseline 0.011 -29"><span class='ocrx_word' id='word_1_691' title='bbox 1786 3532 1875 3602; x_wconf 82' lang='lat' dir='ltr'><strong>qui</strong></span> <span class='ocrx_word' id='word_1_692' title='bbox 1923 3533 2074 3587; x_wconf 91' lang='lat' dir='ltr'><strong>nobis</strong></span> <span class='ocrx_word' id='word_1_693' title='bbox 2113 3533 2367 3603; x_wconf 89' lang='lat' dir='ltr'><strong>objiciunt</strong></span> <span class='ocrx_word' id='word_1_694' title='bbox 2404 3536 2660 3606; x_wconf 89' lang='lat' dir='ltr'><strong>majorum</strong></span> <span class='ocrx_word' id='word_1_695' title='bbox 2707 3548 3010 3594; x_wconf 89' lang='lat' dir='ltr'><strong>nostrorum</strong></span> <span class='ocrx_word' id='word_1_696' title='bbox 3045 3544 3360 3611; x_wconf 73' lang='lat' dir='ltr'><strong>prtuvarica-</strong></span> 
     </span>
    </p>
   </div>
   <div class='ocr_carea' id='block_1_99' title="bbox 1791 3622 3363 3703">
    <p class='ocr_par' dir='ltr' id='par_1_99' title="bbox 1791 3622 3363 3703">
     <span class='ocr_line' id='line_1_99' title="bbox 1791 3622 3363 3703; baseline 0.009 -28"><span class='ocrx_word' id='word_1_697' title='bbox 1791 3622 1984 3675; x_wconf 92' lang='lat' dir='ltr'><strong>tionem</strong></span> <span class='ocrx_word' id='word_1_698' title='bbox 2007 3664 2023 3688; x_wconf 94' lang='lat'><strong>,</strong></span> <span class='ocrx_word' id='word_1_699' title='bbox 2057 3622 2156 3678; x_wconf 88' lang='lat' dir='ltr'><strong>hoc</strong></span> <span class='ocrx_word' id='word_1_700' title='bbox 2198 3639 2295 3678; x_wconf 90' lang='lat' dir='ltr'><strong>nos</strong></span> <span class='ocrx_word' id='word_1_701' title='bbox 2325 3626 2438 3680; x_wconf 88' lang='lat' dir='ltr'><strong>istis</strong></span> <span class='ocrx_word' id='word_1_702' title='bbox 2466 3628 2902 3697; x_wconf 71' lang='lat' dir='ltr'><strong>respondebimus</strong></span> <span class='ocrx_word' id='word_1_703' title='bbox 2926 3632 3016 3701; x_wconf 91' lang='lat' dir='ltr'><strong>qui</strong></span> <span class='ocrx_word' id='word_1_704' title='bbox 3048 3633 3197 3688; x_wconf 87' lang='lat' dir='ltr'><strong>nobis</strong></span> <span class='ocrx_word' id='word_1_705' title='bbox 3224 3635 3363 3703; x_wconf 84' lang='lat' dir='ltr'><strong>obji-</strong></span> 
     </span>
    </p>
   </div>
   <div class='ocr_carea' id='block_1_100' title="bbox 1790 3713 3364 3783">
    <p class='ocr_par' dir='ltr' id='par_1_100' title="bbox 1790 3713 3364 3783">
     <span class='ocr_line' id='line_1_100' title="bbox 1790 3713 3364 3783; baseline 0.008 -16"><span class='ocrx_word' id='word_1_706' title='bbox 1790 3713 1937 3768; x_wconf 90' lang='lat' dir='ltr'><strong>ciunt</strong></span> <span class='ocrx_word' id='word_1_707' title='bbox 1983 3714 2241 3783; x_wconf 89' lang='lat' dir='ltr'><strong>majorum</strong></span> <span class='ocrx_word' id='word_1_708' title='bbox 2285 3725 2587 3771; x_wconf 32' lang='lat' dir='ltr'><strong>nostrorum</strong></span> <span class='ocrx_word' id='word_1_709' title='bbox 2636 3719 2993 3776; x_wconf 88' lang='lat' dir='ltr'><strong>traditionem.</strong></span> <span class='ocrx_word' id='word_1_710' title='bbox 3040 3722 3190 3778; x_wconf 90' lang='lat' dir='ltr'><strong>Sicut</strong></span> <span class='ocrx_word' id='word_1_711' title='bbox 3220 3727 3364 3780; x_wconf 89' lang='lat' dir='ltr'><strong>enim</strong></span> 
     </span>
    </p>
   </div>
   <div class='ocr_carea' id='block_1_101' title="bbox 1786 3790 3365 3877">
    <p class='ocr_par' dir='ltr' id='par_1_101' title="bbox 1786 3790 3365 3877">
     <span class='ocr_line' id='line_1_101' title="bbox 1786 3790 3365 3877; baseline 0.009 -21"><span class='ocrx_word' id='word_1_712' title='bbox 1786 3818 1887 3873; x_wconf 88' lang='lat' dir='ltr'><strong>per</strong></span> <span class='ocrx_word' id='word_1_713' title='bbox 1926 3803 2184 3873; x_wconf 86' lang='lat' dir='ltr'><strong>majorum</strong></span> <span class='ocrx_word' id='word_1_714' title='bbox 2230 3816 2529 3862; x_wconf 89' lang='lat' dir='ltr'><strong>nostrorum</strong></span> <span class='ocrx_word' id='word_1_715' title='bbox 2584 3808 2955 3877; x_wconf 85' lang='lat' dir='ltr'><strong>traditionem,</strong></span> <span class='ocrx_word' id='word_1_716' title='bbox 3005 3812 3147 3868; x_wconf 88' lang='lat' dir='ltr'><strong>unde</strong></span> <span class='ocrx_word' id='word_1_717' title='bbox 3179 3790 3365 3870; x_wconf 82' lang='lat' dir='ltr'><strong>scisti</strong></span> 
     </span>
    </p>
   </div>
   <div class='ocr_carea' id='block_1_102' title="bbox 1791 3896 3369 3977">
    <p class='ocr_par' dir='ltr' id='par_1_102' title="bbox 1791 3896 3369 3977">
     <span class='ocr_line' id='line_1_102' title="bbox 1791 3896 3369 3977; baseline 0.008 -28"><span class='ocrx_word' id='word_1_718' title='bbox 1791 3896 2107 3963; x_wconf 88' lang='lat' dir='ltr'><strong>diviserunt,</strong></span> <span class='ocrx_word' id='word_1_719' title='bbox 2131 3912 2227 3952; x_wconf 90' lang='lat' dir='ltr'><strong>nos</strong></span> <span class='ocrx_word' id='word_1_720' title='bbox 2257 3900 2448 3953; x_wconf 89' lang='lat' dir='ltr'><strong>mortui</strong></span> <span class='ocrx_word' id='word_1_721' title='bbox 2477 3915 2659 3955; x_wconf 89' lang='lat' dir='ltr'><strong>sumus</strong></span> <span class='ocrx_word' id='word_1_722' title='bbox 2687 3919 2699 3953; x_wconf 93' lang='lat'><strong>:</strong></span> <span class='ocrx_word' id='word_1_723' title='bbox 2729 3902 2796 3956; x_wconf 90' lang='lat' dir='ltr'><strong>ita</strong></span> <span class='ocrx_word' id='word_1_724' title='bbox 2824 3918 2921 3973; x_wconf 86' lang='lat' dir='ltr'><strong>per</strong></span> <span class='ocrx_word' id='word_1_725' title='bbox 2946 3904 3203 3973; x_wconf 87' lang='lat' dir='ltr'><strong>majorum</strong></span> <span class='ocrx_word' id='word_1_726' title='bbox 3232 3922 3369 3977; x_wconf 79' lang='lat' dir='ltr'><strong>prac-</strong></span> 
     </span>
    </p>
   </div>
   <div class='ocr_carea' id='block_1_103' title="bbox 1797 3985 3370 4062">
    <p class='ocr_par' dir='ltr' id='par_1_103' title="bbox 1797 3985 3370 4062">
     <span class='ocr_line' id='line_1_103' title="bbox 1797 3985 3370 4062; baseline 0.01 -26"><span class='ocrx_word' id='word_1_727' title='bbox 1797 3985 2175 4040; x_wconf 85' lang='lat' dir='ltr'><strong>varicationem</strong></span> <span class='ocrx_word' id='word_1_728' title='bbox 2196 4030 2209 4051; x_wconf 88' lang='lat'><strong>,</strong></span> <span class='ocrx_word' id='word_1_729' title='bbox 2242 3988 2328 4056; x_wconf 91' lang='lat' dir='ltr'><strong>qui</strong></span> <span class='ocrx_word' id='word_1_730' title='bbox 2357 3998 2410 4043; x_wconf 91' lang='lat' dir='ltr'><strong>ct</strong></span> <span class='ocrx_word' id='word_1_731' title='bbox 2438 3991 2607 4044; x_wconf 83' lang='lat' dir='ltr'><strong>nostri</strong></span> <span class='ocrx_word' id='word_1_732' title='bbox 2634 3999 2686 4045; x_wconf 90' lang='lat' dir='ltr'><strong>et</strong></span> <span class='ocrx_word' id='word_1_733' title='bbox 2715 3990 2949 4060; x_wconf 89' lang='lat' dir='ltr'><strong>ipsorum</strong></span> <span class='ocrx_word' id='word_1_734' title='bbox 2990 4004 3234 4062; x_wconf 90' lang='lat' dir='ltr'><strong>parentes</strong></span> <span class='ocrx_word' id='word_1_735' title='bbox 3258 3997 3370 4052; x_wconf 84' lang='lat' dir='ltr'><strong>luc-</strong></span> 
     </span>
    </p>
   </div>
   <div class='ocr_carea' id='block_1_104' title="bbox 1795 4079 3366 4152">
    <p class='ocr_par' dir='ltr' id='par_1_104' title="bbox 1795 4079 3366 4152">
     <span class='ocr_line' id='line_1_104' title="bbox 1795 4079 3366 4152; baseline 0.008 -23"><span class='ocrx_word' id='word_1_736' title='bbox 1795 4083 1937 4138; x_wconf 88' lang='lat' dir='ltr'><strong>runt,</strong></span> <span class='ocrx_word' id='word_1_737' title='bbox 1964 4085 2016 4129; x_wconf 90' lang='lat' dir='ltr'><strong>et</strong></span> <span class='ocrx_word' id='word_1_738' title='bbox 2043 4093 2138 4132; x_wconf 84' lang='lat' dir='ltr'><strong>nos</strong></span> <span class='ocrx_word' id='word_1_739' title='bbox 2163 4087 2214 4132; x_wconf 94' lang='lat' dir='ltr'><strong>ct</strong></span> <span class='ocrx_word' id='word_1_740' title='bbox 2242 4079 2337 4148; x_wconf 92' lang='lat' dir='ltr'><strong>ipsi</strong></span> <span class='ocrx_word' id='word_1_741' title='bbox 2370 4080 2562 4133; x_wconf 89' lang='lat' dir='ltr'><strong>mortui</strong></span> <span class='ocrx_word' id='word_1_742' title='bbox 2588 4096 2790 4135; x_wconf 89' lang='lat' dir='ltr'><strong>sumus.</strong></span> <span class='ocrx_word' id='word_1_743' title='bbox 2820 4080 2925 4137; x_wconf 90' lang='lat' dir='ltr'><strong>Sed</strong></span> <span class='ocrx_word' id='word_1_744' title='bbox 2956 4084 3075 4152; x_wconf 88' lang='lat' dir='ltr'><strong>quia</strong></span> <span class='ocrx_word' id='word_1_745' title='bbox 3100 4099 3159 4139; x_wconf 91' lang='lat' dir='ltr'><strong>sc</strong></span> <span class='ocrx_word' id='word_1_746' title='bbox 3189 4085 3366 4143; x_wconf 86' lang='lat' dir='ltr'><strong>vivere</strong></span> 
     </span>
    </p>
   </div>
   <div class='ocr_carea' id='block_1_105' title="bbox 1795 4164 3373 4243">
    <p class='ocr_par' dir='ltr' id='par_1_105' title="bbox 1795 4164 3373 4243">
     <span class='ocr_line' id='line_1_105' title="bbox 1795 4164 3373 4243; baseline 0.009 -26"><span class='ocrx_word' id='word_1_747' title='bbox 1795 4164 2010 4226; x_wconf 73' lang='lat' dir='ltr'><strong>dicunt,</strong></span> <span class='ocrx_word' id='word_1_748' title='bbox 2042 4167 2262 4221; x_wconf 80' lang='lat' dir='ltr'><strong>credunt</strong></span> <span class='ocrx_word' id='word_1_749' title='bbox 2289 4167 2430 4237; x_wconf 90' lang='lat' dir='ltr'><strong>quod</strong></span> <span class='ocrx_word' id='word_1_750' title='bbox 2460 4168 2526 4221; x_wconf 89' lang='lat' dir='ltr'><strong>ad</strong></span> <span class='ocrx_word' id='word_1_751' title='bbox 2556 4185 2649 4224; x_wconf 92' lang='lat' dir='ltr'><strong>eos</strong></span> <span class='ocrx_word' id='word_1_752' title='bbox 2679 4186 2783 4223; x_wconf 92' lang='lat' dir='ltr'><strong>non</strong></span> <span class='ocrx_word' id='word_1_753' title='bbox 2828 4173 3088 4238; x_wconf 88' lang='lat' dir='ltr'><strong>pertineat</strong></span> <span class='ocrx_word' id='word_1_754' title='bbox 3118 4175 3203 4228; x_wconf 81' lang='lat' dir='ltr'><strong>illa</strong></span> <span class='ocrx_word' id='word_1_755' title='bbox 3235 4191 3373 4243; x_wconf 76' lang='lat' dir='ltr'><strong>pra:-</strong></span> 
     </span>
    </p>
   </div>
   <div class='ocr_carea' id='block_1_106' title="bbox 1798 4254 3371 4329">
    <p class='ocr_par' dir='ltr' id='par_1_106' title="bbox 1798 4254 3371 4329">
     <span class='ocr_line' id='line_1_106' title="bbox 1798 4254 3371 4329; baseline 0.008 -24"><span class='ocrx_word' id='word_1_756' title='bbox 1798 4254 2047 4306; x_wconf 89' lang='lat' dir='ltr'><strong>varicatio</strong></span> <span class='ocrx_word' id='word_1_757' title='bbox 2069 4272 2081 4305; x_wconf 90' lang='lat'><strong>:</strong></span> <span class='ocrx_word' id='word_1_758' title='bbox 2100 4269 2225 4324; x_wconf 80' lang='lat' dir='ltr'><strong>ergo</strong></span> <span class='ocrx_word' id='word_1_759' title='bbox 2246 4271 2343 4310; x_wconf 84' lang='lat' dir='ltr'><strong>nec</strong></span> <span class='ocrx_word' id='word_1_760' title='bbox 2362 4255 2428 4310; x_wconf 91' lang='lat' dir='ltr'><strong>ad</strong></span> <span class='ocrx_word' id='word_1_761' title='bbox 2454 4271 2549 4310; x_wconf 91' lang='lat' dir='ltr'><strong>nos</strong></span> <span class='ocrx_word' id='word_1_762' title='bbox 2576 4258 2662 4311; x_wconf 92' lang='lat' dir='ltr'><strong>illa</strong></span> <span class='ocrx_word' id='word_1_763' title='bbox 2690 4258 2919 4312; x_wconf 89' lang='lat' dir='ltr'><strong>traditio.</strong></span> <span class='ocrx_word' id='word_1_764' title='bbox 2952 4260 3016 4314; x_wconf 87' lang='lat' dir='ltr'><strong>Et</strong></span> <span class='ocrx_word' id='word_1_765' title='bbox 3042 4261 3129 4314; x_wconf 92' lang='lat' dir='ltr'><strong>illa</strong></span> <span class='ocrx_word' id='word_1_766' title='bbox 3158 4263 3371 4329; x_wconf 88' lang='lat' dir='ltr'><strong>quidem</strong></span> 
     </span>
    </p>
   </div>
   <div class='ocr_carea' id='block_1_107' title="bbox 1801 4346 3369 4417">
    <p class='ocr_par' dir='ltr' id='par_1_107' title="bbox 1801 4346 3369 4417">
     <span class='ocr_line' id='line_1_107' title="bbox 1801 4346 3369 4417; baseline 0.005 -18"><span class='ocrx_word' id='word_1_767' title='bbox 1801 4346 2164 4415; x_wconf 70' lang='lat' dir='ltr'><strong>prmvaricatio</strong></span> <span class='ocrx_word' id='word_1_768' title='bbox 2209 4346 2501 4402; x_wconf 88' lang='lat' dir='ltr'><strong>secundum</strong></span> <span class='ocrx_word' id='word_1_769' title='bbox 2553 4348 2696 4417; x_wconf 89' lang='lat' dir='ltr'><strong>ipsos</strong></span> <span class='ocrx_word' id='word_1_770' title='bbox 2733 4358 2878 4404; x_wconf 90' lang='lat' dir='ltr'><strong>certa</strong></span> <span class='ocrx_word' id='word_1_771' title='bbox 2928 4359 3012 4403; x_wconf 87' lang='lat' dir='ltr'><strong>est</strong></span> <span class='ocrx_word' id='word_1_772' title='bbox 3039 4368 3052 4404; x_wconf 90' lang='lat'><strong>:</strong></span> <span class='ocrx_word' id='word_1_773' title='bbox 3080 4352 3369 4407; x_wconf 89' lang='lat' dir='ltr'><strong>secundum</strong></span> 
     </span>
    </p>
   </div>
   <div class='ocr_carea' id='block_1_108' title="bbox 1802 4439 3369 4514">
    <p class='ocr_par' dir='ltr' id='par_1_108' title="bbox 1802 4439 3369 4514">
     <span class='ocr_line' id='line_1_108' title="bbox 1802 4439 3369 4514; baseline 0.005 -24"><span class='ocrx_word' id='word_1_774' title='bbox 1802 4451 1900 4491; x_wconf 89' lang='lat' dir='ltr'><strong>nos</strong></span> <span class='ocrx_word' id='word_1_775' title='bbox 1929 4447 2101 4491; x_wconf 89' lang='lat' dir='ltr'><strong>autem</strong></span> <span class='ocrx_word' id='word_1_776' title='bbox 2133 4453 2230 4491; x_wconf 91' lang='lat' dir='ltr'><strong>nec</strong></span> <span class='ocrx_word' id='word_1_777' title='bbox 2259 4439 2494 4493; x_wconf 90' lang='lat' dir='ltr'><strong>anterior</strong></span> <span class='ocrx_word' id='word_1_778' title='bbox 2535 4440 2901 4509; x_wconf 74' lang='lat' dir='ltr'><strong>prmvaricatio</strong></span> <span class='ocrx_word' id='word_1_779' title='bbox 2940 4457 3061 4496; x_wconf 92' lang='lat' dir='ltr'><strong>vera</strong></span> <span class='ocrx_word' id='word_1_780' title='bbox 3092 4452 3207 4508; x_wconf 91' lang='lat' dir='ltr'><strong>est,</strong></span> <span class='ocrx_word' id='word_1_781' title='bbox 3248 4446 3369 4514; x_wconf 90' lang='lat' dir='ltr'><strong>quia</strong></span> 
     </span>
    </p>
   </div>
   <div class='ocr_carea' id='block_1_109' title="bbox 1801 4529 3370 4601">
    <p class='ocr_par' dir='ltr' id='par_1_109' title="bbox 1801 4529 3370 4601">
     <span class='ocr_line' id='line_1_109' title="bbox 1801 4529 3370 4601; baseline 0.004 -19"><span class='ocrx_word' id='word_1_782' title='bbox 1801 4538 1855 4582; x_wconf 90' lang='lat' dir='ltr'><strong>et</strong></span> <span class='ocrx_word' id='word_1_783' title='bbox 1879 4529 2151 4582; x_wconf 83' lang='lat' dir='ltr'><strong>haereticos</strong></span> <span class='ocrx_word' id='word_1_784' title='bbox 2170 4529 2393 4583; x_wconf 76' lang='lat' dir='ltr'><strong>dicimus</strong></span> <span class='ocrx_word' id='word_1_785' title='bbox 2414 4545 2569 4599; x_wconf 89' lang='lat' dir='ltr'><strong>posse</strong></span> <span class='ocrx_word' id='word_1_786' title='bbox 2587 4530 2782 4586; x_wconf 87' lang='lat' dir='ltr'><strong>habere</strong></span> <span class='ocrx_word' id='word_1_787' title='bbox 2800 4531 3123 4601; x_wconf 86' lang='lat' dir='ltr'><strong>Baptismum</strong></span> <span class='ocrx_word' id='word_1_788' title='bbox 3143 4533 3370 4598; x_wconf 82' lang='lat' dir='ltr'><strong>Christi;</strong></span> 
     </span>
    </p>
   </div>
   <div class='ocr_carea' id='block_1_110' title="bbox 1805 4618 3377 4693">
    <p class='ocr_par' dir='ltr' id='par_1_110' title="bbox 1805 4618 3377 4693">
     <span class='ocr_line' id='line_1_110' title="bbox 1805 4618 3377 4693; baseline 0.004 -21"><span class='ocrx_word' id='word_1_789' title='bbox 1805 4633 1902 4672; x_wconf 90' lang='lat' dir='ltr'><strong>nec</strong></span> <span class='ocrx_word' id='word_1_790' title='bbox 1947 4618 2207 4687; x_wconf 87' lang='lat' dir='ltr'><strong>posterior</strong></span> <span class='ocrx_word' id='word_1_791' title='bbox 2250 4618 2500 4683; x_wconf 90' lang='lat' dir='ltr'><strong>traditio,</strong></span> <span class='ocrx_word' id='word_1_792' title='bbox 2546 4621 2664 4689; x_wconf 89' lang='lat' dir='ltr'><strong>quia</strong></span> <span class='ocrx_word' id='word_1_793' title='bbox 2721 4621 2773 4675; x_wconf 90' lang='lat' dir='ltr'><strong>in</strong></span> <span class='ocrx_word' id='word_1_794' title='bbox 2811 4636 2872 4676; x_wconf 89' lang='lat' dir='ltr'><strong>ea</strong></span> <span class='ocrx_word' id='word_1_795' title='bbox 2920 4637 3075 4676; x_wconf 84' lang='lat' dir='ltr'><strong>causa</strong></span> <span class='ocrx_word' id='word_1_796' title='bbox 3121 4631 3245 4677; x_wconf 91' lang='lat' dir='ltr'><strong>sunt</strong></span> <span class='ocrx_word' id='word_1_797' title='bbox 3276 4625 3377 4693; x_wconf 90' lang='lat' dir='ltr'><strong>ipsi</strong></span> 
     </span>
    </p>
   </div>
   <div class='ocr_carea' id='block_1_111' title="bbox 1804 4706 3378 4779">
    <p class='ocr_par' dir='ltr' id='par_1_111' title="bbox 1804 4706 3378 4779">
     <span class='ocr_line' id='line_1_111' title="bbox 1804 4706 3378 4779; baseline 0.004 -18"><span class='ocrx_word' id='word_1_798' title='bbox 1804 4707 2057 4776; x_wconf 88' lang='lat' dir='ltr'><strong>superati.</strong></span> <span class='ocrx_word' id='word_1_799' title='bbox 2095 4706 2208 4761; x_wconf 88' lang='lat' dir='ltr'><strong>Non</strong></span> <span class='ocrx_word' id='word_1_800' title='bbox 2247 4706 2443 4763; x_wconf 87' lang='lat' dir='ltr'><strong>habent</strong></span> <span class='ocrx_word' id='word_1_801' title='bbox 2486 4725 2612 4779; x_wconf 81' lang='lat' dir='ltr'><strong>ergo</strong></span> <span class='ocrx_word' id='word_1_802' title='bbox 2653 4710 2734 4763; x_wconf 89' lang='lat' dir='ltr'><strong>isti</strong></span> <span class='ocrx_word' id='word_1_803' title='bbox 2773 4725 2868 4763; x_wconf 91' lang='lat' dir='ltr'><strong>cur</strong></span> <span class='ocrx_word' id='word_1_804' title='bbox 2910 4724 2940 4763; x_wconf 90' lang='lat' dir='ltr'><strong>a</strong></span> <span class='ocrx_word' id='word_1_805' title='bbox 2986 4710 3138 4764; x_wconf 88' lang='lat' dir='ltr'><strong>nobis</strong></span> <span class='ocrx_word' id='word_1_806' title='bbox 3176 4711 3378 4767; x_wconf 76' lang='lat' dir='ltr'><strong>nefario</strong></span> 
     </span>
    </p>
   </div>
   <div class='ocr_carea' id='block_1_112' title="bbox 1806 4794 3379 4870">
    <p class='ocr_par' dir='ltr' id='par_1_112' title="bbox 1806 4794 3379 4870">
     <span class='ocr_line' id='line_1_112' title="bbox 1806 4794 3379 4870; baseline 0.004 -20"><span class='ocrx_word' id='word_1_807' title='bbox 1806 4795 2009 4850; x_wconf 89' lang='lat' dir='ltr'><strong>scelere</strong></span> <span class='ocrx_word' id='word_1_808' title='bbox 2037 4794 2338 4851; x_wconf 84' lang='lat' dir='ltr'><strong>schismatis</strong></span> <span class='ocrx_word' id='word_1_809' title='bbox 2365 4808 2676 4867; x_wconf 88' lang='lat' dir='ltr'><strong>separentur</strong></span> <span class='ocrx_word' id='word_1_810' title='bbox 2698 4815 2711 4849; x_wconf 89' lang='lat'><strong>:</strong></span> <span class='ocrx_word' id='word_1_811' title='bbox 2736 4798 2854 4867; x_wconf 91' lang='lat' dir='ltr'><strong>quia</strong></span> <span class='ocrx_word' id='word_1_812' title='bbox 2883 4799 3048 4853; x_wconf 83' lang='lat' dir='ltr'><strong>neStri</strong></span> <span class='ocrx_word' id='word_1_813' title='bbox 3078 4800 3306 4870; x_wconf 90' lang='lat' dir='ltr'><strong>majores</strong></span> <span class='ocrx_word' id='word_1_814' title='bbox 3334 4802 3379 4856; x_wconf 88' lang='lat' dir='ltr'><strong>si</strong></span> 
     </span>
    </p>
   </div>
   <div class='ocr_carea' id='block_1_113' title="bbox 1808 4888 3382 4959">
    <p class='ocr_par' dir='ltr' id='par_1_113' title="bbox 1808 4888 3382 4959">
     <span class='ocr_line' id='line_1_113' title="bbox 1808 4888 3382 4959; baseline 0.004 -17"><span class='ocrx_word' id='word_1_815' title='bbox 1808 4888 2089 4943; x_wconf 87' lang='lat' dir='ltr'><strong>traditores</strong></span> <span class='ocrx_word' id='word_1_816' title='bbox 2116 4904 2218 4943; x_wconf 91' lang='lat' dir='ltr'><strong>non</strong></span> <span class='ocrx_word' id='word_1_817' title='bbox 2256 4890 2500 4953; x_wconf 81' lang='lat' dir='ltr'><strong>fuerunt,</strong></span> <span class='ocrx_word' id='word_1_818' title='bbox 2545 4889 2679 4942; x_wconf 89' lang='lat' dir='ltr'><strong>sicut</strong></span> <span class='ocrx_word' id='word_1_819' title='bbox 2715 4903 2813 4942; x_wconf 91' lang='lat' dir='ltr'><strong>nos</strong></span> <span class='ocrx_word' id='word_1_820' title='bbox 2849 4889 3112 4959; x_wconf 91' lang='lat' dir='ltr'><strong>dicimus,</strong></span> <span class='ocrx_word' id='word_1_821' title='bbox 3154 4907 3257 4947; x_wconf 92' lang='lat' dir='ltr'><strong>non</strong></span> <span class='ocrx_word' id='word_1_822' title='bbox 3298 4901 3382 4948; x_wconf 90' lang='lat' dir='ltr'><strong>est</strong></span> 
     </span>
    </p>
   </div>
   <div class='ocr_carea' id='block_1_114' title="bbox 1809 4965 3381 5050">
    <p class='ocr_par' dir='ltr' id='par_1_114' title="bbox 1809 4965 3381 5050">
     <span class='ocr_line' id='line_1_114' title="bbox 1809 4965 3381 5050; baseline 0.002 -16"><span class='ocrx_word' id='word_1_823' title='bbox 1809 4980 1952 5050; x_wconf 88' lang='lat' dir='ltr'><strong>quod</strong></span> <span class='ocrx_word' id='word_1_824' title='bbox 1979 4980 2044 5035; x_wconf 90' lang='lat' dir='ltr'><strong>ad</strong></span> <span class='ocrx_word' id='word_1_825' title='bbox 2076 4995 2172 5034; x_wconf 89' lang='lat' dir='ltr'><strong>nos</strong></span> <span class='ocrx_word' id='word_1_826' title='bbox 2213 4981 2429 5034; x_wconf 88' lang='lat' dir='ltr'><strong>omnino</strong></span> <span class='ocrx_word' id='word_1_827' title='bbox 2466 4980 2758 5048; x_wconf 87' lang='lat' dir='ltr'><strong>pertineat;</strong></span> <span class='ocrx_word' id='word_1_828' title='bbox 2805 4980 2850 5034; x_wconf 92' lang='lat' dir='ltr'><strong>si</strong></span> <span class='ocrx_word' id='word_1_829' title='bbox 2896 4991 3068 5035; x_wconf 91' lang='lat' dir='ltr'><strong>autem</strong></span> <span class='ocrx_word' id='word_1_830' title='bbox 3102 4965 3381 5038; x_wconf 79' lang='lat' dir='ltr'><strong>traditores</strong></span> 
     </span>
    </p>
   </div>
   <div class='ocr_carea' id='block_1_115' title="bbox 1810 5069 3379 5141">
    <p class='ocr_par' dir='ltr' id='par_1_115' title="bbox 1810 5069 3379 5141">
     <span class='ocr_line' id='line_1_115' title="bbox 1810 5069 3379 5141; baseline 0.001 -17"><span class='ocrx_word' id='word_1_831' title='bbox 1810 5070 2057 5137; x_wconf 80' lang='lat' dir='ltr'><strong>fuerunt,</strong></span> <span class='ocrx_word' id='word_1_832' title='bbox 2096 5073 2231 5125; x_wconf 89' lang='lat' dir='ltr'><strong>sicut</strong></span> <span class='ocrx_word' id='word_1_833' title='bbox 2260 5072 2358 5139; x_wconf 87' lang='lat' dir='ltr'><strong>ipsi</strong></span> <span class='ocrx_word' id='word_1_834' title='bbox 2386 5070 2595 5132; x_wconf 91' lang='lat' dir='ltr'><strong>dicunt,</strong></span> <span class='ocrx_word' id='word_1_835' title='bbox 2628 5070 2705 5124; x_wconf 90' lang='lat' dir='ltr'><strong>sic</strong></span> <span class='ocrx_word' id='word_1_836' title='bbox 2742 5069 2807 5124; x_wconf 91' lang='lat' dir='ltr'><strong>ad</strong></span> <span class='ocrx_word' id='word_1_837' title='bbox 2850 5086 2947 5125; x_wconf 89' lang='lat' dir='ltr'><strong>nos</strong></span> <span class='ocrx_word' id='word_1_838' title='bbox 2988 5087 3091 5126; x_wconf 91' lang='lat' dir='ltr'><strong>non</strong></span> <span class='ocrx_word' id='word_1_839' title='bbox 3120 5072 3379 5141; x_wconf 88' lang='lat' dir='ltr'><strong>pertinet,</strong></span> 
     </span>
    </p>
   </div>
   <div class='ocr_carea' id='block_1_116' title="bbox 1811 5158 3382 5231">
    <p class='ocr_par' dir='ltr' id='par_1_116' title="bbox 1811 5158 3382 5231">
     <span class='ocr_line' id='line_1_116' title="bbox 1811 5158 3382 5231; baseline 0.003 -20"><span class='ocrx_word' id='word_1_840' title='bbox 1811 5160 2254 5231; x_wconf 88' lang='lat' dir='ltr'><strong>quemadmodum</strong></span> <span class='ocrx_word' id='word_1_841' title='bbox 2308 5173 2405 5213; x_wconf 92' lang='lat' dir='ltr'><strong>nec</strong></span> <span class='ocrx_word' id='word_1_842' title='bbox 2432 5158 2497 5211; x_wconf 90' lang='lat' dir='ltr'><strong>ad</strong></span> <span class='ocrx_word' id='word_1_843' title='bbox 2544 5173 2641 5211; x_wconf 92' lang='lat' dir='ltr'><strong>nos</strong></span> <span class='ocrx_word' id='word_1_844' title='bbox 2672 5174 2768 5213; x_wconf 88' lang='lat' dir='ltr'><strong>nec</strong></span> <span class='ocrx_word' id='word_1_845' title='bbox 2794 5159 2859 5213; x_wconf 92' lang='lat' dir='ltr'><strong>ad</strong></span> <span class='ocrx_word' id='word_1_846' title='bbox 2896 5160 3039 5229; x_wconf 89' lang='lat' dir='ltr'><strong>ipsus</strong></span> <span class='ocrx_word' id='word_1_847' title='bbox 3068 5161 3142 5215; x_wconf 91' lang='lat' dir='ltr'><strong>illi</strong></span> <span class='ocrx_word' id='word_1_848' title='bbox 3176 5175 3382 5230; x_wconf 67' lang='lat' dir='ltr'><strong>pracva-</strong></span> 
     </span>
    </p>
   </div>
   <div class='ocr_carea' id='block_1_117' title="bbox 1810 5249 3382 5320">
    <p class='ocr_par' dir='ltr' id='par_1_117' title="bbox 1810 5249 3382 5320">
     <span class='ocr_line' id='line_1_117' title="bbox 1810 5249 3382 5320; baseline -0.001 -14"><span class='ocrx_word' id='word_1_849' title='bbox 1810 5252 2086 5306; x_wconf 90' lang='lat' dir='ltr'><strong>ricatores.</strong></span> <span class='ocrx_word' id='word_1_850' title='bbox 2123 5252 2197 5304; x_wconf 79' lang='lat' dir='ltr'><strong>Ac</strong></span> <span class='ocrx_word' id='word_1_851' title='bbox 2226 5265 2318 5318; x_wconf 82' lang='lat' dir='ltr'><strong>per</strong></span> <span class='ocrx_word' id='word_1_852' title='bbox 2358 5249 2458 5303; x_wconf 83' lang='lat' dir='ltr'><strong>ltoc</strong></span> <span class='ocrx_word' id='word_1_853' title='bbox 2498 5249 2744 5315; x_wconf 87' lang='lat' dir='ltr'><strong>quoniam</strong></span> <span class='ocrx_word' id='word_1_854' title='bbox 2775 5265 2837 5304; x_wconf 84' lang='lat' dir='ltr'><strong>ex</strong></span> <span class='ocrx_word' id='word_1_855' title='bbox 2879 5251 3137 5320; x_wconf 89' lang='lat' dir='ltr'><strong>majorum</strong></span> <span class='ocrx_word' id='word_1_856' title='bbox 3167 5263 3382 5305; x_wconf 85' lang='lat' dir='ltr'><strong>nostro-</strong></span> 
     </span>
    </p>
   </div>
   <div class='ocr_carea' id='block_1_118' title="bbox 1811 5338 3385 5409">
    <p class='ocr_par' dir='ltr' id='par_1_118' title="bbox 1811 5338 3385 5409">
     <span class='ocr_line' id='line_1_118' title="bbox 1811 5338 3385 5409; baseline -0.001 -14"><span class='ocrx_word' id='word_1_857' title='bbox 1811 5356 1929 5395; x_wconf 91' lang='lat' dir='ltr'><strong>rum</strong></span> <span class='ocrx_word' id='word_1_858' title='bbox 1959 5341 2230 5409; x_wconf 87' lang='lat' dir='ltr'><strong>iniquitate</strong></span> <span class='ocrx_word' id='word_1_859' title='bbox 2256 5339 2455 5391; x_wconf 87' lang='lat' dir='ltr'><strong>nulltnn</strong></span> <span class='ocrx_word' id='word_1_860' title='bbox 2477 5347 2559 5392; x_wconf 87' lang='lat' dir='ltr'><strong>est</strong></span> <span class='ocrx_word' id='word_1_861' title='bbox 2578 5339 2780 5394; x_wconf 90' lang='lat' dir='ltr'><strong>crimen</strong></span> <span class='ocrx_word' id='word_1_862' title='bbox 2802 5350 3060 5407; x_wconf 90' lang='lat' dir='ltr'><strong>nostrum,</strong></span> <span class='ocrx_word' id='word_1_863' title='bbox 3085 5354 3148 5395; x_wconf 89' lang='lat' dir='ltr'><strong>ex</strong></span> <span class='ocrx_word' id='word_1_864' title='bbox 3170 5338 3385 5409; x_wconf 87' lang='lat' dir='ltr'><strong>proprio</strong></span> 
     </span>
    </p>
   </div>
   <div class='ocr_carea' id='block_1_119' title="bbox 1812 5431 2918 5489">
    <p class='ocr_par' dir='ltr' id='par_1_119' title="bbox 1812 5431 2918 5489">
     <span class='ocr_line' id='line_1_119' title="bbox 1812 5431 2918 5489; baseline -0.002 -1"><span class='ocrx_word' id='word_1_865' title='bbox 1812 5433 2096 5489; x_wconf 81' lang='lat' dir='ltr'><strong>schismate</strong></span> <span class='ocrx_word' id='word_1_866' title='bbox 2119 5440 2321 5484; x_wconf 88' lang='lat' dir='ltr'><strong>certum</strong></span> <span class='ocrx_word' id='word_1_867' title='bbox 2350 5439 2433 5485; x_wconf 89' lang='lat' dir='ltr'><strong>est</strong></span> <span class='ocrx_word' id='word_1_868' title='bbox 2460 5432 2661 5485; x_wconf 89' lang='lat' dir='ltr'><strong>crimen</strong></span> <span class='ocrx_word' id='word_1_869' title='bbox 2690 5431 2918 5486; x_wconf 88' lang='lat' dir='ltr'><strong>illorum.</strong></span> 
     </span>
    </p>
   </div>
   <div class='ocr_carea' id='block_1_120' title="bbox 1880 5581 2678 5645">
    <p class='ocr_par' dir='ltr' id='par_1_120' title="bbox 1880 5581 2678 5645">
     <span class='ocr_line' id='line_1_120' title="bbox 1880 5581 2678 5645; baseline -0.008 -11"><span class='ocrx_word' id='word_1_870' title='bbox 1880 5587 1894 5616; x_wconf 75' lang='grc' dir='ltr'>ί</span> <span class='ocrx_word' id='word_1_871' title='bbox 1929 5587 2000 5634; x_wconf 84' lang='lat' dir='ltr'><strong>Sic</strong></span> <span class='ocrx_word' id='word_1_872' title='bbox 2030 5589 2136 5645; x_wconf 76' lang='lat' dir='ltr'><strong>Mss.</strong></span> <span class='ocrx_word' id='word_1_873' title='bbox 2164 5589 2216 5645; x_wconf 80' lang='grc' dir='ltr'><strong>Αι</strong></span> <span class='ocrx_word' id='word_1_874' title='bbox 2239 5581 2372 5645; x_wconf 80' lang='lat' dir='ltr'><strong>editi,</strong></span> <span class='ocrx_word' id='word_1_875' title='bbox 2399 5581 2678 5645; x_wconf 67' lang='lat' dir='ltr'><strong>pratferunt.</strong></span> 
     </span>
    </p>
   </div>
   <div class='ocr_carea' id='block_1_121' title="bbox 1877 5644 2711 5704">
    <p class='ocr_par' dir='ltr' id='par_1_121' title="bbox 1877 5644 2711 5704">
     <span class='ocr_line' id='line_1_121' title="bbox 1877 5644 2711 5704; baseline -0.005 -12"><span class='ocrx_word' id='word_1_876' title='bbox 1877 5646 1897 5676; x_wconf 77' lang='grc'>¹</span> <span class='ocrx_word' id='word_1_877' title='bbox 1931 5653 2008 5693; x_wconf 64' lang='grc' dir='ltr'><strong>διε.</strong></span> <span class='ocrx_word' id='word_1_878' title='bbox 2032 5644 2347 5703; x_wconf 73' lang='lat' dir='ltr'><strong>Corbcieusis,</strong></span> <span class='ocrx_word' id='word_1_879' title='bbox 2373 5644 2462 5691; x_wconf 79' lang='lat' dir='ltr'><strong>nan</strong></span> <span class='ocrx_word' id='word_1_880' title='bbox 2479 5647 2711 5704; x_wconf 78' lang='lat' dir='ltr'><strong>poterunt.</strong></span> 
     </span>
    </p>
   </div>
  </div>
