3812 6182
409 222 512 278 227

476 326 701 388 CAPUT
728 323 813 381 Ill.
836 352 907 367 -——
927 322 982 377 ι.
1014 318 1192 376 Satius
1225 331 1257 370 a
1299 313 1548 369 Sicilibba
1568 314 1583 344 ¹
1611 311 1778 366 dixit:
1805 309 1865 364 Si
1887 309 1992 362 ha:-

404 422 574 477 reticis
614 419 667 471 in
707 414 972 484 Baptismo
1000 425 1093 465 suo
1131 413 1337 477 peccata
1362 403 1646 467 donantur,
1691 401 1799 455 sine
1841 415 1995 453 causa

405 511 475 565 ad
503 505 783 563 Ecclesium
813 502 1033 557 veniunt.
1066 495 1205 550 Nam
1232 511 1348 549 cum
1387 493 1441 547 in
1471 492 1553 546 die
1577 490 1762 562 judicii
1790 499 1997 561 peccata

408 601 508 655 sint
534 612 646 669 qua:
674 594 969 665 puniuntur,
1006 587 1134 643 nihil
1165 596 1237 640 est
1261 583 1396 655 quod
1422 584 1594 636 timere
1620 580 1812 650 possint
1838 582 1997 633 Intre-

410 692 496 747 tici
520 691 582 745 de
597 686 798 759 judicio
823 681 1041 747 Christi,
1069 680 1114 734 si
1138 687 1253 734 sunt
1290 685 1606 748 peccatorum
1650 673 1993 727 remissionem

406 780 680 838 consecuti.
1910 852 1921 863 θ

483 875 538 930 5.
579 872 646 927 Ει
683 870 798 924 haec
842 872 1054 936 poterat
1097 861 1258 917 etiam
1303 866 1483 913 nostra
1531 870 1651 911 esse
1695 861 1993 909 sententia:

411 964 605 1021 viderit
629 970 806 1016 autem
833 968 1018 1012 auctor
1046 954 1162 1024 ejus
1187 966 1292 1022 quo
1317 951 1496 1005 animo
1520 947 1658 1002 dicta
1685 947 1775 1003 sit.
1807 944 1997 1000 Verbis

412 1065 588 1111 tamen
618 1053 685 1105 ita
719 1048 1017 1105 modiﬁcata
1048 1053 1161 1107 est,
1191 1051 1249 1096 ut
1278 1056 1382 1095 non
1410 1054 1496 1092 me
1524 1039 1699 1109 pigeat
1722 1051 1788 1091 eo
1817 1035 1996 1089 animo

411 1142 717 1201 consentire
760 1149 917 1207 atque
954 1131 1324 1197 subscribere,
1360 1145 1465 1199 quo
1490 1136 1545 1182 et
1570 1142 1668 1197 ego
1694 1125 1868 1181 sentio
1892 1124 1997 1178 Ba-

412 1236 667 1303 ptismum
695 1229 906 1300 quidem
932 1224 1128 1280 Christi
1158 1220 1441 1277 hazrelicos
1472 1233 1626 1289 posse
1651 1216 1871 1283 habere,
1901 1215 1996 1271 sed

413 1324 782 1379 remissionem
831 1327 1169 1389 peccatorum
1224 1328 1329 1366 non
1382 1309 1601 1365 habere.
1654 1308 1768 1362 Non
1817 1316 1994 1362 autem

413 1416 519 1479 ait,
564 1413 619 1468 Si
665 1410 899 1465 lncretici
937 1407 1208 1476 baptizaut
1247 1413 1337 1457 aut
1374 1402 1744 1471 haptizantur:
1775 1398 1903 1464 sed,
1935 1397 1997 1452 Si

413 1503 679 1569 htereticis,
718 1500 924 1570 inquit,
964 1499 1017 1550 in
1044 1496 1305 1565 Baptismo
1332 1509 1425 1547 suo
1463 1502 1669 1564 peccata
1709 1491 1993 1557 donantur,

412 1598 521 1652 sine
553 1610 705 1649 causa
728 1592 795 1646 ad
820 1589 1096 1645 Ecclesium
1121 1588 1345 1642 veniunt.
1376 1585 1507 1639 Nam
1534 1584 1579 1639 si
1610 1600 1706 1655 pro
1733 1583 1997 1638 haereticis

418 1699 676 1757 ponamus
706 1684 827 1739 illos
864 1696 1001 1753 quos
1031 1681 1083 1735 in
1122 1678 1359 1734 Ecclesia
1400 1685 1621 1731 noverat
1658 1675 1954 1747 Cyprianus
1978 1714 1993 1737 ,

414 1778 612 1833 saeculo
639 1775 816 1831 verbis
841 1774 1005 1838 solis,
1036 1781 1090 1827 et
1128 1785 1233 1825 non
1266 1769 1415 1824 lactis
1438 1768 1837 1827 renuntiantes;
1869 1765 1987 1820 toti-

413 1869 537 1924 dem
579 1866 754 1922 verbis
800 1877 1082 1934 possumus
1127 1860 1268 1915 hanc
1311 1860 1630 1914 sententiam
1681 1858 1841 1912 etiam
1898 1869 1995 1911 nos

412 1959 691 2015 verissime
717 1955 896 2011 dicere
921 1973 932 2007 :
955 1954 1010 2008 Si
1052 1951 1307 2006 fallaciter
1333 1949 1609 2005 conversis
1637 1947 1690 2002 in
1721 1946 1994 2015 Baptismo

415 2067 513 2107 suo
540 2056 753 2120 peccata
779 2046 1080 2109 donantur,
1123 2044 1238 2096 sine
1274 2055 1435 2094 causa
1465 2040 1530 2092 ad
1560 2053 1739 2092 veram
1768 2050 1994 2091 conver-

411 2144 617 2197 sionem
664 2147 846 2210 postea
892 2134 1273 2206 perducuntur.
1301 2130 1433 2187 Nam
1460 2145 1583 2185 cum
1613 2129 1665 2182 in
1695 2128 1782 2182 die
1805 2127 1991 2197 jndieii

411 2240 627 2303 peccata
671 2230 778 2284 sint
820 2242 938 2298 quae
989 2225 1299 2296 puniuntur,
1347 2221 1479 2276 nihil
1518 2230 1600 2274 est
1638 2218 1777 2288 quod
1806 2220 1996 2273 timere

413 2322 656 2393 possint,
699 2319 787 2389 qui
818 2316 1013 2371 saeculo
1040 2314 1218 2369 verbis
1246 2313 1374 2367 solis
1399 2321 1452 2367 et
1482 2326 1587 2366 non
1618 2309 1772 2365 factis
1803 2325 1997 2364 renun-

413 2412 647 2477 tiarunt,
699 2408 767 2462 de
809 2406 1012 2477 judicio
1055 2403 1295 2467 Christi,
1349 2402 1394 2457 si
1448 2410 1574 2456 sunt
1626 2400 1994 2455 remissionem

411 2510 751 2574 peccatorum
780 2492 1073 2555 consecuti.
1105 2495 1211 2551 Sed
1243 2496 1344 2548 ista
1381 2492 1715 2548 ratiocinatio
1748 2492 1833 2546 tali
1862 2506 1994 2545 con-

411 2593 641 2649 nexione
667 2589 938 2661 perlicitur
957 2630 971 2652 ,
1019 2595 1078 2641 ut
1116 2585 1464 2654 adjungamus
1490 2584 1727 2638 dicentes
1746 2623 1762 2649 ,
1793 2583 1996 2638 Debent

412 2694 591 2739 autem
629 2676 1052 2736 timere'Cbristi
1086 2675 1378 2746 judicium,
1411 2682 1465 2729 et
1495 2677 1669 2728 veraci
1697 2671 1861 2727 corde
1897 2673 1995 2726 ali-

413 2773 625 2847 quando
649 2769 888 2827 converti
913 2787 926 2823 :
951 2767 1092 2839 quod
1119 2781 1240 2820 cum
1268 2763 1525 2828 fecerint,
1556 2778 1661 2817 non
1693 2778 1786 2817 eos
1813 2762 1995 2833 utique

412 2880 632 2922 necesse
655 2874 738 2919 est
760 2863 951 2916 iterum
972 2856 1245 2927 baptizari.
1265 2855 1562 2910 Potuerunt
1582 2854 1739 2924 igitur
1752 2853 1995 2923 accipere

414 2956 776 3025 Baptismum,
822 2958 878 3005 et
922 2947 1294 3004 remissionem
1329 2961 1434 2999 non
1476 2944 1719 3013 accipere
1745 2950 1993 3014 peccato-

413 3063 556 3111 rum,
585 3054 676 3099 aut
700 3041 940 3099 remissis
976 3038 1209 3111 peccatis
1253 3036 1509 3092 continuo
1547 3049 1732 3091 rursus
1758 3035 1990 3091 onerari.

409 3137 500 3193 Sic
520 3150 648 3206 ergo
673 3145 726 3189 et
748 3132 1006 3187 haeretici.
1348 3206 1361 3217 _

483 3227 709 3284 CAPUT
742 3225 828 3280 IV.
851 3253 921 3264 —
943 3222 995 3278 6.
1028 3220 1211 3276 Victor
1237 3235 1268 3274 a
1293 3216 1402 3276 Cor
1431 3218 1599 3274 dixit:
1622 3216 1751 3274 Cum
1790 3227 1994 3289 peccata

414 3318 615 3374 nonnisi
638 3317 690 3371 in
722 3312 963 3369 Ecclesia:
988 3310 1251 3381 Baptismo
1280 3308 1628 3374 remittantur,
1669 3307 1755 3378 qui
1792 3307 1996 3362 haereti-

412 3427 529 3465 cum
580 3409 689 3463 sine
728 3404 991 3476 Baptismo
1038 3401 1106 3454 ad
1153 3398 1695 3454 communicationem”
1739 3395 1991 3463 admittit,

413 3514 678 3571 utrumque
699 3506 875 3552 contra
903 3496 1152 3549 rationem
1179 3492 1303 3563 facit
1324 3534 1338 3559 ,
1371 3506 1460 3545 nec
1483 3490 1743 3544 haereticos
1768 3498 1952 3561 purgat
1975 3529 1990 3557 ,

410 3605 458 3649 et
483 3592 794 3647 Christianos
820 3587 1067 3657 inquinat.

485 3686 538 3737 7.
567 3682 703 3737 Huic
742 3677 1129 3747 respondemus
1152 3716 1167 3739 ,
1214 3672 1469 3729 Ecclesiae
1506 3672 1833 3742 Baptismum
1874 3686 1995 3726 esse

413 3783 469 3830 et
497 3772 635 3843 apud
658 3768 960 3828 haereticos,
987 3765 1228 3835 quamvis
1250 3764 1349 3833 ipsi
1379 3779 1483 3817 non
1509 3765 1613 3817 sint
1637 3764 1687 3816 in
1719 3762 1990 3818 Ecclesia:

416 3867 555 3923 sicut
583 3876 772 3932 aquam
807 3858 1033 3928 paradisi
1066 3858 1115 3909 in
1149 3864 1287 3910 terra
1316 3854 1565 3927 Egypti,
1611 3854 1851 3925 quamvis
1882 3856 1993 3923 ipsa

417 3970 522 4010 non
545 3954 614 4009 sit
640 3952 692 4006 in
718 3948 987 4020 paradiso.
1019 3945 1133 4001 Non
1159 3947 1334 4015 itaque
1359 3944 1642 4000 haereticos
1664 3944 1781 4000 sine
1818 3944 1996 4015 Bapti-

414 4058 534 4100 smo
572 4041 639 4097 ad
678 4038 1108 4096 communionem
1143 4035 1508 4101 admittimus;
1541 4043 1596 4090 et
1622 4035 1746 4106 quia
1767 4035 1994 4090 correcti

412 4154 444 4191 a
471 4150 566 4190 sua
591 4134 941 4204 perversitate
977 4128 1229 4192 veniunt,
1263 4142 1367 4182 non
1394 4141 1579 4182 eorum
1612 4137 1856 4197 peccata,
1899 4127 1993 4182 sed

412 4227 611 4284 Christi
636 4224 978 4280 Sacramenta
1000 4222 1314 4291 suscipimus
1341 4240 1354 4275 ε
1378 4220 1445 4275 de
1473 4220 1785 4276 remissione
1814 4228 1994 4276 autem

418 4326 755 4390 peccatorum
793 4311 933 4383 quod
964 4312 1230 4381 superius,
1261 4309 1363 4365 hoc
1388 4322 1443 4364 et
1468 4310 1555 4363 hic
1584 4308 1829 4364 dicimus.
1860 4309 1991 4364 Illud

415 4424 546 4464 sane
570 4405 713 4477 quod
753 4406 805 4458 in
836 4403 1021 4457 ultimo
1051 4400 1224 4471 posait
1262 4401 1449 4455 dicens
1471 4441 1484 4466 ,
1516 4409 1780 4470 utrumque
1816 4409 1996 4453 contra

415 4501 661 4555 rationem
706 4495 861 4568 facit,
907 4510 994 4548 nec
1037 4493 1297 4545 haereticos
1342 4501 1555 4563 purgat,
1593 4500 1639 4545 et
1681 4491 1995 4546 Christianos

410 4591 674 4662 inquinat;
706 4585 907 4656 reSpuit
936 4582 1182 4652 primitus
1211 4596 1274 4635 ac
1304 4582 1531 4636 maxime
1552 4581 1848 4652 Cyprianus
1879 4581 1994 4651 ipse

409 4698 531 4739 cum
575 4681 673 4737 sibi
722 4673 1173 4734 consentientibus
1212 4672 1428 4743 collegis
1473 4675 1816 4744 suis:neque
1847 4675 1990 4729 enim

418 4771 683 4843 inquinari
707 4785 764 4823 se
783 4766 1029 4829 credidit,
1048 4764 1260 4835 quando
1281 4765 1471 4818 talibus
1492 4774 1708 4835 propter
1726 4767 1993 4821 vinculum

420 4864 563 4935 pacis
578 4856 1075 4916 communicandum
1101 4870 1220 4910 esse
1245 4854 1479 4909 decrevit
1499 4855 1701 4919 dicens,
1727 4855 1995 4911 Neminem

414 4954 723 5027 judicantes,
770 4958 858 5001 aut
903 4964 935 5000 a
971 4953 1093 5016 jure
1129 4947 1494 5001 communionis
1541 4947 1778 5017 aliquem,
1823 4949 1868 5003 si
1911 4949 1993 5003 di-

421 5058 619 5100 versum
645 5039 874 5104 senserit,
899 5046 1201 5092 amoventes.
1234 5039 1338 5091 Aut
1379 5038 1424 5092 si
1456 5038 1732 5106 inquinant
1762 5038 1995 5094 haeretici

420 5134 485 5188 ad
514 5128 941 5187 communionem
961 5167 977 5193 ,
1006 5127 1049 5181 si
1079 5144 1182 5181 non
1213 5127 1603 5197 baptizantur’,
1631 5128 1877 5195 admissi;
1909 5130 1996 5185 in-

421 5225 636 5296 quinata
676 5229 759 5276 est
783 5227 892 5274 tota
923 5218 1157 5274 Ecclesia
1204 5234 1299 5289 per
1343 5220 1485 5273 illam
1514 5220 1950 5275 consuetudinem
1976 5262 1991 5286 ,

420 5333 540 5389 quae
575 5314 734 5371 toties
767 5313 853 5368 hic
893 5321 1361 5367 commemoratur.
1394 5311 1458 5365 Et
1492 5312 1629 5366 sicut
1658 5326 1754 5365 nos
1783 5312 1869 5366 isti
1898 5328 1995 5383 ap-

420 5410 618 5482 pellant
648 5404 929 5462 traditores
953 5412 1171 5475 propter
1200 5401 1430 5473 majores
1460 5412 1692 5470 nostros,
1726 5402 1777 5457 in
1806 5404 1997 5475 quibus

478 5548 495 5579 ι
530 5555 629 5594 Am.
656 5550 710 5594 et
729 5548 826 5597 ἓν..
850 5554 881 5591 a
903 5540 1147 5597 siciliam.

476 5609 497 5671 ξ
529 5607 726 5665 Quidam
746 5613 946 5671 veteres
962 5601 1169 5671 codices,
1193 5601 1257 5671 ad
1274 5601 1662 5671 communionem.

479 5668 499 5700 ³
531 5674 604 5717 fr.
632 5676 684 5718 et
706 5674 836 5725 uss,
860 5665 984 5716 sicut
1005 5679 1098 5716 non
1124 5665 1438 5723 baptizantur.

1158 205 1245 261 DE
1285 197 1620 261 BAPTISMO
1656 197 1926 254 CONTRA
1971 194 2412 263 DONATISTAS,
2458 197 2516 253 S.
2544 198 2911 256 AUGUSTINI

3604 195 3715 254 ω

2116 307 2249 363 nihil
2282 308 2386 363 tale
2424 309 2636 379 quando
2664 310 3008 380 objecerunt,
3039 310 3266 382 probare
3293 322 3636 385 potuerunt;
3665 316 3713 367 si

2106 398 2206 454 hoc
2246 399 2303 454 fit
2345 400 2569 471 quisque
2612 402 2754 471 quod
2802 399 2887 456 est
2935 404 3023 458 ille
3062 404 3145 459 cui
3186 405 3709 470 eommunicaverit,

2105 506 2292 545 omnes
2337 500 2459 545 tunc
2506 491 2742 547 hazretiei
2792 492 2914 548 facti
2962 505 3107 548 sunt.
3162 495 3316 562 Quod
3362 495 3405 550 si
3449 498 3714 567 quisquis

2104 583 2252 647 dicit,
2284 583 2512 649 insanit;
2544 584 2732 639 falsum
2756 596 2839 641 est
2858 587 2998 657 quod
3030 588 3129 642 iste
3154 589 3248 655 ait,
3276 588 3374 654 Qui
3400 590 3710 643 hareticum

2104 674 2214 729 sine
2240 672 2501 743 Baptismo
2528 675 2597 728 ad
2627 677 3023 730 communionem
3051 678 3292 741 admittit,
3320 695 3408 733 nec
3428 680 3711 734 hereticos

2106 776 2310 839 purgat,
2342 777 2390 821 et
2413 765 2730 822 Christianos
2754 768 3005 839 inquinat.
3037 772 3144 824 Aut
3171 771 3216 825 si
3244 769 3348 825 hoc
3373 786 3566 825 verum
3600 782 3709 832 est.

2107 873 2215 913 non
2265 859 2381 913 sine
2439 858 2711 945 Baptismo
2759 859 3213 928 admittebantur,
3269 862 3364 916 sed
3422 862 3709 919 habebant

2106 946 2434 1018 Baptismum
2465 949 2704 1016 Christi,
2748 951 2991 1020 quamvis
3034 951 3173 1022 apud
3206 952 3483 1008 hmreticos
3505 952 3710 1008 datum
3782 1012 3783 1015 η

2107 1049 2162 1093 et
2190 1049 2489 1108 acceptum,
2523 1040 2611 1109 qui
2642 1039 2934 1095 secundum
2964 1041 3105 1095 illam
3128 1041 3606 1108 consuetudinem,
3640 1042 3712 1098 de

2105 1143 2208 1198 qua
2251 1129 2336 1183 isti
2376 1130 2732 1196 conlilentur,
2778 1129 2857 1184 sic
2898 1130 3442 1187 admittebanturmc
3468 1148 3574 1203 per
3604 1132 3711 1188 hoc
3782 1126 3783 1199 ]

2105 1230 2253 1275 recte
2275 1220 2434 1275 etiam
2464 1236 2604 1275 nunc
2628 1222 2705 1275 sic
2731 1220 3099 1277 admittuntur.

2178 1311 2402 1366 CAPUT
2434 1310 2499 1367 Υ.
2519 1342 2592 1354 -
2611 1312 2662 1367 8.
2685 1313 2931 1367 Aurelius
2953 1314 3019 1368 ab
3039 1313 3189 1369 Utica
3217 1312 3353 1369 dixit
3376 1332 3391 1369 :
3414 1312 3543 1369 Cum
3569 1315 3712 1368 dicat

2106 1402 2399 1473 Apostolus,
2430 1420 2531 1457 non
2553 1405 3023 1458 communicandum
3050 1406 3265 1476 peccatis
3286 1406 3464 1460 alienis
3487 1406 3534 1476 (Ι
3566 1406 3705 1461 Tim.

2105 1508 2159 1558 v,
2190 1491 2320 1563 2‘2);
2349 1492 2472 1559 quid
2500 1493 2643 1547 aliud
2679 1510 2828 1564 quam
2870 1496 3087 1565 peccatis
3114 1495 3294 1550 alienis
3321 1497 3673 1550 communicat
3691 1538 3708 1559 ,

2105 1583 2190 1652 qui
2218 1584 2328 1637 sine
2363 1581 2623 1653 Baptismo
2654 1581 2899 1640 Ecclesia?
2927 1585 3174 1642 haereticis
3219 1588 3560 1641 communicat
3580 1587 3608 1641 ?
3639 1585 3708 1641 Et

2105 1650 2218 1727 ideo
2243 1690 2420 1727 censeo
2442 1650 2770 1745 baptizandos
2795 1692 2902 1730 esse
2930 1677 3209 1741 haereticos,
3238 1688 3289 1731 ut
3315 1678 3579 1749 accipiant
3622 1696 3708 1733 τε·

2106 1754 2310 1816 missam
2349 1773 2685 1834 peccatorum,
2718 1774 2762 1819 et
2786 1765 2859 1819 sic
2882 1764 2987 1820 illis
3008 1772 3420 1822 communicetur.

2177 1853 2232 1909 9.
2268 1855 2639 1924 ReSpondetur
2666 1873 2678 1909 :
2708 1856 3131 1913 Communieavit
3157 1874 3285 1931 ergo
3310 1859 3624 1930 Cyprianus
3655 1871 3708 1915 et

2107 1943 2197 2000 isti
2218 1960 2405 2000 omnes
2429 1948 2660 2015 peccatis
2694 1947 2881 2002 alienis
2913 1988 2927 2013 ,
2959 1964 3062 2018 qua
3091 1963 3210 2004 cum
3241 1950 3429 2004 talibus
3458 1951 3511 2005 in
3546 1965 3703 2005 com-
3782 1958 3783 1995 ι

2108 2036 2363 2092 munione
2393 2048 2735 2107 manserunt,
2767 2040 2976 2110 quando
3008 2041 3275 2096 neminem
3304 2042 3393 2112 qui
3423 2043 3704 2097 diversum

2106 2127 2275 2181 sensit
2309 2142 2339 2181 a
2385 2127 2504 2196 jure
2538 2130 2928 2185 communionis
2951 2141 3286 2186 amoverant.
3316 2131 3415 2188 Ubi
3444 2141 3534 2188 Cal
3564 2148 3697 2204 ergo
3782 2174 3783 2203 ἶ

2106 2218 2385 2273 Ecclesia?
2434 2219 2669 2285 Deinde,
2720 2221 2792 2274 uti
2844 2221 2913 2275 de
2957 2220 3224 2277 haereticis
3275 2232 3500 2288 taceam,
3564 2238 3691 2277 cum
3782 2224 3783 2293 ξ

2106 2307 2267 2362 verba
2298 2307 2455 2377 hujus
2481 2310 2759 2364 sententia:
2785 2310 2943 2365 etiam
2965 2310 3031 2365 de
3055 2311 3172 2366 aliis
3196 2314 3570 2381 peccatoribus
3596 2313 3701 2368 dici
3782 2348 3783 2379 ι

2106 2401 2330 2470 possint,
2359 2401 2542 2471 quales
2566 2402 2617 2456 in
2647 2403 2885 2458 Ecclesia
2913 2419 3094 2460 secum
3122 2405 3417 2476 Cyprianus
3447 2405 3693 2471 videbat,

2104 2491 2384 2562 gemebat,
2416 2493 2705 2564 arguebat,
2738 2493 3011 2563 ferebat‘;
3046 2498 3132 2551 ubi
3163 2506 3245 2553 cst
3275 2499 3539 2564 Ecclesia,
3575 2514 3695 2569 qua:

2105 2582 2399 2638 secundum
2432 2582 2546 2638 ha-c
2588 2585 2746 2639 verba
2784 2585 2893 2654 jam
2924 2596 3049 2641 tunc
3093 2588 3317 2657 periisse
3352 2589 3696 2644 existimatur

2105 2673 2422 2743 contagione
2463 2675 2841 2744 peccatorum?
2884 2675 2943 2730 Si
2985 2686 3197 2743 autem,
3244 2677 3384 2732 sicut
3419 2692 3478 2733 se
3533 2677 3697 2732 habet

2105 2760 2413 2820 firmissima
2456 2764 2676 2832 veritas,
2712 2765 2947 2821 Ecclesia
2978 2768 3269 2835 permansit
3292 2778 3347 2822 et
3377 2777 3691 2837 permanet;

2105 2871 2211 2910 non
2253 2855 2354 2911 nisi
2399 2856 2451 2910 in
2492 2859 2847 2914 consensione
2887 2860 3230 2931 intelligenda
3274 2870 3357 2916 est
3391 2863 3699 2917 communio

2105 2956 2464 3017 peccatorum,
2487 2964 2645 3018 quam
2666 2959 2809 3004 vetat
2827 2950 3129 3021 Apostolus.
3153 2952 3495 3022 Baptizentur
3515 2963 3693 3007 autem

2106 3039 2299 3094 iterum
2331 3039 2567 3095 lneretici
2590 3083 2604 3105 ,
2639 3050 2696 3095 ut
2721 3042 2985 3112 accipiant
3011 3042 3286 3098 remissam
3318 3055 3693 3113 peccatorum,

2105 3129 2150 3186 si
2196 3129 2531 3200 baptizantur
2574 3131 2765 3186 iterum
2820 3135 3055 3202 perversi
3103 3143 3159 3188 et
3202 3134 3388 3202 invidi,
3431 3136 3521 3206 qui
3574 3150 3691 3190 cum

2104 3222 2301 3276 saeculo
2328 3222 2505 3277 verbis
2534 3231 2587 3277 et
2615 3239 2718 3278 non
2752 3224 2903 3279 factis
2932 3226 3324 3291 renuntiarent,
3363 3226 3691 3296 Baptismtnu

2104 3312 2317 3384 quidem
2339 3313 2580 3383 accipere
2600 3325 2906 3384 potuerunt,
2929 3317 3021 3371 sed
3047 3318 3415 3373 remissionem
3442 3327 3689 3389 peccato-

2103 3420 2222 3460 rum
2262 3419 2368 3459 non
2399 3405 2763 3472 obtinuerunt,
2790 3406 3002 3462 dicente
3038 3408 3293 3473 Domino,
3322 3407 3385 3463 Si
3413 3426 3514 3463 non
3542 3408 3690 3462 dimi-

2102 3493 2287 3555 seritis,
2306 3509 2465 3562 neque
2484 3492 2636 3549 Pater
2659 3505 2819 3549 vester
2837 3496 3051 3550 dimittet
3074 3493 3209 3551 vobis
3235 3497 3449 3568 (Matth.
3473 3514 3547 3561 vi,
3578 3499 3681 3563 15).

2174 3582 2402 3639 CAPUT
2447 3582 2725 3640 \’l.—IO.
2766 3585 2985 3641 Jamhns
3014 3602 3042 3640 a
3070 3586 3477 3643 Germaniciano
3516 3588 3682 3642 dixit:

2109 3673 2210 3741 Qui
2239 3674 2585 3729 hereticorum
2610 3675 2930 3746 Baptismum
2965 3678 3207 3749 probant,
3238 3690 3466 3734 nostrum
3494 3681 3678 3749 impro-

2103 3763 2257 3829 bant;
2282 3773 2335 3817 ut
2356 3774 2500 3819 eatra
2524 3764 2827 3833 Ecclesium,
2853 3784 2953 3822 non
2974 3769 3141 3822 dicam
3165 3770 3316 3836 lotos,
3343 3770 3432 3822 sed
3455 3770 3684 3824 sordida-

2103 3863 2200 3922 tos,
2226 3865 2401 3926 negent
2426 3857 2477 3909 in
2504 3855 2730 3911 Ecclesia
2754 3858 3002 3929 baptizari
3029 3872 3273 3930 aportere.

2181 3946 2269 4000 11.
2313 3945 2447 4001 Huic
2485 3948 2857 4016 respondetur,
2905 3953 3170 4006 neminem
3212 3962 3450 4008 nostrum
3509 3952 3680 4022 Bapti-

2105 4051 2278 4091 smum
2308 4037 2678 4092 haereticorum
2710 4041 2969 4109 probare,
2999 4043 3093 4097 sed
3121 4042 3338 4111 Christi,
3365 4046 3605 4116 quamvis
3631 4045 3677 4097 in

2106 4130 2371 4186 hazreticis
2420 4131 2567 4186 velut
2619 4134 2783 4202 paleis
2831 4135 3228 4197 exterioribus,
3281 4138 3421 4192 sicut
3468 4139 3520 4191 in
3571 4136 3679 4191 aliis

2106 4222 2298 4292 iniquis
2332 4222 2475 4277 velut
2514 4223 2679 4293 paleis
2709 4224 3069 4280 interioribus.
3101 4225 3232 4281 Nam
3259 4227 3305 4281 si
3330 4238 3479 4282 extra
3503 4225 3678 4283 Eccle—

2105 4316 2237 4369 siam
2263 4315 2350 4385 qui
2379 4314 2729 4385 haptizantur,
2766 4332 2870 4371 non
2903 4317 3158 4373 lavantur.
3193 4318 3286 4375 sed
3316 4319 3674 4380 sordidantur;

2106 4406 2343 4475 proiecto
2381 4415 2530 4460 extra
2573 4417 2778 4478 petram
2805 4450 2820 4474 ,
2866 4409 2921 4463 in
2951 4425 3052 4478 qua
3082 4409 3374 4464 aedificatur
3412 4410 3672 4470 Ecclesia,

2109 4496 2197 4565 qui
2249 4496 2621 4566 baptizantur,
2678 4513 2782 4551 non
2838 4497 3119 4563 lavantur,
3179 4500 3271 4555 sed
3329 4500 3675 4556 sordidantur.

2106 4585 2304 4641 Omnes
2328 4596 2504 4641 autem
2533 4596 2680 4641 extra
2702 4588 2944 4643 eamdem
2968 4599 3170 4658 petram
3194 4600 3337 4656 sunt,
3362 4592 3449 4661 qui
3466 4591 3678 4646 audiunt

2106 4678 2265 4731 verba
2302 4676 2495 4732 Christi
2524 4686 2578 4733 et
2608 4694 2713 4731 non
2743 4677 2965 4733 faciunt.
2999 4680 3103 4734 Aut
3133 4681 3175 4735 si
3209 4681 3480 4752 Baptismo
3511 4684 3679 4737 lavan-

2108 4777 2192 4821 tur
2217 4765 2466 4835 quidem,
2517 4768 2609 4821 sed
2640 4768 2692 4822 in
2738 4768 3100 4838 iniquitatibus
3143 4772 3291 4838 suis,
3340 4788 3370 4826 a
3411 4773 3595 4841 quibus
3632 4770 3675 4820 in

2106 4856 2297 4911 melius
2338 4857 2530 4911 mutari
2576 4858 2895 4923 noluerunt,
2936 4859 3134 4914 sordidi
3182 4872 3494 4915 remanent:
3521 4863 3594 4914 sic
3629 4865 3673 4910 et

2107 4946 2364 5002 haeretici.

2176 5036 2400 5093 CAPUT
2448 5037 2759 5094 γει-ιε.
2802 5038 3065 5093 Lucianus
3105 5054 3134 5092 a
3179 5039 3412 5094 Rucuma
3445 5041 3466 5071 ⁸
3512 5036 3669 5093 dixit:

2108 5128 2368 5199 Scriptum
2401 5138 2472 5183 est
2495 5171 2510 5195 ,
2562 5148 2581 5182 ι
2614 5129 2676 5183 Et
2713 5130 2834 5183 uidit
2867 5128 3008 5184 Deus
3038 5130 3200 5184 lucem
3224 5131 3342 5200 quia
3370 5130 3500 5184 bona
3523 5137 3608 5189 est.
3634 5131 3671 5175 tl

2106 5222 2274 5275 divisit
2303 5222 2431 5275 inter
2456 5221 2617 5276 lucem
2655 5232 2702 5276 et
2740 5223 2967 5278 tenebras
3005 5243 3023 5275 s
3052 5221 3213 5292 (Gen.
3242 5224 3294 5288 i,
3321 5223 3413 5295 4).
3445 5221 3504 5279 Si
3530 5227 3670 5292 potest

2106 5313 2208 5366 luci
2232 5322 2279 5366 et
2303 5311 2512 5366 tenebris
2537 5313 2828 5375 conuenire,
2858 5321 3018 5383 potest
3047 5312 3188 5366 nobis
3227 5322 3273 5367 et
3309 5312 3550 5366 haereticis
3583 5306 3657 5361 ali-

2106 5403 2229 5474 quid
2255 5419 2362 5456 esse
2394 5418 2675 5456 commune.
2713 5401 2987 5473 Propterea
3023 5419 3196 5458 censeo
3233 5403 3492 5459 haereticos
3521 5396 3665 5468 bstuli»

2107 5494 2297 5546 xandos
2324 5510 2446 5548 esse.

2174 5607 2188 5635 ι
2227 5604 2431 5652 vatimni
2452 5610 2541 5653 Mss
2565 5639 2579 5663 ,
2604 5602 2821 5666 feriebat.

2175 5666 2194 5696 ³
2228 5674 2324 5713 Αω.
2351 5673 2403 5714 et
2422 5672 2515 5724 En,
2540 5680 2571 5714 a
2598 5674 2855 5718 ttucumma
