3796 6132
67 257 156 314 ες,
1386 235 1595 294 unus
1628 229 1981 290 SEPTIMUS.

128 374 204 427 ts.
245 368 380 425 lIuic
417 364 818 438 respondetur:
848 360 906 419 Si
945 366 1122 431 potest
1163 355 1268 412 luci
1308 363 1364 412 et
1401 350 1638 410 tenebris

72 461 350 522 convenire,
375 466 562 530 potest
592 455 750 527 justis
784 462 836 509 et
877 450 1087 522 iniustis
1115 445 1309 518 aliquid
1340 460 1459 501 esse
1483 459 1638 500 com-

73 570 227 610 mune.
273 553 512 608 Censeat
547 562 673 619 ergo
711 547 830 602 illos
870 543 1098 615 injustas
1131 540 1310 596 denuo
1347 537 1635 609 baptizari,

73 662 186 717 «(uos
211 647 264 700 in
283 646 400 714 ipsa
433 641 674 698 Ecclesia
703 637 997 710 Cyprianus
1023 634 1277 704 arguebat
1302 649 1314 686 :
1343 640 1436 685 aut
1467 630 1510 684 si
1537 643 1642 683 non

72 745 181 791 sunt
203 735 385 805 injusti
405 733 499 803 qui
517 730 711 787 saeculo
727 727 903 784 verbis
928 735 982 782 et
1002 740 1107 781 non
1135 724 1284 779 factis
1306 721 1640 784 renuntiant,

76 827 200 881 dicat
218 825 306 894 qui
330 830 527 894 potest.

135 913 353 972 CAPUT
382 911 705 968 “IL—14.
738 907 1054 979 Pelagianus
1079 921 1108 959 a
1135 903 1462 976 Luperciana
1480 901 1645 957 dixit:

82 1006 325 1076 Scriptum
366 1012 477 1069 est,
539 1002 682 1055 «Aut
731 999 981 1054 Dominus
1033 997 1171 1052 Deus
1219 1004 1326 1063 est,
1381 1004 1469 1048 aut
1517 992 1651 1047 Baal

81 1097 201 1152 Deus
240 1105 315 1150 est
365 1115 385 1149 ι
413 1094 516 1165 (III
546 1093 672 1165 Reg.
701 1107 849 1155 xvut,
873 1090 937 1144 2i
961 1090 1001 1161 ).
1036 1087 1119 1142 Ita
1165 1096 1211 1142 et
1248 1103 1401 1153 nunc,
1430 1092 1516 1138 aut
1544 1083 1650 1138 Ec-

78 1188 214 1243 clesia
240 1186 475 1255 Ecclesia
512 1194 601 1250 est,
642 1192 731 1237 aut
769 1183 970 1263 hceresis
1008 1178 1239 1234 Ecclesia
1278 1187 1395 1234 est:
1421 1192 1573 1249 porro
1609 1177 1654 1230 si

84 1280 268 1335 heresis
294 1277 528 1332 Ecclesia
552 1293 653 1331 non
682 1283 787 1340 est,
818 1273 1066 1343 quomodo
1092 1287 1197 1327 esse
1224 1269 1364 1341 apud
1396 1268 1654 1323 Itwreticos

86 1371 333 1442 Baptisma
363 1369 605 1424 Ecclesia:
633 1366 831 1437 potest?

145 1462 227 1518 £5.
261 1461 397 1516 lluic
423 1461 494 1515 ita
524 1472 807 1529 possumus
834 1454 1198 1525 respondere:
1230 1453 1337 1507 Aut
1379 1450 1656 1521 paradisus

86 1552 367 1624 paradisus,
397 1559 488 1605 aut
507 1550 775 1622 Egyptus
803 1546 1116 1617 paradisus:
1149 1559 1310 1615 porro
1331 1543 1374 1597 si
1395 1542 1657 1613 Egyptus

87 1647 348 1719 paradisus
386 1660 493 1701 non
532 1654 633 1709 εει,
679 1640 948 1713 quomodo
990 1655 1110 1694 esse
1154 1639 1204 1692 in
1249 1637 1482 1708 Egypto
1522 1648 1658 1705 aqua

91 1737 307 1810 paradisi
340 1737 556 1807 potest?
599 1732 704 1789 Sed
747 1732 954 1787 dicetur
996 1728 1149 1784 nobis
1180 1747 1193 1783 :
1223 1728 1395 1782 Etiam
1422 1726 1546 1780 illnc
1567 1740 1657 1780 ex—

88 1828 250 1885 eundo
292 1826 553 1899 pervenit.
599 1824 689 1880 Sic
731 1838 859 1893 ergo
901 1821 966 1876 ad
1009 1818 1294 1874 barreticos
1333 1816 1655 1888 Baptismus.

94 1919 210 1976 Item
231 1919 459 1976 dicimus
488 1936 503 1970 :
536 1919 640 1972 Aut
667 1923 812 1987 petra
845 1913 1077 1978 Ecclesia
1110 1922 1227 1979 est,
1254 1919 1346 1965 aut
1369 1924 1530 1965 arena
1560 1909 1662 1964 Ec-

93 2012 259 2069 clesia.
299 2012 466 2067 Porro
493 2009 615 2080 quia
645 2023 750 2063 non
778 2016 859 2061 est
895 2020 1055 2060 arena
1091 2003 1325 2059 Ecclesia
1347 2044 1361 2068 ,
1395 2000 1661 2073 quomodo

96 2103 218 2175 apud
240 2118 334 2159 eos
355 2104 445 2174 qui
470 2117 633 2171 super
652 2113 866 2158 arenam
893 2095 1177 2162 mdiﬁcant,
1210 2092 1473 2149 audiendo
1501 2090 1663 2148 verba

98 2192 275 2249 Christi
296 2203 350 2248 et
378 2207 485 2248 non
513 2188 753 2246 faciendo
784 2186 1002 2260 (Matth.
1038 2201 1131 2252 vn,
1160 2182 1385 2253 24-27),
1416 2197 1535 2238 esse
1558 2182 1665 2236 Ba-

100 2284 310 2355 ptismus
332 2293 506 2356 potest
531 2284 548 2314 ⁸
565 2281 595 2339 2
621 2291 675 2337 et
698 2288 874 2335 tamen
901 2285 1003 2334 est.
1034 2276 1124 2333 Sic
1152 2290 1278 2346 ergo
1307 2284 1362 2330 et
1386 2272 1524 2345 apud
1552 2272 1666 2328 bae-

100 2376 298 2433 retieos.

160 2467 375 2524 CAPUT
404 2466 496 2522 IX.
519 2465 698 2521 -16.
718 2462 877 2519 Jader
894 2478 926 2517 a
945 2460 1121 2516 Midila
1145 2458 1279 2515 dixit
1300 2458 1537 2514 :‘Scimus
1565 2473 1668 2512 non

103 2575 196 2616 esse
234 2559 330 2614 nisi
365 2574 523 2613 unum
557 2555 875 2626 Baptismum
914 2554 968 2607 in
1011 2552 1240 2606 Ecclesia
1281 2549 1530 2603 catholica
1564 2564 1581 2602 :
1621 2556 1669 2604 et

100 2650 201 2706 ideo
226 2666 323 2706 non
347 2649 582 2705 debemus
608 2647 870 2700 admittere
895 2644 1181 2699 haereticum
1200 2684 1215 2709 ,
1257 2641 1354 2696 nisi
1387 2640 1669 2711 baptizatus

106 2744 241 2818 [sail
262 2742 403 2819 apud
421 2758 514 2798 nos
534 2784 548 2809 ,
575 2757 639 2796 ne
660 2757 713 2796 se
733 2748 873 2812 putet
897 2747 1036 2794 extra
1067 2736 1346 2792 Ecclesium
1370 2735 1669 2790 catholicam

105 2842 391 2913 baptizatum
409 2849 537 2896 esse.

168 2932 250 2986 l7.
278 2931 411 2986 lluic
434 2921 809 2999 respondetur,
836 2920 958 2992 quia
1000 2920 1046 2975 si
1086 2918 1189 2974 boc
1227 2917 1296 2974 de
1335 2917 1529 2988 iniquis
1566 2916 1672 2972 illis

107 3022 185 3092 qui
208 3032 350 3079 extra
378 3030 584 3092 petram
620 3028 745 3073 sunt
777 3012 1066 3081 diceretur,
1099 3010 1229 3067 falso
1258 3009 1437 3082 utique
1462 3009 1671 3067 dicere-

112 3118 202 3167 tur.
231 3111 317 3168 Sic
339 3126 469 3181 ergo
498 3117 550 3165 et
579 3108 647 3165 de
674 3108 961 3164 bmreticis.

170 3198 382 3256 CAPUT
441 3198 605 3254 X.——
632 3197 717 3253 18.
762 3197 892 3252 Item
936 3195 1072 3251 alius
1106 3194 1256 3251 Felix
1296 3208 1329 3251 a
1361 3192 1673 3250 Mammna‘

113 3291 231 3348 dixit
262 3311 276 3348 :
303 3291 420 3348 Una
444 3292 594 3362 ﬁdes,
622 3306 781 3344 unum
802 3288 1048 3360 baptisma
1074 3286 1303 3359 (Ep/tes.
1335 3302 1409 3357 tv,
1436 3284 1539 3359 5);
1586 3285 1676 3341 sed

117 3384 334 3442 Ecclesite
358 3385 621 3440 catholica:
638 3425 652 3450 ,
687 3383 770 3437 cui
794 3381 889 3437 soli
912 3381 1022 3435 licet
1049 3374 1322 3452 baptizare.

177 3475 252 3533 i9.
275 3476 409 3547 Quid
436 3476 483 3531 si
512 3475 648 3530 alius
674 3473 742 3527 ita
769 3473 969 3529 diceret
998 3490 1011 3525 :
1044 3471 1159 3528 Una
1194 3470 1326 3526 fides
1345 3512 1360 3538 ,
1390 3484 1553 3525 unum
1578 3467 1676 3523 ba-

120 3573 317 3642 ptisma;
341 3572 437 3628 sed
457 3571 726 3643 justorum
751 3577 972 3636 tantum,
996 3566 1187 3639 quibus
1208 3566 1338 3621 solis
1360 3563 1483 3619 licet
1502 3562 1677 3633 bapti-

120 3663 250 3720 zare?
274 3664 420 3720 Sicut
443 3662 562 3717 haec
593 3659 749 3716 verba
777 3658 1179 3723 refellerentur,
1222 3657 1292 3711 ita
1332 3663 1386 3711 et
1422 3654 1524 3709 ista
1553 3668 1678 3708 sen-

122 3756 259 3811 tentia
285 3755 581 3811 refellatur.
608 3753 689 3808 An
719 3762 772 3807 et
792 3750 972 3821 injusti
1016 3764 1114 3805 nec
1133 3750 1154 3781 ³
1184 3751 1235 3804 in
1268 3749 1383 3818 ipso
1410 3746 1679 3817 Baptismo

122 3847 304 3912 mutati,
327 3846 456 3902 dum
486 3844 685 3901 smculo
710 3843 885 3898 verbis
908 3842 1037 3896 solis
1069 3849 1124 3896 et
1162 3855 1266 3895 non
1304 3839 1457 3895 factis
1486 3853 1681 3893 renun-

126 3934 250 4000 tiant,
276 3935 341 3991 ad
362 3934 602 3991 membra
627 3932 881 3988 Ecclesia:
901 3931 1205 4002 pertinent?
1230 3931 1453 3986 Videant
1487 3931 1532 3987 si
1568 3931 1681 4000 ipsa

125 4035 192 4082 est
211 4028 291 4084 illa
324 4036 507 4100 petra,
537 4029 581 4083 si
612 4028 725 4098 ipsa
754 4035 836 4082 est
863 4025 1129 4093 columba,
1161 4025 1206 4081 si
1236 4025 1347 4097 ipsa
1377 4034 1458 4080 est
1487 4037 1681 4093 sponsa

126 4119 222 4177 sine
245 4122 449 4178 macula
477 4130 531 4176 et
556 4135 684 4191 ruga
713 4119 821 4192 (Id.
853 4135 906 4186 ν,
936 4118 1028 4188 27)
1062 4116 1157 4190 (a).

186 4212 394 4269 CAPUT
433 4210 525 4266 XI.
550 4241 624 4251 —
644 4210 735 4264 20.
765 4211 957 4265 Paulus
986 4225 1014 4262 a
1042 4208 1220 4263 Bebba
1238 4207 1259 4239 ’⁵
1280 4206 1448 4262 dixit:
1479 4205 1565 4260 Me
1584 4221 1684 4260 non

128 4311 259 4357 movet
280 4303 323 4357 si
340 4302 527 4374 aliquis
547 4301 791 4356 Ecclesia:
808 4301 959 4370 fidem
978 4310 1025 4355 et
1047 4300 1302 4355 veritatem
1323 4315 1423 4353 non
1445 4299 1682 4364 vindicat,

130 4396 302 4460 quando
326 4395 599 4466 Apostolus
626 4394 763 4448 dicat
788 4410 806 4447 :
842 4413 860 4447 ι
892 4394 1027 4461 Quid
1052 4394 1220 4447 enim?
1245 4394 1364 4463 quia
1392 4392 1686 4447 exciderunt

137 4502 153 4534 ι
178 4503 205 4541 a
237 4488 335 4557 ﬁde
372 4488 581 4559 quidam
614 4487 848 4552 illorum,
898 4486 1141 4555 numquid
1178 4485 1453 4553 infidelitas
1485 4485 1688 4538 illorum

139 4594 156 4627 ι
181 4580 316 4647 ﬁdem
356 4580 454 4635 Dei
500 4579 795 4636 evacuauit?
834 4578 971 4632 Absit
1003 4594 1022 4631 :
1049 4588 1121 4631 est
1162 4578 1293 4633 enim
1335 4575 1470 4630 Deus
1514 4592 1685 4642 verax,

143 4685 159 4716 ι
185 4671 328 4724 omnis
365 4679 534 4726 autem
562 4671 712 4724 homo
735 4668 952 4723 mendax
969 4686 987 4720 ι
1022 4666 1195 4737 (Rom.
1220 4682 1295 4731 tu,
1320 4646 1372 4733 ὃ.
1402 4666 1479 4735 4).
1514 4665 1575 4722 Si
1597 4682 1690 4719 au-

141 4763 217 4810 tem
237 4757 365 4815 Deus
391 4776 543 4814 uerax
568 4768 661 4824 est,
692 4759 941 4830 quomodo
977 4757 1116 4829 apud
1147 4758 1402 4812 haereticos
1441 4756 1689 4828 Baptismi

142 4850 292 4905 veritas
314 4868 416 4907 esse
439 4859 621 4923 potest,
650 4850 789 4920 apud
811 4867 935 4920 quos
954 4849 1094 4905 Deus
1119 4866 1219 4903 non
1240 4851 1353 4904 est?

195 4941 275 4996 21.
302 4943 429 4999 Huic
457 4940 811 5013 respondetur
839 4960 851 4995 :
876 4940 1046 5008 Quid?
1069 4939 1209 5011 apud
1229 4955 1417 4996 avaros
1438 4939 1691 5010 numquid

147 5040 210 5085 est
231 5033 396 5090 Deus?
419 5034 489 5090 Et
514 5043 691 5089 tamen
713 5040 796 5089 est
814 5032 1114 5104 Baptismus
1141 5049 1154 5086 :
1187 5032 1255 5087 ita
1280 5039 1335 5088 et
1360 5030 1499 5101 apud
1525 5030 1692 5086 haere-

196 5192 211 5220 ¹
234 5197 358 5254 μοι,
380 5204 482 5244 esse
505 5188 778 5254 Baptismus
797 5186 1024 5240 Ecclesia:
1043 5192 1209 5254 potest.
1235 5194 1428 5247 Vocem,
1449 5183 1689 5247 Ecclesia’,

148 5247 219 5316 hoc
234 5251 328 5302 loco
344 5247 642 5316 praetereunt
659 5260 755 5316 Arn.
780 5258 833 5301 et
854 5247 1179 5313 manuscripti.

193 5314 213 5376 ξ
240 5313 505 5376 Vox,'alius,
530 5315 676 5364 abest
692 5313 755 5362 ab
778 5320 876 5360 Am.
902 5317 1180 5376 Er._et_Mss_.
1207 5317 1375 5376 Postea
1406 5317 1505 5358 Am.
1533 5314 1587 5358 et
1614 5314 1690 5357 Er.

150 5368 476 5434 habent,'relix
492 5368 531 5426 'a
570 5384 873 5425 Mazrazana.
896 5373 1205 5422 corbeiensis
1235 5371 1409 5431 codex,
1432 5383 1465 5420 a
1500 5377 1693 5420 Maran-

150 5443 264 5499 zano.
282 5439 483 5499 Cypriani
502 5437 668 5499 editio,
695 5448 727 5485 a
750 5443 1054 5499 marrazana.

212 5493 229 5524 ³
253 5492 326 5546 Hic
339 5492 637 5558 particulam,
655 5492 767 5559 nec,
791 5508 903 5559 qua:
938 5496 988 5544 in
1015 5494 1159 5545 editis
1178 5493 1370 5554 deerat,
1394 5492 1694 5543 restituimus

154 5563 215 5622 ex.
228 5562 547 5622 alantiscriptis.

204 5615 222 5690 ξ
251 5615 512 5690 umquam,
534 5617 712 5690 Paulus
733 5617 793 5690 qb
810 5616 951 5690 Obba.

205 5675 267 5737 (α)
286 5679 387 5730 Vide
406 5675 602 5733 Retract.
628 5680 712 5731 lib.
738 5678 784 5741 2,
812 5692 915 5742 cap.
938 5677 1010 5728 l8.

3227 212 3333 283 τεο

1752 344 1903 400 ticos.
1944 341 2099 413 Apud
2136 355 2270 412 quos
2307 340 2448 398 enim
2487 341 2627 398 Deus
2657 350 2758 409 est,
2783 341 3036 412 templum
3065 342 3161 398 Dei
3187 354 3330 397 sunt.

1749 434 1879 501 Qua:
1900 446 2066 489 autem
2087 435 2378 505 compositio
2399 434 2581 505 templo
2606 432 2701 488 Dei
2724 450 2841 488 cum
2858 434 3008 489 idolis
3033 433 3098 506 (ll
3118 433 3233 490 Cor.
3258 451 3334 495 vr.

1751 524 1867 597 16)?
1898 525 2064 579 Porro
2088 524 2383 590 avaritiam,
2412 523 2763 578 idololatriam
2796 523 2989 578 Paulus
3018 524 3202 589 sentit,
3230 524 3333 595 Cy-

1751 616 1966 686 prianus
1986 615 2269 679 consentit,
2292 622 2345 668 et
2370 613 2509 668 idem
2531 615 2644 682 ipse
2664 613 2801 668 inter
2819 602 3052 684 collegas
3072 625 3336 684 raptores,

1753 715 1927 761 tamen
1952 705 2336 776 baptizatores,
2374 718 2493 759 cum
2520 719 2708 775 magna
2730 704 2746 736 ¹
2771 705 3064 759 tolerantiae
3089 705 3339 765 mercede

1752 807 2016 855 versatur.

1824 885 2072 943 CAPUT'
2099 884 2214 940 XII.
2258 914 2331 927 —-
2372 883 2464 939 22.
2517 884 2840 954 Pomponius
2888 901 2918 941 a
2972 886 3289 960 Dionysiana
3316 890 3337 920 ⁸

1756 978 1894 1034 dixit
1922 997 1936 1033 :
1969 977 2294 1048 Manifestum
2321 985 2394 1030 est
2418 975 2677 1029 htereticos
2702 991 2801 1029 non
2830 992 2974 1047 posse
2998 977 3272 1047 baptizare,
3294 987 3342 1033 et

1755 1071 2097 1126 remissionem
2137 1078 2452 1134 peccatorum
2495 1067 2648 1134 dare,
2678 1068 2764 1138 qui
2803 1076 3091 1139 potestatem
3121 1086 3219 1124 non
3250 1070 3343 1124 lia-

1756 1160 1888 1227 bcnt,
1914 1170 1969 1214 ut
1993 1170 2080 1213 aut
2099 1159 2289 1214 solvere
2315 1168 2400 1211 aut
2426 1158 2583 1229 ligare
2602 1157 2793 1228 aliquid
2814 1157 2866 1211 in
2892 1159 3036 1212 terris
3058 1161 3267 1229 possint.

1828 1251 1920 1305 25.
1965 1249 2379 1320 Respondetur:
2413 1247 2547 1301 hanc
2576 1255 2888 1316 potestatem
2924 1261 3022 1302 nec
3066 1247 3343 1304 homicidas

1759 1339 1978 1406 habent,
2011 1339 2062 1394 id
2088 1348 2188 1405 est,
2213 1338 2299 1408 qui
2325 1337 2551 1393 oderunt
2581 1340 2793 1392 fratres.
2842 1336 2956 1391 Non
2985 1337 3125 1391 enim
3156 1337 3347 1393 talibus

1760 1432 1959 1487 dictum
1985 1440 2068 1486 est
2097 1448 2110 1484 :
2144 1429 2205 1485 Si
2230 1430 2312 1483 cui
2338 1428 2628 1482 dimiseritis
2652 1437 2857 1499 peccata
2881 1469 2896 1494 ,
2928 1429 3241 1483 dimittentur
3262 1430 3345 1495 ei;

1759 1524 1804 1578 si
1831 1524 1912 1577 cui
1941 1522 2213 1585 tenaci-itis,
2245 1521 2539 1575 tenebuntur
2567 1519 2758 1591 (Joan.
2791 1536 2880 1582 xx,
2911 1520 2982 1574 25
3001 1519 3043 1592 ).
3076 1521 3142 1576 Et
3171 1531 3346 1576 tamen

1761 1613 2051 1683 baptizant,
2081 1620 2135 1668 et
2162 1627 2256 1668 eos
2295 1612 2345 1665 in
2388 1611 2575 1666 eadem
2611 1610 2866 1680 Biptismi
2893 1611 3269 1668 communione
3294 1620 3349 1668 et

1764 1706 1960 1761 Paulus
1987 1705 2195 1770 tolerat,
2224 1712 2278 1758 et
2304 1702 2598 1774 Cyprianus
2626 1703 2884 1773 agnoscit.

1834 1795 2057 1851 CAPUT
2097 1794 2232 1850 Xlil.
2261 1823 2328 1833 —
2371 1793 2461 1847 24.
2508 1792 2802 1848 Venantius
2835 1809 2865 1848 a
2904 1792 3085 1848 Tinisa
3114 1792 3135 1824 ³
3172 1793 3347 1850 dixit:

1766 1889 1829 1947 Si
1856 1890 2068 1944 maritus
2091 1903 2295 1959 peregre
2320 1886 2662 1958 proficiscens,
2695 1886 2858 1939 amico
2885 1902 2976 1939 suo
3003 1887 3352 1942 commendas-

1764 1994 1837 2039 set
1866 1998 2074 2038 uxorem
2102 1997 2243 2035 suam
2270 1978 2683 2043 custodiendam,
2719 1979 3119 2032 commendatam
3145 1980 3240 2034 sibi
3265 1978 3354 2035 ille

1766 2085 1955 2146 quanta
1975 2082 2138 2144 posset
2165 2070 2427 2141 diligentia
2451 2080 2761 2124 conservaret
2780 2111 2795 2137 ,
2828 2087 2890 2124 ne
2911 2070 2972 2123 ab
2997 2071 3165 2140 aliqua
3196 2072 3351 2126 casti-

1768 2174 1844 2220 tas
1881 2166 1990 2236 ejus
2032 2171 2077 2218 et
2121 2161 2359 2217 sanctitas
2404 2160 2790 2214 adulteraretur.
2839 2159 3064 2215 Christus
3105 2159 3354 2215 Dominus

1768 2266 1813 2311 et
1850 2254 1990 2309 Deus
2028 2263 2194 2308 noster
2230 2250 2298 2305 ad
2329 2249 2533 2304 Putrem
2565 2250 2915 2321 proﬁciscens,
2952 2267 3189 2321 sponsam
3212 2267 3356 2305 suam

1770 2348 1914 2403 nobis
1935 2344 2337 2407 commendavit;
2366 2353 2599 2397 utrumne
2623 2359 2733 2396 eam
2757 2342 3101 2412 incorruptam
3123 2351 3169 2396 et
3197 2343 3357 2396 invio.

1771 2440 1927 2495 latant
1968 2439 2301 2504 custodimus,
2352 2452 2419 2490 an
2464 2435 2799 2505 integritatem
2843 2435 2953 2501 ejus
2991 2444 3035 2488 et
3078 2435 3358 2489 castitatem

1772 2529 1975 2583 moechis
2007 2538 2052 2582 et
2078 2525 2456 2596 corruptoribus
2483 2525 2781 2596 prodimus?
2812 2524 2911 2591 Qui
2934 2527 3065 2579 enim
3094 2524 3359 2597 Baptisma

1774 2620 2015 2674 Ecclesia:
2036 2633 2301 2671 commune
2322 2633 2439 2670 cum
2473 2615 2718 2670 haereticis
2741 2617 2886 2685 facit,
2915 2633 3152 2685 sponsam
3173 2617 3359 2673 Christi

1772 2710 2019 2764 adulteris
2040 2707 2229 2779 prodit.

1843 2801 1933 2857 25.
1982 2798 2389 2870 BeSpondemus
2416 2814 2429 2851 :
2460 2796 2596 2866 Quid
2624 2797 2698 2851 illi
2725 2796 2814 2868 qui
2840 2812 2959 2852 cum
2989 2797 3355 2867 baptizantur,

1774 2892 1928 2949 labiis
1952 2932 1967 2958 ,
2000 2905 2104 2944 non
2135 2889 2296 2944 corde
2331 2895 2710 2942 convertuntur
2744 2886 2811 2940 ad
2852 2886 3153 2953 Dominum,
3184 2902 3360 2942 nonne

1775 2982 2128 3041 adulterinum
2154 2986 2387 3035 mentem
2422 2977 2647 3048 gerunt?
2688 2976 2875 3032 Nonne
2905 2974 3004 3047 ipsi
3032 2985 3158 3032 sunt
3180 2977 3361 3034 saeculi

1775 3077 2089 3141 dilectores,
2121 3072 2206 3128 cui
2241 3087 2347 3127 non
2383 3069 2536 3126 factis
2567 3069 2662 3126 sed
2695 3070 2874 3126 verbis
2901 3070 3360 3137 renuntiaverunt,

1777 3176 1832 3226 et
1866 3166 1987 3223 ideo
2012 3171 2358 3234 corrumpunt
2385 3176 2563 3218 mores
2588 3162 2759 3217 bonos
2787 3176 2885 3232 per
2911 3161 3174 3231 colloquia
3200 3161 3361 3228 mala,

1776 3257 2034 3327 dicentes,
2066 3253 2436 3311 Manducemus
2461 3261 2506 3310 et
2532 3251 2777 3318 bibamus,
2801 3266 2914 3305 cras
2935 3251 3071 3305 enim
3092 3251 3364 3305 moriemur

1779 3352 1825 3425 (l
1847 3352 1962 3408 Cor.
1987 3365 2078 3417 xv,
2104 3350 2193 3415 55,
2216 3347 2350 3417 52)?
2369 3345 2555 3402 Nonne
2583 3344 2742 3400 etiam
2764 3348 2948 3398 contra
2976 3341 3108 3399 istos
3128 3340 3363 3413 vigilavit

1779 3457 1956 3500 sermo
1979 3441 2322 3515 apostolicus,
2347 3439 2435 3494 ubi
2460 3437 2607 3503 dicit,
2636 3435 2806 3490 Timeo
2831 3444 2998 3490 autem
3019 3450 3080 3490 ne
3102 3434 3231 3489 sicut
3255 3450 3364 3490 ser-

1781 3552 1903 3607 pens
1946 3533 2108 3589 Evam
2145 3531 2344 3587 seduxit
2374 3529 2559 3584 astutia
2596 3543 2722 3593 sua,
2766 3525 2836 3580 sic
2878 3535 2924 3580 et
2963 3537 3138 3580 vestra:
3177 3536 3363 3580 mentes

1780 3635 2168 3698 corrumpantur
2190 3639 2223 3678 a
2247 3622 2475 3677 castitate
2496 3636 2608 3692 quae
2632 3628 2702 3675 est
2720 3620 2774 3674 in
2795 3617 2994 3672 Christo
3024 3617 3091 3687 (II
3116 3616 3234 3672 Cor.
3266 3632 3321 3671 xl
3345 3657 3361 3680 ,

1782 3717 1892 3790 '5)?
1932 3716 2068 3773 Cum
2107 3729 2234 3786 ergo
2259 3712 2457 3768 Christi
2496 3711 2764 3787 Baptisms
2802 3706 3096 3780 Cyprianus
3135 3705 3367 3761 habebat

1782 3821 2064 3864 commune
2093 3821 2213 3861 cum
2243 3804 2433 3859 talibus
2455 3843 2470 3870 ,
2503 3799 2758 3870 numquid
2789 3800 2909 3854 ideo
2932 3813 3183 3869 sponsam
3211 3796 3363 3853 Chri-

1783 3902 1851 3957 sti
1896 3900 2150 3972 prodebat
2183 3898 2438 3954 adulteris
2463 3939 2477 3965 ,
2516 3911 2579 3951 ac
2604 3911 2708 3950 non
2736 3895 2912 3972 potius
2953 3895 3149 3951 monile
3183 3894 3366 3965 sponsi

1785 3969 1944 4047 etiam
1976 3991 2027 4044 in
2054 3989 2294 4044 adultera
2318 3985 2711 4058 cognoscebat?
2734 3969 2741 3978 ’

1856 4080 2082 4136 CAPUT
2123 4078 2257 4134 XIV.
2288 4108 2360 4117 —
2387 4076 2478 4131 26.
2506 4075 2765 4146 Aymnius
2789 4074 2858 4129 ab
2883 4077 3125 4147 Ausuaga
3146 4074 3169 4107 ⁸
3197 4075 3364 4131 dixit:

1788 4173 1901 4228 Nos
1929 4189 2085 4225 unum
2108 4169 2370 4241 Baptisma
2401 4168 2703 4237 accepimus,
2734 4176 2781 4219 et
2809 4167 2976 4236 ipsum
2995 4183 3281 4223 exercemus
3301 4167 3323 4199 ⁵
3349 4184 3368 4221 :

1786 4265 1869 4334 qui
1915 4272 2081 4316 autem
2125 4260 2246 4313 dicit
2289 4262 2406 4328 quia
2442 4268 2488 4311 ct
2524 4256 2768 4310 haereticis
2811 4257 2924 4309 licet
2954 4257 3228 4327 baptizare,
3259 4258 3371 4326 ipse

1789 4355 1914 4408 duos
1941 4353 2210 4422 baptismos
2239 4351 2378 4421 facit.

1858 4444 1948 4499 27.
1970 4443 2101 4497 lluic
2119 4439 2497 4510 respondetur:
2518 4437 2623 4493 Cur
2644 4453 2747 4492 non
2763 4438 2924 4493 etiam
2943 4438 3030 4493 ille
3049 4437 3181 4493 duos
3206 4439 3370 4508 bapti.

1790 4552 1936 4595 smos
1977 4535 2133 4598 facit,
2175 4532 2265 4604 qui
2303 4531 2432 4586 dicit
2466 4529 2585 4599 quia
2613 4539 2666 4584 et
2697 4529 2859 4598 iniqui
2887 4529 3191 4598 baptizant?
3235 4528 3369 4583 Cum

1791 4629 1932 4684 enim
1977 4625 2101 4696 justi
2146 4632 2200 4679 et
2242 4621 2405 4692 iniqui
2450 4620 2550 4675 sibi
2593 4620 2842 4675 contrarii
2889 4620 3024 4683 sint;
3071 4620 3373 4689 Baptismus

1791 4734 1948 4791 quem
1978 4717 2105 4772 dant
2129 4714 2289 4786 justi,
2320 4713 2491 4784 qualis
2516 4722 2632 4767 erat
2655 4711 2877 4775 Paulus,
2908 4710 2989 4765 vel
3013 4711 3168 4764 etiam
3202 4712 3373 4782 qualis

1792 4819 1908 4866 erat
1944 4808 2274 4880 Cyprianus,
2318 4819 2423 4859 non
2465 4812 2547 4859 est
2582 4802 2881 4856 contrarius
2923 4801 3193 4872 Baptismo
3215 4819 3373 4874 quem

1793 4902 1991 4959 dabant
2014 4900 2178 4971 iniqui
2204 4898 2277 4954 illi
2304 4897 2394 4968 qui
2420 4896 2641 4951 oderant
2668 4893 2889 4948 Paulum
2914 4935 2929 4959 ,
2962 4909 3098 4964 quos
3126 4911 3231 4950 non
3261 4896 3375 4951 ba:-

1795 4994 2021 5055 reticos,
2052 4991 2145 5047 sed
2176 4989 2346 5045 malos
2369 4985 2657 5043 catholicos
2685 4984 2981 5056 Cyprianus
3009 4985 3254 5059 intelligit
3279 5004 3294 5042 :
3320 4996 3375 5044 et

1860 5245 1876 5275 ι
1916 5237 2218 5290 corbeiensis
2236 5233 2389 5284 codex
2409 5238 2460 5302 et
2477 5228 2556 5279 alii
2577 5229 2746 5302 plures
2765 5238 2893 5291 Mss,
2915 5243 3118 5294 magna.

1859 5306 1880 5336 ³
1912 5311 2011 5351 Am.
2036 5307 2089 5350 et
2109 5306 2213 5365 Er.,_
2228 5292 2510 5365 Iamponius
2531 5291 2837 5365 agatiniana.

1861 5366 1883 5397 ³
1911 5370 2043 5421 I.ov.,
2067 5374 2099 5410 a
2133 5353 2356 5421 'rliimisa;
2379 5361 2434 5403 Al
2456 5362 2554 5421 Am,
2579 5360 2653 5421 lar.
2677 5356 2926 5417 nostrique
2942 5353 3238 5414 antiquiores
3268 5357 3375 5400 Mss.

1798 5435 1849 5477 et
1870 5438 1993 5475 nova
2014 5414 2227 5486 éypriani
2246 5418 2410 5486 editio,
2435 5429 2466 5464 a
2493 5414 2665 5486 z’inisa.

1860 5472 1900 5518 ῖ
1912 5472 2016 5534 λῶ.
2041 5472 2093 5533 ei
2112 5472 2451 5541 Er.,_tymnius
2471 5475 2530 5541 ab
2547 5474 2828 5541 .tmuagiga.
2847 5472 3062 5541 Nonnulli
3085 5479 3210 5529 Mss,
3238 5479 3380 5539 Hym-

1796 5533 1925 5600 mius
1942 5533 2308 5609 ab'Ausuagidt't:
2326 5533 2990 5609 Mszmrheiensisfsynunus
3012 5533 3072 5581 ab
3092 5533 3376 5594 .msaugiga.

1797 5610 2106 5671 Georgianus,
2134 5600 2358 5671 Aginatius
2372 5600 2437 5671 ab
2462 5602 2743 5671 ,msuagiga.

1863 5672 1882 5703 '
1916 5662 1999 5719 Ilio
2021 5662 2101 5716 Er;
2121 5662 2300 5713 et'Lov.
2327 5662 2521 5723 addunt,
2550 5662 2757 5710 (euentus
2777 5665 2834 5707 et.
