3796 6172
469 204 552 268 ιι
1191 196 1279 253 DE
1317 191 1649 257 BAPTISMO
1686 186 1956 245 CONTRA
2003 176 2444 249 DON.\TISTAS,
2491 183 2548 240 S.
2590 181 2954 243 AUGUSTI?“

464 335 576 379 sum
602 316 878 374 contrarhe
902 314 1000 369 sibi
1030 312 1136 367 sint
1167 306 1490 365 continentia
1510 307 1527 336 ³
1570 318 1689 374 qua:
1715 300 1816 355 luit
1845 299 1897 353 in
1923 297 2033 367 Cy-

462 413 674 485 priane,
704 419 758 465 et
783 407 1000 462 avaritia
1024 419 1142 475 qua:
1167 401 1263 456 fuit
1297 401 1347 454 in
1373 397 1594 467 collegis
1618 392 1901 466 Cypriani;
1933 391 2034 445 Ba-

461 506 680 578 ptismus
709 512 881 556 tamen
909 512 1063 568 quem
1096 493 1390 566 Cyprianus
1418 489 1606 554 dabat,
1635 502 1740 543 non
1767 492 2032 578 erat-con—

461 575 650 651 trarius
678 593 946 661 Baptismo
971 602 1128 657 quem
1150 585 1225 639 illi
1258 583 1472 645 dabant,
1495 579 1588 634 sed
1612 594 1748 633 unus
1769 583 1824 631 et
1853 575 1990 629 idem
2018 590 2033 627 :

459 687 577 755 quia
604 684 692 738 ille
714 681 940 749 haptizat
959 677 1025 732 de
1049 690 1154 747 quo
1177 673 1376 729 dictum
1401 680 1504 735 est,
1527 669 1649 738 Ipse
1669 676 1743 722 est
1767 666 1853 736 qui
1874 663 2036 733 bapti-

455 784 537 830 sat
566 772 739 842 (Joun.
767 786 805 835 ι,
829 767 943 837 55).

525 861 751 919 CAPUT
788 859 905 915 XV.
931 888 1004 898 —
1021 856 1111 911 28.
1144 852 1459 909 Saturninus
1484 864 1514 903 a
1534 845 1837 901 Victoriana
1858 842 1989 898 dixit
2017 858 2032 896 :

458 953 522 1009 Si
550 954 662 1007 licet
687 950 929 1005 haereticis
958 947 1230 1017 baptizare,
1253 940 1477 996 excusati
1504 947 1617 992 sunt
1641 947 1691 990 et
1719 933 1912 1005 defensi
1934 934 2037 987 illi-

463 1046 558 1100 :ita
572 1044 812 1115 facientes
838 1057 850 1093 :
874 1055 962 1093 nec
987 1036 1127 1091 video
1155 1050 1308 1105 quare
1331 1048 1413 1085 eos
1432 1039 1520 1083 aut
1545 1026 1772 1084 Christus
1794 1024 2036 1080 adversa-

485 1150 561 1188 tos
598 1148 735 1193 suos,
767 1139 853 1183 aut
878 1125 1144 1199 Apostolus
1168 1122 1483 1177 antichristos
1511 1115 1856 1187 appellaverit.

526 1222 617 1277 29.
651 1222 785 1275 lluic
814 1216 1161 1288 respondetur
1189 1232 1203 1266 :
1229 1212 1318 1267 Sic
1345 1209 1570 1265 dicimus
1600 1222 1703 1261 non
1734 1202 1896 1259 licere
1922 1201 2037 1256 ha:-

461 1313 642 1369 reticis
679 1312 979 1382 baptizare,
1021 1304 1286 1375 quomodo
1314 1302 1539 1357 dicimus
1575 1315 1678 1353 non
1710 1298 1870 1352 licere
1896 1295 2038 1350 frau-

460 1402 735 1457 datoribus
761 1394 1058 1469 baptizare?
1101 1394 1212 1449 Non
1239 1392 1379 1447 enim
1411 1388 1661 1444 baerctico
1690 1396 1915 1450 tantum,
1943 1385 2037 1441 sed

462 1492 726 1563 peccatori
758 1491 924 1560 inquit
969 1488 1143 1547 Dens,
1192 1482 1380 1553 thuid
1417 1496 1619 1534 enarras
1647 1476 2039 1549 justiﬁcationes

461 1600 620 1646 meas,
663 1591 710 1636 et
752 1579 966 1634 assumis
1008 1584 1355 1642 testamentum
1397 1587 1560 1624 meum
1605 1585 1693 1639 per
1742 1584 1798 1622 os
1851 1566 2039 1620 tuum?

462 1673 588 1729 huic
630 1673 810 1742 utique
856 1670 1009 1733 dixit,
1051 1667 1113 1723 Si
1154 1666 1354 1720 videbas
1400 1667 1583 1734 furem,
1628 1659 1956 1715 concurrebas
1994 1658 2039 1712 ei

467 1763 650 1834 (Psal.
684 1777 826 1825 thx,
857 1761 941 1824 l6,
972 1758 1100 1825 l8).
1151 1757 1361 1825 Quanto
1403 1768 1530 1823 ergo
1567 1752 1639 1805 illi
1681 1751 1911 1820 pejores,
1950 1748 2040 1820 qui

462 1869 572 1908 non
600 1867 720 1907 cum
750 1850 951 1905 furibus
974 1846 1398 1909 concurrebant,
1429 1842 1522 1897 sed
1559 1842 1656 1911 ipsi
1698 1839 1887 1895 fundos
1915 1838 2044 1893 insi.

465 1943 631 1999 diosis
672 1940 944 1996 fraudibus
980 1936 1286 2007 rapiebant?
1330 1933 1422 1988 sed
1452 1947 1557 1986 nun
1588 1933 1667 1985 eis
1695 1928 2044 1984 concurrebat

464 2032 782 2106 Cyprianus,
808 2028 1050 2100 quamvis
1075 2041 1169 2081 eos
1195 2025 1245 2078 in
1269 2023 1528 2077 catholica
1556 2029 1735 2090 segete
1766 2018 2039 2082 toleraret,

466 2141 535 2180 ne
553 2123 712 2179 simul
732 2121 1092 2177 eradicaretur
1114 2130 1166 2172 et
1187 2116 1439 2171 triticum.
1473 2113 1538 2167 Et
1560 2121 1732 2167 tamen
1753 2112 1914 2166 etiam
1943 2110 2043 2180 ipsi

462 2228 621 2284 quem
650 2211 885 2271 dabant,
930 2208 1069 2263 idem
1109 2207 1222 2274 ipse
1266 2204 1564 2273 Baptismus
1594 2211 1737 2265 erat;
1778 2201 1898 2270 quia
1938 2213 2043 2254 non

466 2303 522 2372 ip
551 2317 727 2365 ornm,
760 2300 854 2377 sed
882 2297 1078 2353 Christi
1108 2305 1239 2351 erat.
1270 2294 1418 2349 Sicut
1442 2305 1570 2361 ergo
1596 2291 1701 2357 isti,
1725 2289 1968 2360 quamvis
1990 2287 2045 2343 in

464 2393 546 2448 eis
571 2390 767 2445 CltriSti
794 2389 1095 2459 Baptismus
1115 2393 1452 2457 agnoscatur,
1479 2397 1583 2436 non
1606 2391 1728 2434 sunt
1753 2390 1928 2435 tamen
1948 2392 2044 2433 ex-

465 2482 636 2538 cusati
663 2492 716 2537 et
740 2479 940 2536 defensi
972 2478 1150 2533 illicita
1185 2475 1438 2530 facientes
1458 2514 1472 2539 ,
1503 2482 1555 2528 et
1587 2480 1729 2525 recte
1749 2470 1870 2524 illos
1893 2469 2046 2522 Chri-

465 2583 582 2628 stus
603 2570 935 2625 adversarios
969 2583 1095 2622 suns
1119 2565 1350 2635 appellat
1375 2606 1390 2629 ,
1420 2563 1540 2632 quia
1572 2562 1623 2614 in
1651 2560 1838 2614 talibus
1866 2573 2047 2627 perse-

466 2671 716 2716 verantes
744 2658 970 2712 audituri
997 2665 1143 2721 sunt,
1176 2653 1410 2709 Rccedite
1433 2668 1465 2705 a
1491 2668 1570 2705 me
1593 2692 1606 2714 ,
1652 2650 1739 2720 qui
1768 2648 2045 2720 operamini

466 2753 777 2819 iniquitatem
804 2749 1016 2819 (Matth.
1041 2763 1133 2814 vn,
1160 2747 1275 2815 25);
1298 2745 1439 2798 unde
1464 2754 1517 2798 et
1544 2741 1840 2795 antichristi
1865 2739 2049 2809 appel-

470 2841 665 2908 lantur,
698 2841 820 2911 quia
849 2839 1063 2894 Christo
1088 2836 1339 2892 contrarii
1368 2843 1511 2900 sunt,
1541 2833 1665 2886 dum
1691 2842 1872 2886 contra
1903 2829 2044 2900 quod

467 2933 707 3006 praecipit
735 2933 916 2984 vivunt
943 2947 955 2983 :
987 2931 1057 2982 ita
1086 2935 1141 2981 et
1167 2926 1421 2980 heretici.

528 3021 763 3077 .CAPUT
809 3019 944 3075 XVI.
993 3046 1066 3059 --
1108 3017 1197 3073 '50.
1241 3017 1391 3071 Alius
1441 3014 1757 3070 Saturninus
1798 3027 1827 3066 a
1871 3012 2071 3067 Tucca.

469 3115 609 3171 dixit
634 3134 646 3167 :
678 3113 927 3177 Gentiles,
958 3112 1181 3182 quamvis
1207 3109 1344 3162 idola
1370 3108 1568 3174 colant,
1595 3115 1759 3159 tamen
1799 3121 2049 3159 summum

471 3206 636 3260 Deum
673 3203 875 3257 Patrem
900 3210 1170 3256 creatorem
1204 3207 1505 3268 cognoscunt
1547 3206 1593 3250 et
1630 3197 1947 3264 conﬁtentur.
1981 3192 2049 3247 In

470 3297 604 3351 hunc
632 3294 859 3349 Marcion
885 3291 1196 3361 blasphemat
1219 3332 1234 3356 ,
1282 3298 1326 3341 et
1368 3286 1570 3358 quidam
1610 3302 1709 3339 non
1757 3284 2050 3337 erubescunt

470 3385 750 3440 Marcionis
785 3381 1103 3453 Baptismunt
1143 3380 1354 3451 probare
1383 3375 1480 3450 (a).
1532 3376 1793 3443 Quomodo
1817 3377 1941 3429 tales
1966 3391 2050 3428 sa-

469 3476 694 3532 cerdotes
722 3474 1053 3529 sacerdotium
1077 3471 1172 3525 Dei
1197 3481 1281 3525 aut
1303 3479 1522 3535 servant,
1552 3480 1637 3523 aut
1661 3469 1933 3529 vindicant,
1965 3468 2052 3539 qui

472 3568 637 3623 hostes
661 3566 753 3620 Dei
778 3582 877 3619 non
900 3565 1176 3633 baptizant,
1204 3572 1251 3616 et
1276 3562 1347 3614 sic
1371 3560 1472 3615 illis
1502 3559 1912 3614 communicant?

544 3658 635 3712 5|.
679 3654 1049 3724 Respondetur
1082 3671 1094 3705 :
1126 3651 1389 3706 Nimirum
1428 3666 1548 3704 cum
1599 3651 1720 3704 talia
1760 3649 2047 3713 dicuntur,

473 3745 747 3803 exceditnr
775 3743 985 3809 modus,
1017 3757 1115 3796 nec
1140 3740 1505 3796 consideratur
1524 3739 1644 3807 quia
1667 3747 1722 3793 et
1742 3739 1836 3808 ipsi
1862 3738 2052 3791 talibus

474 3832 965 3896 communicabant,
992 3831 1238 3885 neminem
1258 3830 1568 3900 judicantes,
1593 3837 1678 3881 aut
1712 3845 1743 3881 a
1764 3830 1885 3898 jure
1916 3843 2052 3880 com-

475 3923 729 3980 munionis
752 3923 988 3992 aliquem,
1017 3921 1061 3974 si
1086 3920 1333 3974 diuersum
1358 3918 1588 3985 senserit,
1615 3926 1918 3971 amoventes.
1945 3914 2050 3970 Sed

477 4016 640 4072 habet
663 4016 762 4070 istc
788 4014 840 4068 in
879 4012 980 4068 hac
1021 4013 1132 4082 ipsa
1171 4010 1431 4067 sententia
1472 4025 1564 4064 sua
1605 4008 1745 4064 unde
1778 4004 2051 4063 admoneri

478 4114 694 4177 posset,
726 4104 770 4159 si
801 4102 1119 4168 adverteret,
1143 4101 1193 4156 id
1222 4102 1272 4155 in
1299 4115 1509 4171 quoque
1535 4098 1904 4169 corrigendum
1932 4113 2052 4153 esse

474 4197 617 4270 quod
646 4213 863 4268 pravum
893 4204 973 4250 est
998 4236 1011 4261 ,
1041 4195 1181 4265 quod
1210 4203 1382 4248 autem
1414 4202 1614 4247 rectum
1643 4201 1725 4247 est
1749 4191 2050 4261 approban-

475 4293 640 4347 dum:
669 4288 1090 4361 quandoquidem
1132 4287 1222 4350 ait,
1253 4285 1491 4350 Gentiles,
1520 4286 1743 4355 quamvis
1785 4285 1923 4337 idola
1962 4299 2051 4336 eo-

472 4386 601 4446 lant,
632 4392 797 4435 tamen
825 4396 1077 4434 summum
1113 4378 1274 4431 Deum
1312 4378 1513 4431 Putrem
1555 4386 1826 4430 creatorem
1861 4391 2050 4445 cogno-
2085 4381 2095 4389 “

472 4487 618 4533 scunt
639 4487 684 4531 et
710 4477 1028 4544 conﬁtentur.
1057 4474 1111 4528 Si
1137 4474 1254 4542 quis
1282 4488 1406 4542 ergo
1422 4471 1485 4526 ad
1516 4472 1677 4524 Deum
1705 4469 1822 4524 talis
1842 4468 2053 4539 gentilis

474 4569 701 4631 veniret,
733 4565 989 4634 numquid
1020 4563 1168 4616 vellet
1192 4563 1244 4615 in
1266 4577 1331 4616 eo
1351 4563 1616 4630 corrigere
1638 4569 1795 4630 atque
1821 4570 2047 4626 mutare,

474 4658 615 4730 quod
647 4658 813 4711 Deum
842 4655 1055 4709 Patrem
1087 4661 1379 4706 creatorem
1410 4650 1759 4705 confitebatur
1795 4659 1850 4705 et
1884 4664 2051 4705 nove-

474 4750 592 4804 rat?
638 4748 752 4803 Non
796 4756 923 4818 puto
942 4749 984 4810 ',
1017 4743 1112 4799 sed
1154 4742 1460 4797 emendaret
1491 4743 1541 4795 in
1571 4757 1636 4795 eo
1663 4741 2010 4795 idololatriam
2032 4781 2047 4805 ,

477 4836 620 4907 quod
662 4838 858 4890 malum
899 4833 1160 4896 habebat;
1192 4841 1245 4885 et
1272 4830 1503 4884 traderet
1540 4828 1880 4884 Sacramenta
1910 4829 2053 4883 chri.

476 4928 664 4984 stiana.
695 4941 811 4993 qua:
835 4940 939 4978 non
965 4923 1191 4977 habebat
1226 4940 1238 4975 :
1265 4930 1318 4975 ct
1341 4920 1384 4974 si
1410 4918 1534 4989 quid
1563 4927 1761 4973 rectum
1790 4929 1972 4973 nosset
1997 4919 2050 4974 in

477 5032 564 5083 eo,
592 5013 936 5086 approbaret;
972 5014 1015 5067 si
1037 5012 1164 5082 quid
1195 5011 1454 5066 inveniret
1485 5022 1795 5080 perversum
1824 5050 1837 5076 ,
1871 5024 2047 5064 emen-

538 5170 555 5200 ¹
591 5166 726 5225 Edili,
750 5165 841 5215 sibi
878 5165 971 5217 sint
1014 5178 1199 5228 semper
1220 5169 1521 5216 continentia.
1562 5164 1722 5224 Abest,
1755 5176 1960 5227 semper,
2003 5166 2051 5215 in

433 5246 437 5258 ·
473 5229 826 5288 manuscriptis.

537 5291 557 5351 ξ
592 5290 752 5346 Abest,
775 5301 867 5338 non
887 5294 1017 5351 puto,
1041 5301 1068 5337 a
1090 5289 1339 5351 manuscrij
1360 5289 1437 5351 tis_.

536 5350 610 5411 (a)
633 5351 855 5411 Loquitur
887 5348 953 5399 de
988 5350 1226 5410 Stephano
1265 5348 1503 5406 Pontiﬁce,
1526 5348 1591 5397 de
1629 5359 1727 5410 quo
1760 5349 1813 5411 in
1836 5350 2051 5410 Cypriani

473 5417 517 5473 lii
538 5409 645 5461 isto]
662 5427 672 5457 ι
692 5409 769 5466 7i,
797 5411 854 5458 ad
879 5409 1180 5473 Pompeium:
1216 5428 1236 5454 ι
1258 5418 1347 5458 Cur
1370 5414 1417 5458 iu
1444 5417 1626 5473 tantum
1648 5409 1878 5473 Stephani
1896 5409 2053 5473 fratris

480 5470 673 5521 (nostri
696 5474 952 5522 obstinatio
965 5470 1084 5521 dura
1104 5473 1333 5533 prorupit.
1362 5478 1415 5520 ut
1433 5471 1577 5533 etiam
1597 5470 1661 5519 de
1691 5470 1937 5519 Marcionis
1966 5476 2051 5520 Ba-

481 5551 501 5577 ι
529 5535 754 5593 ιιὶςιηο...
773 5542 818 5581 et
844 5530 1130 5582 ca-terorum
1153 5530 1272 5593 blas'j
1293 5532 1587 5580 bemantinm
1608 5533 1656 5581 in
1680 5538 1831 5580 Deum
1844 5538 2048 5592 ratrem,

480 5610 504 5639 ι
525 5595 782 5644 contendat
805 5593 922 5643 [ilics
946 5602 1042 5643 Deo
1066 5593 1230 5641 nasci?
1247 5610 1267 5633 ι

3634 178 3771 241 2311

2141 292 2319 359 daret;
2347 295 2391 349 si
2415 295 2541 365 quid
2565 295 2858 362 defuisset,
2889 297 3060 353 daret.
3098 297 3187 353 Sic
3210 305 3266 353 ct
3293 297 3347 353 in
3382 297 3734 378 marcionista
3770 284 3771 297 ¹

2143 385 2393 441 barretieo
2431 394 2747 457 agnosceret
2786 387 3040 458 Baptismi
3079 388 3462 459 integritatem,
3490 376 3735 457 corrige—
3770 376 3771 381 “

2141 489 2224 533 ret
2239 479 2356 547 ejus
2393 480 2793 548 perversitatem
2815 522 2831 546 ,
2852 480 3067 536 doceret
3086 481 3403 536 catholicam
3427 481 3735 535 veritatem.

2210 567 2434 625 CAPUT
2472 569 2633 625 XVII.
2665 600 2736 610 —
2764 570 2851 626 32.
2901 566 3180 627 Marcellus
3218 587 3249 626 a
3294 569 3461 625 Zama
3484 571 3502 603 ¹
3550 569 3733 625 dixit:

2140 659 2266 714 Cum
2292 671 2494 731 peccata
2522 663 2724 716 nonnisi
2748 663 2801 716 in
2822 662 3082 733 Baptismo
3107 661 3347 717 Ecclesia:
3374 663 3736 723 remittantur;

2139 751 2227 821 qui
2250 728 2537 805 luereticum
2563 769 2666 806 non
2693 728 2936 822 baptizat,
2961 750 3211 822 peccatori
3238 755 3602 807 communicat.
3770 728 3771 817 ξ

2210 842 2298 897 55.
2339 842 2471 909 Quid
2503 843 2591 897 ille
2616 842 2705 914 qui
2750 843 2852 898 hoc
2881 843 3088 899 facienti
3126 846 3523 911 communicat,
3551 859 3732 899 nonne

2138 933 2403 1001 peccatori
2446 935 2838 989 communicat?
2880 934 3014 1003 Quid
3057 944 3232 990 autem
3281 935 3426 990 aliud
3469 935 3731 992 faciebant

2139 1039 2328 1080 omnes
2349 1024 2647 1095 judicantes
2677 1027 2964 1095 neminem,
2997 1037 3089 1082 aut
3114 1044 3144 1081 a
3170 1028 3293 1097 jure
3333 1026 3730 1083 communionis
3770 1012 3771 1083 ξ

2139 1126 2446 1173 amoventes
2472 1117 2681 1174 diversa
2710 1119 3065 1174 sentientem?
3091 1117 3187 1175 Ubi
3205 1127 3287 1175 est
3307 1135 3433 1188 ergo
3463 1114 3731 1175 Ecclesia?
3770 1130 3771 1195 ξ

2140 1209 2221 1263 An
2251 1210 2591 1279 patientibus,
2622 1219 2677 1267 et
2701 1226 2768 1266 ne
2810 1212 3041 1266 triticum
3069 1212 3384 1277 eradicetur,
3414 1214 3621 1269 zizania
3648 1224 3728 1267 to-
3770 1200 3771 1271 ξ

2142 1299 2435 1356 lerantibus
2464 1302 2676 1373 (Matth.
2710 1319 2828 1368 xm,
2850 1302 2944 1374 29)
2971 1304 3068 1358 ista
3111 1319 3216 1359 non
3239 1301 3474 1360 obsunt?
3497 1302 3689 1360 Dicant
3709 1308 3727 1336 '
3770 1304 3771 1381 ξ

2139 1406 2268 1463 ergo
2297 1392 2382 1447 isti
2411 1435 2425 1458 ,
2476 1394 2566 1464 qui
2594 1408 2653 1449 se
2676 1394 2744 1449 ab
2765 1395 2895 1450 orbe
2925 1405 3187 1451 terrarum
3215 1395 3406 1452 frustra
3430 1396 3727 1467 separando

2141 1484 2472 1554 sacrilegium
2516 1486 2816 1541 scbismatis
2858 1486 3227 1554 admiserunt,
3286 1482 3469 1559 utquid
3532 1484 3728 1543 habent

2143 1575 2197 1629 in
2253 1592 2347 1632 ore
2415 1578 2731 1634 sententiam
2783 1576 3066 1651 Cypriani,
3121 1581 3209 1649 qui
3275 1596 3380 1635 non
3428 1579 3627 1635 habent
3675 1580 3724 1635 in

2142 1665 2303 1722 corde
2332 1665 2580 1738 Cypriani
2609 1668 2947 1736 patientiam?
2971 1669 3102 1724 lluic
3125 1680 3299 1725 autem
3345 1668 3596 1725 Marcello
3639 1687 3727 1725 re-
3770 1692 3771 1703 π

2143 1759 2433 1829 Spondetur
2456 1777 2520 1814 ex
2549 1760 2630 1815 bis
2655 1778 2772 1829 qua:
2797 1761 2864 1816 de
2886 1761 3155 1831 Baptismo
3181 1769 3234 1818 et
3264 1761 3581 1819 remissione
3604 1777 3726 1834 pec-

2144 1861 2382 1905 calorum
2424 1868 2581 1922 supra
2622 1852 2759 1906 dicta
2797 1862 2940 1919 sunt,
2972 1854 3240 1923 quomodo
3269 1857 3437 1925 pessit
3461 1870 3584 1911 esse
3621 1851 3695 1910 Ba

2148 1941 2371 2010 ptismus
2401 1942 2451 1996 in
2485 1942 2698 1998 homine
2719 1984 2733 2010 ,
2765 1944 3011 2013 quamvis
3039 1960 3144 1999 non
3186 1944 3255 2001 sit
3295 1947 3347 2000 in
3389 1962 3455 2001 eo
3482 1944 3723 2001 remissio
3770 1946 3771 1987 ἒ

2145 2041 2483 2102 peccatorum
2494 2073 2504 2085 .

2215 2120 2441 2177 CAPUT
2473 2121 2654 2177 XVIII.
2678 2154 2743 2163 -—
2766 2123 2855 2179 54.
2890 2122 3121 2181 [renatus
3144 2125 3209 2179 ab
3234 2120 3406 2181 Ululis
3426 2126 3447 2158 ³
3469 2124 3639 2182 dixit:
3663 2125 3719 2182 Si
3770 2166 3771 2182 ι

2146 2212 2258 2267 ideo
2292 2213 2517 2267 Ecclesia
2544 2214 2835 2270 haereticum
2862 2233 2961 2269 non
2983 2217 3377 2287 baptizat,quod
3404 2218 3602 2273 dicatur
3611 2218 3721 2292 jam

2148 2305 2429 2375 baptizatus
2458 2323 2563 2360 esse
2578 2324 2596 2371 ;
2622 2306 2823 2361 Itwresis
2848 2309 3013 2378 major
3040 2318 3133 2362 est.

2218 2396 2306 2451 55.
2347 2395 2891 2466 ReSpondeturzlloc
2934 2397 3095 2453 modo
3133 2398 3235 2454 dici
3265 2408 3480 2469 posset,
3510 2398 3564 2455 Si
3606 2399 3720 2455 ideo
3770 2392 3771 2451 Ξ

2147 2500 2365 2540 avarum
2396 2487 2631 2542 Ecclesia
2659 2502 2763 2541 non
2793 2487 3026 2558 baptizat
3046 2530 3060 2553 ,
3089 2487 3229 2558 quod
3257 2488 3466 2545 dicatur
3486 2489 3592 2561 jam
3631 2490 3720 2545 ba-

2149 2578 2374 2648 ptizatus
2399 2594 2552 2643 esse,
2585 2579 2803 2633 avaritia
2844 2578 3018 2650 major
3041 2588 3142 2635 est.
3182 2578 3294 2635 Hoc
3333 2590 3511 2636 autem
3535 2581 3714 2637 falsum

2149 2678 2229 2723 est
2254 2687 2266 2722 :
2294 2670 2363 2723 ita
2392 2684 2520 2739 ergo
2543 2676 2596 2724 et
2626 2669 2776 2724 illud.

2219 2758 2445 2815 CAPUT
2473 2758 2613 2814 XIX.
2654 2789 2726 2800 —-
2762 2758 2850 2815 '56.
2893 2759 3128 2814 Donatus
3178 2774 3208 2813 a
3246 2758 3514 2817 Cibaliana
3555 2761 3714 2817 dixit:
3770 2826 3771 2835 χ

2151 2850 2262 2922 Ego
2290 2868 2441 2906 unam
2468 2851 2747 2907 Ecclesium
2775 2862 2822 2907 et
2848 2870 3003 2907 unum
3030 2853 3345 2923 Baptismum
3373 2857 3481 2926 ejus
3506 2855 3634 2909 nari.
3661 2852 3716 2908 Si

2150 2954 2222 3000 est
2261 2946 2344 3015 qui
2384 2946 2518 2998 dicat
2561 2962 2667 3001 esse
2712 2946 2851 3016 apud
2879 2945 3139 3022 hceretiCos
3184 2945 3436 3016 Baptismi
3478 2948 3713 3017 gratiam,

2151 3046 2267 3091 ante
2294 3047 2366 3091 est
2391 3047 2444 3091 ut
2473 3037 2702 3091 ostendat
2727 3044 2772 3091 et
2799 3040 2972 3109 probet
2996 3054 3102 3092 esse
3126 3039 3231 3092 illic
3254 3038 3549 3093 Ecclesium.

2222 3129 2311 3185 57.
2354 3129 2486 3183 lluic
2529 3128 2883 3198 respondetur
2919 3146 2933 3182 :
2973 3129 3028 3184 Si
3083 3130 3333 3199 Baptismi
3369 3132 3585 3201 gratiam
3624 3129 3715 3183 hoc

2152 3234 2270 3273 esse
2300 3219 2433 3275 dicis
2454 3220 2591 3289 quod
2615 3230 2697 3274 cst
2723 3220 3045 3289 Baptismus,
3077 3228 3157 3275 est
3179 3221 3317 3291 apud
3347 3222 3616 3278 lizereticos
3641 3222 3713 3275 :si

2152 3321 2328 3366 autem
2362 3311 2663 3379 Baptismus
2691 3320 3080 3366 sacramentum
3111 3321 3192 3366 cst
3216 3314 3428 3383 gratiae,
3462 3313 3569 3383 ipsa
3602 3328 3712 3367 vero

2151 3402 2319 3468 gratia
2345 3400 2563 3455 abolitio
2594 3410 2928 3470 peccatorum
2954 3411 3067 3466 est,
3096 3416 3200 3457 non
3245 3413 3327 3457 est
3351 3404 3490 3473 apud
3518 3402 3712 3458 lucreti-

2153 3504 2246 3544 cos
2276 3489 2529 3559 Baptismi
2559 3492 2747 3559 gratia.
2774 3492 2862 3546 Sic
2887 3501 2968 3546 est
2992 3503 3167 3547 autem
3196 3509 3357 3548 unum
3386 3495 3639 3565 Baptisma
3665 3503 3712 3548 et

2152 3596 2255 3635 una
2278 3581 2535 3647 Ecclesia,
2559 3581 3005 3652 quemadmodum
3032 3594 3116 3638 est
3140 3599 3239 3638 una
3268 3600 3413 3654 spes.
3436 3585 3576 3640 Sicut
3598 3598 3711 3653 ergo
3770 3586 3771 3623 ἓ

2155 3672 2277 3727 boni
2307 3681 2361 3728 et
2388 3673 2543 3738 mali,
2574 3689 2679 3727 non
2709 3672 2963 3729 habentes
2989 3689 3145 3729 unam
3181 3689 3367 3745 spem,
3402 3684 3615 3747 possunt
3639 3684 3709 3728 ta-

2154 3779 2274 3818 men
2303 3763 2499 3818 habere
2522 3778 2683 3817 unum
2713 3763 3012 3833 Baptisma;
3044 3764 3112 3818 ita
3135 3765 3327 3835 quibus
3351 3781 3457 3820 non
3483 3774 3565 3821 est
3583 3778 3710 3820 com-

2155 3855 2331 3908 munis
2357 3852 2615 3918 Ecclesia,
2643 3862 2816 3924 potest
2842 3853 3111 3922 Baptisma
3141 3869 3260 3910 esse
3286 3870 3584 3911 commune.

2223 3945 2450 4002 CAPUT
2492 3944 2612 3999 XX.
2654 3976 2726 3986 —
2764 3945 2852 4001 58.
2894 3946 3144 4002 Zozimus
3181 3964 3210 4001 a
3256 3948 3514 4004 Tbarassa
3558 3949 3707 4004 dixit:
3770 3938 3771 3943 “

2156 4035 2477 4091 Βιυειαιίοηε
2501 4037 2637 4105 facta
2665 4037 2909 4103 veritatis,
2940 4036 3085 4091 cedat
3112 4054 3255 4092 error
3282 4040 3485 4093 veritati
3506 4055 3524 4093 :
3543 4040 3652 4110 quia
3668 4046 3706 4092 et

2160 4128 2344 4182 Petrus
2371 4131 2458 4196 qui
2485 4128 2624 4196 prius
2650 4127 3030 4181 circumcidebut
3051 4169 3066 4193 ,
3096 4129 3239 4182 cessit
3285 4126 3453 4185 Paulo
3477 4130 3707 4184 ueritatem

2156 4218 2452 4289 praedicanti
2481 4215 2671 4287 (Galat.
2705 4232 2771 4282 ιι,
2809 4217 2918 4287 il).
3588 4226 3601 4233 '

2227 4310 2313 4363 59.
2347 4308 2716 4378 Respondetur
2740 4327 2752 4358 τ
2779 4310 2960 4365 Potest
2988 4312 3146 4366 etiam
3175 4321 3354 4368 nostra
3380 4329 3497 4369 esse
3521 4324 3706 4368 senten-

2157 4403 2226 4459 tia
2246 4403 2377 4475 ἆραι,
2409 4412 2462 4458 et
2504 4403 2573 4457 ita
2606 4402 2796 4457 factum
2828 4413 2911 4458 est
2952 4404 3003 4457 in
3052 4405 3151 4459 hac
3179 4405 3246 4459 de
3289 4406 3556 4476 Bnptismo
3579 4422 3704 4475 qum-

2155 4496 2347 4550 stione.
2378 4493 2508 4548 Nam
2544 4495 2765 4550 veritate
2804 4504 2985 4564 postea
3037 4495 3284 4565 liquidius
3323 4498 3544 4553 revelata
3570 4495 3705 4551 cessit

2157 4603 2309 4642 error
2330 4587 2532 4641 veritati
2556 4627 2568 4649 ,
2591 4602 2711 4642 cum
2740 4584 2826 4639 illa
2853 4586 3201 4641 saluberrima
3224 4589 3550 4643 consuetudo
3571 4591 3701 4643 etiam

2155 4680 2378 4751 plenarii
2408 4678 2613 4733 concilii
2643 4678 2955 4733 auctoritate
2985 4679 3188 4732 firmata
3226 4680 3496 4736 est.«Bene
3523 4693 3699 4741 tamen,

2156 4770 2297 4839 quod
2339 4770 2493 4823 toties
2523 4769 2881 4824 meminerunt
2919 4769 3078 4823 etiam
3105 4769 3331 4838 primum
3363 4770 3699 4842 Apostolorum

2157 4863 2370 4917 Petrum
2399 4861 2636 4931 potuisse
2673 4852 2841 4916 aliter
2866 4874 3055 4930 sapere
3082 4877 3237 4931 quam
3276 4863 3472 4916 veritas
3498 4860 3700 4933 postula-

2157 4955 2279 5014 bat;
2324 4953 2465 5025 quod
2510 4952 2768 5009 accidisse
2809 4953 2968 5007 etiam
3008 4952 3273 5023 Cypriane
3317 4954 3432 5009 sine
3468 4955 3562 5008 ulla
3604 4951 3699 5018 ejus

2158 5047 2475 5103 contumelia
2517 5045 2819 5109 credimus,
2853 5044 3170 5114 quicumque
3213 5044 3481 5115 diligimus
3507 5043 3697 5114 Cypria-
3770 5080 3771 5111 ξ

2159 5139 2463 5208 num:quia
2510 5153 2614 5192 non
2642 5150 2763 5191 eum
2812 5138 2889 5189 tas
2929 5144 3013 5189 est
3053 5134 3199 5206 diligi
3244 5138 3430 5205 majori
3478 5137 3698 5191 charltate
3770 5156 3771 5159 η

2157 5246 2313 5302 quam
2344 5229 2579 5284 Petrum.

2220 5344 2237 5374 ί
2271 5339 2574 5389 corbeiensis
2601 5345 2703 5396 Ms.,
2722 5350 2753 5386 a
2780 5344 2946 5387 Dama.

2219 5406 2437 5469 {Plures
2460 5409 2585 5458 MSS.,
2608 5398 2812 5449 discant.
2930 5466 2939 5469 Α
3040 5456 3052 5469 _
3098 5466 3134 5469 __
3196 5457 3226 5469 η

2220 5466 2241 5497 ³
2273 5456 2592 5513 Lovanienses
2625 5466 2964 5519 correxerunt,
3001 5456 3064 5519 ab
3093 5457 3248 5510 Usulis
3277 5462 3428 5519 :quia
3466 5459 3629 5512 scilicet
3655 5457 3692 5505 tn

2156 5526 2480 5638 llielzsfmeontra
2502 5522 2823 5583 (:resoonium,
2846 5534 2897 5570 n.
2920 5518 2998 5583 22,
3022 5518 3248 5583 legimus,
3285 5518 3567 5572 Theodorum
3598 5527 3689 5568 ωυ-
