3812 6124
86 227 185 287 εδδ

151 340 378 399 CAPUT
425 339 572 395 XXI.
618 368 688 379 —
728 337 818 394 40.
856 336 1098 393 Julianus
1150 354 1180 393 a
1230 338 1448 409 Telcpte
1493 339 1669 393 dixit:

91 436 351 506 Scriptum
378 443 473 502 est,
507 451 526 485 ι
559 431 724 487 Nemo
750 440 910 502 potest
938 432 1169 501 accipere
1194 432 1413 503 aliquid,
1446 432 1545 486 nisi
1574 434 1674 485 da-

88 538 183 580 tum
206 526 284 581 illi
309 526 465 596 fuerit
498 525 562 580 de
588 526 712 580 caelo
743 544 762 578 ›
802 522 979 596 (Joan.
1013 539 1101 592 ut,
1134 524 1250 597 27).
1281 522 1344 581 Si
1372 524 1575 580 haeresis
1603 524 1668 578 de

87 619 200 674 calo
227 626 299 673 est
315 658 332 686 ,
368 625 531 688 potest
556 616 825 687 Baptisma
849 618 993 671 dare.

150 710 237 765 41.
278 708 478 765 Audiat
499 718 554 766 et
580 710 742 766 alium
769 710 1035 767 dicentem
1062 727 1075 763 :
1104 708 1162 766 Si
1186 709 1409 766 avaritia
1435 710 1503 766 de
1529 710 1669 767 caelo

86 810 179 869 est,
208 811 389 876 potest
412 801 681 873 Baptisms
722 802 870 859 dare.
903 802 973 858 Et
998 810 1174 859 tamen
1214 801 1345 858 dant
1380 802 1565 857 avari:
1593 802 1671 858 sic

88 908 209 964 ergo
235 902 290 951 et
321 893 584 951 haeretici.

150 987 379 1044 CAPUT
401 987 567 1044 XXII.
589 989 763 1047 -42.
794 990 1024 1047 Faustus
1040 1005 1073 1045 a
1096 988 1304 1045 Timida
1328 990 1473 1062 regia
1495 989 1629 1046 dixit
1654 1007 1669 1045 :

88 1080 201 1136 Non
227 1082 324 1135 sibi
370 1081 697 1137 blandiantur
721 1082 808 1154 qui
836 1082 1081 1138 hcereticis
1122 1084 1527 1154 patrocinantur.
1570 1082 1672 1149 Qui

90 1192 173 1245 pro
220 1175 474 1231 haereticis
521 1176 852 1233 ecclesiastico
906 1176 1170 1249 Baptismo
1205 1177 1500 1247 intercedit,
1554 1175 1673 1232 illos

88 1265 417 1333 Christianos,
449 1276 498 1322 et
524 1284 615 1322 nos
642 1268 902 1325 hwreticos
927 1269 1069 1341 facit.

150 1362 238 1418 i3.
278 1361 418 1418 Huic
442 1363 796 1433 respondetur
818 1379 833 1417 :
855 1360 911 1417 Si
930 1360 1212 1432 quisquam
1231 1361 1395 1430 dicat,
1428 1375 1551 1418 eum
1574 1361 1668 1433 qui

89 1470 196 1512 cum
225 1456 560 1529 Baptismum
590 1456 875 1527 acciperet,
910 1455 1034 1525 quia
1062 1454 1247 1511 odium
1271 1455 1566 1512 fraternum
1596 1463 1675 1511 te-

90 1549 240 1607 nebat
266 1550 324 1605 in
351 1550 517 1606 corde
540 1592 556 1616 ,
587 1564 693 1606 non
722 1558 999 1619 acceperat
1023 1548 1396 1605 remissionem
1424 1557 1671 1619 peccato-

91 1657 223 1708 rum,
274 1655 386 1697 non
433 1655 555 1697 esse
600 1640 794 1696 iterum
843 1639 1240 1710 baptizandum,
1288 1640 1501 1711 quando
1542 1638 1672 1695 illud

88 1732 257 1788 odium
283 1731 355 1788 de
382 1731 546 1789 corde
575 1731 825 1799 dimittit;
856 1731 1118 1803 numquid
1158 1732 1524 1789 ecclesiastico
1566 1732 1673 1787 Ba-

90 1824 272 1895 ptismo
299 1823 588 1880 intercedit
628 1838 726 1894 pro
755 1822 1039 1879 homicidis
1060 1864 1078 1891 ,
1105 1832 1199 1879 aut
1236 1822 1357 1879 illos
1376 1823 1551 1893 justos
1573 1864 1589 1890 ,
1619 1830 1676 1879 et

90 1930 178 1970 nos
204 1914 509 1973 homicidas
532 1914 700 1971 facit?
730 1914 843 1971 Hoc
867 1930 997 1986 ergo
1020 1923 1077 1972 et
1103 1915 1173 1971 de
1201 1914 1472 1972 haereticis
1510 1914 1674 1971 intel-

90 2007 222 2079 ligat.

151 2099 378 2157 CAPUT
404 2100 594 2156 XXIII.
635 2131 705 2142 -—
740 2101 830 2156 M.
871 2100 1146 2158 Geminius
1178 2102 1193 2133 ¹
1216 2116 1249 2157 a
1270 2100 1467 2157 Famis
1493 2100 1627 2157 dixit
1656 2117 1671 2154 :

95 2191 302 2259 Quidam
330 2193 399 2248 de
425 2192 629 2264 collegis
673 2192 936 2249 haereticos
968 2209 1262 2266 praeponere
1296 2193 1393 2249 sibi
1420 2201 1671 2265 possunt,

93 2284 223 2340 nobis
248 2302 351 2340 non
380 2295 591 2357 possunt
618 2301 638 2339 :
656 2294 703 2341 et
737 2286 850 2342 ideo
878 2286 1017 2356 quod
1041 2287 1196 2341 semel
1229 2286 1567 2354 decrevimus,
1596 2294 1674 2341 te-

94 2392 275 2445 nemus;
303 2387 361 2431 ut
383 2376 448 2431 ab
474 2377 723 2434 haereticis
747 2379 995 2435 patientes
1021 2378 1354 2451 baptisemus.

154 2471 240 2528 45.
282 2471 352 2527 Et
380 2471 468 2528 hic
492 2473 779 2529 conﬁtetur
803 2475 1140 2545 apertissime
1164 2474 1431 2547 quosdam
1461 2475 1530 2531 de
1558 2474 1674 2531 col-

94 2565 212 2637 legis
240 2566 357 2622 suis
384 2566 596 2622 diversa
647 2567 881 2625 sensisse
904 2567 1082 2624 :unde
1120 2569 1281 2625 etiam
1312 2577 1471 2640 atque
1512 2568 1675 2624 etiam

94 2656 431 2713 conﬁrmatur
457 2674 609 2715 amor
654 2659 911 2725 unitatis,
957 2659 1101 2731 quod
1142 2661 1209 2715 ab
1255 2659 1484 2715 invicem
1525 2659 1676 2717 nullo

96 2750 372 2808 schismate
400 2754 631 2823 separati
656 2760 801 2821 sunt,
832 2752 1007 2809 donec
1046 2754 1229 2809 alteris
1257 2768 1443 2809 eorum
1471 2752 1519 2809 si
1546 2751 1677 2824 quid

96 2842 237 2901 aliter
263 2854 519 2917 saperent
547 2846 687 2902 Deus
713 2845 977 2903 revelaret
1008 2844 1266 2918 (Philipp.
1297 2860 1352 2901 III
1373 2886 1388 2911 ,
1420 2845 1535 2916 15).
1568 2843 1676 2901 Sed

99 2933 209 2991 huic
251 2936 630 3008 respondetur,
664 2937 898 3009 collegas
942 2937 1058 3008 ejus
1100 2951 1210 2992 non
1248 2937 1350 2995 sibi
1394 2936 1676 2993 haereticos

98 3030 480 3101 pneposuisse;
513 3030 606 3087 sed
636 3031 965 3102 Baptismum
990 3028 1189 3087 Christi
1208 3072 1225 3099 ,
1256 3030 1394 3086 sicut
1426 3029 1673 3101 agnosci-

98 3134 175 3181 tur
194 3127 246 3182 in
274 3126 474 3192 avaris,
502 3125 896 3181 lraudatoribus
918 3167 933 3192 ,
964 3124 1267 3195 raptoribus
1290 3165 1305 3191 ,
1353 3122 1634 3180 homicidis
1655 3162 1673 3190 ,

99 3218 167 3274 sic
192 3218 355 3274 etiam
384 3219 439 3273 in
466 3217 731 3274 haereticis
759 3217 1090 3289 cognovisse.

157 3333 382 3392 CAPUT
412 3331 603 3389 XXIV.
640 3364 713 3374 —
749 3331 838 3388 L6.
879 3331 1204 3403 Rogatianus
1241 3345 1273 3385 a
1309 3328 1455 3385 Nova
1498 3328 1671 3385 dixit:

101 3424 370 3481 Ecclesium
403 3424 636 3481 Christus
675 3424 918 3490 instituit,
965 3422 1201 3477 haresim
1247 3420 1479 3475 diabolus
1504 3435 1671 3492 :quo-

99 3518 231 3572 modo
274 3526 439 3589 potest
484 3516 665 3571 habere
706 3515 1023 3587 Baptismum
1063 3512 1251 3570 Christi
1288 3529 1548 3586 synagoga
1586 3529 1674 3568 sa-

101 3616 218 3664 tana:
230 3612 255 3665 1’

116 3624 242 3755 aut?
271 3701 411 3758 Huic
432 3698 789 3772 respondetur
818 3718 831 3754 :
854 3698 1122 3771 Numquid
1145 3697 1270 3770 quia
1291 3698 1410 3769 pios
1432 3696 1675 3754 Christus

100 3791 329 3858 instituit,
357 3801 413 3849 et
440 3792 648 3849 invidos
678 3791 922 3849 diabolus
944 3833 961 3859 ,
990 3791 1112 3848 ideo
1140 3805 1248 3847 non
1275 3798 1449 3862 potest
1474 3791 1675 3849 habere

100 3883 412 3956 Baptismum
438 3886 669 3953 Christi,
704 3901 824 3957 qua:
866 3885 919 3941 in
954 3883 1150 3941 invidis
1190 3884 1525 3943 convincitur
1553 3899 1673 3942 esse

99 3990 210 4043 pars
229 3978 474 4036 diaboli?

159 4093 382 4152 CAPUT
407 4093 574 4150 XXV.
596 4125 664 4135 —-
687 4095 777 4151 48.
820 4093 1116 4165 Therapius
1138 4108 1170 4149 a
1195 4093 1347 4150 Bulla
1372 4093 1508 4150 dixit
1534 4112 1546 4149 :
1573 4094 1674 4163 Qui

100 4189 327 4245 luereticis
355 4188 677 4261 Baptismum
710 4189 954 4246 Ecclesiae
976 4190 1222 4255 concedit,
1247 4198 1293 4244 et
1323 4188 1523 4261 prodit,
1551 4188 1675 4259 quid

98 4283 225 4336 aliud
250 4300 405 4352 quam
434 4298 634 4353 sponsis
671 4281 859 4339 Christi
884 4282 1052 4337 ludas
1078 4281 1281 4337 existit?

160 4374 241 4430 49.
281 4376 328 4432 0
350 4391 543 4448 magna
572 4376 836 4433 convictio
878 4375 1371 4442 schismaticorum,
1402 4376 1492 4447 qui
1520 4390 1580 4431 se
1606 4374 1674 4431 ab

100 4465 396 4525 haereditate
422 4467 623 4526 Christi
650 4476 765 4525 toto
794 4468 924 4524 orbe
951 4467 1141 4524 diffusa
1168 4466 1371 4524 nefario
1392 4467 1674 4539 sacrilegio

101 4568 427 4629 separarum,
449 4562 496 4617 si
515 4560 817 4634 Cyprianus
835 4561 1030 4619 talibus
1050 4560 1479 4617 communicabat
1498 4560 1672 4632 qualis

100 4649 250 4710 ludas
268 4654 493 4711 traditur
511 4654 630 4721 fuit,
661 4662 715 4710 et
738 4662 916 4710 tamen
936 4653 1004 4710 ab
1025 4652 1105 4710 eis
1129 4669 1237 4710 non
1267 4652 1631 4709 maculabatur
1654 4669 1669 4708 :

100 4753 181 4800 aut
205 4747 250 4803 si
274 4747 656 4815 maculabatur,
678 4755 807 4804 tunc
825 4746 977 4803 Iuda:
1005 4747 1126 4803 lacti
1149 4756 1275 4803 sunt
1298 4762 1486 4803 omnes
1509 4764 1522 4800 :
1544 4759 1673 4818 ergo

100 4840 318 4897 etmodo
335 4840 488 4898 Iudae
517 4852 644 4897 sunt
660 4855 852 4898 omnes
875 4859 888 4895 :
912 4849 1003 4896 aut
1024 4839 1070 4895 si
1095 4854 1204 4895 non
1231 4848 1375 4909 sunt,
1407 4854 1514 4896 non
1543 4854 1673 4911 ergo

102 4935 357 5002 pertinent
383 4935 451 4993 ad
474 4938 795 5009 posteriores
818 4938 840 4968 ³
866 4934 1105 4991 facinora
1130 4933 1387 5005 priorum,
1431 4932 1674 5004 quamvis

103 5040 159 5082 ex
194 5030 377 5088 eadem
416 5032 793 5089 communione
822 5038 1163 5102 propagatos.
1211 5028 1320 5086 Cur
1361 5042 1489 5100 ergo
1519 5028 1674 5084 nobis

103 5120 368 5180 traditores
441 5123 736 5195 objiciunt,
797 5137 933 5195 quos
992 5138 1101 5177 non
1164 5120 1512 5178 convicerunt
1535 5160 1552 5187 ,
1621 5126 1677 5175 et

106 5212 197 5271 sibi
232 5215 423 5273 ludam
450 5232 557 5273 non
597 5216 894 5288 objiciunt,
925 5215 1012 5272 cui
1034 5213 1335 5287 Cyprianus
1361 5222 1415 5269 et
1452 5210 1676 5283 collegae

104 5305 208 5373 ejus
231 5307 797 5367 communicaverunt?
817 5307 957 5364 Ecce
981 5306 1266 5365 concilium
1287 5305 1356 5363 de
1373 5320 1482 5379 quo
1501 5304 1677 5362 solent

106 5396 185 5454 isti
205 5401 437 5473 gloriari.
468 5401 579 5460 Nos
608 5401 823 5473 quidem
852 5400 1080 5458 dicimus
1105 5400 1228 5471 quia
1256 5399 1336 5456 sic
1357 5414 1464 5454 non
1498 5396 1678 5470 prodit

107 5488 354 5553 haereticis
377 5494 637 5553 Ecclesiae
661 5493 1018 5566 Baptismum,
1046 5494 1139 5565 qui
1164 5491 1494 5564 Baptismum
1516 5489 1677 5547 Chri-

165 5707 176 5769 1
214 5716 307 5757 Am.
342 5715 508 5769 eti-LL,
534 5707 775 5760 Geminus.
808 5707 1116 5759 corbeiensis
1147 5705 1322 5766 codex,
1368 5718 1399 5755 a
1434 5704 1622 5757 I-‘ornis.

164 5768 180 5798 '
212 5777 303 5820 Am.
330 5779 380 5823 et
400 5768 529 5833 uss,
554 5771 619 5821 ad
643 5775 869 5835 posteros.

333 5858 563 5954 διθδςτὲ
597 5860 849 5917 Aucusr
912 5854 1029 5918 IX.

1414 223 1618 280 LIBER
1654 219 2005 279 SEPTIMUS.

3264 232 3371 291 254

1786 336 1853 389 sti
1878 346 1933 392 ct
1961 337 2012 391 in
2046 335 2308 393 htcrcticis
2335 337 2560 409 prohat;
2590 340 2726 395 sicut
2754 355 2857 397 non
2886 342 3062 412 prodit
3086 344 3374 404 homicidis

1783 430 2039 487 Ecclesia:
2082 433 2410 504 Baptismum
2437 475 2451 501 ,
2490 435 2579 506 qui
2613 436 2939 508 Baptismum
2984 440 3183 498 Christi
3210 450 3269 498 et
3311 443 3372 500 in

1757 523 2061 580 ~homicidis
2090 526 2280 595 probat
2302 545 2314 581 :
2339 527 2433 583 sed
2464 528 2584 598 quia
2614 530 2702 585 isti
2730 546 2796 587 ex
2827 530 2932 588 hoc
2956 534 3184 590 concilio
3214 535 3373 593 nobis

1779 616 2128 685 praescribere
2169 618 2294 689 quid
2342 620 2541 675 sentire
2583 620 2910 693 debeamus,
2937 624 3224 695 affectant,
3264 628 3371 700 ipsi

1779 708 1987 779 priores
2012 710 2061 765 ei
2086 712 2442 768 consentiant.
2466 713 2606 770 Ecce
2629 713 2780 771 Iudae
2802 717 3044 775 tradituri
3068 727 3197 776 sunt
3218 734 3372 778 com-

1780 801 1985 873 parati,
2040 804 2131 875 qui
2176 803 2425 861 dicebant
2470 805 2751 864 htereticos
2793 811 3038 881 quamvis
3079 813 3135 868 in
3174 814 3373 873 haeresi

1777 892 2071 965 baptizatos
2086 910 2193 951 non
2210 896 2407 954 debere
2428 898 2618 954 iterum
2645 900 2921 972 baptizari.
2946 903 3165 961 Talibus
3189 915 3372 964 autem

1777 986 2071 1059 Cyprianus
2113 992 2573 1060 communicabat,
2604 993 2711 1065 qui
2736 994 2871 1052 dixit
2894 1039 2908 1065 ,
2942 996 3211 1055 Neminem
3228 1000 3372 1073 judi-

1778 1090 1977 1151 cantes,
2007 1092 2097 1137 aut
2124 1100 2159 1137 a
2189 1085 2310 1156 jure
2346 1088 2711 1143 communionis
2750 1088 3006 1160 aliquem,
3036 1093 3082 1146 si
3117 1093 3370 1149 diversum

1777 1176 2007 1242 senserit,
2030 1186 2313 1233 amoventes
2338 1177 2429 1250 (In
2452 1180 2658 1235 exordio
2680 1180 2883 1236 concilii
2907 1182 3364 1257 Carthaginensis).

1779 1264 1936 1322 Tales
1965 1267 2127 1323 etiam
2169 1277 2327 1325 antea
2364 1269 2530 1327 fuisse
2559 1272 2613 1327 in
2656 1273 2895 1329 Ecclesia
2934 1290 3031 1346 per
3071 1276 3215 1333 illam
3244 1294 3370 1334 sen-

1777 1360 1998 1415 tentiam
2025 1361 2451 1431 manifestantur,
2466 1364 2553 1420 ubi
2583 1366 2656 1421 ait
2682 1383 2695 1419 :
2725 1366 2833 1423 Sed
2850 1368 2972 1423 dicit
2998 1370 3204 1443 aliquis,
3232 1371 3370 1440 Quid

1777 1467 1895 1522 ergo
1923 1453 2007 1521 ﬁet
2030 1454 2094 1508 de
2116 1454 2195 1509 his
2218 1456 2303 1526 qui
2327 1458 2380 1511 in
2406 1459 2715 1529 praeteritum
2740 1463 2793 1514 in
2818 1459 3103 1517 Ecclesium
3130 1465 3238 1519 sine
3262 1465 3370 1520 Ba-

1780 1545 1963 1614 ptismo
1989 1547 2199 1602 admissi
2222 1558 2342 1603 sunt
2368 1548 2560 1621 (Epist.
2593 1550 2681 1618 75,
2713 1553 2782 1606 ad
2802 1552 3156 1626 Jubaianum).
3182 1556 3367 1613 Talem

1778 1636 1939 1692 luisse
1964 1637 2220 1694 Ecclesiae
2260 1641 2702 1699 consuetudinem
2748 1644 2881 1713 ipsi,
2913 1646 3002 1715 qui
3033 1646 3137 1703 hoc
3180 1648 3368 1703 conci-

1778 1730 1907 1785 lium
1933 1730 2152 1799 I‘aciunt,
2183 1748 2326 1803 saepe
2352 1745 2799 1792 commemorant.
2828 1738 2885 1793 Si
2911 1754 3039 1811 ergo
3067 1742 3195 1795 nihil
3224 1742 3369 1796 aliud

1778 1820 2077 1891 quicumque
2103 1822 2199 1876 hoc
2239 1823 2394 1893 facit,
2420 1842 2573 1895 quam
2604 1843 2805 1897 sponsa:
2833 1827 3022 1884 Christi
3048 1830 3216 1887 Iudas
3254 1836 3365 1889 exi-

1782 1912 1902 1977 stit,
1934 1913 2072 1967 sicut
2099 1912 2198 1968 ista
2246 1917 2507 1971 sententia
2535 1920 2874 1988 pronuntiata
2917 1928 3032 1989 est;
3078 1922 3241 1979 Judas
3266 1940 3366 1981 au-

1780 2010 1910 2071 tem,
1939 2003 2079 2060 sicut
2102 2004 2259 2061 docet
2286 2005 2657 2080 Evangelium,
2682 2011 2905 2067 traditur
2929 2012 3063 2081 fuit;
3095 2015 3368 2072 traditori-

1778 2094 1880 2151 bus
1899 2109 2025 2166 ergo
2044 2098 2570 2155 communicaverunt
2587 2116 2791 2169 omnes,
2816 2103 2905 2174 qui
2933 2112 3059 2161 tunc
3079 2106 3240 2163 etiam
3266 2107 3365 2164 ista

1778 2186 2062 2256 dicebant,
2093 2198 2149 2246 et
2187 2199 2472 2263 antequam
2500 2193 2602 2248 ista
2631 2193 2871 2250 dicerent
2890 2238 2904 2262 ,
2935 2196 3218 2255 traditores
3240 2199 3365 2257 facti

1779 2288 1934 2336 erant
1947 2296 2136 2337 omnes
2159 2297 2252 2352 per
2273 2283 2416 2339 illam
2442 2284 2901 2355 consuetudinem,
2924 2303 3084 2359 quam
3109 2297 3235 2345 tunc
3261 2291 3361 2347 Ec-

1777 2373 1945 2431 clesia
1971 2374 2251 2432 retinebat.
2283 2377 2484 2434 Omnes
2511 2393 2660 2450 ergo,
2677 2378 2733 2434 id
2756 2389 2841 2435 est
2863 2389 2918 2438 et
2944 2396 3044 2437 nos
3067 2392 3123 2438 et
3148 2384 3248 2453 ipsi
3277 2384 3369 2456 qui

1778 2480 1845 2523 ex
1868 2467 1959 2523 illa
1978 2467 2180 2523 unitate
2194 2468 2469 2540 propagati
2498 2484 2705 2537 sumus,
2724 2471 3007 2529 traditores
3026 2488 3230 2529 sumus.
3260 2474 3367 2533 Sed

1779 2573 1879 2614 nos
1905 2558 2112 2616 duobus
2137 2559 2310 2616 modis
2338 2559 2714 2617 defendimur:
2738 2563 2861 2634 quia
2890 2574 2944 2620 et
2968 2564 3093 2623 huic
3116 2568 3366 2637 concilio,

1778 2652 1871 2709 ubi
1914 2652 2018 2711 hoc
2059 2654 2457 2725 pronuntiatum
2483 2666 2599 2725 est,
2628 2672 2734 2712 non
2772 2658 3133 2716 consentimus
3158 2701 3172 2726 ,
3219 2661 3368 2719 salvo

1777 2745 1897 2817 jure
1924 2746 2164 2816 unitatis,
2193 2748 2333 2803 sicut
2357 2748 2471 2820 ipse
2493 2748 2791 2821 Cyprianus
2818 2750 3099 2821 praedixit;
3130 2760 3185 2809 et
3208 2752 3366 2810 bonis

1780 2836 1951 2894 malos
1976 2839 2032 2894 in
2054 2839 2258 2896 unitate
2282 2839 2567 2909 catholica,
2596 2840 2766 2898 donec
2790 2841 2841 2898 in
2868 2841 2975 2898 ﬁne
3003 2858 3032 2897 a
3058 2843 3236 2900 tritico
3265 2860 3363 2916 pa-

1780 2930 1863 2987 lea
1905 2941 2202 3003 separetur,
2248 2931 2380 2989 nihil
2422 2934 2615 2991 obesse
2655 2934 2995 2991 arbitramur.
3025 2936 3114 2993 Isti
3155 2944 3363 3007 autem,

1780 3024 1906 3095 quia
1949 3033 2005 3082 et
2045 3026 2149 3083 hoc
2175 3028 2461 3083 concilium
2488 3037 2737 3101 tanquam
2778 3046 2875 3101 pro
2899 3031 3280 3111 sgprolerunt,
3313 3041 3370 3090 et

1780 3117 2043 3174 malorum
2070 3121 2446 3176 communione
2474 3122 2623 3192 quasi
2650 3123 2967 3194 contagione
2991 3121 3163 3180 bonos
3188 3124 3369 3195 perire

1779 3213 2130 3282 contendunt,
2159 3228 2265 3270 non
2295 3213 2571 3271 inveniunt
2588 3216 2857 3286 quomodo
2882 3216 3083 3285 dicant,
3110 3226 3201 3272 aut
3226 3218 3371 3288 prio-

1780 3321 1870 3364 res
1918 3305 2254 3365 Christianos
2301 3307 2445 3365 unde
2492 3308 2579 3364 isti
2625 3318 3003 3381 propagentur,
3056 3326 3164 3366 non
3201 3310 3369 3366 fuisse

1782 3401 2087 3469 traditores,
2111 3402 2235 3473 quia
2255 3402 2359 3459 isto
2388 3401 2618 3457 concilio
2642 3402 3067 3469 convincuntur;
3096 3410 3190 3458 aut
3212 3402 3279 3457 ad
3309 3417 3368 3459 sc

1781 3511 1890 3553 non
1921 3495 2187 3567 pertinere
2211 3493 2447 3552 facinora
2475 3494 2717 3567 priorum
2738 3535 2754 3562 ,
2782 3494 2906 3566 quia
2936 3494 3091 3551 nobis
3132 3492 3367 3565 majores

1780 3598 1993 3647 nostros
2018 3587 2310 3659 objiciunt?

1849 3679 2076 3738 CAPUT
2101 3678 2294 3737 XXVI.
2320 3709 2393 3721 --
2430 3679 2520 3737 50.
2561 3679 2693 3736 Item
2732 3678 2868 3736 alius
2908 3677 3105 3735 Lucius
3142 3693 3175 3734 a
3198 3677 3367 3736 Mem-

1779 3772 1935 3829 bresa
1960 3772 1977 3803 ¹
2026 3771 2199 3827 dixit:
2225 3770 2489 3842 Scriptum
2531 3780 2605 3827 est
2627 3814 2643 3841 ,
2681 3790 2700 3824 ι
2733 3771 2873 3826 Deus
2916 3779 3230 3843 peccatorem
3265 3789 3370 3829 non

1778 3869 1922 3924 audit
1953 3888 1972 3920 ι
2013 3866 2190 3941 (Joan.
2226 3883 2307 3935 1x,
2338 3865 2457 3933 BI).
2493 3866 2595 3934 Qui
2620 3878 2853 3939 peccator
2874 3877 2967 3937 est,
2996 3869 3248 3939 quomodo
3275 3886 3372 3925 au-

1780 3960 1881 4015 diri
1903 3959 1958 4014 in
1981 3956 2246 4031 Baptismo
2276 3958 2481 4029 potest?

1753 4088 1765 4100 .
1851 4052 1941 4108 51.
1982 4050 2388 4124 Respondemus
2422 4068 2437 4106 :
2473 4050 2753 4119 Quomodo
2794 4051 3008 4109 auditur
3045 4068 3274 4123 avarus,
3314 4063 3372 4115 et

1780 4152 1981 4214 raptor,
2009 4153 2065 4198 et
2108 4142 2399 4209 fenerator,
2426 4152 2481 4199 et
2523 4142 2831 4200 homicida?
2855 4145 2938 4201 An
2981 4146 3068 4202 isti
3102 4162 3212 4204 non
3241 4157 3371 4205 sunt

1779 4234 2129 4307 peccatores?
2153 4250 2287 4307 quos
2315 4244 2497 4290 tamen
2534 4235 2833 4306 Cyprianus
2860 4237 2914 4292 in
2952 4236 3227 4295 Catholica
3264 4239 3366 4296 ob-

1774 4328 1971 4401 jurgat,
2005 4335 2062 4384 et
2087 4328 2299 4384 tolerat.

1850 4419 2077 4479 CAPUT
2102 4420 2317 4476 XXVII.
2338 4451 2411 4461 —
2428 4421 2519 4478 52.
2560 4422 2693 4479 Item
2718 4423 2855 4480 alius
2882 4423 3032 4481 Felix
3058 4439 3090 4481 a
3116 4425 3366 4483 Buslace-

1779 4514 1863 4569 nis
1897 4514 1918 4545 ³
1946 4511 2207 4569 dixitzln
2253 4513 2499 4569 Itwreticis
2539 4514 2649 4569 sine
2693 4513 2957 4587 Baptismo
3007 4515 3253 4573 Ecclesia:
3268 4520 3367 4573 ad-

1780 4607 2036 4662 mittendis
2074 4622 2220 4661 nemo
2245 4606 2658 4663 consuetudinem
2695 4608 2883 4664 rationi
2909 4618 2958 4663 et
2984 4610 3183 4665 veritati
3226 4628 3364 4683 prat—

1781 4707 1974 4769 ponat;
1997 4699 2117 4769 quia
2136 4696 2554 4754 consuetudinem
2577 4700 2710 4755 ratio
2734 4707 2783 4755 et
2807 4701 2987 4756 veritas
3029 4718 3228 4774 semper
3274 4721 3365 4761 ex-

1780 4789 1958 4845 cludit.

1851 4884 1941 4941 53.
1982 4883 2117 4940 Huic
2144 4884 2535 4956 respondetur:
2562 4884 2855 4941 Veritatem
2881 4900 2989 4942 non
3014 4888 3275 4959 ostendis,
3299 4889 3369 4948 de

1780 4975 2167 5036 consuetudine
2201 4976 2489 5033 conﬁteris.
2523 4975 2689 5033 Recte
2729 4977 2888 5049 igitur
2927 4980 3369 5039 consuetudinem

1781 5079 2088 5128 teneremus
2141 5069 2385 5141 plenario
2428 5068 2654 5125 concilio
2706 5071 3004 5141 posteriore
3057 5074 3320 5131 ﬁrmatam
3349 5114 3368 5145 ,
3436 5064 3441 5075 ’

1780 5166 1942 5223 etiam
1984 5165 2032 5220 si
2060 5164 2258 5220 veritas
2298 5162 2471 5220 adhuc
2513 5163 2737 5231 lateret,
2765 5180 2924 5237 quam
2952 5166 3220 5226 credimus
3252 5168 3368 5241 jam
3439 5168 3447 5185 ⁸

1781 5272 1903 5315 esse
1926 5254 2339 5313 manilestatam.

1855 5350 2082 5409 CAPUT
2109 5348 2348 5406 xxvm.
2371 5381 2441 5390 —
2462 5351 2551 5406 ss.
2591 5350 2743 5407 Alius
2769 5350 3087 5412 Saturninus
3107 5357 3175 5413 ab
3197 5356 3369 5414 Abiti-
3426 5320 3429 5324 ’

1785 5438 1910 5495 nis'
1947 5437 2081 5494 dixit
2108 5455 2121 5491 :
2145 5435 2209 5492 Si
2239 5444 2399 5507 potest
2424 5436 2749 5494 antichristus
2788 5439 2912 5495 dare
2948 5442 3103 5497 alicui
3150 5445 3365 5515 gratiam

1851 5580 1869 5609 ι
1905 5582 2006 5625 Am.
2024 5578 2096 5623 Er.
2127 5578 2180 5623 et
2196 5572 2487 5640 pluresMss.
2511 5587 2622 5640 cum
2642 5576 2837 5640 gemina
2856 5588 2922 5640 ss,
2948 5576 3254 5640 Membressa.

1850 5640 1871 5671 ²
1905 5645 2006 5687 Am.
2032 5640 2193 5706 etum,
2210 5635 2271 5685 ab
2298 5635 2585 5689 Uslaccenis.
2612 5635 2829 5702 Cipriani
2849 5635 3016 5703 editio,
3042 5654 3072 5690 a
3094 5640 3365 5706 Buslaceni,

1789 5714 1900 5762 seu,
1923 5712 1958 5750 a
1992 5696 2266 5750 Buslaccne.

1857 5758 1895 5796 ι’
1912 5770 2010 5813 Am.
2039 5767 2089 5811 et
2110 5768 2204 5825 EL,
2229 5758 2289 5813 ab
2316 5760 2465 5815 (linis.
2491 5764 2767 5825 Cyprianus,

2743 5848 3016 5929 (παπ.)
