3796 6134
43 263 132 317 ϋῖ

52 389 157 430 esse
181 379 238 430 et
262 382 418 432 extra
461 373 818 439 Catholicam.
861 372 954 429 sed
981 373 1216 431 salutare
1258 391 1364 431 non
1405 389 1487 432 est
1525 377 1637 445 ibi;

53 467 159 536 quia
184 482 296 521 non
335 465 410 521 ibi
439 477 700 536 operatur
723 465 947 521 salutem
981 483 994 519 :
1027 467 1166 520 sicut
1196 466 1286 520 ille
1315 467 1487 522 bonus
1515 467 1651 522 odor

52 559 236 613 Lhristi
263 574 377 614 non
401 569 486 614 est
518 561 700 630 utique
726 558 974 615 salutaris
1006 559 1060 614 in
1090 558 1156 616 iis
1181 559 1272 629 qui
1306 569 1534 630 pereunt
1554 561 1572 631 (
1596 560 1641 615 ll

51 651 154 705 Cor.
187 668 248 714 ιι,
283 652 416 724 15),
453 669 564 707 non
585 668 682 708 suo
704 653 853 720 vitio,
887 652 982 708 sed
1005 653 1245 708 illorum.
1277 653 1553 709 Simulatio
1573 661 1650 708 est

52 757 204 798 autem
220 746 479 817 quidquid
495 758 637 802 extra
655 746 972 802 Catholicam
998 749 1172 821 fuerit,
1196 747 1292 804 sed
1314 748 1366 803 in
1387 759 1644 819 quantum

53 854 146 891 non
184 849 268 893 est
297 839 650 894 catholicum.
683 840 864 896 Potest
887 850 1066 896 autem
1095 840 1301 911 aliquid
1329 841 1652 898 catholicum

54 947 160 986 esse
184 942 342 986 extra
365 933 720 1002 Catholicam,
741 935 878 989 sicut
904 935 1078 1006 potuit
1093 950 1289 990 nomen
1313 935 1507 989 Christi
1529 949 1654 992 esse

52 1034 187 1080 extra
219 1023 701 1097 congregationem
725 1027 946 1093 Christi,
968 1027 1025 1082 in
1049 1040 1154 1097 quo
1175 1027 1393 1082 nomine
1422 1026 1652 1097 pellebat

53 1119 313 1173 dmin
331 1119 422 1176 ille
433 1120 527 1190 qui
542 1135 664 1174 cum
681 1119 958 1189 discipulis
989 1135 1095 1175 non
1111 1119 1465 1194 sequebatur(
1481 1118 1647 1174 Marc.

53 1227 116 1275 ti,
143 1211 210 1265 57
230 1209 277 1283 ).
301 1210 438 1266 Nam
452 1210 731 1266 sinmlatio
749 1212 910 1266 etiam
935 1212 990 1266 in
1017 1210 1292 1266 Catholica
1309 1225 1433 1266 esse
1453 1218 1648 1280 potest,

53 1304 95 1356 iu
123 1303 203 1358 his
220 1305 411 1376 utique
425 1305 519 1375 qui
543 1305 745 1361 saeculo
763 1305 938 1362 verbis
953 1315 1006 1360 et
1017 1319 1128 1359 no
1145 1303 1298 1360 iactis
1321 1305 1646 1372 renuntiant,

53 1414 142 1456 nec
162 1409 348 1455 tamen
375 1410 460 1455 est
500 1399 762 1456 catholica
801 1399 1092 1456 simulatio.
1128 1397 1282 1455 Sicut
1309 1413 1441 1470 ergo
1474 1407 1557 1454 est
1593 1399 1646 1454 ia

55 1491 322 1548 Catholica
347 1492 494 1563 quod
528 1508 634 1548 non
659 1501 746 1548 est
780 1491 1127 1556 catholicum,
1169 1491 1252 1548 sic
1289 1499 1472 1563 potest
1494 1497 1649 1547 extra

56 1587 376 1642 Catholicam
402 1586 606 1658 aliquid
635 1602 758 1643 esse
784 1587 1133 1642 catholicum.

115 1677 348 1734 CAPUT
388 1677 503 1734 XL.
533 1707 606 1720 —
630 1680 718 1734 78.
771 1679 1052 1735 Salvianus
1087 1693 1120 1733 a
1145 1677 1430 1735 Casaufala
1458 1676 1594 1734 dixit
1629 1693 1644 1733 :

60 1768 332 1826 Baeticos
353 1771 485 1826 nihil
511 1771 696 1827 habere
720 1781 962 1838 constat;
987 1783 1034 1827 et
1055 1770 1171 1826 ideo
1192 1771 1260 1826 ad
1285 1787 1378 1826 nos
1401 1771 1607 1826 basiant
1625 1810 1644 1839 ,

58 1873 104 1916 ut
126 1865 324 1932 possint
351 1864 582 1936 accipere
596 1863 732 1936 quod
753 1880 857 1920 non
879 1862 1152 1919 habebam.

120 1957 183 2011 79
219 1956 638 2026 Respondemus
665 1974 679 2011 :
705 1956 825 2012 Non
851 1964 979 2012 sunt
1003 1971 1136 2027 ergo
1157 1955 1400 2012 obteretici
1426 1954 1529 2026 ipsi
1552 1956 1645 2027 qui

63 2049 286 2105 haereses
326 2048 706 2114 condiderunt,
735 2049 862 2120 quia
887 2048 956 2104 ab
979 2046 1232 2104 Ecclesia
1259 2056 1599 2104 recesserunt
1624 2087 1640 2113 ,

59 2149 102 2195 ct
126 2141 308 2213 utique
337 2139 611 2196 habebant
632 2140 779 2211 quod
801 2141 874 2196 ibi
910 2149 1253 2211 acceperunt.
1299 2140 1453 2208 Quod
1479 2140 1526 2195 si
1551 2140 1644 2196 ab-

59 2234 258 2288 surdum
304 2248 392 2289 est
431 2233 634 2297 dicere,
676 2242 734 2288 ut
749 2233 949 2288 illinon
979 2233 1087 2288 sint
1106 2231 1364 2296 litet‘etici,
1392 2246 1484 2300 per
1507 2243 1643 2301 quos

58 2327 222 2381 caueri
249 2329 386 2381 tiunt
409 2325 646 2380 haeretici
671 2333 880 2397 ;potest
903 2324 1016 2381 ﬁeri
1041 2334 1100 2378 ut
1126 2323 1406 2379 haereticus
1428 2322 1639 2389 habeat,

59 2435 150 2487 quo
175 2420 319 2475 male
347 2419 545 2475 utendo
567 2419 855 2489 dispereat.

116 2530 341 2590 CAPUT
379 2532 592 2588 XLl.-~
613 2532 702 2588 80.
731 2532 1033 2587 Honoratus
1061 2546 1090 2586 a
1118 2531 1294 2586 Tucca
1317 2531 1454 2585 dixit
1479 2548 1490 2582 :
1514 2528 1642 2585 Cum

57 2623 272 2680 Clu-ictus
291 2627 479 2680 vetitas
509 2627 593 2690 sit,
628 2626 791 2696 magis
820 2625 1078 2678 veritatem
1123 2635 1276 2693 quam
1315 2622 1638 2676 consuetudi-

61 2735 158 2771 nem
180 2719 318 2787 sequi
344 2719 616 2783 debemus;
640 2727 691 2769 ut
704 2715 966 2770 haereticos
985 2715 1069 2784 qui
1087 2714 1198 2768 ideo
1219 2712 1287 2766 ad
1300 2728 1392 2766 nos
1409 2713 1633 2777 veniunt,

61 2810 162 2877 quia
186 2810 311 2879 {oris
341 2808 472 2863 nihil
501 2808 734 2880 accipere
778 2816 1071 2878 potuerant,
1101 2801 1348 2860 Ecclesia:
1377 2803 1638 2875 Βαμὲω)ιο

61 2903 432 2970 sanctiﬁcatum.

118 2992 202 3046 8|.
241 2993 311 3047 Et
351 2994 452 3046 iste
500 2999 780 3047 attestatur
807 3001 889 3045 est
937 2989 1360 3056 consuetudinis,
1404 2988 1493 3043 ubi
1537 3005 1634 3044 nos

63 3085 330 3151 plurimum
365 3084 601 3153 adjuvat,
626 3083 880 3154 quidquid
917 3082 1060 3136 aliud
1087 3089 1274 3136 contra
1313 3095 1412 3134 nos
1451 3081 1636 3136 dicere

63 3176 300 3232 n'deatur.
345 3175 465 3230 Non
507 3185 686 3230 autem
712 3176 835 3230 ideo
883 3175 948 3229 ad
973 3189 1078 3229 nos
1121 3175 1337 3230 veniunt
1369 3174 1630 3241 haeretici,

65 3272 171 3339 quia
197 3269 328 3326 foris
355 3269 487 3323 nihil
519 3277 870 3339 acceperunt;
901 3268 1072 3323 sedat
1097 3265 1173 3322 eis
1194 3267 1322 3321 utile
1340 3279 1464 3321 esse
1493 3267 1628 3321 inci-

67 3365 159 3433 piat
173 3364 312 3435 quod
335 3371 668 3435 «acceperunt
694 3379 707 3415 :
732 3362 838 3417 hoc
853 3361 1000 3416 enim
1025 3360 1156 3415 furis
1178 3359 1330 3414 nullo
1355 3358 1514 3414 modo
1541 3371 1636 3428 po-

68 3463 173 3512 test.

128 3552 342 3610 CAPUT
380 3549 723 3607 XLll.—--82.
765 3548 948 3604 Victor
1015 3549 1083 3602 ab
1129 3548 1327 3603 Octavo
1381 3548 1396 3578 ¹
1445 3545 1581 3601 dixit
1618 3563 1633 3600 :

70 3642 199 3706 Quod
227 3654 271 3699 et
293 3644 393 3715 ipsi
418 3644 578 3712 scitis,
612 3657 713 3696 non
739 3641 860 3695 olim
883 3653 995 3694 sum
1015 3641 1316 3693 constitutas
1339 3639 1626 3710 episwpus,

69 3749 104 3791 et
123 3740 225 3794 ideo
252 3740 602 3810 exspectabam
628 3749 987 3807 prtecessorum
1013 3735 1296 3788 consilium.
1333 3732 1443 3787 Hoc
1463 3733 1636 3802 itaque

69 3831 291 3898 existimo,
340 3841 394 3886 ut
419 3833 719 3902 quicumque
747 3845 808 3884 ex
837 3827 1012 3883 haeresi
1041 3827 1282 3894 venerint,
1321 3827 1427 3880 sine
1467 3825 1620 3878 dubio

73 3925 377 3995 baptisentar.

128 4019 206 4073 83.
245 4017 396 4085 Quod
421 4031 551 4088 ergo
587 4016 697 4071 illis
734 4031 867 4086 quos
907 4013 1268 4086 exspectabat,
1315 4025 1630 4082 responsum

73 4119 152 4175 est,
187 4111 306 4166 huic
330 4124 542 4181 quoque
579 4121 894 4178 responsum
921 4107 1236 4177 accipiatur.

129 4203 338 4260 CAPUT
377 4203 638 4262 X’Llll.—
655 4205 744 4260 82L
763 4203 951 4259 Clarus
978 4220 1007 4258 a
1037 4203 1270 4257 Mascula
1300 4201 1433 4256 dixit
1461 4219 1475 4255 :
1507 4199 1632 4254 Ma-

73 4296 225 4365 nifesta
249 4307 320 4352 est
349 4298 598 4352 sententia
623 4295 827 4351 Domini
855 4297 1014 4350 nostri
1042 4295 1078 4348 Ι
1083 4311 1168 4350 esu
1197 4295 1383 4350 Christi
1411 4297 1630 4364 Aposto—

75 4387 134 4441 los
157 4407 265 4446 suos
291 4393 552 4459 mittentis,
579 4402 622 4446 et
651 4392 776 4463 ipsis
809 4391 933 4445 solis
976 4399 1268 4461 potestatem
1291 4406 1321 4443 a
1345 4389 1504 4442 Patre
1540 4389 1638 4443 sibi

76 4481 216 4537 datam
229 4486 583 4556 permittentis,
613 4485 791 4555 quibus
818 4499 908 4537 nos
936 4485 1290 4548 successimus,
1328 4482 1503 4536 eadem
1532 4499 1632 4554 po-

77 4582 218 4631 testate
243 4578 520 4633 Ecclesiam
551 4574 759 4631 Domini
783 4579 1132 4649 gubernutztes,
1167 4589 1213 4630 et
1238 4576 1547 4631 credentium
1566 4578 1629 4647 ﬁ-

76 4682 167 4721 sem
183 4670 487 4742 baptisames
511 4686 531 4725 ':
558 4682 606 4726 et
639 4671 753 4724 ideo
780 4671 1019 4737 hteretici,
1065 4672 1151 4744 qui
1175 4684 1270 4725 nec
1341 4680 1633 4741 potestatem

78 4763 195 4829 foris,
219 4779 306 4819 nec
330 4764 619 4820 Ecclesium
644 4765 833 4820 Christi
854 4766 1056 4832 habent,
1081 4767 1330 4821 neminem
1374 4766 1633 4840 baptizare

79 4851 304 4926 Baptismo
325 4861 433 4931 eius
460 4870 690 4930 possunt.

133 4947 208 5004 85.
243 4949 510 5022 Numquid
537 4961 589 5006 et
615 4952 764 5022 impii
800 4953 1088 5007 homicidae
1120 4955 1386 5024 Aposmlis
1406 4969 1628 5012 succes-

80 5043 268 5097 serunt?
293 5041 399 5100 Cur
425 5055 554 5116 ergo
577 5046 880 5116 ba‘ptizant?
911 5043 992 5100 An
1019 5046 1140 5117 quia
1173 5059 1276 5100 non
1302 5053 1431 5101 sunt
1457 5046 1586 5102 foris
1610 5048 1633 5102 ἳ

79 5127 209 5188 Setia
231 5147 379 5206 petra
405 5135 540 5194 foris
565 5147 710 5206 sunt,
750 5141 834 5194 cui
863 5141 1041 5194 claves
1084 5137 1342 5195 Dominus
1383 5138 1530 5195 dedit
1577 5150 1632 5196 et

81 5226 153 5280 ubi
173 5229 618 5288 semdi‘iicaturum
665 5231 957 5289 Ecclesiam
987 5233 1126 5288 dixit
1168 5230 1375 5305 (Matth.
1399 5245 1516 5302 im,
1541 5234 1632 5305 18,

85 5317 143 5372 19
161 5320 196 5386 ).

145 5410 340 5473 CAPUT
367 5415 550 5475 XLIV.
580 5449 654 5460 —
693 5419 786 5477 86.
819 5417 1196 5476 'Secundianus
1231 5432 1261 5474 a
1288 5415 1574 5476 Thamheis
1611 5417 1635 5454 "

87 5499 197 5562 dixit
219 5527 232 5563 :
262 5509 383 5568 Non
405 5513 648 5568 ‘tlebEmus
665 5509 929 5568 hereticos
941 5525 1120 5568 nostra
1131 5515 1527 5586 'pr'atsump'tione
1551 5515 1638 5569 de-

22 5595 24 5604 ’
89 5598 238 5670 time,
265 5614 317 5660 at
335 5607 390 5660 in
413 5604 647 5661 Ecclesia
687 5605 894 5660 Domini
935 5607 1095 5661 nostri
1138 5605 1263 5660 Jesu
1303 5605 1488 5661 Christi
1539 5623 1640 5662 non

140 5720 150 5784 ξ
180 5722 469 5784 Οοώείθηείδ
492 5729 640 5774 venis
661 5721 819 5784 codex
845 5722 1042 5784 optime
1070 5731 1219 5784 noue,
1241 5719 1304 5772 ab
1321 5727 1575 5773 'octavavo.

96 5850 108 5858 η
137 5783 295 5891 Eidem
312 5786 626 5838 corbeiensis
661 5783 838 5847 codex,
869 5783 902 5837 ὰ
936 5783 1213 5838 Satambeis.
1243 5795 1341 5836 itm.
1389 5793 1440 5836 et
1474 5792 1569 5850 Et'.,
1611 5798 1642 5836 a

96 5859 135 5891 ltl
162 5858 232 5891 fis.

93 5859 106 5894 l
116 5858 232 5898 tlDt’ib'.

1385 279 1588 341 LlBEll
1626 285 1978 343 SEPTIMUS.

3248 305 3355 365 2'58

1764 381 2004 452 baptizati
2029 398 2089 436 ac
2115 399 2204 453 per
2231 385 2326 439 hoc
2350 385 2692 444 remissionem
2714 401 3035 462 peccatorum
3055 412 3158 452 non
3181 415 3370 456 cense,

1762 474 1882 542 cuti,
1909 491 2022 529 cum
2037 477 2224 546 judicii
2249 480 2355 534 dies
2378 484 2584 552 venerit,
2621 487 2764 542 nobis
2799 488 3048 558 imputant
3087 495 3226 565 quod
3268 469 3365 566 per?

1763 581 1854 619 nos
1891 583 1990 621 non
2027 569 2127 623 sint
2168 569 2429 642 baptisati,
2473 585 2521 630 et
2554 577 2922 651 indulgentiam
2954 585 3140 642 divinae
3176 573 3386 660 gratia.”

1761 660 2034 714 consecuti.
2067 661 2289 734 Propter
2313 668 2466 737 quod,
2497 686 2613 725 cum
2635 675 2698 727 sit
2723 691 2826 728 una
2851 675 3090 735 Ecclesia
3117 691 3163 736 et
3192 698 3353 738 unum

1758 1027 2022 1098 accipiant
2047 1033 2418 1092 remissionem
2446 1050 2808 1112 peccatorum,
2831 1060 2994 1117 quam
3023 1049 3221 1109 habere
3241 1070 3350 1110 non

1755 1129 2006 1191 poterant
2027 1135 2178 1182 extra
2209 1138 2416 1199 petram
2434 1142 2488 1188 et
2506 1145 2656 1191 extra
2677 1139 2999 1210 columbam,
3028 1144 3143 1201 sive
3161 1157 3350 1218 aperte

1759 1210 1910 1279 foris,
1940 1217 2078 1273 sicut
2105 1221 2362 1286 literetici,
2385 1225 2500 1282 sive
2525 1235 2777 1300 tanquam
2797 1232 2964 1302 intus,
2990 1235 3130 1291 sicut
3151 1210 3350 1309 perditi

1755 1303 2002 1363 catholici
2039 1327 2054 1364 :
2087 1327 2221 1382 quos
2270 1325 2449 1373 tamen
2492 1319 2821 1390 Baptismum
2866 1326 2984 1384 sine
3031 1303 3351 1390 remissione

1756 1409 2098 1466 peccatorum
2118 1415 2176 1462 et
2200 1407 2398 1467 habere
2421 1420 2477 1468 et
2506 1414 2634 1470 dare
2661 1417 3005 1477 manifestum
3025 1432 3129 1493 est,
3149 1439 3274 1482 cum
3293 1435 3352 1484 et

1752 1491 1822 1546 ab
1850 1493 1981 1564 ipsis
2010 1497 2146 1553 tales
2171 1502 2459 1574 accipiunt,
2487 1507 2575 1577 qui
2603 1523 2708 1565 non
2735 1511 2789 1567 in
2813 1512 3009 1571 melius
3031 1491 3350 1577 commutati

1752 1583 1930 1681 Deum
1947 1585 2102 1644 labiis
2127 1589 2415 1663 honorant,
2437 1611 2536 1653 cor
2558 1611 2739 1658 autem
2757 1618 2946 1662 eorum
2971 1607 3130 1681 longe
3161 1620 3246 1666 est
3277 1612 3348 1669 ab

1749 1675 1860 1752 eo(
1898 1677 2027 1736 Isai.
2058 1698 2216 1753 xxix,
2249 1687 2362 1760 l5).
2391 1688 2595 1748 Tamen
2617 1692 2700 1750 sic
2723 1689 2810 1752 est
2853 1712 3018 1755 unum
3047 1675 3340 1773 Captistna,

1751 1772 2022 1864 quomodo
2042 1783 2127 1831 est
2153 1793 2257 1834 una
2282 1781 2552 1850 columba,
2580 1800 2704 1842 cum
2733 1791 2942 1860 possint
2967 1792 3063 1864 qui
3087 1772 3196 1852 non
3216 1806 3344 1853 sunt

1749 1862 1804 1918 in
1829 1863 2076 1923 columba
2095 1871 2756 1948 communiter,Baptisma
2775 1888 2954 1940 nmen
2973 1862 3175 1944 habere
3193 1902 3344 1945 com-

1749 1959 2001 2016 muniter.

1820 2071 2046 2130 CAPUT
2086 2075 2326 2134 XLV.—
2346 2080 2437 2138 88.
2477 2083 2610 2141 Item
2635 2088 2774 2147 alius
2811 2091 3062 2152 Aurelius
3101 2110 3132 2153 a
3173 2096 3342 2157 Chul-

1749 2164 1854 2264 inhi
1878 2167 1894 2197 ί
1919 2166 2054 2224 dixit
2082 2187 2095 2226 :
2126 2169 2353 2229 Joannes
2381 2180 2644 2248 apostolus
2671 2182 2725 2238 in
2749 2181 2990 2256 Epistula
3011 2205 3108 2246 sua
3148 2196 3336 2264 posuit,

1754 2273 1773 2306 ι
1807 2256 1868 2312 Si
1893 2260 2006 2328 quis
2027 2264 2097 2315 ad
2115 2279 2202 2318 vos
2223 2267 2376 2335 venit,
2403 2278 2449 2322 et
2489 2270 2771 2329 doctrinam
2807 2276 3000 2334 Christi
3025 2295 3127 2337 non
3148 2256 3338 2357 habet,

1747 2349 1900 2402 nolite
1915 2367 2030 2405 eum
2053 2353 2319 2412 admittere
2333 2359 2386 2413 in
2411 2361 2617 2418 domum
2637 2376 2870 2435 vestram,
2890 2379 2939 2425 et
2957 2370 3062 2428 Ave
3076 2373 3153 2429 illi
3169 2392 3232 2431 ne
3252 2349 3345 2432 di;

1745 2440 1935 2495 seritis.
1966 2443 2070 2510 Qui
2095 2447 2227 2500 enim
2251 2449 2437 2505 dixerit
2455 2452 2537 2508 illi
2557 2456 2678 2524 Ave,
2703 2464 3040 2518 communicat
3055 2466 3206 2538 [actis
3225 2470 3340 2542 ejus

1746 2533 1893 2586 malis
1930 2553 1948 2585 ι
1981 2535 2049 2604 (ιι
2071 2537 2227 2592 Joan.
2254 2541 2408 2607 to,“
2439 2541 2485 2617 ).
2517 2545 2781 2616 Quomodo
2798 2554 2928 2610 tales
2942 2533 3143 2614 admitti
3158 2533 3344 2619 temere

1745 2621 1798 2674 in
1818 2624 2024 2679 domum
2061 2629 2156 2682 Dei
2182 2644 2412 2703 possunt,
2441 2639 2531 2709 qui
2555 2640 2610 2694 in
2639 2642 3115 2704 dontummostram
3159 2652 3339 2723 priva-

1746 2722 1848 2768 tam
1873 2717 2077 2772 admitti
2106 2723 2470 2787 prohibentur?
2507 2727 2612 2784 Aut
2651 2735 2902 2803 quomodo
2963 2754 3078 2794 cum
3120 2717 3191 2797 eis
3229 2744 3341 2801 sine

1745 2807 1987 2865 Ecclesia:
2021 2813 2286 2884 Baptistae
2325 2823 2701 2880 communicare
2735 2843 3025 2899 possumus,
3069 2832 3248 2905 quibus
3289 2837 3336 2894 si

1745 2900 1847 2954 Ave
1887 2903 2161 2961 dixerimus
2201 2918 2417 2980 tantum,
2444 2916 2593 2984 factis
2619 2930 2792 2971 eorum
2818 2921 2970 2977 malis
2992 2900 3337 2982 communica-

1744 3009 1855 3048 mus
1863 3036 1874 3048 .

1815 3090 1902 3145 89.
1933 3092 2008 3148 De
2033 3092 2134 3150 hoc
2163 3099 2470 3156 testimonio
2503 3102 2725 3161 Joannis
2749 3122 2856 3164 non
2885 3117 2969 3166 est
2998 3110 3198 3171 diutius
3217 3115 3335 3174 dis-
3392 3139 3396 3144 “

1743 3181 2050 3254 serendum,
2073 3192 2286 3260 quando
2316 3196 2530 3266 quidem
2552 3199 2620 3254 ad
2660 3202 3008 3271 quaestionem
3033 3205 3291 3280 Baptismi
3314 3254 3333 3282 ,

1743 3291 1900 3344 quam
1971 3282 2132 3336 modo
2211 3293 2539 3356 tractamus,
2593 3294 2813 3350 omnino
2897 3311 3006 3353 non
3075 3302 3332 3371 pertinet.

1741 3368 1832 3421 Ait
1899 3372 2083 3440 enim,
2148 3373 2210 3430 Si
2271 3379 2380 3448 quis
2435 3381 2505 3434 ad
2565 3395 2653 3437 vos
2727 3389 2954 3456 venerit,
3011 3368 3098 3446 cf
3137 3393 3334 3450 doctri-

1740 3473 1860 3514 nam
1901 3459 2088 3518 Christi
2137 3482 2238 3521 non
2289 3470 2456 3525 habet.
2506 3471 2755 3531 Haeretici
2791 3487 2972 3535 autem
3020 3481 3333 3555 relinquen-

1743 3558 1822 3605 tes
1874 3552 2170 3612 doctrinam
2230 3562 2432 3618 erroris
2475 3566 2557 3620 sui
2585 3606 2603 3634 ,
2657 3568 2724 3624 ad
2783 3569 2981 3628 Christi
3023 3552 3323 3634 doctrinam

1740 3656 2148 3718 convertuntur,
2204 3661 2265 3707 ut
2333 3655 2743 3728 incorporentur
2788 3663 3044 3723 Ecclesiae
3076 3708 3094 3736 ,
3142 3677 3200 3726 et
3264 3670 3335 3730 ad

1741 3735 1883 3792 illam
1935 3743 2235 3799 columbam
2279 3746 2535 3819 incipiant
2585 3755 2885 3824 pertinere,
2936 3758 3087 3831 cujus
3129 3761 3334 3820 Sacra-

1693 3876 1695 3878 .
1740 3840 1979 3924 ment-um
2009 3833 2276 3893 habebant
2304 3858 2319 3894 :
2347 3851 2400 3896 et
2427 3842 2548 3899 ideo
2579 3846 2724 3916 quod
2751 3848 2869 3920 ejus
2913 3865 3020 3907 non
3041 3852 3331 3924 habebant,

1741 3922 1820 3977 eis
1865 3923 2045 3994 datur,
2076 3927 2130 3984 id
2179 3941 2281 3998 est,
2338 3947 2442 4002 pax
2475 3947 2532 3990 et
2575 3936 2810 3997 charitas
2852 3942 2921 3999 de
2965 3946 3132 4002 corde
3173 3922 3330 4019 puro,

1740 4025 1795 4070 et
1837 4021 2165 4076 conscientia
2195 4025 2334 4079 bona
2357 4068 2372 4092 ,
2405 4036 2460 4082 et
2484 4027 2591 4086 ﬁde
2619 4046 2728 4087 non
2768 4033 2891 4090 ﬁcta
2924 4034 2971 4110 (ι
3000 4034 3136 4093 Tim.
3164 4052 3201 4108 ι,
3245 4041 3328 4114 5).

1740 4108 1893 4176 Quod
1922 4122 2098 4170 autem
2121 4117 2242 4187 ejus
2271 4118 2574 4191 habebant,
2626 4108 2960 4197 agnoscitur,
2991 4141 3048 4188 et
3072 4131 3192 4189 sine
3220 4108 3332 4190 ulla

1741 4208 2060 4261 contumelia
2095 4210 2384 4280 suscipi-tur
2412 4230 2426 4266 :
2455 4216 2598 4271 sicut
2636 4218 2691 4274 in
2716 4219 2960 4278 adultera
3001 4223 3145 4280 Deus
3168 4239 3330 4296 agno-

1740 4301 1841 4353 scit
1863 4299 2004 4355 dona
2023 4315 2140 4369 sua,
2165 4305 2465 4360 etiam-cum
2487 4308 2580 4364 illa
2602 4312 2844 4381 sequitur
2867 4323 3140 4370 amatores
3167 4331 3327 4386 suos;

1739 4393 1862 4462 quia
1889 4393 2240 4451 fornicatione
2259 4409 2502 4454 correcta
2531 4403 2573 4468 ³,
2606 4418 2727 4458 cum
2763 4405 2833 4460 ad
2860 4407 3163 4465 castitatem
3193 4424 3328 4468 oon-

1739 4487 1980 4554 vertitur,
2038 4505 2144 4543 non
2189 4489 2328 4544 dona
2366 4491 2455 4548 illa
2501 4495 2804 4565 culpantur,
2835 4499 2934 4555 sed
2981 4500 3095 4572 ipsa
3142 4516 3329 4560 emen-

1738 4575 1895 4633 datur
1929 4577 2081 4651 (Osee
2101 4583 2182 4652 ιι).
2207 4579 2356 4638 Sicut
2385 4600 2443 4640 se
2482 4596 2660 4642 autem
2699 4600 2884 4660 posset
2905 4590 3194 4650 defendere
3213 4591 3324 4668 Cy-

1739 4676 1978 4745 prianus,
2005 4678 2056 4731 si
2086 4678 2188 4733 hoc
2213 4679 2263 4734 ei
2303 4679 2524 4738 Joannis
2552 4685 2917 4742 testimonium
2964 4687 3323 4760 objiceretur,

1737 4769 1952 4839 quando
1984 4770 2175 4825 talibus
2199 4775 2629 4831 communicabat
2653 4792 2668 4842 ;
2708 4777 2779 4831 ita
2803 4793 2863 4832 se
2881 4777 3168 4836 defendunt
3191 4795 3328 4839 con-

1738 4868 1821 4915 tra
1845 4876 1982 4932 quos
2009 4863 2222 4919 dicitur.
2253 4865 2385 4920 Nam
2415 4867 2485 4922 ad
2524 4870 2677 4922 istam
2701 4871 3073 4940 quaestionem,
3107 4883 3171 4929 ut
3187 4875 3323 4945 dixi,

1739 4955 1958 5011 omnino
1985 4972 2092 5010 non
2127 4959 2378 5027 pertinet.
2404 4959 2639 5015 Joannes
2667 4963 2810 5016 enim
2835 4961 2984 5031 dicit,
3009 4965 3204 5022 alienae
3229 4966 3332 5024 do-

1740 5051 1926 5105 ctrina:
1951 5050 2257 5109 hominibus
2296 5055 2410 5109 Ave
2461 5069 2566 5109 non
2606 5071 2730 5112 esse
2781 5058 3100 5128 dicendum;
3124 5061 3330 5119 Paulus

1738 5152 1918 5198 autem
1941 5145 2216 5214 apostolus
2248 5147 2619 5202 vehementius
2648 5148 2799 5216 dicit,
2824 5149 2887 5206 Si
2913 5153 3028 5223 quis
3059 5155 3217 5226 frater
3239 5171 3334 5210 no-

1741 5236 1964 5290 minatur
1989 5237 2118 5292 intsr
2144 5254 2232 5293 vos
2275 5249 2364 5293 aut
2406 5256 2611 5307 avarus,
2643 5252 2732 5296 aut
2755 5241 3002 5312 ebriosus,
3047 5255 3183 5316 etc.,
3211 5262 3332 5302 cum

1741 5332 1991 5402 ejusmodi
2013 5348 2103 5388 nec
2117 5334 2317 5404 quidem
2341 5333 2676 5392 cibtnnsitnul
2695 5353 2892 5394 summ
2913 5339 2962 5412 (ι
2973 5337 3095 5396 Cor.
3111 5355 3166 5408 ν,
3187 5341 3256 5396 li
3269 5342 3290 5412 )
3311 5357 3327 5394 :

1741 5433 1803 5482 et
1817 5435 2003 5482 tamen
2025 5441 2149 5481 cum
2165 5427 2397 5499 collegis
2417 5425 2837 5502 feneratoribus,
2866 5431 3139 5489 insidiosis
3156 5472 3174 5503 ,
3191 5432 3338 5488 frau-

1745 5518 2020 5576 dator-ibus
2048 5562 2064 5588 ,
2109 5520 2432 5591 raptoribus,
2455 5538 2567 5580 non
2621 5525 2887 5598 privatam
2927 5539 3193 5593 mensam,
3235 5523 3337 5582 sed

1815 5703 1829 5734 ι
1863 5700 2360 5772 Corbeieusisaliique
2383 5701 2554 5767 plures
2569 5713 2695 5770 Mss,
2712 5720 2744 5758 a
2761 5701 2949 5758 cillavi.
2967 5701 3072 5767 Alii,
3094 5717 3127 5757 a

1751 5771 1849 5814 Am.
1877 5772 1928 5814 et
1950 5769 2042 5823 Er.,
2066 5775 2097 5811 a
2118 5762 2306 5815 (illuni.

1821 5829 1840 5857 ³
1875 5827 2007 5887 Editi,
2033 5833 2255 5891 corrupta
2287 5829 2575 5881 :tnendosc.
2654 5905 2660 5912 ι
