3812 6170
66 289 165 347 ιιι

65 405 212 462 ritate
230 402 493 462 Christus
509 402 850 470 annuntietur,
872 410 920 457 et
938 401 992 456 in
1016 400 1110 456 hoc
1125 397 1343 472 gaudeo,
1366 394 1456 452 sed
1475 402 1524 452 et
1547 409 1678 466 gau-

67 501 190 555 debo
217 497 514 570 (Philipp.
541 515 580 566 ι,
610 496 720 570 18).

133 591 378 650 CAPUT
423 591 512 648 LI.
546 621 618 632 —
649 590 739 647 99.
771 589 974 658 Quibus
1002 587 1252 644 omnibus
1280 585 1635 643 consideratis
1658 625 1676 652 ,

68 696 193 758 puto
213 699 311 741 me
338 699 463 740 non
481 694 678 740 temere
696 681 898 750 dicere,
913 681 1045 736 alios
1062 673 1134 735 ita
1159 693 1280 735 esse
1296 679 1350 734 in
1371 678 1532 734 domo
1559 677 1676 743 Dei,

68 787 125 834 ut
167 778 272 849 ipsi
307 778 486 833 etiam
524 777 630 832 sint
665 775 854 831 eadem
909 773 1102 829 domus
1153 772 1292 839 Dei,
1331 785 1450 843 quae
1478 769 1678 826 dicitur

71 869 330 925 aediﬁcari
373 883 543 936 super
567 875 771 938 petram
817 862 1032 939 (Matth.
1065 879 1155 918 xvi
1175 903 1191 930 ,
1231 862 1342 934 18),
1375 876 1494 932 quae
1520 860 1676 916 unica

67 957 314 1016 columba
350 957 660 1028 appellatur
680 955 853 1028 (Cant.
887 970 961 1021 vi,
985 954 1064 1026 8),
1091 968 1212 1025 qua:
1238 967 1433 1024 sponsa
1453 951 1678 1023 pulchra

67 1052 178 1107 sine
198 1050 434 1106 macula
454 1057 505 1104 et
522 1063 648 1120 ruga
675 1046 754 1122 (a)
786 1047 1002 1119 (Ephes.
1035 1061 1090 1115 v,
1107 1045 1228 1117 27),
1249 1054 1304 1102 et
1330 1045 1516 1100 hortus
1541 1059 1675 1101 con-

69 1144 244 1198 clusus
268 1183 285 1210 ,
323 1140 460 1196 fons
485 1141 726 1211 signatus
749 1180 765 1206 ,
806 1148 1000 1209 puteus
1029 1152 1180 1208 aquae
1203 1137 1360 1205 vivae,
1398 1135 1675 1207 paradisus

68 1250 182 1290 cum
204 1233 396 1289 fructu
423 1246 705 1303 pomorum
750 1230 922 1304 (Cant.
955 1246 1030 1298 ιν,
1057 1229 1145 1295 12,
1185 1228 1274 1302 15)
1303 1248 1316 1284 :
1340 1244 1459 1299 quae
1485 1229 1676 1285 domus

68 1327 222 1383 etiam
272 1325 470 1380 claves
505 1323 748 1394 accepit,
791 1337 857 1378 ac
891 1329 1212 1392 potestatem
1254 1320 1495 1377 solvendi
1529 1330 1584 1378 et
1617 1321 1676 1376 li-

71 1417 218 1490 gandi
245 1415 478 1488 (Matth.
507 1431 614 1483 xvi,
640 1412 750 1486 19).
772 1414 922 1470 Hanc
945 1413 1162 1469 domum
1183 1413 1228 1469 si
1243 1413 1362 1484 quis
1374 1413 1674 1484 corripien-

72 1521 171 1565 tem
197 1508 682 1579 corrigentemque
715 1505 1139 1576 contempserit,
1174 1504 1258 1561 Sit
1287 1505 1375 1560 tibi
1401 1547 1416 1572 ,
1447 1505 1621 1575 inquit
1650 1544 1668 1570 ,

75 1614 308 1671 tanquam
335 1599 576 1654 ethnicus
602 1607 652 1653 et
672 1598 974 1668 publicanus
997 1595 1126 1670 (1d.
1157 1611 1306 1664 xvm,
1330 1593 1444 1670 17).
1475 1596 1554 1652 De
1572 1596 1675 1653 hac

71 1695 222 1749 domo
258 1692 494 1759 dicitur,
523 1690 764 1760 Domine,
791 1691 950 1746 dilexi
987 1690 1219 1746 decorem
1238 1689 1421 1745 domus
1444 1699 1547 1744 tute
1567 1730 1582 1757 ,
1624 1699 1675 1746 et

76 1791 231 1844 locum
264 1788 605 1843 habitationis
633 1788 813 1860 gloriae
845 1795 949 1842 tute
975 1785 1146 1858 (Psal.
1169 1801 1296 1851 xxv,
1326 1785 1383 1860 8)
1415 1802 1431 1852 ;
1463 1794 1537 1854 et,
1571 1784 1674 1851 Qui

75 1880 298 1936 habitare
347 1882 481 1953 facit
523 1880 787 1935 unanimes
817 1880 871 1933 in
895 1880 1045 1934 domo
1067 1878 1087 1947 (
1104 1877 1253 1934 Psal.
1277 1894 1440 1946 vau,
1472 1876 1566 1952 7);
1592 1886 1668 1946 et,

75 1972 397 2028 Jucundatus
415 1973 604 2027 suntin
640 1971 721 2027 Itis
747 1986 860 2041 qua:
882 1971 1121 2024 dixerunt
1142 1969 1270 2023 mihi
1301 2011 1318 2036 ,
1369 1969 1440 2023 In
1463 1970 1673 2023 domum

77 2065 273 2121 Domini
295 2066 489 2120 ibimus
512 2063 698 2138 (Psal.
739 2079 882 2130 exn,
911 2060 1005 2136 1);
1038 2069 1115 2127 et,
1148 2060 1294 2116 Beati
1333 2062 1419 2132 qui
1444 2061 1672 2116 habitant

84 2162 129 2214 in
152 2159 302 2214 demo
333 2168 449 2226 tua,
482 2157 735 2222 Domine;
759 2156 813 2210 in
842 2154 1033 2210 sweula
1054 2152 1360 2209 steculorum
1389 2151 1671 2208 laudabunt

81 2262 121 2307 te
144 2252 161 2321 (
185 2250 334 2305 Psal.
362 2265 586 2316 LXXXIII,
611 2249 704 2320 5);
733 2256 790 2304 et
815 2244 1221 2302 innumerabilia
1251 2245 1394 2300 talia.
1421 2244 1548 2300 Haec
1575 2243 1672 2301 do-

85 2361 194 2400 mus
216 2345 383 2400 etiam
411 2343 648 2398 triticum
677 2341 893 2408 dicitur,
921 2338 1038 2395 sive
1067 2337 1351 2406 tricenum,
1377 2337 1492 2392 sive
1517 2350 1672 2392 sexa-

86 2453 264 2508 genum
291 2480 306 2505 ,
354 2437 473 2492 sive
515 2442 806 2491 centenum
857 2432 1087 2487 fructum
1115 2430 1347 2486 alferens
1375 2443 1494 2486 cum
1528 2430 1664 2485 tole-

93 2532 250 2587 rantia
270 2530 492 2604 (Matth.
522 2544 638 2594 xm,
665 2529 736 2584 25
754 2568 769 2593 ,
793 2534 840 2581 et
869 2525 996 2580 Luc.
1028 2540 1142 2592 vni,
1183 2523 1299 2596 15).
1328 2523 1455 2579 Haec
1479 2522 1671 2579 domus

87 2626 238 2681 estin
282 2625 431 2680 vasis
484 2622 662 2678 aureis
711 2629 767 2676 et
803 2619 1075 2690 argenteis
1099 2616 1120 2689 (
1144 2617 1186 2673 ll
1222 2617 1352 2672 Tim.
1386 2633 1442 2682 ιι,
1471 2615 1588 2689 20),
1616 2623 1672 2672 et

34 2749 36 2760 ι
92 2715 341 2786 lapidibus
370 2713 645 2785 pretiosis,
677 2719 733 2766 et
754 2710 916 2781 lignis
942 2708 1380 2780 imputribilibus.
1409 2706 1544 2762 Huic
1572 2705 1671 2761 do-

92 2808 191 2862 mui
212 2807 428 2872 dicitur,
453 2804 766 2872 Suﬁ'erentes
792 2803 1006 2858 invicem
1023 2802 1078 2856 in
1103 2801 1388 2865 dilectione,
1410 2799 1669 2854 studentes

95 2915 273 2954 servare
300 2901 553 2954 unitatem
591 2896 808 2967 spiritus
853 2895 908 2949 in
932 2894 1132 2949 uinculo
1163 2893 1305 2964 pacis
1337 2891 1568 2966 (Ephes.
1591 2907 1665 2961 ιν,

93 2992 141 3057 2,
167 2991 218 3061 5)
241 3009 253 3056 ;
280 3000 356 3060 et,
401 2990 666 3060 Templum
713 2987 848 3042 enim
873 2986 970 3040 Dei
999 2995 1234 3040 sanctum
1261 2993 1357 3048 est,
1387 2983 1521 3053 quod
1552 2984 1670 3038 estis

94 3101 166 3139 eos
193 3084 233 3156 (l
252 3083 372 3140 Cor.
398 3099 481 3151 ιιι,
511 3082 621 3152 17).
652 3080 777 3135 Haec
803 3079 1000 3149 quippe
1020 3077 1076 3132 in
1102 3076 1260 3132 bonis
1286 3075 1531 3132 ﬁdelibus
1551 3082 1665 3143 est,

95 3188 138 3231 et
181 3178 376 3233 sanctis
427 3177 523 3234 Dei
580 3175 752 3231 servis
779 3172 978 3244 ubique
1009 3170 1268 3242 dispersis
1297 3178 1352 3226 et
1403 3168 1669 3239 spirituali

98 3269 281 3325 unitate
305 3268 572 3325 devinctis
601 3267 656 3322 in
709 3263 902 3322 eadem
938 3262 1318 3319 communione
1347 3260 1667 3318 Sacramen-

99 3369 269 3424 torum,
286 3362 400 3417 sive
417 3375 480 3416 se
503 3358 638 3414 facie
668 3357 935 3423 noverint,
953 3355 1068 3411 sive
1091 3370 1200 3410 non
1222 3354 1488 3411 noverint.
1517 3352 1668 3408 Alios

102 3463 258 3510 autem
296 3456 372 3510 ita
416 3454 524 3510 dici
555 3467 678 3509 esse
708 3453 765 3507 in
809 3451 993 3517 domo,
1021 3458 1080 3504 ut
1115 3463 1221 3504 non
1248 3447 1553 3517 pertineant
1599 3443 1667 3500 ad

101 3560 385 3620 compagem
409 3546 622 3611 domus,
655 3559 753 3600 nec
774 3543 838 3598 ad
867 3542 1179 3598 societatem
1204 3538 1492 3594 fructiferae
1524 3538 1670 3610 paci-

106 3635 582 3709 ﬁcznquejustitite;
631 3637 725 3692 sed
759 3636 898 3691 sicut
917 3647 1039 3690 esse
1067 3631 1218 3703 palea
1254 3630 1448 3686 dicitur
1473 3633 1526 3684 in
1550 3629 1668 3686 fru-

106 3729 276 3785 mentis
298 3749 310 3785 :
329 3746 456 3786 nam
481 3738 534 3785 et
561 3729 692 3784 istos
721 3742 844 3784 esse
883 3727 939 3782 in
965 3726 1147 3792 domo,
1179 3737 1378 3795 negare
1406 3738 1513 3778 non
1541 3738 1670 3794 pos-

105 3835 286 3889 sumus,
322 3825 537 3879 dicente
561 3821 818 3892 Apostolo
840 3862 856 3888 ,
884 3817 953 3874 In
972 3834 1160 3890 magna
1187 3826 1354 3871 autem
1377 3817 1529 3872 domo
1550 3833 1656 3872 non

107 3914 247 3969 solum
278 3933 436 3970 aurea
459 3931 580 3969 vasa
608 3923 724 3968 sunt
747 3913 825 3968 vel
852 3920 1109 3984 argentea,
1153 3910 1243 3966 sed
1263 3918 1310 3964 et
1334 3909 1501 3982 lignea
1521 3918 1567 3966 et
1606 3909 1672 3980 β-

108 4009 259 4074 ctilia;
285 4019 330 4065 et
373 4009 480 4063 alia
521 4008 722 4078 quidem
751 4015 870 4061 sunt
913 4006 969 4058 in
1016 4005 1257 4058 honorem
1282 4045 1298 4070 ,
1327 4003 1431 4057 alia
1476 4018 1591 4057 vero
1615 4002 1671 4056 in

113 4106 446 4160 contumeliam
475 4103 541 4177 (ll
568 4102 702 4156 Tim.
743 4118 800 4168 ιι,
827 4100 922 4170 20)
959 4099 1056 4170 (a).
1085 4099 1166 4154 Ex
1215 4098 1318 4153 hoc
1343 4111 1568 4152 numero
1589 4097 1672 4152 in-

111 4200 422 4266 numerabili,
454 4212 558 4253 non
585 4197 759 4251 solum
798 4193 952 4249 turba
982 4194 1125 4247 intus
1157 4205 1409 4262 premens
1427 4205 1522 4246 cor
1538 4201 1670 4260 pau-

112 4303 272 4347 corum
293 4294 340 4347 in
365 4300 528 4348 tanta:
552 4287 906 4344 multitudinis
921 4284 1320 4356 comparatione
1342 4293 1669 4350 sanctorum,

111 4382 191 4436 sed
214 4386 366 4440 etiam
397 4385 652 4453 disruptis
676 4380 882 4436 retibus
915 4378 1150 4433 haereses
1177 4384 1232 4431 et
1251 4376 1538 4432 schismata
1560 4373 1672 4430 exi-

113 4482 237 4532 stunt
262 4478 312 4532 in
354 4478 434 4533 cis
454 4517 469 4542 ,
497 4477 586 4547 qui
609 4474 719 4544 jam
747 4471 914 4542 magis
935 4485 1001 4524 ex
1030 4468 1194 4523 domo
1218 4483 1378 4538 quam
1409 4468 1460 4520 in
1501 4465 1668 4521 domo

119 4579 219 4622 esse
252 4568 460 4626 dicendi
488 4577 632 4630 sunt,
681 4565 751 4620 de
791 4562 984 4633 quibus
1017 4559 1232 4627 dicitur,
1264 4558 1346 4612 Ea;
1371 4558 1514 4612 nobis
1541 4557 1677 4611 exie-

122 4668 239 4725 runt,
259 4662 343 4714 sed
363 4677 465 4714 non
491 4665 632 4712 erant
655 4672 718 4710 ea:
745 4653 885 4708 nobis
913 4650 1151 4724 (lJoan.
1179 4667 1238 4712 ιι,
1290 4648 1401 4718 19).
1446 4647 1676 4717 Separa-

122 4749 261 4806 tiores
283 4754 425 4808 enim
464 4760 587 4806 sunt
630 4750 741 4819 jam
789 4746 952 4802 etiam
981 4743 1335 4813 corporaliter
1367 4740 1672 4811 segregati,

123 4855 256 4912 quam
282 4846 356 4902 illi
383 4845 473 4916 qui
499 4842 726 4898 interius
751 4838 1043 4896 carnaliter
1062 4844 1119 4891 et
1142 4833 1442 4890 animaliter
1468 4833 1672 4900 vivunt,

123 4946 166 4990 et
188 4939 519 5009 spiritualiter
545 4935 776 5008 separati
810 4942 956 4989 sunt.

179 5031 383 5090 CAPUT
423 5031 530 5087 LII.
559 5059 633 5070 —
657 5027 780 5084 101).
811 5025 1013 5080 Horum
1041 5030 1219 5078 autem
1242 5018 1479 5074 omnium
1504 5032 1667 5088 gene-

125 5134 222 5178 rum
243 5125 314 5182 illi
336 5125 515 5199 primi,
547 5123 634 5195 qui
663 5122 741 5178 sic
784 5127 909 5176 sunt
935 5119 988 5173 in
1017 5116 1178 5172 domo
1205 5113 1332 5178 Dei,
1364 5120 1421 5166 ut
1445 5111 1546 5182 ipsi
1571 5111 1680 5166 sint

129 5213 286 5276 domus
307 5221 422 5285 Dei,
449 5220 563 5275 sive
593 5217 702 5288 jam
731 5212 1033 5286 Spirituales
1058 5214 1194 5276 sint,
1222 5208 1334 5265 sive
1363 5205 1536 5261 adhuc
1560 5220 1681 5275 par-

131 5308 216 5365 vuli
237 5311 365 5369 lacte
409 5312 710 5368 nutriantur
732 5350 749 5375 ,
795 5305 891 5362 sed
918 5314 1093 5360 tamen
1124 5302 1189 5358 ad
1227 5298 1507 5372 spirituale
1532 5297 1684 5353 habi-

143 5407 232 5458 tum
252 5406 448 5463 intento
469 5403 634 5462 corde
653 5399 968 5473 proﬁciant,
997 5410 1156 5453 nemo
1182 5395 1394 5450 dubitat
1415 5390 1556 5463 quod
1581 5391 1683 5446 Ba-

141 5495 358 5563 lllismum
387 5509 440 5556 et
459 5496 658 5552 utiliter
684 5491 935 5559 habeant,
966 5497 1022 5545 et
1043 5505 1103 5544 se
1127 5486 1456 5542 imitantibus
1476 5484 1679 5540 utiliter

34 5577 38 5586 ’
144 5587 367 5647 tradant:
413 5589 550 5644 lictis
588 5595 788 5652 autem,
833 5595 967 5653 quos
995 5579 1223 5651 Spiritus
1268 5587 1482 5634 sanctus
1529 5575 1681 5646 fugit,

193 5785 302 5849 (0)11
323 5798 545 5849 Retractu
567 5799 672 5851 cap.
700 5784 778 5837 18.

1437 274 1641 334 LIBER
1676 272 2032 334 SEPTIMUS.

3274 287 3382 346 262

1791 395 1892 449 etsi
1917 393 2038 466 ipsi,
2060 405 2316 468 quantum
2345 396 2400 454 in
2428 399 2510 455 eis
2535 405 2657 468 est,
2684 398 2885 456 utiliter
2912 400 3163 472 tradunt,
3191 402 3269 460 illi
3290 414 3376 461 ta-

1787 501 1915 542 men
1954 487 2212 545 inutiliter
2246 489 2530 561 accipiunt,
2562 506 2673 548 non
2701 491 2971 550 imitantes
2987 509 3082 551 eos
3110 510 3206 567 per
3234 512 3372 569 quos

1787 581 2071 650 accipiunt.
2104 581 2185 638 Illi
2209 598 2338 640 vero
2361 584 2451 655 qui
2490 585 2570 642 sic
2602 594 2728 642 sunt
2754 586 2811 642 in
2838 602 3031 659 magna
3058 589 3221 647 domo
3248 600 3370 649 tan-

1786 688 1944 745 quam
1968 689 2093 731 vasa
2119 675 2174 731 in
2201 676 2577 734 contumeliam
2595 719 2612 745 ,
2639 687 2696 734 et
2728 679 2983 736 inutiliter
3026 679 3227 739 habent
3255 683 3366 740 Ba-

1785 766 2060 837 ptismum,
2101 777 2155 824 et
2183 783 2243 824 se
2273 767 2604 826 imitantibus
2651 771 2909 828 inutiliter
2946 773 3164 830 tradunt
3220 792 3235 830 :
3288 775 3370 833 illi

1785 873 1948 930 porro
1973 860 2042 916 ab
2065 861 2146 916 eis
2190 860 2394 918 utiliter
2420 863 2718 934 accipiunt,
2744 865 2837 936 qui
2883 881 2992 923 non
3035 867 3166 938 ipsis
3204 869 3372 926 corde

1783 959 1944 1023 atque
1979 953 2240 1022 moribus,
2285 953 2383 1011 sed
2425 964 2624 1012 sancta
2664 955 2849 1012 domui
2898 957 3235 1029 copulantur.
3265 960 3371 1028 Qui

1783 1052 1962 1100 autem
2007 1045 2382 1116 separatiores,
2432 1062 2542 1104 non
2578 1049 2747 1120 magis
2791 1049 2846 1104 in
2885 1048 3048 1106 domo
3095 1066 3253 1122 quam
3299 1069 3372 1111 ex

1783 1135 1943 1192 domo
1972 1147 2116 1206 sunt,
2162 1153 2335 1210 neque
2357 1141 2577 1196 omnino
2602 1139 2805 1196 utiliter
2827 1139 3066 1209 habent,
3099 1157 3273 1214 neque
3296 1143 3367 1201 ab

1781 1230 1862 1287 eis
1889 1231 2090 1306 utiliter
2116 1232 2393 1304 accipitur,
2422 1233 2527 1290 nisi
2555 1233 2691 1290 forte
2732 1234 3029 1306 accipiendi
3067 1215 3382 1293 necessitas

1781 1333 1988 1395 urgeat,
2018 1330 2077 1381 et
2099 1325 2412 1397 accipientis
2438 1327 2651 1384 animus
2676 1327 2745 1383 ab
2771 1327 2992 1384 unitatis
3019 1328 3232 1386 vinculo
3260 1345 3373 1387 non

1781 1416 2037 1473 recedat:
2069 1425 2247 1474 tamen
2286 1426 2342 1475 et
2385 1418 2602 1488 habent,
2637 1435 2942 1492 quanquam
2986 1420 3244 1478 inutiliter
3269 1423 3371 1480 ba-

1780 1506 1976 1574 beant;
2006 1516 2062 1564 et
2087 1509 2346 1580 accipitur
2367 1510 2436 1567 ab
2461 1511 2561 1578 eis,
2591 1511 2752 1567 etiam
2793 1526 2917 1567 cum
2951 1512 3137 1569 inutile
3173 1524 3257 1570 est
3278 1529 3373 1570 ac-

1780 1599 2130 1672 cipientibus;
2175 1601 2319 1674 quod
2371 1611 2430 1659 ut
2467 1603 2562 1660 fiat
2601 1603 2754 1672 utile,
2795 1603 2867 1659 ab
2891 1604 3085 1661 haeresi
3113 1607 3201 1662 vel
3225 1605 3371 1663 schi-

1781 1704 1953 1750 smate
1979 1694 2339 1752 recedendum
2367 1705 2484 1766 est,
2523 1703 2581 1753 et
2618 1696 2694 1752 illi
2734 1695 2918 1753 domui
2945 1696 3324 1755 cohaerendum
3355 1717 3372 1753 :

1780 1787 1923 1858 quod
1950 1802 2058 1844 non
2101 1786 2278 1844 solum
2327 1787 2564 1844 haeretici
2598 1796 2652 1845 et
2693 1788 3037 1858 schismatici,
3074 1789 3169 1847 sed
3212 1790 3377 1848 etiam

1780 1879 1858 1935 illi
1879 1879 2057 1935 facere
2081 1878 2316 1948 debent,
2346 1879 2436 1950 qui
2470 1880 2550 1936 sic
2576 1891 2701 1937 sunt
2728 1878 2782 1935 in
2810 1879 2972 1937 domo
3006 1895 3106 1952 per
3133 1896 3377 1938 commu-

1780 1964 1994 2026 nionem
2024 1970 2521 2039 Sacramentorum,
2565 1977 2626 2026 ut
2663 1971 3076 2028 extra'domum
3119 1973 3227 2028 sint
3275 1988 3375 2044 per

1780 2061 2144 2118 diversitatem
2184 2075 2396 2117 morum
2457 2079 2471 2116 :
2529 2061 2606 2116 sic
2651 2061 2794 2117 enim
2834 2071 2890 2118 et
2913 2062 3045 2133 ipsis
3069 2062 3200 2119 utile
3224 2062 3362 2119 inci-

1777 2154 1859 2225 pit
1882 2168 2002 2210 esse
2025 2151 2450 2219 Sacramentum,
2486 2151 2629 2223 quod
2648 2153 2802 2210 aliter
2825 2153 3011 2211 inutile
3033 2163 3137 2211 est.

1851 2245 2080 2302 CAPUT
2127 2243 2260 2301 LIII.
2301 2275 2372 2288 ——
2409 2243 2535 2301 101.
2565 2243 2714 2301 Solet
2757 2246 2919 2301 etiam
2962 2247 3151 2318 quaeri,
3191 2255 3374 2304 utrum

1778 2337 2180 2409 approbandum
2210 2338 2281 2394 sit
2307 2337 2600 2408 Baptisma,
2627 2337 2770 2408 quod
2795 2337 2865 2393 ab
2881 2352 2947 2394 eo
2969 2338 3060 2410 qui
3083 2354 3190 2395 non
3211 2355 3370 2396 acce-

1778 2431 1878 2502 pit,
1901 2430 2180 2500 accipitur,
2223 2429 2270 2484 si
2296 2428 2437 2484 forte
2472 2427 2574 2484 hoc
2597 2428 2907 2485 curiositate
2931 2428 3110 2501 aliqua
3140 2431 3158 2462 ¹
3187 2429 3376 2488 didicit

1778 2521 2226 2594 quemadmodum
2257 2520 2491 2576 dandum
2519 2521 2588 2576 sit
2617 2538 2632 2576 :
2663 2528 2718 2576 et
2758 2529 2940 2576 utrum
2970 2521 3102 2577 nihil
3137 2523 3370 2593 intersit,

1778 2631 1884 2686 quo
1911 2615 2092 2669 animo
2113 2613 2340 2684 accipiat
2381 2613 2472 2668 ille
2497 2613 2584 2668 cui
2611 2611 2770 2668 datur
2788 2654 2806 2682 ,
2836 2629 2959 2668 cum
3004 2613 3371 2686 simulatione,

1776 2723 1848 2763 an
1890 2707 2006 2763 sine
2057 2706 2397 2763 simulatione
2454 2723 2468 2759 :
2526 2705 2571 2759 si
2614 2719 2736 2760 cum
2784 2704 3145 2774 simulatione,
3192 2715 3376 2764 utrum

1777 2800 1988 2868 fallens,
2032 2801 2171 2855 sicut
2217 2799 2273 2854 in
2304 2797 2570 2866 Ecclesia,
2620 2797 2705 2853 vel
2746 2799 2804 2853 in
2846 2813 2908 2854 ea
2954 2814 3076 2870 qua:
3147 2810 3367 2871 putatur

1776 2893 2064 2960 Ecclesia;
2118 2907 2189 2948 an
2253 2893 2479 2964 jocans,
2538 2891 2678 2949 sicut
2733 2891 2788 2946 in
2847 2891 3013 2948 mimo
3063 2909 3078 2947 :
3138 2901 3194 2949 et
3243 2893 3375 2964 quid

1776 2989 1847 3044 sit
1901 2988 2250 3055 sceleratius,
2305 2988 2360 3042 in
2399 2986 2639 3043 Ecclesia
2689 2985 2950 3043 fallaciter
3003 2988 3270 3059 accipere,
3299 3004 3372 3046 an

1776 3081 1832 3136 in
1879 3079 2070 3136 haeresi
2098 3079 2180 3134 vel
2209 3078 2499 3134 schismate
2539 3077 2656 3135 sine
2695 3077 2922 3143 fallacia,
2949 3077 3004 3135 id
3047 3088 3151 3148 est,
3191 3081 3373 3136 animo

1777 3186 1886 3228 non
1912 3170 2198 3237 simulato;
2240 3178 2295 3226 et
2334 3179 2514 3225 utrum
2557 3170 2613 3225 in
2649 3168 2843 3226 haeresi
2889 3168 3192 3241 fallaciter,
3221 3187 3288 3227 an
3316 3173 3374 3230 in

1775 3266 1942 3322 mimo
1966 3280 2088 3320 cum
2118 3263 2247 3332 ﬁde,
2298 3263 2343 3318 si
2374 3263 2654 3334 quisquam
2694 3263 2836 3319 inter
2863 3262 3132 3334 agendum
3171 3279 3372 3336 repen-

1775 3361 1886 3416 tina
1916 3361 2112 3431 pietate
2138 3366 2436 3414 moveatur.
2476 3355 2791 3426 Quanquam
2817 3355 2980 3411 talem
3014 3357 3061 3411 si
3103 3357 3266 3411 etiam
3292 3357 3373 3414 illi

1775 3452 2114 3510 conferamus
2151 3449 2243 3521 qui
2285 3449 2340 3503 in
2381 3448 2495 3519 ipsa
2532 3446 2808 3503 Catholica
2848 3444 3110 3502 fallaciter
3136 3447 3365 3518 accipit,

1777 3547 1968 3601 mirum
2009 3544 2057 3600 si
2100 3542 2374 3598 dubitatur
2423 3539 2541 3612 quis
2570 3539 2655 3595 cui
2694 3537 3065 3610 praeferendus
3089 3538 3160 3594 sit
3191 3555 3205 3592 :
3237 3538 3365 3610 quid

1777 3640 1919 3696 enim
1948 3636 2118 3710 prosit
2151 3636 2361 3692 animus
2406 3633 2667 3689 veraciter
2716 3632 2893 3688 dantis
2914 3631 3178 3688 fallaciter
3215 3633 3368 3690 acci-

1775 3734 1962 3808 pienti,
2014 3746 2124 3787 non
2176 3729 2352 3786 video.
2394 3727 2500 3785 Sed
2555 3727 2878 3784 arbitremur
2927 3726 3160 3798 aliquem
3202 3727 3366 3784 etiam

1776 3827 2042 3883 fallaciter
2067 3823 2305 3890 dantem,
2334 3836 2458 3876 cum
2485 3827 2542 3876 et
2567 3819 2786 3876 tradens
2826 3827 2882 3875 et
2907 3819 3179 3889 accipiens
3209 3818 3368 3876 falla-

1776 3922 1911 3978 citer
1930 3928 2090 3991 agant
2116 3919 2172 3973 in
2200 3917 2314 3987 ipsa
2343 3919 2544 3971 unitate
2589 3913 2852 3970 catholica
2874 3955 2889 3980 ,
2918 3921 3098 3969 utrum
3125 3913 3228 3970 hoc
3252 3930 3371 3971 ma-

1776 4016 1858 4087 gis
1882 4011 2155 4083 Baptisma
2181 4009 2251 4066 sit
2275 4007 2687 4079 acceptandum,
2711 4021 2782 4061 an
2806 4005 2938 4062 illud
2963 4005 3104 4078 quod
3126 4006 3180 4061 in
3206 4007 3374 4065 mimo

1777 4106 1956 4172 datur,
1982 4103 2027 4160 si
2057 4102 2179 4174 quis
2207 4101 2403 4157 existat
2437 4099 2527 4169 qui
2569 4097 2802 4153 ﬁdeliter
2849 4096 3028 4152 subito
3069 4105 3374 4154 commotus

1779 4199 2004 4269 accipiat
2033 4215 2048 4252 :
2077 4210 2144 4250 an
2172 4202 2428 4266 quantum
2454 4191 2520 4246 ad
2547 4192 2694 4263 ipsos
2731 4190 2948 4262 quidem
2977 4191 3168 4246 attinet
3193 4191 3374 4247 homi-

1780 4305 1896 4358 nes,
1928 4287 2218 4360 plurimum
2245 4285 2408 4342 distet
2452 4286 2592 4339 inter
2638 4283 2945 4339 credentem
2991 4283 3045 4338 in
3083 4284 3285 4352 mimo,
3317 4294 3377 4342 et

1780 4383 2090 4440 irridentem
2134 4380 2190 4434 in
2220 4377 2490 4442 Ecclesia;
2532 4375 2599 4430 ad
2626 4375 2792 4445 ipsius
2818 4383 2998 4429 autem
3033 4373 3373 4432 Sacramenti

1782 4475 2142 4547 integritatem
2173 4471 2305 4528 nihil
2336 4469 2563 4526 intersit.
2595 4468 2655 4526 Si
2696 4469 2839 4525 enim
2883 4467 3018 4524 nihil
3044 4467 3268 4524 interest
3301 4469 3376 4527 ad

1781 4571 2141 4644 integritatem
2180 4565 2512 4625 Sacramenti
2537 4564 2590 4619 in
2616 4564 2731 4634 ipsa
2759 4561 3068 4631 Catholica,
3098 4569 3275 4618 utrum
3314 4562 3375 4619 id

1781 4665 1944 4736 aliqui
1972 4661 2230 4717 fallaciter
2268 4675 2335 4715 an
2362 4656 2624 4714 veraciter
2667 4662 2846 4727 agant,
2887 4669 3009 4709 cum
3057 4661 3236 4709 tamen
3266 4652 3374 4711 hoc

1783 4759 1924 4816 idem
1954 4757 2164 4828 utrique
2203 4763 2364 4826 agant
2389 4771 2404 4808 :
2435 4766 2533 4808 cur
2561 4758 2712 4808 extra
2760 4747 3007 4813 intersit,
3036 4761 3142 4803 non
3176 4747 3369 4817 video;

1783 4851 1995 4924 quando
2042 4850 2135 4906 ille
2178 4847 2268 4919 qui
2316 4846 2529 4916 accipit,
2569 4858 2678 4899 non
2720 4839 3059 4897 simulatione
3097 4840 3370 4912 palliatus,

1784 4945 1879 5001 sed
1905 4943 2163 5015 religione
2199 4947 2433 4996 mutatus
2461 4945 2563 4994 est.
2603 4935 2686 4990 An
2714 4934 2832 5004 plus
2857 4932 3038 4988 valent
3068 4931 3138 4988 ad
3165 4931 3367 4990 conﬁr-

1785 5037 2038 5093 mandum
2063 5033 2470 5091 Sacramentum
2500 5027 2578 5082 illi
2604 5038 2823 5082 veraces
2852 5023 2994 5080 inter
3012 5037 3150 5096 quos
3173 5024 3370 5096 agitur,

1786 5147 1946 5203 quam
1967 5129 2032 5186 ad
2059 5124 2422 5184 frustrandum
2468 5121 2542 5176 illi
2571 5119 2793 5176 fallaces
2816 5134 2846 5173 a
2872 5119 3066 5191 quibus
3093 5118 3290 5190 agitur,
3317 5127 3378 5176 et

1786 5225 1841 5281 in
1872 5224 2063 5296 quibus
2087 5218 2301 5294 agitur?
2325 5217 2396 5273 Et
2419 5224 2598 5272 tamen
2626 5213 2672 5270 si
2700 5221 2885 5284 postea
2906 5213 3183 5285 prodatur,
3211 5227 3376 5270 nemo

1788 5317 2001 5389 repetit,
2033 5314 2127 5370 sed
2150 5320 2242 5367 aut
2269 5306 2780 5368 excommunicando
2799 5306 3018 5377 punitur
3041 5303 3132 5359 illa
3156 5304 3378 5360 simula-

1789 5411 1881 5477 tio,
1912 5417 2002 5463 aut
2024 5402 2331 5477 paenitendo
2357 5409 2594 5456 sanatur.

1863 5501 1986 5559 102.
2015 5498 2120 5555 Sed
2147 5496 2300 5553 nobis
2331 5503 2501 5550 tutum
2540 5501 2640 5560 est,
2675 5493 2728 5548 in
2755 5507 2818 5548 ea
2865 5507 2973 5547 non
3001 5487 3250 5562 progredi
3277 5487 3379 5542 ali-

1790 5610 1890 5667 qua
1914 5591 2210 5648 temeritate
2239 5586 2536 5652 sententiae,
2567 5601 2686 5658 quae
2711 5584 2855 5639 nullo
2894 5585 2946 5639 in
2986 5580 3250 5638 catholico
3283 5595 3375 5636 re-

1857 5713 1873 5744 ι
1910 5718 2042 5776 ιρι,
2063 5707 2108 5776 si
2130 5707 2248 5776 forte
2270 5702 2544 5755 curiositate
2565 5701 2762 5776 aliqua;
2783 5701 2977 5776 omisso,
2998 5697 3105 5758 hoc,
3129 5697 3258 5763 quod
3274 5704 3379 5749 Am.

1801 5783 1852 5830 et
1870 5764 2091 5824 Gallicani
2113 5764 2330 5835 potiores
2349 5764 2661 5826 manuscripti
2683 5764 2879 5815 habent.
