3796 6172
411 276 519 333 245
1001 260 1012 289 ἢ
1409 261 1777 320 ADMONITIO
1815 260 1881 317 ΙΝ

2263 259 2456 317 .‘NTES
2496 260 2756 318 LIBROS.
3633 267 3737 325 Qu

410 389 605 462 gionali
628 386 851 446 concilio
866 394 1058 459 coepta,
1082 384 1231 441 nullo
1247 380 1486 453 plenario
1515 380 1797 435 terminata
1826 386 1953 434 sunt
1982 396 1994 429 :
2178 374 2407 433 CAPUT
2434 376 2642 432 LlV.——
2674 376 2796 433 105.
2821 376 2929 433 Sed
2950 378 3082 448 jam,
3109 388 3164 434 ut
3192 380 3479 448 existimo,
3519 389 3737 453 tempus

410 482 467 538 id
509 490 688 537 autem
714 480 903 537 fiducia
927 490 1129 534 secum
1153 473 1301 529 vocis
1327 485 1568 528 asserere
1589 512 1603 537 ,
1644 470 1790 542 quod
1819 470 1871 524 in
1900 480 1998 540 gu-
2108 478 2192 524 est
2222 469 2320 523 bos
2344 468 2504 524 etiam
2526 468 2691 524 libros
2712 467 2780 524 de
2793 471 3088 541 quaastione
3106 471 3362 543 Baptismi
3388 472 3601 535 debito
3634 474 3739 531 ius

408 574 724 631 bernstionc
748 570 958 628 Domini
988 568 1078 624 Dei
1105 566 1277 624 nostri
1295 576 1347 621 et
1369 563 1663 621 Salvatoris
1686 562 1816 619 Jesu
1843 560 2003 617 Chri-
2108 561 2466 619 concludere:
2489 561 2582 618 ubi
2607 562 2765 620 nobis
2790 564 3023 623 ostendit
3067 564 3327 623 Dominus
3353 567 3519 624 Deus
3546 576 3736 625 noster
3762 560 3763 635 Ϊ

410 666 501 732 sti,
540 663 854 721 universalis
894 660 1147 717 Ecclesia
1174 657 1528 716 consensione
1554 656 1858 712 roboratam
1884 663 1991 710 est.
2108 669 2207 728 per
2238 656 2515 727 paciﬁcum
2557 656 2865 727 episcopum
2907 656 3254 730 Cyprianum,
3296 668 3353 716 et
3382 660 3521 716 illos
3548 662 3647 731 qui
3688 658 3763 733 ei}

410 756 791 811 Verumtamen
817 754 863 809 si
888 753 1008 824 quis
1027 752 1165 808 forte
1186 765 1274 805 me
1302 750 1356 805 in
1380 764 1448 805 eo
1482 747 1713 803 concilio
1742 743 1999 802 constitu-
2109 760 2520 818 consenserunt,
2551 760 2807 821 quantum
2829 751 2900 806 sit
2923 750 3183 808 catholica
3209 753 3388 809 unitas
3411 753 3730 825 diligenda,
3762 738 3763 807 ἶ

415 858 546 911 tum,
565 846 657 902 ubi
686 847 871 901 talium
891 859 1071 901 rerum
1093 843 1318 915 qumstio
1330 848 1652 908 versaretur,
1672 853 1778 894 non
1799 852 2001 909 praece-
2109 844 2247 899 utin
2277 859 2344 901 eo
2363 844 2506 916 quod
2528 844 2684 899 aliter
2711 844 3006 914 sepiebant.
3037 845 3209 901 donec
3237 846 3289 902 id
3315 863 3557 918 quoque
3586 848 3731 903 Deus
3762 884 3763 891 η

411 940 655 995 dentibus
670 938 883 1003 talibus,
902 934 1437 1010 quorumsententias
1459 933 1609 1003 sequi
1630 932 1847 987 mallem
1871 947 1999 996 ,ιη’-
2109 938 2373 995 revelaret
2412 935 2684 1011 (Philipp.
2716 953 2797 1005 ιιι,
2819 937 2949 1010 15);
2973 940 3262 997 tolerarent
3288 941 3477 1010 potius
3509 939 3733 997 diversa

410 1041 627 1104 geretut
644 1027 1410 1101 dieeremquidipsesentirem
1428 1043 1440 1080 :
1459 1026 1503 1080 si
1524 1039 1591 1080 eo
1605 1024 1766 1080 modo
1781 1023 2002 1080 aﬂeclus
2110 1035 2425 1099 sentientes,
2459 1048 2619 1105 quam
2657 1049 2717 1089 se
2744 1033 2813 1089 ab
2837 1033 2916 1089 eis
2941 1033 3145 1090 nefario
3170 1034 3471 1090 schismate
3498 1050 3729 1106 separs—
3762 1106 3763 1109 η

414 1140 615 1192 essem,
636 1140 749 1196 quo
781 1139 930 1181 eram
950 1137 1072 1178 eum
1099 1122 1196 1177 ista
1224 1119 1515 1184 dictarem;
1543 1133 1876 1188 nequaquam
1901 1133 1913 1172 ι

2230 1144 2234 1178 ι
2278 1144 2294 1181 :
2347 1125 2436 1181 ubi
2492 1126 2889 1181 Donatistarum
2947 1140 3166 1196 prorsus
3212 1142 3305 1185 ora
3361 1128 3729 1193 clauduntur,

412 1216 638 1273 bitarem
670 1216 868 1270 habere
890 1227 986 1270 eos
1011 1213 1337 1284 Baptismum
1364 1253 1379 1279 ,
1405 1212 1495 1282 qui
1519 1210 1858 1281 ubicumque,
1888 1218 1942 1264 et
1969 1223 2003 1266 a
2111 1217 2319 1273 etiamsi
2346 1216 2414 1272 de
2440 1215 2849 1273 Maximianistis
2877 1216 3008 1272 nihil
3036 1217 3293 1275 dicamus.
3322 1218 3383 1277 8i
3411 1220 3578 1275 enim
3602 1221 3733 1275 mali
3762 1222 3763 1237 ‘

415 1307 863 1378 quibuscumque,
894 1304 1019 1359 illud
1045 1304 1222 1359 verbis
1265 1302 1586 1375 evangelicis
1608 1310 1999 1369 consecratum,
2111 1308 2280 1363 bonos
2308 1308 2360 1362 in
2387 1309 2588 1363 unitate
2613 1307 3000 1374 contaminant,
3025 1308 3225 1363 nullam
3247 1308 3359 1379 jam
3387 1309 3731 1377 Ecclesiam,
3762 1326 3763 1381 θ

415 1399 533 1454 sine
558 1412 652 1453 sua
681 1397 1022 1454 simulatione
1045 1404 1133 1461 ,et
1155 1410 1277 1452 cum
1306 1394 1478 1466 aliqua
1508 1393 1614 1450 ﬁde
1636 1394 2001 1463 accepissent:
2112 1398 2197 1453 cui
2234 1398 2550 1464 sociarelur,
2581 1398 2664 1453 vel
2711 1397 2828 1468 ipse
2846 1396 3147 1469 Cyprianus
3176 1398 3401 1454 invenit.
3443 1398 3511 1457 Si
3544 1411 3731 1457 autem
3762 1402 3763 1415 ‘

413 1505 717 1562 quanquam
746 1488 827 1544 eis
864 1487 933 1544 ad
962 1488 1185 1544 salutem
1210 1486 1540 1559 spiritualem
1566 1501 1675 1543 non
1703 1486 2001 1558 prodesset,
2112 1489 2241 1546 mali
2262 1491 2433 1546 bonos
2459 1489 2515 1545 in
2542 1489 2746 1545 unitate
2777 1504 2882 1547 non
2909 1491 3212 1557 maculant,
3242 1492 3449 1549 nullam
3497 1507 3729 1548 causam

414 1583 731 1639 sicharitate
750 1583 1190 1653 caruissent,qua
1212 1580 1878 1637 catltoliczeinsererentur
1902 1580 2006 1637 Ec-
2113 1581 2466 1652 separationis
2517 1581 2809 1651 sacrilegus
2865 1581 3132 1639 donatista
3204 1584 3484 1655 proponit.
3542 1584 3763 1655 Βουλῆ»

414 1675 612 1729 desim.
637 1675 697 1730 Si
713 1674 853 1729 enim
869 1670 1097 1738 habeant,
1114 1672 1300 1744 inquit,
1320 1673 1474 1743 ﬁdem
1493 1715 1508 1739 ,
1540 1682 1597 1727 ut
1617 1683 1808 1728 montes
1833 1682 2005 1729 trans-
2113 1688 2288 1728 smum
2318 1682 2494 1729 autem
2522 1673 2568 1728 si
2597 1671 2798 1729 habent
2825 1681 2880 1729 et
2926 1673 3144 1730 tradunt
3169 1673 3257 1729 alii
3289 1682 3397 1730 tam
3425 1676 3604 1731 multi
3637 1676 3731 1746 qui
3762 1702 3763 1705 η

423 1766 585 1836 feram
609 1807 623 1833 ,
657 1764 951 1819 charitatem
968 1773 1139 1820 autem
1164 1762 1510 1832 "catholicam,
1534 1762 1668 1818 nihil
1686 1781 1798 1819 sum
1820 1764 1864 1836 (l
1885 1764 2004 1823 Cor.
2114 1776 2403 1838 operantur
2447 1780 2611 1837 opera
2657 1765 2852 1833 carnis,
2907 1766 3082 1838 qualia
3122 1767 3211 1838 qui
3254 1777 3436 1838 agunt,
3496 1784 3729 1841 regnum
3762 1756 3763 1759 η

413 1873 506 1913 xm
532 1899 546 1925 ,
569 1855 647 1929 ἓ).
683 1857 831 1914 Sicut
863 1857 974 1927 jam
998 1858 1278 1927 prteteritis
1305 1856 1565 1927 majorum
1601 1857 1816 1913 statutis
1841 1897 1854 1919 .
1891 1871 2000 1911 non
2114 1859 2209 1915 Dei
2263 1874 2369 1914 non
2416 1857 2762 1927 possidebunt
2800 1855 3005 1931 (Gala.
3031 1873 3086 1925 v,
3112 1857 3349 1931 ιιι-ειυς
3395 1859 3618 1917 habent
3667 1875 3729 1915 ac
3762 1866 3763 1905 7

415 1950 769 2007 dubitoetiam
788 1950 911 2006 illos
932 1940 1128 2005 habere
1163 1949 1512 2020 Baptismum,
1536 1949 1625 2020 qui
1654 1950 1894 2020 quamvis
1917 1948 2009 2004 fal-
2120 1952 2334 2008 tradunt
2354 1960 2408 2006 et
2429 1950 2692 2019 hzeretici,
2715 1952 2804 2021 qui
2825 1951 2964 2006 inter
2982 1951 3069 2009 ills
3090 1965 3253 2022 opera
3270 1954 3553 2007 numerati
3576 1963 3725 2017 sunt,

415 2041 602 2097 laciter
635 2043 687 2097 id
712 2042 978 2113 accipiant
1003 2083 1017 2107 ,
1052 2043 1104 2096 in
1134 2041 1371 2097 Ecclesia
1402 2050 1579 2096 tamen
1609 2042 1898 2111 accipiunt,
1922 2041 2007 2097 vel
2118 2043 2256 2115 quod
2284 2043 2404 2114 quia
2437 2042 2740 2099 recedendo
2770 2058 2879 2099 non
2905 2043 3223 2111 amiserunt,
3260 2052 3315 2100 et
3342 2043 3574 2100 tradere
3613 2059 3729 2098 ma-
3762 2046 3763 2049 “

417 2137 507 2193 ubi
535 2144 751 2207 putatur
776 2151 895 2192 esse
920 2135 1161 2191 Ecclesia
1182 2135 1251 2190 ab
1278 2135 1359 2190 eis
1384 2176 1400 2203 ,
1426 2136 1478 2190 in
1506 2150 1734 2206 quorum
1756 2136 2010 2191 societate
2116 2134 2293 2191 nendo
2319 2143 2607 2206 potuerunt
2631 2153 2644 2189 :
2678 2134 2771 2190 sed
2804 2145 2909 2189 tam
2955 2134 3283 2193 infructuose
3322 2143 3491 2207 atque
3524 2136 3726 2191 inntili-
3762 2160 3763 2173 ι

420 2229 473 2284 id
512 2228 793 2297 accipitur,
818 2228 885 2282 de
924 2229 1112 2296 quibus
1158 2227 1356 2283 dictum
1374 2237 1477 2295 est,
1504 2226 1586 2282 Ex
1610 2226 1753 2281 nobis
1778 2228 2009 2282 exierunt
2119 2235 2201 2282 ter
2246 2226 2383 2283 tales
2412 2224 2625 2294 talibus,
2669 2241 2827 2297 quam
2858 2235 2910 2281 et
2940 2226 3013 2280 illi
3043 2226 3228 2283 creteri
3265 2242 3425 2298 pares
3446 2242 3651 2284 eorum
3683 2230 3724 2293 ί,
3762 2236 3763 2301 ξ

424 2319 485 2391 (1
510 2317 666 2372 Joan.
691 2333 749 2386 ιι,
779 2318 900 2390 l9).
924 2317 1025 2374 Ubi
1052 2327 1230 2375 autem
1250 2334 1427 2389 neque
1455 2318 1686 2375 societas
1714 2318 1818 2374 ulla
1863 2327 2009 2379 esset
2117 2320 2170 2375 in
2191 2334 2258 2376 eo
2279 2318 2425 2391 quod
2445 2334 2667 2391 regnum
2698 2318 2791 2374 Dei
2813 2333 2922 2375 non
2952 2318 3318 2389 possidebunt.
3349 2319 3420 2374 Et
3442 2319 3719 2391 quemsd-
3762 2340 3763 2395 ι

420 2413 494 2466 ita
520 2412 873 2479 credentium,
904 2427 1078 2483 neque
1120 2412 1207 2468 ille
1235 2414 1325 2484 qui
1355 2413 1425 2467 ibi
1469 2413 1759 2484 acciperet,
1790 2414 1859 2468 ita
1882 2428 2007 2469 cre-
2116 2413 2334 2469 modum
2364 2413 2471 2468 illis
2511 2413 2769 2468 correctis
2807 2411 3079 2482 Baptisms
3121 2427 3229 2468 non
3280 2412 3466 2481 incipit
3521 2411 3719 2469 adesse
3762 2402 3763 2433 ᾖ

423 2504 595 2572 deret,
645 2503 739 2560 sed
773 2512 941 2559 totum
991 2486 1192 2560 ludicre
1245 2514 1300 2560 et
1352 2504 1565 2560 mimice
1604 2514 1658 2559 et
1702 2504 2011 2576 ioculariter
2117 2506 2259 2579 quod
2281 2505 2484 2569 deerat,
2508 2504 2611 2561 sed
2634 2503 2895 2576 prodesse
2918 2503 3061 2575 quod
3087 2503 3289 2569 inerat;
3332 2505 3411 2559 sic
3449 2512 3509 2560 et
3550 2504 3726 2561 hatre-
3762 2544 3763 2583 ἐ

423 2606 689 2669 ageretur,
714 2607 891 2653 utrum
921 2598 1299 2668 approbandus
1318 2607 1461 2654 esset
1485 2598 1791 2668 Baptismus
1810 2598 1901 2669 qui
1926 2598 2005 2655 sic
2119 2599 2259 2656 ticis.
2291 2597 2445 2655 Unde
2470 2597 2768 2670 Cyprianus
2786 2638 2800 2664 ,
2822 2606 2879 2654 et
2906 2597 2996 2668 qui
3035 2610 3159 2653 cum
3196 2612 3262 2653 eo
3290 2607 3587 2654 senserunt
3604 2639 3622 2666 ,
3648 2613 3725 2652 ca-
3762 2596 3763 2665 ἰ

423 2689 929 2757 daretur;divinum
956 2691 1214 2760 judicium
1258 2707 1355 2762 per
1402 2690 1624 2762 alicujus
1669 2691 2013 2747 revelationis
2120 2692 2332 2749 tholicae
2372 2691 2648 2759 Eeclesire,
2701 2706 2859 2762 quam
2890 2690 3181 2749 noluerunt
3228 2690 3552 2760 praecidere,
3613 2705 3719 2747 non

422 2782 719 2847 oraculum,
745 2781 997 2836 concordi
1024 2782 1268 2837 oratione
1295 2791 1349 2837 et
1375 2782 1630 2852 impensis
1654 2782 1876 2853 supplici
1907 2781 2004 2838 de-
2119 2794 2415 2858 potuernnt
2461 2783 2833 2856 praescribere.
2862 2782 3015 2851 Quod
3044 2796 3175 2838 vero
3212 2781 3374 2838 aliter
3402 2792 3721 2852 sapuerunt,
3762 2806 3763 2811 π

421 2873 638 2928 votione
666 2872 950 2944 gemitibus
978 2872 1370 2942 implorandum
1418 2888 1540 2929 esse
1582 2889 1906 2931 censerem:
1935 2874 2006 2929 ita
2119 2890 2230 2934 non
2272 2876 2696 2947 expavescimus,
2747 2874 2872 2947 quia
2909 2889 3032 2930 cum
3059 2873 3139 2929 eis
3181 2887 3508 2930 veneramur
3544 2881 3607 2929 et
3631 2872 3726 2929 Ρο-
3762 2920 3763 2957 ἦ

424 2980 555 3022 sane
596 2974 652 3019 ut
703 2972 828 3036 post
853 2980 940 3019 me
969 2965 1208 3020 dicturos
1263 2966 1575 3030 sententias,
1632 2980 1700 3021 ne
1736 2966 1862 3036 quid
1902 2966 2012 3036 jam
2122 2979 2265 3025 trum
2296 2987 2311 3024 ε
2339 2967 2483 3039 quod
2506 2976 2685 3025 autem
2713 2967 2782 3024 ab
2813 2967 3020 3023 unitate
3058 2980 3163 3022 non
3188 2973 3562 3032 recesserunt,
3592 2978 3722 3037 gau-
3762 2974 3763 3027 j

425 3055 758 3126 exploratum
777 3064 829 3110 et
841 3054 1111 3127 cognitum
1134 3055 1409 3124 afferrent,
1435 3056 1709 3112 humiliter
1733 3062 2015 3127 exspecta-
2123 3061 2332 3129 demus,
2362 3060 2488 3133 quia
2508 3076 2630 3116 cum
2660 3060 2740 3115 eis
2759 3058 3087 3119 aediﬁcantur
3100 3058 3153 3113 in
3186 3065 3359 3128 petra.
3762 3058 3763 3063 “

426 3162 542 3204 rem
576 3166 589 3202 :
621 3157 822 3219 quanto
851 3150 1022 3220 magis
1042 3164 1170 3221 ergo
1215 3164 1359 3205 nunc
1387 3150 1502 3205 sine
1529 3148 1840 3220 praeiudicio
1883 3148 2011 3203 dili-

426 3246 686 3317 gentioris
707 3245 1084 3316 inquisitionis,
1111 3245 1196 3302 vel
1219 3245 1437 3317 majoris
1478 3243 1832 3312 auctoritatis,
1880 3242 2015 3298 illud

2190 3281 2208 3355 ξ
2245 3285 2297 3330 ιιι
2318 3276 2684 3355 γειειςφᾲξοθ
2704 3275 2983 3327 Oorbeiensi
2998 3280 3048 3325 et
3068 3271 3234 3324 inallis
3258 3279 3365 3323 Mss.
3393 3284 3551 3335 prope
3579 3272 3724 3321 omni-

427 3336 628 3395 dixisse
649 3337 989 3411 accipiendus
1010 3352 1127 3393 sum
1147 3338 1173 3393 ἲ
2122 3342 2235 3403 bus,
2270 3346 2434 3406 patres
2455 3352 2641 3392 eorum.

1402 3789 1494 3852 IN
1549 3787 1716 3852 SUB
1732 3785 2284 3863 SEQUENTES
2341 3782 2705 3849 LIBROS.

1869 3927 2277 3969 W

496 4052 627 4113 Poet
647 4048 813 4111 libros
827 4048 895 4109 de
921 4047 1194 4119 Baptismo
1221 4046 1498 4118 proximus
1517 4055 1599 4107 est
1621 4047 1674 4111 in
1693 4047 2151 4113 Retractationum
2176 4045 2316 4105 serie
2336 4044 2471 4105 liber
2499 4040 2650 4119 cujus
2698 4038 2902 4103 titulus,
2926 4035 3113 4093 Contra
3127 4032 3262 4107 quod
3277 4033 3446 4088 attulit
3460 4028 3717 4089 Centauris:

423 4162 458 4200 ιι
495 4143 795 4205 Donatistis.
814 4143 913 4201 Cui
951 4141 1129 4211 libro,
1169 4141 1218 4198 si
1254 4156 1399 4198 nunc
1435 4150 1691 4209 exstaret,
1735 4155 1864 4203 suus
1904 4141 1922 4199 l

2080 4151 2151 4203 tte
2189 4136 2443 4211 opuscula
2483 4144 2668 4195 contra
2707 4127 3192 4197 Petilianumlocus
3232 4125 3579 4181 tribueretur.

494 4237 788 4301 Petilianus
815 4236 870 4292 in
901 4234 1093 4295 Donati
1120 4244 1277 4305 parte
1299 4234 1616 4308 episcopus,
1645 4233 1939 4301 advocatus
1965 4232 2196 4291 forensis
2233 4240 2388 4291 antea
2438 4228 2640 4295 fuerat;
2672 4239 2782 4299 quo
2809 4225 2861 4278 in
2904 4235 3127 4313 munere
3152 4235 3210 4275 se
3240 4216 3499 4313 Damclcti
3528 4225 3717 4313 nomen

421 4332 784 4407 promeruisse
817 4328 1127 4401 iactitabat,
1159 4336 1298 4385 teste
1325 4305 1621 4401 Augustino
1647 4328 1699 4385 in
1748 4326 1906 4399 huius

2216 4338 2288 4380 ll‘O
2313 4323 2368 4390 3,
2399 4336 2515 4393 cap.
2551 4318 2635 4375 16.
2685 4318 2861 4391 Ipsum
2906 4311 3099 4378 Cirtte,
3133 4326 3225 4367 seu
3254 4309 3400 4407 (quae
3443 4305 3635 4407 eadem
3670 4305 3715 4355 in

422 4399 666 4491 humidis
695 4399 882 4487 civitas
911 4421 1062 4495 erat)
1093 4399 1490 4487 Constantinus,
1520 4436 1642 4479 cum
1668 4419 1967 4478 catholicus
1996 4419 2411 4477 catechumenus
2455 4420 2628 4479 esset,
2658 4419 2816 4467 natus
2843 4407 2908 4462 de
2938 4402 3246 4476 parentibus
3279 4399 3597 4495 catholicis,
3636 4408 3717 4451 ra.

424 4533 575 4592 ptum
604 4519 770 4585 fuisse
796 4533 827 4575 a
852 4492 1173 4583 Donatistis,
1201 4524 1257 4575 et
1286 4529 1383 4587 per
1405 4514 1511 4570 vim
1531 4513 1599 4571 ab
1630 4514 1695 4571 iis
1722 4512 2046 4584 baptizatum
2066 4554 2081 4579 ,
2105 4511 2483 4580 nolentemqne
2509 4504 2811 4565 ordinatum
2829 4543 2845 4569 ,
2872 4497 3165 4592 dicitidem
3186 4495 3515 4592 Augustinus
3539 4492 3715 4592 iniser-

424 4579 586 4676 inone
610 4616 678 4674 de
704 4580 885 4674 Gestis
913 4626 1037 4675 cum
1066 4579 1343 4678 Emerito,
1373 4624 1583 4669 necnon
1625 4607 1711 4665 hic
1730 4649 1744 4677 ,
1780 4579 1871 4664 lib.
1900 4604 1957 4671 2,
1980 4619 2101 4676 cap.
2148 4603 2269 4665 104.
2299 4579 2479 4661 Evasit
2522 4595 2860 4670 postmodum
2895 4591 3186 4648 Petilianus
3214 4587 3382 4660 partis
3410 4579 3716 4678 Donatide-

422 4673 607 4773 iensor
629 4707 954 4771 acerrimus,
969 4673 1184 4773 ‘fuitque
1211 4673 1391 4763 unuse
1407 4710 1611 4773 septem
1634 4673 1898 4772 episcOpis
1925 4673 2176 4764 delectis,
2203 4695 2293 4766 qui
2318 4693 2372 4751 in
2387 4687 2795 4763 Carthaginensi
2821 4682 3108 4747 collatione
3134 4679 3391 4737 adversus
3414 4673 3710 4733 Catholicos

426 4804 653 4867 totidem
681 4803 962 4872 episcopos
989 4797 1351 4867 disputarunt.
2730 4871 2760 4875 η
2906 4868 2937 4875 __
3164 4873 3171 4875 _
3268 4863 3302 4875 _
3345 4861 3376 4875 Δ,
3439 4860 3469 4875 __
3586 4858 3621 4875 μ

503 4859 553 4954 is
575 4859 745 4953 multo
768 4859 895 4951 ante
918 4859 1165 4953 eamdem
1204 4885 1543 4943 collationem
1564 4884 1777 4959 scripsit
1800 4883 1921 4945 illas
1947 4880 2254 4939 Donatianis
2282 4875 2609 4950 presbyteris
2633 4881 2687 4930 et
2711 4868 3024 4927 diaconibus
3052 4859 3713 4962 contra-Catholicosditte-

425 5005 547 5055 ras,
578 5003 700 5059 quae
723 4985 1168 5055 subsequentibus
1208 4981 1357 5039 libris
1383 4978 1551 5037 tribus
1593 4954 1953 5035 conlutantur.
1985 4975 2166 5035 Primo
2195 4974 2333 5035 libro
2366 4968 2671 5045 aggreditur
2708 4963 3040 5061 Augustinus
3064 4959 3304 5061 epistolae
3334 4954 3576 5061 Ριξιιιὶιιιιὶ
3613 4954 3711 5061 pri-

433 5051 579 5141 mam
600 5051 814 5151 partem
830 5119 845 5145 .
870 5051 987 5149 qitae
1007 5077 1107 5135 sibi
1123 5119 1140 5147 ,
1162 5092 1283 5135 cum
1310 5076 1362 5133 in
1383 5073 1614 5135 ecclesia
1639 5070 2090 5131 Constantiniensi
2109 5080 2284 5138 esset,
2305 5068 2481 5127 oblata
2508 5064 2606 5121 fuit
2625 5079 2641 5130 ;
2662 5061 2919 5126 Absentio,
2948 5067 3006 5114 ut
3029 5059 3080 5113 in
3107 5056 3227 5111 libri
3253 5052 3476 5111 exordio
3529 5051 3710 5124 legite,

428 5191 678 5257 prasente
717 5188 765 5236 et
809 5176 1096 5239 Fortunato
1140 5176 1249 5247 ejus
1276 5174 1521 5233 Ecclesia
1544 5172 1800 5246 episcopo.
1841 5170 1937 5229 Ubi
1995 5186 2092 5242 pro
2134 5166 2406 5232 Absentio,
2450 5163 2588 5220 forte
2631 5158 2915 5233 legendum
2969 5153 3191 5257 Alqpio,
3212 5168 3319 5229 quo
3361 5150 3417 5257 id
3469 5150 3712 5257 referatur

442 5245 510 5336 ad
535 5275 776 5333 eamdem
804 5272 975 5343 ipsam
1001 5245 1371 5334 occasionem,
1399 5283 1504 5339 qua
1554 5265 1714 5325 simul
1742 5272 2123 5323 concurrentes
2148 5263 2309 5323 iidem
2339 5259 2614 5333 episcopi,
2639 5256 2966 5317 Fortunatus
2989 5294 3005 5319 ,
3039 5250 3263 5326 Alypius
3281 5257 3336 5304 et
3363 5245 3705 5343 Augustinus,

431 5370 722 5447 Epistolam
754 5337 989 5424 55-inter
1015 5337 1429 5435 Augustiuianas
1445 5402 1462 5430 ,
1492 5376 1613 5433 quae
1641 5359 1707 5421 ad
1750 5374 1950 5416 annum
1983 5357 2197 5417 circiter
2225 5355 2332 5414 ωε)
2355 5361 2657 5417 revocatur,
2690 5348 2968 5447 Generosa
2990 5344 3328 5447 scripserunt
3356 5337 3707 5447 ιιῗιιιιιιιιιιῑιιιι5

429 5433 611 5526 verbis
628 5507 645 5531 ,
677 5478 800 5521 cum
829 5458 1083 5516 nonnulla
1110 5433 1320 5515 ibidem
1338 5498 1355 5523 ,
1382 5471 1505 5528 cap.
1530 5456 1582 5523 i,
1612 5455 1680 5513 de
1706 5452 2189 5511 Constantiniensis
2217 5448 2456 5522 episcopi
2503 5444 2787 5505 donatistte
2814 5441 3038 5521 epistola
3066 5439 3360 5531 mentione.
3390 5433 3608 5491 Librum
3629 5445 3706 5487 se-

434 5529 700 5625 cundum,
730 5571 837 5628 quo
866 5563 1029 5609 totam
1061 5543 1245 5622 postea
1270 5561 1538 5621 receptam
1560 5550 1803 5606 Petiliani
1836 5545 2119 5617 epistolam
2143 5544 2339 5602 refellit
2361 5542 2712 5613 Augustinus,
2745 5534 3013 5633 scribebat
3042 5532 3264 5633 sedente
3286 5529 3485 5633 lium:
3762 5622 3763 5625 Ἰ

433 5618 515 5713 sio
534 5695 550 5718 ,
577 5663 635 5707 ut
656 5618 799 5722 patet
840 5663 909 5706 ex
934 5618 1108 5717 capite
1132 5646 1194 5702 5i
1223 5660 1237 5709 ;
1270 5651 1362 5701 aut
1386 5618 1576 5701 saltem
1606 5641 1873 5699 Anastasii
1901 5639 2048 5695 obitu
2069 5679 2083 5704 ,
2110 5638 2200 5708 qui
2228 5637 2281 5691 in
2328 5636 2414 5689 die
2443 5633 2631 5704 aprilis
2659 5629 2914 5701 vigesima
2943 5626 3165 5722 septima
3191 5622 3333 5722 anni
3378 5620 3489 5722 ιφ
3513 5618 3701 5722 incidit.

433 5708 672 5805 nondum
702 5744 804 5800 sibi
833 5708 1129 5813 comperto.
1156 5708 1398 5795 Tertium
1428 5736 1672 5804 tandem,
1722 5736 1835 5793 visa
1880 5733 2150 5805 aliquanto
2174 5741 2295 5801 p05t
2323 5728 2672 5799 responsione
2702 5725 2814 5781 sive
2838 5721 3068 5780 secunda
3089 5716 3335 5776 Petiliani
3365 5714 3621 5793 epistola,
3643 5708 3702 5768 li-
3762 5806 3763 5821 χ

434 5837 592 5896 brum
622 5837 687 5895 ad
715 5838 884 5910 ipsam
908 5832 1314 5894 convellendam
1340 5828 1487 5887 fecit.
3762 5862 3763 5907 ι

3650 5968 3665 5979 Α
