3812 6160
422 301 525 354 2-57

421 409 519 468 sibi
541 407 678 480 apud
699 405 974 476 imperitos
991 399 1245 456 adversus
1268 392 1595 451 Catholicam
1623 389 1903 462 scripsisse
1924 388 2004 443 vi-

423 501 701 646 ἀεξιιὲεο
739 599 866 656 ergo
895 582 986 638 ille
1009 580 1237 652 primum
1267 547 1571 647 incpistola
1600 588 1696 630 sua
1721 571 1899 644 posuit
1922 569 2009 626 di-

424 695 574 748 cens,
601 677 736 749 quod
757 676 827 732 eis
850 673 1147 746 objiciamus
1165 669 1241 724 bis
1268 668 1551 739 Baptisma,
1582 666 1667 736 qui
1689 664 1780 720 sub
1809 661 2011 718 nomine

405 769 677 842 =Baptismi
713 767 911 823 animas
949 771 1146 819 nostras
1179 777 1266 816 reo
1303 760 1503 815 lavacro
1549 757 1840 828 polluimus.
1871 751 2010 823 Quid

425 875 604 921 autem
651 861 870 933 prodest
900 856 1079 914 omnia
1125 855 1241 926 ejus
1285 851 1670 910 contumeliosa
1711 850 1873 906 verba
1921 862 2012 903 re-

426 954 653 1013 texere?
679 952 809 1009 Nam
837 949 1087 1022 quoniam
1111 947 1253 1003 aliud
1280 955 1363 1000 est
1402 945 1721 1000 documenta
1765 941 1976 997 ﬁrmare
1993 982 2010 1008 ,

429 1047 572 1102 aliud
593 1043 872 1099 maledicta
896 1038 1193 1096 refellendo
1214 1045 1473 1102 tractare;
1496 1034 1626 1090 illud
1652 1034 1825 1104 potius
1844 1040 2016 1087 atten-

431 1139 653 1203 damus,
697 1150 806 1206 quo
832 1141 985 1204 pacto
1013 1131 1385 1186 demonstrare
1425 1125 1675 1192 voluerit,
1709 1139 1806 1179 nos
1832 1121 2014 1192 Bapti-

432 1244 607 1284 smum
633 1241 739 1282 non
765 1225 985 1291 habere,
1013 1231 1067 1278 et
1093 1221 1212 1277 ideo
1241 1234 1302 1276 se
1330 1234 1438 1275 non
1467 1225 1711 1289 repetere
1739 1214 1879 1286 quod
1905 1217 2016 1284 jam

434 1327 572 1386 erat,
601 1317 694 1374 sed
732 1316 861 1372 dare
898 1313 1041 1387 quod
1069 1328 1175 1368 non
1202 1321 1339 1368 erat.
1371 1311 1462 1366 Ait
1489 1309 1630 1365 enim
1657 1326 1670 1363 :
1703 1305 2018 1362 Conscientia

435 1427 653 1482 namque
680 1408 847 1464 dantis
866 1406 1159 1471 attenditur,
1183 1404 1269 1474 qui
1297 1403 1470 1457 abluat
1498 1399 1831 1472 accipientis?
1857 1397 2014 1466 Quid,

436 1506 483 1561 si
510 1506 670 1560 lateat
697 1502 871 1558 dantis
898 1499 1240 1563 conscientia,
1287 1506 1341 1552 et
1364 1495 1589 1550 fortasse
1615 1494 1882 1548 maculosa
1912 1491 2018 1547 sit?

437 1595 704 1669 quomodo
731 1595 924 1666 poterit
942 1591 1252 1663 accipientis
1273 1590 1491 1645 abluere
1518 1587 1918 1653 conscientiam,
1949 1586 2016 1652 si,

437 1687 884 1762 quemadmodum
907 1686 1055 1752 dicit,
1087 1683 1391 1738 conscientia
1420 1681 1591 1736 dantis
1617 1679 1910 1745 attenditur,
1933 1678 2021 1749 qui

437 1783 610 1838 abluat
635 1781 927 1854 accipientis
943 1780 969 1834 .9
992 1777 1046 1834 Si
1074 1778 1216 1834 enim
1245 1774 1437 1831 dixerit
1457 1773 1523 1829 ad
1545 1773 1892 1843 accipientem
1915 1786 2022 1826 non

439 1874 707 1946 pertinere
728 1868 983 1943 quidquid
1009 1867 1135 1924 mali
1159 1865 1374 1922 latuerit
1400 1865 1455 1920 in
1477 1863 1802 1919 conscientia
1824 1861 2020 1929 dantis,

439 1968 505 2024 ad
532 1966 634 2024 hoc
655 1966 848 2021 valebit
878 1963 1101 2018 fortasse
1129 1960 1219 2016 illa
1248 1958 1567 2030 ignorantia,
1585 1966 1643 2011 ut
1661 1955 1728 2010 de
1745 1956 2024 2011 conscien-

442 2062 514 2117 tia
538 2058 883 2131 baptizatoris
912 2056 992 2112 sui
1026 2069 1131 2110 non
1151 2053 1322 2125 possit
1341 2051 1585 2107 nesciens
1604 2047 1880 2105 maculari.
1903 2045 2029 2102 Suf-

442 2152 586 2208 ﬁciat
610 2165 738 2221 ergo
765 2157 823 2205 ut
840 2148 1060 2203 alterius
1079 2145 1410 2202 conscientia
1436 2141 1704 2198 maculosa
1731 2157 1853 2196 cum
1873 2141 2026 2211 igno-

442 2254 610 2310 ratur,
640 2259 746 2299 non
784 2240 1051 2298 maculet:
1083 2235 1338 2309 numquid
1376 2243 1555 2291 autem
1604 2234 1766 2290 etiam
1811 2233 2028 2290 abluere

442 2343 620 2406 potest
633 2334 658 2390 ?

515 2423 742 2482 CAPUT
769 2422 830 2479 ll.
851 2453 925 2464 —
943 2423 996 2478 5.
1035 2420 1188 2477 Unde
1216 2419 1375 2493 igitur
1401 2418 1693 2476 abluendus
1718 2426 1799 2474 est
1825 2417 1915 2490 qui
1942 2432 2032 2474 ae-

444 2520 572 2592 cipit
596 2518 921 2588 Baptismum
946 2557 962 2584 ,
990 2530 1111 2571 cum
1139 2513 1312 2569 dantis
1341 2511 1544 2582 polluta
1571 2510 1898 2567 conscientia
1925 2519 2026 2578 est,

446 2620 502 2666 et
526 2609 629 2666 hoc
654 2609 746 2666 ille
764 2609 855 2680 qui
875 2615 956 2664 est
973 2614 1289 2677 accepturus
1312 2601 1556 2673 ignorat?
1582 2602 1887 2658 Praesertim
1907 2617 2032 2659 cum

446 2702 639 2770 addat,
671 2712 727 2759 et
759 2701 938 2769 dicat,
982 2698 1121 2755 Nam
1149 2698 1237 2770 qui
1270 2697 1424 2768 ﬁdem
1448 2713 1480 2751 a
1506 2696 1702 2768 perﬁdo
1729 2697 2029 2768 sumpserit,

445 2812 548 2851 non
573 2795 727 2866 ﬁdem
753 2795 985 2866 percipit,
1023 2793 1110 2848 sed
1134 2801 1350 2847 reatum.
1379 2789 1520 2845 Ecce
1541 2797 1648 2845 stat
1676 2788 1909 2860 perﬁdus
1936 2790 2033 2845 ba-

449 2889 761 2960 ptizaturus,
785 2897 836 2942 at
866 2886 955 2943 ille
993 2885 1085 2957 qui
1108 2882 1457 2956 baptizandus
1481 2891 1584 2952 est,
1608 2881 1885 2954 perfidiam
1914 2884 2032 2954 ejus

448 2981 658 3050 ignorat
680 2995 693 3032 :
721 2977 846 3049 quid
871 2992 992 3032 eum
1013 2984 1352 3045 accepturum
1371 2989 1492 3030 esse
1519 2973 1830 3030 arbitraris?
1851 2984 2030 3030 utrum

450 3070 633 3140 ﬁdem,
663 3085 730 3125 an
756 3069 1001 3125 reatum?
1037 3067 1094 3124 Si
1124 3067 1322 3124 dixeris
1348 3065 1508 3122 ﬁdem
1533 3081 1549 3133 ;
1577 3065 1842 3122 concedes
1871 3081 2032 3137 posse

451 3163 569 3221 ﬁeri
595 3172 710 3220 uta
737 3162 942 3234 perﬁdo
983 3161 1207 3232 quisque
1245 3159 1407 3216 ﬁdem
1437 3159 1734 3230 percipiat,
1777 3174 1883 3215 non
1911 3175 2033 3216 rea-

452 3265 600 3323 tum;
627 3264 682 3312 et
701 3254 890 3311 falsum
919 3253 1022 3309 erit
1053 3251 1186 3308 illud
1214 3251 1358 3323 quod
1387 3251 1586 3307 dictum
1621 3258 1724 3316 est,
1762 3249 1862 3319 Qui
1885 3250 2036 3321 ﬁdem

451 3365 486 3403 a
521 3347 717 3421 perﬁdo
752 3346 1056 3418 sumpserit,
1090 3362 1192 3400 non
1219 3344 1375 3414 ﬁdem
1418 3344 1662 3416 percipit,
1692 3343 1782 3399 sed
1817 3352 2031 3399 reatum.

452 3441 757 3497 invenimus
784 3439 926 3496 enim
956 3437 1072 3494 ﬁeri
1117 3451 1275 3508 posse
1313 3446 1373 3492 ut
1399 3437 1559 3493 etiam
1586 3451 1618 3491 a
1644 3435 1847 3508 perﬁdo
1877 3436 2036 3492 ﬁdem

452 3534 573 3604 quis
599 3532 873 3604 percipiat,
901 3531 946 3586 si
977 3529 1252 3604 perﬁdiam
1278 3527 1454 3583 dantis
1477 3527 1702 3598 ignoret.
1742 3527 1859 3583 Non
1891 3528 2036 3584 enim

451 3625 544 3692 ait,
575 3624 674 3692 Qui
710 3623 868 3679 ﬁdem
898 3639 929 3676 a
963 3621 1171 3693 perﬁdo
1199 3620 1484 3676 manifesto
1511 3621 1596 3675 vel
1639 3621 1851 3691 cognito
1881 3636 2027 3676 sum-

453 3716 620 3786 pserit
653 3734 666 3770 :
699 3715 816 3782 sed,
853 3714 954 3780 Qui
991 3715 1165 3786 ﬁdem,
1197 3714 1401 3784 inquit,
1438 3729 1471 3767 a
1507 3713 1704 3784 perﬁdo
1741 3716 2033 3787 sumpserit,

454 3825 556 3862 non
586 3807 738 3877 [idem
767 3805 1013 3878 percipit,
1055 3805 1144 3860 sed
1180 3814 1412 3870 reatum;
1450 3803 1593 3875 quod
1624 3805 1804 3872 utique
1843 3804 2035 3863 falsum

457 3898 775 3970 est,quando
793 3898 909 3969 quis
936 3913 966 3952 a
996 3897 1196 3953 latente
1220 3896 1424 3968 perﬁdo
1447 3898 1763 3968 baptizatur.
1785 3897 1840 3954 Si
1856 3908 2032 3955 autem

457 3991 672 4056 dixerit,
691 3989 864 4045 Etiam
878 4004 998 4044 cum
1033 3989 1328 4059 baptizator
1353 3988 1588 4060 perﬁdus
1611 3989 1757 4057 latet,
1776 4005 1880 4044 non
1894 3991 1960 4046 ab
1972 4006 2036 4048 eo

460 4082 620 4138 ﬁdem
664 4081 922 4153 percipit,
961 4080 1056 4138 sed
1099 4089 1348 4138 reatum:
1389 4081 1719 4152 rebaptizent
1759 4098 1886 4153 ergo
1917 4084 2035 4140 illos

458 4191 593 4248 quos
618 4175 686 4231 ab
710 4175 789 4231 eis
828 4173 1118 4244 baptizatos
1147 4188 1266 4230 esse
1293 4174 1623 4240 conStiterit,
1651 4174 1741 4245 qui
1779 4174 1870 4229 diu
1895 4175 2034 4244 apud

459 4269 606 4337 ipsos
628 4264 976 4321 conscelerati
995 4265 1012 4297 ί
1038 4265 1324 4332 latuerunt,
1345 4273 1397 4320 et
1423 4274 1604 4334 postea
1634 4264 1826 4335 proditi
1855 4267 2036 4321 convi-

457 4360 633 4431 ctique
655 4358 888 4413 damnati
908 4366 1052 4412 sunt.

529 4448 755 4505 CAPUT
779 4447 864 4502 Ill.
892 4448 970 4502 Eo
993 4447 1188 4518 quippe
1211 4455 1448 4517 tempore
1471 4463 1579 4517 quo
1601 4447 1852 4515 latebant,
1876 4463 2037 4519 quos-

459 4555 690 4610 cumque
718 4538 1137 4608 baptizaverunt,
1171 4553 1278 4592 non
1308 4537 1385 4592 eis
1415 4547 1703 4608 potuerunt
1740 4539 1896 4595 ﬁdem
1929 4549 2032 4594 tra-

458 4631 618 4697 dere,
651 4629 744 4685 sed
785 4638 1023 4694 reatum;
1051 4627 1096 4681 si
1133 4627 1372 4698 quisquis
1421 4628 1574 4682 tidem
1602 4645 1630 4682 a
1662 4629 1865 4699 perﬁdo
1892 4646 2037 4685 sum-

463 4721 648 4792 pserit,
677 4736 782 4775 non
812 4720 967 4775 ﬁdem
1014 4719 1266 4789 percipit,
1307 4719 1401 4774 sed
1427 4729 1654 4776 reatum.
1683 4722 1822 4793 Ergo
1859 4724 2036 4794 bapti-

461 4823 649 4869 zentur
672 4829 701 4867 a
730 4813 915 4878 bonis,
947 4821 1004 4868 ut
1029 4812 1234 4884 possint
1261 4810 1417 4867 ﬁdem
1444 4812 1716 4883 percipere
1739 4856 1752 4878 ,
1790 4831 1892 4870 non
1922 4832 2039 4871 rea-

465 4918 598 4963 tum.

535 5003 589 5057 Is.
631 4999 737 5056 Sed
763 4998 1030 5070 quomodo
1057 5007 1110 5054 et
1128 4999 1196 5055 de
1225 4999 1339 5054 istis
1354 4997 1426 5073 (a)
1445 5001 1616 5054 securi
1638 5010 1813 5068 erunt,
1833 5001 1878 5056 si
1903 5017 2030 5057 con-

462 5094 686 5154 scientia
711 5091 886 5148 dantis
909 5090 1218 5159 attenditur,
1241 5107 1358 5162 quae
1385 5091 1513 5146 latet
1531 5091 1713 5146 oculos
1733 5093 2038 5163 accepturi?

465 5187 541 5242 lta
570 5183 863 5242 secundum
885 5199 1067 5239 eorum
1091 5184 1408 5240 sententiam
1431 5183 1488 5238 ﬁt
1511 5184 1655 5238 salus
1683 5183 1767 5238 illa
1795 5184 2040 5254 Spirituao

464 5279 532 5337 lis
578 5279 798 5343 incerta,
825 5275 950 5331 dum
976 5285 1160 5332 contra
1200 5275 1502 5346 Scripturas
1529 5284 1758 5342 sanctas,
1799 5291 1917 5346 qua:
1952 5275 2038 5330 di-

463 5380 611 5438 cunt,
641 5368 839 5426 Bonum
863 5377 933 5424 est
970 5369 1220 5438 conﬁdere
1247 5369 1300 5422 in
1335 5367 1569 5434 Domino,
1603 5385 1751 5439 quam
1789 5368 2041 5439 conﬁdere

461 5467 516 5520 in
539 5465 741 5519 homine
778 5461 952 5533 (Psal.
981 5475 1144 5524 cxvn,
1174 5459 1263 5529 8);
1299 5467 1386 5527 et,
1431 5458 1733 5514 Maledictus
1772 5464 1933 5514 omnis
1955 5460 2041 5530 qui

464 5574 605 5612 suem
623 5570 768 5610 suam
795 5553 935 5624 ponit
953 5553 1006 5606 in
1029 5551 1230 5607 homine
1248 5549 1457 5622 (larem.
1489 5568 1618 5620 xvn,
1650 5550 1704 5625 5)
1737 5569 1750 5607 :
1777 5567 1925 5624 spem
1947 5552 2042 5608 ba-

531 5711 547 5741 ι
582 5709 718 5768 Editi,
737 5720 846 5771 cum
865 5705 1101 5771 scelerati.
1121 5714 1247 5767 Mss,
1279 5718 1388 5757 cum
1418 5709 1692 5771 sectantis):
1716 5724 1874 5760 munis
1887 5719 2041 5763 recte.

533 5771 607 5832 (a)
640 5767 834 5832 supple,
858 5767 1004 5820 bonis.

1265 279 1540 337 CONTRA
1576 271 1917 332 LITTERAS
1956 270 2322 342 PETILIANI,
2363 272 2424 329 S.
2465 270 2834 330 AUGUSTINI

2116 386 2486 458 ptizandorum
2514 386 2760 444 auferunt
2791 395 2824 446 a
2869 388 3098 447 Domino
3142 390 3290 463 Deo,
3315 401 3373 452 et
3399 393 3458 452 in
3482 394 3716 456 homine

2115 477 2418 550 ponendam
2455 493 2577 536 esse
2611 478 2957 550 persuadent.
2993 480 3145 540 Unde
3167 481 3228 539 ﬁt
3254 485 3474 542 omnino
3510 497 3572 545 ut
3598 504 3719 546 non

2116 570 2339 638 incerta,
2369 571 2464 628 sed
2489 585 2708 644 prorsus
2738 572 2880 628 nulla
2907 573 2978 629 sit
3005 575 3192 631 salus:
3221 577 3366 649 quia,
3398 577 3616 636 Domini
3634 592 3718 638 at

2117 662 2258 718 salus
2283 661 2456 735 (Psal.
2476 678 2554 731 tn,
2582 662 2669 733 9);
2700 671 2778 731 et,
2815 662 2963 719 Vana
2989 665 3130 722 salus
3152 667 3368 724 hominis
3391 668 3566 744 (Psal.
3595 689 3719 742 LII,

2119 753 2232 828 13).
2261 755 2444 828 Itaque
2467 755 2708 828 quisquis
2747 757 2802 812 in
2832 756 3051 816 homine
3075 774 3225 831 spem
3251 764 3507 834 posuerit,
3539 767 3719 824 etiam
3788 835 3789 838 η

2119 864 2278 920 quem
2324 849 2524 921 justum
2567 857 2624 906 et
2663 851 3004 908 innocentem
3045 854 3230 924 novit,
3257 856 3578 917 maledictus
3604 870 3717 918 est.
3788 849 3789 878 ‘

2121 939 2278 997 Unde
2313 951 2370 998 et
2414 941 2688 1012 apostolus
2716 941 2916 999 Paulus
2939 958 3036 999 eos
3071 945 3162 1016 qui
3188 945 3436 1004 dicebant
3470 963 3532 1006 se
3556 950 3720 1010 Pauli
3788 1005 3789 1030 ι

2120 1047 2262 1102 esse,
2284 1032 2562 1106 obiurgat,
2593 1043 2648 1092 et
2692 1035 2825 1092 dicit
2853 1053 2866 1090 :
2909 1035 3177 1110 Numquid
3204 1038 3401 1098 Paulus
3447 1061 3543 1115 pro
3568 1047 3720 1101 nobis

2121 1125 2395 1196 cruciﬁxus
2418 1134 2494 1182 est
2511 1125 2538 1181 ?
2554 1136 2644 1183 aut
2665 1127 2720 1183 in
2734 1129 2936 1185 nomine
2954 1127 3111 1186 Pauli
3131 1132 3368 1205 baptizati
3390 1135 3506 1191 estis
3522 1135 3572 1210 (Ι
3587 1135 3719 1194 Car.

2123 1231 2162 1283 ι,
2193 1216 2329 1288 l5)?
3515 1225 3520 1230 ’

2192 1308 2419 1367 CAPUT
2456 1310 2546 1368 Ν.
2575 1342 2646 1354 —-
2672 1313 2726 1370 5.
2765 1313 3118 1389 Quapropter,
3164 1318 3210 1374 si
3247 1321 3495 1379 errabant
3525 1322 3632 1393 illi,
3663 1335 3721 1382 et

2124 1400 2227 1456 nisi
2258 1402 2672 1472 corrigerentur,
2701 1405 2956 1476 perirent,
2983 1408 3074 1480 qui
3103 1409 3351 1469 volebant
3369 1428 3489 1472 esse
3513 1415 3714 1483 Pauli;

2123 1510 2242 1566 quae
2267 1495 2481 1552 tandem
2521 1513 2645 1569 spes
2670 1514 2853 1556 eorum
2893 1511 3008 1571 est,
3041 1505 3130 1575 qui
3175 1516 3418 1576 quaerunt
3459 1522 3584 1566 esse
3612 1510 3722 1566 Do-

2126 1586 2278 1642 nati?
2321 1585 2381 1642 Id
2406 1589 2549 1644 enim
2597 1599 2759 1660 agunt
2785 1591 2909 1661 isti,
2938 1601 2999 1648 ut
3023 1594 3208 1666 origo,
3254 1595 3439 1666 radix,
3468 1608 3521 1654 et
3546 1612 3716 1672 caput
3788 1577 3789 1590 χ

2128 1679 2380 1752 baptizati
2408 1696 2513 1737 non
2539 1683 2642 1738 nisi
2673 1683 2763 1739 ille
2803 1685 2874 1740 sit
2900 1700 2930 1740 a
2956 1701 3062 1757 quo
3088 1687 3406 1759 baptizatur.
3437 1689 3512 1746 ita
3544 1690 3607 1746 ﬁt
3634 1701 3716 1759 nt,

2127 1772 2382 1842 quoniam
2428 1773 2742 1846 plerumque
2780 1776 2953 1846 qualis
2991 1778 3061 1834 sit
3100 1778 3397 1850 baptizator
3448 1782 3721 1838 incertum

2129 1873 2244 1932 est,
2274 1866 2476 1922 incerta
2516 1867 2754 1938 origine,
2783 1869 2984 1926 incerta
3029 1870 3208 1929 radice
3230 1914 3246 1940 ,
3287 1873 3492 1932 incerto
3515 1877 3720 1947 capite,

2131 1971 2254 2028 spes
2279 1957 2440 2013 etiam
2460 1958 2635 2014 omnis
2653 1959 2672 1990 ί
2699 1959 2901 2016 incerta
2928 1961 3016 2017 sit.
3047 1961 3250 2019 Etcum
3279 1963 3394 2022 ﬁeri
3424 1967 3620 2037 possit,
3651 1968 3722 2023 ita

2132 2065 2251 2107 esse
2275 2051 2655 2108 conscientiam
2676 2052 2872 2120 dantis,
2895 2063 2955 2110 ut
2971 2055 3231 2113 scelerata
3258 2035 3724 2131 atque—maculosa
3788 2035 3789 2060 Χ

2133 2142 2223 2208 sit,
2255 2151 2310 2198 et
2335 2142 2438 2199 hoc
2464 2143 2671 2215 ignoret
2691 2145 2988 2217 accipiens;
3016 2160 3409 2222 consequenter
3436 2153 3496 2209 ﬁt
3519 2163 3582 2210 ut
3607 2169 3725 2211 sce-

2134 2231 2302 2289 lerata
2321 2234 2550 2307 origine,
2575 2236 2831 2293 scelerata
2855 2237 3055 2306 radice,
3085 2241 3347 2299 scelerato
3366 2246 3563 2316 capite,
3601 2262 3724 2319 spes

2134 2339 2348 2396 quoque
2376 2325 2625 2398 baptizati
2651 2343 2786 2384 vana
2825 2337 2880 2386 et
2914 2330 3086 2388 inanis
3111 2334 3323 2390 existat.
3355 2335 3564 2410 Quippe
3598 2355 3720 2396 cum

2135 2417 2238 2474 iste
2263 2417 2321 2474 in
2346 2420 2571 2490 epistola
2610 2435 2707 2477 sua
2731 2432 2923 2493 ponat,
2957 2433 3011 2481 et
3035 2425 3215 2493 dicat,
3253 2427 3432 2484 Omnis
3470 2432 3612 2486 enim
3652 2450 3729 2487 res

2138 2511 2332 2581 origine
2353 2522 2401 2566 et
2421 2512 2594 2568 radice
2611 2515 2857 2583 consistit,
2889 2517 3000 2571 etsi
3024 2528 3178 2588 caput
3208 2535 3309 2575 non
3333 2521 3482 2576 habet
3499 2523 3720 2595 aliquid,

2138 2603 2267 2658 nihil
2294 2612 2384 2659 est.
2410 2604 2650 2676 Cumque
2673 2605 2934 2678 originem
2962 2616 3016 2664 et
3035 2608 3267 2666 radicem
3292 2621 3348 2668 et
3375 2621 3532 2684 caput
3548 2613 3728 2685 bapti-

2139 2695 2264 2763 zati,
2296 2694 2569 2751 hominem
2599 2712 2630 2750 a
2659 2713 2764 2768 quo
2790 2697 3108 2769 baptizatur,
3139 2702 3266 2758 velit
3311 2703 3566 2777 intelligi;
3602 2706 3726 2779 quid

2138 2786 2360 2857 prodest
2383 2786 2581 2844 misero
2611 2788 2876 2860 baptizato
2895 2830 2910 2856 ,
2941 2790 3083 2862 quod
3112 2791 3320 2863 ignorat
3353 2810 3510 2866 quam
3549 2799 3729 2853 malus

2138 2879 2209 2935 sit
2259 2879 2555 2950 baptizator
2583 2879 2736 2950 ejus?
2767 2881 2980 2954 Ignorat
3022 2883 3165 2939 enim
3201 2899 3261 2940 se
3299 2886 3495 2942 malum
3525 2887 3730 2945 habere

2139 2980 2332 3044 caput,
2365 2980 2456 3027 aut
2490 2964 2708 3028 Omnino
2747 2988 2807 3030 se
2842 2989 2962 3030 esse
3005 2975 3121 3032 sine
3148 2977 3342 3048 capite.
3373 2977 3574 3036 Tamen
3614 2995 3730 3052 qua:

2141 3078 2265 3136 spes
2293 3072 2376 3119 est
2418 3062 2519 3130 illi,
2549 3063 2636 3118 cui
2663 3063 2776 3121 sive
2801 3065 3025 3132 scienti,
3071 3066 3185 3124 sive
3229 3069 3526 3138 nescienti,
3565 3083 3729 3144 caput

2141 3155 2428 3225 pessimum
2453 3165 2545 3210 aut
2569 3155 2769 3212 nullum
2799 3157 2918 3213 est?
2959 3156 3224 3230 Numquid
3255 3160 3368 3231 ipsa
3412 3161 3717 3233 ignorantia

2143 3249 2203 3304 ﬁt
2228 3248 2280 3304 ei
2319 3257 2496 3319 caput,
2529 3249 2615 3304 cui
2641 3264 2770 3307 suus
2790 3250 3088 3321 baptizator
3113 3253 3201 3308 vel
3227 3254 3428 3310 malum
3453 3267 3624 3330 caput
3648 3258 3726 3313 vel

2142 3341 2350 3397 nullum
2378 3341 2499 3398 est?
2524 3341 2596 3398 At
2622 3341 2725 3399 hoc
2748 3344 2988 3416 quisquis
3017 3347 3304 3419 putaverit,
3334 3363 3460 3406 vere
3487 3350 3612 3408 sine
3637 3367 3724 3408 ca-

2142 3434 2252 3505 pite
2275 3441 2378 3489 est.

2211 3525 2440 3583 CAPUT
2484 3526 2547 3583 ν.
2573 3557 2647 3568 -
2670 3527 2723 3584 6.
2763 3527 2873 3586 Nos
2916 3544 3045 3602 ergo
3087 3533 3411 3603 quaerimus,
3441 3537 3569 3608 quia
3599 3537 3726 3594 dixit

2142 3618 2263 3685 iste,
2294 3618 2394 3686 Qui
2421 3618 2573 3689 ﬁdem
2592 3636 2624 3674 a
2644 3621 2838 3693 perﬁdo
2862 3625 3151 3694 sumpserit,
3183 3643 3282 3681 non
3308 3628 3462 3698 ﬁdem
3488 3633 3724 3704 percipit,

2142 3710 2231 3766 sed
2256 3721 2492 3778 reatum;
2521 3713 2804 3783 statimque
2829 3717 3134 3782 connexuit,
3166 3716 3368 3788 dicens,
3396 3718 3578 3777 Omnis
3597 3723 3724 3778 enim

2143 3820 2224 3859 res
2244 3804 2440 3876 origine
2457 3812 2504 3858 et
2533 3804 2703 3860 radice
2725 3807 2971 3872 consistit,
3003 3816 3049 3862 et
3073 3809 3118 3863 si
3138 3819 3291 3881 caput
3322 3827 3424 3867 non
3459 3813 3613 3870 habet
3630 3817 3724 3870 ali-

2141 3895 2283 3963 quid,
2320 3893 2451 3948 nihil
2477 3903 2547 3948 est
2577 3911 2598 3948 :
2626 3895 2912 3965 quaerimus
2939 3897 3119 3968 itaque
3143 3914 3260 3967 nos,
3291 3916 3410 3956 cum
3435 3902 3529 3960 ille
3554 3904 3721 3976 bapti-

2143 3996 2290 4042 zator
2317 3985 2550 4056 perﬁdus
2575 3986 2725 4052 latet,
2759 3987 2803 4043 si
2833 3995 2958 4045 tunc
2982 3989 3072 4046 ille
3093 4007 3251 4064 quem
3279 3993 3531 4066 baptizat,
3559 3997 3715 4054 ﬁdem

2141 4077 2386 4148 percipit,
2421 4092 2526 4133 non
2553 4089 2759 4134 reatum
2790 4097 2804 4134 :
2845 4081 2890 4135 si
2922 4093 3046 4138 tunc
3080 4083 3130 4140 ei
3168 4099 3274 4140 non
3304 4097 3387 4142 est
3425 4089 3719 4160 baptizator

2142 4170 2259 4241 ejus
2286 4171 2435 4242 origo
2465 4181 2518 4227 et
2545 4170 2697 4227 radix
2717 4181 2772 4229 et
2801 4184 2977 4245 caput,
3001 4176 3120 4247 quis
3145 4187 3228 4234 est
3251 4193 3282 4234 a
3310 4194 3420 4251 quo
3444 4183 3642 4255 accipit
3665 4184 3722 4238 ﬁ-

2141 4263 2306 4320 dem?
2339 4265 2429 4321 ubi
2465 4275 2546 4322 est
2583 4267 2734 4338 origo
2773 4267 2842 4324 de
2883 4283 2984 4340 qua
3014 4270 3222 4326 oritur?
3258 4271 3347 4328 ubi
3387 4273 3541 4332 radix
3590 4276 3721 4334 unde

2141 4357 2443 4428 germinat?
2481 4358 2569 4414 ubi
2597 4369 2758 4431 caput
2783 4360 2925 4416 unde
2961 4361 3176 4432 incipit?
3201 4364 3284 4419 An
3315 4363 3450 4422 forte
3479 4381 3605 4423 cum
3631 4368 3718 4423 ba-

2142 4449 2428 4521 ptizantem
2473 4450 2734 4521 perﬁdum
2779 4451 2868 4508 ille
2897 4453 2983 4523 qui
3012 4453 3310 4525 baptizatur
3336 4458 3564 4529 ignorat,
3601 4471 3718 4518 tunc

2141 4540 2386 4597 Christus
2427 4540 2518 4597 dat
2546 4541 2703 4598 ﬁdem
2725 4582 2740 4609 ,
2772 4549 2898 4598 tunc
2935 4543 3179 4600 Christus
3211 4557 3294 4602 est
3317 4547 3467 4619 origo
3489 4559 3546 4606 et
3573 4551 3717 4607 radix

2143 4640 2197 4686 et
2222 4631 2430 4703 caput?
2461 4630 2503 4688 Ο
2530 4631 2759 4688 humana
2792 4635 3065 4690 temeritas
3093 4645 3148 4692 et
3175 4638 3459 4708 superbia!
3491 4655 3590 4698 cur
3619 4658 3713 4698 non

2141 4727 2272 4782 sinis
2301 4725 2479 4797 potius
2517 4735 2577 4782 ut
2605 4742 2818 4798 semper
2839 4726 3082 4785 Christus
3109 4730 3199 4786 det
3233 4731 3390 4789 ﬁdem
3411 4776 3428 4803 ,
3473 4736 3716 4794 christia-

2143 4833 2269 4873 num
2312 4817 2488 4874 dando
2535 4816 2807 4875 facturus?
2839 4819 2946 4876 Cur
2987 4837 3096 4877 non
3134 4823 3264 4879 sinis
3306 4834 3364 4880 ut
3399 4841 3616 4900 semper
3656 4831 3716 4884 sit

2143 4908 2386 4965 Christus
2412 4910 2560 4982 origo
2585 4910 2882 4978 christiani,
2909 4911 2962 4967 in
2983 4913 3196 4970 Christo
3223 4918 3454 4974 radicem
3475 4921 3716 4979 christia-

2144 5014 2243 5054 nus
2266 4999 2468 5071 inﬁgat,
2494 4997 2736 5057 Christus
2765 5002 3037 5059 christiani
3066 5005 3136 5061 sit
3159 5009 3354 5079 caput?
3378 5009 3560 5082 Neque
3580 5020 3712 5072 enim

2143 5091 2305 5146 etiam
2347 5106 2468 5146 cum
2515 5106 2612 5162 per
2652 5102 2894 5149 sanctum
2937 5105 2992 5151 et
3037 5095 3246 5154 ﬁdelem
3298 5101 3710 5174 dispensatorem

2143 5183 2311 5252 gratia
2340 5183 2629 5253 spiritualis
2653 5184 2995 5243 credentibus
3037 5189 3352 5260 impertitur,
3389 5193 3711 5266 dispensator

2145 5277 2259 5346 ipse
2296 5276 2571 5346 justiﬁcat,
2600 5291 2663 5332 ac
2702 5293 2808 5332 non
2836 5279 2926 5334 ille
2953 5296 3090 5338 unus
3119 5282 3188 5339 de
3221 5300 3329 5355 quo
3357 5285 3557 5344 dictum
3587 5300 3698 5352 est,

2144 5367 2285 5438 quod
2315 5368 2568 5438 justi/icat
2601 5369 2814 5440 impium
2843 5369 3019 5444 (Rom.
3047 5389 3121 5442 tv,
3163 5375 3262 5448 5)?
3288 5378 3395 5433 Aut
3422 5394 3549 5435 vero
3578 5383 3706 5452 Apo-

2146 5459 2316 5514 stolus
2345 5457 2538 5516 Paulus
2567 5470 2726 5532 caput
2751 5471 2834 5518 est
2862 5473 2918 5520 et
2939 5465 3088 5537 origo
3110 5481 3319 5538 eorum,
3349 5485 3482 5542 quos
3513 5472 3704 5542 planta-

2147 5558 2313 5617 verat,
2335 5559 2427 5606 aut
2451 5551 2643 5623 Apollo
2663 5551 2818 5608 radix
2845 5563 2927 5611 est
2953 5571 3138 5613 eorum
3170 5575 3305 5631 quos
3329 5561 3590 5634 rigaverat
3614 5583 3627 5630 ;
3654 5577 3706 5618 ac

2148 5657 2254 5698 non
2282 5643 2370 5698 ille
2391 5645 2480 5714 qui
2504 5645 2584 5700 eis
2605 5645 2657 5700 in
2683 5646 2952 5704 credendo
2977 5649 3134 5708 ﬁdem
3154 5651 3412 5711 dederat:
3441 5657 3702 5714 cumidem

2217 5778 2234 5807 ι
2269 5775 2339 5824 sic
2363 5782 2465 5825 Mss.
2495 5783 2549 5827 At
2568 5776 2702 5841 editi,
2723 5777 2939 5831 hominis.
