3812 6160
92 350 196 406 240

93 466 271 532 dicat,
298 460 427 531 Ego
473 461 728 538 plantaui,
761 459 944 530 Apollo
982 458 1196 538 rigavit;
1233 458 1320 513 sed
1350 457 1487 514 Deus
1528 459 1693 513 incre-

94 565 318 614 mentum
339 556 494 612 dedit
521 572 541 611 :
567 557 734 626 itaque
757 569 914 625 neque
939 553 1025 625 qui
1045 554 1240 624 plantat
1264 561 1337 608 est
1360 552 1575 623 aliquid,
1607 567 1696 606 ne-

94 666 187 720 que
213 651 306 720 qui
349 648 538 722 rigat;
567 647 659 703 sed
687 647 772 718 qui
811 645 1171 700 incrementum
1197 644 1284 697 dat
1321 642 1461 698 Deus
1504 642 1548 714 (1
1571 642 1689 698 Cor.

95 759 170 811 ιιι,
203 742 260 807 6,
290 743 380 813 '7).
406 739 526 798 Nec
553 738 706 795 radix
734 752 919 794 eorum
949 744 1066 791 erat
1101 736 1244 805 ipse;
1279 734 1373 790 sed
1398 734 1575 806 potius
1604 733 1694 790 ille

96 838 179 909 qui
210 836 289 891 ait
319 851 336 890 :
367 833 493 907 Ego
529 849 642 889 sum
666 832 818 898 uitis;
843 847 928 886 vos
961 830 1077 885 estis
1109 837 1362 884 sarmenta
1395 828 1571 898 (Joan.
1601 843 1690 895 xv,

97 931 170 1001 5).
205 928 389 1000 Caput
431 926 594 984 etiam
622 939 810 981 eorum
852 921 1119 996 quomodo
1153 936 1272 976 esse
1310 928 1542 991 poterat,
1572 934 1694 974 cum

98 1024 271 1091 dicat,
319 1036 433 1078 nos
476 1020 674 1077 multos
718 1032 882 1073 unum
926 1031 1047 1072 esse
1091 1028 1286 1086 corpus
1335 1014 1389 1069 in
1438 1011 1689 1080 Christo,

100 1118 389 1187 ipsumque
439 1111 713 1169 Christum
764 1116 925 1181 caput
969 1123 1090 1164 esse
1129 1106 1366 1163 universi
1414 1104 1654 1177 corporis
1674 1145 1690 1172 ,

101 1206 343 1278 pluribus
374 1205 517 1262 locis
542 1203 878 1275 apertissime
901 1198 1188 1274 praedicet?

166 1297 404 1356 CAPUT
447 1296 537 1352 Vl.
576 1325 649 1338 -
681 1297 736 1352 7.
767 1293 1101 1365 Quapropter
1128 1291 1238 1347 sive
1262 1306 1294 1346 a
1319 1290 1496 1356 ﬁdeli,
1528 1291 1639 1345 sive
1667 1303 1699 1345 a

104 1391 304 1465 perﬁdo
348 1390 728 1462 dispensatore
768 1393 1161 1444 sacramentum
1190 1383 1444 1456 Baptismi
1473 1383 1698 1455 quisque

107 1486 364 1558 percipiat
383 1528 401 1555 ,
445 1499 567 1554 spes
605 1485 656 1540 ei
696 1482 870 1539 omnis
893 1481 949 1536 in
974 1479 1188 1536 Christo
1216 1479 1320 1546 sit,
1352 1494 1419 1534 ne
1447 1479 1516 1534 sit
1544 1478 1700 1532 male-

106 1582 263 1636 dictus
292 1580 384 1650 qui
415 1594 558 1652 spem
581 1593 728 1633 suam
748 1575 890 1648 ponit
907 1575 960 1629 in
981 1573 1198 1628 homine.
1231 1571 1476 1641 Alioquin
1509 1570 1553 1625 si
1581 1571 1701 1625 talis

105 1674 326 1745 quisque
371 1673 432 1726 in
469 1671 639 1741 gratia
666 1667 927 1740 spirituali
950 1664 1278 1728 renascitur,
1307 1663 1476 1734 qualis
1504 1671 1587 1718 est
1613 1661 1702 1718 ille

107 1783 135 1823 a
170 1781 274 1840 quo
309 1765 653 1837 baptizatur,
684 1770 885 1818 etcum
912 1758 1222 1815 manifestus
1246 1765 1328 1813 est
1354 1757 1444 1828 qui
1475 1755 1704 1827 baptizat

110 1860 264 1914 homo
303 1857 489 1913 bonus
507 1899 524 1924 ,
551 1857 667 1927 ipse
689 1853 783 1909 dat
809 1851 967 1908 ﬁdem
986 1893 1002 1920 ,
1033 1852 1148 1922 ipse
1172 1850 1322 1920 origo
1350 1857 1404 1903 et
1430 1847 1578 1903 radix
1608 1861 1700 1901 ca-

110 1960 302 2024 putque
331 1948 611 2007 nascentis
629 1955 748 2014 est;
781 1961 901 2002 cum
929 1952 1104 2000 autem
1126 1944 1252 1999 latet
1271 1940 1505 2013 perﬁdus
1527 1940 1701 2010 bapti-

112 2053 289 2112 zator,
331 2051 471 2098 tunc
494 2041 717 2112 quisque
744 2053 774 2094 a
804 2037 1015 2094 Christo
1043 2036 1265 2108 percipit
1288 2034 1446 2090 ﬁdem
1470 2074 1488 2100 ,
1520 2042 1644 2087 tunc
1670 2047 1703 2088 a

112 2134 316 2190 Christo
358 2132 510 2189 ducit
551 2132 807 2203 originem
832 2172 848 2198 ,
888 2139 1011 2184 tunc
1053 2129 1105 2183 in
1145 2126 1370 2197 Christo
1394 2125 1697 2194 radicatur,

115 2241 231 2285 tunc
256 2227 481 2284 Christo
500 2226 672 2298 capite
691 2224 944 2297 gloriatur
967 2241 980 2278 :
1005 2220 1290 2292 optandum
1316 2228 1398 2275 est
1417 2219 1435 2250 ⁸
1456 2218 1702 2273 omnibus

114 2322 198 2393 qui
220 2321 565 2392 baptizantur
587 2361 602 2387 ,
630 2326 689 2373 ut
719 2316 1071 2387 baptizatores
1099 2312 1328 2384 perﬁdos
1359 2311 1618 2378 habeant,
1649 2320 1704 2367 et

117 2417 357 2484 ignorent
386 2427 503 2468 eos.
527 2409 827 2479 Quamlibet
856 2408 999 2463 enim
1027 2406 1197 2461 bonos
1226 2404 1524 2468 habuerint,
1549 2401 1702 2457 Chri-

118 2514 224 2561 stus
247 2514 331 2561 est
357 2505 544 2574 utique
571 2498 1055 2570 incomparabiliter
1078 2497 1267 2552 melior
1284 2539 1299 2562 ,
1331 2495 1424 2566 qui
1452 2505 1576 2550 tunc
1603 2495 1703 2549 erit

120 2595 365 2669 baptizati
396 2602 588 2666 caput,
621 2593 664 2648 si
696 2590 929 2662 perﬁdus
961 2589 1122 2644 lateat
1147 2588 1461 2656 baptizator.

182 2685 411 2743 CAPUT
438 2683 547 2740 VII.
577 2713 649 2725 —
675 2682 729 2740 8.
762 2681 914 2749 Quod
940 2679 986 2734 si
1013 2677 1466 2735 dementissimum
1488 2683 1568 2731 est
1587 2689 1704 2729 cre-

122 2781 240 2836 dere
282 2781 527 2852 (semper
568 2776 708 2832 enim
750 2774 992 2829 Christus
1028 2769 1278 2841 justiﬁcat
1321 2769 1536 2839 impium
1561 2808 1576 2834 ,
1621 2767 1703 2822 fa-

122 2872 300 2928 ciendo
342 2887 411 2928 ex
447 2869 607 2940 impio
633 2866 976 2922 christianum
1000 2905 1014 2931 ,
1046 2876 1257 2931 semper
1283 2875 1313 2913 a
1342 2859 1553 2913 Christo
1579 2873 1702 2928 pcr-

125 2964 305 3033 cipitur
352 2963 520 3028 ﬁdes,
567 2974 780 3029 semper
811 2957 1052 3013 Christus
1080 2963 1162 3009 est
1190 2953 1338 3023 origo
1363 2959 1704 3023 regeneratu-

126 3074 232 3112 rum
269 3065 324 3113 et
365 3065 528 3127 caput
571 3051 903 3120 Ecclesite),
951 3046 1074 3119 quid
1117 3045 1314 3101 habent
1343 3045 1592 3114 ponderis
1619 3044 1704 3098 illa

128 3149 273 3204 verba
298 3191 312 3217 ,
357 3163 481 3219 qua:
527 3145 646 3200 vani
688 3143 918 3199 lectores
957 3153 1062 3193 non
1106 3136 1382 3196 attendunt
1412 3134 1538 3206 quid
1567 3135 1706 3188 intus

129 3241 384 3306 habeant,
413 3239 508 3294 sed
534 3245 734 3291 tantum
758 3229 1199 3305 quemadmodum
1228 3227 1459 3283 sonent?
1484 3225 1582 3294 Qui
1608 3239 1706 3277 au-

130 3343 226 3388 tem
263 3347 369 3388 non
406 3346 534 3386 aure
571 3328 682 3384 sola
722 3325 917 3393 excipit
957 3335 1115 3376 voces
1140 3361 1152 3383 ,
1184 3318 1277 3374 sed
1302 3327 1356 3373 et
1385 3326 1562 3371 mente
1586 3331 1708 3370 sen-

130 3426 306 3479 tentias
345 3425 609 3489 intuetur,
654 3433 774 3473 cum
815 3414 1073 3480 audierit,
1096 3410 1408 3467 Conscientia
1435 3409 1599 3461 dantis
1626 3417 1706 3460 at-

134 3516 337 3568 tenditur
362 3557 378 3582 ,
425 3513 511 3585 qui
554 3511 725 3563 abluat
765 3504 1054 3575 accipientis
1093 3519 1112 3556 :
1149 3498 1521 3570 respondebit,
1555 3496 1708 3566 Smpe

134 3605 249 3660 mihi
290 3608 469 3676 ignota
507 3610 588 3657 est
612 3599 840 3654 humana
867 3593 1190 3652 conscientia
1215 3633 1230 3658 ,
1261 3590 1354 3646 sed
1384 3599 1561 3645 certus
1589 3603 1708 3644 sum

135 3697 194 3752 de
229 3697 425 3752 Christi
463 3690 847 3750 misericordia.
884 3688 1017 3743 Cum
1057 3684 1318 3749 audierit,
1364 3681 1465 3748 Qui
1501 3682 1653 3751 ﬁdem
1677 3697 1709 3734 a

137 3791 314 3859 perﬁdo
343 3787 646 3859 sumpserit,
677 3801 776 3838 non
805 3783 956 3852 ﬁdem
987 3779 1228 3850 percipit,
1255 3777 1344 3831 sed
1365 3785 1556 3828 reatum
1577 3791 1596 3828 :
1627 3791 1710 3829 re-

139 3885 438 3953 spondebit,
479 3881 595 3936 Non
639 3887 718 3934 est
763 3873 994 3948 perﬁdus
1037 3871 1316 3936 Christus,
1361 3885 1390 3922 a
1417 3883 1520 3938 quo
1551 3867 1709 3922 ﬁdem

141 3977 358 4046 percipio
377 4017 393 4042 ,
438 3988 543 4028 non
568 3979 794 4027 reatum.
821 3967 955 4023 Cum
983 3963 1240 4030 audierit,
1273 3959 1448 4016 Omnis
1477 3975 1554 4013 res
1578 3959 1712 4012 enim

142 4071 313 4142 origine
337 4080 382 4124 et
413 4068 584 4122 radice
608 4061 866 4126 consistit;
894 4068 940 4114 et
968 4059 1012 4112 si
1039 4065 1188 4129 caput
1210 4071 1310 4109 non
1330 4052 1475 4107 habet
1495 4051 1708 4120 aliquid,

144 4162 256 4216 nihil
276 4173 345 4217 est
379 4179 397 4216 :
427 4155 799 4230 respondebit,
828 4152 986 4222 Origo
1016 4163 1133 4204 mea
1160 4146 1404 4203 Christus
1423 4153 1505 4199 est
1523 4186 1536 4210 ,
1561 4142 1713 4197 radix

145 4271 248 4310 mea
291 4254 536 4310 Christus
585 4257 700 4313 est,
743 4253 900 4316 caput
944 4256 1123 4297 meum
1162 4237 1404 4294 Christus
1447 4245 1547 4291 est.
1579 4234 1710 4288 Cum

145 4347 384 4410 audierit,
434 4342 543 4398 Nec
582 4340 852 4412 quidquam
891 4335 1010 4389 bene
1038 4339 1325 4404 regenerat,
1357 4329 1455 4384 nisi
1480 4329 1607 4382 bona
1631 4344 1711 4382 se-

149 4441 264 4494 mine
296 4445 616 4512 regeneretur
643 4450 661 4487 :
691 4427 1064 4501 respondebit,
1095 4425 1288 4480 Semen
1312 4464 1326 4489 ,
1355 4436 1461 4492 quo
1488 4435 1710 4489 regene-

148 4548 257 4600 ror,
302 4531 521 4588 verbum
568 4527 661 4582 Dei
710 4532 793 4579 est
815 4565 829 4591 ,
861 4519 1002 4592 quod
1023 4515 1369 4574 obaudieuter
1393 4512 1576 4568 audire
1596 4525 1711 4565 sum

152 4628 366 4682 monitus
392 4667 408 4693 ,
439 4620 646 4679 etiamsi
673 4617 760 4673 ille
781 4631 876 4688 per
901 4628 1058 4685 quem
1089 4610 1266 4676 audio,
1293 4622 1412 4678 qua:
1436 4604 1565 4660 mihi
1587 4603 1715 4658 dicit

152 4718 248 4785 ipse
290 4734 393 4773 non
439 4713 593 4779 facit,
635 4711 844 4765 dicente
882 4704 1142 4768 Domino,
1171 4709 1336 4756 etme
1365 4711 1608 4754 securum
1635 4694 1713 4748 ia-

153 4810 304 4868 eiente
350 4829 362 4865 :
414 4810 541 4878 Quae
580 4806 789 4868 dicunt,
821 4800 1005 4871 facite;
1030 4811 1141 4867 qua:
1169 4795 1395 4865 faciunt,
1427 4793 1593 4861 facere
1619 4806 1714 4844 no-

154 4904 226 4957 lite
265 4923 281 4958 :
321 4907 494 4959 dicunt
533 4901 703 4963 enim,
743 4903 788 4949 et
827 4910 928 4947 non
967 4890 1160 4960 faciunt
1201 4884 1414 4958 (Matth.
1447 4899 1609 4949 χχιιι,
1636 4880 1713 4950 5).

155 4993 270 5050 Cum
305 4993 566 5058 audierit,
601 4989 726 5057 Qua:
752 4993 909 5057 potest
937 4997 1041 5036 esse
1065 4977 1360 5048 perversitas
1379 5015 1394 5040 ,
1426 4983 1482 5027 ut
1505 4973 1590 5044 qui
1613 4973 1717 5026 suis

156 5089 426 5143 criminibus
460 5101 573 5140 reus
611 5090 682 5136 est
702 5122 716 5146 ,
745 5077 903 5132 alium
929 5075 1085 5147 faciat
1109 5073 1418 5124 innocentem
1439 5066 1465 5119 ?
1490 5079 1714 5134 respon-

161 5177 312 5245 debit,
343 5180 425 5235 Me
456 5179 790 5232 innocentem
822 5184 928 5224 non
959 5165 1079 5221 facit
1100 5205 1113 5230 ,
1145 5163 1245 5217 nisi
1271 5161 1358 5231 qui
1380 5167 1619 5213 mortuus
1640 5166 1722 5211 est

164 5285 356 5343 propter
399 5271 593 5328 delicta
641 5275 820 5323 nostra
841 5305 856 5330 ,
890 5270 942 5317 et
974 5257 1265 5315 resurrexit
1292 5262 1507 5325 propter
1533 5252 1722 5322 justiﬁ-

165 5367 403 5423 catiouem
429 5372 687 5419 nostram.
715 5357 827 5414 Non
848 5355 989 5411 enim
1019 5353 1070 5407 in
1097 5350 1392 5406 ministrum
1415 5389 1427 5411 ,
1454 5361 1546 5414 per
1567 5359 1722 5415 quem

167 5457 382 5531 haptizor
401 5503 417 5528 ,
448 5455 644 5521 credo;
675 5452 770 5509 sed
796 5451 847 5505 in
877 5463 998 5504 eum
1023 5445 1112 5515 qui
1131 5441 1384 5514 justiﬁcat
1406 5438 1647 5508 impium,
1671 5445 1728 5491 ut

170 5552 426 5626 deputetur
468 5551 595 5607 mihi
644 5547 778 5603 ﬁdes
817 5545 881 5599 ad
906 5541 1163 5614 justitiam
1190 5537 1363 5608 (Rom.
1395 5551 1448 5590 ιν
1471 5576 1486 5602 ,
1517 5533 1619 5626 257,
1649 5530 1724 5604 5).

229 5647 443 5706 CAPUT
467 5644 602 5701 Vlll.
629 5671 700 5683 --—
728 5641 782 5695 9.
812 5637 942 5693 Cum
965 5632 1190 5689 audierit
1213 5674 1227 5698 ,
1251 5628 1412 5683 Arbor
1431 5628 1557 5681 bona
1579 5625 1730 5679 bonos

229 5783 243 5812 ‘
275 5793 367 5835 Iun.
385 5790 461 5833 Er.
488 5791 542 5833 et
562 5787 762 5832 veteres
782 5783 906 5834 Mss,
929 5769 1239 5822 laborandum
1259 5772 1345 5835 est.
1371 5765 1462 5814 Sed
1481 5771 1641 5813 tamen
1665 5763 1735 5809 in-

177 5839 252 5903 ιη,
271 5830 434 5910 liii,—
445 5830 632 5904 ιιιίξῦε,
654 5839 731 5902 54,
756 5837 834 5897 56,
862 5830 1057 5892 habent,
1091 5830 1351 5894 optandum
1377 5835 1461 5877 est.

1463 340 1662 397 LIBER
1699 337 1967 397 PRIMUS.

3272 351 3392 408 250v

1795 467 1989 534 fructus
2018 464 2140 534 facit
2163 480 2182 531 ;
2206 465 2355 520 arbor
2380 465 2518 520 mala
2543 465 2704 523 malos
2733 470 2930 542 fructus
2953 470 3074 541 facit
3093 483 3113 526 :
3130 471 3379 542 numquid

1793 555 2033 625 colligunt
2076 557 2138 610 de
2183 556 2343 627 spinis
2389 572 2511 611 uvas
2561 557 2772 628 (Matth.
2820 573 2922 626 vn,
2965 560 3069 628 17,
3115 559 3252 633 16)⁶ἔ
3283 569 3374 628 et,

1799 647 1976 704 Omnis
2001 649 2156 703 bonus
2182 649 2330 703 homo
2354 649 2416 703 de
2444 650 2676 704 thesauro
2701 650 2867 704 cordis
2891 651 2973 704 sui
2992 651 3183 722 profert
3205 651 3374 718 bona;

1796 752 1846 797 et
1869 742 2035 798 malus
2065 743 2212 796 homo
2239 741 2302 795 de
2329 742 2561 796 thesauro
2584 741 2749 796 cordis
2776 743 2855 796 sui
2881 746 3072 814 profert
3096 743 3234 797 mala
3259 741 3375 814 (Id.

1794 853 1906 904 xu,
1951 835 2042 908 55)
2085 853 2097 889 :
2137 835 2513 907 respondebit,
2546 835 2655 890 Hoc
2683 849 2811 905 ergo
2839 835 3007 891 bonus
3033 833 3233 891 fructus
3258 846 3340 892 est
3360 879 3380 906 ,

1795 938 1854 983 ut
1897 930 2055 983 arbor
2089 928 2226 983 bona
2267 928 2367 982 sim
2391 969 2406 995 ,
2441 927 2542 982 hoc
2579 934 2663 982 est
2683 968 2699 993 ,
2731 926 2902 981 bonus
2926 925 3088 982 homo
3108 969 3124 996 ,
3156 936 3214 983 ut
3237 942 3379 998 prte-

1795 1018 1950 1075 beam
1971 1019 2197 1074 fructum
2223 1020 2417 1075 bonum
2439 1061 2454 1086 ,
2485 1019 2588 1074 hoc
2610 1027 2690 1074 est
2711 1059 2728 1085 ,
2755 1032 2919 1089 opera
2943 1019 3102 1074 bona.
3139 1019 3250 1075 Hoc
3276 1033 3372 1075 au-

1797 1122 1904 1169 tem
1929 1157 1945 1182 ,
1989 1129 2094 1169 non
2136 1114 2225 1185 qui
2275 1114 2476 1184 plantat
2513 1121 2566 1168 et
2600 1112 2690 1184 qui
2716 1112 2888 1183 rigat,
2916 1111 3046 1166 mihi
3074 1111 3256 1181 dabit;
3285 1113 3381 1169 sed

1797 1207 1884 1276 qui
1915 1206 2296 1262 incrementum
2324 1205 2416 1260 dat
2439 1206 2598 1261 Deus.
2626 1204 2759 1260 Nam
2785 1203 2830 1259 si
2858 1203 3018 1259 arbor
3039 1203 3177 1259 bona
3206 1204 3380 1262 bonus

1797 1299 2092 1369 baptizator
2115 1307 2232 1366 est,
2261 1308 2317 1354 ut
2335 1297 2536 1354 fructus
2567 1298 2682 1368 ejus
2704 1296 2875 1352 bonus
2904 1296 2974 1352 sit
2991 1295 3080 1352 ille
3100 1312 3256 1368 quem
3281 1297 3380 1353 ba-

1799 1391 2111 1462 ptizaverit;
2141 1393 2378 1462 quisquis
2403 1392 2469 1446 ab
2494 1390 2709 1448 homine
2737 1389 2878 1445 malo
2898 1389 3056 1445 etiam
3081 1404 3186 1445 non
3206 1391 3380 1446 mani-

1800 1483 1938 1538 festo
1984 1485 2137 1539 fuerit
2180 1484 2501 1554 baptizatus,
2544 1483 2715 1538 bonus
2751 1497 2871 1538 esse
2910 1496 3017 1537 non
3044 1481 3280 1552 poterit:
3311 1483 3382 1540 de

1802 1575 1938 1630 mala
1959 1575 2153 1646 quippe
2178 1575 2367 1630 arbore
2391 1584 2607 1629 exortus
2628 1581 2731 1630 est.
2761 1571 2918 1628 Aliud
2947 1580 3028 1630 est
3053 1571 3196 1628 enim
3220 1572 3381 1628 arbor

1801 1667 1937 1721 bona
1962 1708 1976 1734 ,
2021 1666 2162 1721 aliud
2200 1667 2358 1721 arbor
2398 1667 2634 1732 occulta,
2675 1665 2769 1721 sed
2811 1675 2984 1720 tamen
3014 1663 3172 1718 mala.
3203 1664 3307 1719 Aut
3334 1663 3382 1720 si

1801 1774 1920 1814 cum
1952 1760 2155 1814 occulta
2180 1767 2262 1814 est
2287 1757 2446 1814 arbor
2471 1759 2606 1812 mala
2631 1798 2645 1822 ,
2675 1757 2992 1828 quicumque
3020 1755 3180 1812 fuerit
3203 1755 3270 1810 ab
3289 1755 3380 1811 illa

1801 1853 2131 1922 baptizatus,
2181 1867 2285 1906 non
2329 1852 2396 1907 de
2438 1853 2524 1907 illa
2551 1893 2566 1919 ,
2610 1852 2703 1906 sed
2747 1851 2813 1906 de
2853 1849 3063 1906 Christo
3109 1851 3376 1918 nascitur;

1801 1946 2033 2000 sanctius
2067 1944 2419 2015 justiﬁcantur
2449 1944 2539 2014 qui
2569 1944 2899 2013 baptizantur
2922 1943 2988 1998 ab
3016 1942 3234 1998 occultis
3260 1956 3377 1997 ma-

1803 2035 1866 2090 lis
1886 2078 1900 2103 ,
1931 2050 2084 2105 quam
2112 2037 2201 2104 qui
2229 2035 2562 2104 baptizantur
2589 2049 2618 2088 a
2648 2032 2942 2089 manifestis
2971 2033 3124 2089 bonis
3153 2033 3252 2106 (a).

1871 2125 2095 2183 CAPUT
2119 2126 2209 2180 IX.
2233 2157 2303 2166 -—
2329 2125 2416 2181 10.
2446 2125 2575 2181 ltem
2600 2140 2721 2180 cum
2749 2124 3010 2193 audierit,
3041 2125 3141 2193 Qui
3155 2125 3381 2196 baptiza-

1803 2229 1885 2273 tur
1909 2238 1940 2273 a
1964 2229 2196 2286 mortuo;
2226 2237 2327 2274 non
2356 2220 2401 2274 ei
2430 2221 2628 2290 prodest
2652 2220 2834 2274 lavatio
2855 2221 2964 2290 ejus
2985 2219 3170 2290 (Eccli.
3194 2236 3378 2289 xxxtv,

1803 2315 1893 2390 50)
1924 2335 1936 2370 :
1968 2315 2344 2386 respondebit,
2375 2313 2516 2370 Vivit
2554 2313 2826 2380 Christus,
2855 2313 2964 2384 jam
2993 2327 3098 2368 non
3123 2312 3380 2382 moritur,

1802 2421 1855 2467 et
1895 2427 2038 2467 mors
2081 2412 2128 2466 ei
2169 2411 2306 2466 ultra
2351 2424 2455 2464 non
2488 2408 2846 2465 dominabitur
2878 2406 3050 2479 (Rom.
3077 2421 3130 2462 γι
3152 2447 3169 2471 ,
3195 2404 3287 2477 9),
3313 2404 3384 2461 de

1802 2523 1906 2576 quo
1931 2505 2128 2560 dictum
2158 2513 2238 2560 est
2257 2547 2270 2571 ,
2299 2503 2421 2576 Ipse
2445 2503 2626 2574 estqui
2657 2502 2874 2573 baptizat
2899 2501 2954 2554 in
2984 2499 3185 2570 Spiritu
3211 2507 3385 2553 sancto

1804 2597 1979 2668 (Joan.
2017 2613 2070 2663 ι,
2102 2597 2214 2666 55).
2248 2596 2588 2666 Baptizantur
2614 2603 2789 2649 autem
2819 2608 2847 2646 a
2878 2591 3102 2646 mortuis
3123 2632 3138 2658 ,
3170 2591 3261 2663 qui
3291 2591 3386 2646 ba-

1803 2689 2068 2760 ptizantur
2094 2688 2146 2742 in
2177 2688 2435 2742 idolorum
2460 2685 2687 2756 templis.
2717 2683 2834 2740 Non
2859 2683 3000 2738 enim
3028 2689 3082 2737 et
3109 2681 3208 2751 ipsi
3238 2696 3268 2735 a
3293 2695 3382 2736 sa-

1803 2780 2108 2836 cerdotibus
2150 2781 2261 2836 suis
2302 2796 2360 2836 se
2398 2780 2638 2850 accipere
2667 2778 2986 2832 arbitrantur
3009 2773 3384 2830 sanctiﬁcatio-

1805 2888 1924 2927 nem
1953 2887 2110 2942 quam
2147 2880 2331 2942 putant
2350 2914 2363 2940 ,
2401 2871 2496 2926 sed
2523 2886 2553 2925 a
2579 2869 2681 2925 diis
2709 2887 2720 2923 :
2750 2870 2838 2940 qui
2867 2867 3114 2939 quoniam
3145 2866 3386 2922 homines

1805 2963 2014 3020 fuerunt
2038 3005 2055 3033 ,
2085 2973 2137 3019 et
2167 2965 2236 3018 ita
2262 2964 2452 3020 mortui
2481 2970 2605 3019 sunt
2634 2964 2651 2994 ¹
2672 3003 2686 3028 ,
2716 2971 2772 3016 ιιι
2801 2975 2971 3032 neque
2997 2973 3157 3030 super
3181 2969 3347 3015 terras
3367 3001 3383 3026 ,

1805 3073 1977 3127 neque
2012 3057 2062 3111 in
2099 3057 2281 3127 requie
2318 3056 2436 3112 caeli
2467 3056 2574 3110 sint
2595 3097 2610 3121 ,
2638 3070 2763 3112 vere
2793 3054 2892 3123 ipsi
2914 3068 2944 3107 a
2969 3052 3193 3109 mortuis
3216 3052 3388 3123 bapti-

1807 3159 1989 3205 zantur
2036 3169 2047 3204 :
2096 3161 2147 3204 et
2191 3150 2236 3203 si
2276 3165 2381 3220 quo
2424 3149 2526 3203 alio
2562 3147 2717 3202 modo
2745 3148 2840 3202 ista
2873 3154 3071 3201 sancta:
3099 3145 3388 3216 Scriptura:

1808 3243 1966 3298 verba
1999 3243 2258 3296 veraciter
2286 3241 2450 3310 quaeri
2477 3281 2490 3306 ,
2523 3254 2584 3293 ac
2613 3238 2901 3293 salubriter
2928 3236 3117 3292 discuti
3145 3247 3200 3292 et
3227 3237 3387 3292 intel-

1807 3334 1896 3404 ligi
1939 3340 2176 3402 possunt.
2226 3330 2358 3384 Nam
2403 3331 2448 3382 si
2490 3328 2590 3384 hoc
2635 3329 2752 3383 loco
2781 3335 3047 3381 mortuum
3077 3326 3391 3382 intellexero

1807 3432 2140 3494 peccatorem
2191 3420 2568 3489 baptizatorem
2601 3460 2615 3482 ,
2666 3417 2852 3471 eadem
2899 3415 2990 3470 illa
3035 3425 3392 3486 consequetur

1808 3513 2141 3577 absurditas,
2185 3521 2243 3566 ut
2291 3510 2529 3582 quisquis
2567 3509 2724 3563 etiam
2767 3523 2797 3562 a
2823 3507 3019 3562 latente
3043 3506 3205 3576 impio
3233 3505 3392 3562 fuerit

1807 3605 2135 3677 baptizatus,
2186 3612 2434 3673 tanquam
2478 3615 2507 3654 a
2552 3607 2765 3654 mortuo
2800 3597 3131 3668 baptizatus,
3163 3597 3394 3652 inaniter

1810 3701 1949 3756 lotus
1977 3699 2063 3752 sit.
2091 3697 2205 3751 Non
2231 3696 2373 3751 enim
2402 3693 2514 3760 ait,
2543 3692 2642 3762 Qui
2665 3691 2959 3760 baptizatur
2985 3703 3014 3743 a
3039 3697 3250 3744 mortuo
3274 3703 3392 3744 ma-

1810 3792 2033 3856 nifesto;
2066 3789 2158 3844 sed
2188 3788 2427 3843 absolute
2449 3787 2576 3842 dicit
2602 3827 2617 3850 ,
2648 3801 2679 3837 a
2705 3793 2925 3838 mortuo.
2956 3785 3033 3838 Ac
3061 3783 3106 3838 si
3125 3791 3395 3840 mortuum

1810 3897 2074 3955 qni'mque
2113 3890 2238 3936 tunc
2275 3888 2488 3952 putant,
2515 3893 2638 3933 cum
2666 3892 2786 3932 eum
2820 3884 3151 3946 peccatorem
3181 3875 3393 3943 sciunt;

1809 3977 1989 4030 vivere
2026 3984 2201 4028 autem
2223 4015 2238 4041 ,
2279 3972 2484 4028 etiamsi
2527 3971 2816 4026 sceleratus
2857 3969 2909 4022 in
2943 3982 3127 4024 eorum
3153 3981 3396 4024 commu-

1811 4071 1970 4125 nione
2009 4069 2332 4123 astutissime
2371 4068 2530 4121 lateat
2560 4083 2573 4118 :
2609 4065 2779 4135 primo
2807 4061 3119 4119 exsecrabili
3150 4061 3396 4132 superbia

1812 4163 1911 4217 sibi
1957 4162 2076 4230 plus
2115 4170 2397 4229 arrogant,
2442 4172 2598 4227 quam
2643 4157 2754 4210 Deo
2783 4155 3056 4221 tribuunt,
3089 4163 3146 4208 ut
3169 4168 3290 4208 cum
3318 4154 3397 4208 eis

1812 4263 2059 4326 peccator
2093 4264 2247 4308 notus
2290 4259 2403 4315 est,
2450 4258 2688 4304 mortuus
2715 4247 3044 4318 appelletur;
3073 4260 3195 4300 cum
3219 4254 3396 4300 autem

1814 4347 1927 4402 Deo
1949 4354 2106 4399 nutus
2134 4354 2216 4399 est
2236 4383 2250 4406 ,
2282 4342 2436 4395 vivus
2464 4339 2818 4394 existimetur.
2849 4336 3051 4392 Deinde
3076 4337 3119 4390 si
3149 4347 3397 4407 peccator

1815 4439 1903 4493 ille
1941 4435 2196 4490 dicendus
2233 4443 2314 4488 est
2352 4441 2592 4487 mortuus
2615 4470 2629 4494 ,
2665 4430 2750 4500 qui
2783 4440 2864 4484 est
2887 4427 3194 4483 hominibus
3218 4428 3399 4498 cogni-

1817 4542 1936 4597 tus;
1979 4531 2046 4586 de
2084 4529 2275 4599 Optato
2313 4525 2438 4596 quid
2477 4523 2781 4594 responsuri
2805 4531 2956 4589 sunt,
2985 4535 3144 4592 quem
3170 4520 3399 4577 scelera-

1818 4639 1924 4682 tum
1969 4625 2125 4693 longo
2168 4632 2403 4690 tempore
2439 4618 2537 4674 sibi
2579 4625 2762 4673 notum
2789 4615 3043 4671 damnare
3070 4614 3400 4668 timuerunt?

1815 4717 1920 4773 Cur
1947 4716 2035 4786 qui
2056 4715 2121 4769 ab
2149 4715 2237 4767 illo
2264 4711 2510 4782 baptizati
2537 4716 2697 4774 sunt,
2730 4722 2834 4762 non
2859 4706 3106 4761 dicuntur
3130 4720 3160 4759 a
3189 4714 3401 4760 mortuo

1816 4807 2107 4879 baptizati?
2149 4812 2228 4859 An
2274 4804 2393 4858 ideo
2437 4801 2683 4867 vivebat,
2729 4797 2870 4868 quod
2911 4796 3042 4851 ﬁdes
3089 4796 3166 4852 illi
3212 4811 3398 4853 comes

1805 4900 1931 4958 erat
1968 4900 2037 4954 '?
2079 4897 2230 4968 Quod
2279 4897 2445 4950 facete
2487 4903 2541 4948 et
2577 4893 2848 4961 eleganter
2882 4903 2910 4942 a
2947 4889 3128 4943 nescio
3153 4903 3260 4959 quo
3290 4889 3401 4958 pri-

1820 4993 1986 5049 mario
2027 4993 2227 5059 collega
2268 5003 2364 5042 suo
2405 4986 2604 5039 dictum
2649 4981 2823 5036 solent
2861 4979 3021 5035 etiam
3066 4979 3166 5047 ipsi
3199 4979 3403 5047 jactare

1821 5099 1977 5158 atque
2022 5083 2273 5145 laudare,
2321 5093 2422 5132 non
2473 5074 2824 5144 iutelligentes
2869 5071 3012 5125 exitu
3041 5069 3062 5101 ³
3099 5067 3266 5125 Goliae
3311 5084 3405 5123 su-

1825 5157 2161 5249 perbissimi,
2214 5187 2310 5227 suo
2363 5167 2461 5224 sibi
2514 5163 2688 5235 gladio
2736 5170 2894 5232 caput
2940 5158 3136 5216 auferri
3181 5157 3224 5230 (Ι
3271 5157 3402 5229 Reg.

1825 5285 1930 5326 xvtt
1951 5310 1966 5336 ,
1999 5267 2113 5336 51).

1892 5387 1907 5416 ι
1946 5393 2044 5432 Am.
2064 5388 2138 5431 Er.
2166 5389 2217 5429 et
2231 5381 2427 5440 Mss.,,et
2444 5374 2514 5426 ita
2529 5370 2670 5440 modo
2687 5377 2811 5422 sunt.
2837 5377 2885 5440 In
2907 5369 3034 5419 libro
3054 5367 3085 5416 2
3102 5375 3271 5440 contra
3292 5372 3404 5440 Gre;

1828 5448 2059 5505 soonium,
2084 5457 2134 5492 n.
2159 5442 2238 5500 30,
2265 5441 2333 5488 sic
2349 5433 2436 5487 illa
2450 5436 2696 5485 sententia
2717 5433 2960 5505 repetitur
2983 5446 2994 5479 :
3031 5436 3118 5505 cet
3140 5433 3218 5505 ita
3229 5433 3408 5505 mortui

1837 5494 2013 5568 (tam,
2036 5494 2090 5556 ut
2111 5494 2277 5566 neque
2299 5512 2448 5563 super
2464 5506 2637 5559 terras,
2673 5494 2839 5560 neque
2868 5497 2916 5544 in
2947 5494 3120 5555 requie
3138 5494 3412 5538 sanctorum

1913 5577 1922 5581 “
1947 5584 1957 5602 r

1838 5589 1860 5617 «
1881 5577 2104 5713 v'n
2129 5622 2625 5713 Legendagbmqugg’
2641 5629 2766 5671 Deus
2796 5617 2868 5668 illi
2909 5627 3062 5666 comes
3096 5617 3199 5663 erat
3231 5625 3246 5662 :
3270 5613 3413 5662 sicuti

1833 5701 1999 5758 postea
2022 5690 2105 5740 lib.
2129 5684 2290 5748 2,'nn.
2314 5688 2392 5746 53,
2423 5684 2503 5742 88,
2536 5684 2643 5756 237.
2739 5743 2746 5751 _

1896 5757 1917 5788 ³
1953 5761 2017 5803 Ita
2040 5761 2183 5801 vetus
2209 5751 2382 5800 codex.
2422 5756 2475 5798 Αι
2505 5749 2643 5805 editi,
2666 5750 2866 5794 aruum.

1899 5819 1971 5876 (τι)
1999 5815 2111 5863 Vide
2137 5812 2274 5873 infra,
2302 5812 2383 5860 lih.
2412 5811 2458 5872 ⁵2,
2480 5823 2525 5858 ιι.
2560 5808 2628 5856 1⁵2.
