3796 6168
410 289 514 353 251

482 402 711 463 CAPUT
758 403 829 461 X.
873 432 944 445 -
980 402 1069 473 11.
1109 400 1383 465 Postremo
1409 441 1423 465 ,
1449 398 1493 454 si
1525 412 1702 469 neque
1730 393 1999 450 occultum

413 500 763 568 sceleratum,
813 512 984 571 neque
1031 493 1405 562 manifestum,
1449 491 1543 565 qui
1585 500 1767 546 tamen
1812 488 1880 544 ab
1923 487 2002 547 eis

412 594 650 655 nondum
687 576 968 653 damnatus
1004 590 1075 649 sit
1103 631 1118 655 ,
1160 588 1344 645 volunt
1379 585 1648 659 appellare
1683 591 1952 638 mortuum
1981 623 1999 653 ,

412 688 507 747 sed
536 696 591 744 et
611 683 948 745 manifestum
974 691 1029 739 et
1047 682 1375 747 damnatum,
1400 689 1458 735 ut
1476 678 1712 752 quisquis
1732 676 1799 731 ab
1818 690 1884 733 eo
1904 674 2001 731 ba-

411 781 639 851 ptizatur
659 819 675 845 ,
720 779 834 848 ipse
862 789 893 835 a
922 784 1132 833 mortuo
1159 774 1455 843 baptizetur
1473 813 1490 840 ,
1517 779 1574 826 et
1602 768 1731 824 nihil
1758 768 1807 825 ei
1835 767 2005 838 prosit

410 860 683 945 lavacrum
720 869 836 941 ejus
862 886 879 921 :
906 867 1036 940 quid
1077 866 1266 925 dicturi
1295 872 1418 921 sunt
1443 862 1510 919 de
1538 862 1603 918 iis
1631 875 1764 933 quos
1790 858 2005 931 plenarii

408 963 608 1019 concilii
645 961 728 1019 sui
760 956 835 1034 (a)
866 975 951 1015 ore
975 957 1195 1019 veridico
1223 973 1343 1014 cum
1373 955 1692 1013 Maximiano
1719 962 1770 1009 et
1794 952 2003 1013 caeteris

408 1057 526 1128 ejus
574 1054 970 1115 ordinatoribus
1016 1052 1451 1115 damnaverunt,
1504 1046 1831 1103 Felicianum
1883 1044 2002 1111 dico

410 1136 753 1209 Mustitanum
772 1188 789 1211 ς
817 1157 877 1204 et
903 1147 1275 1213 Praetextatum
1309 1141 1697 1207 Assuritanum,
1726 1139 1793 1195 de
1812 1138 2004 1212 quibus

409 1240 622 1297 interim
663 1240 885 1312 loquor,
927 1239 1012 1311 qui
1046 1245 1389 1299 numerantur
1416 1234 1555 1290 inter
1585 1230 1861 1288 duodecim
1890 1229 2002 1285 Ma-

409 1329 630 1386 ximiani
652 1330 988 1387 ordinatores
1006 1369 1020 1394 ,
1048 1338 1102 1384 et
1124 1338 1392 1384 erectores
1412 1325 1595 1380 altaris
1615 1332 1797 1379 contra
1817 1336 2001 1377 eorum

412 1423 582 1495 altare
599 1464 616 1491 ,
667 1422 754 1491 cui
798 1421 1099 1479 Primianus
1124 1419 1357 1476 assistit?
1383 1416 1473 1473 lsti
1502 1427 1646 1472 certe
1669 1415 1735 1471 ab
1761 1413 1839 1469 eis
1866 1413 2004 1467 inter

413 1526 654 1579 mortuos
696 1515 1037 1586 deputantur.
1082 1512 1256 1573 Testis
1284 1521 1366 1567 est
1395 1510 1532 1565 illius
1570 1506 1780 1564 concilii
1816 1520 2002 1560 eorum

412 1606 662 1665 videlicet
702 1606 950 1679 praeclara
1000 1604 1263 1662 sententia
1286 1644 1301 1670 ,
1342 1616 1462 1674 quae
1497 1598 1761 1672 quondam
1791 1596 2004 1669 quando

411 1701 553 1774 apud
581 1715 675 1763 eos
703 1699 1041 1761 decernenda
1071 1697 1290 1757 recitata
1316 1704 1427 1765 est,
1457 1710 1549 1750 ore
1578 1692 1838 1749 latissimo
1867 1691 1884 1722 ι
1915 1704 2003 1745 ac—

410 1794 813 1860 clamaverunt;
842 1808 983 1849 nunc
1011 1800 1189 1848 autem
1215 1790 1260 1845 si
1286 1788 1422 1846 forte
1445 1788 1523 1844 eis
1551 1802 1583 1843 a
1609 1785 1761 1842 nobis
1781 1783 2003 1841 recitata

409 1878 609 1954 fuerit,
652 1885 1063 1952 obmutescunt;
1106 1898 1229 1940 cum
1263 1882 1441 1955 potius
1466 1895 1572 1935 non
1598 1894 1715 1934 eam
1744 1876 2006 1934 deberent

406 1978 581 2050 primo
620 1977 852 2049 gaudere
882 1976 1135 2033 disertam
1160 2016 1174 2040 ,
1204 1989 1271 2030 ne
1302 1983 1485 2044 postea
1515 1971 1827 2043 plangercnt
1854 1968 2005 2025 dilfa-

408 2077 628 2125 matam.
670 2067 747 2124 lbi
788 2068 985 2139 quippe
1020 2066 1089 2124 de
1113 2062 1512 2125 Maximianistis
1540 2079 1569 2118 a
1595 2063 1865 2121 consortio
1890 2075 2004 2117 suae

409 2162 803 2223 communionis
828 2162 1059 2221 exclusis
1090 2161 1162 2217 ita
1189 2159 1372 2217 dicunt
1403 2177 1417 2215 :
1454 2157 1605 2227 Quod
1623 2156 1843 2213 veridica
1867 2154 2005 2210 unda

408 2257 463 2317 in
491 2272 696 2328 asperos
722 2252 958 2323 scopulos
988 2252 1347 2309 nonnullorum
1367 2252 1619 2321 naufraga
1641 2249 1863 2323 projecta
1888 2256 2005 2307 sunt

409 2347 653 2412 membra,
674 2354 721 2407 et
742 2344 815 2409 1E
818 2347 1108 2419 gyptiorum
1129 2342 1405 2397 admodum
1425 2339 1675 2413 exemplo,
1693 2338 2005 2411 pereuntium

411 2441 671 2515 funeribus
697 2440 850 2511 plena
868 2449 983 2495 sunt
1005 2439 1217 2505 littora;
1240 2436 1421 2509 quibus
1442 2437 1497 2492 in
1524 2437 1637 2508 ipsa
1657 2444 1817 2490 morte
1840 2438 2005 2508 major

410 2542 482 2589 cst
506 2548 655 2604 pruna
671 2572 687 2600 ,
717 2530 855 2607 quod
881 2538 995 2602 post
1021 2539 1268 2589 extortam
1291 2528 1434 2600 aquis
1462 2527 1722 2583 ultricibus
1744 2528 1999 2595 animam,

409 2643 500 2684 nec
535 2614 698 2703 ipsam
732 2625 992 2683 inueniunt
1017 2624 1347 2699 sepulturam.
1375 2622 1451 2678 lta
1479 2621 1697 2694 quidem
1722 2621 1811 2678 isti
1836 2620 2007 2678 insul-

412 2728 527 2781 tant
551 2718 904 2783 schismaticis
927 2718 1040 2775 suis
1057 2759 1073 2788 ,
1102 2728 1164 2775 ut
1189 2732 1283 2776 eos
1301 2727 1356 2777 et
1375 2725 1616 2773 mortuos
1635 2723 1691 2772 et
1708 2715 2004 2787 insepultos

408 2820 604 2871 vocent
643 2830 659 2871 :
696 2809 791 2873 sed
816 2818 963 2869 certe
991 2818 1180 2882 optare
1205 2807 1503 2871 debuerunt
1529 2816 1590 2866 ut
1613 2807 2001 2879 sepelirentur,

408 2919 480 2963 ne
515 2903 583 2967 de
619 2902 958 2967 multitudine
974 2900 1264 2974 iacentium
1292 2902 1349 2958 in
1373 2901 1553 2961 littore
1576 2901 1897 2958 cadaverum
1923 2899 2004 2956 in-

416 2995 745 3067 sepultorum
768 2993 1114 3055 Gildonianus
1133 2993 1357 3065 Optatos
1376 2992 1631 3051 incedens
1648 3008 1770 3050 cum
1791 2992 2002 3066 agmine

414 3084 630 3145 militari
659 3127 675 3154 ,
716 3094 965 3158 tanquam
1007 3083 1224 3156 rapidus
1248 3084 1442 3143 ﬂuctus
1462 3086 1484 3119 '
1516 3085 1653 3142 ultra
1681 3085 1997 3158 prosiliens,

409 3175 739 3235 Felicianum
807 3185 863 3235 et
920 3174 1300 3238 Prattextatum
1365 3177 1627 3237 introrsus
1682 3186 1864 3251 postea
1915 3193 2002 3235 re-

408 3269 671 3328 sorberet.

480 3359 707 3420 CAPUT
752 3357 846 3421 Xl.
888 3390 963 3404 —
1000 3360 1087 3421 l2.
1136 3361 1184 3418 Δ
1226 3361 1419 3435 quibus
1458 3377 1673 3435 quaero,
1714 3370 1889 3420 utrum
1933 3360 2000 3419 ad

409 3468 595 3512 eorum
632 3453 853 3528 pelagus
879 3453 1233 3517 commeando
1258 3456 1601 3526 revixerunt,
1631 3471 1698 3512 an
1727 3456 1902 3515 adhuc
1930 3456 2000 3513 ibi

409 3546 609 3606 mortui
642 3547 904 3605 manent?
935 3546 994 3605 Si
1018 3548 1160 3607 enim
1187 3547 1529 3607 nihilominus
1555 3548 1812 3607 cadavera
1841 3557 1995 3617 sunt,

409 3652 511 3697 nec
552 3637 730 3708 aliquo
776 3638 936 3695 modo
979 3638 1198 3709 prodest
1239 3639 1507 3699 lavacrum
1550 3640 1628 3699 eis
1666 3640 1757 3711 qui
1789 3639 1858 3695 ab
1884 3640 2002 3697 istis

413 3730 641 3793 mortuis
674 3729 1031 3800 baptizantur.
1070 3730 1127 3789 Si
1155 3739 1334 3788 autem
1360 3732 1704 3802 revixerunt,
1732 3731 2001 3805 quomodo

410 3821 634 3896 prodest
679 3822 947 3881 lavacrum
995 3823 1137 3891 illis,
1183 3838 1353 3897 quos,
1397 3839 1518 3881 cum
1556 3824 1827 3883 exanimes
1856 3824 2000 3896 jace-

415 3906 538 3983 rent
558 3955 575 3982 .
606 3912 740 3977 foris
765 3922 921 3974 antea
947 3914 1313 3987 baptizarunt,
1345 3916 1389 3975 si
1414 3931 1480 3975 eo
1501 3917 1661 3975 modo
1686 3933 1790 3989 quo
1817 3927 2003 3990 putant

415 4005 815 4079 intelligendum
852 4015 970 4075 est.
1016 4007 1116 4076 Qui
1156 4007 1442 4079 baptizatur
1473 4025 1506 4067 a
1548 4019 1744 4067 mortuo
1767 4052 1783 4078 ,
1808 4009 1932 4082 quid
1954 4012 2003 4066 ei

414 4097 620 4173 prodest
644 4098 905 4155 lavacrum
929 4101 1039 4172 ejus
1060 4100 1087 4156 ?
1111 4100 1220 4159 Eos
1246 4100 1387 4158 enim
1412 4115 1546 4172 quos
1574 4100 1924 4165 Praetextatus
1949 4110 2004 4158 et

414 4192 749 4262 Felicianus,
789 4206 910 4251 cum
952 4193 1126 4253 adhuc
1166 4193 1481 4253 Maximiano
1503 4195 1999 4266 communicarent,

415 4287 851 4361 baptizarerunt,
888 4304 1029 4345 nunc
1055 4303 1237 4347 secum
1262 4304 1368 4345 non
1394 4289 1747 4360 rebaptizatos
1761 4305 1881 4348 cum
1899 4290 2003 4347 eis-

419 4380 543 4438 dem
585 4381 1001 4455 baptizatoribus
1037 4382 1149 4439 suis
1172 4422 1186 4447 ,
1216 4380 1320 4439 hoc
1342 4389 1425 4438 est
1445 4422 1460 4448 ,
1489 4381 1758 4439 Feliciano
1780 4389 1835 4438 et
1854 4382 2000 4436 Prat—

418 4483 623 4534 textato
647 4476 790 4533 intus
813 4475 1010 4535 habent
1033 4475 1327 4548 permixtos
1350 4476 1708 4533 communioni
1734 4490 1843 4532 sua:
1870 4494 1883 4532 :
1908 4491 2004 4531 cu-

412 4567 501 4640 jus
523 4566 649 4625 facti
675 4566 978 4634 occasione,
1003 4567 1052 4623 si
1071 4582 1177 4627 non
1198 4582 1309 4623 sua:
1327 4567 1632 4638 pertinaciae
1652 4566 2003 4640 principatum

415 4665 690 4730 foverent,
727 4660 825 4720 sed
856 4661 1146 4733 spiritualis
1182 4674 1294 4716 suae
1321 4660 1507 4717 salutis
1532 4667 1638 4716 tam
1664 4670 1868 4717 certum
1893 4662 2006 4721 exi-

420 4756 551 4811 tium
589 4754 915 4827 cogitarent,
957 4752 1211 4825 evigilare
1239 4750 1418 4822 utique
1445 4749 1702 4808 deberent
1720 4792 1735 4817 ,
1765 4760 1820 4809 et
1842 4752 2007 4812 animi

418 4846 645 4904 sanitate
686 4854 900 4917 recepta
942 4845 994 4901 in
1040 4859 1167 4917 pace
1195 4842 1455 4899 catholica
1496 4843 1793 4914 respirare;
1841 4843 1888 4899 si
1930 4853 2009 4902 tu-

422 4954 575 4997 more
601 4938 866 5010 superbiae
892 4940 1094 5011 posito,
1121 4947 1175 4997 et
1199 4936 1510 5011 pervicacia;
1530 4936 1709 4995 furore
1732 4950 2005 5010 superato,

418 5030 616 5091 vellent
650 5029 932 5089 attendere
970 5046 1128 5103 quam
1158 5029 1372 5087 immani
1402 5028 1677 5101 sacrilegio
1702 5034 2011 5089 transmari-

421 5138 610 5183 narum
659 5124 1017 5181 Eoclesiarum
1042 5167 1057 5192 ,
1101 5141 1230 5198 quas
1256 5125 1538 5198 primaevas
1561 5127 1693 5180 sitas
1720 5141 1787 5182 ex
1812 5128 2009 5185 sanctis

420 5216 595 5274 Libris
614 5215 919 5287 accepimus
940 5258 956 5285 ,
980 5217 1280 5289 Baptismus
1304 5224 1609 5274 exsecretur
1626 5257 1642 5284 ,
1668 5226 1722 5273 et
1741 5218 2009 5276 Maximia-

420 5311 682 5369 nistarum
704 5348 722 5377 ,
753 5324 889 5382 quos
906 5324 1000 5367 ore
1026 5311 1241 5383 pr0prio
1262 5311 1681 5379 damnaverunt,
1704 5311 2008 5385 Baptisinus

419 5402 727 5476 recipiatur.

485 5544 504 5576 ³
538 5540 644 5594 Sola
682 5540 833 5593 editio
865 5546 996 5604 ωιτη
1024 5537 1315 5592 latissimo:
1351 5548 1407 5594 ut
1448 5554 1643 5593 rursum
1680 5542 1749 5594 lib
1777 5541 1810 5594 4
1844 5549 2011 5595 contra

417 5607 747 5664 uesconium,
765 5616 815 5653 n.
839 5602 918 5654 48.
1098 5662 1136 5664 Α,
1277 5662 1292 5664 ᾼ

423 5668 527 5778 ve;
543 5662 1011 5777 11:01:33.,Mtanquam
1028 5662 1232 5717 rabidus
1258 5662 1584 5728 βίασαι-εἱς
1602 5668 1749 5719 etiam
1767 5674 1840 5720 Er.
1860 5667 2008 5734 Lugd.

492 5789 565 5852 (a)
588 5789 876 5854 Bagaiensis.

1261 282 1533 343 CONTRA
1571 278 1908 339 LITTERAS
1946 275 2305 344 PETILI.\N|,
2348 276 2405 333 S.
2449 277 2819 337 AUGUSTINI

2182 390 2403 447 CAPUT
2442 391 2532 447 Xll
2575 394 2754 449 ~15.
2787 393 2895 467 Ipsi
2932 410 3057 463 vero
3080 396 3270 465 fratres
3292 399 3475 475 nostri,
3505 413 3721 469 ωειῃο-
3760 422 3761 445 ι

2108 491 2341 540 rotarum
2397 482 2757 543 Ecclesiarum
2806 487 2941 559 ﬁlii,
2988 489 3119 565 quid
3152 501 3279 557 ante
3305 501 3385 565 tot
3431 484 3623 563 annos
3671 492 3724 559 in

2110 576 2290 643 Africa
2330 586 2536 649 gestum
2565 579 2669 648 sit,
2700 587 2757 636 et
2784 590 2913 645 tunc
2952 583 3279 655 nescierunt.
3329 596 3385 657 et
3413 583 3597 657 modo
3621 601 3716 649 ue-
3748 608 3761 659 ,j

2110 669 2285 735 sciunt
2307 687 2321 729 :
2344 669 2486 727 unde
2516 670 2635 728 illos
2655 673 2898 742 crimina,
2924 690 3043 746 quae
3070 677 3143 737 ab
3157 692 3349 739 eorum
3376 687 3541 750 parte
3571 679 3719 739 Afris

2108 760 2318 834 objecta
2339 772 2502 832 sunt,
2530 764 2742 821 etiamsi
2766 782 2893 822 vera
2934 779 3113 835 essent
3141 769 3460 843 ignorantes
3481 814 3500 837 ,
3530 783 3722 835 conta.

2110 854 2313 915 minare
2336 871 2440 915 non
2486 868 2724 929 possent.
2757 859 2847 916 Isti
2872 869 3048 923 autem
3086 864 3255 932 palam
3285 866 3529 937 separati
3557 876 3719 936 atque

2108 948 2305 1017 divisi,
2346 965 2467 1007 cum
2513 951 2769 1015 Primiani
2813 954 3135 1035 ordinationi
3188 958 3349 1017 etiam
3398 957 3723 1016 interfuisse

2108 1045 2371 1110 dicantur,
2404 1045 2730 1107 Primianum
2758 1048 3178 1121 damnaverunt,
3205 1052 3370 1111 alium
3394 1053 3723 1123 episcopum

2107 1146 2294 1192 contra
2342 1136 2669 1201 Primianum
2717 1140 3141 1210 ordinaverunt,
3182 1153 3333 1205 extra
3375 1144 3720 1201 Primianum

2107 1228 2555 1301 baptizaverunt,
2633 1244 2755 1311 post
2819 1234 3145 1299 Primianum
3210 1236 3695 1307 rebaptizaverunt

2109 1336 2336 1392 cumque
2363 1323 2473 1379 suis
2498 1323 2626 1381 foris
2652 1339 2681 1381 a
2714 1339 2774 1379 se
2804 1325 3105 1397 baptizatis,
3128 1336 3185 1397 et
3210 1328 3356 1385 intus
3379 1344 3413 1383 a
3449 1328 3613 1385 nullo
3641 1345 3724 1389 re-

2109 1413 2411 1485 baptizatis,
2444 1416 2510 1471 ad
2553 1416 2881 1481 Primiauum
2928 1418 3221 1483 redierunt.
3271 1420 3331 1476 Si
3358 1430 3515 1485 tanta
3542 1421 3718 1481 laxi-

2108 1506 2476 1567 mianistarum
2503 1510 2809 1579 conjunctio
2839 1511 3144 1575 Donatistas
3161 1527 3269 1568 non
3297 1515 3564 1579 maculat,
3586 1531 3715 1586 quo-

2108 1600 2269 1656 modo
2307 1601 2559 1663 Afrorum
2603 1602 2741 1671 fama
2799 1604 2971 1677 potuit
3022 1603 3290 1671 maculare
3348 1608 3717 1687 peregrinos?

2107 1690 2162 1749 Si
2188 1693 2239 1755 in
2267 1693 2412 1763 pacis
2459 1692 2645 1749 osculo
2675 1693 2790 1751 sine
2833 1694 3057 1761 crimine
3088 1704 3286 1757 coeunt
3313 1696 3453 1757 labia
3505 1713 3634 1773 qua:
3662 1713 3721 1753 se

2110 1783 2338 1861 invicem
2365 1783 2786 1855 damnaverunt,
2817 1801 2916 1841 cur
2941 1785 2996 1843 in
3044 1785 3298 1843 Ecclesiis
3319 1787 3487 1845 valda
3526 1803 3719 1845 eorum

2104 1877 2304 1955 judicio
2332 1880 2707 1945 remotissimis
2733 1889 2877 1939 trans
2904 1897 3051 1943 mare
3094 1882 3162 1940 ab
3199 1883 3278 1941 eis
3301 1885 3547 1957 quisque
3566 1884 3720 1943 dam-

2109 1979 2284 2041 natus,
2316 1988 2421 2027 non
2452 1982 2508 2028 ut
2550 1972 2722 2044 ﬁdelis
2748 1974 3043 2035 catholicus
3069 1976 3363 2042 osculatur,
3395 1977 3500 2039 sed
3535 1986 3599 2043 ut
3624 1994 3715 2049 pa-

2108 2080 2275 2135 ganus
2319 2065 2517 2137 impius
2567 2065 3103 2137 exsufﬂamriQuod
3151 2070 3197 2134 si
3240 2084 3424 2143 pacem
3476 2071 3716 2143 receptis

2106 2150 2511 2214 Maximianistis
2550 2174 2649 2231 pro
2702 2174 2797 2217 sua
2836 2161 3039 2225 unitate
3091 2159 3373 2227 fecerunt:
3418 2176 3563 2221 ecce
3610 2178 3713 2218 non
3764 2172 3765 2203 ι

2107 2250 2586 2323 reprehendimus,
2635 2254 2737 2311 nisi
2769 2254 2912 2325 quod
2943 2269 3044 2313 suo
3073 2270 3133 2313 se
3166 2255 3370 2327 judicio
3408 2255 3675 2327 jugulant
3697 2296 3713 2319 ,

2107 2352 2164 2415 ut
2183 2357 2305 2399 cum
2333 2359 2431 2415 pro
2455 2345 2663 2403 unitate
2687 2347 3010 2405 concisionis
3050 2362 3160 2407 sua:
3201 2362 3235 2407 a
3268 2362 3329 2405 se
3355 2363 3555 2405 rursus
3589 2362 3717 2404 con-

2107 2433 2217 2490 cisa
2248 2437 2605 2508 recolligant,
2634 2438 2805 2512 ipsam
2842 2440 3205 2501 concisionem
3230 2454 3382 2499 suam
3410 2456 3568 2501 vera:
3594 2440 3713 2497 uni-

2108 2526 2203 2580 tati
2230 2528 2493 2584 resarcirc
2514 2538 2880 2585 contemnant.

2178 2616 2403 2676 CAPUT
2443 2619 2580 2677 Xlll.
2609 2622 2786 2679 —M.
2824 2620 2881 2681 Si
2924 2636 3024 2693 pro
3061 2622 3263 2696 unitate
3312 2624 3480 2696 partis
3517 2623 3710 2683 Donati

2106 2708 2163 2765 in
2193 2709 2399 2769 nefario
2428 2712 2720 2771 schismate
2764 2715 3062 2787 baptizatos
3092 2732 3255 2777 nemo
3284 2718 3630 2792 rebaptizat,
3655 2730 3708 2778 et

2104 2801 2185 2871 rei
2210 2804 2343 2861 tanti
2375 2804 2595 2865 sceleris
2617 2847 2634 2874 ,
2663 2814 2723 2867 ut
2744 2822 2838 2864 eos
2875 2809 2931 2869 in
2956 2810 3182 2868 concilio
3207 2825 3308 2873 suo
3344 2812 3588 2885 antiquis
3606 2814 3709 2870 illis

2106 2896 2414 2954 auctoribus
2434 2898 2738 2957 schismatis
2763 2916 2898 2975 quos
2928 2905 3076 2963 vivos
3104 2913 3246 2964 terra
3277 2907 3485 2965 sorbuit
3509 2907 3701 2981 (Nutu.

2104 3000 2194 3042 xvr
2217 3029 2233 3056 ,
2266 2988 2453 3063 51-55)
2482 3003 2878 3065 compararent,
2904 3005 2997 3054 aut
3041 2999 3273 3070 separati
3312 3016 3422 3059 non
3467 3002 3705 3073 puniun-

2105 3086 2214 3149 tur,
2262 3090 2353 3139 aut
2406 3081 2645 3141 damnati
2673 3085 2725 3141 in
2761 3086 3029 3161 integrum
3071 3090 3446 3160 restituuntur;
3468 3107 3573 3151 cur
3597 3107 3703 3150 non
3766 3096 3767 3135 ῖ

2104 3188 2202 3244 pro
2250 3164 2451 3232 unitate
2498 3176 2737 3249 Christi,
2775 3195 2895 3251 qua:
2925 3189 3035 3239 toto
3058 3189 3321 3241 terrarum
3358 3184 3491 3240 orbe
3511 3183 3700 3240 diffusa

2104 3274 2209 3334 est,
2236 3266 2301 3323 dc
2331 3282 2437 3338 quo
2465 3269 2775 3339 prmdictum
2816 3281 2902 3329 est
2948 3271 3090 3345 quod
3116 3272 3481 3337 dominabitur
3505 3290 3543 3337 ι
3571 3276 3702 3331 mari

2104 3372 2272 3429 usque
2302 3358 2365 3414 ad
2390 3374 2560 3427 mare,
2590 3371 2644 3417 et
2667 3377 2699 3417 a
2725 3362 2943 3421 ﬂumine
2966 3378 3132 3437 usque
3159 3365 3230 3423 ad
3258 3367 3523 3425 terminos
3555 3368 3698 3424 orbis

2103 3456 2263 3506 terrae
2305 3450 2475 3524 (Psat.
2505 3469 2658 3525 uxr,
2688 3455 2779 3527 8);
2812 3468 2866 3513 et
2887 3457 3031 3529 quod
3072 3456 3385 3529 prtedictum
3422 3468 3531 3528 est.
3559 3460 3701 3517 vide-

2105 3550 2192 3598 tur
2225 3558 2289 3600 ac
2330 3545 2582 3614 probatur
2607 3547 2818 3620 impleri
2845 3567 2861 3603 :
2888 3565 2985 3607 cur
3023 3565 3153 3623 ergo
3180 3566 3291 3608 non
3315 3566 3418 3622 pm
3455 3554 3561 3611 ista
3586 3553 3699 3610 uni-

2104 3643 2213 3691 tate
2236 3651 2360 3693 vera
2408 3645 2463 3694 et
2483 3638 2720 3715 pleqaria
2744 3640 2832 3696 lex
2870 3640 3014 3698 illius
3048 3640 3378 3703 hatreditatis
3409 3644 3428 3676 ¹
3453 3643 3699 3716 agnosci-

2106 3734 2215 3794 tur,
2237 3743 2358 3800 qum
2394 3728 2462 3785 de
2506 3732 2877 3789 communibus
2920 3732 3191 3790 codicibus
3223 3744 3511 3805 personat,
3557 3734 3695 3791 Dabo

2105 3817 2193 3873 tibi
2219 3829 2390 3892 gentes
2415 3820 2755 3878 hereditatem
2774 3831 2933 3892 tuam,
2960 3834 3006 3881 et
3032 3811 3401 3896 possessionem
3428 3836 3574 3883 tuam
3599 3836 3695 3883 ter-

2105 3910 2267 3966 minos
2291 3920 2436 3967 terra:
2464 3910 2633 3983 (Psal.
2663 3929 2700 3971 ιι
2724 3956 2742 3984 ,
2771 3914 2851 3987 8).
2883 3915 2986 3972 Pro
3017 3914 3207 3973 Donati
3243 3917 3445 3977 unitate
3473 3934 3581 3975 non
3602 3933 3691 3975 co-

2105 4011 2301 4074 guntur
2348 4018 2599 4062 revocare
2643 4007 2783 4077 quod
2823 4007 3227 4079 disperserunt,
3255 4008 3351 4067 sed
3401 4010 3693 4067 admonen-

2108 4102 2193 4153 tur
2219 4096 2471 4155 exaudire
2497 4098 2641 4169 quod
2658 4098 2890 4157 clamant
2915 4100 3204 4173 Scriptura:
3230 4120 3243 4157 :
3273 4118 3370 4161 cur
3400 4120 3509 4161 non
3532 4102 3687 4160 intel-

2105 4186 2275 4259 ligunt
2301 4188 2353 4245 id
2373 4204 2555 4246 secum
2575 4200 2753 4248 sctum
2796 4193 3161 4251 misericordia
3200 4193 3295 4251 Dei
3316 4236 3333 4265 ,
3365 4205 3426 4252 ut
3447 4196 3692 4268 quoniam

2107 4279 2422 4341 catholicam
2462 4282 2755 4341 Ecclesiam
2799 4284 2952 4343 falsis
2986 4285 3300 4345 criminibus
3341 4288 3688 4354 accusabant,

2107 4387 2333 4443 quorum
2381 4374 2531 4445 quasi
2557 4376 2874 4445 contagione
2903 4378 3121 4435 nimiam
3162 4379 3504 4439 sanctitatem
3549 4395 3690 4435 suam

2109 4465 2475 4523 contaminare
2494 4468 2767 4535 nolebant,
2786 4484 2908 4526 vera
2934 4478 2988 4525 ct
3017 4470 3246 4526 maxima
3272 4472 3497 4527 crimina
3527 4474 3693 4543 plena-

2108 4557 2175 4610 rii
2219 4559 2418 4614 concilii
2463 4559 2544 4615 sui
2590 4561 2838 4630 veridico,
2870 4562 3006 4619 sicut
3050 4563 3267 4631 dicunt,
3296 4579 3384 4621 ore
3410 4564 3688 4629 damnata,

2109 4663 2294 4704 rursus
2322 4650 2558 4722 recipere
2585 4667 2681 4723 per
2713 4652 2890 4723 Optati
2915 4653 3217 4710 Gildoniani
3242 4671 3490 4728 regnum,
3521 4667 3572 4713 et
3597 4655 3688 4713 sibi

2112 4741 2315 4798 sociare
2341 4752 2676 4819 cogerentur.
2704 4744 2819 4803 Jam
2852 4746 3063 4802 tandem
3089 4746 3326 4805 sentiant
3351 4747 3692 4818 quemadmo-

2112 4831 2237 4889 dum
2264 4835 2403 4889 veris
2443 4849 2660 4895 suorum
2705 4836 2995 4895 sceleribus
3018 4837 3358 4909 impleantur,
3390 4841 3480 4912 qui
3509 4840 3559 4896 in
3590 4839 3689 4895 fra-

2116 4933 2224 4981 tres
2247 4940 2372 4982 suos
2400 4924 2527 4982 falsa
2541 4929 2868 4999 contingunt,
2888 4943 3005 5000 quae
3026 4931 3070 4985 si
3096 4931 3257 4986 etiam
3278 4947 3405 4988 vera
3418 4931 3685 4998 dixissent,

2107 5018 2219 5090 jam
2246 5019 2457 5077 tandem
2477 5024 2677 5080 sentire
2705 5022 2962 5080 deberent
2987 5032 3183 5095 quanta
3213 5023 3439 5096 sintpro
3470 5042 3594 5097 pace
3620 5036 3689 5080 to-

2111 5111 2351 5181 leranda,
2382 5121 2438 5171 et
2463 5129 2556 5185 pro
2586 5129 2713 5185 pace
2735 5115 2932 5173 Christi
2959 5115 3134 5173 redire
3161 5116 3229 5173 ad
3257 5117 3555 5175 Ecclesium
3582 5132 3688 5190 qua:

2113 5220 2218 5261 non
2246 5205 2514 5262 damnavit
2558 5208 2854 5280 incognita,
2884 5208 2929 5263 si
2978 5222 3075 5279 pro
3102 5222 3234 5279 pace
3279 5209 3477 5276 Donati
3508 5208 3686 5285 placuit

2111 5312 2365 5355 revocare
2392 5299 2661 5355 damnata.

2183 5389 2413 5446 CAPUT
2435 5389 2576 5447 XIV.
2605 5421 2677 5433 —
2724 5391 2811 5449 l5.
2866 5390 3050 5465 itaque
3094 5392 3290 5464 nobis,
3328 5391 3554 5464 fratres,
3601 5393 3687 5448 hoc

2112 5498 2279 5557 unum
2302 5484 2447 5557 quod
2471 5483 2540 5543 de
2565 5484 2967 5542 Maximianistis
2990 5485 3130 5559 apud
3156 5500 3252 5543 eos
3275 5483 3479 5545 factum
3510 5496 3608 5557 est,
3628 5482 3683 5541 ad

2179 5667 2193 5699 ί
2232 5674 2331 5715 Am.
2356 5670 2431 5729 Er.
2459 5672 2511 5717 et
2533 5665 2683 5716 nostri
2705 5671 2937 5729 Mss.,paa;
2956 5662 3090 5718 illius
3106 5663 3429 5720 hareditatis.
3446 5667 3684 5729 muniet}-

2115 5741 2199 5778 ses
2220 5740 2293 5799 ει,
2308 5727 2691 5799 Εηᾱονξαηερ,
2718 5733 2771 5799 et
2785 5726 2849 5779 ex
3025 5734 3192 5783 contra
3205 5731 3537 5799 (retiaculum,
3550 5742 3598 5785 ιι.
3617 5726 3681 5786 27,

2120 5788 2453 5853 amendarunt,
2470 5787 2550 5842 lex
2565 5787 2695 5842 illius
2710 5787 3020 5843 haereditalis.
