3796 6154
99 332 198 392 253

95 468 183 509 eos
206 449 586 507 admonendos
606 446 1049 520 corrigendosque
1068 441 1332 500 sufﬁciat:
1365 459 1471 500 non
1501 455 1683 501 vetera

94 546 303 602 archiva
337 548 351 577 ‘
390 544 712 601 discutimus
739 583 755 609 ,
785 556 893 597 non
936 539 1152 611 antiqua
1195 540 1424 594 armaria
1454 538 1683 597 ventila-

94 655 228 705 mus,
252 653 363 694 non
384 637 455 694 ad
483 637 798 708 lenginquas
823 642 993 689 terras
1028 639 1265 686 nostram
1312 631 1681 701 probationem

94 731 540 796 transmittimns;
570 727 666 784 sed
712 733 1107 797 sequestramus
1150 723 1326 781 omnia
1374 732 1680 779 nostrorum

95 824 407 879 documenta
457 822 721 892 majorum
748 861 762 885 ,
816 816 1115 873 diﬂ'erimns
1142 818 1164 853 ⁸
1212 816 1511 873 testimonia
1569 823 1682 871 toto

95 928 348 972 terrarum
374 916 509 970 orbe
532 908 834 971 clamantia.

156 1008 384 1066 CAPUT
412 1007 533 1063 XV.
563 1035 632 1047 —-
660 1005 746 1060 l6.
778 1005 918 1060 Ecce
947 1002 1229 1058 Mustitana
1266 1008 1323 1056 et
1359 1000 1679 1056 Assuritana

95 1103 347 1166 civitates;
379 1109 666 1171 supersunt
691 1097 866 1152 adhuc
894 1095 916 1131 ³
945 1096 997 1151 in
1029 1095 1128 1151 hac
1146 1095 1250 1149 vita
1279 1101 1334 1148 et
1363 1094 1413 1148 in
1435 1094 1533 1148 hac
1552 1108 1681 1163 pro-

96 1196 256 1250 vincia
303 1195 393 1265 qui
419 1208 477 1247 se
506 1193 879 1263 disjunxernnt
904 1198 959 1243 ct
985 1204 1015 1243 a
1036 1188 1229 1259 quibus
1256 1187 1503 1255 disjuncti
1530 1192 1674 1254 sunt,

97 1289 174 1358 qui
213 1287 380 1341 altare
417 1293 707 1340 erexerunt
734 1292 788 1337 et
824 1290 1010 1337 contra
1062 1294 1197 1351 quos
1234 1286 1558 1344 erexerunt,
1586 1277 1676 1348 qui

96 1379 403 1435 damnarunt
425 1386 479 1433 et
502 1379 594 1448 qui
619 1375 854 1431 damnati
877 1383 1019 1441 sunt,
1051 1374 1139 1444 qui
1168 1379 1487 1443 receperunt
1506 1380 1561 1427 et
1585 1371 1678 1442 qui

98 1471 283 1540 recepti
311 1477 439 1524 sunt
465 1511 480 1536 ,
508 1469 598 1539 qui
628 1466 759 1522 foris
780 1466 1029 1536 baptizati
1055 1473 1180 1521 sunt
1204 1474 1257 1519 et
1279 1465 1418 1520 intus
1448 1463 1680 1533 rebapti-

99 1561 191 1617 zati
217 1577 323 1617 non
351 1569 477 1616 sunt
508 1559 590 1615 :si
618 1559 734 1614 haec
759 1572 859 1629 pro
880 1557 1083 1612 unitate
1109 1556 1395 1622 maculant,
1429 1554 1677 1609 maculati

98 1657 437 1727 comprimam
460 1668 680 1719 vocem;
708 1653 753 1711 si
778 1652 893 1708 haec
915 1666 1014 1723 pro
1039 1649 1241 1705 unitate
1259 1664 1368 1704 non
1387 1648 1673 1714 maculant,

97 1749 311 1805 correcti
339 1747 585 1804 auferant
619 1746 790 1800 litem.

159 1840 382 1898 CAPUT
428 1840 573 1896 XVI.
605 1869 678 1880 —
702 1839 789 1894 Π.
812 1838 931 1893 iam
952 1836 1116 1892 verba
1159 1833 1398 1906 epistolas
1428 1847 1540 1889 suae
1584 1831 1676 1887 ille

102 1934 203 2005 ipse
250 1933 338 2005 qui
367 1932 612 2002 scripsit,
645 1930 901 1996 irrideat,
947 1929 1038 2000 qui
1078 1936 1338 1999 usurpato
1376 1926 1587 1981 indocte
1612 1939 1676 1981 ac

102 2024 415 2081 mendaciter
442 2024 751 2080 testimonio
769 2065 784 2090 ,
816 2036 925 2093 quo
964 2022 1221 2091 scriptum
1249 2026 1670 2086 commemorat,

103 2115 191 2184 Qui
215 2116 499 2187 baptizatur
521 2132 555 2170 α
593 2125 794 2169 mortuo
814 2157 827 2181 ,
856 2112 978 2187 quid
1011 2114 1057 2167 ei
1081 2113 1282 2184 prodest
1308 2113 1492 2167 lavatio
1516 2109 1674 2184 ejus?

99 2221 307 2266 conatur
327 2210 483 2267 nobis
526 2208 813 2266 ostendere
835 2251 849 2273 ,
882 2217 1128 2279 quatenus
1150 2206 1364 2262 traditor
1405 2206 1508 2259 vita
1536 2220 1674 2259 mor—

101 2312 203 2357 tuas
238 2302 500 2358 habeatur.
536 2302 607 2356 Et
643 2301 917 2372 adjungit,
951 2299 1137 2355 dicens
1171 2318 1183 2353 :
1211 2297 1451 2353 Mortuus
1478 2306 1550 2352 est
1586 2297 1672 2351 ille

99 2396 175 2465 qui
214 2393 474 2465 Baptistae
512 2409 627 2448 vero
656 2393 798 2447 nasci
835 2408 936 2447 non
961 2392 1185 2457 meruit;
1214 2400 1442 2444 mortuus
1484 2396 1559 2443 est
1584 2386 1673 2442 ille

100 2487 332 2555 similiter,
359 2487 447 2557 qui
477 2492 625 2557 justo
662 2483 930 2555 Baptismo
970 2484 1203 2556 genitus,
1235 2485 1425 2538 mixtus
1452 2490 1526 2537 est
1566 2491 1670 2535 tra-

102 2579 255 2634 dituri.
301 2577 361 2636 Si
386 2590 518 2650 ergo
562 2577 964 2633 Maximianista:
990 2577 1186 2631 mortui
1231 2592 1337 2631 non
1382 2585 1540 2643 sunt,
1572 2589 1670 2631 cur

102 2673 147 2726 in
169 2670 402 2741 plenario
429 2670 661 2727 concilio
688 2683 788 2725 suo
814 2669 1001 2726 dicunt
1020 2710 1036 2735 ,
1074 2668 1216 2740 quod
1248 2684 1423 2723 eorum
1448 2683 1667 2740 pereun-

104 2764 212 2818 tium
248 2763 508 2835 funeribus
548 2762 700 2835 piata
742 2769 859 2817 sunt
906 2760 1115 2817 littora?
1139 2759 1197 2818 Si
1245 2769 1424 2817 autem
1471 2760 1666 2815 mortui

105 2864 229 2924 sunt,
259 2856 399 2911 unde
425 2855 558 2909 vivit
585 2853 608 2886 ⁵
632 2853 903 2924 Baptisms
932 2851 1073 2924 quod
1097 2851 1397 2908 dederunt?
1424 2851 1625 2907 Deinde
1646 2891 1663 2919 ,

104 2947 498 3003 a’llaximianus
545 2953 788 3002 mortuus
831 2959 938 2999 non
966 2953 1087 3010 est,
1133 2958 1300 3015 quare
1352 2950 1476 3014 post
1518 2942 1666 2999 illum

105 3039 462 3112 rebaptizatur?
480 3037 538 3096 Si
550 3047 726 3096 autem
742 3045 983 3093 mortuus
1002 3046 1105 3106 est,
1124 3051 1290 3108 quare
1303 3051 1426 3092 cum
1450 3037 1540 3092 illo
1556 3052 1664 3093 non

107 3140 174 3188 est
192 3140 428 3189 mortuus
453 3130 756 3188 Felicianus
781 3128 1101 3185 Mustitanns
1129 3128 1403 3183 ordinator
1425 3127 1541 3198 ejus
1562 3169 1578 3195 ,
1611 3136 1668 3184 et

108 3240 207 3281 cum
247 3224 431 3281 nescio
482 3238 591 3295 quo
617 3221 873 3279 traditore
900 3220 1030 3277 Afro
1068 3220 1272 3290 collega
1322 3219 1457 3274 mori
1498 3219 1668 3290 potuit

108 3319 509 3375 transmarinus?
533 3320 642 3373 Aut
669 3317 713 3372 si
752 3324 806 3372 et
835 3315 948 3387 ipse
977 3324 1218 3371 mortuus
1241 3321 1352 3381 est,
1376 3313 1518 3370 unde
1542 3329 1664 3370 cum

110 3410 181 3465 illo
205 3411 338 3483 apud
383 3420 435 3468 te
462 3411 648 3466 vivunt
673 3410 815 3464 intus
843 3424 951 3464 non
976 3407 1288 3480 rebaptizati
1307 3451 1321 3477 ,
1350 3408 1441 3478 qui
1483 3407 1551 3464 ab
1574 3407 1666 3463 illo

111 3512 292 3560 mortuo
314 3501 449 3559 foris
469 3510 597 3557 sunt
624 3500 920 3572 baptizati?

163 3596 374 3655 CAPUT
400 3595 568 3652 XVII.
598 3625 671 3636 -—
696 3595 784 3651 18.
812 3592 1016 3650 Deinde
1050 3592 1324 3663 subiunxit
1349 3610 1364 3649 ε
1392 3592 1555 3648 Ambo
1583 3593 1662 3649 vi-

113 3699 192 3741 tam
229 3687 477 3759 Baptismi
499 3704 603 3742 non
628 3686 839 3753 habent,
872 3694 918 3740 et
940 3687 1026 3757 qui
1054 3702 1312 3757 nunquam
1338 3686 1541 3757 penitus
1572 3686 1664 3739 lia-

113 3778 218 3846 buit,
242 3789 286 3834 et
309 3779 395 3850 qui
438 3778 611 3833 habuit
653 3786 702 3832 et
748 3778 936 3833 amisit.
965 3776 1241 3847 Nunquam
1291 3791 1420 3848 ergo
1450 3776 1663 3845 habuit,

114 3885 243 3941 quem
267 3870 653 3926 Maximianista
699 3869 1001 3925 Felicianus
1026 3877 1118 3923 aut
1159 3869 1511 3925 Praetextatus
1536 3870 1666 3926 foris

115 3960 518 4033 baptizaverunt,
549 3961 650 4032 ipsi
693 3969 869 4016 autem
912 3960 1055 4031 quod
1103 3959 1435 4027 habuerunt,
1467 3961 1664 4016 amise—

116 4064 230 4107 runt.
257 4053 480 4123 Quando
506 4066 637 4124 ergo
666 4052 754 4107 isti
797 4065 920 4105 cum
965 4051 1076 4106 suis
1118 4052 1315 4119 recepti
1357 4060 1520 4120 sum,
1547 4053 1668 4122 quis

116 4144 236 4201 dedit
273 4149 350 4203 eis
375 4161 513 4219 quos
563 4146 914 4216 baptizarunt;
946 4143 1087 4214 quod
1137 4159 1242 4200 non
1290 4144 1588 4210 habebant;
1615 4153 1670 4201 et

117 4238 213 4307 quis
236 4238 357 4309 ipsis
376 4236 612 4293 reddidit
635 4236 777 4307 quod
804 4236 1124 4292 amiserant?
1146 4235 1202 4292 Si
1236 4245 1415 4292 autem
1443 4236 1668 4294 formam

119 4327 337 4399 Βεριὶεωὶ
379 4342 565 4384 secum
608 4326 964 4392 abstulerunt,
991 4327 1242 4385 virtutem
1269 4336 1449 4382 autem
1495 4328 1664 4398 ipsam

123 4418 337 4489 Baptismi
360 4434 461 4491 per
485 4419 681 4474 malum
709 4417 940 4473 schisma
965 4417 1262 4473 amiserunt
1280 4418 1303 4450 ⁸
1332 4460 1348 4484 ,
1379 4432 1475 4473 cur
1499 4418 1669 4488 ipsam

125 4510 311 4567 formam
332 4556 345 4582 ,
374 4528 496 4583 qua:
537 4526 749 4582 semper
776 4520 828 4565 et
855 4510 1050 4580 ubique
1079 4519 1263 4565 sancta
1287 4517 1389 4577 est,
1419 4508 1670 4565 exsufflas

126 4605 165 4659 in
194 4606 469 4663 Catholicis
519 4619 657 4676 quos
686 4618 792 4660 non
836 4600 1069 4671 audisti,
1101 4611 1155 4657 et
1187 4602 1239 4656 in
1269 4600 1670 4657 Maximianistis

125 4699 422 4769 amplecteris
443 4712 579 4770 quos
599 4696 797 4767 punisti
820 4695 844 4749 ’ἒ

179 4792 252 4849 i9.
274 4789 541 4863 Quidquid
590 4797 767 4845 autem
810 4787 878 4844 de
914 4787 1048 4843 Juda
1093 4785 1347 4843 traditore
1389 4786 1672 4842 criminose

126 4881 203 4937 sibi
227 4884 395 4941 dicere
424 4883 570 4937 visus
597 4889 708 4950 est,
736 4880 801 4935 ad
832 4894 930 4935 nos
955 4878 1082 4950 quid
1104 4878 1354 4948 pertinet,
1384 4878 1473 4948 qui
1500 4892 1671 4948 neque

127 4974 178 5029 ab
198 4976 263 5031 eis
288 4975 579 5046 probamur
600 4972 887 5029 tradituros
907 5013 921 5035 ,
955 4986 1128 5041 neque
1151 4970 1196 5024 si
1226 4970 1523 5039 aliquorum
1550 4976 1673 5023 ante

128 5080 204 5120 nos
224 5066 271 5121 in
295 5075 473 5123 nostra
499 5065 876 5121 communione
901 5061 1271 5119 defunctorum
1306 5059 1516 5115 traditio
1545 5075 1672 5129 pro-

129 5154 339 5227 baretur,
394 5160 560 5216 etiam
628 5158 744 5229 ipsa
789 5170 889 5212 nos
915 5154 1258 5226 “improbata
1285 5162 1339 5210 et
1386 5151 1673 5223 displicens

181 5399 196 5428 ⁸
219 5396 281 5451 Sic
299 5403 399 5447 uss.
425 5403 481 5445 At
503 5392 619 5444 editi
641 5391 895 5452 mendose,
929 5401 1126 5440 arcana.

181 5457 200 5489 |
221 5461 268 5489 Ir-
306 5465 353 5489 .a
376 5465 468 5489 Itur
536 5453 795 5489 [fabri-mn
829 5466 842 5479 -
865 5458 1109 5489 mmsMn-

182 5458 200 5489 ³
221 5461 284 5508 tr.
306 5465 357 5509 et
376 5465 507 5518 tom,
535 5458 795 5518 deferimus
823 5466 842 5503 :
865 5458 1111 5515 corrupte.
1647 5509 1660 5522 .

182 5519 338 5591 {AM
355 5526 429 5570 δ’·
453 5518 605 5591 μετ’·
624 5524 750 5591 is":
770 5522 903 5591 ιον-εί
918 5509 1499 5591 Ψιῗμεξξέἕεεξυίιίέθνίε
1517 5515 1679 5569 ’καθ’

139 5582 228 5642 tata)
245 5572 286 5632 ἐι
306 5572 566 5633 Αωατὶιαὶὶι
819 5574 1198 5651 supersunt
1218 5572 1399 5647 adhuc.
1464 5572 1518 5625 si.

185 5641 203 5672 ι
227 5648 303 5672 Im.
364 5647 490 5672 ..ο-,ιιι
529 5647 656 5672 ..ουν
712 5647 996 5672 Μενίππης-ιε
1038 5638 1152 5672 uim
1189 5636 1266 5672 nln
1305 5643 1355 5672 at
1380 5642 1468 5672 Mm

168 5634 339 5712 filum,
364 5647 490 5695 unde
529 5641 673 5693 venit.
712 5634 998 5691 Considium
1038 5638 1156 5691 editi
1188 5636 1270 5688 alii
1305 5643 1359 5691 et
1378 5642 1507 5699 uss,
1548 5634 1677 5687 unde

142 5712 346 5839 iam
366 5779 462 5839 non,
790 5764 955 5839 est.
981 5762 1520 5839 sumsimus-

188 5827 204 5857 ‘
227 5830 286 5878 Sic
308 5827 398 5879 Ain.
420 5838 469 5881 ct
494 5836 599 5878 uss.
627 5835 682 5879 At
703 5833 776 5877 Er.
801 5834 854 5878 et
869 5832 1001 5887 I.ov.,
1018 5838 1108 5877 nec
1138 5827 1244 5889 ipsa
1263 5834 1364 5873 nos.

1486 330 1689 386 LIBER
1728 329 1997 390 PRIMUS.

1796 447 1949 503 nobis
1975 448 2147 520 aliqua
2200 464 2266 507 ex
2319 460 2467 522 parte
2508 453 2927 513 macularet‘tSi
2950 455 3095 513 enim
3137 455 3243 528 ipsi
3281 455 3378 517 das

1795 539 1991 593 innatis
2037 555 2068 593 a
2097 555 2157 595 se
2181 543 2492 600 criutinibus
2519 554 2574 600 et
2597 546 2826 616 receptis
2852 560 2965 603 non
3003 547 3334 606 maculantur
3352 586 3369 614 ,

1793 640 1991 699 quanto
2016 632 2192 687 minus
2230 647 2327 691 nos
2356 635 2551 691 auditis
2576 644 2632 693 et
2653 637 2969 709 improbatis
2995 641 3255 697 maculari
3280 654 3376 712 po.

1794 723 2057 778 terimus?
2082 724 2484 793 Quantumlibet
2525 742 2653 800 ergo
2678 730 2731 786 in
2756 731 3041 790 traditores
3068 733 3372 803 invehatur,

1790 816 2010 870 totidem
2036 817 2214 875 verbis
2236 831 2330 873 eos
2347 828 2400 874 et
2423 834 2454 874 a
2480 835 2566 875 me
2583 820 2801 892 deputet
2825 824 3080 883 accusari.
3112 824 3217 882 Sed
3244 840 3374 885 sane

1786 906 2085 980 distinguo:
2103 910 2226 980 quia
2246 910 2336 967 ille
2357 911 2493 981 apud
2510 927 2598 969 me
2612 913 2785 984 arguit
2804 929 2924 971 eum
2942 930 3098 985 quem
3114 915 3222 986 jam
3239 916 3369 974 olim

1787 998 2096 1056 deuinctum
2119 1017 2235 1057 mea
2261 1004 2493 1074 cognitio
2512 1020 2619 1061 non
2641 1004 2918 1075 judicavit;
2946 1021 3046 1078 ego
3073 1007 3188 1078 ejus
3213 1007 3368 1069 lateri

1787 1090 2142 1149 cohaerentem
2169 1095 2412 1162 ostendo,
2431 1111 2588 1166 quem
2612 1111 2644 1151 a
2667 1111 2729 1152 se
2754 1096 3083 1167 damnatum,
3113 1100 3197 1156 vel
3222 1109 3369 1163 certe

1785 1183 2044 1255 sacrilego
2072 1184 2357 1241 schismate
2383 1197 2709 1257 separatum,
2731 1188 2851 1250 sine
2871 1187 2978 1244 ulla
3007 1188 3227 1251 honoris
3251 1191 3369 1263 ejus

1785 1274 2138 1332 diminutione
2163 1278 2414 1348 suscepit.

1856 1367 2081 1426 CAPUT
2103 1370 2290 1427 XVIII.
2322 1402 2396 1412 —
2416 1371 2506 1429 20.
2535 1372 2902 1444 Nequissimus,
2938 1374 3127 1447 inquit,
3158 1378 3367 1434 traditur

1783 1464 1925 1520 nobis
1951 1465 2107 1536 legem
2131 1467 2442 1523 seruantibus
2472 1478 2757 1538 persecutor
2777 1478 2826 1524 et
2856 1471 3084 1541 carnifex
3107 1473 3362 1528 exstitisti.

1782 1555 1840 1612 Si
1870 1556 2041 1628 legem
2090 1567 2437 1615 servaverunt
2461 1559 2879 1630 Maximianistae,
2906 1574 3027 1618 eum
3054 1578 3083 1619 a
3130 1571 3181 1621 te
3207 1579 3363 1636 sepa-

1781 1652 1882 1708 rati
1902 1659 2026 1706 sunt
2053 1668 2067 1717 ;
2095 1652 2170 1706 sis
2197 1661 2252 1708 et
2296 1661 2348 1708 tu
2377 1663 2618 1709 servator
2642 1654 2771 1726 legis
2789 1697 2803 1720 ,
2827 1671 2948 1711 cum
2991 1658 3058 1712 ab
3083 1657 3321 1716 Ecclesia
3343 1699 3359 1718 .

1781 1759 1899 1814 quae
1936 1743 1987 1798 in
2035 1751 2147 1799 toto
2175 1743 2304 1800 orbe
2343 1743 2532 1800 diffusa
2561 1755 2675 1811 est,
2709 1754 2985 1816 separatus
3029 1761 3105 1803 es.
3139 1748 3290 1817 Quod
3315 1764 3361 1807 s.

1780 1832 1847 1889 de
1875 1835 2331 1903 persecutionibus
2358 1836 2472 1906 agis
2502 1837 2519 1868 ¹
2543 1876 2559 1902 ,
2588 1836 2694 1893 cito
2717 1837 3023 1907 respondeo
3046 1879 3060 1904 ,
3092 1839 3137 1895 si
3164 1840 3362 1912 aliquid

1779 1926 1956 1996 inique
1996 1927 2134 1996 passi
2160 1928 2288 1982 estis
2312 1967 2326 1993 ,
2357 1942 2464 1983 non
2506 1929 2774 1997 pertinere
2799 1928 2867 1986 ad
2892 1943 2987 1989 eos
3009 1930 3099 2001 qni
3130 1932 3253 1991 talia
3280 1931 3358 1989 fa-

1776 2017 1980 2073 cientes
2005 2019 2246 2089 quamvis
2267 2020 2566 2089 improbent
2584 2022 2627 2088 ”,
2660 2035 2753 2090 pro
2780 2035 2913 2091 pace
2941 2030 3117 2079 tamen
3139 2023 3357 2081 unitatis

1776 2108 2112 2166 laudabiliter
2137 2111 2383 2166 tolerant.
2425 2111 2760 2183 Quapropter
2779 2128 2885 2170 non
2912 2112 3078 2171 babes
3097 2115 3237 2185 quod
3262 2115 3360 2172 ob.

1773 2200 1927 2270 jicias
1979 2201 2260 2258 frumentis
2309 2202 2591 2260 dominicis
2634 2205 2836 2274 paleam
2883 2222 3034 2265 suam
3078 2222 3245 2279 usque
3291 2209 3357 2264 ad

1776 2292 2176 2349 ventilationcm
2227 2294 2468 2350 ultimam
2525 2294 2940 2363 sustinentibus,
2982 2312 3013 2352 a
3062 2297 3256 2368 quibus
3306 2309 3359 2357 tu

1774 2397 2046 2454 nunquam
2074 2386 2389 2443 recessisses
2413 2428 2428 2453 ,
2465 2387 2566 2443 nisi
2613 2387 2780 2443 levior
2807 2387 2957 2459 palea
2986 2398 3148 2447 vento
3184 2398 3358 2447 tenta-

1770 2476 1935 2532 ticnis
1963 2486 2018 2533 et
2055 2487 2180 2533 ante
2241 2479 2527 2539 adventura
2576 2480 2906 2539 ventilatoris
2935 2481 3223 2543 avolssees.
3252 2482 3359 2541 Sed

1772 2578 1833 2626 ut
1856 2572 1924 2627 ab
1952 2572 2055 2627 hoc
2099 2588 2206 2629 uno
2231 2574 2505 2643 exemplo,
2534 2574 2677 2646 quod
2701 2573 2770 2631 ad
2798 2575 3020 2633 istorum
3067 2592 3162 2634 ora
3204 2577 3357 2635 clau-

1769 2662 1967 2732 denda,
1998 2673 2053 2720 et
2074 2680 2169 2721 eos
2192 2665 2238 2720 si
2260 2665 2467 2736 sapiant
2491 2668 2855 2738 corrigendos,
2884 2669 3126 2725 siautem
3155 2669 3208 2727 in
3231 2686 3359 2742 per-

1770 2758 2026 2814 versitate
2071 2767 2354 2827 maneant,
2385 2759 2827 2830 confundendos,
2868 2762 2922 2818 in
2970 2778 3153 2823 eorum
3191 2763 3357 2826 facies

1770 2847 1965 2904 refudit
1985 2848 2243 2905 Dominus
2265 2891 2282 2916 ,
2316 2865 2422 2906 non
2447 2851 2693 2909 recedam
2725 2870 2739 2907 :
2767 2852 2813 2908 si
2839 2853 3092 2924 iustiores
3110 2857 3355 2928 suntqui

1771 2943 2046 3013 patiuntur
2069 2945 2533 3013 persecutionem,
2578 2960 2738 3016 quam
2768 2945 2843 3002 illi
2887 2947 2979 3017 qui
3021 2945 3253 3015 faciunt;
3287 2949 3355 3007 ii-

1770 3033 1892 3091 dem
1921 3035 2321 3092 Maximianistae
2344 3038 2601 3107 justiores
2625 3047 2747 3094 sunt
2766 3078 2783 3105 ,
2805 3052 3030 3110 quorum
3058 3047 3114 3096 et
3138 3040 3356 3099 basilica

1770 3126 2009 3184 funditus
2051 3144 2241 3186 eversa
2269 3140 2391 3198 est,
2423 3139 2478 3186 et
2503 3131 2722 3187 militari
2747 3130 2924 3203 Optati
2950 3134 3208 3191 comitatu
3231 3150 3356 3206 gra-

1768 3224 1907 3279 viter
1934 3224 2115 3295 agitati
2145 3233 2305 3291 sunt,
2336 3233 2390 3280 et
2413 3226 2681 3296 jussiones
2721 3227 3054 3296 proconsulis
3082 3227 3147 3285 ad
3169 3242 3357 3301 omnes

1768 3331 1863 3372 eos
1891 3316 1958 3372 de
1985 3316 2217 3373 basilicis
2244 3317 2611 3374 excludendos
2631 3333 2660 3372 a
2684 3317 3034 3375 Primianistis
3059 3318 3356 3390 impetratae

1767 3407 2066 3464 manifesta
2092 3416 2237 3464 sunt.
2268 3409 2627 3479 Quapropter,
2657 3409 2704 3465 si
2727 3409 3140 3479 imperatoribus
3165 3426 3351 3469 eorum

1769 3502 2198 3558 communionem
2220 3501 2607 3558 detestantibus
2626 3542 2641 3568 ,
2673 3502 2741 3558 ad
2767 3503 3162 3572 persequendos
3190 3502 3358 3561 Maxi-

1769 3594 2044 3650 mianistas
2089 3603 2230 3650 tanta
2278 3602 2404 3649 sunt
2445 3594 2599 3661 ausi,
2628 3593 2752 3666 quid
2799 3593 3037 3651 facerent
3078 3594 3126 3653 si
3153 3594 3232 3651 eis
3261 3609 3357 3666 per

1769 3699 1954 3755 regum
1975 3683 2405 3740 communionem
2435 3682 2637 3755 aliquid
2661 3682 2875 3741 efficere
2925 3684 3152 3741 liceret?
3176 3685 3234 3742 Si
3260 3700 3356 3743 au-

1770 3788 1879 3835 tem
1916 3786 1976 3834 ut
2028 3791 2223 3849 pravos
2271 3778 2631 3848 corrigerent,
2657 3776 2756 3832 ista
2797 3775 3074 3845 fecerunt;
3096 3778 3219 3849 quid
3252 3778 3355 3836 mi-

1770 3878 1958 3927 rantur
1980 3871 2024 3925 si
2050 3869 2294 3925 catholici
2333 3869 2683 3940 imperatores
2710 3869 2913 3939 majore
2956 3878 3217 3940 potestatc
3260 3886 3354 3929 ur-

1775 3960 1977 4033 gendos
2005 3960 2454 4032 corrigeiidosque
2495 3961 2790 4019 decernunt
2813 3975 2927 4028 eos,
2955 3962 3041 4033 qui
3067 3970 3236 4019 totum
3261 3977 3354 4017 or-

1772 4051 1893 4108 bem
1924 4051 2272 4107 christianum
2303 4052 2635 4122 rebaptizare
2658 4061 2940 4119 conantur,
2972 4067 3093 4110 cum
3138 4068 3352 4110 causam

1772 4141 2121 4198 dissentiendi
2161 4156 2269 4198 non
2322 4140 2590 4208 habeant;
2642 4142 3074 4214 quandoquidem
3130 4144 3302 4200 malos
3330 4186 3345 4213 ,

1770 4236 1978 4291 etiamsi
2009 4249 2131 4289 vera
2158 4234 2380 4288 crimina
2424 4235 2720 4304 objicerent
2741 4274 2758 4301 ,
2786 4250 2883 4304 pro
2907 4249 3039 4304 pace
3063 4244 3240 4291 tamen
3267 4244 3352 4291 to-

1772 4324 2022 4381 lerandos
2051 4324 2210 4379 etiam
2234 4324 2334 4393 ipsi
2360 4332 2642 4391 testantur,
2671 4323 2884 4394 quando
2909 4339 3004 4381 eos
3030 4340 3164 4395 quos
3203 4325 3355 4385 dam-

1774 4424 2033 4473 naverunt
2057 4430 2178 4470 cum
2224 4415 2335 4469 suis
2375 4414 2689 4481 honoribus,
2720 4424 2916 4471 etcum
2946 4414 3074 4470 foris
3098 4415 3224 4471 dato
3254 4416 3355 4472 Ba-

1772 4512 1969 4583 ptismo
1992 4507 2347 4578 receperunt?
2375 4504 2726 4562 Considerent
2751 4506 3035 4577 aliquando
3059 4507 3184 4576 quid
3206 4508 3351 4578 digni

1775 4606 1883 4660 sint
1928 4601 2082 4675 patia
2111 4600 2417 4656 christiaais
2458 4598 2807 4670 potestatibus
2863 4599 3008 4655 orbis
3052 4608 3309 4653 terrarum
3334 4640 3348 4665 ,

1776 4696 1959 4752 hostes
2006 4693 2312 4750 christiana:
2357 4692 2576 4749 unitatis
2622 4691 2827 4747 diffusae
2877 4699 2989 4746 toto
3027 4692 3157 4747 orbe
3183 4700 3352 4747 terra-

1774 4803 1916 4844 rum.
1944 4786 2062 4843 Jam
2092 4786 2250 4856 igitur
2286 4786 2331 4840 si
2375 4786 2635 4843 correctio
2662 4785 2804 4854 pigra
2844 4792 2959 4849 est,
2986 4784 3174 4845 saltem
3215 4786 3355 4843 adsit

1777 4879 1965 4951 pudor;
1997 4895 2064 4934 ne
2111 4879 2269 4934 iidem
2323 4878 2423 4948 ipsi
2448 4894 2568 4934 cum
2596 4893 2657 4932 ea
2710 4890 2828 4947 quas
2872 4875 3148 4945 scribunt,
3180 4880 3356 4949 legere

1777 4962 2035 5045 eruperint
2055 5015 2068 5039 ,
2098 4973 2236 5028 risus
2262 4987 2355 5028 eos
2383 4972 2589 5033 vincat,
2618 4969 2743 5027 dum
2772 4970 2825 5025 in
2854 4985 2913 5026 se
2932 4986 3038 5027 non
3065 4983 3357 5042 agnoscunt

1782 5069 1923 5140 quod
1950 5067 2115 5122 videri
2133 5065 2381 5123 voluntin
2405 5061 2546 5134 aliis,
2574 5076 2675 5118 nec
2695 5063 2749 5119 in
2767 5077 2827 5119 se
2851 5064 3189 5135 agnoscunt‘
3215 5065 3354 5137 quod

1777 5159 1895 5215 aliis
1908 5157 2182 5227 objiciunt.

1848 5246 2074 5305 CAPUT
2104 5244 2247 5304 XIX.
2276 5272 2351 5287 -—
2390 5242 2479 5298 21.
2508 5240 2647 5309 Quid
2689 5241 2847 5313 igitur
2892 5243 2993 5300 sibi
3037 5244 3151 5307 vult
3172 5284 3187 5311 ,
3215 5244 3354 5316 quod

1844 5449 1864 5482 ι
1900 5454 2002 5497 Am.
2036 5451 2114 5494 Er.
2139 5449 2353 5504 eum,
2380 5440 2442 5490 de
2832 5442 3154 5504 tovanienses
3192 5452 3255 5489 ex
3301 5438 3359 5488 li-

1778 5511 1870 5620 bro
2136 5500 2460 5567 Cresconium,
2484 5516 2534 5552 n.
2560 5501 2638 5564 45,
2661 5500 3001 5577 correxerunt,
3040 5500 3100 5551 de
3136 5512 3360 5581 persecu-

1800 5586 1893 5620 tom
2110 5605 2121 5616 .

1781 5568 2121 5624 tionibus
2978 5574 2991 5624 ρ
3080 5623 3090 5624 ί
3140 5574 3145 5581 ’

1844 5578 2176 5695 ίήῖιέδεέἕῖίίω
2199 5624 2580 5695 forte,qu
2600 5624 2831 5691 improbe.
2869 5622 3043 5679 Confer
3198 5623 3233 5674 ὃ
3251 5635 3361 5674 con-

1782 5702 1855 5746 tra
1876 5689 2199 5750 Cresconium,
2221 5702 2273 5739 n.
2291 5689 2369 5740 45.

1848 5759 1868 5790 ³
1902 5756 2128 5815 Verbum,
2152 5751 2271 5815 pati,
2306 5750 2523 5801 abestab
2545 5756 2645 5818 Am.
2672 5755 2725 5799 et
2738 5755 2847 5818 uss,

1849 5818 1870 5850 ι
1903 5819 1975 5867 sic
1996 5821 2098 5865 Ann.
2124 5821 2177 5865 et
2200 5821 2305 5865 Mss.
2337 5819 2394 5863 At
2415 5818 2486 5861 Er.
2508 5817 2561 5862 et
2580 5816 2773 5871 Lov.,et
2809 5816 2859 5860 in
2894 5816 3240 5872 seagnoseunt.
