3812 6152
430 297 539 358 255

433 416 536 474 iste
555 415 608 471 in
633 413 854 486 epistola
878 427 974 469 sua
997 411 1172 483 posuit
1198 410 1462 466 dicentem
1485 407 1770 466 Dominum
1785 404 2010 472 ludatis,

439 506 462 563 1
469 509 658 577 deoque
676 506 818 560 mitto
836 504 905 558 ad
928 520 1014 559 ttos
1035 503 1326 575 prophetas,
1350 511 1396 557 et
1423 502 1672 574 sapientes
1690 542 1705 566 ,
1729 507 1776 553 et
1801 497 2010 562 scribas;

433 610 482 656 et
503 616 568 656 ex
585 599 688 654 illis
704 597 958 662 occidetis,
985 605 1034 651 et
1049 595 1371 666 cruciﬁgetis,
1391 603 1440 650 et
1458 592 1780 667 ﬂagellabitis
1799 588 2012 665 (Matth.

432 709 597 760 χχιιι,
630 691 748 763 54)?
769 690 901 747 Nam
926 690 972 746 si
1002 704 1060 746 se
1085 691 1231 760 ipsos
1255 688 1476 759 intelligi
1503 687 1690 743 volunt
1714 684 2008 755 sapientes,

433 795 488 843 et
505 784 711 841 scribas
731 824 748 852 ,
776 791 830 838 et
853 781 1174 854 prophetas,
1207 794 1308 836 nos
1336 790 1514 836 autem
1544 787 1796 850 tanquam
1827 789 2010 847 perse-

432 887 645 934 cutores
670 875 988 948 sapientium
1017 884 1069 932 et
1105 874 1481 947 praphetarum
1503 889 1518 939 ;
1544 887 1709 944 quare
1737 870 2016 927 nobiscum

434 970 578 1042 loqui
624 969 850 1037 nolunt,
880 983 1004 1025 cum
1049 967 1118 1024 ad
1167 982 1266 1024 nos
1289 967 1439 1023 missi
1481 965 1623 1021 sint?
1652 964 1889 1036 Denique
1917 962 2017 1018 iste

431 1064 520 1136 qui
546 1063 691 1118 illam
718 1063 931 1136 scripsit
951 1061 1254 1132 epistolam,
1287 1059 1373 1116 cui
1397 1059 1558 1114 modo
1584 1056 1974 1129 respondemus
1997 1095 2014 1123 ,

432 1156 478 1211 si
513 1162 765 1228 urgeatur
793 1169 823 1210 a
847 1153 1003 1211 nobis
1024 1195 1040 1222 ,
1067 1161 1127 1209 ut
1161 1153 1211 1208 ei
1238 1167 1401 1208 manu
1430 1149 1642 1222 propria
1681 1147 2019 1204 subscribens

434 1264 585 1305 suam
615 1264 735 1306 esse
781 1247 1029 1317 fateatur,
1058 1246 1196 1303 forte
1222 1261 1329 1302 non
1376 1245 1534 1301 faciat
1563 1264 1577 1300 :
1605 1258 1776 1316 usque
1796 1241 1930 1298 adeo
1954 1240 2021 1295 tio

435 1355 608 1408 ment,
669 1357 737 1397 ne
785 1341 892 1397 ulla
940 1356 1127 1398 eorum
1168 1341 1329 1397 verba
1374 1349 1670 1396 teneamus.
1705 1337 1836 1392 Nam
1895 1351 2017 1392 cum

431 1433 672 1506 ejusdem
700 1433 941 1505 epistolae
987 1433 1338 1504 posteriorem
1386 1439 1592 1504 partem
1635 1430 1814 1500 aliquo
1857 1427 2017 1482 modo

433 1526 691 1581 vellemus
735 1525 1010 1597 accipere,
1041 1526 1163 1596 quia
1211 1533 1375 1580 totam
1417 1522 1724 1579 describere
1770 1537 1800 1575 a
1831 1521 2020 1592 quibus

435 1614 589 1670 nobis
613 1614 736 1671 data
775 1625 890 1682 est,
916 1615 1299 1686 nequiverunt;
1323 1613 1499 1669 nullus
1537 1629 1566 1666 a
1597 1628 1702 1682 quo
1724 1611 1885 1682 petita
1916 1619 2018 1678 est,

432 1721 548 1762 eam
601 1707 730 1763 dare
773 1707 978 1775 voluit,
1022 1716 1369 1778 posteaquam
1420 1713 1786 1777 cognoverunt
1832 1717 1930 1758 nos
1970 1702 2022 1758 ei

435 1801 570 1873 parti
595 1842 610 1869 ,
639 1801 705 1856 ad
735 1816 893 1873 quam
916 1803 1286 1873 pervenimus,
1318 1799 1661 1872 respondere.
1688 1798 1869 1870 Itaque
1896 1812 2019 1852 cum

435 1893 612 1966 legant
634 1892 1083 1965 quemadmodum
1113 1893 1370 1949 Dominus
1405 1892 1678 1963 propheta:
1708 1890 1883 1956 dicat,
1918 1888 2027 1943 Ea:-

434 1987 599 2042 clama
638 1988 967 2055 vehementer,
1001 2003 1103 2042 non
1140 1995 1215 2042 est
1243 1986 1379 2058 quod
1407 2001 1586 2057 parcas
1606 2026 1621 2047 ,
1653 1993 1700 2038 et
1726 1982 1883 2038 scribe
1909 1982 2026 2036 stilo

437 2096 546 2134 meo
571 2089 774 2150 peccata
799 2096 969 2135 eorum
996 2079 1148 2150 (Isai.
1177 2094 1300 2133 Lvut
1321 2120 1335 2144 ,
1369 2079 1425 2150 I)
1457 2095 1469 2131 :
1502 2077 1587 2132 isti
1613 2075 1890 2148 prophetae
1920 2075 2024 2132 viri

437 2171 528 2242 qui
550 2170 699 2225 missi
719 2179 844 2226 sunt
873 2170 940 2226 ad
970 2183 1098 2237 nos,
1123 2169 1258 2224 nihil
1284 2169 1362 2224 sic
1380 2168 1588 2235 timent,
1618 2167 1712 2222 sed
1741 2173 1934 2223 cavent
1955 2180 2024 2222 ne

437 2277 467 2316 a
496 2261 650 2317 nobis
670 2276 854 2317 eorum
883 2261 1086 2316 clamor
1122 2259 1389 2328 audiatur;
1417 2259 1559 2332 quod
1592 2259 1796 2330 utique,
1823 2258 1868 2314 si
1896 2272 2023 2314 vera

440 2353 509 2410 de
530 2353 684 2410 nobis
711 2353 986 2422 dicerent,
1018 2367 1125 2409 non
1154 2354 1423 2410 timerent.
1454 2352 1569 2408 Non
1603 2352 1892 2420 immerito,
1925 2353 2025 2409 sic-

441 2456 501 2502 ut
547 2446 602 2502 in
641 2445 854 2502 Psalmo
883 2446 1137 2518 scriptum
1162 2455 1276 2514 est,
1313 2443 1609 2516 Oppilatum
1636 2451 1708 2499 est
1729 2461 1785 2499 os
1813 2446 2024 2515 loquen-

438 2540 563 2594 tium
587 2539 760 2610 iniqua
785 2535 957 2611 (Psal.
986 2553 1116 2606 un,
1147 2537 1258 2608 i2).
1289 2536 1346 2593 Si
1372 2536 1514 2593 enim
1536 2544 1818 2608 propterea
1842 2535 2025 2606 Bapti-

437 2645 612 2686 smum
642 2639 881 2686 nostrum
913 2644 1018 2686 non
1044 2629 1380 2699 suscipiunt,
1413 2628 1536 2698 quia
1566 2641 1665 2683 nos
1694 2642 1876 2682 sumus
1900 2641 2025 2697 pro-

433 2723 618 2794 genies
643 2723 974 2794 viperarum,
1021 2722 1160 2778 sicut
1188 2721 1290 2777 iste
1317 2721 1370 2776 in
1403 2719 1631 2792 epistola
1675 2734 1770 2774 sua
1798 2719 1976 2790 posuit
2005 2734 2022 2774 :

435 2830 532 2870 cur
572 2813 1062 2871 Maximianensium
1092 2820 1473 2884 susceperunt,
1514 2810 1582 2866 de
1624 2811 1816 2882 quibus
1840 2809 2024 2865 conci-

436 2911 614 2967 cilium
641 2923 826 2964 eorum
854 2909 932 2964 sic
949 2908 1203 2980 loquitur,
1242 2907 1389 2975 Quod
1407 2906 1591 2978 viperei
1618 2906 1821 2960 seminis
1843 2905 2025 2960 noxios

437 3010 614 3074 partus
637 3002 866 3056 venenati
883 3003 1016 3056 uteri
1039 3001 1180 3055 alvus
1204 3000 1291 3054 ditt
1311 3000 1520 3066 texerit,
1548 3008 1595 3054 et
1618 2999 1846 3068 concepti
1868 2999 2026 3052 scele-

435 3095 508 3148 ris
532 3093 634 3147 uda
662 3092 878 3164 coagula
904 3093 960 3147 in
986 3093 1222 3163 aspidum
1248 3092 1470 3146 membra
1497 3089 1642 3144 tardo
1666 3106 1721 3144 se
1747 3089 1916 3144 calore
1935 3104 2026 3143 tta-

437 3196 701 3256 porat-unt.
751 3185 938 3243 Nonne
988 3185 1055 3241 de
1081 3185 1210 3257 ipsis
1252 3185 1414 3241 etiam
1458 3185 1510 3240 in
1564 3185 1752 3240 eodem
1801 3183 2025 3238 concilio

439 3289 828 3351 consequenter
850 3279 1052 3335 dictum
1078 3287 1164 3335 est
1181 3320 1194 3344 ,
1224 3276 1365 3350 quod
1402 3277 1653 3333 Venenum
1678 3275 1913 3348 aspidum
1933 3275 2024 3330 sub

439 3371 586 3427 labiis
614 3387 814 3440 eorum,
855 3387 1068 3436 quorum
1112 3387 1168 3426 os
1213 3369 1563 3425 maledictione
1599 3378 1645 3423 et
1691 3367 2027 3446 amaritudine

441 3467 646 3538 plenum
666 3474 772 3531 est,
801 3465 992 3519 veloces
1017 3464 1166 3537 pedes
1201 3480 1374 3517 eorum
1421 3462 1489 3516 ad
1516 3460 1879 3530 effundendum
1903 3476 2028 3514 san-

440 3559 662 3630 guinem,
693 3557 925 3612 contritio
967 3565 1014 3612 et
1054 3556 1322 3626 infelicitas
1365 3555 1419 3609 in
1476 3554 1567 3608 viis
1598 3570 1793 3618 eorum,
1824 3562 1871 3607 et
1900 3553 2030 3607 viam

438 3651 579 3721 pacis
596 3666 695 3704 non
713 3657 1046 3720 cognoverant
1067 3646 1232 3719 (Psal.
1252 3662 1371 3714 xm,
1402 3644 1485 3717 5)?
1514 3645 1582 3700 Et
1607 3653 1779 3701 tamen
1807 3652 1862 3699 et
1885 3644 2030 3715 ipsos

440 3743 495 3798 in
526 3741 970 3811 honoreintegro,
998 3747 1053 3795 et
1071 3737 1137 3794 ab
1153 3738 1233 3793 eis
1262 3737 1392 3792 foris
1416 3737 1709 3807 baptizatos
1735 3736 1873 3791 intus
1891 3750 2031 3791 nunc

442 3833 659 3891 habent.

510 3924 736 3981 CAPUT
773 3922 894 3979 XX.
941 3953 1011 3963 --
1044 3922 1136 3977 22.
1176 3921 1512 3992 Quapropter
1573 3921 1688 3976 haec
1727 3921 1904 3976 omnia
1963 3921 2032 3978 de

444 4017 698 4088 progenie
724 4015 1047 4086 viperarum,
1076 4023 1129 4069 et
1155 4013 1222 4069 de
1252 4027 1468 4068 veneno
1492 4011 1734 4083 aspidum
1753 4012 1852 4068 sub
1877 4012 2031 4068 labiis

442 4123 648 4173 eorum,
679 4117 733 4163 et
756 4107 861 4162 alia
889 4122 1007 4178 quae
1035 4106 1174 4161 dicta
1206 4113 1331 4160 sunt
1365 4105 1418 4159 in
1444 4119 1558 4172 eos,
1590 4103 1678 4174 qui
1707 4104 1847 4159 viam
1884 4106 2030 4175 pacis

444 4218 550 4258 non
569 4209 950 4271 cognoverunt,
976 4199 1020 4255 si
1041 4214 1168 4254 vere
1194 4199 1280 4254 isti
1304 4196 1708 4264 vellentdicere,
1733 4197 1831 4268 ipsi
1854 4199 2031 4268 potius

444 4305 562 4350 sunt
589 4312 602 4361 ;
635 4292 852 4365 quando
881 4307 1068 4348 eorum
1100 4291 1451 4362 Baptismum,
1477 4289 1530 4344 in
1560 4303 1666 4359 quo
1694 4303 1788 4358 per
1821 4288 2030 4344 concilii

443 4386 758 4442 sententiam
787 4385 886 4440 ista
914 4383 1181 4450 dixerunt,
1210 4389 1428 4452 propter
1455 4394 1640 4450 pacem
1673 4379 1859 4434 Donati
1881 4393 2030 4435 rece-

444 4490 656 4551 perunt,
689 4489 742 4535 ct
773 4479 1100 4548 Baptismum
1129 4475 1384 4531 Ecclesiae
1400 4473 1599 4530 Christi
1629 4482 1741 4529 toto
1766 4473 1899 4528 orbe
1921 4472 2028 4527 dif-

445 4575 594 4640 fusae,
627 4571 768 4628 uttde
797 4571 847 4625 in
872 4569 1102 4624 Africam
1132 4568 1244 4639 ipsa
1271 4582 1370 4638 pax
1403 4567 1563 4633 venit,
1611 4565 1678 4621 ad
1713 4565 2028 4636 sacrilegam

446 4667 688 4738 injuriam
712 4665 857 4736 pacis
882 4663 1078 4719 Christi
1102 4661 1400 4731 repudiarit.
1425 4662 1525 4729 Qui
1550 4675 1679 4732 ergo
1709 4669 1832 4716 sunt
1856 4661 2030 4731 potius

445 4758 924 4830 pseudopmpliette
943 4797 959 4823 ,
987 4754 1077 4826 qui
1105 4753 1324 4808 veniunt
1357 4753 1412 4808 in
1437 4752 1633 4808 vestitu
1659 4752 1861 4817 ovium,
1889 4751 2031 4807 intus

444 4859 621 4906 autem
650 4858 773 4904 sunt
804 4849 915 4919 lupi
965 4861 1183 4918 rapaces
1215 4862 1229 4899 :
1257 4853 1437 4901 utrum
1479 4845 1536 4913 ii,
1562 4844 1652 4916 qui
1680 4845 1764 4899 vel
1790 4844 2033 4900 nesciunt

445 4945 499 5000 in
523 4943 796 5000 Catholica
833 4942 1018 5008 malos,
1044 4952 1099 4998 et
1136 4945 1214 4997 eis
1255 4943 1570 4997 innocenter
1611 4941 2027 5009 communicant,

444 5037 530 5093 vel
561 5052 657 5093 eos
681 5051 818 5108 quos
843 5035 912 5091 de
955 5050 1077 5091 area
1104 5035 1369 5090 dominica
1398 5035 1710 5106 priusquam
1746 5035 2034 5090 ventilator

445 5131 713 5198 adveniat,
755 5143 1038 5201 segregare
1066 5143 1172 5184 non
1202 5136 1446 5199 possunt,
1485 5141 1581 5197 pro
1627 5141 1758 5197 pace
1803 5126 2034 5182 tolerant

445 5224 682 5291 unitatis,
705 5240 771 5280 an
800 5223 835 5278 ii
862 5223 950 5294 qui
985 5237 1048 5277 ea
1083 5236 1202 5293 quae
1230 5221 1283 5276 in
1307 5219 1580 5276 Catholica
1608 5217 2026 5288 reprehendunt,

447 5321 498 5376 in
527 5317 815 5376 schismate
838 5316 1059 5384 faciunt,
1090 5325 1145 5372 et
1173 5331 1290 5388 quae
1320 5315 1372 5370 in
1403 5317 1609 5370 unitate
1639 5312 1915 5369 toleranda
1943 5329 2034 5369 ea—

444 5427 550 5484 que
573 5413 590 5443 ¹
621 5411 825 5468 incerta
856 5409 1040 5481 fugere
1080 5424 1138 5464 se
1172 5408 1377 5478 ﬁngunt
1405 5449 1420 5475 ,
1470 5407 1524 5462 in
1579 5419 1676 5461 sua
1721 5405 2035 5478 praecisione

444 5503 724 5564 manifesta
745 5512 802 5562 ct
825 5518 856 5558 a
885 5517 946 5558 se
971 5501 1103 5573 ipsis
1129 5501 1378 5556 damnata
1406 5497 1713 5570 recipiunt?

513 5597 744 5662 CAPUT
780 5595 924 5653 XXI.
962 5623 1036 5637 -——
1070 5592 1162 5650 25.
1202 5593 1443 5664 Denique
1482 5593 1553 5648 ita
1592 5591 1802 5648 dictum
1851 5598 1951 5659 est,
1981 5600 2036 5648 et

509 5763 526 5813 ἓ
563 5761 699 5874 ῗίᾶὶιί,
716 5767 760 5820 et
783 5760 864 5824 qui
885 5756 1126 5813 inanitate
1151 5755 1399 5809 toleranda
1421 5767 1478 5804 ea
1496 5768 1604 5819 qum
1621 5762 1714 5805 etc.
1738 5755 2037 5817 castigantur

509 5840 513 5874 :
543 5834 564 5873 ι
583 5835 649 5874 ss.

453 5840 513 5877 εἰ
543 5834 649 5874 MSS.

1277 294 1548 352 CONTRA
1587 288 1926 350 LITTERAS
1963 283 2330 362 PETILIANI,
2369 291 2426 349 S.
2469 293 2838 354 AUGUSTINI

2119 403 2220 462 hoc
2262 407 2422 463 etiam
2457 410 2570 480 ipse
2603 397 3044 470 commemoravit
3074 431 3088 470 :
3118 414 3202 473 Ea:
3229 420 3479 490 fructibus
3519 437 3713 478 eorum

2117 503 2428 572 cognoscetis
2477 519 2560 559 eos
2600 504 2818 576 (Matth.
2847 507 2942 572 vit,
2996 509 3084 577 I5,
3135 503 3264 584 {6):
3296 513 3438 585 Ergo
3490 514 3716 571 fructus

2120 591 2539 650 consideremus.
2593 595 2835 668 Objicitis
2890 599 3230 659 traditionem
3278 619 3294 659 :
3342 605 3480 662 hanc
3526 606 3715 679 ipsam

2119 685 2287 742 multo
2308 688 2630 757 probabilius
2658 691 2736 747 eis
2772 692 2901 762 ipsis
2935 693 3234 764 objicimus.
3262 697 3332 753 Et
3360 714 3430 755 ne
3447 715 3542 770 per
3563 702 3719 756 mul-

2120 789 2171 835 ta
2203 797 2496 849 curramus,
2530 785 2582 840 in
2609 785 2797 843 eadem
2819 785 3269 846 Constantiniensi
3293 791 3507 849 civitate
3528 793 3714 850 Silva-
3782 793 3783 850 ι

2119 889 2245 929 ιιυιιι
2285 877 2592 946 episcopum
2623 878 2854 949 maiores
2884 880 3048 936 vestri
3091 881 3147 938 in
3195 884 3312 954 ipso
3349 883 3576 940 exordio
3625 885 3717 940 sui
3782 875 3783 880 “

2119 966 2421 1024 schismatis
2444 967 2847 1027 ordinaverunt.
2881 972 2985 1028 Iste
3006 987 3127 1028 cum
3170 973 3346 1029 adhuc
3385 985 3530 1031 esset
3571 976 3714 1030 sub-

2119 1058 2374 1116 diaconus
2403 1101 2418 1126 ,
2471 1061 2938 1120 manifestissimus
3001 1063 3226 1121 traditor
3287 1066 3714 1138 municipalibus

2121 1151 2296 1211 Gestis
2317 1169 2601 1224 expressus
2627 1164 2729 1212 est.
2764 1156 2822 1213 Si
2845 1166 2900 1214 et
2933 1172 3030 1214 vos
3055 1158 3313 1215 adversus
3337 1159 3570 1229 majores
3611 1176 3716 1215 no-

2121 1253 2261 1302 stros
2285 1245 2458 1317 aliqua
2497 1246 2814 1304 documenta
2853 1248 3302 1321 profertiszaaqua
3329 1250 3565 1306 conditio
3607 1267 3714 1322 po-

2120 1337 2364 1406 stulatur,
2395 1347 2454 1393 ut
2478 1346 2570 1394 aut
2606 1347 2828 1410 utraque
2863 1354 3006 1408 vera,
3046 1350 3136 1396 aut
3163 1351 3385 1412 utraque
3417 1342 3550 1397 falsa
3584 1356 3715 1398 esse
3782 1405 3783 1410 η

2120 1430 2419 1487 credamus.
2450 1430 2507 1488 Si
2539 1441 2759 1505 utraque
2785 1449 2907 1490 vera
2935 1443 3085 1502 sunt,
3114 1450 3210 1492 vos
3233 1437 3364 1492 estis
3387 1437 3506 1492 sine
3539 1438 3711 1493 dubio

2121 1521 2423 1579 schismatis
2451 1525 2550 1592 rei,
2573 1525 2661 1594 qui
2687 1526 2907 1581 crimina
2950 1541 3050 1582 vos
3076 1527 3255 1598 fugere
3279 1529 3333 1584 in
3360 1529 3519 1584 totius
3554 1529 3711 1585 orbis

2121 1615 2496 1672 communione
2523 1617 2768 1686 linxistis,
2800 1633 2918 1690 quae
2959 1619 3012 1674 in
3053 1619 3167 1691 ipsa
3215 1621 3470 1692 particula
3512 1632 3713 1678 vestra:

2123 1706 2442 1762 concisionis
2467 1707 2759 1764 habebatis.
2805 1708 2900 1766 Sin
2927 1719 3104 1766 autem
3133 1718 3355 1781 utraque
3400 1710 3530 1766 falsa
3561 1721 3711 1779 sunt,

2123 1813 2218 1853 vos
2247 1799 2376 1855 estis
2393 1800 2506 1856 sine
2528 1799 2690 1856 dubio
2727 1801 3027 1858 schismatis
3052 1803 3151 1868 rei,
3181 1803 3272 1873 qui
3314 1811 3531 1873 propter
3574 1801 3713 1857 falsa

2124 1890 2346 1945 crimina
2371 1890 2685 1947 traditorum
2710 1894 2925 1948 immani
2946 1893 3297 1964 separationis
3330 1895 3562 1950 crimine
3602 1909 3719 1949 ma-

2125 1979 2396 2036 culamini.
2419 1980 2573 2048 Quod
2599 1983 2644 2037 si
2668 1997 2698 2037 a
2720 1983 2872 2040 nobis
2894 1985 3092 2055 aliqua,
3114 1994 3170 2040 et
3191 2000 3223 2040 a
3246 1985 3398 2040 vobis
3424 1985 3600 2051 nulla,
3629 1986 3713 2040 vel
3782 1993 3783 2000 ‘

2125 2087 2155 2127 a
2185 2072 2340 2129 nobis
2386 2089 2529 2142 vera,
2580 2085 2636 2132 et
2678 2091 2706 2130 a
2746 2078 2896 2134 vobis
2932 2079 3060 2134 falsa
3094 2077 3451 2148 proferuntur,
3495 2093 3608 2133 non
3634 2086 3716 2132 est

2126 2166 2512 2224 discutiendum
2558 2171 2574 2200 ⁸
2613 2184 2772 2239 quam
2825 2170 3035 2241 penitus
3089 2180 3266 2232 vestra
3314 2185 3412 2226 ora
3451 2171 3714 2231 claudan-
3782 2207 3783 2210 η

2125 2265 2228 2314 tur.

2195 2351 2420 2410 CAPUT
2459 2354 2622 2410 XXII.
2663 2385 2734 2396 —
2769 2356 2858 2412 24.
2898 2357 3056 2426 Quid,
3089 2358 3134 2413 si
3162 2373 3258 2414 vos
3281 2367 3464 2414 sancta
3505 2368 3563 2416 et
3591 2375 3714 2417 vera

3605 302 3719 362 εδδ

2125 2446 2318 2502 Christi
2341 2447 2578 2505 Ecclesia
2609 2450 2949 2506 convinceret
2972 2460 3129 2522 atque
3155 2460 3472 2523 superaret,
3501 2455 3716 2510 etiamsi
3782 2515 3783 2520 η

2125 2554 2224 2595 nos
2241 2539 2382 2595 nulla
2401 2541 2485 2595 vel
2506 2540 2657 2608 falsa,
2681 2556 2778 2598 vos
2802 2551 2978 2598 autem
2995 2543 3166 2614 aliqua
3187 2552 3241 2600 et
3263 2559 3387 2600 vera
3413 2546 3715 2601 traditionis

2125 2633 2442 2689 documenta
2484 2637 2758 2704 teneretis,
2790 2635 2916 2706 quid
2946 2637 3056 2705 jam
3080 2637 3231 2694 vobis
3266 2646 3452 2706 restet,
3501 2640 3610 2694 nisi
3636 2648 3712 2707 ut,

2125 2725 2171 2779 si
2199 2725 2377 2790 vultis,
2407 2741 2593 2796 pacem
2617 2726 2880 2797 diligatis;
2909 2728 2953 2782 si
2978 2736 3154 2782 autem
3180 2743 3286 2783 non
3305 2728 3486 2797 vultis,
3521 2730 3714 2786 saltem

2126 2819 2792 2876 obtttmescatis'?Etenim
2813 2836 3159 2892 quaecumque
3184 2821 3345 2877 modo
3373 2820 3714 2894 proferrctis,

2127 2909 2375 2967 facillime
2395 2920 2451 2966 et
2474 2912 2750 2968 verissime
2777 2911 3034 2980 dicerem,
3078 2921 3202 2970 tunc
3239 2913 3495 2970 Ecclesia:
3534 2916 3715 2984 plena-

2127 3001 2221 3056 ria:
2249 3010 2302 3058 et
2329 3003 2603 3058 catholica:
2630 3003 2834 3070 unitati,
2876 3003 2985 3073 jam
3039 3020 3135 3075 per
3167 3013 3248 3059 tot
3287 3013 3473 3076 gentes
3508 3006 3716 3062 diffusae

2127 3102 2285 3164 atque
2316 3093 2558 3161 firmatae,
2587 3109 2684 3150 vos
2708 3109 2768 3150 ea
2807 3095 3035 3164 probare
3060 3096 3307 3152 debuisse
3337 3097 3378 3163 ³,
3410 3106 3470 3153 ut
3502 3113 3606 3154 vos
3636 3099 3714 3152 in-
3782 3097 3783 3164 ξ

2130 3195 2219 3241 tus
2243 3186 2454 3252 essetis,
2478 3186 2555 3241 illi
2581 3195 2757 3242 autem
2787 3201 2923 3257 quos
2948 3188 3353 3251 convinceretis,
3386 3189 3715 3258 pellerentur

2129 3277 2294 3332 foras.
2322 3275 2474 3343 Quod
2503 3276 2548 3332 si
2575 3278 2753 3332 conati
2782 3278 2912 3332 estis
2937 3277 3130 3343 facere,
3163 3279 3345 3348 procul
3384 3279 3551 3335 dubio
3591 3295 3711 3350 pro-
3782 3297 3783 3368 )

2130 3368 2258 3424 bare
2285 3384 2389 3424 non
2420 3369 2686 3440 potuistis,
2715 3377 2770 3424 et
2799 3369 2919 3424 victi
2949 3370 3031 3425 vel
3054 3370 3174 3424 irati
3201 3384 3292 3424 vos
3313 3369 3380 3425 ab
3406 3371 3710 3426 innocenti-
3782 3371 3783 3390 ‘

2130 3461 2230 3517 bus
2253 3460 2342 3532 qui
2369 3460 2621 3516 damnare
2645 3461 2845 3516 incerta
2877 3477 2984 3516 non
3011 3471 3260 3531 possent,
3290 3462 3509 3517 immani
3548 3463 3709 3518 sacri-

2131 3553 2270 3624 legio
2320 3553 2624 3623 separastis.
2647 3552 2702 3609 Si
2730 3562 2907 3609 autem
2937 3569 3037 3609 nec
3062 3554 3236 3608 conati
3278 3555 3408 3608 estis
3449 3554 3501 3609 id
3533 3569 3706 3625 agerc,

2131 3647 2292 3703 nimis
2319 3647 2631 3703 exsecrabili
2657 3655 2712 3702 et
2739 3646 2900 3718 impia
2937 3648 3176 3702 caecitate
3226 3662 3320 3702 vos
3358 3661 3389 3701 a
3436 3647 3709 3702 frumentis

2129 3737 2345 3805 Christi,
2369 3755 2488 3812 qua;
2511 3754 2606 3810 per
2635 3748 2802 3794 totum
2829 3753 3034 3810 agrum,
3058 3738 3110 3794 id
3131 3748 3233 3807 est,
3261 3747 3428 3794 totum
3457 3739 3708 3796 mundum

2130 3851 2298 3907 usque
2326 3835 2393 3891 ad
2440 3833 2600 3890 finem
2639 3841 2908 3899 crescunt,
2954 3833 3135 3902 paucis
3173 3833 3226 3887 in
3269 3831 3448 3888 Africa
3496 3833 3707 3888 zizaniis
3782 3887 3783 3894 η

2131 3927 2322 3983 oll'ensi
2351 3925 2663 3997 praecidistis
2691 3923 2790 3998 (a).

2215 4021 2443 4079 CAPUT
2492 4019 2682 4075 XXIII.
2722 4049 2795 4059 —
2830 4018 2919 4075 ‘25.
2969 4017 3286 4082 Postremo,
3333 4025 3705 4074 testamentum

2130 4132 2158 4172 a
2187 4115 2502 4188 quibusdam
2530 4114 2911 4184 persecutionis
2936 4120 3173 4182 tempore
3205 4111 3433 4166 ﬂammis
3461 4111 3703 4167 traditum

2131 4209 2439 4280 perhibetur
2468 4226 2487 4265 :
2512 4222 2652 4263 nunc
2675 4207 3043 4276 undecumque
3062 4205 3321 4276 prolatum
3339 4216 3421 4261 est
3437 4206 3701 4262 recitetur.

2130 4303 2289 4358 Certe
2317 4301 2368 4355 in
2395 4298 2615 4355 exordio
2641 4297 3049 4370 promissionum
3074 4297 3340 4352 testatoris
3367 4296 3417 4350 id
3447 4297 3703 4352 invenitur

2133 4393 2360 4448 Abrahte
2397 4392 2617 4457 didtum,
2676 4388 2743 4443 In
2787 4390 2972 4443 semine
3019 4399 3104 4442 tuo
3148 4387 3497 4442 benedicentur
3545 4402 3702 4442 omnes

2131 4495 2298 4558 gentes
2321 4483 2471 4560 (Gen.
2501 4499 2636 4549 χχιι,
2661 4482 2749 4552 18)
2782 4501 2795 4535 :
2824 4490 2877 4536 et
2902 4482 3003 4535 hoc
3024 4479 3151 4549 quid
3166 4481 3254 4546 sit,
3274 4480 3701 4547 veraxinterpre-

2133 4587 2272 4635 tatur
2301 4576 2605 4648 Apostolus,
2635 4575 2702 4628 In
2725 4574 2928 4640 semine,
2954 4573 3144 4642 inquit,
3176 4581 3284 4640 tuo,
3311 4572 3447 4642 quod
3467 4580 3540 4626 est
3567 4570 3703 4625 Chri-

2132 4680 2237 4724 stus
2267 4667 2458 4739 (Galat.
2481 4682 2561 4732 ιιι,
2591 4663 2704 4734 16).
2735 4662 2940 4717 Nullius
2961 4662 3172 4716 traditio
3190 4660 3344 4716 ﬁdem
3366 4661 3458 4715 Dei
3481 4675 3701 4717 evacua-

2133 4765 2224 4818 vit.
2272 4760 2669 4817 Commutticate
2723 4756 2970 4812 omnibus
3020 4755 3302 4825 gentibus:
3332 4763 3387 4810 et
3439 4762 3568 4810 tunc
3617 4767 3702 4806 vos

2135 4864 2505 4913 testamentum
2527 4867 2556 4906 a
2579 4852 2815 4923 pernicie
2834 4849 3165 4905 flammarum
3201 4863 3551 4904 conservasse
3591 4847 3699 4918 glo-

2133 4949 2364 5004 riamini.
2392 4947 2448 5003 Si
2473 4955 2649 5000 autem
2677 4959 2783 4998 non
2801 4943 2982 5008 vultis,
3005 4957 3123 5012 quae
3147 4957 3270 5011 pars
3285 4941 3459 5011 potius
3482 4937 3699 4995 creden-

2132 5041 2199 5098 da
2225 5051 2325 5105 est,
2353 5039 2493 5110 quod
2520 5044 2838 5094 testamento
2868 5034 3118 5090 institerit
3146 5031 3437 5097 exurendo,
3463 5031 3566 5085 nisi
3592 5043 3699 5098 qua:

2134 5153 2240 5194 non
2267 5137 2379 5191 vult
2403 5133 2704 5190 consentire
2724 5130 2970 5202 prolato?
3001 5129 3209 5197 Quanto
3229 5127 3371 5182 enim
3382 5125 3580 5180 certius
3597 5122 3701 5176 sine
3782 5143 3783 5212 ;

2135 5230 2304 5300 aliqua
2333 5226 2631 5282 temeritate
2672 5223 2950 5292 sacrilega,
2983 5221 3072 5276 ille
3118 5217 3460 5274 traditoribus
3499 5228 3698 5272 success

2136 5319 2587 5392 sissejudicatur,
2617 5317 2708 5389 qui
2749 5331 2887 5371 nunc
2933 5315 3110 5386 lingua
3161 5313 3498 5384 persequitur
3549 5317 3699 5367 testa-

2200 5439 2218 5469 ί
2251 5443 2363 5494 Lov,
2395 5447 2489 5485 non
2509 5438 2578 5485 est
2609 5429 2963 5498 discutiendum
2983 5429 3098 5493 quin
3119 5427 3321 5493 penitus.
3339 5433 3402 5498 .At
3424 5425 3538 5498 editi
3563 5422 3700 5498 aliiet

2137 5485 2302 5553 nostri
2320 5485 2448 5559 iss,
2473 5509 2568 5559 non
2590 5501 2659 5545 est
2681 5485 3034 5544 discutiendum
3073 5485 3219 5556 quam
3481 5494 3533 5536 Et
3553 5487 3618 5536 sic
3639 5485 3698 5530 ιιι-
3782 5495 3783 5520 ι

2135 5563 2226 5622 ira,
2251 5561 2337 5612 lib.
2360 5561 2410 5620 5,
2433 5558 2485 5609 n.
2508 5558 2589 5610 70.

2201 5615 2224 5658 ί
2253 5625 2326 5675 sic
2348 5615 2481 5672 editi.
2516 5627 2675 5678 Forte,
2691 5615 3042 5688 obmutescatis.
3065 5623 3124 5688 ιι.

2203 5677 3167 5792 ἲηῒᾟξαῗξηῗξέῗῗύτέῗᾘῆἕῗῧῗέῗ·

2202 5749 2280 5813 (ο)
2305 5743 2744 5813 “decimam.

2143 5802 2446 5864 Cresconium
2471 5802 2626 5868 una,
2646 5819 2690 5855 ιι.
2713 5806 2791 5865 3:5,
2819 5802 2864 5854 ὧι
2894 5805 2975 5854 ιιι).
3005 5805 3051 5866 4,
3072 5819 3120 5855 ιι.
3144 5802 3218 5851 es.

2767 5755 2872 5814 cap.
2894 5743 2972 5814 It},
2991 5743 3076 5814 lib.
3098 5741 3252 5814 ὅλιιὶιι.
3273 5739 3351 5799 (l9,
3375 5738 3454 5797 70,
3477 5742 3527 5787 et
3556 5736 3698 5784 conm
