3812 6162
55 304 166 360 257

56 423 348 480 mentum,
389 408 536 482 quod
585 406 662 464 illi
703 404 915 462 ﬂamma
965 395 1231 472 persecuti
1282 387 1664 465 perhibentur?

57 506 320 579 Objicitis
348 500 777 576 persecutionem
809 515 822 551 :
858 490 1185 566 respondent
1212 486 1364 544 vobis
1401 484 1666 579 frumenta

55 575 368 667 dominica,
397 598 506 652 Aut
523 595 664 666 juste
685 591 884 648 factum
905 596 1010 656 est,
1031 595 1126 642 aut
1150 583 1300 656 palea
1322 588 1504 636 nostra
1522 575 1665 632 fecit.

55 690 213 758 Quid
242 689 313 745 ad
339 689 455 744 haec
479 684 695 743 dicitis?
734 681 976 753 Objicitis
1019 675 1161 749 quod
1201 673 1531 745 Baptismum
1561 682 1668 724 non

57 784 373 840 habeamus
410 777 781 850 :respondent
805 775 957 831 vobis
985 771 1172 828 eadem
1189 767 1454 824 frumenta
1493 762 1668 818 domi-

57 877 218 944 nica,
245 875 474 932 formam
494 869 824 929 Sacramenti
843 867 1003 924 etiam
1021 865 1163 921 intus
1189 858 1510 935 quibusdam
1536 853 1671 911 nihil

61 969 362 1041 prodesse,
394 968 534 1022 sicut
559 964 764 1022 Simoni
792 961 944 1032 Mago
966 958 1234 1030 baptizato
1252 969 1357 1010 non
1383 949 1666 1023 proderat;

64 1061 251 1117 multo
278 1058 450 1131 magis
482 1056 614 1113 nihil
639 1053 895 1126 prodesse
933 1051 1000 1106 iis
1030 1049 1119 1120 qui
1149 1047 1278 1102 foris
1306 1051 1433 1100 sunt
1460 1060 1473 1095 :
1497 1041 1675 1096 inesse

63 1157 182 1212 illis
209 1165 396 1212 tamen
420 1150 816 1210 discedentibus
845 1148 970 1202 hinc
999 1144 1268 1216 probatur,
1288 1137 1430 1212 quod
1455 1134 1677 1192 redeun-

65 1251 222 1306 tibus
247 1264 360 1306 non
379 1247 696 1305 restituitur.
724 1243 1007 1314 Nunquam
1041 1239 1056 1270 ⁸
1087 1237 1245 1308 igitur
1271 1233 1375 1289 nisi
1406 1227 1678 1300 impuden-

66 1345 294 1401 tissime
343 1342 546 1415 poteris
586 1341 842 1396 adversus
878 1335 979 1392 ista
1032 1333 1296 1388 frumenta
1341 1327 1593 1390 clamare,
1621 1327 1680 1377 et

71 1438 271 1493 dicere
301 1431 794 1506 pseudoprOphetas
822 1428 1044 1485 vestitos
1069 1423 1296 1495 pellibus
1316 1419 1517 1483 ovium,
1538 1416 1679 1470 intus

72 1539 264 1586 autem
294 1530 450 1600 lupos
478 1540 698 1598 rapaces
729 1541 742 1578 :
773 1517 1202 1595 quandoquidem
1223 1513 1391 1569 malos
1408 1512 1462 1566 in
1477 1508 1682 1564 unitate

76 1621 353 1679 catholica
381 1620 465 1676 vel
490 1634 598 1675 non
643 1623 932 1680 noverunt,
963 1611 1049 1668 vel
1077 1624 1173 1681 pro
1211 1605 1414 1662 unitate
1453 1600 1682 1657 tolerant

75 1729 222 1786 quos
243 1722 530 1769 noverunt.

150 1806 392 1863 CAPUT
429 1803 622 1862 XXIV.
662 1831 732 1844 -—
768 1801 861 1856 26.
904 1799 1125 1854 Vestras
1168 1801 1346 1849 autem
1388 1789 1590 1845 fructus
1638 1782 1684 1841 si

81 1898 536 1965 consideremus;
588 1896 778 1953 omitto
830 1889 1134 1965 tyrannicas
1184 1887 1236 1942 in
1289 1881 1588 1940 civitatibus
1632 1888 1688 1934 et

78 1991 326 2047 maxime
367 1989 422 2046 in
448 1988 630 2045 fundis
658 1985 848 2044 alienis
889 1979 1302 2044 dominationes,
1323 1974 1513 2032 omitto
1537 1971 1686 2027 furo-

80 2100 204 2141 rem
233 2083 742 2141 Circumcellionum
761 2081 804 2149 ’,
828 2087 881 2134 et
903 2076 1350 2149 prmcipitatorum
1373 2069 1514 2124 ultro
1528 2064 1688 2122 cada-

83 2193 286 2235 verum
328 2178 505 2232 cultus
545 2174 832 2244 sacrilegos
882 2183 936 2228 et
988 2168 1260 2241 profanos,
1312 2161 1690 2220 bacchationes

82 2272 437 2340 ebrietatum,
467 2279 522 2328 et
547 2269 648 2326 sub
673 2283 779 2324 uno
793 2267 986 2338 Optato
1003 2262 1322 2321 Gildoniano
1342 2254 1691 2314 decennalem

86 2366 262 2423 totius
280 2363 480 2421 Africae
499 2362 754 2436 gemitum
788 2378 802 2414 :
833 2359 1023 2414 omitto
1050 2357 1172 2421 ista,
1204 2353 1328 2424 quia
1357 2357 1483 2406 sunt
1510 2348 1564 2402 in
1591 2361 1690 2402 vo-

90 2460 176 2517 bis
203 2457 426 2532 quidam
451 2457 541 2529 qui
567 2457 683 2513 haec
706 2454 805 2511 sibi
837 2451 1140 2522 displicere,
1169 2462 1233 2503 ac
1258 2459 1471 2516 semper
1500 2439 1690 2511 displi-

89 2553 277 2608 cuisse
295 2550 654 2622 proclament;
681 2545 776 2603 sed
806 2559 868 2602 ea
894 2559 954 2600 se
974 2543 1177 2607 dicunt,
1195 2540 1316 2611 quia
1339 2534 1694 2606 comprimere

90 2658 201 2698 non
233 2649 481 2713 possunt,
513 2655 612 2711 pro
647 2653 780 2710 pace
820 2636 1085 2691 tolerare:
1119 2631 1207 2688 ubi
1260 2645 1319 2686 se
1353 2628 1555 2700 judicio
1599 2639 1694 2681 suo

95 2734 501 2800 condemnant;
531 2733 653 2804 quia
681 2731 726 2786 si
755 2736 1002 2784 amarent
1029 2741 1236 2796 pacem,
1270 2738 1381 2778 non
1424 2717 1695 2776 discinde-

95 2835 220 2884 rent
247 2826 529 2881 unitatem.
551 2822 687 2878 Nam
715 2837 834 2893 quae
854 2828 998 2876 tanta
1018 2815 1286 2874 dementia
1305 2822 1408 2882 est,
1436 2827 1621 2884 pacein
1644 2811 1698 2866 in

97 2916 216 2986 ipsa
241 2929 376 2987 pace
402 2914 537 2970 velle
563 2913 886 2983 relinquere,
913 2916 968 2965 et
995 2923 1113 2964 eam
1139 2905 1193 2960 in
1211 2904 1546 2960 dissensione
1560 2901 1700 2958 velle

98 3007 383 3066 retinere?
418 3007 600 3078 Itaque
620 3015 838 3076 propter
876 3018 971 3060 eos
995 3003 1087 3074 qui
1110 2999 1248 3056 mala
1267 2996 1508 3070 ejusdem
1535 2994 1700 3066 partis

100 3101 322 3166 Donati,
360 3115 478 3171 qua).
495 3112 686 3155 omnes
703 3096 886 3152 vident
901 3103 956 3151 et
974 3090 1394 3164 reprehendunt,
1419 3089 1624 3160 fingunt
1643 3099 1703 3142 se

102 3207 213 3248 non
247 3190 452 3256 videre,
480 3204 650 3261 usque
665 3188 801 3244 adeo
813 3185 1039 3242 utetiam
1057 3182 1125 3238 de
1151 3183 1268 3252 ipso
1287 3179 1480 3251 Optato
1500 3178 1700 3243 dicant,

102 3282 250 3351 Quid
272 3281 441 3338 fecit?
466 3280 598 3349 Quis
627 3293 749 3334 eum
788 3273 1096 3332 accusavit?
1131 3273 1251 3342 quis
1289 3269 1553 3326 convicit?
1592 3268 1704 3340 Ego

105 3375 316 3442 nescio,
344 3389 451 3428 non
476 3371 606 3439 vidi,
638 3385 745 3427 non
773 3367 967 3424 audivi.
996 3366 1220 3436 Propter
1240 3363 1340 3418 hos
1377 3376 1504 3432 ergo
1521 3361 1612 3432 qui
1645 3375 1706 3416 se

105 3465 393 3522 manifesta
410 3464 657 3535 ignorare
685 3460 1013 3531 confingunt,
1040 3456 1212 3513 exorti
1259 3462 1383 3510 sunt
1424 3451 1703 3507 Maximia-

107 3559 285 3624 nistze,
311 3556 365 3610 in
391 3553 584 3625 quibus
613 3554 692 3610 eis
715 3551 854 3608 oculi
880 3557 1117 3622 pateant,
1157 3555 1212 3602 et
1233 3560 1326 3600 ora
1346 3543 1662 3599 claudantur
1689 3558 1717 3625 τι

108 3659 303 3722 aperte
323 3663 382 3705 se
398 3655 666 3719 separant,
692 3653 877 3717 aperte
894 3644 1062 3698 altare
1086 3647 1271 3697 contra
1291 3638 1460 3693 altare
1476 3637 1706 3708 erigunt,

111 3751 300 3815 aperte
328 3743 384 3797 in
413 3741 640 3796 concilio
670 3736 746 3810 (a)
777 3734 1022 3804 sacrilegi
1065 3741 1120 3789 et
1148 3732 1344 3802 viperae
1367 3771 1383 3797 ,
1415 3738 1470 3785 et
1497 3728 1710 3784 veloces

111 3836 179 3893 ad
218 3833 603 3892 effundendum
647 3831 981 3902 sanguinem,
1015 3835 1069 3882 et
1101 3822 1305 3880 Dathan
1339 3831 1395 3878 et
1419 3820 1619 3876 Abiron
1657 3828 1713 3876 et

115 3930 296 3987 Chore
346 3925 693 4000 comparandi
741 3922 1108 3994 appellantur,
1171 3927 1226 3974 et
1277 3915 1481 3988 asperis
1534 3915 1712 3971 verbis

117 4022 372 4079 detestati
424 4021 761 4087 damnantur,
817 4024 1000 4087 aperte
1050 4011 1382 4084 recipiuntur
1424 4023 1608 4065 rursus
1660 4008 1714 4062 in

123 4113 424 4172 honoribus
449 4114 560 4170 suis
586 4128 708 4169 cum
746 4108 1028 4181 baptizatis
1068 4106 1198 4162 suis.
1234 4105 1298 4159 ili
1344 4112 1468 4161 sunt
1513 4102 1717 4158 fructus

122 4225 333 4278 eorum,
361 4225 460 4282 pro
489 4207 681 4264 Donati
709 4219 840 4277 pace
858 4203 956 4258 ista
981 4199 1292 4256 facientium
1321 4205 1380 4251 ut
1409 4196 1547 4267 pelle
1561 4194 1718 4250 ovina

123 4317 182 4359 se
209 4312 520 4376 contegant,
553 4310 608 4357 et
632 4297 832 4356 Christi
859 4309 1045 4368 pacem
1068 4293 1121 4348 in
1162 4299 1274 4346 toto
1305 4289 1436 4345 orbe
1457 4297 1716 4344 terrarum

125 4396 490 4451 recusantium
519 4403 582 4450 ut
606 4393 746 4447 intus
763 4389 870 4444 sint
895 4386 1005 4458 lupi
1038 4398 1278 4454 rapaces.

204 4487 434 4548 CAPUT
472 4484 641 4543 XXV.
681 4511 752 4523 —-
787 4481 880 4536 27.
920 4477 1062 4534 Nihil
1087 4491 1175 4531 me
1203 4470 1612 4545 praetermisisse
1636 4483 1724 4524 ar-

133 4587 305 4642 bitror
330 4595 540 4645 eorum,
570 4591 690 4648 quae
718 4575 818 4630 iste
845 4572 898 4626 in
919 4568 1144 4642 epistola
1169 4581 1264 4622 sua
1295 4564 1494 4636 posuit,
1521 4563 1722 4618 dunta-

133 4688 365 4750 xatquae
395 4675 448 4729 in
496 4687 560 4728 ea
608 4677 780 4741 parte,
827 4665 894 4720 ad
945 4677 1104 4735 quam
1163 4657 1529 4731 pervenimus,
1578 4654 1724 4726 potui

136 4744 375 4841 reperire
404 4784 418 4820 :
445 4761 676 4837 prodant
713 4758 872 4814 etiam
901 4754 1165 4824 reliquam
1206 4757 1409 4822 partem
1434 4788 1450 4815 ,
1483 4762 1550 4803 ne
1588 4744 1726 4801 forte

136 4863 207 4922 ibi
235 4866 310 4920 sit
329 4857 529 4932 aliquid
540 4854 682 4928 quod
703 4851 871 4910 refelli
890 4864 1001 4906 non
1021 4846 1209 4919 possit.
1233 4843 1361 4900 Haec
1380 4849 1580 4907 autem,
1606 4854 1727 4911 quae

138 4956 368 5015 Domino
393 4951 678 5022 adjuvante
693 4942 1086 5015 respondimus,
1115 4933 1726 5022 admoneo‘Charitatem

139 5012 400 5115 vestram,
428 5012 490 5100 ut
530 5057 638 5098 non
681 5012 855 5097 solum
884 5032 1188 5109 petentibus
1223 5012 1389 5115 detis:
1431 5027 1526 5084 sed
1568 5027 1728 5082 etiam

141 5159 250 5201 non
272 5099 579 5214 petentibus
600 5099 1276 5204 ingeratis.-Respondeant
1299 5099 1342 5178 si
1360 5121 1487 5194 quid
1513 5122 1726 5177 volunt:

144 5234 266 5292 etsi
294 5231 451 5288 nobis
487 5227 695 5292 nolunt,
742 5224 933 5281 saltem
971 5219 1039 5276 ad
1068 5233 1195 5275 suos
1249 5217 1453 5272 litteras
1495 5214 1726 5281 mittant,

145 5341 264 5399 quas
305 5335 484 5381 tamen
510 5320 587 5394 (ὁ)
617 5318 773 5376 nobis
796 5314 1048 5374 occultari
1086 5326 1194 5368 non
1227 5309 1480 5380 jubeant;
1519 5305 1662 5379 quod
1685 5306 1732 5362 si

149 5421 367 5488 faciunt,
387 5415 725 5490 apertissime
745 5413 947 5468 fructus
971 5421 1098 5466 suos
1127 5403 1378 5477 produnt,
1409 5400 1604 5474 quibus
1624 5400 1733 5472 lupi

209 5517 246 5556 ⁸-
265 5521 317 5564 tn
334 5520 463 5574 Mss,
484 5506 738 5574 nmquid.

209 5555 237 5609 '7
263 5555 317 5625 in
333 5555 758 5625 Ei'hiewet‘infra
779 5568 872 5618 hoc
891 5567 941 5616 in
961 5565 1087 5616 libro
1112 5558 1484 5623 Circelh’onum;
1504 5555 1602 5620 vel,
1626 5566 1734 5608 Cer-

175 5638 434 5699 euiommt;
458 5635 558 5699 vel,
581 5629 987 5685 cerciceut'onwn.

211 5702 284 5760 (a)
309 5698 576 5760 Bagaicusi.

306 5706 764 5826 ἓῆᾕὶξὲεεεὲιι,
797 5768 915 5819 quas
949 5758 1124 5815 tamen,
1144 5751 1283 5814 juxta
1302 5749 1474 5811 Morel,
1499 5745 1734 5798 Element.

152 5820 325 5886 uitio,
357 5837 467 5888 pag.
492 5820 603 5886 2'52,
617 5820 726 5873 2‘53.
792 5826 848 5866 Μ.

1438 272 1641 331 LIBER
1679 266 1949 327 PRIMUS.

3247 269 3355 326 258

1780 399 1999 456 rapaces
2049 383 2219 440 induti
2259 382 2486 454 pellibus
2526 381 2707 439 ovium
2756 381 3214 452 demonstrentur,
3265 386 3358 458 qui

1775 478 1983 534 occulte
2003 476 2322 533 insidiantur
2346 476 2534 534 ovibus
2555 477 2770 544 nostris,
2789 486 2843 534 et
2860 487 3044 550 aperte
3059 477 3360 550 pastoribus

1776 567 2104 639 respondere
2129 565 2438 623 formidant.
2471 566 2580 624 Nos
2603 569 2683 624 eis
2708 568 3078 625 tantummodo
3099 569 3359 626 schisma-

1776 658 1846 714 tis
1894 659 2095 716 crimen
2142 659 2443 731 obiicimus,
2500 676 2604 732 quo
2652 663 2864 733 penitus
2898 678 3085 720 omnes
3137 664 3362 722 involuti

1777 760 1901 808 sunt
1925 769 1939 806 :
1963 767 2068 807 non
2097 752 2448 823 quorumdam
2475 767 2660 809 eorum
2681 754 2927 824 crimina,
2959 771 3080 826 quae
3107 756 3209 812 sibi
3240 758 3359 829 qui-

1777 843 1900 898 dam
1921 859 2105 900 eorum
2133 843 2418 915 displicere
2445 844 2824 916 respondeant.
2853 845 2957 918 Ipsi
2978 863 3108 904 vero
3133 848 3178 905 si
3206 849 3364 905 nobis

1779 935 1951 991 aliena
1978 936 2202 991 crimina
2223 952 2328 992 non
2360 935 2633 1008 objiciant,
2670 952 2778 993 non
2807 937 3005 995 habent
3038 939 3182 1011 quod
3223 941 3360 1012 obji-

1779 1027 1924 1081 ciant
1954 1045 1966 1080 :
1994 1036 2049 1082 et
2101 1027 2222 1084 ideo
2267 1043 2326 1084 se
2365 1028 2434 1084 ab
2477 1028 2680 1086 scelere
2729 1029 3035 1086 schismatis
3077 1031 3369 1091 defendere

1781 1121 2000 1176 omnino
2030 1136 2138 1178 non
2171 1129 2432 1193 possunt;
2462 1123 2584 1194 quia
2617 1123 2730 1179 sive
2756 1133 2975 1195 propter
3002 1124 3131 1181 falsa
3154 1135 3208 1182 et
3246 1143 3277 1182 a
3307 1143 3368 1184 se

1782 1211 2030 1280 conficta,
2052 1213 2167 1269 sive
2186 1214 2348 1270 etiam
2387 1221 2605 1285 propter
2640 1229 2789 1282 vera,
2836 1215 2934 1271 sed
2983 1224 3160 1272 tamen
3199 1217 3368 1287 paleae

1783 1306 2030 1376 crimina,
2059 1323 2118 1364 se
2151 1307 2218 1363 ab
2246 1323 2369 1364 area
2405 1307 2694 1377 dominica,
2721 1316 2776 1364 et
2819 1309 2886 1365 ab
2920 1308 3223 1366 innocentia
3261 1312 3369 1367 fru-

1786 1409 2087 1456 mentorum
2117 1409 2228 1456 toto
2247 1399 2377 1456 orbe
2403 1399 2778 1470 crescentium,
2802 1400 3002 1458 nefaria
3017 1400 3374 1476 diremptione

1787 1501 2121 1563 separarunt.

1859 1585 2084 1642 CAPUT
2121 1585 2312 1642 XXVI.
2351 1616 2424 1626 —-
2457 1585 2547 1642 28.
2587 1585 2697 1642 Nisi
2715 1584 2854 1643 forte
2878 1588 3198 1659 exspectatis
3220 1603 3372 1658 amc,

1791 1683 2033 1739 utetiam
2063 1682 2131 1738 de
2157 1681 2450 1738 Manichzeo
2493 1697 2614 1752 qua:
2658 1680 2997 1753 interposuit,
3041 1682 3372 1740 refellantur.

1790 1774 1904 1842 Qua
1934 1774 1988 1829 in
2016 1789 2077 1830 re
2102 1773 2257 1830 nobis
2286 1788 2392 1829 non
2441 1772 2706 1843 displicet,
2734 1773 2838 1828 nisi
2885 1774 3008 1846 quia
3046 1775 3378 1846 pestilentio-

1791 1866 2066 1922 sissimum
2095 1874 2148 1922 et
2177 1864 2685 1936 perniciosissimum
2713 1880 2976 1933 errorem,
3006 1865 3059 1922 id
3106 1876 3225 1936 est,
3265 1867 3378 1922 Ma-

1793 1960 2123 2017 nichaeorum
2142 1959 2392 2017 hzeresim
2417 1960 2637 2016 omnino
2657 1960 2927 2017 levissima
2956 1971 3014 2018 et
3039 1978 3204 2034 prope
3231 1965 3376 2020 nulla

1793 2054 2212 2126 reprehensione
2241 2053 2502 2124 culpavit;
2525 2069 2684 2125 quem
2707 2054 2946 2111 veritatis
2962 2054 3268 2112 fortissimis
3283 2056 3378 2112 do-

1793 2145 2054 2202 cumentis
2068 2144 2339 2201 Catholica
2353 2153 2622 2216 expugnat
2647 2145 2688 2200 ¹.
2707 2144 3001 2201 Ηωιθὰίιθε
3017 2145 3160 2202 enim
3184 2145 3383 2203 Christi

1795 2239 1850 2294 in
1863 2237 2110 2294 omnibus
2123 2236 2369 2308 gentibus
2387 2237 2697 2305 constituta,
2715 2236 2970 2293 adversus
2995 2253 3182 2293 omnes
3205 2238 3383 2295 exhae-

1795 2331 2010 2388 redatas
2029 2329 2263 2387 haereses
2290 2337 2401 2385 tuta
2434 2336 2519 2386 est
2545 2346 2558 2382 :
2587 2328 2682 2386 sed
2697 2327 2836 2385 sicut
2854 2328 2929 2384 ait
2944 2328 3221 2398 Dominus,
3244 2330 3388 2398 Quo-

1797 2426 1948 2480 modo
1969 2434 2128 2496 potest
2152 2433 2358 2478 satanas
2383 2431 2616 2477 satanam
2635 2421 2815 2493 ejicere
2837 2419 3029 2494 (Marc.
3061 2437 3139 2488 ιιι,
3166 2420 3257 2492 25)
3274 2420 3298 2474 ?
3317 2421 3390 2476 ita

1798 2519 2213 2576 Manichaeorum
2233 2531 2474 2574 errorem
2494 2515 2767 2588 quomodo
2795 2524 2974 2586 potest
2990 2515 3389 2573 Donatistarum

1800 2628 1953 2670 error
1981 2620 2223 2668 evertere
2249 2608 2330 2684 (a)
2355 2610 2378 2665 ?

1873 2708 2100 2765 CAPUT
2121 2705 2502 2763 XXVII.—29.
2518 2706 2871 2778 Quapropter,
2890 2705 3210 2775 charissimi,
3233 2722 3394 2780 quan-

1801 2819 1963 2874 quam
1993 2802 2174 2859 multis
2213 2801 2386 2858 modis
2425 2801 2702 2858 convictus
2743 2815 2897 2857 error
2931 2799 3034 2856 iste
3074 2810 3391 2872 superetur,

1803 2911 1906 2952 nec
1945 2895 2049 2951 ulla
2078 2895 2450 2967 qualicumque
2477 2893 2685 2950 ratione
2704 2895 2725 2925 ²
2749 2935 2766 2962 ,
2801 2892 2900 2950 sed
2926 2892 3040 2949 sola
3066 2892 3395 2965 impudentia

1804 2990 2065 3064 pertinaci
2093 2990 2344 3047 resistere
2372 2987 2565 3045 audeat
2587 2986 2800 3045 veritati
2827 3004 2842 3042 :
2875 2996 3053 3043 tamen
3080 3003 3150 3044 ne
3185 3002 3394 3044 memo-

1805 3087 1941 3142 riam
1969 3093 2204 3142 vestram
2229 3084 2674 3140 documentorum
2711 3091 2900 3138 oneret
2936 3081 3248 3150 multitudo,
3294 3081 3398 3139 hoc

1809 3195 1978 3235 unum
2023 3177 2536 3234 Maximianistarum
2552 3175 2751 3231 factum
2767 3184 2984 3243 tenete,
3002 3174 3106 3232 hoc
3131 3175 3184 3230 in
3206 3190 3396 3232 eorum

1809 3272 1986 3329 fronte
2005 3271 2270 3343 conﬁgite,
2294 3270 2398 3326 hoc
2412 3270 2492 3326 eis
2514 3269 2583 3325 ad
2607 3267 3038 3340 comprimendas
3055 3267 3273 3325 dolosas
3292 3268 3400 3324 Iin-

1811 3380 1942 3437 guas
1958 3364 2012 3419 in
2036 3379 2131 3420 ora
2154 3371 2444 3431 coarctate,
2462 3361 2565 3418 hoc
2593 3371 2844 3432 tanquam
2873 3360 3092 3417 tridenti
3121 3361 3226 3417 telo
3254 3361 3404 3418 velut

1812 3455 2099 3526 tricipitem
2119 3454 2344 3512 bestiam
2361 3469 2544 3510 eorum
2560 3453 2881 3509 calumniam
2896 3451 3179 3509 trucidate.
3210 3452 3398 3509 Tradi-

1813 3549 2013 3604 tionem
2028 3545 2304 3617 objiciunt,
2326 3546 2753 3617 persecutionem
2780 3543 3060 3615 objiciunt,
3081 3542 3280 3600 falsum
3307 3544 3404 3599 ba-

1817 3640 2008 3712 ptisma
2032 3639 2291 3712 objiciunt
2311 3657 2324 3695 :
2343 3638 2412 3695 de
2435 3637 2564 3694 solis
2587 3635 2996 3693 Maximianistis
3016 3635 3086 3692 ad
3111 3636 3289 3692 omnia
3318 3651 3404 3693 re-

1812 3730 2250 3806 spondete.Quod
2258 3730 2398 3788 enim
2411 3730 2641 3802 majores
2651 3744 2835 3786 eorum
2851 3728 3183 3786 tradiderunt
3194 3739 3408 3788 sanctos

1817 3829 2030 3886 codices
2048 3828 2300 3896 flammis,
2331 3825 2594 3884 occultum
2625 3840 2745 3881 esse
2771 3825 3133 3882 arbitrantur:
3163 3825 3258 3883 sed
3286 3840 3408 3882 cum

1820 3921 2100 3994 sacrilegio
2114 3919 2416 3978 schismatis
2432 3919 2735 3990 inquinatos
2749 3917 2805 3973 in
2826 3917 2936 3974 suis
2947 3915 3243 3975 honoribus
3256 3931 3408 3975 rece-

1821 4025 2034 4089 perunt,
2051 4015 2155 4072 hoc
2183 4023 2328 4071 certe
2342 4012 2608 4070 occultare
2632 4026 2740 4068 non
2757 4017 3000 4083 possunt.
3015 4009 3146 4066 Item
3160 4025 3409 4082 pcrsecu~

1822 4112 1996 4167 tiones
2010 4109 2440 4176 violentissimas,
2454 4121 2588 4178 quas
2597 4104 2924 4178 quibuslibet
2941 4103 3031 4160 ubi
3053 4105 3322 4174 potuerint
3338 4104 3416 4159 fa-

1823 4206 2000 4272 ciunt,
2026 4204 2266 4260 occultas
2287 4217 2409 4258 esse
2435 4200 2761 4256 arbitrantur
2785 4216 2799 4252 ε
2827 4196 2922 4253 sed
2950 4212 3074 4252 cum
3117 4197 3412 4268 spiritualis

1824 4298 2124 4370 persecutio
2150 4295 2577 4367 persecutionem
2606 4300 2824 4363 superet
2849 4290 3182 4361 corporalem
3202 4331 3218 4355 ,
3246 4289 3414 4346 Maxi-

1827 4391 2102 4448 mianistas
2127 4402 2262 4461 quos
2288 4387 2390 4458 ipsi
2415 4382 3041 4456 corporaliterpersecuti
3067 4389 3228 4449 sunt,
3265 4389 3320 4436 et
3345 4381 3413 4438 de

1828 4485 2019 4557 quibus
2049 4482 2149 4554 ipsi
2169 4481 2437 4545 dixerunt,
2468 4477 2674 4534 Veloces
2701 4476 2852 4550 pedes
2867 4491 3041 4533 eorum
3065 4474 3134 4529 ad
3153 4473 3414 4543 effunden-

1829 4579 1951 4634 dum
1992 4575 2289 4647 sanguinem
2335 4570 2519 4645 (Psal.
2567 4586 2693 4638 xm,
2719 4569 2828 4641 5),
2864 4569 2920 4624 in
2963 4567 3075 4625 suis
3120 4566 3413 4623 honoribus

1830 4676 2181 4740 receperunt;
2211 4665 2317 4722 hoc
2343 4672 2490 4722 certe
2514 4663 2783 4720 occultare
2811 4675 2917 4718 non
2943 4668 3186 4732 possunt.

1901 4760 2128 4819 CAPUT
2150 4756 2465 4814 XXVIII.—
2489 4756 2763 4813 Postremo
2778 4751 3417 4824 Baptismiquaastionem,

1833 4871 1936 4929 qua
1965 4855 2191 4911 miseros
2221 4851 2438 4919 fallunt,
2473 4849 2735 4907 occultam
2772 4860 2894 4902 esse
2928 4844 3259 4901 arbitrantur
3287 4841 3419 4900 :sed

1834 4965 1954 5006 cum
1981 4948 2156 5005 dicant
2181 4945 2513 5017 Baptismum
2550 4956 2658 4997 non
2699 4938 2900 4994 habere
2938 4945 3199 5009 quotquot
3225 4943 3421 5008 praeter

1835 5041 2266 5101 communionem
2286 5038 2443 5096 unius
2470 5034 2728 5093 Ecclesiae
2756 5033 3122 5105 baptizantur,
3151 5029 3424 5087 Maximia-

1837 5136 2005 5192 nistas
2029 5149 2152 5191 cum
2179 5133 2258 5188 eis
2299 5143 2435 5201 quos
2462 5134 2612 5184 extra
2641 5126 2867 5182 istorum
2906 5124 3338 5181 communionem
3366 5119 3422 5176 in

1838 5226 2128 5284 schismate
2152 5222 2507 5294 baptizarunt,
2535 5219 2590 5275 in
2619 5217 2730 5275 suis
2753 5216 3046 5275 honoribus
3071 5222 3420 5288 receperunt;

1839 5321 1944 5378 hoc
1969 5326 2118 5377 certe
2140 5315 2407 5376 occultare
2430 5327 2538 5369 non
2564 5318 2807 5384 possunt.

1906 5486 1922 5515 ⁸
1957 5481 2096 5540 Editi,
2119 5487 2259 5542 quem
2281 5467 2751 5542 uerilgsfo'
2773 5459 3425 5542 ίῖοαξηψδῗίὲηίξέίῖὴὲίξῗθέξῖ

2028 5518 2534 5599 Z'i’t‘ﬁ's's'lfééi'tiﬁzis"
2859 5523 3154 5579 documentis
3184 5518 3430 5572 catholica

1845 5599 2684 5676 ζειῖδθιιάίιβοοιξδέαὶέἒνὲέῖἵέεηι.
2888 5650 3087 5676 “mm
3118 5647 3400 5676 ι.ιι..ι..η,,...ς

1905 5648 2197 5720 ἶπῡῖιῗινιξὲί
2455 5648 2602 5727 unus,
2637 5663 2703 5727 et.
2727 5655 2849 5706 alter
2887 5650 3101 5727 Gallicus
3111 5648 3432 5727 Blfloriacensis

1843 5716 2052 5793 habe—nt,
2069 5742 2156 5781 nec
2178 5716 2550 5793 aliisﬁrrqibus
2572 5716 2927 5793 qualiscumque
2952 5716 3164 5764 rationis.

1910 5780 2118 5863 (amas
2137 5790 2276 5852 infra,
2301 5787 2385 5840 lib.
2407 5783 2455 5847 2,
2477 5797 2560 5834 nn.
2586 5780 2751 5843 40,41.
