3812 6200
1256 274 1527 333 CONTRA
1568 271 1904 330 LITTEliAS
1940 268 2303 341 PETILIANI,
2334 270 2393 328 S.
2425 268 2791 329 AUGUSTINI
3592 268 3732 328 2130

2092 384 2255 441 Orate
2284 396 2382 455 pro
2408 385 2488 440 eis
2514 400 2650 456 quos
2676 385 2996 458 redarguitis
3018 393 3179 459 atque
3206 370 3558 446 convincitist
3595 387 3733 445 Pro

2094 475 2289 532 talibus
2334 477 2480 531 enim
2528 478 2785 549 propheta
2833 479 2999 535 Deum
3053 479 3406 551 deprecatur,
3454 481 3683 538 dicens
3718 500 3735 535 :

2094 569 2267 642 Imple
2293 571 2449 641 facies
2472 586 2645 627 eorum
2661 573 2962 643 ignominia,
2990 585 3041 630 et
3060 586 3288 647 quam"
3307 590 3491 633 nomen
3516 587 3730 642 tuum,

2095 662 2314 719 Domine
2355 663 2376 735 (
2396 663 2540 720 Psat.
2574 681 2782 732 nunt,
2834 666 2955 739 l7).
2992 667 3148 736 Quod
3185 668 3402 739 quidem
3423 669 3536 741 jam
3574 669 3734 725 fecit

2095 755 2386 822 Dominus,
2414 768 2473 812 ut
2496 770 2684 812 eorum
2724 757 2888 814 facies
2935 759 3224 830 ignominia
3266 760 3730 817 Maximianista»

2093 862 2218 905 rum
2246 848 2582 920 apertissime
2620 850 2871 921 impleret
2897 868 2911 906 :
2940 861 3188 924 superest
3220 864 3280 909 ut
3332 856 3516 910 norint
3547 856 3725 909 enim
3790 884 3791 924 γ

2097 938 2267 995 hriter
2300 941 2646 998 erubescere.
2691 920 2766 998 Ita
2790 943 2935 999 enim
2976 920 3171 1001 nomen
3208 944 3421 1001 Domini
3445 958 3732 1016 qum

2096 1041 2387 1105 poterunt,
2435 1051 2466 1091 a
2509 1050 2617 1107 quo
2660 1038 3109 1107 perniciosissime
3144 1040 3319 1096 aversi
3352 1048 3513 1107 sunt,
3566 1038 3729 1095 dum

2094 1138 2197 1195 pro
2227 1140 2294 1183 eo
2320 1141 2474 1182 suum
2503 1142 2699 1184 nomen
2723 1129 3007 1185 extollunt.
3039 1130 3242 1188 Vivatis
3283 1140 3340 1188 et
3376 1142 3732 1203 persevere-

2098 1217 2168 1273 tis
2196 1218 2249 1274 in
2279 1218 2493 1276 Christo
2515 1260 2529 1288 ,
2561 1229 2619 1276 et
2642 1221 3102 1293 maltiplicemini,
3133 1234 3295 1295 atque
3316 1223 3626 1281 abundatio
3656 1224 3720 1279 in

2095 1310 2361 1369 charitate
2392 1314 2525 1384 Dei,
2553 1323 2606 1372 et
2635 1316 2688 1371 in
2718 1316 2985 1386 invicem,
3016 1326 3070 1374 et
3095 1318 3149 1374 in
3191 1333 3416 1389 omnes,
3456 1317 3726 1377 dilectis-

2098 1405 2225 1461 simi
2255 1404 2468 1466 fratres.

476 397 565 453 30.
607 395 671 450 At
717 396 858 460 litae,
902 392 1170 465 inquiunt,
1202 406 1296 460 pro
1324 402 1447 459 pare
1472 403 1575 443 non
1603 386 1898 450 maculant,
1943 393 1991 440 et

404 490 590 545 bonum
608 498 681 542 est
709 488 927 558 rigorem
951 484 1225 541 severitatis
1248 482 1317 537 ad
1341 479 1742 537 misericordiam
1764 479 1988 549 ﬂectere,

402 592 459 636 ut
499 580 664 637 denuo
692 579 825 634 rami
861 577 1012 649 fracti
1036 576 1341 631 inserantur.
1392 573 1468 628 ιω
1510 586 1640 645 ergo
1676 578 1788 627 tota
1831 583 1991 625 causa

400 671 738 730 concluditur
757 712 775 739 ,
802 669 939 726 victa
965 669 1021 724 in
1047 667 1188 736 illis,
1217 666 1414 723 invicta
1441 679 1540 739 pro
1564 663 1720 719 nobis
1742 677 1758 718 :
1781 661 1905 733 quia
1945 660 1991 716 si

400 780 598 823 nomen
625 763 770 837 pacis
793 762 862 819 ad
883 760 1187 818 tolerandos
1204 760 1257 816 in
1282 758 1573 815 schismate
1597 756 1768 812 malos
1787 754 1844 811 in
1863 768 1994 825 qua-

400 859 737 931 lemcumque
776 856 1022 913 umbram
1063 852 1391 911 defensionis
1436 849 1763 917 assumitur,
1804 844 1993 917 procul

400 952 565 1011 dubio
590 967 715 1009 cum
752 948 1022 1008 horrendo
1057 947 1262 1005 scelere
1296 953 1355 1002 et
1378 944 1497 1001 sine
1540 941 1649 999 ulla
1676 939 1993 996 defensione

398 1060 498 1120 per
521 1044 787 1113 unitatem
804 1041 951 1110 orbis
993 1049 1257 1101 terrarum
1284 1050 1410 1096 vera
1438 1051 1543 1108 pax
1584 1034 1703 1105 ipsa
1739 1031 1988 1088 violatur.

469 1135 697 1196 CAPUT
726 1134 919 1194 XXIX.
942 1164 1015 1177 —
1038 1134 1131 1192 δι.
1170 1133 1297 1190 Haec
1334 1130 1558 1198 fratres,
1597 1141 1721 1184 cum
1768 1123 1991 1196 impigra

397 1230 814 1289 mansuetudine
852 1228 1060 1302 agenda
1087 1235 1142 1285 et
1178 1223 1524 1298 praedicanda
1559 1222 1792 1279 retinete
1822 1236 1837 1273 :
1864 1217 1992 1274 dili-

397 1327 509 1399 gite
532 1325 810 1391 homines,
859 1322 1145 1381 interficite
1184 1334 1399 1377 errores
1431 1336 1447 1375 :
1475 1318 1595 1375 sine
1634 1313 1883 1385 superbia
1922 1309 1993 1367 de

400 1418 626 1476 veritate
648 1416 957 1489 praesumite
974 1456 990 1484 ,
1016 1414 1137 1473 sine
1156 1413 1361 1472 amvitia
1386 1425 1487 1485 pro
1509 1410 1738 1468 veritate
1762 1413 1989 1464 certate.

1716 1532 1973 1554 .H‘
2260 1533 2287 1539 ..
2756 1537 2761 1541 _

1286 1630 1764 1758 LIBER

1811 1534 2459 1750 Stier/Ur!)
2478 1537 2796 1755 Usu.

518 1843 572 1896 tn
592 1852 690 1909 quo
704 1839 768 1894 ad
784 1838 949 1893 omnia
964 1840 1019 1890 ει
1037 1828 1233 1901 singula
1250 1830 1408 1886 verba
1426 1826 1655 1895 Epistolze
1675 1818 2283 1947 remigmdet
2303 1825 2613 1892 augeamus,
2638 1834 2865 1896 ωηφωω
2886 1836 2999 1885 cum
3019 1825 3298 1886 adversario
3314 1836 3573 1900 macula

1878 2006 2255 2065 Μῶν

474 2156 702 2218 CAPUT
747 2152 1032 2214 PRIMUM.
1060 2174 1134 2195 ι-ο
1153 2150 1208 2206 1.
1237 2146 1434 2208 Primis
1462 2142 1702 2218 partibus
1745 2136 1998 2211 Epistula:

404 2251 688 2319 Petiliani,
720 2266 854 2322 quas
893 2243 1261 2305 tanmmmodo
1286 2244 1697 2306 inveneramus,
1726 2234 1859 2293 satis
1899 2244 2001 2288 nos

405 2344 750 2417 respondisse
779 2341 1170 2407 meminerunt,
1201 2336 1293 2409 qui
1337 2350 1403 2391 ea
1450 2333 1633 2405 legere
1677 2328 1765 2386 vel
1811 2325 1999 2383 audire

404 2444 715 2509 Potuerunt.
766 2434 876 2493 Sed
917 2435 1043 2506 quia
1083 2438 1270 2504 postea
1308 2436 1419 2485 tota
1458 2433 1599 2484 esta
1624 2421 1882 2481 fratribus
1918 2418 2004 2475 in-

405 2539 565 2588 venta
592 2538 751 2599 atque
784 2527 1055 2598 descripta
1076 2564 1096 2595 ,
1131 2523 1401 2593 missaque
1439 2517 1596 2575 nobis
1638 2524 1697 2573 ut
1738 2513 2001 2570 universae

406 2622 866 2695 respondeamus,
915 2634 1025 2676 non
1050 2627 1166 2674 erat
1195 2600 1573 2685 deiugiendum
1614 2609 1719 2665 hoc
1760 2605 1999 2663 ofﬁcium

406 2717 516 2777 stili
557 2715 775 2775 nostri:
805 2730 913 2772 non
942 2713 1067 2786 quia
1104 2711 1197 2768 ille
1224 2723 1422 2766 novum
1460 2703 1661 2777 aliquid
1698 2701 1869 2769 dicit,
1913 2698 2003 2754 cui

405 2826 516 2889 non
535 2810 649 2889 jam
675 2810 857 2867 multis
903 2806 1077 2864 modis
1110 2814 1167 2862 et
1203 2819 1348 2876 saepe
1386 2814 1704 2871 responsum
1747 2805 1870 2863 est;
1908 2791 2004 2849 sed

404 2888 628 2981 propter
640 2892 914 2960 tardiores
938 2900 1162 2965 fratres,
1190 2897 1280 2968 qui
1308 2911 1372 2951 ea
1398 2909 1517 2965 quae
1542 2890 1736 2948 alicubi
1755 2886 2000 2959 legerint,

406 2996 475 3054 ad
499 2995 679 3052 omnia
704 2995 855 3065 paria
882 2992 1087 3048 referre
1128 3004 1236 3045 non
1262 2993 1521 3059 possunt,
1562 2985 1639 3039 ita
1665 2995 1872 3038 morem
1913 2992 2007 3048 ge-

403 3104 522 3147 ram
550 3088 630 3145 eis
672 3087 764 3163 qui
793 3101 881 3142 me
910 3084 1132 3141 omnino
1157 3081 1225 3138 ad
1250 3080 1455 3151 singula
1495 3075 1827 3149 respondere
1851 3087 2005 3129 com-

406 3182 653 3257 pellunt,
681 3187 741 3235 ut
782 3178 938 3255 quasi
972 3175 1192 3233 alternis
1238 3172 1576 3230 sermonibus
1621 3169 1675 3225 in
1722 3165 2005 3241 prasentia

407 3256 754 3333 disseramus.
800 3267 978 3325 Verba
1006 3283 1072 3347 ex
1101 3264 1486 3345 Epistolaqejus
1521 3275 1716 3334 ponam
1762 3258 1865 3315 sub
1891 3255 2009 3327 ejus

406 3352 627 3423 nomine
649 3407 668 3434 ,
696 3350 749 3420 et
772 3360 1181 3433 responsionem
1208 3356 1430 3413 reddam
1458 3354 1559 3411 sub
1601 3366 1724 3408 meo
1752 3350 1970 3407 nomine
1988 3390 2005 3418 ,

407 3466 663 3531 tanquam
682 3497 697 3524 ,
871 3452 1155 3529 ageremus
1173 3493 1191 3520 ,
1218 3466 1248 3504 a
1279 3449 1500 3505 notariis
1523 3455 1744 3517 excepta
1770 3443 1895 3500 sint.
1930 3441 2009 3496 ita

407 3530 568 3611 nemo
594 3551 697 3609 erit
724 3530 815 3623 qui
854 3562 947 3626 me
973 3543 1171 3617 aliquid
1197 3541 1604 3616 praetermisisse
1621 3580 1637 3607 ,
1676 3545 1771 3592 aut
1792 3544 2011 3609 propter

409 3626 731 3716 indiscretos
758 3656 1021 3713 personas
1048 3653 1108 3694 se
1133 3652 1240 3693 non
1274 3636 1513 3713 potuisse
1548 3631 1851 3701 intelligere
1881 3643 2011 3684 cou-

413 3747 670 3812 queratur
694 3753 708 3789 :
731 3735 891 3807 simul
933 3732 1097 3788 etiam
1127 3738 1186 3786 ut
1231 3727 1394 3785 iidem
1416 3726 1528 3801 ipsi
1560 3722 1887 3790 Donatistae,
1920 3720 2012 3791 qui

413 3844 596 3889 coram
641 3826 921 3883 uobiscum
948 3823 1228 3898 disserere.
1254 3819 1473 3885 nolunt,
1505 3832 1603 3889 per
1632 3816 1838 3871 litteras
1878 3826 2012 3883 quas

408 3908 527 3981 suis
568 3919 885 3987 ediderunt,
935 3916 1013 3972 ita
1036 3930 1145 3973 non
1184 3911 1439 3983 effugiant
1464 3908 1882 3980 respondentem
1909 3904 2013 3960 sibi

411 4017 482 4084 ad
508 4015 714 4087 singula
741 4013 1022 4069 veritatem
1044 4050 1061 4078 ,
1094 4000 1342 4079 tanquam
1366 4003 1648 4062 nobiscum
1673 4000 1811 4058 facie
1837 3997 1906 4055 ad
1933 3996 2013 4053 fa-

412 4110 551 4167 ciem
577 4094 974 4178 colloquantur.

488 4202 544 4257 2.
584 4199 669 4257 Ab
690 4200 806 4271 ipso
826 4196 1052 4255 exordio
1078 4193 1336 4266 Epistula:
1356 4206 1467 4248 suae
1493 4189 1818 4246 PETILIANUS
1842 4184 2010 4242 dixit:

420 4297 707 4355 Petitianus
731 4278 1006 4366 episcOpus
1026 4288 1365 4347 dilectissimis
1395 4283 1637 4360 fratribus
1654 4325 1671 4353 ,
1700 4280 2018 4354 compresby-

419 4394 540 4451 teris
563 4400 611 4447 et
634 4387 937 4469 diaconibus
962 4385 1207 4441 ministris
1244 4400 1341 4455 per
1378 4380 1633 4437 dioecesim
1672 4377 1933 4433 nobiscum
1961 4374 2017 4428 in

410 4494 591 4553 sancta
627 4464 906 4557 Evangelia
934 4481 1218 4538 constitutis
1241 4495 1261 4534 :
1282 4479 1452 4552 gratia
1476 4464 1612 4533 vobis
1640 4484 1688 4530 et
1726 4489 1831 4546 pax
1847 4488 1882 4527 α
1907 4468 2017 4526 Deo

415 4579 578 4637 Patre
601 4586 771 4634 nostra
790 4587 835 4632 et
866 4574 1089 4630 Domino
1116 4572 1149 4626 J
1155 4589 1246 4628 esu
1274 4570 1496 4626 Christo.

490 4673 546 4728 5.
600 4673 937 4728 Ancus'rutus
978 4665 1260 4739 respondit
1306 4684 1320 4720 :
1373 4666 1621 4736 Agnosco
1668 4658 2018 4733 apostolicam

420 4764 793 4824 salutationem
824 4779 840 4819 :
871 4760 1070 4817 videris
1092 4760 1213 4831 quis
1236 4757 1382 4814 dicas
1399 4757 1417 4789 ¹
1449 4799 1465 4825 ,
1492 4756 1639 4812 unde
1666 4762 1844 4810 tamen
1884 4750 2021 4807 didi-

415 4858 562 4915 ceris
585 4854 723 4927 quod
750 4854 882 4910 dicis
909 4840 1152 4910 adverte.
1180 4850 1271 4907 Sic
1289 4849 1485 4906 salutat
1507 4848 1704 4905 Paulus
1723 4847 2016 4911 Romanos,

416 4950 500 5009 sic
524 4946 864 5013 Corinthios,
894 4946 976 5005 sic
1002 4946 1222 5004 Galatas
1241 4988 1257 5012 ,
1286 4945 1365 5000 sic
1389 4943 1648 5016 Ephesios
1668 4984 1686 5012 ,
1732 4940 2020 4997 Colossen-

410 5060 510 5107 .ses
529 5083 548 5112 ,
575 5028 981 5121 Philippensem
1013 5041 1541 5107 Thessalonicenses,
1572 5041 1702 5109 Qua:
1740 5039 1903 5111 igitur
1926 5037 2023 5093 de-

416 5136 622 5193 mentia
639 5142 752 5201 est,
774 5149 905 5193 cum
934 5133 1024 5190 his
1047 5133 1302 5204 Ecclesiis
1331 5135 1471 5190 nolle
1498 5133 1896 5189 communicare
1925 5145 2022 5201 pa-

415 5227 501 5315 ‘cis
524 5225 751 5315 salutem
772 5266 788 5293 ,
818 5223 876 5281 in
910 5240 1141 5299 quarum
1180 5224 1438 5297 Epistolis
1475 5223 1707 5281 didicisti
1746 5221 2024 5293 paciﬁcam

420 5310 795 5376 salutationem
814 5315 839 5371 ’ἱ
1984 5380 1991 5385 ξ

494 5406 723 5467 CAPUT
750 5408 819 5469 ll.
839 5439 913 5451 —-
948 5411 1005 5468 4.
1046 5411 1234 5468 Ρετιι.
1260 5410 1394 5467 dixit
1422 5427 1437 5465 :
1464 5408 1555 5466 Bis
1580 5407 1848 5481 Baptisma
1882 5407 2025 5464 nobis

415 5501 671 5574 objiciunt
697 5501 735 5556 ii
750 5502 840 5568 qui
856 5501 953 5557 sub
978 5498 1184 5558 timidus
1200 5501 1454 5575 Βαντίαςπή
1466 5502 1672 5559 animos
1692 5512 1815 5559 suae
1838 5508 1925 5558 r‘eo
1945 5502 2025 5559 la-

414 5598 574 5650 ‘tm'cro
600 5596 906 5667 polluerunt,
924 5597 1108 5669 quibus
1128 5588 1360 5671 equidem
1384 5597 1610 5657 obscenis
1633 5598 1807 5658 sordes
1829 5602 2027 5657 cuncta:

488 5726 508 5800 ξ
540 5735 614 5800 sic
636 5741 740 5800 Mss.
764 5735 881 5800 Editi
903 5748 1041 5800 vero,
1063 5736 1183 5800 quid
1204 5737 1352 5792 dicat.

489 5793 569 5858 (a)
591 5796 803 5858 Scriptus
822 5798 1012 5849 circiter
1028 5793 1218 5855 initium
1236 5804 1351 5856 anni
1367 5804 1475 5859 402.

1522 5961 1631 5987 αί·ἵ

2109 2137 2399 2195 mundiores
2422 2152 2576 2216 sunt,
2603 2162 2729 2219 quos
2755 2165 2987 2223 perversa
3009 2153 3261 2213 mnditia
3281 2168 3419 2230 aqua
3444 2174 3545 2214 sua
3582 2174 3718 2216 ωη-

2107 2231 2218 2304 tigit
2243 2233 2518 2307 inquinari.

2180 2326 2237 2383 5.
2263 2329 2400 2387 Anc.
2450 2334 2727 2405 respondit
2755 2356 2770 2393 :
2800 2337 2910 2395 Nec
2937 2356 3074 2412 aqua
3104 2350 3287 2401 nostra
3314 2344 3678 2416 inquinamur
3696 2389 3712 2415 ,

2109 2435 2208 2476 nec
2237 2431 2413 2507 vestra
2440 2428 2794 2485 mundamur:
2825 2433 2919 2489 sed
2948 2448 3086 2505 aqua
3107 2435 3364 2507 Βιριιωί
3393 2437 3446 2494 in
3477 2441 3715 2495 nomine

2108 2509 2284 2568 Patris
2311 2523 2365 2569 et
2388 2506 2507 2572 Filii
2528 2528 2579 2574 et
2602 2520 2830 2591 Spiritus
2846 2525 3018 2581 sancti
3043 2542 3167 2583 cum
3366 2528 3534 2586 alicui
3554 2568 3576 2597 ,
3606 2547 3714 2587 nec

2106 2616 2290 2663 nostra
2310 2649 2326 2675 ,
2354 2626 2454 2667 nec
2488 2622 2660 2670 vestra
2688 2626 2804 2686 est,
2834 2619 2929 2674 sed
2957 2619 3102 2676 illius
3126 2621 3196 2677 de
3230 2638 3342 2695 quo
3378 2622 3587 2680 lunai
3628 2625 3714 2680 di~
3790 2660 3791 2663 η

2110 2708 2256 2755 ctum
2281 2710 2363 2757 est
2380 2744 2395 2770 ,
2430 2702 2600 2777 Super
2617 2725 2763 2775 quem
2782 2712 2964 2767 videris
2990 2713 3242 2784 Spiritum
3260 2716 3388 2770 sinu
3411 2717 3713 2773 caluum
3790 2768 3791 2779 χ

2110 2790 2490 2852 descendentem
2514 2808 2564 2852 et
2588 2812 2874 2858 manentem
2896 2821 3222 2876 superem,
3255 2807 3336 2863 hic
3372 2818 3447 2864 εει
3475 2810 3567 2882 συί
3610 2810 3710 2865 δι’

2112 2888 2269 2957 ptizat
2289 2890 2343 2943 in
2368 2889 2568 2961 Spiritu
2594 2894 2785 2951 Sancto
2810 2895 2997 2969 (Joan.
3022 2916 3073 2967 ι,
3106 2898 3232 2974 53).

2184 2983 2407 3040 CAPUT
2427 2985 2514 3041 lli.
2543 2988 2682 3045 4-6.
2723 2989 2909 3046 Ρετιι.
2937 2991 3071 3048 dixit
3098 3010 3112 3047 :
3142 2992 3461 3051 Catacientia
3484 3010 3715 3071 namque

2108 3075 2282 3189 dantis
2306 3081 2581 3135 attenditur
2598 3118 2613 3146 ,
2636 3083 2726 3152 qui
2747 3083 2765 3116 ⁸
2785 3082 2958 3139 abirent
3790 3104 3791 3189 χ

2186 3171 2239 3225 7.
2279 3172 2418 3229 Atto.
2450 3175 2755 3244 Nepoudit:
2779 3178 2855 3233 De
2874 3178 3202 3236 conscientia
3224 3181 3427 3241 (Ἀῑίδῆ
3450 3192 3596 3255 ergo
3614 3194 3711 3240 se—
3790 3171 3791 3239 ἦ

2108 3264 2225 3319 euri
2250 3278 2456 3322 sumus.
2486 3266 2616 3322 Nam
2647 3269 2695 3323 si
2731 3271 3022 3339 quemiibet
3054 3271 3324 3331 hominem
3364 3278 3571 3346 ponas,
3624 3276 3709 3331 in~

2112 3365 2261 3414 certa
2311 3359 2415 3415 erit
2456 3360 2766 3431 accipientis
2807 3363 3116 3434 mundatio,
3158 3365 3285 3438 quia
3308 3365 3517 3425 incerta
3572 3382 3707 3425 con-

2113 3450 2332 3507 scientia
2362 3462 2447 3508 est
2476 3452 2760 3510 abluemis.

2186 3544 2416 3603 CAPUT
2465 3546 2631 3601 lV.-—
2658 3548 2710 3605 8.
2758 3549 2942 3606 Pana.
2989 3550 3166 3609 dixit:
3192 3553 3331 3609 Nam
3357 3555 3445 3626 Qui
3479 3556 3641 3624 ﬁdem
3676 3572 3707 3609 α

2117 3638 2314 3709 perﬁdo
2332 3641 2603 3712 sumpserit
2620 3683 2635 3708 ,
2665 3658 2767 3698 non
2794 3643 2950 3712 ﬁdem
2968 3646 3203 3718 percipit,
3225 3648 3314 3703 sed
3336 3659 3563 3706 reatum.

2188 3730 2242 3787 9.
2284 3733 2421 3790 Ana.
2448 3735 2727 3805 respondit
2764 3753 2778 3789 :
2824 3734 2939 3792 Non
2976 3746 3058 3792 est
3098 3738 3336 3810 perfidus
3356 3739 3648 3809 Christus;
3678 3756 3707 3796 a

2112 3837 2223 3894 quo
2250 3823 2422 3881 ﬁdelis
2448 3827 2615 3882 homo
2654 3826 2812 3883 ﬁdem
2842 3829 3067 3900 percipit
3086 3872 3100 3897 ,
3128 3842 3237 3887 non
3266 3841 3497 3890 reatum.
3524 3834 3709 3892 ρ’θάἱί

2114 3915 2315 3987 quippe
2354 3916 2411 3972 in
2446 3933 2571 3975 eum
2613 3918 2704 3989 qui
2742 3919 2995 3989 justiﬁeat
3036 3921 3290 3993 impium,
3322 3932 3382 3981 ut
3420 3925 3707 3998 deputetur

2117 4006 2251 4064 fides
2273 4009 2390 4078 ejus
2418 4009 2486 4065 ad
2508 4009 2767 4080 justitiam
2795 4012 2972 4082 (Rom.
3001 4029 3085 4082 IV,
3118 4012 3207 4086 5).

2174 4100 2405 4158 CAPUT
2426 4102 2569 4159 V.—
2593 4103 2679 4160 ιο.
2708 4104 2897 4162 Ρεηι.
2919 4106 3058 4162 dixit
3081 4126 3095 4163 :
3118 4106 3301 4165 Omnis
3326 4120 3407 4167 res
3434 4111 3571 4167 enim
3609 4112 3705 4167 ori-

2118 4195 2237 4266 gine
2263 4203 2310 4249 et
2335 4197 2506 4251 radice
2530 4198 2796 4265 consistit;
2823 4209 2871 4254 et
2895 4201 2942 4255 si
2963 4210 3114 4272 caput
3153 4216 3254 4257 non
3288 4202 3433 4259 habet
3471 4205 3669 4261 aliauid
3688 4245 3703 4271 ,

2120 4287 2251 4343 nihil
2277 4299 2394 4345 est:
2418 4306 2509 4346 nec
2528 4293 2803 4367 quidquam
2841 4295 2960 4351 bene
2993 4305 3288 4367 regenerat,
3326 4297 3427 4353 nisi
3463 4298 3597 4353 bono
3629 4311 3704 4353 se-

2122 4386 2255 4441 mine
2274 4396 2607 4458 regeneretur.
2678 4406 2682 4411 λ

2194 4480 2256 4535 li
2269 4517 2279 4531 .
2291 4480 2422 4536 Avo.
2438 4480 2745 4551 respondit:
2762 4478 2899 4548 Quid
2912 4489 2965 4538 te
2984 4496 3081 4553 pro
3090 4478 3303 4539 Christo
3316 4482 3395 4538 vis
3414 4496 3701 4556 oppenere,

2116 4572 2223 4628 sub
2254 4586 2363 4644 quo
2389 4581 2443 4628 te
2464 4587 2570 4628 non
2597 4574 2678 4628 vis
2711 4575 2933 4644 ponere?
2956 4573 3052 4630 Ille
3072 4583 3163 4630 est
3185 4576 3335 4647 origo
3360 4583 3417 4630 et
3438 4576 3593 4632 radix
3616 4587 3703 4630 ta-

2122 4676 2324 4738 putque
2336 4666 2697 4732 nascentis,de
2725 4681 2832 4737 quo
2861 4683 2965 4723 non
2980 4667 3232 4724 timemus
3250 4668 3387 4724 sicut
3401 4668 3470 4723 de
3492 4666 3702 4723 homine

2124 4760 2382 4832 quolibet,
2414 4774 2484 4814 ne
2510 4758 2645 4815 forte
2667 4760 2739 4815 sit
2760 4758 2917 4815 ﬁctus
2944 4768 2998 4815 et
3022 4760 3286 4830 pessimus
3309 4768 3384 4826 ,ει
3410 4759 3480 4816 de
3500 4760 3703 4831 origine

2122 4855 2357 4925 pessima
2374 4853 2702 4917 oriamur,de
2723 4854 2951 4924 pessima
2963 4852 3149 4910 radice
3164 4848 3459 4924 surgamus,
3476 4853 3700 4924 pessimo
3790 4856 3791 4867 ³

2125 4947 2285 5018 capiti
2303 4947 2715 5003 contemnemur.
2737 4946 2866 5013 Quis
2886 4947 3029 5002 enim
3052 4945 3210 5001 homo
3232 4945 3303 5001 de
3322 4945 3702 5002 hominescon-

2124 5056 2220 5099 rus
2243 5044 2331 5107 sit,
2361 5058 2479 5097 cum
2493 5042 2761 5125 pcriptum
2786 5041 2856 5096 sit
2883 5058 2899 5096 :
2933 5040 3237 5098 Maledicta:
3272 5040 3433 5096 anatis
3458 5041 3547 5109 qui
3574 5052 3700 5110 spem

2126 5136 2427 5208 suamponit
2442 5134 2498 5188 in
2523 5131 2972 5207 homirteUeren't.
3002 5144 3108 5188 xvn
3132 5173 3147 5199 ,
3172 5128 3287 5206 57)?
3309 5132 3508 5188 samo
3528 5140 3702 5187 autem

2129 5244 2235 5302 quo
2260 5240 2675 5301 regeneramur,
2704 5227 2927 5283 verbum
2959 5228 3051 5283 Dei
3082 5235 3208 5295 'est,
3244 5218 3303 5283 id
3332 5216 3700 5297 test,'Etange-

2128 5325 2282 5379 lium.
2308 5322 2465 5380 Unde
2491 5322 2779 5393 Apostolus
2794 5322 2931 5377 dicit
2965 5339 2978 5377 :
3006 5319 3075 5377 in
3100 5318 3605 5377 ϐΜειοσαιθκοιεδα
3622 5332 3701 5389 per

2128 5414 2470 5488 Evanng
2490 5430 2590 5488 ego
2612 5428 2700 5470 vos
2719 5416 2870 5487 genui
2894 5413 2949 5486 (1
2968 5413 3097 5470 'Cor.
3118 5426 3198 5483 re,
3226 5410 3360 5487 16‘).
3400 5413 3513 5481 Qui
3536 5418 3700 5468 nm
3790 5426 3791 5431 ‘

2096 5510 2101 5516 ’
2131 5510 2290 5567 etiam
2322 5525 2428 5566 nou
2473 5518 2621 5566 caste
2648 5509 3028 5565 annuntiantes
3074 5505 3420 5579 Evangele
3444 5545 3461 5575 ,
3508 5517 3700 5561 annun-

2131 5604 2269 5660 tiare
2284 5600 2580 5675 permittit,
2611 5603 2741 5660 etin
2760 5592 2866 5660 hoc
2879 5598 3075 5676 gaudet
3100 5598 3358 5677 (Philipp.
3387 5616 3439 5670 ι,
3469 5599 3568 5671 l7,
3588 5594 3695 5669 18)·

2199 5801 2216 5834 ί
2250 5804 2362 5850 Lov.
2391 5797 2482 5849 hoc
2510 5794 2632 5857 loco,
2659 5806 2785 5859 quat.
2814 5800 2869 5847 At
2886 5798 2991 5846 Mss.
3019 5799 3315 5857 constanter,
3339 5790 3440 5859 qui.
