3796 6128
51 265 124 338 ut
1375 269 1579 328 LIBER
1615 259 1991 332 SECUNDUS.

54 395 145 464 quia
187 390 283 446 etsi
323 387 436 445 non
485 398 634 446 caste
676 387 1116 453 annuuntiabant,
1143 403 1239 442 sua
1268 398 1568 458 quaerentes
1601 429 1614 452 ,

57 505 130 542 non
156 499 272 557 qua:
293 481 419 539 Iesu
452 477 651 540 Christi
677 483 930 558 (Philipp.
963 502 1036 550 ιι,
1059 482 1173 554 21),
1207 493 1408 537 castum
1442 493 1617 536 tamen

55 590 139 634 erat
165 572 305 648 quod
337 579 748 634 annuutiabaut.
781 579 844 632 Et
887 577 1096 631 dixerat
1127 577 1382 631 Dominus
1411 575 1476 630 de
1503 576 1619 646 qui-

55 670 248 724 busdam
278 659 508 725 talibus:
532 669 660 736 Qua:
678 669 870 735 dicunt,
896 669 1070 740 facite;
1091 685 1200 739 quee
1220 679 1383 722 autem
1408 667 1618 738 facizmt,

57 765 198 831 facere
245 752 401 816 nolite
425 779 445 819 .'
462 763 638 818 dicunt
684 762 852 828 enim,
907 773 953 816 et
996 778 1096 816 non
1140 761 1333 831 faciunt
1387 757 1620 832 (Matth.

57 871 162 910 mu
185 896 198 916 ,
223 847 306 925 3).
331 853 386 909 Si
418 871 545 927 ergo
575 866 722 911 caste
747 855 1090 910 annuntiatur
1115 851 1254 924 quod
1289 860 1490 907 castum
1519 860 1620 916 est,

56 943 188 1001 etiam
214 942 326 1016 ipse
355 947 728 1012 annu'ntiator,
761 947 882 1017 quia
909 947 1074 1001 verbo
1099 946 1436 1000 consociatur
1461 985 1475 1009 ,
1504 958 1622 998 cre-

58 1026 242 1093 dentem
279 1034 602 1110 congenerat
632 1057 644 1093 :
679 1038 726 1094 si
750 1048 927 1094 autem
969 1037 1081 1108 ipse
1110 1047 1213 1092 neu
1244 1034 1586 1107 regeneretur
1607 1077 1620 1101 ,

59 1139 240 1185 castum
273 1125 450 1186 tamen
481 1127 550 1187 sit
576 1125 720 1202 quod
761 1130 1077 1197 annuntiat,
1125 1129 1359 1184 nascitur
1399 1125 1626 1182 credens

59 1239 141 1278 non
188 1239 255 1280 ex
295 1215 527 1280 ministri
571 1225 881 1294 sterilitate,
910 1219 1004 1280 sed
1052 1239 1118 1280 ex
1163 1222 1402 1279 veritatis
1440 1220 1625 1278 fecun-

59 1313 223 1371 ditate.

112 1397 328 1463 CAPUT
359 1397 448 1463 Vi.
467 1399 645 1464 -12.
674 1397 859 1463 Ρετιι..
882 1405 1015 1462 dixit
1043 1426 1056 1460 :
1090 1406 1217 1473 Qum
1243 1423 1355 1460 cum
1379 1406 1449 1459 ita
1484 1405 1584 1460 sint
1609 1447 1624 1472 ,

60 1502 250 1569 fratres,
282 1507 396 1568 (iure
413 1507 574 1568 potest
601 1516 706 1554 esse
727 1500 1023 1568 perversitas
1046 1541 1060 1563 ,
1086 1507 1139 1552 ut
1165 1499 1251 1569 qui
1278 1497 1382 1552 suis
1407 1485 1627 1550 crimini.-

61 1590 129 1646 δια
152 1609 261 1646 reus
297 1601 398 1658 est,
432 1591 590 1645 alium
613 1592 766 1662 faciat
795 1592 1109 1646 innocentem
1131 1632 1146 1656 ,
1188 1591 1378 1645 dicente
1408 1589 1626 1644 Domino

60 1680 160 1736 Iesu
195 1680 390 1737 Christo
410 1724 424 1747 ,
477 1699 496 1733 ι
525 1681 688 1736 Arbor
718 1683 847 1736 bona
875 1675 1067 1753 fructus
1097 1675 1255 1736 bonos
1284 1681 1407 1753 facit
1433 1723 1444 1745 ,
1479 1681 1629 1735 arbor

62 1773 175 1827 mala
212 1773 370 1828 malos
406 1777 602 1845 fructus
651 1765 1073 1845 facitnnunauid
1126 1775 1369 1845 colligunt
1423 1774 1485 1828 de
1523 1774 1630 1844 spi-

61 1863 121 1918 nis
140 1879 252 1919 uvas
279 1883 298 1917 ι
330 1863 440 1936 (Id.
470 1873 563 1928 νη,
594 1865 680 1930 17,
716 1861 852 1937 lii)?
883 1865 946 1918 Et
979 1866 1179 1931 iterum,
1214 1885 1232 1917 ι
1275 1865 1450 1920 Ornuis
1480 1866 1628 1920 homo

63 1955 193 2012 bonus
225 1957 286 2012 de
321 1959 558 2013 thesauro
595 1957 762 2013 cordis
810 1960 887 2012 sui
945 1961 1138 2030 profert
1184 1957 1425 2024 bona;et
1467 1959 1628 2013 omnis

63 2046 189 2101 homo
214 2049 374 2104 malus
417 2048 479 2104 de
509 2051 742 2105 thesauro
771 2050 936 2104 cordis
966 2051 1044 2104 sui
1063 2050 1252 2120 profert
1277 2050 1410 2104 mala
1447 2068 1464 2101 ι
1497 2046 1625 2123 (Id.

65 2139 322 2207 m,35)?

119 2233 200 2289 13.
239 2233 372 2290 Anc.
418 2227 697 2304 reSpondit
745 2251 757 2288 :
810 2231 999 2288 Omnis
1051 2229 1212 2288 homo
1262 2231 1469 2288 etiamsi
1521 2248 1626 2286 non

63 2329 122 2382 sit
142 2328 245 2381 suis
272 2325 586 2382 Criminibus
608 2329 734 2384 'reu‘s
755 2370 769 2395 ,
798 2325 1025 2381 alterum
1065 2341 1169 2381 non
1219 2323 1341 2380 facit
1373 2326 1628 2380 innocen-

65 2429 188 2486 tem,
215 2422 334 2490 quia
384 2437 492 2475 non
534 2429 617 2475 est
659 2421 798 2475 Deus
823 2438 836 2474 :
866 2421 1097 2490 alioquin
1145 2420 1190 2473 si
1220 2435 1285 2473 ex
1326 2420 1628 2473 innocentia

64 2510 355 2580 baptizantis
397 2519 736 2580 exapectatur
766 2517 823 2564 ut
863 2509 953 2564 lia-t
993 2509 1292 2564 innocentia
1333 2509 1581 2578 baptizati
1611 2552 1626 2575 ,

66 2607 193 2656 tanto
216 2604 312 2659 erit
342 2606 569 2674 quisque
603 2603 960 2667 innocentior,
981 2613 1180 2673 quanto
1207 2603 1625 2658 innocentiorem

66 2709 89 2748 a
111 2711 204 2766 quo
240 2695 540 2769 baptizet'ur
578 2697 871 2761 invenerit;
897 2704 950 2751 et
979 2706 1127 2751 tanto
1171 2697 1285 2768 ipse
1313 2698 1488 2751 minus
1528 2699 1630 2752 erit

69 2788 300 2844 innocens
319 2831 333 2855 ,
359 2791 562 2860 quanto
591 2797 645 2844 et
671 2785 760 2843 ilie
789 2805 817 2842 a
847 2799 949 2858 qu‘n
979 2789 1295 2858 baptizatur.
1324 2789 1389 2843 Et
1421 2791 1461 2842 si
1495 2789 1629 2844 forte

68 2889 223 2935 contra
251 2877 480 2950 aliquem
521 2889 666 2936 tenet
693 2879 870 2933 odium
917 2881 1004 2948 qui
1046 2880 1275 2949 baptizat
1297 2923 1312 2946 ,
1345 2881 1444 2935 hoc
1469 2889 1525 2935 et
1555 2881 1628 2935 illi

69 2971 142 3041 qui
165 2969 478 3043 baptizatur,
505 2969 874 3041 imputabitur.
907 2970 1107 3040 thnid
1137 2982 1265 3041 ergo
1319 2972 1481 3026 miser
1507 2979 1629 3026 cur-

69 3063 126 3117 rit
147 3063 202 3118 ad
229 3061 595 3134 Baptismum?
628 3061 694 3118 Ut
720 3064 766 3118 ei
795 3061 1131 3117 dimittantur
1156 3072 1366 3133 peccata
1399 3079 1490 3119 sua
1515 3108 1529 3130 ,
1561 3079 1627 3119 an

70 3166 118 3211 ut
137 3158 466 3230 imponantur
490 3155 696 3212 aliena?
728 3157 807 3211 An
835 3158 969 3212 sicut
1001 3157 1150 3210 navis
1178 3159 1488 3212 mercatoris
1530 3159 1629 3213 alia

71 3259 236 3320 ponat,
264 3251 365 3305 alia
388 3249 684 3320 suscipiat?
705 3249 965 3305 Arborem
1007 3259 1186 3304 autem
1223 3250 1415 3304 bonam
1445 3261 1496 3304 et
1520 3251 1631 3305 l'ru-

73 3349 194 3396 ctum
232 3341 343 3413 ejus
386 3342 623 3409 bonum,
665 3349 720 3396 et
763 3342 1008 3396 arborem
1050 3342 1245 3396 malam
1294 3352 1347 3396 et
1403 3342 1629 3396 fructum

73 3433 168 3501 ejus
191 3436 414 3499 malum,
450 3433 694 3489 homines
733 3433 969 3488 solemus
1012 3432 1344 3503 intelligere,
1376 3441 1429 3488 et
1471 3447 1630 3502 opera

73 3539 267 3596 eorum,
305 3528 444 3584 sicut
504 3527 893 3597 cbnsequentcr
953 3527 1253 3581 ostenditur
1301 3527 1357 3580 in
1412 3527 1629 3595 verbis,

73 3631 172 3689 qua:
211 3632 260 3677 tu
287 3633 501 3693 queque
528 3621 958 3677 commemorasti
987 3637 1000 3674 :
1031 3617 1204 3674 Bonus
1242 3621 1389 3674 homo
1418 3621 1480 3674 de
1505 3621 1632 3674 bono

75 3714 282 3768 thesauro
304 3715 472 3769 cordis
492 3715 570 3768 sui
599 3717 790 3785 profert
812 3713 960 3779 bona;
991 3725 1034 3767 et
1057 3714 1217 3767 malus
1243 3714 1390 3768 homo
1415 3714 1475 3768 de
1501 3716 1632 3770 malo

79 3804 281 3860 thesauro
309 3791 475 3860 cordis
506 3808 585 3860 sui
612 3809 801 3877 profert
829 3804 984 3859 mala.
1017 3805 1148 3860 Cum
1181 3814 1357 3860 autem
1385 3807 1477 3860 Dei
1505 3819 1629 3860 ver-

76 3896 181 3951 bum
221 3895 510 3969 praedicat,
543 3897 638 3952 Dei
685 3905 1073 3951 sacramentum
1102 3895 1388 3965 ministrat,
1423 3909 1526 3952 non
1568 3899 1634 3953 de

79 4001 159 4041 suo
179 4029 193 4054 ,
216 3990 257 4044 si
289 3989 461 4043 malus
503 3998 618 4050 est,
649 3987 903 4058 prmdicat
951 3997 1040 4041 aut
1067 3988 1331 4042 ministrat
1364 4005 1376 4041 :
1407 3988 1500 4043 sed
1545 3987 1636 4044 dc-

77 4081 314 4149 putabitnr
339 4084 389 4137 in
421 4083 501 4138 eis
521 4125 535 4148 ,
571 4081 637 4137 de
662 4082 851 4152 quibus
888 4071 1085 4136 dictum
1114 4090 1194 4136 cst
1218 4123 1230 4145 ,
1265 4081 1392 4149 Qum
1421 4082 1594 4136 dicunt
1618 4125 1631 4147 ,

82 4175 238 4242 facite;
260 4191 371 4244 quae
396 4185 565 4228 autem
594 4173 817 4242 faciunt,
846 4173 1013 4242 facere
1036 4173 1191 4227 nolite
1216 4187 1236 4227 :
1265 4172 1447 4227 dicunt
1493 4174 1635 4228 enim

81 4279 179 4332 quae
203 4268 285 4321 Dei
306 4275 428 4322 sunt
455 4307 467 4330 ,
495 4266 694 4320 faciunt
735 4273 910 4320 autem
958 4273 1074 4336 quae
1114 4280 1206 4320 sua
1253 4277 1394 4320 sunt.
1431 4265 1561 4320 Nam
1590 4269 1636 4323 si

81 4356 141 4410 ita
159 4367 266 4426 est,
297 4367 355 4414 ut
391 4358 528 4412 dicis
552 4399 566 4423 ,
606 4357 664 4411 id
711 4367 791 4412 est
821 4397 836 4422 ,
868 4356 1069 4412 fructus
1115 4353 1494 4426 baptizantium
1533 4359 1634 4427 ipsi

81 4447 295 4520 baptizati
313 4451 704 4514 existimantur;
727 4459 976 4520 magnum
995 4449 1191 4503 malum
1212 4449 1400 4502 Africre
1427 4449 1635 4503 denun-

85 4543 220 4604 tiatis,
250 4548 292 4600 si
316 4549 392 4601 let
415 4531 594 4615 Ορωιὶ
617 4543 1034 4614 pullulaveruut,
1063 4551 1322 4613 quotquot
1347 4543 1637 4613 baptizavit

83 4633 298 4706 Optam's.
1257 4687 1262 4694 .

142 4727 348 4787 CAPUT
385 4719 571 4786 Vll.-
598 4729 683 4783 Li.
718 4728 902 4782 PETiL.
943 4727 1075 4781 dixit
1106 4744 1119 4780 :
1155 4725 1416 4780 Etiterum
1441 4770 1453 4791 ,
1486 4747 1504 4778 ‹
1540 4728 1636 4796 Qui

89 4821 381 4892 baptizatur‘a
401 4833 617 4892 mortuo,
634 4827 741 4876 "non
768 4821 810 4875 ei
834 4822 1033 4891 prodest
1057 4819 1238 4873 lavatio
1264 4821 1372 4890 ejus
1395 4838 1412 4872 ι
1449 4819 1633 4891 (Εεειί.

93 4928 250 4980 xmv,
275 4915 382 4987 30).
411 4909 534 4969 Non
559 4925 812 4968 mortuum
834 4956 848 4979 ,
877 4929 1058 4983 corpus
1078 4913 1322 4976 exanime,
1352 4930 1442 4967 nec
1474 4915 1637 4968 homi-

92 5007 152 5059 uis
184 5007 322 5075 {unus
371 4996 653 5077 porrectum
693 5006 907 5060 asseruit
951 5021 1055 5058 esse
1099 5005 1402 5074 baptistam;
1427 5005 1516 5059 sed
1545 5004 1638 5059 Dei

91 5115 171 5152 non
198 5087 725 5170 habtﬁléﬁt'spiri’tutu
744 5139 759 5162 ,
787 5099 872 5170 qui
907 5109 1100 5152 mortuo
1132 5107 1482 5169 comparatur,
1511 5099 1639 5152 sicut

93 5193 174 5247 alio
212 5195 312 5250 loco
337 5177 598 5270 discipulo
637 5182 963 5266 manifestat,
993 5184 1265 5263 Evangelia
1316 5203 1636 5255 protestante.

92 5287 158 5340 Ait
191 5283 458 5364 discipulus
503 5275 612 5362 ips
640 5305 658 5343 :
695 5295 714 5339 ἰ
752 5275 983 5352 Domine,
1005 5288 1230 5358 permitte
1278 5286 1401 5341 mihi
1432 5287 1642 5357 sepelire

89 5379 257 5449 pati-eiii
297 5377 621 5458 ineunti-Ait
663 5379 739 5436 illi
767 5380 918 5436 Jesus
950 5394 967 5434 :
1001 5389 1021 5431 ἰ
1056 5378 1274 5450 Sequere
1319 5395 1414 5446 me,
1463 5387 1508 5432 et
1536 5379 1643 5432 sine

93 5473 313 5545 mortuos,
339 5455 568 5534 'u'toriito's
610 5493 727 5530 suos
764 5474 1009 5545 sepeliant
1043 5494 1060 5526 ι
1093 5473 1108 5543 (
1135 5471 1323 5528 Matth.
1379 5479 1468 5528 vni
1489 5514 1503 5539 ,
1535 5471 1638 5539 21,

93 5563 201 5635 Ἡ).
243 5570 395 5626 Pater
433 5570 671 5638 discipuli
723 5584 824 5621 non
869 5577 974 5621 erat
1033 5567 1346 5635 baptizatus,
1390 5583 1642 5637 paganum

96 5662 274 5726 Paganis
296 5662 491 5716 addixit
515 5675 530 5714 ε
553 5661 652 5714 nisi
679 5659 770 5713 hoc
792 5659 853 5713 de
869 5658 1157 5728 inﬁdelibus
1180 5659 1382 5724 dixerit,
1407 5657 1642 5711 Mortuus

97 5760 311 5806 mortuum
353 5770 452 5808 nou
507 5761 665 5823 potest
712 5753 939 5823 sepelire.
975 5750 1206 5805 Mortuus
1246 5749 1397 5821 igitur
1442 5747 1642 5822 quidem

3203 267 3313 345 ἀεὶ

1733 404 1832 440 non
1857 389 2025 456 aliqua
2052 401 2209 444 morte
2231 391 2268 458 ί,
2293 392 2380 446 sed
2407 393 2506 447 vita
2531 412 2624 450 sua
2651 383 2934 467 percussus.
2966 395 3107 457 Nam
3134 406 3220 475 qui
3245 405 3316 460 sic

1729 479 1840 531 vivit
1868 488 1918 531 ut
1944 497 2057 533 reus
2084 483 2165 545 sit,
2191 484 2289 536 vita
2313 496 2509 539 mortua
2548 489 2817 542 cruciatur.
2848 491 2890 544 Α
2931 505 3127 548 mortuo
3161 495 3315 567 igitur

1731 567 1996 640 baptizari,
2029 573 2120 626 hoc
2151 583 2222 626 est
2253 586 2460 629 mortent
2491 580 2794 649 sumpsisse,
2819 599 2920 637 non
2939 587 3114 638 vitam.
3143 587 3312 657 Agen-

1731 662 1851 716 dum
1875 663 2016 717 uobis
2045 674 2088 718 et
2112 665 2382 721 dicendum
2410 681 2481 724 est
2507 713 2521 739 ,
2546 684 2788 742 quatenus
2825 678 3036 732 traditor
3057 681 3155 733 vita
3183 698 3319 735 mor-

1733 764 1847 810 tuus
1875 755 2136 812 habeatur.
2173 753 2404 814 Mortuus
2440 773 2512 817 est
2540 763 2625 818 ille
2649 767 2733 834 qui
2756 761 3016 835 B'aptismo
3038 788 3152 825 vero
3178 774 3319 827 nasci

1732 865 1830 902 non
1854 850 2053 915 meruit;
2086 862 2310 908 mortuus
2334 864 2406 907 est
2436 853 2520 909 ille
2541 855 2771 912 similiter
2791 851 2875 927 qui
2897 864 3029 929 iusto
3058 847 3318 934 Baptismo

1730 942 1926 1012 genitus
1953 941 2140 997 mixtus
2170 954 2240 999 est
2267 945 2497 1000 traditori
2519 964 2537 1001 :
2558 950 2702 1003 ambo
2737 947 2889 1004 vilam
2927 941 3172 1022 Baptismi
3219 973 3318 1010 non

1733 1032 2015 1124 habent,et
2044 1031 2128 1106 qui
2169 1038 2426 1107 nunquam
2476 1041 2673 1110 penitus
2720 1033 2892 1096 habuit
2917 1085 2933 1110 ,
2958 1037 3001 1099 et
3030 1046 3116 1124 (ιειὶ
3145 1035 3312 1101 habui?

1733 1135 1779 1179 et
1807 1115 1994 1181 amisit.
2031 1120 2161 1182 Dicit
2191 1131 2321 1184 enim
2361 1131 2609 1188 Dominus
2625 1129 2774 1188 Jesus
2801 1127 3026 1191 Christus
3111 1158 3129 1191 ί
3159 1141 3319 1194 Αάυθο

1732 1217 1869 1271 nient
1898 1218 1950 1272 in
1984 1236 2096 1273 eum
2121 1230 2310 1290 septem
2337 1224 2542 1293 spiritus
2572 1227 2854 1295 nequiores,
2873 1235 2918 1282 e't
2949 1221 3041 1282 erit
3068 1229 3215 1286 homo
3235 1232 3320 1288 ille

1733 1307 1948 1366 deterior
1973 1303 2140 1383 priere
2162 1333 2179 1366 ι
2211 1313 2258 1385 (1
2267 1305 2317 1368 d.
2347 1331 2440 1382 xu,
2464 1315 2578 1385 45).

1804 1404 1892 1459 15.
1935 1405 2066 1460 Anc.
2107 1397 2385 1475 reSpondit
2418 1426 2430 1462 :
2461 1393 2772 1479 Diligentius
2820 1403 3001 1483 quaere
3053 1417 3322 1486 quomodo

1733 1491 1931 1549 dictum
1972 1505 2028 1550 et
2070 1491 2339 1565 quomodo
2391 1497 2791 1569 intelligendum
2839 1493 2909 1560 sit
2959 1508 3320 1566 testimonium

1733 1585 1873 1658 quod
1923 1575 1990 1643 de
2027 1585 2295 1659 Scriptura
2325 1594 2563 1661 posuisti.
2590 1584 2721 1650 Nam
2764 1589 2884 1668 quia
2915 1602 3107 1656 mortui
3150 1605 3324 1660 solent

1735 1680 1958 1752 mystice
1986 1681 2240 1751 appellari
2269 1699 2455 1740 omnes
2478 1685 2664 1756 iniqui,
2695 1678 3036 1747 manifestum
3067 1703 3150 1749 est
3181 1713 3194 1750 :
3223 1695 3319 1752 sed

1735 1771 2010 1841 Christus,
2045 1775 2196 1844 cuius
2241 1787 2322 1832 est
2361 1777 2630 1848 Bap'tisma
2675 1798 2892 1851 verum,
2920 1786 3061 1855 quod
3105 1799 3324 1858 propter

1736 1861 1968 1918 hominis
1993 1865 2119 1920 vitia
2149 1865 2324 1922 dicitis
2353 1868 2564 1937 falsum,
2593 1872 2720 1925 vivit
2743 1874 2936 1930 sedens
2956 1877 3020 1931 ad
3048 1877 3322 1935 dexteram

1737 1941 1909 2010 Patris
1930 1998 1944 2021 ,
1977 1967 2030 2012 et
2069 1974 2168 2013 nec
2202 1959 2314 2029 ipsa
2342 1962 2518 2017 carnis
2547 1963 2855 2020 inﬁrmitate
2885 1967 2994 2037 jam
3025 1971 3281 2026 morietur
3303 2011 3320 2039 ,

1733 2059 1787 2124 et
1812 2055 1956 2104 mors
1981 2053 2028 2106 ei
2056 2053 2190 2107 ultra
2218 2070 2323 2108 non
2353 2054 2709 2112 dominabitur
2743 2057 2916 2130 (Rom.
2947 2077 3021 2128 vl,
3041 2062 3098 2132 9)
3132 2081 3146 2118 :
3169 2065 3323 2135 cujus

1736 2139 2008 2226 Baptismo
2037 2143 2127 2212 qui
2159 2143 2482 2215 baptizatur,
2510 2162 2614 2201 non
2657 2163 2686 2202 a
2726 2163 2937 2207 mortuo
2981 2151 3275 2222 baptizatur
3303 2172 3320 2224 ;

1735 2239 1788 2286 et
1827 2232 1870 2286 si
1915 2230 2053 2288 forte
2092 2235 2318 2290 ministri
2348 2238 2575 2306 operarii
2601 2239 2773 2294 dolosi
2797 2242 2817 2272 '
2849 2229 2949 2298 sua
2971 2253 3276 2314 quaerentes
3302 2289 3319 2316 ,

1738 2343 1842 2382 non
1871 2345 1988 2399 quas
2014 2329 2138 2384 Jesu
2168 2329 2364 2386 Christi
2391 2374 2404 2398 ,
2434 2342 2488 2388 et
2523 2331 2867 2405 Evangelium
2900 2353 3005 2392 non
3041 2348 3187 2394 caste
3224 2356 3322 2395 an-

1735 2422 2062 2489 nuntiantes,
2083 2433 2137 2478 et
2160 2423 2430 2479 Christum
2452 2441 2549 2496 per
2574 2429 2969 2485 contentionem
2996 2441 3050 2486 et
3069 2432 3322 2489 invidiam

1735 2515 2108 2586 praediatutes,
2142 2528 2358 2588 propter
2384 2519 2688 2590 iniquitates
2717 2538 2840 2577 suas
2866 2517 3060 2580 mortui
3089 2535 3213 2581 sunt
3233 2542 3326 2598 ap-

1737 2609 1992 2678 pellandi,
2012 2609 2413 2666 Saerameutum
2445 2624 2619 2668 tamen
2650 2615 2742 2670 Dei
2774 2617 2877 2671 vivi
2910 2634 3007 2673 nec
3035 2620 3084 2672 in
3114 2629 3325 2677 mortuo

1738 2703 1982 2758 moritur.
2009 2703 2242 2758 Mortuus
2269 2706 2412 2759 enim
2442 2714 2556 2759 erat
2581 2707 2762 2762 Simon
2795 2709 2884 2762 ille
2925 2726 2955 2764 a
2998 2701 3240 2782 Philippo
3269 2711 3322 2767 in

1739 2797 1976 2853 Samaria
2027 2798 2354 2868 baptizatus,
2383 2800 2472 2870 qui
2506 2795 2701 2854 denum
2735 2802 2825 2857 Dei
2856 2804 3064 2858 volebat
3101 2807 3324 2874 pecunia

1737 2909 2047 2962 comparare
2081 2894 2214 2966 (Act.
2249 2893 2587 2962 vm,l5,18,
2621 2895 2713 2965 l9)
2741 2897 2868 2952 :sed
2889 2898 3105 2972 vivebat,
3123 2899 3188 2954 ad
3209 2899 3324 2971 ejus

1741 3002 1950 3056 poenam
1983 2987 2250 3056 Baptisms
2278 2987 2420 3057 quod
2450 2987 2698 3044 habebat.

1812 3078 1897 3133 l6.
1922 3077 2088 3144 Quam
2115 3079 2183 3132 sit
2208 3087 2381 3133 autem
2416 3079 2600 3133 falsum
2633 3080 2773 3150 quod
2803 3065 2958 3150 dicis,
2989 3071 3146 3139 Ambo
3175 3088 3326 3145 vitam

1734 3167 1981 3238 Baptismi
2011 3187 2112 3223 non
2138 3170 2342 3239 habent,
2363 3179 2409 3223 et
2432 3171 2518 3242 qui
2545 3189 2802 3244 nunquam
2829 3176 3026 3244 penitus
3054 3177 3248 3247 habuit,
3277 3189 3328 3238 et

1738 3262 1824 3330 qui
1850 3262 2022 3315 habuit
2048 3271 2093 3314 et
2113 3263 2304 3322 amisit;
2335 3262 2460 3317 hinc
2484 3263 2608 3317 licet
2631 3264 2906 3330 advertas,
2937 3267 3078 3336 quod
3108 3271 3196 3338 qui
3228 3270 3324 3324 ba-

1739 3353 1916 3422 ptizati
1947 3362 2250 3424 apostatant
2272 3395 2286 3419 ,
2318 3365 2373 3407 et
2402 3370 2495 3422 per
2540 3355 2900 3424 paenitentiam
2927 3358 3188 3423 redeunt,
3219 3378 3326 3418 non

1739 3449 1819 3500 cis
1845 3443 2084 3499 redditur
2114 3445 2444 3514 Baptismus,
2470 3461 2628 3515 quem
2657 3447 2700 3500 si
2733 3447 3056 3515 amitterent,
3085 3451 3328 3509 reddere.

1739 3546 1844 3592 tur.
1872 3537 2062 3591 llortui
2099 3553 2226 3592 sane
2257 3538 2418 3592 vestri
2449 3537 2715 3607 quomodo
2744 3537 3012 3607 baptizant
3031 3544 3326 3599 secundum

1739 3648 1952 3688 sensum
1984 3632 2262 3687 vestrm?
2288 3632 2371 3686 An
2401 3632 2596 3686 mortui
2627 3646 2732 3686 non
2765 3643 2889 3686 sunt
2913 3634 2997 3704 (ut
3022 3645 3212 3691 etetera
3243 3647 3326 3692 ta-

1738 3741 1907 3790 ceam,
1933 3735 1986 3781 et
2014 3727 2184 3781 dicam
2211 3727 2351 3797 quod
2380 3726 2627 3782 omnibus
2657 3738 2840 3782 notum
2872 3737 3028 3798 atque
3063 3731 3328 3798 quotidia-

1740 3833 1864 3871 num
1893 3815 1995 3890 est)
2020 3818 2234 3884 ebriosi;
2264 3835 2382 3872 cuiu
2415 3821 2482 3874 de
2506 3819 2660 3873 vidua
2691 3819 2835 3874 dicat
2860 3820 3169 3890 Apostolus,
3200 3823 3328 3892 Qua:

1744 3922 1911 3962 autem
1932 3911 1982 3962 in
2010 3911 2201 3963 deliciis
2223 3911 2356 3982 agit,
2386 3911 2552 3965 vivens
2578 3920 2774 3966 mortua
2800 3922 2872 3965 est
2899 3911 2945 3983 (Ι
2975 3913 3103 3966 Tim.
3133 3929 3166 3970 v
3186 3955 3201 3980 ,
3231 3915 3328 3988 b')?

1741 4003 1942 4058 Deinde
1984 4004 2033 4057 in
2063 4004 2154 4058 illo
2182 4004 2408 4059 concilio
2435 4014 2613 4058 vestro
2632 4046 2644 4066 ,
2679 4020 2784 4074 quo
2808 4005 3179 4061 Maximianum
3205 4023 3327 4064 cum

1740 4097 1850 4149 suis
1879 4097 2183 4150 auctoribus
2229 4096 2311 4151 vel
2359 4096 2468 4150 suis
2505 4097 2762 4150 ministris
2783 4097 3096 4165 damnastis,
3129 4101 3328 4156 excidit

1743 4188 1833 4241 tibi
1865 4205 2018 4256 quam
2057 4189 2370 4257 eloquenter
2416 4187 2657 4240 dixeritis
2683 4229 2696 4250 ,
2738 4187 3102 4258 Egyptiorum
3151 4191 3328 4248 admo-

1741 4279 1858 4332 dum
1882 4277 2110 4346 exemplo
2130 4320 2144 4343 ,
2169 4279 2480 4343 pereuntium
2504 4277 2763 4347 [uneribus
2790 4280 2937 4345 plena
2966 4289 3081 4332 sunt
3110 4281 3279 4334 littora
3304 4299 3327 4346 ,-

1739 4372 1986 4442 quibusin
2008 4371 2118 4440 ipsa
2145 4378 2302 4422 morte
2322 4371 2485 4438 major
2510 4379 2582 4422 est
2605 4386 2769 4437 paena,
2795 4371 2927 4439 (ptod
2949 4381 3057 4438 post
3079 4381 3326 4427 extortam

1740 4464 1882 4534 aquis
1906 4461 2162 4516 ultricibus
2187 4462 2442 4528 animam,
2473 4478 2561 4515 nec
2583 4464 2748 4530 ipsam
2777 4463 3066 4517 invenerunt
3099 4465 3328 4533 sepultu-

1739 4575 1848 4610 ram
1872 4556 1895 4608 ?
1918 4556 1982 4610 Et
2010 4565 2186 4608 tamen
2216 4569 2347 4609 unus
2373 4569 2556 4609 eorum
2584 4555 2879 4610 Felicianus
2911 4569 3085 4611 utrum
3115 4559 3325 4614 revixe-

1740 4649 1827 4712 rit,
1853 4662 1948 4701 vos
1979 4645 2218 4700 videritis
2249 4664 2259 4698 :
2288 4661 2466 4700 secum
2498 4658 2669 4700 tamen
2695 4647 2831 4716 apud
2858 4663 2949 4702 vos
2977 4648 3117 4703 intus
3143 4649 3320 4715 habet,

1741 4753 1873 4810 quos
1915 4737 2044 4792 foris
2087 4747 2330 4792 mortuus
2363 4737 2662 4808 baptizavit.
2697 4739 2841 4792 Sient
2877 4755 3004 4808 ergo
3029 4757 3056 4791 a
3088 4740 3206 4795 vivo
3235 4741 3326 4797 ba-

1742 4831 2006 4902 ptizatur,
2038 4829 2130 4900 qui
2175 4830 2278 4884 vivi
2325 4828 2522 4884 Christi
2568 4831 2836 4898 Baptismo
2878 4832 3142 4898 induitur;
3175 4835 3251 4888 sic
3289 4850 3324 4889 ~a

1743 4935 1953 4979 mortuo
1987 4923 2299 4993 baptizatur,
2332 4922 2419 4993 qui
2450 4924 2640 4976 mortui
2667 4923 2902 4988 Saturni,
2933 4924 3014 4978 vel
3045 4925 3326 4994 enjuslibet

1743 5020 1959 5072 alterius
1979 5018 2245 5086 Baptismo
2269 5016 2554 5070 involvitur
2581 5036 2592 5070 :
2619 5027 2674 5070 ut
2701 5018 2911 5071 interim
2940 5020 3046 5075 cito
3066 5001 3322 5088 dicamus,

1743 5108 2008 5178 quomodo
2033 5107 2189 5162 verba
2214 5123 2333 5177 qua:
2354 5107 2592 5175 posuisti,
2616 5108 2730 5162 sine
2751 5109 3058 5178 cujusquam
3081 5121 3325 5169 nostrum

1746 5201 1989 5270 angustia
2018 5199 2219 5269 possint
2248 5198 2488 5267 intelligi.
2517 5197 2648 5252 Nam
2677 5199 2813 5253 sicut
2835 5187 3163 5271 aCcipiuntur
3181 5221 3209 5258 a
3229 5220 3324 5260 vo-

1744 5290 1861 5355 bis,
1891 5308 1994 5372 non
2028 5307 2121 5347 vos
2147 5291 2413 5362 explicare
2434 5331 2450 5357 ,
2477 5288 2574 5347 sed
2613 5305 2714 5346 nos
2744 5291 3016 5349 vobiscum
3054 5283 3326 5366 implicare

1746 5383 2082 5440 contenditis.

1816 5475 2038 5559 CAPUT
2081 5475 2211 5531 VIII.
2251 5505 2320 5514 —
2359 5476 2445 5531 17.
2485 5474 2668 5531 Ρετιι..
2700 5461 2834 5530 dixit
2867 5493 2879 5530 :
2913 5463 3208 5547 Agendum,
3237 5463 3321 5530 inA-

1809 5591 1826 5658 ξ
1861 5595 1985 5648 Mss,
2011 5587 2129 5651 quid
2146 5586 2261 5640 est?
2284 5597 2390 5658 Non
2402 5588 2758 5658 atiqgta__morle-
2963 5655 2999 5658 ,ι
3301 5647 3309 5658 ι

1809 5654 1829 5715 ’_
1865 5659 2159 5715 mutetur”
2185 5651 2392 5715 operarii
2414 5651 2607 5715 diaboli.
2629 5658 2689 5715 7M
2727 5657 2833 5701 ιον.
2878 5658 2928 5700 et
2961 5655 3088 5708 Mssa
3113 5651 3327 5714 operum

1747 5713 1913 5779 dolosi.
1942 5713 2112 5779 alludit
2137 5713 2423 5779 augustinus
2441 5715 2499 5762 ad
2524 5713 2812 5779 illudncor.
2836 5722 2907 5779 δι,
2948 5715 3032 5763 ιῦτ
3063 5713 3179 5767 Nam
3202 5716 3324 5779 rjus~

1747 5777 1877 5828 modi
1904 5773 2277 5840 pseudoapostoli
2300 5783 2410 5826 sunt
2440 5773 2651 5839 operarii
2675 5773 2878 5824 subdoli.
