3796 6132
75 229 168 288 965

72 342 255 400 inflaris
277 340 547 401 adversus
575 357 661 401 me
686 344 752 401 de
778 343 1081 414 traditione,
1105 358 1224 418 quae
1249 359 1350 402 nec
1377 360 1495 402 mea
1527 355 1610 402 est
1631 386 1648 411 ,

72 449 154 491 nec
178 444 290 502 tua,
319 435 367 490 si
392 446 570 492 manet
585 436 714 492 illud
742 446 970 509 pactum,
1001 447 1058 493 ut
1081 454 1187 494 non
1212 439 1367 495 nobis
1390 441 1407 471 ⁸
1431 439 1652 509 objicia-

72 541 172 582 mus
214 526 437 594 aliena;
480 531 524 582 si
585 537 762 584 autem
810 544 917 584 non
965 539 1166 597 manet,
1215 539 1304 585 tua
1362 530 1540 600 potius
1567 537 1654 584 est

73 633 212 688 quam
242 619 409 674 mea?
453 619 768 690 Quanquam
799 630 855 676 et
898 631 1149 676 manente
1196 621 1287 676 illo
1315 629 1470 692 pacto
1510 619 1652 675 arbi-

76 719 173 765 tror
195 725 284 766 me
304 711 605 780 justissime
630 711 829 777 dicere,
860 720 918 767 ut
935 712 1025 768 ille
1046 712 1314 782 judicetur
1337 711 1514 767 socius
1533 712 1653 782 ejus

74 802 147 872 qui
192 803 410 859 tradidit
459 803 752 871 Christum,
802 805 893 876 qui
945 819 1070 860 cum
1116 813 1230 861 toto
1277 805 1410 860 orbe
1454 819 1560 858 non
1594 818 1654 858 se

74 893 271 950 tradidit
310 895 545 952 Christo.
578 895 738 968 Ergo,
772 897 946 968 inquit
983 898 1292 968 Apostolus,
1327 898 1544 951 Abralue
1571 913 1653 951 se-

76 1002 173 1038 men
215 987 355 1053 estis,
385 986 663 1041 secundum
692 987 1075 1056 promissione»:
1104 988 1327 1042 hceredes
1352 986 1549 1057 (Galat.
1573 1003 1653 1052 ιιι,

75 1078 174 1149 29).
203 1078 272 1133 Et
301 1079 496 1134 iterum
522 1079 654 1134 dicit
686 1097 698 1132 :
733 1079 976 1134 eredes
995 1079 1196 1151 quidem
1227 1079 1341 1146 Dei,
1369 1079 1655 1134 cohaeredes

77 1180 223 1224 autem
250 1170 441 1226 Christi
464 1171 638 1243 (Rom.
661 1187 774 1236 Vill,
801 1171 915 1243 I7).
941 1170 1192 1242 Idemque
1213 1186 1398 1226 semen
1426 1169 1657 1226 Abrahae

76 1262 130 1317 ad
156 1277 342 1319 omnes
387 1272 575 1334 gentes
619 1264 891 1334 pertinere
919 1262 1254 1318 demonstrat
1280 1278 1343 1318 ex
1372 1263 1485 1330 illo,
1516 1260 1658 1332 quod

78 1354 288 1411 Abrahae
317 1355 521 1412 dictum
553 1366 636 1413 est
663 1374 676 1410 :
710 1356 777 1412 In
797 1357 984 1412 semine
1003 1367 1088 1411 tuo
1109 1356 1464 1412 benedicentur
1484 1372 1657 1410 omnes

77 1458 226 1518 gentes
267 1447 421 1519 (Gen.
469 1465 598 1515 χιιι,
632 1448 746 1518 18).
793 1449 1132 1520 Quapropter
1157 1457 1285 1520 puto
1309 1449 1510 1519 justum
1541 1463 1661 1504 esse

77 1539 202 1612 quod
245 1541 479 1612 postulo,
524 1551 583 1596 ut
633 1550 1008 1598 testamentum
1042 1542 1158 1609 Dei,
1208 1541 1348 1613 quod
1375 1541 1485 1612 jam
1532 1541 1658 1596 olim

77 1642 301 1702 apertum
346 1642 451 1700 est,
494 1632 825 1704 aliquantum
857 1634 1221 1698 advertamus,
1247 1642 1303 1689 et
1347 1649 1507 1705 quem
1554 1649 1660 1688 non

79 1722 424 1780 invenerimus
475 1723 655 1780 traditi
702 1723 1080 1790 coltzeredem,
1139 1725 1313 1796 ipsum
1361 1725 1663 1794 judicemus

80 1814 331 1870 traditoris
363 1814 671 1882 baeredem;
720 1816 809 1872 ille
837 1817 1101 1886 pertineat
1141 1815 1208 1871 ad
1251 1816 1447 1870 Clu-isti
1477 1814 1664 1870 vendi-

83 1915 259 1974 torem,
288 1909 382 1980 qui
425 1907 698 1965 Christum
727 1919 886 1980 negat
927 1909 1073 1965 orbis
1098 1917 1416 1980 emptorem.
1463 1907 1666 1978 Nempe

81 2001 276 2070 quando
309 2015 368 2057 se
394 2010 517 2071 post
540 2001 990 2058 resurrectionem
1015 2001 1292 2071 discipulis
1322 2000 1664 2055 demonstra-

82 2093 162 2158 vit,
206 2092 548 2164 ctpalpanda
579 2093 816 2148 membra
857 2093 1221 2148 dubitantibus
1263 2092 1513 2164 praebuit,
1563 2093 1668 2148 hoc

83 2182 176 2239 illis
222 2185 296 2238 ait
325 2203 338 2239 :
371 2183 623 2250 Quoniam
662 2185 734 2239 sic
787 2185 1032 2255 scriptum
1074 2192 1168 2252 est,
1200 2193 1247 2238 et
1290 2186 1363 2238 sic
1407 2183 1671 2255 oportebat

83 2274 324 2330 Christum
353 2278 482 2347 pati,
509 2287 557 2332 et
594 2293 854 2348 resurgere
891 2277 1037 2330 tertia
1077 2277 1178 2342 die,
1209 2285 1256 2331 et
1300 2277 1570 2347 praedicari
1616 2277 1672 2332 in

85 2367 275 2422 nomine
304 2369 415 2439 ejus
435 2369 781 2439 paenitentiam
805 2377 852 2422 et
877 2368 1220 2423 remissionem
1246 2378 1564 2440 peccatorum
1585 2385 1674 2440 per

88 2474 246 2513 omnes
261 2467 452 2531 gentes,
471 2459 823 2532 incipientibus
843 2461 906 2514 ab
930 2459 1216 2516 Jerusalem
1241 2461 1557 2532 (Luc.xx1v,
1580 2461 1670 2528 46,

90 2549 194 2620 47).
211 2549 345 2606 Ecce
357 2565 387 2604 a
400 2565 502 2622 qua
515 2549 826 2606 haereditate
838 2567 935 2607 vos
947 2551 1190 2607 alienatis
1209 2570 1221 2607 :
1237 2567 1362 2609 ecce
1373 2553 1456 2608 cui
1474 2553 1675 2609 haeredi

90 2642 346 2698 resistitis.
380 2642 530 2699 Itane
555 2658 685 2700 vero
712 2653 959 2714 parceret
986 2644 1202 2700 Christo
1233 2645 1286 2701 in
1314 2655 1453 2702 terra
1481 2648 1672 2702 ambu-

97 2735 236 2802 lanti,
269 2735 360 2807 qui
404 2735 724 2792 contradicit
765 2737 818 2791 in
866 2737 1006 2793 coelo
1050 2737 1299 2793 sedenti?
1339 2738 1528 2794 Adhuc
1569 2755 1677 2796 non

97 2828 383 2900 intelligitis
412 2830 663 2900 quoniam
695 2829 950 2902 quidquid
977 2831 1131 2887 nobis
1161 2832 1412 2902 objicitis,
1442 2835 1677 2889 sermoni

95 2919 201 2988 ejus
227 2920 477 2990 objicitis.
511 2921 848 2977 Promittitur
877 2923 1201 2979 christianus
1225 2923 1390 2991 orbis,
1424 2933 1478 2980 et
1502 2924 1678 2980 credi-

98 3013 513 3085 turzimpletur,
559 3024 614 3071 et
659 3015 1062 3072 contradicitur.
1108 3015 1370 3087 Cogitate,
1417 3017 1674 3082 obsecro,

98 3105 212 3177 quid
241 3106 345 3176 pati
371 3121 471 3178 pro
497 3115 641 3162 tanta
687 3107 963 3179 impietate
1005 3108 1303 3174 debuistis;
1351 3118 1403 3164 et
1430 3117 1606 3164 tamen
1633 3109 1680 3164 si

101 3197 216 3268 quid
247 3199 384 3269 passi
413 3200 545 3255 estis
575 3199 780 3266 nescio,
808 3215 914 3256 non
944 3200 1075 3269 vidi,
1107 3216 1212 3256 non
1238 3200 1342 3256 feci
1375 3219 1388 3255 :
1423 3210 1476 3256 tu
1500 3200 1678 3269 hodie,

101 3290 183 3362 qui
212 3305 314 3345 non
355 3291 555 3361 pateris
581 3292 689 3346 vim
735 3292 1130 3364 persecutionis
1158 3308 1314 3361 meae,
1361 3292 1524 3348 redde
1552 3293 1682 3348 mihi

103 3385 347 3442 rationem
375 3387 731 3456 separationis
759 3396 882 3442 tute.
916 3385 1023 3442 Sed
1045 3386 1236 3442 iterum
1259 3401 1321 3441 ac
1342 3400 1484 3455 saepe
1510 3385 1683 3440 dictu-

105 3490 188 3530 rus
211 3492 287 3543 es,
321 3492 440 3548 qua:
469 3478 514 3532 si
558 3492 662 3533 non
712 3479 927 3550 probas,
959 3478 1026 3533 ad
1073 3478 1342 3534 neminem
1373 3477 1638 3548 pertinent
1669 3494 1681 3531 :

106 3568 146 3624 si
169 3579 336 3625 autem
370 3569 581 3640 probas,
627 3569 694 3626 ad
720 3585 806 3626 me
834 3585 938 3625 non
970 3570 1257 3641 pertinent.

173 3660 393 3718 CAPUT
433 3661 524 3718 IX.
554 3663 738 3716 -21.
779 3661 965 3717 Ρετιι..
1011 3661 1183 3716 dixit:
1222 3660 1319 3715 His
1357 3677 1473 3731 ergo
1514 3660 1686 3714 crimi-

108 3752 242 3808 nibus
267 3763 458 3824 septus,
487 3772 598 3810 esse
621 3772 767 3810 verus
793 3755 1058 3827 episcopus
1088 3773 1188 3810 non
1216 3765 1378 3826 potes.

176 3843 260 3899 22.
293 3847 428 3902 Auc.
462 3845 740 3916 respondit
770 3865 781 3901 :
812 3845 1015 3915 Quibus
1044 3845 1402 3902 criminibus?
1431 3845 1567 3915 Quid
1595 3845 1692 3902 do-

114 3936 297 3992 cuisti?
342 3937 469 4009 quid
515 3938 840 3994 ostendisti?
886 3939 952 3994 Et
999 3939 1044 3993 si
1091 3939 1420 3994 ostendisses
1467 3939 1690 3994 crimina

115 4030 282 4084 nescio
308 4044 558 4100 quorum,
591 4029 717 4101 quid
763 4030 864 4085 hoc
891 4031 958 4086 ad
988 4045 1170 4088 semen
1202 4031 1454 4100 Abrahae,
1489 4032 1544 4088 in
1587 4046 1693 4104 quo

115 4118 488 4176 benedicuntur
517 4136 705 4176 omnes
726 4131 912 4192 gentes
933 4123 956 4176 ?

182 4211 400 4268 CAPUT
438 4211 508 4267 X.
537 4242 608 4253 --
634 4213 723 4270 25.
765 4213 947 4268 Ρετιι..
996 4212 1169 4268 dixit:
1201 4213 1263 4269 Si
1305 4215 1535 4285 Apostoli
1581 4230 1695 4286 pcr-

117 4305 260 4358 secuti
317 4312 434 4359 sunt
506 4304 761 4374 aliquem,
825 4314 911 4359 aut
984 4305 1203 4376 aliquem
1267 4307 1476 4360 tradidit
1543 4306 1693 4362 Chri-

121 4402 216 4448 stus
231 4396 255 4449 ?

185 4485 267 4542 24.
301 4487 436 4543 Anc.
470 4485 749 4557 reSpondit
782 4503 795 4541 :
826 4485 1045 4543 Possem
1075 4487 1291 4558 quidem
1317 4486 1497 4544 dicere
1524 4489 1697 4560 ipsum

126 4585 346 4634 satanam
373 4578 625 4633 omnibus
667 4578 822 4633 malis
852 4578 1156 4635 hominibus
1182 4594 1302 4636 esse
1325 4579 1582 4651 pejorem,
1612 4581 1699 4636 cui

126 4675 288 4725 tamen
318 4668 537 4724 tradidit
561 4668 852 4739 Apostolus
896 4669 1168 4724 hominem
1198 4670 1250 4725 in
1283 4670 1554 4726 interitum
1585 4687 1702 4727 car-

129 4760 220 4827 nis,
258 4770 317 4816 ut
342 4761 566 4831 spiritus
591 4760 772 4816 salvus
802 4760 870 4816 sit
900 4761 953 4816 in
981 4760 1069 4816 die
1111 4761 1323 4817 Domini
1359 4763 1485 4819 Jesu
1513 4761 1554 4834 (I
1581 4762 1699 4818 Cor.

128 4864 178 4916 v,
204 4850 276 4922 5).
325 4851 562 4922 Itemque
602 4851 757 4918 alios,
798 4851 867 4906 de
911 4852 1103 4921 quibus
1145 4851 1317 4907 dicit:
1350 4851 1486 4919 Quos
1516 4853 1706 4907 tradidi

133 4950 328 5009 satana,
358 4953 413 4997 ut
442 4942 643 4998 discant
682 4959 784 4998 non
820 4943 1170 5014 blasphemare
1197 4943 1237 5016 (I
1269 4944 1400 4998 Tim.
1430 4962 1468 5011 ι,
1496 4945 1610 5017 20).
1640 4945 1707 5001 Et

137 5030 376 5092 Dominus
419 5036 666 5092 Christus
713 5035 1009 5108 ﬂagellatos
1048 5038 1246 5108 expulit
1275 5037 1342 5093 de
1373 5039 1572 5109 templo
1604 5039 1706 5094 im-

139 5127 318 5196 probos
342 5138 692 5198 mercatores,
725 5131 815 5186 ubi
841 5132 1000 5187 etiam
1031 5146 1332 5187 connexum
1359 5141 1439 5187 est
1470 5133 1709 5188 testimo-

141 5219 270 5276 nium
311 5221 600 5294 Scriptura:
643 5223 886 5290 dicentis,
941 5223 1094 5279 Zelus
1132 5224 1313 5279 domus
1357 5233 1457 5278 tua:
1498 5225 1711 5280 comedit

145 5323 213 5363 me
250 5312 440 5383 (Joau.
483 5330 543 5382 ιι,
594 5314 816 5385 lli—I7).
864 5314 1001 5370 Ecce
1050 5315 1351 5370 invenimus
1397 5316 1712 5386 Apostolum

149 5404 456 5476 traditorem,
485 5407 759 5464 Christum
805 5418 1226 5478 persecutorem.
1257 5408 1476 5465 Possem
1507 5409 1601 5465 ista
1629 5409 1714 5465 di-

209 5668 226 5701 ¹
255 5669 508 5741 adiutam.
536 5676 698 5741 et‘Er.
736 5673 934 5741 omisso,
968 5679 1053 5738 ut;
1074 5674 1274 5739 habent,
1295 5684 1388 5727 non
1416 5673 1563 5728 vobis.
1588 5681 1724 5741 non,

154 5732 305 5788 illum
338 5732 463 5786 vobis
497 5747 515 5785 :
552 5735 716 5785 minus
736 5735 888 5786 bene.

374 5818 603 5884 Sacr.
644 5817 928 5885 Auoos'r.
960 5820 1080 5888 IX.

1343 223 1548 282 LIBER
1584 221 1958 284 SECUNDUS.

3243 230 3350 290 266

1759 358 1903 409 cere,
1928 351 1983 400 et
2008 349 2060 399 te
2088 342 2142 399 in
2167 355 2276 401 non
2305 357 2498 417 parvos
2525 350 2690 402 aestus
2716 345 2952 414 mittere,
2993 351 3050 401 ut
3074 359 3184 401 non
3208 359 3346 418 que-

1758 437 1898 491 relas
1927 450 2112 492 eorum
2155 437 2246 508 qui
2293 437 2582 508 patiuntur,
2633 437 2728 494 sed
2757 438 2997 493 animum
3025 452 3213 494 eorum
3257 439 3350 510 qui

1759 527 1960 582 faciunt
1976 543 2216 599 quaerere
2236 530 2526 600 cogereris.
2549 528 2656 584 Sed
2675 528 2801 584 hinc
2828 529 2938 585 noli
2959 529 3222 596 laborare,
3242 543 3351 585 non

1759 635 1823 678 ea
1866 620 2028 686 dico;
2059 620 2156 676 sed
2183 620 2304 676 dico
2345 621 2412 676 ad
2454 637 2638 677 semen
2682 621 2933 686 Abrahae.
2981 622 3125 692 quod
3167 631 3252 677 est
3298 622 3352 676 in

1759 715 2008 770 omnibus
2030 713 2298 785 gentibus,
2339 729 2445 769 non
2490 715 2777 785 pertinere,
2821 715 2869 772 si
2908 715 3032 786 quid
3073 731 3180 771 non
3205 725 3354 773 recte

1759 808 1912 864 vobis
1950 807 2143 862 factum
2169 816 2272 870 est,
2305 804 2534 862 fortasse
2561 821 2593 860 a
2623 807 2773 876 palea
2819 807 3102 862 dominicae
3130 808 3350 878 segetis,

1760 916 1881 971 quae
1927 899 2272 955 nihilominus
2300 907 2381 954 est
2429 899 2482 952 in
2510 898 2758 954 omnibus
2785 900 3050 970 gentibus.
3086 900 3194 955 Vos
3222 914 3352 970 ergo

1761 991 1970 1048 reddite
2010 991 2273 1046 rationem
2316 989 2671 1061 separationis
2700 999 2913 1044 vestrae.
2957 989 3066 1046 Sed
3097 990 3243 1060 prius
3269 999 3356 1044 at-

1764 1082 1968 1138 tendite
1991 1082 2175 1152 quales
2204 1080 2467 1145 habeatis,
2496 1095 2632 1151 quos
2657 1080 2810 1135 vobis
2831 1079 2992 1150 objici
3020 1096 3125 1135 non
3150 1080 3312 1135 vultis
3336 1097 3352 1146 ;

1763 1184 1818 1231 et
1845 1175 2025 1231 videte
2043 1190 2203 1246 quam
2231 1173 2412 1244 inique
2440 1173 2665 1241 faciatis,
2696 1187 2817 1228 cum
2839 1173 3011 1229 aliena
3043 1173 3178 1227 facta
3199 1173 3355 1228 nobis

1765 1267 2014 1338 ohjicitis,
2043 1267 2143 1322 etsi
2173 1281 2236 1322 ea
2265 1281 2385 1337 quae
2415 1265 2590 1322 dicitis
2618 1266 2938 1336 probaretis.
2975 1266 3051 1321 Ita
3084 1265 3226 1320 nulla
3257 1268 3357 1322 erit

1767 1361 1903 1415 ratio
1931 1359 2284 1430 separationis
2309 1368 2522 1415 vestrae.

1836 1450 2063 1507 CAPUT
2081 1450 2170 1505 XI.
2189 1450 2361 1506 —25.
2385 1451 2571 1506 Ρετιι..
2587 1450 2720 1506 dixit
2738 1469 2749 1504 :
2766 1451 2832 1505 At
2853 1452 2982 1506 enim
2998 1452 3154 1522 aliqui
3171 1452 3358 1517 dicent,

1768 1541 1894 1596 Filii
1921 1558 2022 1596 non
2049 1558 2222 1596 sumus
2251 1540 2533 1596 traditoris.
2562 1539 2693 1613 Ejus
2723 1551 2795 1596 est
2821 1542 3003 1612 aliquis
3027 1542 3185 1611 ﬁlius,
3213 1544 3358 1613 cujus

1769 1635 1904 1705 facta
1951 1643 2187 1688 sectatur.
2221 1633 2296 1688 Hi
2334 1635 2467 1688 enim
2505 1635 2772 1689 certissimi
2817 1636 2913 1704 ﬁlii
2949 1647 3088 1702 sunt,
3135 1637 3366 1707 idemque

1769 1726 2061 1796 parentibus
2099 1727 2307 1792 similes,
2339 1742 2465 1797 quos
2490 1743 2592 1781 non
2620 1728 2718 1782 ista
2743 1744 2861 1782 caro
2898 1745 2990 1782 nec
3019 1730 3248 1800 sanguis,
3277 1729 3365 1784 sed

1769 1837 1932 1875 mores
1961 1829 2006 1874 et
2036 1820 2170 1890 facta
2198 1820 2488 1890 parentibus
2513 1820 2800 1875 consimiles
2826 1833 3124 1891 genuerunt.

1839 1910 1929 1964 26.
1959 1910 2096 1966 Auc.
2147 1911 2465 1981 respondit:
2499 1911 2665 1966 Paulo
2709 1920 2832 1966 ante
2879 1913 3010 1966 nihil
3039 1923 3223 1967 contra
3268 1927 3368 1968 nos

1772 2000 2005 2066 dicebas,
2053 2017 2196 2058 nunc
2239 2003 2399 2058 etiam
2442 2003 2652 2074 ccepisti
2695 2002 2875 2058 dicere
2925 2002 3120 2073 aliquid
3167 2012 3222 2059 et
3267 2018 3368 2073 pro

1773 2097 1947 2153 nobis.
1980 2097 2106 2152 Haec
2148 2097 2290 2152 enim
2336 2096 2629 2167 propositio
2657 2105 2745 2151 tua
2773 2096 2826 2150 in
2854 2111 2920 2152 eo
2961 2105 3012 2151 te
3045 2105 3210 2162 tenet,
3240 2105 3301 2150 ut
3323 2097 3367 2151 si

1774 2205 1874 2246 nos
1904 2189 2080 2256 hodie,
2131 2206 2253 2246 cum
2280 2190 2471 2261 quibus
2499 2189 2631 2261 agis,
2669 2204 2773 2244 non
2803 2190 3096 2245 conviceris
3141 2190 3368 2245 tradito—

1775 2297 1862 2338 res
1890 2291 1944 2338 et
1972 2281 2291 2349 homicidas,
2339 2289 2393 2337 et
2436 2282 2481 2336 si
2506 2281 2631 2352 quid
2659 2281 2804 2336 aliud
2849 2281 3172 2347 criminaris,
3213 2281 3370 2352 quid-

1777 2374 1903 2445 quid
1947 2375 2050 2430 tale
2076 2373 2375 2428 ostenderis
2400 2373 2452 2428 in
2480 2372 2558 2428 eis
2589 2373 2677 2440 qui
2705 2387 2803 2427 nos
2850 2380 3089 2442 tempore
3132 2387 3368 2442 prteces.

1777 2478 1981 2534 serunt,
2031 2469 2249 2524 omnino
2303 2467 2457 2522 nobis
2507 2467 2699 2523 obesse
2744 2483 2850 2522 non
2896 2469 3084 2538 possit.
3131 2467 3369 2535 Quorum

1779 2561 1920 2616 enim
1947 2560 2225 2615 dissimilia
2269 2559 2406 2616 facta
2434 2560 2715 2622 habemus,
2747 2575 2932 2615 eorum
2978 2560 3070 2615 ﬁlii
3113 2576 3234 2617 esse
3264 2577 3372 2618 non

1776 2670 2080 2728 possumus.
2127 2655 2192 2709 Et
2235 2654 2356 2709 vide
2403 2668 2508 2724 quo
2547 2661 2600 2709 te
2643 2654 2976 2709 commiseris
3009 2673 3022 2707 :
3054 2655 3098 2709 si
3140 2654 3371 2725 aliquem

1780 2748 1914 2802 forte
1942 2747 2102 2802 etiam
2147 2756 2345 2801 nostrae
2375 2747 2548 2800 anatis
2578 2744 2875 2813 hominem,
2907 2753 2961 2800 et
2989 2746 3265 2801 nobiscum
3293 2748 3376 2802 vi-

1781 2849 2015 2904 ventem,
2058 2836 2126 2893 de
2152 2837 2329 2907 aliquo
2376 2837 2464 2890 tali
2507 2845 2656 2892 reatu
2686 2835 2824 2891 forte
2863 2837 3182 2902 conviceris,
3229 2838 3378 2893 nullo

1782 2929 1942 2986 modo
1978 2927 2290 2999 praejudicat
2317 2927 2565 2982 omnibus
2607 2926 2876 2997 gentibus,
2910 2943 3029 2996 quae
3076 2928 3130 2981 in
3169 2929 3380 2983 semine

1782 3020 2013 3076 Abrahre
2066 3018 2486 3084 benedicuntur,
2535 3032 2567 3072 a
2622 3017 2817 3088 quibus
2858 3024 2916 3072 tu
2979 3024 3033 3073 te
3079 3018 3380 3089 separando

1783 3113 2075 3184 sacrilegus
2101 3112 2375 3167 inveniris.
2409 3112 2484 3165 Ita
2515 3110 2678 3184 (quod
2710 3111 2825 3168 fieri
2869 3127 2977 3166 non
3019 3111 3239 3184 potest),
3275 3113 3379 3168 nisi

1785 3219 1972 3261 omnes
1998 3204 2087 3274 qui
2126 3203 2327 3274 ubique
2371 3211 2515 3269 sunt,
2563 3203 2797 3267 noveris,
2828 3203 3171 3272 omniumque
3200 3218 3383 3259 mores

1785 3304 1840 3352 et
1859 3295 1994 3350 facta
2024 3309 2130 3348 non
2157 3293 2330 3348 solum
2359 3292 2629 3359 didiceris,
2658 3292 2753 3346 sed
2780 3292 2938 3347 etiam
2971 3292 3380 3350 demonstrave-

1787 3390 1861 3445 ris
1893 3397 1998 3444 tam
2025 3387 2162 3442 mala
2191 3401 2310 3442 esse
2338 3400 2496 3456 quam
2524 3384 2675 3450 dicis,
2707 3399 2814 3439 non
2843 3383 3008 3439 habes
3038 3401 3133 3440 cur
3158 3386 3380 3455 objicias

1789 3482 1904 3538 orbi
1933 3488 2218 3543 terrarum,
2251 3477 2340 3548 qui
2369 3485 2449 3532 est
2479 3476 2529 3530 in
2561 3475 2777 3539 sanctis,
2809 3475 2990 3530 nescio
3020 3490 3153 3546 quos
3183 3491 3380 3545 paren-

1789 3583 1890 3641 tes,
1942 3572 2132 3644 quibus
2162 3586 2256 3626 eos
2299 3569 2495 3640 probas
2535 3582 2654 3624 esse
2694 3568 3021 3624 consimiles.
3062 3568 3174 3624 Nec
3205 3577 3256 3624 te
3285 3569 3382 3624 ali-

1790 3666 1916 3739 quid
1960 3665 2250 3735 adjuvabit,
2296 3664 2341 3719 si
2387 3663 2546 3719 etiam
2578 3661 2949 3717 demonstrare
2995 3663 3258 3735 potueris,
3286 3677 3385 3720 eos

1791 3759 1880 3829 qui
1931 3758 2064 3812 tales
2106 3772 2212 3812 non
2257 3763 2400 3821 sunt,
2447 3769 2567 3809 cum
2595 3754 2673 3809 eis
2702 3754 2793 3824 qui
2839 3753 2973 3810 tales
3003 3763 3128 3810 sunt
3169 3770 3383 3811 sumere

1791 3849 2136 3906 Sacramenta
2165 3847 2483 3903 communia.
2517 3846 2698 3900 Primo
2722 3845 2846 3915 quia
2889 3860 2986 3901 vos
3014 3846 3161 3916 ipsos
3208 3845 3384 3916 respi-

1794 3955 1916 3996 cere
1941 3939 2167 4005 debetis,
2196 3954 2316 3994 cum
2346 3939 2537 4009 quibus
2566 3951 2628 3992 ea
2659 3936 2964 4005 celebretis,
2998 3938 3188 4008 quibus
3219 3937 3379 4006 detis,

1796 4049 1826 4088 a
1851 4033 2040 4102 quibus
2067 4031 2308 4096 sumatis,
2339 4039 2392 4085 et
2420 4029 2570 4084 vobis
2596 4043 2688 4083 eos
2718 4028 2876 4098 ohjici
2905 4029 3105 4084 nolitis.
3153 4030 3377 4099 Deinde,

1797 4123 1842 4178 si
1870 4121 1961 4174 ﬁlii
1991 4129 2114 4175 sunt
2154 4119 2327 4182 Judac.
2359 4119 2447 4190 qui
2479 4117 2720 4172 diabolus
2759 4117 2900 4173 inter
2927 4120 3212 4189 Apostolos
3243 4121 3380 4189 fuit,

1797 4213 2116 4283 quicumque
2145 4209 2281 4263 facta
2312 4209 2428 4279 ejus
2457 4209 2730 4262 imitantur
2764 4226 2778 4262 :
2807 4224 2902 4262 cur
2935 4224 3043 4262 non
3071 4211 3206 4263 lilios
3238 4215 3386 4280 Apo-

1799 4302 2057 4360 stolorum
2085 4300 2343 4364 dicamus,
2373 4298 2459 4369 qui
2488 4313 2593 4351 non
2621 4298 2755 4352 facta
2783 4311 2878 4352 sua
2905 4312 3024 4352 cum
3049 4299 3261 4363 talibus,
3289 4303 3388 4358 sed

1798 4393 2009 4450 Domini
2073 4391 2414 4447 Sacramenta
2469 4389 2901 4453 communicant,
2959 4391 3094 4443 sicut
3144 4389 3386 4460 Apostoli

1800 4486 2130 4543 Dominicam
2168 4497 2376 4539 orenam
2405 4496 2525 4537 cum
2568 4480 2662 4536 illo
2701 4481 2955 4537 traditore
3001 4485 3390 4552 sumpserunt?

1802 4577 1924 4634 ideo
1947 4576 2097 4632 vobis
2124 4575 2140 4606 ¹
2169 4574 2327 4644 longe
2357 4571 2665 4640 dissimiles,
2697 4572 2840 4644 quod
2879 4572 3184 4628 hominibus
3214 4575 3391 4630 unita-

1805 4678 1912 4726 tem
1937 4667 2272 4724 servantibus
2303 4667 2407 4722 hoc
2434 4665 2682 4736 objicitis,
2717 4665 2858 4736 quod
2889 4665 3156 4720 conscissa
3187 4666 3395 4723 unitate

1805 4776 1901 4818 vos
1926 4759 2122 4816 facitis.

1879 4852 2103 4909 CAPUT
2141 4850 2257 4907 XII.
2289 4881 2359 4892 —-
2382 4850 2475 4906 27.
2503 4849 2686 4905 Ριιτιι.
2733 4848 2862 4904 dixit
2895 4866 2906 4903 :
2938 4845 3016 4906 De
3054 4867 3108 4906 se
3148 4851 3260 4923 ipso
3297 4851 3400 4908 Ju-

1811 4949 1933 5004 dteis
1960 4946 2080 5000 dicit
2121 4944 2368 5000 Dominus
2387 4943 2633 5008 Christus,
2665 4942 2726 4997 Si
2767 4959 2868 4996 non
2902 4943 3034 5016 facio
3061 4944 3196 5014 facta
3227 4943 3404 5002 Putris

1811 5043 1929 5107 mei,
1959 5040 2113 5095 nolite
2137 5038 2261 5092 mihi
2285 5037 2483 5092 credere
2511 5035 2685 5107 (lauit.
2711 5053 2767 5101 κ,
2797 5035 2908 5108 57).

1884 5133 1976 5188 28.
2025 5133 2162 5188 Auc.
2195 5128 2466 5201 respondit
2497 5146 2509 5181 :
2541 5127 2658 5182 Jam
2700 5143 2858 5197 supra
2901 5130 3174 5199 reSpondi,
3209 5131 3317 5185 lluc
3347 5141 3404 5186 et

1815 5242 2000 5286 verum
2028 5235 2129 5293 est,
2162 5237 2214 5279 et
2239 5239 2334 5295 pro
2362 5221 2512 5275 nobis
2547 5231 2730 5276 contra
2765 5237 2856 5275 vos
2883 5232 2984 5276 est.
3493 5265 3502 5274 .

1888 5317 2113 5375 CAPUT
2151 5316 2289 5372 XIII.
2331 5313 2512 5369 —29.
2559 5313 2746 5368 PETIL.
2793 5314 2927 5368 dixit
2969 5333 2982 5364 :
3029 5313 3319 5366 Falsidicos
3359 5323 3406 5367 el

1820 5411 2082 5468 mendaces
2103 5410 2175 5464 sic
2198 5406 2468 5461 identidem
2497 5406 2732 5478 objurgat
2765 5423 2809 5460 τι
2836 5405 2956 5460 Filii
2983 5405 3171 5457 diaboli
3192 5405 3329 5469 estis,
3359 5416 3400 5458 et

1824 5506 1884 5559 ab
1926 5502 2069 5558 initio
2111 5500 2242 5554 enim
2285 5499 2373 5553 ille
2413 5509 2677 5554 accusator
2725 5500 2840 5570 fuit,
2887 5507 2932 5552 et
2970 5497 3023 5549 in
3058 5498 3262 5550 ueritate
3302 5513 3409 5560 non

1825 5595 1975 5653 stetit.
2015 5612 2035 5646 ι

1895 5732 1910 5764 ι
1947 5725 2082 5791 Editi,
2103 5721 2256 5782 nobis.
2279 5720 2446 5777 Melius
2460 5730 2590 5788 Mss,
2612 5721 2756 5776 vobis.

2835 5801 2935 5886 (Ν
2939 5798 3099 5876 cui-1
