3796 6182
476 381 567 439 ω.
593 380 731 439 Atto.
759 374 1035 449 respondit
1061 390 1074 428 :
1099 369 1214 428 Non
1239 371 1474 427 solemus
1505 368 1702 439 legere,
1734 365 1835 420 Ille
1856 381 2001 419 accu-

405 486 546 534 sator
571 473 702 549 fuit;
729 471 845 535 sed,
862 469 966 525 Ille
991 466 1243 523 homicida
1267 465 1366 538 fuit
1394 462 1571 536 (Joan.
1592 460 1832 531 vim“).
1850 459 2007 528 Qua:-

408 571 577 628 rimus
601 575 779 623 autem
808 561 949 619 unde
974 559 1137 617 fuerit
1155 557 1400 616 diabolus
1422 555 1690 610 homicida
1720 553 1788 608 ab
1814 551 2001 618 initio;

375 650 466 724 iet
489 663 804 725 invenimus,
837 653 980 728 quod
1019 653 1250 726 primum
1281 648 1554 704 hominem
1584 644 1866 710 occiderit,
1897 657 2006 699 non

380 731 645 831 agladium
675 747 1008 821 Stringendo,
1029 753 1122 801 aut
1147 744 1377 814 aliquam
1405 739 1510 793 vim
1539 737 1893 809 corporaliter
2042 779 2044 782 τ

370 5498 388 5586 ἐ

410 827 634 908 ferendo
659 848 716 914 ¹;
755 843 850 900 sed
896 835 1266 911 persuadendo
1308 841 1608 905 peccatum,
1637 839 1692 887 et
1717 845 1748 886 a
1777 827 2006 901 paradisi

412 941 669 1000 felicitate
697 932 1022 1007 dejiciendo.
1067 927 1220 999 Quod
1248 935 1375 982 tunc
1405 922 1703 996 paradisus,
1738 919 1838 977 hoc
1866 935 2009 976 nunc

411 1031 674 1092 Ecclesia.
706 1026 913 1084 Diaboli
953 1038 1082 1094 ergo
1109 1020 1203 1075 ﬁlii
1230 1027 1373 1082 sunt,
1405 1017 1494 1088 qui
1537 1015 1783 1070 homines
1807 1013 1873 1068 ab
1905 1013 2009 1068 Ec-

413 1125 577 1184 clesia
614 1117 922 1178 seducendo
947 1113 1290 1171 interﬁciunt.
1338 1109 1488 1166 Sicut
1513 1115 1692 1163 autem
1722 1119 1816 1176 per
1844 1103 2008 1160 verba

412 1219 513 1276 Bei
539 1216 784 1272 novimus
805 1211 892 1267 ubi
920 1208 988 1264 sit
1010 1208 1277 1278 plantatus
1302 1201 1600 1275 paradisus,
1628 1201 1708 1256 sic
1728 1210 1828 1268 per
1845 1197 2009 1254 verba

414 1311 615 1370 Christi
643 1309 731 1364 ubi
759 1307 826 1362 sit
851 1303 1090 1360 Ecclesia
1115 1299 1399 1356 didicimus
1425 1314 1436 1351 :
1473 1295 1573 1351 Per
1595 1309 1788 1361 omnes,
1818 1293 2009 1365 inquit,

415 1414 608 1478 gentes,
649 1399 894 1470 incipiens
943 1395 1004 1450 ab
1041 1392 1348 1450 Jerusalem.
1401 1389 1482 1444 Ab
1525 1387 1629 1478 isto
1659 1385 2005 1478 universoad

415 1477 623 1568 partem
672 1488 965 1563 quamlibet
1011 1485 1249 1556 quisquis
1303 1488 1514 1552 separat
1566 1477 1860 1545 hominem,
1917 1477 2009 1532 ille

417 1588 615 1645 diaboli
641 1585 777 1640 ﬁlius
803 1591 857 1638 et
884 1575 1150 1637 homicida
1170 1575 1527 1632 convincitur.
1556 1570 1664 1628 Sed
1689 1578 1744 1628 et
1763 1570 2008 1637 verbum,

417 1679 562 1753 quod
594 1679 705 1748 ipse
736 1673 977 1748 posuisti,
1026 1679 1086 1727 ut
1107 1669 1175 1725 de
1205 1666 1418 1724 diabolo
1445 1663 1678 1731 diceres,
1726 1661 1828 1717 ille
1864 1677 2015 1715 accu-

418 1784 558 1829 sator
591 1772 710 1844 fuit,
739 1779 783 1824 et
803 1770 857 1824 in
880 1767 1086 1822 veritate
1110 1779 1209 1818 non
1246 1763 1400 1828 stetit,
1431 1758 1552 1815 vide
1576 1759 1631 1814 in
1656 1772 1791 1829 quos
1817 1771 2015 1812 conve-

417 1870 548 1924 niat.
601 1864 876 1921 Accusatis
924 1861 1066 1917 enim
1123 1859 1307 1914 orbem
1371 1865 1635 1910 terrarum
1696 1851 2015 1908 criminibus

419 1962 666 2024 aliorum,
694 1971 830 2028 quos
855 1956 1014 2011 etiam
1050 1953 1195 2024 ipsos
1217 1961 1472 2005 accusare
1498 1948 1673 2018 potius
1697 1960 1855 2017 quam
1880 1960 2016 2000 con-

419 2055 636 2108 vincere
672 2048 957 2122 potuistis;
987 2054 1040 2102 et
1070 2045 1123 2100 in
1149 2044 1374 2099 veritate
1399 2039 1595 2096 Christi
1625 2053 1730 2093 non
1771 2035 2012 2092 stetistis.

419 2148 515 2204 Ille
544 2147 686 2202 enim
709 2144 859 2210 dicit,
896 2140 1185 2199 Ecciesiam
1213 2149 1308 2208 per
1333 2145 1521 2190 omnes
1545 2141 1734 2204 gentes
1755 2130 2015 2200 incipien-

420 2252 530 2298 tem
557 2241 623 2296 ab
649 2237 941 2296 Jerusalem
968 2253 981 2289 :
1007 2247 1103 2289 vos
1129 2240 1329 2295 autem,
1363 2230 1414 2283 in
1443 2236 1592 2298 parte
1619 2225 1832 2280 Donati.

492 2332 718 2389 CAPUT
756 2329 898 2386 XIV.
935 2355 1004 2369 —-
1029 2327 1120 2383 5i.
1159 2323 1348 2380 PBTIL.
1399 2320 1572 2375 dixit:
1607 2317 1773 2373 Tertio
1819 2332 2015 2389 quoque

418 2427 648 2483 similiter
669 2429 1040 2496 persecutorem
1068 2415 1370 2472 dementiam
1400 2413 1491 2466 hoc
1517 2410 1716 2466 nomine
1737 2408 1964 2482 appellat
1993 2425 2012 2464 :

425 2539 447 2575 ι
472 2519 750 2592 Progenies
776 2517 1084 2587 viperarum,
1112 2507 1365 2584 quomodo
1395 2505 1600 2578 fugietis
1633 2502 1888 2576 judicium
1929 2517 2017 2575 ge-

419 2614 643 2670 hennw?
673 2609 896 2680 Ideoque
940 2607 1086 2662 mitto
1114 2603 1182 2658 ad
1213 2617 1301 2656 vos
1329 2598 1619 2673 prophetas,
1652 2605 1699 2651 et
1739 2596 2012 2668 sapientes,

417 2716 468 2762 et
495 2705 720 2770 scribas;
763 2711 809 2757 et
838 2716 901 2757 ea:
945 2698 1050 2755 illis
1089 2693 1345 2759 occidetis,
1386 2699 1434 2746 et
1464 2689 1788 2762 cruciﬁgetis,
1835 2697 1885 2744 et
1909 2688 2014 2762 ﬂa-

416 2797 667 2870 gellabitis
694 2796 748 2850 in
788 2791 1060 2865 synagogis
1104 2787 1302 2850 vestris,
1345 2783 1505 2837 donec
1545 2785 1712 2836 veniat
1739 2797 1892 2852 super
1928 2796 2014 2836 vos

416 2892 581 2946 omnis
619 2888 826 2960 sanguis
844 2887 1038 2956 justus,
1081 2897 1225 2954 quem
1254 2876 1504 2945 effudistis
1531 2877 1586 2929 in
1615 2885 1799 2930 terram
1837 2892 1868 2928 a
1895 2892 2016 2930 san-

415 2985 568 3055 guine
609 2982 731 3037 Abel
773 2979 923 3051 justi,
965 2989 1122 3046 usque
1163 2971 1230 3026 ad
1277 2967 1573 3055 sanguinem
1610 2964 1878 3020 Zachariae
1917 2966 2015 3034 ﬁlii

415 3072 716 3138 Barachite,
745 3085 894 3142 quem
948 3063 1202 3121 occidistis
1242 3062 1373 3116 inter
1427 3057 1667 3129 templum
1718 3066 1764 3111 et
1793 3057 1955 3112 altare
1987 3077 2007 3112 ι

415 3165 633 3239 (Matth.
667 3179 829 3231 mn,
877 3159 1088 3231 ὃτι-55).
1135 3151 1398 3225 Numquid
1427 3167 1540 3205 vere
1586 3149 1859 3206 carnaliter
1893 3161 2015 3206 sunt

415 3261 514 3334 ﬁlii
533 3261 840 3331 viperarum,
872 3271 931 3311 ac
960 3272 1061 3310 non
1087 3253 1246 3326 magis
1271 3260 1432 3308 mente
1467 3256 1738 3320 serpentes,
1768 3256 1814 3302 et
1840 3247 2011 3301 trilin-

417 3355 508 3428 gui
550 3353 763 3418 malitia,
815 3357 1049 3421 tactuque
1080 3349 1359 3420 mortifero,
1411 3355 1460 3403 et
1487 3346 1669 3418 spiritu
1712 3343 1887 3398 veneni
1913 3342 2012 3413 ﬂa-

415 3460 619 3523 grantes
639 3447 700 3502 "l
738 3444 866 3501 Vere
905 3444 1093 3515 vipera:
1117 3443 1238 3515 facti
1266 3448 1401 3509 sunt,
1430 3441 1516 3513 qui
1542 3437 1819 3495 insontibus
1850 3451 2012 3509 popu-

416 3541 481 3597 lis
507 3551 692 3596 mortes
720 3535 965 3594 morsibus
993 3543 1308 3591 vomuerunt.

488 3635 577 3691 δε.
607 3636 741 3689 Auc.
773 3627 1051 3702 respondit
1078 3646 1091 3682 :
1117 3627 1244 3682 Haec
1285 3626 1330 3682 si
1359 3626 1533 3683 dicam
1575 3624 1644 3681 de
1693 3625 1887 3680 talibus
1927 3638 2012 3680 es-

416 3741 480 3785 se
531 3727 710 3790 dicta,
769 3722 956 3794 quales
1010 3733 1106 3776 vos
1168 3719 1296 3774 estis
1329 3761 1345 3787 ,
1399 3716 1823 3790 reSpondebitis,
1874 3716 2009 3773 Pro-

415 3819 506 3877 ba.
555 3817 692 3885 Quid
746 3814 928 3872 enim?
972 3823 1029 3870 tu
1070 3811 1346 3884 probasti?
1374 3811 1482 3866 Aut
1513 3811 1558 3866 si
1599 3825 1665 3866 eo
1695 3818 1849 3880 putas
1889 3824 2014 3880 pro-

415 3911 534 3969 bari
588 3924 695 3981 quo
733 3908 1021 3973 dicuntur,
1069 3919 1179 3960 non
1235 3917 1371 3975 opus
1424 3911 1507 3958 est
1564 3901 1752 3958 eadem
1803 3909 2012 3971 repete-

415 4010 498 4062 re.
529 4001 711 4058 Recita
761 3999 848 4055 illa
887 3999 1000 4071 ipsa
1041 3997 1136 4053 tibi
1182 4004 1237 4053 et
1280 4011 1312 4051 a
1364 3995 1518 4050 nobis
1538 3994 1590 4050 in
1613 4005 1710 4049 vos
1730 3991 1774 4050 ³.
1801 3993 1938 4049 Ecce
1958 4003 2014 4049 et

418 4109 522 4168 ego
547 4092 788 4166 probavi,
826 4091 868 4147 si
895 4091 995 4147 hoc
1021 4095 1104 4146 est
1123 4089 1376 4161 probare.
1407 4087 1474 4143 Et
1503 4095 1680 4143 tamen
1712 4084 1859 4143 disce
1883 4086 2012 4159 quid

418 4187 492 4245 sit
524 4184 772 4259 probare.
822 4181 1006 4254 Neque
1037 4182 1182 4238 enim
1229 4181 1564 4238 extrinsecus
1608 4194 1792 4252 quaero
1843 4178 2010 4235 docu-

418 4289 623 4344 menta,
664 4287 724 4333 ut
746 4293 841 4333 vos
884 4276 1098 4348 viperas
1143 4274 1386 4347 probem.
1429 4272 1569 4329 Ecce
1601 4272 1832 4342 idipsum
1859 4271 2010 4343 vipe-

415 4381 570 4431 reum
597 4380 717 4438 est,
749 4383 852 4426 ιιοιι
882 4367 1078 4425 habere
1105 4368 1156 4423 in
1187 4382 1281 4423 ore
1310 4365 1704 4421 ﬁrmamentum
1733 4363 1973 4420 veritatis
1992 4406 2008 4433 ,

420 4468 516 4526 sed
549 4480 808 4524 venenum
840 4463 1233 4520 maledictionis
1255 4504 1268 4528 ,
1316 4462 1453 4516 sicut
1483 4459 1738 4530 scriptum
1778 4468 1882 4526 est,
1922 4455 2016 4514 Ve-

417 4577 606 4617 nenum
635 4557 871 4630 aspidunt
897 4556 988 4612 sub
1012 4551 1156 4610 labiis
1185 4569 1379 4608 eorum.
1409 4548 1614 4621 thuia
1639 4551 1741 4607 hoc
1766 4551 1963 4622 passim
1980 4565 2012 4605 a

418 4655 656 4728 quolibet
698 4654 748 4707 in
778 4649 1074 4723 quemlibet
1097 4647 1198 4702 dici
1230 4654 1438 4716 potest,
1473 4644 1626 4717 quasi
1655 4654 2008 4718 quzereretnr,

417 4744 684 4816 quorum?
711 4742 965 4798 continuo
1005 4737 1250 4807 subjecit,
1287 4734 1515 4804 Quorum
1557 4753 1613 4792 os
1659 4736 2012 4792 maledictione

417 4849 467 4895 et
495 4839 836 4893 amaritudine
870 4836 1076 4909 plenum
1128 4841 1200 4888 est
1245 4830 1416 4903 (Psal.
1451 4846 1580 4898 xui,
1609 4830 1686 4903 ὅ).
1719 4827 1854 4887 Cum
1880 4846 2011 4903 ergo

417 4931 546 4988 talia
573 4929 748 4985 dicitis
771 4930 825 4984 in
843 4927 1090 4983 homines
1111 4940 1207 4996 per
1234 4932 1401 4980 totum
1427 4922 1685 4979 mundum
1714 4922 2008 5009 dispersos,

416 5033 475 5080 et
502 5037 638 5094 quos
675 5019 892 5076 omnino
922 5019 1208 5090 ignoratis,
1240 5033 1466 5091 quorum
1510 5017 1670 5076 etiam
1714 5018 1866 5073 multi
1911 5035 2013 5077 nec

418 5113 712 5181 Caeciliani,
761 5127 857 5168 nec
885 5109 1073 5166 Donati
1112 5127 1304 5168 nomen
1333 5109 1617 5168 audierunt
1641 5129 1654 5165 :
1685 5125 1788 5168 nec
1812 5113 2010 5170 auditis

414 5206 472 5266 in
502 5206 716 5262 silentio
757 5203 1164 5275 respondentes,
1212 5203 1326 5260 Non
1361 5203 1426 5260 ad
1451 5216 1550 5260 nos
1592 5205 1821 5274 pertinet
1851 5205 2009 5277 quid-

414 5300 544 5373 quid
571 5299 745 5355 dicitis
765 5299 917 5367 ,‘non
951 5297 1202 5368 vidimus,
1235 5313 1341 5354 non
1383 5297 1605 5354 fecimus
1628 5339 1643 5362 ,
1668 5298 1793 5370 quid
1819 5299 2010 5371 loqua-

416 5393 548 5449 mini
577 5391 789 5464 penitus
830 5391 1139 5462 ignoramus
1175 5409 1187 5444 :
1219 5405 1317 5448 vos
1344 5391 1433 5464 qui
1472 5391 1602 5448 nihil
1631 5389 1775 5448 aliud
1819 5391 2006 5462 vultis,

478 5530 734 5600 ἓὲίεὶἒιθετ
761 5534 816 5578 At
847 5524 1279 5600 θίὲίὲίνίπίιίθθηάῼ·
1415 5593 1426 5600 .

476 5595 498 5624 ²
531 5591 667 5641 editi:
692 5588 942 5653 Nmnquid
957 5587 1068 5653 vere
1085 5587 1303 5639 carnales
1504 5595 1548 5641 et
1563 5587 1743 5653 lingua:
1763 5587 2006 5641 malitia...

411 5661 460 5730 et
494 5653 668 5716 spiritu
707 5648 872 5704 veneni
905 5648 1220 5717 flagellantes.
1256 5653 1553 5715 Castigantur
1601 5648 1659 5701 ad
1693 5659 1894 5703 veteres
1932 5665 2010 5703 co-

411 5715 670 5839 mﬁeséditi,
686 5783 734 5831 et
759 5791 796 5831 a
817 5775 946 5832 vobis
964 5773 1018 5830 in
1038 5787 1136 5829 vos.
1161 5775 1328 5840 Aptius
1347 5781 1475 5839 Mss,
1510 5782 1555 5826 et
1581 5789 1612 5827 α
1635 5775 1771 5828 nobis
1799 5775 1851 5829 in
1874 5789 1970 5830 vos.

1286 249 1558 310 CONTRA
1582 243 1921 307 LITTERAS
1958 239 2320 315 PE‘I‘ILIANI,
2359 243 2420 303 S.
2458 242 2826 304 AUGUSTINI

2113 377 2272 434 quam
2299 363 2482 419 dicere
2507 363 2648 434 quod
2679 362 2907 435 probare
2923 364 3142 422 omnino
3167 369 3276 424 non
3303 366 3567 440 potestis,
3605 370 3762 440 quid

2113 453 2258 509 aliud
2285 469 2443 526 quam
2482 469 2544 510 os
2588 465 2825 512 vestrum
2855 456 3232 517 tnaiedictione
3259 467 3314 518 et
3353 461 3764 520 amaritudine

2114 550 2334 619 plenum
2361 549 2484 604 est?
2505 549 2621 606 Jam
2651 549 2829 609 videte
2855 561 3034 609 utrum
3067 569 3162 611 vos
3187 558 3406 627 poSsitis
3428 554 3762 615 ostendere

2116 655 2220 696 non
2251 639 2330 714 (a)
2375 656 2496 698 esse
2525 642 2732 715 viperas
2753 686 2768 710 ,
2800 645 2904 700 nisi
2941 647 3288 704 ostenderitis
3323 667 3516 708 omnes
3563 652 3761 708 Chri-

2115 733 2318 788 stianos
2360 733 2599 790 omnium
2650 738 2889 808 gentium
2939 739 3225 798 traditores
3250 757 3397 812 esse,
3439 753 3496 800 et
3539 743 3756 801 homi-

2115 825 2282 894 cidas,
2313 835 2368 884 ct
2392 843 2498 885 non
2526 845 2648 887 esse
2689 829 3042 891 Christianos.
3075 833 3189 892 imo
3216 853 3346 894 vero
3373 840 3604 897 etiamsi
3646 855 3760 911 po-

2116 917 2270 974 testis
2297 920 2627 992 singulorum
2657 922 2934 981 hominum
2983 943 3077 999 per
3129 938 3298 984 totum
3331 931 3520 990 orbein
3564 933 3762 989 diffu-

2117 1025 2300 1069 sorum
2342 1016 2476 1071 vitas
2529 1026 2582 1072 et
2637 1015 2776 1074 facta
2833 1035 2991 1077 nosse
3039 1031 3094 1078 et
3145 1025 3486 1083 ostendere:
3540 1037 3762 1085 tamen

2118 1116 2401 1179 antequam
2454 1110 2506 1166 id
2547 1107 2790 1181 faciatis,
2835 1130 2956 1171 cum
2990 1125 3195 1174 temere
3243 1119 3342 1176 ista
3383 1122 3648 1192 jactatis,
3691 1139 3764 1179 os

2118 1213 2355 1260 vestrum
2385 1205 2659 1277 vipereum
2699 1217 2823 1278 est,
2869 1225 2930 1266 os
2981 1221 3215 1269 vestrum
3257 1216 3668 1275 maledictione
3698 1229 3763 1275 et

2120 1299 2475 1356 amaritudine
2505 1301 2722 1373 plenum
2753 1312 2854 1359 est.
2884 1302 3165 1362 Ostendite
3200 1307 3308 1378 jam
3331 1352 3344 1375 ,
3375 1311 3422 1365 si
3455 1313 3711 1382 potestis
3738 1354 3757 1380 ,

2120 1404 2279 1469 quem
2331 1390 2644 1463 prophetam
2666 1436 2682 1462 ,
2716 1411 2875 1466 quem
2906 1397 3204 1468 sapientem
3232 1442 3247 1466 ,
3279 1416 3442 1470 quem
3488 1404 3756 1459 scribam

2121 1464 2479 1540 occiderimus
2526 1493 2581 1541 et
2618 1464 3046 1544 cruciﬁxerimus
3086 1499 3141 1546 et
3188 1487 3663 1563 ﬁagellaverimus
3695 1496 3758 1551 in

2121 1576 2406 1646 synagogis
2436 1576 2656 1633 nostris.
2686 1579 2959 1635 Attendite
2988 1591 3187 1652 quanto
3232 1582 3414 1640 labore
3451 1585 3752 1656 impenso,

2121 1669 2268 1724 nullo
2319 1665 2479 1726 modo
2527 1671 2795 1743 probastis
2823 1671 3029 1746 ‘,quod
3063 1676 3297 1732 Donatus
3349 1688 3406 1735 et
3453 1679 3760 1738 Masculus

2123 1762 2401 1834 propheta:
2444 1762 2677 1832 fuerint,
2725 1776 2815 1822 aut
2844 1766 3146 1838 sapientes,
3189 1779 3281 1826 aut
3328 1772 3560 1840 scribae,
3608 1776 3756 1846 quia

2122 1869 2228 1910 non
2261 1855 2496 1911 fuerunt.
2515 1855 2668 1926 Quod
2692 1858 2790 1914 etsi
2817 1861 3065 1929 possetis,
3090 1862 3215 1932 quid
3233 1861 3442 1920 faciatis
3464 1875 3759 1922 utosten-

2122 1947 2261 2003 datis
2293 1963 2320 2002 a
2350 1950 2504 2004 nobis
2545 1951 2753 2007 occisos
2777 1993 2792 2018 ,
2838 1965 2972 2022 quos
3015 1968 3117 2009 nec
3157 1971 3254 2011 nos
3298 1955 3401 2026 ipsi
3439 1959 3754 2014 novimus?

2123 2047 2324 2112 quanto
2350 2042 2529 2099 minus
2554 2041 2700 2099 orbis
2731 2055 2993 2101 terrarum
3014 2089 3030 2114 ,
3059 2048 3143 2103 cui
3184 2064 3458 2105 venenoso
3484 2066 3586 2107 ore
3618 2069 3754 2108 ma-

2124 2131 2352 2189 ledicitis
2374 2135 2491 2208 (b)?
2519 2137 2622 2190 Ant
2650 2135 2792 2192 unde
2816 2139 3042 2208 potestis
3061 2139 3345 2198 ostendere
3361 2142 3617 2198 animum
3642 2160 3753 2199 nos

2124 2221 2324 2282 habere
2374 2228 2710 2283 consimilem
2740 2227 3172 2287 interfectoribus
3199 2247 3384 2288 eorum
3405 2275 3423 2304 ,
3465 2251 3615 2306 quos
3642 2252 3754 2291 nec

2124 2311 2313 2366 saltem
2346 2311 2414 2367 ab
2457 2312 2726 2385 aliquibus
2756 2311 3070 2372 interfectos
3119 2319 3342 2389 potestis
3391 2321 3755 2377 ostendere?

2123 2400 2398 2460 Attendite
2428 2406 2540 2461 haec
2571 2406 2786 2474 omnia,
2819 2407 2997 2465 videte
3029 2417 3209 2465 utrum
3242 2411 3445 2482 aliquid
3497 2414 3748 2482 borum,

2123 2497 2210 2552 vel
2234 2496 2301 2554 de
2323 2498 2453 2555 orbe
2479 2505 2741 2555 terrarum
2761 2500 2846 2557 vel
2875 2502 2994 2558 orbi
3021 2509 3282 2558 terrarum
3307 2505 3328 2535 ²
3347 2507 3589 2575 probare
3614 2523 3751 2578 pos-

2123 2591 2241 2647 sitis
2273 2590 2402 2648 :cui
2445 2603 2622 2649 tamen
2663 2594 2787 2666 quia
2831 2594 3155 2653 maledicere
3197 2612 3304 2652 non
3335 2600 3651 2671 quiescitis,
3689 2601 3747 2657 in

2121 2685 2276 2742 vobis
2300 2701 2426 2742 vera
2447 2686 2728 2743 ostenditis
2748 2729 2764 2757 ,
2792 2704 2912 2760 quae
2937 2687 3004 2744 de
3033 2690 3125 2747 illo
3149 2690 3280 2747 falsa
3297 2691 3540 2762 jaclalis.

2192 2778 2283 2835 55.
2317 2779 2486 2835 Porro
2513 2782 2560 2835 si
2612 2795 2709 2836 nos
2744 2781 2974 2837 velimus
3000 2784 3229 2854 probare
3274 2800 3370 2842 vos
3399 2801 3530 2844 esse
3561 2790 3750 2846 inter-

2122 2867 2352 2927 fectores
2390 2871 2778 2943 Prophetarum
2801 2916 2814 2940 ,
2849 2873 3010 2930 nimis
3037 2874 3251 2948 longum
3289 2879 3359 2934 sit
3384 2889 3443 2935 ut
3469 2895 3574 2952 per
3609 2883 3744 2938 loca

2121 2965 2327 3038 singula
2348 2967 2661 3039 colligamus
2680 3010 2695 3036 ,
2728 2983 2861 3041 quas
2880 2968 3074 3026 furiosi
3099 2972 3267 3027 vestri
3297 2973 3570 3046 principes
3617 2977 3746 3032 Cir-

2120 3059 2528 3115 cunicellionum
2583 3070 2632 3116 et
2681 3061 2811 3132 ipsa:
2840 3072 3071 3119 caterva;
3114 3064 3512 3123 vinolentorum
3563 3080 3745 3143 atque

2120 3153 2453 3223 insanorum,
2485 3169 2590 3210 non
2614 3163 2822 3212 tantum
2847 3153 2870 3188 ³
2893 3155 3158 3214 ediderint
3181 3158 3250 3214 ab
3278 3160 3430 3216 initio
3455 3164 3746 3220 schisma-

2120 3247 2188 3302 tis
2214 3248 2400 3317 vestri,
2433 3247 2526 3304 sed
2544 3258 2594 3305 et
2623 3250 2844 3305 omnino
2871 3249 3032 3307 edere
3064 3265 3169 3307 non
3194 3252 3458 3310 desistant
3481 3267 3735 3329 strages.

2120 3339 2197 3396 De
2243 3340 2488 3411 proximo
2526 3356 2626 3413 ago
2655 3339 2676 3372 "
2705 3360 2718 3396 :
2753 3342 3096 3414 proferantur
3121 3344 3334 3415 eloquia
3361 3346 3569 3417 divina,
3603 3367 3738 3422 qua

2119 3444 2401 3489 versantur
2430 3435 2483 3490 in
2511 3437 2757 3492 manibus
2777 3445 2831 3493 et
2856 3438 3054 3495 nostris
3073 3447 3128 3494 et
3153 3445 3374 3511 vestris;
3399 3460 3497 3502 eos
3531 3456 3736 3503 tenea-

2119 3542 2240 3584 mus
2266 3525 2638 3585 interfectores
2666 3529 3055 3602 Prophetarum
3078 3577 3095 3604 ,
3121 3550 3257 3608 quos
3297 3537 3740 3597 contradictores

2119 3621 2485 3678 invenerimus
2518 3623 2712 3696 linguis
2750 3624 3164 3697 PrOphetarum.
3196 3630 3334 3700 Quid
3364 3632 3580 3690 doctius
3615 3635 3737 3691 dici

2119 3715 2338 3785 potest?
2367 3714 2494 3784 quid
2515 3715 2669 3771 citius
2691 3716 2898 3772 ostendi
2917 3719 3130 3789 potest?
3155 3720 3335 3778 Mitius
3348 3725 3584 3795 ageretis
3607 3735 3734 3782 tra-

2114 3807 2351 3879 jiciendo
2371 3807 2570 3864 ferrum
2599 3825 2694 3880 per
2719 3812 2923 3868 viscera
2943 3813 3352 3886 Prophetarum,
3381 3833 3544 3889 quam
3573 3823 3734 3892 quod

2119 3900 2302 3973 lingua
2330 3901 2633 3959 interﬁcere
2659 3904 2929 3961 conamini
2951 3907 3113 3963 verba
3143 3907 3556 3981 Prophetarum.
3581 3913 3735 3971 Dicit

2119 3991 2385 4068 Propheta
2415 4014 2427 4050 :
2471 3995 3011 4054 Commemorabuntur
3037 4011 3084 4056 et
3110 4012 3458 4060 convertentur
3483 4007 3554 4060 ad
3596 4005 3727 4062 Do-

2121 4090 2315 4143 minum
2336 4090 2556 4145 universi
2584 4091 2712 4161 lines
2743 4102 2892 4147 terra
2919 4090 3093 4157 (Psal.
3128 4111 3242 4163 im,
3271 4096 3388 4170 28).
3421 4099 3566 4155 Ecce
3600 4102 3731 4172 agi-

2121 4190 2228 4251 tur,
2274 4198 2400 4239 ecce
2443 4183 2716 4254 impletur.
2763 4185 2872 4242 Vos
2895 4197 3076 4243 autem
3103 4203 3210 4244 non
3248 4191 3421 4246 solum
3448 4197 3639 4248 eontra
3671 4195 3732 4251 id

2120 4275 2261 4348 quod
2288 4275 2507 4346 dicitur,
2549 4293 2707 4334 aures
2755 4279 3060 4336 incredulas
3095 4281 3384 4350 clauditis;
3415 4285 3512 4341 sed
3554 4287 3729 4344 etiam

2121 4381 2305 4428 contra
2330 4371 2382 4427 id
2409 4371 2550 4442 quod
2577 4372 2686 4443 jam
2714 4374 2938 4444 geritur,
2974 4375 3180 4446 linguas
3197 4375 3424 4433 furiosas
3446 4381 3725 4437 exseritis.

2121 4465 2340 4521 Audivit
2368 4465 2638 4522 Abraham
2666 4467 2890 4533 dictum,
2935 4466 3004 4522 In
3035 4470 3225 4524 semine
3250 4481 3335 4526 tuo
3363 4472 3728 4531 benedicentur

2121 4575 2291 4615 omnes
2315 4571 2486 4632 gentes
2510 4558 2530 4633 (
2554 4559 2680 4615 Gen.
2710 4576 2862 4628 xxu,
2903 4559 2992 4632 l8)
3024 4579 3038 4618 :
3067 4570 3124 4617 et
3149 4564 3393 4631 credidit,
3427 4575 3474 4620 et
3499 4567 3726 4638 deputa-

2121 4663 2230 4708 tum
2268 4664 2339 4708 est
2367 4652 2446 4708 illi
2471 4653 2540 4707 ad
2557 4653 2812 4724 justitiam
2835 4651 3013 4726 (Rom.
3044 4669 3122 4721 tv,
3155 4652 3234 4728 ὃ).
3262 4656 3368 4712 Vos
3394 4657 3586 4714 videtis
3637 4661 3722 4714 fa-

2121 4755 2289 4815 ctum,
2329 4754 2384 4801 et
2413 4746 2754 4814 reciamatis;
2782 4755 2838 4802 et
2866 4760 2975 4802 non
3004 4747 3164 4803 vultis
3193 4747 3436 4818 deputari
3464 4750 3619 4807 vobis
3649 4753 3723 4808 ad

2119 4840 2435 4912 injustitiam
2465 4839 2509 4907 ⁵,
2538 4839 2681 4912 quod
2723 4848 2870 4896 recte
2916 4839 3284 4910 deputaretur,
3317 4843 3527 4898 etiamsi
3582 4859 3723 4900 non-

2119 4933 2248 4991 dum
2274 4933 2496 5005 factum,
2527 4934 2622 4992 sed
2648 4935 3020 4994 tantummodo
3038 4935 3241 4994 dictum
3264 4951 3369 4994 non
3399 4937 3717 4996 crederetis.

2184 5125 2855 5202 ξξρωεεονρτρρρτισίείιίσο
3178 5190 3190 5202 .
3279 5191 3321 5202 ..

2181 5189 2202 5222 ¹
2235 5193 2318 5240 Hic
2341 5204 2404 5254 ex
2421 5189 2695 5241 addidimus
2727 5190 3190 5254 manuscriptis,_vel
3215 5191 3322 5243 orbi
3337 5196 3601 5243 terrarum

2181 5254 2204 5286 ³
2239 5251 2368 5319 Apud
2393 5261 2491 5302 am.
2516 5261 2747 5319 corrupte
2771 5251 3354 5317 legebatur,'intantum.
3381 5255 3514 5319 apud
3551 5262 3625 5306 Er.
3662 5266 3715 5306 et

2116 5315 3064 5390 My.,jue‘enum._Eurendatur'erratutn
3089 5330 3151 5390 ea
3177 5315 3534 5390 manuscriptis.
3675 5381 3687 5390 .

2180 5377 2202 5408 ⁸
2235 5379 2307 5428 sic
2345 5385 2449 5427 Mss.
2479 5385 2544 5445 _At
2568 5378 2703 5437 editi,
2725 5377 2872 5428 edere
2891 5391 2985 5429 non
3001 5378 3233 5431 desistebat
3247 5377 3436 5445 strages
3454 5380 3519 5431 de
3541 5381 3712 5444 proavi-

2115 5445 2348 5514 tnoagro.
2370 5439 2702 5503 Proferantur,
2721 5448 2820 5514 etc.
3087 5504 3098 5513 .
3185 5504 3196 5514 .
3223 5505 3232 5513 _
3351 5439 3372 5445 ⁷
3541 5439 3542 5442 “

2178 5505 2201 5536 ⁸
2235 5503 2350 5552 Ediu
2387 5502 2480 5553 hoc
2511 5510 2563 5553 et
2595 5516 2814 5566 proxnmo
2835 5502 2958 5565 loco,
2990 5503 3057 5555 ad
3069 5512 3312 5566 Justitiam
3342 5517 3360 5554 :
3394 5505 3542 5556 male.

2180 5585 2252 5648 (ιι)
2276 5585 2748 5698 [ὧξθιὲίὲιὲωῇιιιω
2774 5583 2948 5648 Morel,
2987 5598 3087 5638 nos.
3126 5587 3243 5638 Vide
3277 5586 3514 5638 Elemeut.
3535 5589 3711 5649 uitia,

2180 5662 2261 5698 ea.
2381 5685 2395 5698 .
2517 5684 2529 5696 .
2640 5685 2652 5698 .

2249 5685 2261 5696 Ο
2288 5684 2395 5708 “Vl,
2420 5684 2529 5698 -ννο
2597 5684 2652 5698 δ’..

2115 5661 2395 5826 ἐξξεί
2420 5661 2742 5775 ﬁliaiam.
2778 5709 2859 5777 46,
2899 5717 2953 5763 et
2988 5720 3156 5766 contra
3183 5713 3525 5778 aesconium,
3553 5712 3641 5765 lib.
3662 5713 3714 5778 ὃ,

2115 5788 2165 5824 ιι.
2251 5808 2263 5822 .

2115 5788 2165 5824 ιι.
2184 5788 2263 5824 ω.
