3796 6128
70 189 158 246 275

69 299 192 374 passi
233 304 358 355 sunt
403 293 889 367 pseudoprOphetae
938 290 1006 348 ab
1047 288 1186 358 Elia,
1224 287 1494 362 quomodo
1524 287 1641 360 ipse

71 392 191 448 Elias
212 405 240 444 a
270 403 402 461 rege
429 387 761 459 nequissimo
781 384 872 458 (lll
899 383 1029 455 Reg.
1055 381 1237 454 xvnl).
1265 383 1370 439 Aut
1393 381 1520 454 quia
1547 377 1647 435 lla-

70 485 274 555 gellatus
329 489 417 537 est
461 479 722 536 Dominus
766 492 797 532 a
838 475 1270 548 persecutoribus
1296 516 1312 544 ,
1359 479 1644 546 propterea

79 573 398 648 passionibus
429 572 545 644 ejus
570 567 915 642 comparandi
940 575 1066 624 sunt
1093 581 1226 638 quos
1251 566 1366 638 ipse
1395 563 1464 622 de
1504 573 1642 620 tem-

69 670 143 740 plo
187 665 488 738 flagellatos
531 663 710 734 ejecit.
753 660 943 718 Restat
977 674 1106 730 ergo
1133 666 1193 714 ut
1215 657 1351 714 nihil
1375 655 1521 714 aliud
1547 670 1642 714 re-

71 757 366 832 quirendum
397 771 522 813 esse
552 753 857 822 fateamini,
898 751 1001 808 nisi
1022 761 1202 806 utrum
1223 750 1368 822 jnste
1393 764 1460 804 an
1487 749 1650 820 impie

70 868 148 908 vos
171 851 548 923 separaveritis
577 865 608 904 a
629 848 1009 906 communione
1028 845 1173 902 orbis
1197 853 1482 902 terrarum.
1515 843 1646 901 Nam

72 946 109 1003 si
132 945 227 1000 hoc
255 945 541 1000 inventum
574 941 734 998 fuerit
763 941 906 1013 quod
936 939 1102 1012 impie
1130 940 1388 1006 feceritis,
1415 953 1524 994 non
1545 937 1649 993 mi-

73 1037 238 1093 remini
265 1036 310 1092 si
342 1051 452 1091 non
483 1034 680 1091 desunt
705 1033 937 1090 ministri
981 1033 1093 1089 Deo
1121 1047 1217 1101 per
1241 1046 1376 1103 quos
1418 1030 1653 1104 ﬂagelle-

73 1128 177 1183 mini
198 1145 210 1180 :
230 1128 351 1198 quia
380 1125 812 1197 persecutionem
844 1123 1108 1194 patimini,
1136 1138 1244 1178 non
1275 1137 1305 1177 a
1332 1121 1507 1189 nobis,
1529 1120 1648 1188 sed,

79 1222 196 1276 sicut
213 1219 478 1292 scriptum
497 1226 598 1286 est,
617 1217 685 1273 ab
709 1217 840 1288 ipsis
865 1215 1017 1272 factis
1039 1214 1234 1272 vestris
1256 1213 1409 1288 (Sap.
1430 1229 1506 1283 χι,
1531 1212 1649 1285 21).

128 1313 344 1370 CAPUT
385 1311 508 1368 XX.
537 1342 603 1353 —
629 1312 718 1367 44.
746 1311 936 1366 Ρετιι..
956 1308 1093 1365 dixit
1123 1325 1136 1362 :
1161 1308 1360 1364 Clamat
1387 1323 1568 1362 rursus
1586 1305 1652 1363 de

74 1408 175 1462 talo
202 1405 459 1460 Dominus
506 1403 738 1459 Christus
762 1401 831 1456 ad
883 1400 1109 1456 Paulum
1137 1416 1156 1455 :
1189 1419 1208 1454 ‹
1241 1399 1421 1468 Saule,
1467 1399 1649 1468 Saule,

73 1503 174 1573 quid
201 1517 277 1556 me
315 1498 675 1572 persequeris?
725 1496 928 1552 Durum
958 1504 1032 1550 est
1077 1494 1167 1548 tibi
1191 1503 1368 1549 contra
1394 1493 1654 1549 stimulum

73 1596 310 1649 calcitrare
347 1612 367 1646 ι
403 1591 540 1665 (Act.
589 1606 641 1646 ιχ
661 1631 674 1656 ,
706 1590 762 1656 4,
795 1588 874 1660 5).
905 1587 1101 1644 Saulus
1143 1595 1262 1641 tunc
1287 1585 1450 1640 dictus
1479 1593 1571 1653 est,
1597 1592 1653 1639 ut

73 1686 107 1739 ei
128 1684 444 1757 postmodum
470 1682 738 1754 Baptisma
765 1687 1084 1752 componeret
1110 1694 1316 1733 nomen.
1354 1677 1506 1732 Vobis
1532 1693 1652 1750 ergo

75 1797 154 1834 non
177 1779 363 1833 durum
389 1786 464 1832 est
487 1775 744 1832 Christum
767 1773 913 1828 toties
944 1770 1176 1843 persequi
1202 1771 1254 1824 in
1304 1768 1652 1824 sacerdotibus

73 1874 156 1928 suis
181 1873 217 1939 ⁸,
255 1870 486 1926 Domino
524 1870 637 1940 ipso
661 1867 932 1932 clamante,
977 1883 995 1916 ‹
1029 1863 1112 1918 Ne
1140 1863 1407 1934 tetigeritis
1430 1862 1647 1918 christos

77 1984 187 2021 meos
223 1985 242 2018 ι
303 1963 484 2036 (Psal.
539 1977 645 2028 ειν,
698 1960 829 2031 15)?
873 1957 1184 2014 Sanctorum
1246 1964 1530 2026 computata
1583 1961 1654 2008 tot

78 2061 254 2128 funera,
297 2065 345 2110 et
371 2055 597 2110 vivacem
629 2051 886 2107 Christum
914 2047 1360 2114 totiesoccidistis.
1385 2045 1653 2100 Postremo

77 2150 111 2203 si
133 2147 400 2220 sacrilegus
421 2162 525 2200 non
552 2145 641 2212 sis,
673 2151 876 2198 sanctus
903 2157 1009 2196 esse
1035 2157 1136 2195 non
1156 2147 1295 2211 potes
1325 2138 1602 2194 homicida.

134 2242 214 2296 45.
252 2241 390 2295 Anc.
424 2235 705 2308 respondit
733 2253 745 2289 :
779 2232 1060 2289 Defendite
1102 2246 1200 2287 vos
1251 2231 1398 2301 ipsos
1414 2245 1450 2287 _a
1477 2243 1656 2300 persc-

78 2335 286 2401 cutione,
314 2348 480 2404 quam
508 2330 649 2402 passi
673 2337 798 2384 sunt
823 2343 854 2383 a
881 2326 1072 2382 vestris
1099 2324 1189 2396 qui
1219 2339 1342 2380 cum
1373 2322 1653 2378 Maximia-

78 2447 134 2486 no
157 2446 210 2486 se
233 2445 263 2484 a
283 2428 442 2484 vobis
469 2431 853 2498 separaverunt
877 2439 892 2489 ;
926 2429 984 2478 et
1013 2420 1122 2475 illic
1165 2417 1448 2475 invenietis
1471 2416 1655 2473 defen-

80 2526 258 2581 sionem
287 2531 563 2579 nostram.
599 2519 656 2576 Si
710 2517 854 2574 enim
903 2514 1079 2572 dicitis
1125 2528 1232 2568 non
1276 2527 1372 2568 vos
1425 2510 1650 2576 fecisse;

82 2619 217 2674 Gesta
244 2613 650 2689 proconsularia
691 2621 746 2668 et
785 2603 1126 2679 municipalia
1148 2605 1457 2662 recitamus.
1490 2603 1547 2659 Si
1567 2602 1653 2658 di-

81 2709 182 2765 citis
227 2716 376 2765 recte
419 2721 522 2762 vos
548 2704 653 2760 illis
693 2701 924 2768 fecisse;
971 2714 1067 2755 cur
1113 2697 1216 2768 ipsi
1247 2697 1371 2752 talia
1409 2695 1518 2766 pati
1544 2709 1654 2750 non

80 2799 254 2855 vultis?
281 2799 339 2855 Si
364 2796 567 2864 dicitis,
599 2793 704 2851 Sed
728 2807 827 2848 nos
846 2790 1080 2848 scliisma
1126 2803 1234 2844 non
1259 2787 1518 2852 fecimus;
1552 2785 1656 2842 hoc

82 2905 187 2962 ergo
207 2900 502 2962 quaeratur,
527 2895 582 2942 et
609 2893 895 2956 antequam
935 2888 1144 2938 constet
1169 2894 1237 2934 an
1267 2879 1340 2934 ita
1372 2878 1461 2946 sit,
1495 2892 1656 2933 nemo

81 2992 431 3055 persecutores
481 2986 715 3036 accuset.
750 2977 806 3034 Si
841 2975 1019 3032 dicitis
1076 2974 1236 3030 etiam
1285 2971 1656 3028 schismaticos

82 3077 486 3148 persecutionem
513 3072 622 3144 pati
647 3085 754 3126 non
782 3067 1033 3125 debuisse
1058 3084 1070 3120 :
1100 3079 1283 3138 quacro
1311 3071 1489 3120 utrum
1515 3071 1571 3118 et
1590 3061 1656 3118 de

87 3170 297 3226 basilicis
326 3212 343 3239 ,
373 3169 433 3224 in
458 3166 650 3239 quibus
690 3163 1008 3220 insidiantur
1046 3160 1114 3215 ad
1141 3157 1478 3215 seducendos
1503 3155 1655 3212 infir-

85 3277 201 3330 mos,
222 3259 424 3333 expelli
455 3273 552 3329 per
593 3255 868 3312 ordinatas
908 3259 1201 3323 potestates
1240 3265 1350 3306 non
1389 3247 1657 3304 debeant?

85 3353 131 3410 Si
151 3353 338 3420 dicitis,
376 3365 478 3408 nec
513 3349 617 3405 hoc
644 3346 844 3403 debere
869 3363 882 3399 ε
912 3343 1120 3400 reddite
1142 3343 1289 3414 prius
1317 3337 1655 3395 Maximiani-

85 3446 165 3501 stis
190 3445 462 3510 basilicas,
494 3451 549 3497 et
582 3440 662 3496 sic
689 3438 968 3494 nobiscum
1005 3435 1165 3507 agite.
1198 3434 1255 3490 Si
1293 3431 1468 3488 dicitis
1491 3430 1658 3487 debe-

86 3552 165 3592 re:
193 3537 416 3610 quasrite
441 3533 552 3606 jam
577 3529 704 3603 quid
726 3528 833 3601 pati
858 3527 1090 3584 debeant
1117 3539 1146 3579 a
1175 3521 1528 3595 potestatibus
1572 3535 1660 3576 or-

87 3627 277 3696 dinatis,
305 3626 403 3700 qui
439 3625 517 3682 eis
547 3620 866 3685 resistendo,
906 3617 1002 3674 Dei
1030 3614 1353 3671 ordinationi
1380 3615 1658 3669 resistunt.

90 3722 220 3780 l‘nde
267 3728 458 3794 aperte
495 3716 783 3790 Apostolus
821 3711 985 3768 dicit:
1018 3709 1141 3764 Non
1185 3708 1318 3763 enim
1365 3707 1473 3761 sine
1507 3719 1663 3760 causa

93 3816 292 3884 gladium
321 3820 530 3885 portat;
556 3808 741 3864 vindex
766 3814 840 3861 est
866 3804 996 3858 enim
1020 3801 1073 3856 in
1086 3801 1217 3855 irant
1237 3799 1280 3853 ei
1293 3798 1380 3871 qui
1403 3796 1535 3852 male
1556 3795 1663 3867 agit

95 3904 244 3974 (Rom.
271 3921 391 3972 XIII,
413 3903 471 3971 2,
493 3901 573 3973 4).
600 3897 752 3968 Quod
783 3897 828 3952 si
867 3894 1086 3950 omnino
1125 3891 1406 3962 diligenter
1441 3887 1664 3944 veritate

93 4005 288 4054 tractata
308 3998 416 4053 hoc
442 3997 715 4050 inventum
737 3990 918 4056 fuerit,
941 3996 1001 4042 ut
1022 4001 1122 4042 nec
1145 4001 1241 4056 per
1261 3982 1460 4054 judicia
1489 3980 1662 4053 publi-

94 4105 143 4145 ca
165 4089 484 4148 schismatici
511 4084 713 4159 aliquid
739 4083 848 4155 pati
874 4081 1124 4146 debeant,
1150 4093 1253 4135 nec
1280 4076 1345 4133 de
1375 4076 1508 4132 locis
1535 4075 1666 4131 insi-

94 4184 278 4240 diarum
305 4194 363 4240 et
392 4181 723 4238 fallaciarum
747 4191 963 4233 suarum
988 4173 1150 4245 pelli;
1181 4181 1236 4227 et
1254 4169 1496 4225 dixeritis
1513 4169 1681 4225 vobis.

96 4277 380 4349 displicere,
430 4272 574 4346 quod
618 4268 1023 4327 Maximianistte
1050 4281 1080 4320 a
1110 4262 1427 4336 quibusdam
1473 4260 1666 4318 vestris

95 4369 178 4424 ista
221 4367 461 4441 perpessi
501 4372 626 4421 sunt
657 4381 671 4419 :
700 4377 796 4418 cur
839 4374 946 4415 non
989 4357 1242 4414 liberius”
1270 4353 1339 4410 de
1385 4361 1496 4408 toto
1537 4367 1666 4424 agro

97 4460 306 4530 Domini,
335 4459 390 4515 id
419 4467 523 4524 est,
555 4457 624 4512 de
652 4463 764 4510 toto
788 4451 988 4508 mundo
1018 4450 1250 4505 clamant
1275 4445 1540 4502 frumenta
1567 4445 1666 4501 do-

98 4553 289 4622 minica,
342 4550 457 4607 Nec
494 4547 562 4604 ad
607 4561 709 4603 nos
751 4544 981 4616 pertinet
1007 4539 1148 4613 quod
1185 4537 1389 4594 zizania
1416 4537 1501 4592 vel
1526 4535 1669 4608 quod

99 4647 233 4715 palea
258 4653 446 4702 nostra
466 4639 774 4704 committit,
799 4637 920 4709 quia
947 4634 1193 4706 displicet
1226 4629 1418 4687 nobis?
1440 4629 1497 4686 Si
1519 4627 1670 4684 vobis

101 4737 326 4795 sufﬁcere
350 4735 416 4792 ad
447 4733 817 4807 purgationem
844 4727 1110 4794 fatemini,
1133 4724 1384 4796 quoniam
1413 4719 1670 4794 quidquid

103 4829 208 4884 mali
228 4828 284 4885 fit
308 4843 339 4882 ει
367 4825 580 4892 vestris,
609 4821 858 4893 displicet
895 4817 1083 4874 vobis:
1111 4829 1278 4886 quare
1305 4828 1402 4870 vos
1430 4828 1557 4885 ergo
1586 4827 1673 4868 se-

104 4921 356 4990 parastis?
386 4919 523 4974 llinc
548 4915 692 4972 enim
714 4928 809 4970 vos
833 4918 1051 4968 accusat
1071 4909 1183 4979 ipsa
1207 4917 1386 4964 vestra
1410 4904 1669 4962 defensio.

104 5009 152 5067 Si
187 5014 323 5070 enim
363 5019 648 5084 propterea
669 5021 764 5062 vos
804 5004 872 5061 ab
901 5003 1097 5075 iniquis
1117 5000 1282 5072 partis
1308 4997 1536 5054 Donati'
1565 5012 1674 5053 non

105 5107 361 5178 separatis,
391 5108 517 5176 quia
560 5099 924 5172 unusquisque
963 5094 1228 5151 sarcinam
1272 5106 1423 5147 suam
1452 5096 1671 5161 portat;

1397 167 1600 230 LIBER
1638 166 2013 229 SECUNDUS.

3235 180 3348 242 274

1823 287 1913 344 46.
1942 287 2156 346 Etcum
2179 287 2469 362 quaerimus
2489 299 2519 346 a
2544 289 2717 363 vobis,
2745 303 2881 364 quos
2911 299 3147 352 vestrum
3172 309 3205 352 a
3233 310 3338 354 no-

1749 380 1876 437 stris
1903 381 2142 453 probetis
2188 381 2416 440 occisos.
2447 381 2657 439 Nullam
2686 383 2905 456 quidem
2947 385 3122 458 legem
3146 386 3216 444 ab
3235 388 3344 446 im-

1751 473 2090 543 peratoribus
2114 473 2293 531 datam
2317 482 2377 530 ut
2401 474 2779 533 occideremini
2825 478 3026 534 recolo.
3063 476 3142 535 Illi
3162 488 3346 538 autem

1752 566 1822 622 de
1842 566 2036 638 quibus
2089 566 2380 624 maximam
2421 567 2676 625 invidiam
2735 568 2915 627 facere
2943 570 3152 641 soletis,
3205 573 3348 629 Mar-

1752 657 1906 714 culus
1934 666 1990 714 et
2014 658 2291 726 Donatus,
2319 667 2380 715 ut
2420 658 2746 717 moderatius
2794 661 3041 730 dixerim,
3074 663 3346 722 incertum

1752 759 1835 807 est
1858 757 2036 806 utrum
2073 766 2134 807 se
2171 749 2273 822 ipsi
2313 751 2769 824 prrecipitaverint
2795 795 2810 820 ,
2855 753 2992 811 sicut
3028 764 3206 813 vestra
3245 757 3349 814 do-

1751 841 1922 897 ctrina
1951 856 2058 897 non
2087 849 2264 898 cessat
2304 841 2626 913 quotidianis
2659 844 2919 914 exemplis
2944 862 2958 911 ;
2988 861 3055 902 an
3083 862 3212 904 vero
3238 847 3348 905 ali-

1754 936 1908 1007 cujus
1925 941 2205 1007 potestatis
2226 935 2380 1007 jussu
2410 936 2726 1008 praecipitati
2756 937 2882 993 sint.
2913 937 2971 994 Si
2993 939 3136 995 enim
3167 939 3349 998 inero-

1754 1029 1918 1086 dibile
1966 1038 2050 1086 est
2091 1029 2378 1102 magistros
2423 1029 2931 1086 Circumcellionum
2979 1032 3166 1088 solitas
3193 1048 3350 1090 mors

1755 1133 1835 1179 tes
1863 1122 2078 1178 sibimet
2118 1122 2382 1190 intulisse,
2410 1130 2610 1194 quanto
2662 1123 3028 1180 incredibilius
3055 1134 3348 1196 potestates

1755 1217 2023 1274 Romanas
2050 1217 2266 1273 insolita
2313 1217 2573 1288 supplicia
2606 1217 2798 1288 jubere
2851 1220 3138 1290 potuisse?
3165 1221 3350 1294 Itaque

1752 1311 1822 1367 de
1844 1311 1947 1368 hac
1971 1327 2051 1378 re,
2079 1325 2238 1383 quam
2263 1310 2421 1366 nimis
2469 1309 2784 1366 invidiosam
2829 1312 3044 1381 putatis,
3076 1313 3123 1369 si
3157 1328 3348 1370 verum

1753 1404 1994 1477 estquod
2013 1405 2210 1470 dicitis,
2233 1404 2360 1478 quid
2382 1403 2485 1460 hoc
2526 1405 2761 1475 pertinet
2787 1403 2855 1459 ad
2887 1404 3214 1462 dominicum
3245 1406 3345 1462 tri-

1753 1500 1969 1556 ticum?
2021 1499 2178 1556 Palea
2205 1514 2324 1570 quae
2343 1496 2490 1555 foras
2528 1498 2749 1566 volavit,
2797 1497 3005 1569 paleam
3033 1513 3154 1570 quae
3200 1498 3349 1556 intus

1753 1591 2011 1649 remansit
2059 1598 2313 1647 accuset:
2356 1605 2463 1646 non
2502 1589 2647 1646 enim
2678 1598 2789 1645 tota
2837 1589 3056 1660 poterit,
3088 1590 3190 1647 nisi
3218 1605 3351 1649 ven-

1755 1686 1948 1742 tilabro
1976 1683 2165 1740 ultimo
2217 1681 2477 1754 separari.
2527 1681 2584 1737 Si
2636 1689 2814 1737 autem
2847 1681 3039 1737 falsum
3086 1691 3189 1751 cst,
3221 1681 3352 1755 quid

1753 1777 1947 1832 mirum
1960 1776 2004 1832 si
2034 1775 2186 1847 palea
2216 1783 2466 1846 tanquam
2481 1773 2586 1828 levi
2617 1772 2743 1828 flatu
2771 1771 3124 1828 dissensionis
3148 1773 3350 1843 ablata,

1754 1868 1913 1925 etiam
1940 1867 2262 1924 dominicum
2283 1865 2513 1922 triticum
2542 1863 2690 1919 falsis
2715 1863 3175 1920 criminationibus
3201 1864 3349 1920 inse-

1755 1961 1970 2016 ctalur?
2019 1959 2353 2028 Quapropter
2399 1956 2468 2013 de
2517 1955 2766 2012 omnibus
2822 1955 3019 2012 talibus
3061 1955 3346 2013 invidiosis

1755 2051 2067 2109 criminibus
2108 2050 2211 2106 hoc
2251 2049 2401 2105 vobis
2451 2049 2775 2104 frumentum
2829 2045 3048 2116 Christi,
3081 2048 3220 2120 quod
3251 2063 3350 2119 per

1754 2161 1962 2218 agrum,
1992 2144 2044 2199 id
2073 2152 2173 2210 est,
2201 2159 2298 2215 per
2322 2141 2777 2198 totum'mundum
2798 2155 2919 2198 cum
2950 2142 3170 2198 zizaniis
3193 2157 3347 2200 cres-

1755 2253 1879 2295 cere
1899 2237 2105 2308 jussum
2133 2246 2233 2303 est,
2279 2236 2446 2292 libera
2498 2243 2553 2291 et
2605 2249 2794 2292 secura
2833 2249 2965 2291 voce
3011 2235 3349 2307 respondet:

1755 2335 1812 2392 Si
1839 2349 1946 2390 non
1971 2333 2208 2404 probatis
2231 2331 2371 2404 quod
2400 2329 2598 2399 dicitis,
2634 2329 2702 2386 ad
2751 2330 3022 2386 neminem
3072 2331 3345 2401 pertinet;

1755 2429 1802 2486 si
1829 2438 2008 2484 autem
2039 2426 2295 2498 probatis,
2340 2425 2409 2480 ad
2433 2439 2520 2480 me
2545 2438 2653 2478 non
2683 2425 2933 2493 pertinet.
2961 2423 3041 2478 Ex
3056 2438 3162 2495 quo
3210 2423 3270 2479 fit
3296 2430 3356 2482 ut

1755 2521 2076 2592 quicumque
2101 2532 2160 2574 se
2180 2517 2248 2573 ab
2273 2517 2373 2572 ista
2408 2515 2615 2572 unitate
2655 2513 2911 2570 frumenti
2955 2523 3175 2586 propter
3203 2515 3351 2572 ziza-

1757 2613 1969 2668 niorum
1992 2611 2078 2667 vel
2117 2610 2285 2682 palea:
2340 2608 2564 2664 crimina
2596 2607 2885 2678 separavit,
2926 2617 3147 2678 propter
3177 2611 3354 2679 ipsum

1756 2703 2107 2760 dissensionis
2137 2711 2192 2758 et
2240 2700 2545 2757 schismatis
2571 2700 2769 2754 malum
2796 2714 2896 2755 nec
2937 2700 3005 2756 ab
3033 2701 3150 2771 ipso
3173 2701 3354 2758 crimi-

1757 2811 1828 2852 ne
1849 2794 2121 2852 homicidii
2146 2809 2205 2849 se
2238 2793 2404 2865 possit
2455 2791 2766 2859 defendere,
2817 2791 3027 2848 dicente
3053 2792 3351 2864 Scriptura,

1759 2890 1862 2958 Qui
1886 2890 1989 2945 odit
2017 2889 2225 2959 fratrem
2243 2903 2409 2952 suum,
2438 2885 2692 2940 homicida
2725 2883 2839 2958 est(
2867 2883 2884 2938 l
2917 2884 3074 2939 Joan.
3104 2901 3183 2954 ιιι,
3214 2886 3283 2943 15
3307 2886 3354 2957 ).

1829 2981 2056 3038 CAPUT
2103 2978 2242 3036 XXI.
2265 2980 2435 3034 —-47.
2455 2977 2642 3034 PETIL.
2665 2975 2833 3032 dixit:
2859 2975 3020 3048 Ergo,
3039 2985 3092 3031 ut
3109 2977 3356 3047 diximus,

1757 3076 2008 3131 Dominus
2037 3072 2264 3129 Christus
2292 3071 2526 3126 clamavit
2551 3070 2618 3123 ad
2646 3067 2892 3137 Paulum,
2916 3088 2936 3122 ι
2957 3069 3138 3136 Saule,
3168 3070 3350 3140 Saule,

1758 3166 1882 3240 quid
1912 3182 1991 3220 me
2026 3163 2333 3236 persequeris
2354 3163 2380 3217 ?
2405 3161 2605 3216 Durant
2623 3170 2693 3216 est
2715 3161 2803 3215 tibi
2827 3161 3067 3221 adversus
3079 3163 3347 3219 stimulum

1759 3259 2040 3314 calcitrare.
2069 3273 2088 3307 ι
2107 3255 2250 3309 Dixit
2270 3263 2438 3309 autem
2459 3251 2659 3307 Paulus
2687 3269 2705 3306 :
2742 3270 2761 3304 ι
2795 3251 2921 3318 Quis
2937 3269 3010 3320 es,
3033 3251 3298 3309 Domine?
3326 3273 3348 3308 ο

1761 3352 1922 3422 Eique
1945 3364 2241 3420 responsum
2265 3357 2336 3402 est
2363 3363 2380 3400 :
2407 3364 2426 3398 ι
2461 3344 2577 3417 Ego
2598 3343 2828 3400 Christus
2859 3344 3184 3414 Nazarenus,
3207 3362 3358 3417 quem

1762 3452 1817 3498 tu
1837 3441 2164 3514 persequeris.
2198 3457 2218 3491 ›
2249 3437 2316 3493 Et
2340 3438 2428 3492 ille
2448 3445 2661 3491 tremens
2681 3453 2740 3491 ac
2764 3444 2969 3507 stupens
2998 3436 3126 3492 discit
3148 3454 3167 3491 :
3194 3455 3214 3490 ι
3241 3436 3357 3493 Do-

1762 3537 1914 3603 mine,
1940 3534 2062 3606 quid
2110 3550 2190 3588 me
2231 3533 2304 3588 vis
2333 3535 2498 3604 facere
2529 3531 2553 3584 ?
2588 3549 2606 3583 ι
2657 3529 2726 3585 Et
2771 3530 3024 3585 Dominus
3048 3531 3116 3584 ad
3157 3530 3304 3586 illum
3335 3547 3357 3586 :

1769 3648 1788 3682 ι
1829 3630 2014 3701 Surge,
2040 3631 2087 3680 et
2109 3626 2244 3680 intra
2286 3626 2342 3679 in
2370 3623 2640 3691 civitatem,
2683 3631 2729 3677 et
2779 3622 2974 3677 dicetur
3025 3623 3114 3678 tibi
3151 3623 3272 3694 quid
3303 3631 3354 3679 te

1763 3731 1991 3795 Oporteat
2012 3720 2196 3791 facere.
2229 3738 2248 3770 ›
2276 3718 2344 3772 Et
2365 3717 2695 3789 interpositis,
2728 3733 2747 3767 ι
2778 3715 3193 3771 Surrexitautem
3215 3715 3358 3772 Sau-

1727 3818 1845 3880 .lus
1864 3815 1926 3870 de
1947 3824 2113 3881 terra,
2146 3812 2428 3884 apertisque
2460 3809 2622 3864 oculis
2668 3809 2772 3862 suis
2820 3807 2948 3862 nihil
2999 3807 3215 3863 videbat.
3246 3827 3265 3861 ι
3309 3806 3358 3863 ο

1764 3908 1923 3963 ultrix
1977 3905 2164 3976 furoris
2211 3905 2431 3970 cwcitas,
2484 3901 2750 3956 oculorum
2792 3901 3134 3973 persequentis
3181 3900 3355 3956 lumen

1766 3998 2052 4065 obnubilas,
2073 3995 2183 4054 solo
2224 3994 2487 4066 Baptismo
2514 4007 2769 4048 recessura
2794 3992 2814 4045 !
2844 3987 3118 4046 Videamus
3154 4007 3274 4064 ergo
3302 3992 3358 4046 in

1765 4093 1962 4149 civitate
2007 4090 2129 4162 quid
2176 4089 2346 4160 gessit.
2375 4105 2394 4139 ε
2429 4085 2668 4151 Introiit,
2707 4103 2726 4137 ι
2755 4085 2944 4154 inquit,
2980 4103 3000 4136 ι
3038 4085 3262 4140 Ananias
3285 4082 3359 4140 ad

1769 4185 2004 4250 Saulum,
2029 4193 2075 4238 et
2103 4198 2218 4236 cum
2237 4179 2555 4251 imposuisset
2595 4178 2644 4232 ei
2694 4192 2893 4243 manus,
2917 4177 2988 4230 ait
3011 4192 3029 4230 :
3058 4175 3219 4231 Saule
3240 4179 3357 4247 {ra-

1768 4289 1860 4346 ter,
1885 4276 2135 4332 Dominus
2162 4274 2297 4327 misit
2338 4287 2417 4325 me
2458 4269 2628 4334 Iesus,
2670 4268 2757 4338 qui
2777 4268 2911 4322 visus
2937 4276 3010 4321 est
3051 4266 3139 4320 tibi
3181 4267 3234 4321 in
3272 4267 3358 4323 via

1768 4389 1868 4446 qua
1891 4367 2137 4433 veniebas,
2157 4373 2212 4419 ut
2240 4363 2410 4418 videas
2439 4370 2486 4416 et
2504 4359 2764 4431 implearis
2790 4357 2991 4429 Spiritu
3006 4366 3200 4412 sancto.
3222 4355 3352 4413 Con-

1772 4466 1938 4539 festim
1975 4459 2258 4516 ceciderunt
2301 4455 2363 4509 ab
2413 4452 2572 4509 oculis
2611 4451 2720 4522 ejus
2769 4458 3008 4519 tanquam
3041 4462 3282 4518 squamae,
3306 4455 3358 4504 et

1769 4561 1930 4614 visum
1953 4553 2156 4625 recepit,
2177 4559 2223 4605 et
2248 4564 2460 4620 surgens
2479 4545 2763 4617 baptizatus
2783 4552 2856 4599 est
2885 4561 2904 4595 ι
2927 4540 3059 4616 (Act.
3082 4557 3155 4609 rx,
3178 4540 3355 4614 4-18).

1771 4650 1897 4707 Cum
1917 4647 2068 4720 igitur
2093 4642 2289 4698 Paulus
2308 4657 2342 4695 a
2360 4639 2569 4696 crimine
2589 4635 2915 4709 persequendi
2935 4633 3200 4704 Baptismo
3229 4632 3358 4687 libe-

1771 4751 1931 4808 ratus,
1975 4738 2147 4795 oculos
2188 4734 2458 4807 sumirserit
2495 4733 2936 4794 innocentes;cur
2955 4743 3057 4781 non
3089 4724 3163 4781 vis
3182 4741 3360 4799 perse-

1774 4843 1916 4891 cutor
1933 4841 1979 4888 et
2013 4828 2227 4885 traditor
2251 4842 2412 4882 caecus
2443 4824 2576 4898 {also
2605 4820 2903 4892 baptismate
2943 4818 3006 4873 ab
3044 4818 3107 4874 iis
3129 4816 3362 4890 quasin-

1773 4926 1993 5000 sequeris
2017 4921 2262 4994 baptizari
2285 4919 2309 4975 ?

1851 5045 1940 5102 48.
1990 5043 2125 5099 Ave.
2165 5014 2483 5109 respondit:
2527 5032 2637 5090 Nec
2659 5040 3065 5105 persecutorem
3112 5045 3212 5088 nec
3243 5039 3352 5088 tra-

1781 5141 2009 5198 ditorem
2035 5133 2252 5208 probas,
2278 5145 2437 5204 quem
2460 5128 2543 5186 vis
2557 5127 2733 5184 denuo
2751 5126 3043 5198 baptizare.
3073 5125 3141 5181 Et
3170 5124 3215 5180 si
3234 5139 3364 5196 pro-

1779 5233 1876 5290 bas
1890 5231 2141 5302 aliquem,
2171 5241 2280 5282 non
2313 5231 2586 5280 esttamen
2603 5219 2781 5276 denuo
2799 5217 3147 5291 baptizandus
3168 5230 3360 5288 perse-
3404 5291 3408 5296 .

1783 5334 1934 5383 cutor
1959 5330 2014 5380 et
2041 5320 2286 5386 traditor,
2312 5317 2359 5374 si
2383 5315 2494 5388 jam
2532 5312 2730 5370 Christi
2775 5313 3048 5384 Baptismo
3067 5310 3368 5381 baptizatus

1783 5424 1885 5474 est.
1917 5413 2139 5471 Paulum
2160 5409 2355 5483 quippe
2382 5412 2664 5479 propterea
2682 5400 3202 5474 baptizariOportuit,
3235 5396 3365 5468 quia

1784 5522 2055 5582 nunquam
2082 5506 2173 5561 tali
2201 5503 2467 5574 baptismo
2492 5499 2688 5556 tinctus
2734 5496 2850 5553 fuit.
2883 5497 3064 5566 Itaque
3106 5491 3239 5572 nihil
3270 5491 3382 5582 ha-_

1787 5606 1879 5662 bet
1904 5581 2078 5659 Simile
2094 5598 2169 5655 ad
2194 5611 2409 5654 causam
2434 5608 2594 5667 quam
2618 5590 2903 5648 nobiscum
2935 5587 3110 5658 agitis,
3138 5582 3280 5655 (ιιιοά
3299 5581 3374 5642 de

1790 5700 1956 5772 Paulo
1984 5699 2325 5778 interponere
2366 5686 2724 5753 voluisti.Sed
2750 5687 2796 5747 si
2835 5685 2934 5742 hoc
2963 5698 3069 5746 nou
3136 5681 3373 5762 interpo'

109 5211 190 5251 cur
211 5200 274 5253 ab
302 5195 498 5267 iniquis
542 5192 691 5250 orbis
717 5199 1002 5254 terrarum,
1031 5199 1164 5257 quos
1183 5183 1379 5256 putatis
1406 5191 1497 5237 aut
1519 5181 1674 5252 fingi-

113 5289 188 5357 tis,
205 5305 295 5347 vos
319 5287 650 5361 separastis?
685 5285 767 5340 An
789 5290 848 5338 ut
875 5280 1139 5336 sarcinam
1163 5275 1464 5332 schismatis
1489 5288 1677 5331 omnes

115 5385 290 5452 pariter
316 5377 639 5456 portaretis?

139 5498 183 5568 ,λι
200 5498 336 5568 min,
359 5495 518 5568 quiin
538 5491 868 5568 sacerdotibus
905 5487 1022 5543 suis.
1047 5487 1364 5552 Expungitur,
1390 5482 1488 5552 qui,
1517 5490 1680 5536 aucto-

116 5560 244 5610 ritate
264 5560 713 5621 manuscriptorum.

170 5623 191 5692 ξ
209 5633 318 5692 an}.
329 5629 390 5691 et.
402 5619 532 5692 Lissi,
547 5619 754 5692 uberius.

173 5682 341 5752 fruiti,
372 5676 551 5752 iniquis
585 5680 802 5752 partibus
838 5677 1024 5736 portati.
1061 5676 1380 5728 emendantur
1424 5687 1486 5727 ex
1509 5685 1679 5728 manu-

119 5745 302 5810 salutis.
