3812 6202
403 96 511 156 275

399 215 631 282 suisses,
665 213 855 286 puerili
879 213 1256 270 declamationi
1297 213 1473 268 locum
1522 225 1626 266 non
1670 207 1987 274 invenisses,

403 307 498 376 ubi
517 307 748 376 diceres,
777 307 822 368 0
845 305 1002 372 ultrix
1047 305 1241 375 furoris
1289 304 1510 369 siccitas,
1564 301 1674 358 solo
1722 299 1989 370 Baptisms

399 402 710 476 recessura!
731 401 941 470 Quanto
966 399 1108 462 enim
1146 397 1334 455 fortius
1359 396 1414 452 in
1453 409 1548 452 vos
1587 393 1992 450 exclamandum

401 495 569 566 est,0
597 495 761 562 ultrix
784 493 981 550 luroris
1019 489 1388 561 excitamque:
1410 505 1517 546 non
1562 489 1726 544 Paulo
1769 503 1990 558 compa-

402 598 540 660 rata,
582 588 677 646 sed
716 586 944 653 Simoni,
989 600 1090 647 nec
1129 593 1350 655 accepto
1399 583 1674 655 Baptismo
1719 581 1928 646 recedit
1960 596 1991 636 a

399 681 593 748 vobis?
617 679 752 747 Nam
780 679 826 742 si
855 685 1230 750 persecutores
1260 676 1328 733 ab
1367 677 1447 733 eis
1475 691 1610 748 quos
1660 689 1994 746 persequun-

416 790 489 834 .ur
518 769 816 844 baptizandi
844 779 984 837 sunt,
1026 769 1331 828 Primianus
1360 785 1390 823 a
1437 767 1841 824 Maximianistis
1887 767 1986 821 ba-

405 866 648 938 ptizetur,
671 878 806 934 quos
829 861 1216 920 instantissime
1248 869 1561 930 persecutus
1581 870 1684 916 est.

473 954 701 1024 CAPUT
741 952 985 1011 XXll.——
1005 954 1098 1014 ιθ.
1121 953 1303 1010 Ρετιι.
1328 952 1462 1009 dixit
1484 969 1500 1008 :
1521 952 1585 1006 At
1597 952 1727 1007 enim
1747 963 1992 1012 constan-

402 1056 476 1116 ter
497 1047 775 1120 apponitis,
799 1046 928 1102 dixit
950 1044 1206 1119 Apostolis
1235 1043 1481 1110 Christus,
1518 1063 1536 1096 ι
1565 1043 1662 1110 Ωιιὶ
1684 1045 1836 1098 semel
1859 1044 1993 1099 lotus

399 1153 496 1212 est,
523 1161 623 1210 non
644 1143 790 1203 habet
811 1158 1018 1202 causam
1053 1141 1150 1200 nisi
1179 1139 1336 1212 pedes
1365 1139 1590 1206 lavandi,
1617 1139 1704 1194 sed
1730 1147 1804 1193 est
1837 1155 1992 1192 mun-

401 1235 498 1298 dus
528 1243 680 1296 totus.
709 1251 728 1286 ι
758 1232 816 1288 Si
844 1231 990 1286 verba
1009 1232 1107 1293 ista
1145 1231 1293 1302 plene
1329 1230 1594 1298 discutias,
1643 1229 1990 1304 subsequenti-

401 1325 494 1390 bus
518 1325 774 1388 obtineris.
804 1323 894 1380 Sic
916 1339 1131 1394 namque
1149 1321 1344 1385 lacutus
1373 1331 1466 1390 est,
1511 1322 1682 1378 dicens
1704 1337 1723 1380 :
1749 1342 1769 1374 ε
1796 1321 1898 1390 Qui
1917 1338 1997 1377 se-

402 1418 504 1480 mel
529 1419 664 1473 lotus
687 1426 778 1482 est,
804 1433 907 1472 non
931 1416 1079 1480 habet
1112 1432 1318 1470 causam
1343 1415 1440 1476 nisi
1469 1414 1620 1485 pedes
1655 1415 1881 1480 lauandi,
1906 1413 1995 1470 sed

401 1519 474 1567 est
494 1509 712 1566 mundus
738 1517 887 1572 totus.
912 1507 981 1565 Et
1010 1524 1096 1566 vos
1120 1508 1296 1568 mundi
1321 1508 1459 1575 estis,
1487 1507 1578 1566 sed
1608 1523 1711 1564 non
1739 1524 1930 1564 omnes.
1967 1526 1988 1564 s

402 1603 520 1660 Hoc
547 1612 712 1660 autem
733 1602 861 1660 dixit
879 1598 1103 1674 propter
1129 1600 1163 1662 ,Ι
1169 1600 1344 1664 udam,
1367 1601 1454 1671 qui
1480 1616 1593 1662 eum
1642 1603 1806 1672 fuerat
1833 1601 1996 1656 tradi-

403 1695 754 1766 turus(Joan.
799 1711 915 1762 xm,
945 1694 1034 1762 10,
1061 1695 1122 1750 il
1154 1692 1196 1767 ).
1241 1694 1479 1765 Quisquis
1523 1710 1642 1765 ergo
1667 1694 1883 1750 traditor
1907 1695 1993 1764 fa-

402 1798 512 1844 ctus
550 1805 623 1854 es,
651 1785 973 1858 Baptismum
1021 1785 1304 1857 perdidisti.
1345 1783 1574 1855 Denique
1600 1795 1864 1858 postquam
1886 1787 1997 1857 ipse

401 1882 674 1936 damnatus
695 1889 765 1936 est
804 1879 1018 1943 traditor
1060 1877 1265 1944 Christi,
1311 1878 1582 1950 Apostolos
1628 1879 1864 1935 undecim
1919 1879 1995 1935 sic

401 1976 602 2048 plenius
637 1976 954 2046 confirmavit
976 1989 996 2029 :
1041 1993 1060 2030 ς
1087 1973 1209 2031 lam
1243 1989 1328 2030 vos
1370 1974 1549 2030 mundi
1605 1975 1743 2041 estis,
1787 1983 1995 2045 prapter

396 2087 677 2138 sermonem
697 2086 844 2141 quem
870 2069 1066 2126 locutus
1081 2085 1196 2124 sum
1218 2067 1375 2123 uobis.
1402 2068 1606 2123 Manete
1620 2068 1675 2122 in
1701 2084 1803 2134 me,
1825 2076 1873 2122 et
1901 2083 1994 2138 ego

396 2166 453 2222 in
500 2164 637 2224 vobis
673 2182 693 2218 ι
723 2161 857 2235 (Id.
908 2177 1001 2227 xv,
1051 2161 1108 2227 5,
1153 2160 1243 2232 ὁ).
1287 2159 1356 2216 Et
1399 2161 1584 2218 iterum
1634 2161 1714 2216 his
1757 2161 1994 2217 undecim

399 2257 528 2313 dixit
558 2274 576 2313 :
605 2275 624 2308 ι
662 2254 852 2319 Pacem
875 2270 1038 2310 meam
1058 2252 1124 2308 do
1172 2252 1329 2316 vobis,
1371 2269 1548 2324 pacem
1589 2269 1753 2307 meam
1793 2254 1992 2308 dimitto

397 2350 535 2416 vobis
565 2369 584 2404 ι
613 2347 633 2421 (
663 2346 751 2402 Id.
778 2346 977 2415 x1v,27
1001 2345 1042 2418 ).
1087 2345 1215 2401 Cum
1251 2346 1358 2404 haec
1399 2362 1518 2418 ergo
1537 2345 1801 2415 damnato,
1833 2355 1887 2402 ut
1907 2347 1991 2401 di-

398 2442 567 2498 :cimus
591 2482 604 2507 ,
633 2439 895 2506 traditore,
924 2438 1178 2507 Apostolis
1200 2437 1434 2498 undecim
1463 2438 1599 2494 dicta
1614 2439 1734 2506 sint,
1763 2457 1850 2495 vos
1873 2455 1994 2512 quo-

399 2550 494 2606 que
545 2533 813 2596 traditores
882 2527 1118 2590 similiter
1166 2546 1344 2601 pacem
1412 2539 1461 2588 et
1519 2528 1841 2602 Baptismum
1890 2549 1992 2587 non

400 2627 610 2684 habetis.

469 2721 559 2778 50.
593 2721 726 2778 Aac.
749 2722 1064 2793 respondit:
1107 2721 1166 2780 Si
1213 2737 1343 2794 ergo
1375 2720 1616 2794 perdidit
1655 2718 1990 2793 Baptismum

399 2816 642 2883 traditor,
675 2818 968 2890 quisquisa
1007 2818 1160 2876 vobis
1203 2818 1503 2888 baptizatus
1555 2826 1740 2887 postea
1768 2815 1991 2871 traditor

398 2909 571 2968 factus
591 2910 770 2977 (attrit,
811 2911 856 2966 si
903 2911 972 2966 ad
1018 2925 1116 2966 vos
1151 2911 1334 2967 redire
1366 2909 1613 2974 voluerit,
1668 2908 1846 2964 denuo
1893 2908 1991 2963 ba-

400 3003 649 3074 ptizetur.
683 3001 837 3072 Quod
879 3002 924 3058 si
959 3019 1066 3058 non
1095 3001 1290 3070 facitis,
1321 3002 1453 3057 satis
1492 3016 1588 3057 vos
1617 3000 1715 3069 ipsi
1739 2999 1991 3070 iudicatis

399 3095 591 3152 falsum
622 3109 742 3152 esse
780 3093 923 3166 quod
966 3093 1166 3149 dictum
1203 3102 1304 3157 est,
1352 3092 1415 3150 Si
1439 3093 1552 3162 quis
1605 3107 1726 3163 ergo
1778 3089 1993 3145 traditor

401 3191 568 3261 factus
587 3205 658 3254 es,
685 3187 1006 3258 Baptismum
1031 3186 1316 3258 perdidisti.
1338 3185 1395 3242 Si
1423 3187 1565 3241 enim
1581 3183 1833 3256 perdidit,
1867 3181 1991 3239 red-

403 3291 491 3340 eat
510 3292 565 3339 et
583 3282 805 3360 recipiat
838 3298 853 3337 :
881 3281 926 3337 si
969 3291 1148 3338 autem
1179 3280 1317 3337 redit
1361 3289 1417 3337 et
1466 3295 1573 3334 non
1622 3277 1832 3348 recipit,
1883 3290 1991 3331 non

401 3376 727 3449 perdiderat.
760 3374 978 3442 Deinde,
1013 3375 1058 3431 si
1109 3384 1388 3447 propterea
1423 3373 1626 3430 dictum
1654 3379 1738 3428 est
1759 3371 1992 3443 Aposto-

399 3470 490 3539 lis,
530 3469 651 3526 Jam
675 3486 763 3526 uos
787 3469 962 3525 mundi
992 3470 1111 3525 estis
1134 3486 1155 3536 ;
1176 3477 1248 3534 et,
1291 3467 1484 3523 Pacem
1523 3483 1688 3523 meam
1710 3465 1777 3520 do
1811 3463 1993 3530 vobis;

402 3565 523 3637 quia
563 3565 674 3637 jam
727 3564 853 3621 inde
903 3563 1226 3620 discesserat
1275 3561 1499 3618 traditur
1530 3577 1545 3614 :
1573 3575 1683 3615 non
1721 3566 1838 3614 erat
1863 3572 1993 3630 ergo

402 3658 600 3716 munda
627 3667 682 3714 et
710 3657 929 3729 paeillca
978 3672 1134 3714 cinna
1174 3656 1263 3710 illa
1291 3655 1422 3710 tanti
1449 3651 1805 3716 Sacramenti,
1832 3665 1993 3722 quam

401 3749 718 3820 priusquam
747 3749 764 3780 ¹
789 3747 878 3802 ille
899 3747 1091 3810 exiret,
1121 3744 1370 3801 omnibus
1406 3743 1573 3799 dedit.
1601 3741 1753 3809 Quod
1779 3743 1821 3796 si
1842 3741 1993 3795 clau-

403 3840 482 3896 sis
509 3839 682 3896 oculis
723 3839 908 3895 dicere
933 3837 1163 3903 audetis,
1192 3836 1319 3907 quid
1365 3836 1621 3892 faciamus
1660 3834 1760 3889 nisi
1816 3833 1994 3904 potius

402 3948 504 3989 nos
531 3933 910 3999 exclamemus,
939 3931 983 3986 Ο
1011 3931 1175 3986 ultrix
1218 3928 1418 3984 luroris
1445 3927 1658 3984 caecitas
1685 3941 1871 3982 eorum
1899 3927 1989 3997 qui

401 4024 588 4080 volunt
612 4039 718 4080 esse
761 4023 886 4096 legis
927 4021 1177 4087 doctores,
1225 4021 1364 4077 sicut
1387 4019 1516 4076 dicit
1545 4019 1856 4090 Apostolus,
1887 4034 1990 4072 non

402 4116 737 4188 intelligentes
775 4131 933 4188 neque
973 4130 1088 4187 qua!
1125 4114 1432 4186 loquuntur,
1493 4126 1654 4183 neque
1694 4111 1760 4166 de
1815 4110 1994 4182 quibus

403 4209 656 4281 aﬂirmant
683 4207 705 4282 (
733 4207 754 4264 Ι
786 4207 918 4265 Tim.
946 4224 984 4276 l,
1016 4208 1048 4262 7
1071 4208 1089 4278 )
1109 4208 1134 4264 ?
1155 4206 1269 4263 Nisi
1311 4215 1490 4263 tamen
1547 4204 1854 4276 pertinacia:
1881 4219 1991 4260 cte-

403 4303 540 4360 citas
571 4301 884 4374 impediret,
916 4316 1023 4357 non
1048 4307 1165 4358 erat
1203 4298 1440 4356 difﬁcilis
1477 4297 1801 4363 intellectus,
1832 4305 1890 4352 ut
1915 4295 1997 4352 vi-

405 4394 565 4452 deres
592 4409 699 4450 non
721 4394 920 4449 dixisse
951 4393 1235 4448 Dominum
1275 4399 1537 4463 praesente
1555 4389 1714 4456 Iuda,
1745 4388 1990 4444 Nondum

403 4487 595 4546 mundi
614 4486 925 4554 estis;sed,
955 4485 1078 4540 1am
1097 4501 1184 4544 vos
1229 4484 1406 4539 mundi
1460 4484 1596 4540 estis.
1645 4481 1866 4538 Addidit
1895 4496 1988 4536 au-

404 4590 535 4648 tem,
565 4598 666 4638 non
693 4596 900 4645 omnes;
929 4579 1051 4650 quia
1082 4577 1155 4634 ibi
1175 4587 1293 4633 erat
1317 4576 1409 4648 qui
1446 4575 1682 4637 mundus
1701 4591 1807 4632 non
1835 4583 1951 4632 erat
1976 4591 1991 4630 :

407 4678 501 4750 qui
528 4686 706 4734 tamen
731 4676 776 4732 si
821 4673 1108 4747 praesentia
1136 4686 1231 4728 sua
1278 4679 1503 4729 caeteros
1547 4670 1834 4742 pollueret,
1883 4686 1992 4726 non

407 4772 490 4830 eis
517 4771 805 4836 diceretur,
834 4766 1059 4823 lauicos
1098 4763 1276 4820 mundi
1301 4765 1418 4818 estis
1445 4779 1463 4818 :
1492 4762 1586 4820 sed
1615 4763 1904 4829 diceretur,
1935 4772 1993 4819 ut
2078 4811 2085 4818 .

411 4867 548 4934 dixi,
578 4865 822 4922 Nondum
846 4862 1030 4920 mundi
1049 4862 1200 4919 estis.
1224 4860 1511 4931 Postquam
1539 4873 1668 4914 vero
1689 4857 1779 4914 ille
1790 4857 1993 4914 disces-

408 4960 504 5027 sit,
529 4958 664 5014 dixit
691 4958 790 5024 eis,
819 4957 943 5011 Jam
961 4973 1048 5012 vos
1089 4955 1269 5010 mundi
1302 4955 1422 5009 estis
1444 4968 1465 5018 ,°
1491 4967 1593 5009 nec
1635 4952 1857 5022 addidit,
1887 4952 1995 5010 Sed

411 5066 522 5109 non
564 5063 754 5112 omnes
783 5066 796 5105 :
824 5049 946 5120 quia
980 5048 1092 5119 jam
1143 5046 1485 5113 discesserat.
1514 5059 1622 5117 quo
1667 5045 1826 5107 etiam
1856 5061 1995 5116 prat-

414 5151 588 5209 sente,
618 5141 758 5198 sicut
799 5139 879 5196 eis
902 5137 1100 5196 dictum
1142 5148 1240 5205 est,
1288 5138 1472 5202 mundi
1517 5146 1671 5198 erant
1695 5179 1708 5202 ,
1746 5137 1842 5196 sed
1888 5154 1997 5200 non

409 5248 625 5300 omnes,
650 5232 776 5305 quia
801 5240 917 5294 erat
958 5232 1066 5290 illic
1112 5245 1248 5294 unus
1292 5231 1614 5295 immundus.
1666 5231 2001 5304 Quapropter

409 5326 498 5384 his
543 5325 718 5382 verbis
754 5322 922 5396 magis
976 5323 1232 5390 Dominus
1280 5323 1589 5388 declaravit,
1624 5323 1678 5388 in
1706 5339 1813 5386 uno
1853 5333 1998 5388 coetu

408 5421 687 5483 hominum
713 5419 899 5476 eadem
925 5418 1270 5476 Sacramenta
1314 5417 1660 5484 sumentium,
1699 5417 1996 5489 aliquorum

475 5554 494 5587 ¹
514 5555 590 5616 Sic
605 5563 712 5605 Mss.
733 5560 789 5605 At
811 5551 949 5616 editi,
972 5549 1199 5616 quoniam
1540 5557 1593 5603 Et
1615 5550 1757 5613 intra,
1781 5550 2000 5616 loco,nos

409 5615 748 5684 muniemus,
769 5612 1035 5682 habebant,
1068 5626 1195 5668 nunc
1217 5612 1558 5677 minutatim.

1260 95 1534 153 CONTRA
1573 89 1916 151 LITTERAS
1952 85 2318 167 PETILIANI,
2358 97 2420 157 S.
2461 100 2832 163 AUGUSTINI

3635 13 3788 180 ml

2104 207 2493 310 immunditiam
2511 220 2722 276 mundis
2751 222 2941 279 obesse
2981 238 3086 279 non
3115 239 3294 296 posse.
3324 227 3506 285 Certe
3545 227 3603 284 si
3639 245 3734 300 pu-
3785 215 3787 310 1

2102 305 2226 360 tatis
2256 308 2393 377 apud
2426 325 2524 365 uos
2553 328 2671 369 esse
2718 315 2921 372 similes
2948 315 3119 385 Jud;c,
3156 317 3271 376 lucc
3315 322 3492 377 verba
3563 321 3736 377 nobis

2101 393 2280 462 dicite,
2309 399 2491 455 Mundi
2518 404 2656 473 estis,
2708 406 2798 460 sed
2846 424 2946 463 non
2985 426 3174 466 omnes.
3208 411 3324 468 Non
3367 425 3584 471 autem
3623 414 3732 472 hoc

2100 487 2277 547 dicitis
2303 510 2316 547 :
2345 493 2439 549 sed
2468 495 2644 553 dicitis
2689 511 2909 582 preptcr
2933 504 3189 574 quosdam
3218 507 3581 576 immundos,
3621 508 3736 564 ἰω-
3786 489 3787 496 γ

2099 585 2284 640 mundi
2333 589 2464 645 estis
2520 606 2727 649 omnes.
2775 595 2888 652 Hoc
2933 597 3208 668 discipulis
3261 601 3542 659 Dominus
3585 601 3736 661 Iuda

2099 690 2364 744 praesente
2396 697 2500 737 non
2529 682 2664 739 dixit
2697 703 2709 739 :
2735 694 2789 741 et
2815 687 2934 744 ideo
2959 690 3048 762 qui
3072 689 3172 747 hoc
3194 691 3339 759 dicit,
3371 710 3495 752 nou
3525 695 3738 752 didicit

2100 779 2131 820 a
2153 767 2294 825 bono
2325 773 2578 844 magistro
2593 777 2731 848 quod
2758 778 2904 834 dicit.

2170 860 2399 922 CAPUT
2425 866 2615 924 XXIII.
2631 901 2704 910 —
2723 871 2782 927 5i
2799 913 2813 927 .
2836 871 3024 929 Ρετη..
3047 874 3181 931 dixit
3207 889 3222 932 ε
3255 877 3406 946 Quod
3423 882 3481 936 si
3507 897 3624 936 nos
3661 881 3736 937 bis

2101 950 2422 1045 Daptismum
2451 963 2618 1031 facere
2661 963 2850 1032 dicitis,
2881 967 2985 1020 imo
3008 984 3094 1022 vos
3137 971 3306 1042 facitis
3331 975 3412 1045 qui
3463 975 3737 1032 occiditis

2101 1043 2380 1116 baptizatos
2403 1065 2539 1106 :non
2565 1055 2686 1123 quia
2708 1055 2976 1126 baptizatis
3023 1059 3119 1114 hoc
3144 1043 3377 1128 dicimus,
3432 1067 3550 1121 sed
3603 1070 3740 1136 quia

2100 1154 2506 1213 unumquemque
2531 1147 2651 1201 dum
2695 1151 2942 1217 occiditis,
2995 1156 3240 1226 sanguine
3282 1174 3375 1212 suo
3409 1160 3614 1232 facitis
3644 1161 3737 1216 ba-

2101 1232 2302 1302 ptizari.
2333 1234 2537 1293 Etenim
2566 1240 2871 1311 baptismum
2919 1261 3066 1318 aqua:
3101 1249 3178 1302 vel
3226 1251 3458 1319 spiritus,
3502 1264 3730 1308 extorto

2100 1328 2347 1397 sanguine
2375 1334 2610 1403 martyris
2641 1337 2786 1405 quasi
2822 1341 3014 1408 factum
3058 1350 3132 1395 est
3175 1343 3452 1413 geminum.
3497 1346 3611 1403 Sic
3644 1365 3733 1401 au-

2102 1429 2200 1473 tem
2224 1421 2331 1492 ipse
2344 1440 2539 1495 quoque
2566 1426 2806 1482 Salvator
2833 1431 3119 1501 baptizatus
3149 1436 3384 1504 primitus
3408 1455 3440 1492 a
3465 1437 3729 1510 Joanne,

2101 1510 2459 1584 baptizandum
2489 1534 2595 1573 sese
2634 1524 2893 1590 professus
2920 1533 2992 1578 est
3030 1524 3228 1591 iterum,
3255 1543 3356 1582 non
3379 1529 3510 1596 jam
3538 1547 3717 1602 aqua,

2101 1619 2190 1658 nec
2209 1605 2410 1675 spiritu,
2441 1608 2530 1662 sed
2565 1612 2828 1682 sanguinis
2871 1613 3138 1686 baptismo,
3193 1635 3342 1674 cruce
3388 1622 3676 1692 passionis
3710 1640 3729 1677 :

2099 1695 2497 1788 sicutiscriptum
2538 1712 2631 1769 est,
2670 1721 2688 1754 ι
2723 1703 3051 1762 Accesserant
3094 1710 3161 1764 ad
3190 1727 3303 1766 eum
3325 1713 3428 1769 duo
3449 1716 3734 1788 discipuli

2100 1786 2196 1855 ﬁlii
2219 1787 2448 1844 Zebedtei
2482 1791 2700 1850 dicentes
2724 1812 2743 1850 :
2772 1795 3004 1865 Domine,
3039 1817 3154 1854 cum
3180 1805 3370 1859 veneris
3398 1807 3454 1860 in
3485 1786 3730 1879 regnum

2100 1888 2262 1947 tuum,
2282 1887 2364 1953 fac
2390 1901 2480 1940 nos
2496 1887 2670 1941 sedere
2683 1905 2839 1943 unum
2860 1892 2929 1946 ad
2944 1891 3203 1948 dexteram
3228 1905 3386 1964 tuam,
3411 1906 3458 1953 et
3479 1899 3731 1955 alterum

2098 1974 2167 2028 ad
2190 1976 2465 2032 sinistram.
2493 1979 2775 2052 Respondit
2811 1985 2882 2038 eis
2904 1983 3057 2041 Iesus
3090 2002 3111 2041 ,ο
3140 1987 3407 2060 Di/ficilem
3433 2009 3560 2046 rem
3589 1995 3726 2064 peti-

2099 2070 2185 2126 tis.
2211 2070 2476 2142 Numquid
2508 2075 2714 2131 calicem
2741 2095 2888 2148 quem
2920 2095 3012 2154 ego
3053 2080 3296 2138 bibiturus
3325 2101 3458 2152 sum,
3493 2089 3727 2160 potestis

2097 2166 2299 2232 bibere;
2327 2178 2373 2222 et
2398 2169 2645 2240 baptismo
2660 2189 2758 2242 quo
2773 2189 2863 2245 ego
2883 2175 3109 2248 baptizor
3123 2175 3368 2248 baptizari
3389 2178 3415 2232 ?
3440 2177 3724 2236 Dixerunt

2096 2262 2174 2316 illi
2195 2277 2214 2317 :
2234 2262 2534 2320 Possumus.
2569 2266 2636 2320 Et
2661 2268 2732 2320 ait
2757 2267 2858 2322 illis
2882 2284 2902 2322 :
2929 2267 3149 2325 Calicem
3187 2273 3388 2339 quidem
3427 2292 3595 2350 quem
3627 2293 3722 2352 ego

2096 2355 2342 2413 bibiturus
2362 2376 2492 2427 sum,
2536 2359 2699 2416 bibere
2728 2363 2935 2434 potestis
2964 2379 2983 2430 ;
3007 2374 3052 2418 et
3079 2366 3324 2440 baptismo
3351 2385 3449 2438 qua
3490 2387 3598 2443 ego
3621 2371 3718 2424 ba-

2097 2451 2262 2519 ptisor
2282 2450 2661 2522 baptizabimini
2691 2471 2711 2505 ι
2744 2452 2763 2525 (
2791 2453 2957 2510 Marc.
3001 2473 3059 2532 x,
3087 2459 3299 2532 55-58),
3326 2471 3373 2514 et
3394 2474 3618 2517 caetera.
3657 2463 3720 2518 Si

2098 2542 2206 2596 haec
2232 2542 2336 2596 duo
2357 2555 2471 2598 sunt
2495 2544 2825 2616 baptismata,
2857 2557 3020 2603 vestra
3067 2566 3159 2604 nos
3201 2550 3423 2606 laudatis
3476 2555 3712 2621 invidis,

2097 2637 2415 2705 proﬁtemur.
2469 2638 2596 2693 Cum
2643 2641 2776 2695 enim
2823 2651 2998 2698 nostra
3043 2660 3258 2716 corpora
3323 2647 3588 2714 occiditis,
3637 2632 3713 2703 bis

2096 2729 2400 2801 baptismum
2437 2734 2673 2804 facimus,
2723 2735 2812 2790 sed
2852 2736 3099 2807 baptismo
3138 2747 3308 2794 nostra
3358 2749 3404 2794 et
3444 2745 3713 2814 sanguine

2096 2820 2436 2893 baptizamur,
2464 2835 2518 2880 ut
2559 2827 2807 2882 Christus.
2851 2827 3180 2894 Erubescite;
3207 2832 3497 2900 erubescite,
3531 2851 3711 2906 perse-

2096 2922 2335 2982 cutores;
2380 2917 2569 2972 similes
2617 2917 2819 2975 Christo
2858 2931 3106 2996 martyres
3157 2924 3325 2996 facitis
3349 2966 3364 2990 ,
3414 2941 3548 3002 quos
3591 2934 3708 2998 post

2096 3023 2280 3075 aquam
2303 3009 2408 3063 veri
2429 3008 2763 3082 Baptismatis
2782 3014 2990 3086 sanguis
3012 3015 3230 3086 baptista
3255 3017 3543 3090 perfundit.

2169 3098 2261 3156 5‘2.
2316 3101 2452 3158 Auc.
2509 3101 2821 3176 respondit:
2877 3104 3058 3160 Primo
3110 3107 3217 3161 cito
3279 3107 3700 3179 reSpondemus,

2097 3190 2220 3262 quia
2245 3207 2355 3248 non
2385 3208 2480 3250 vos
2507 3195 2822 3264 occidimus,
2858 3197 2951 3252 scd
3010 3197 3107 3268 ipsi
3156 3200 3519 3274 vosmetipsos
3569 3216 3700 3256 vera

2097 3291 2272 3340 morte
2296 3285 2559 3354 occiditis,
2584 3301 2704 3342 cum
2730 3303 2823 3344 vos
2852 3288 2919 3344 ab
2943 3290 3161 3345 unitatis
3190 3291 3305 3346 viva
3336 3292 3519 3350 radice
3556 3309 3702 3366 pra:-

2097 3376 2296 3432 ciditis.
2328 3377 2555 3447 Deinde,
2615 3380 2661 3436 si
2709 3395 2899 3436 omnes
2924 3381 3016 3452 qui
3069 3382 3385 3438 occiduntur
3431 3386 3700 3458 sanguine

2097 3481 2196 3522 suo
2239 3468 2594 3540 baptizantur,
2635 3485 2824 3526 omnes
2859 3473 3114 3538 latrones,
3147 3473 3336 3546 iniqui,
3377 3474 3695 3546 impil,sce-

2098 3560 2380 3634 lerati,qui
2407 3562 2642 3618 damnati
2669 3562 2954 3634 feriuntur,
2986 3577 3252 3638 martyres
3282 3567 3514 3625 habendi
3547 3579 3695 3636 sunt,

2098 3654 2219 3725 quia
2247 3669 2345 3710 suo
2359 3656 2616 3728 sanguine
2661 3656 3017 3728 baptizautur.
3067 3658 3123 3716 Si
3147 3669 3325 3718 autem
3357 3675 3462 3716 non
3494 3661 3675 3732 bapti-

2099 3757 2286 3802 zantur
2300 3747 2556 3818 sanguine
2585 3762 2702 3811 suo,
2738 3747 2839 3806 nisi
2886 3749 2972 3820 qui
3004 3750 3321 3807 occiduntur
3350 3761 3577 3826 propter
3597 3753 3686 3824 ju-

2049 3868 2070 3888 .
2098 3838 2296 3896 stitiam
2318 3854 2334 3904 ;
2358 3839 2479 3910 quia
2511 3839 2748 3910 ipsorum
2795 3847 2879 3895 est
2914 3856 3136 3912 regnum
3176 3843 3470 3917 coelorum(
3497 3843 3687 3898 Matth.

2099 3945 2156 3999 v,
2185 3931 2253 3993 I0
2281 3931 2300 4002 )
2325 3949 2337 3986 :
2358 3931 2563 3987 vidistis
2580 3931 2728 4002 prius
2758 3947 2878 3988 csse
2922 3933 3267 4004 quaerendum
3304 3945 3526 4007 propter
3556 3934 3680 4009 quid

2098 4023 2363 4095 patimini,
2394 4031 2448 4080 et
2465 4031 2646 4095 postea
2692 4023 2819 4094 quid
2872 4024 3132 4094 patimini.
3160 4009 3314 4095 Quid.
3344 4042 3474 4100 ergo
3504 4028 3686 4084 bucca:

2099 4117 2349 4173 inﬂantur
2381 4125 2663 4187 antequam
2695 4113 2832 4172 facta
2863 4114 3267 4172 defendamur?
3295 4117 3431 4186 Quid
3451 4129 3688 4189 perstre-

2100 4210 2176 4281 pit
2197 4211 2372 4282 lingua
2399 4217 2686 4281 antequam
2717 4209 2973 4281 probetur
2998 4208 3104 4264 vita
3129 4209 3154 4264 ‘i
3198 4210 3252 4268 Si
3286 4210 3522 4266 schisma
3556 4211 3684 4267 feci-

2099 4301 2398 4372 sti,impius
2420 4316 2479 4356 es
2511 4319 2524 4358 :
2559 4301 2605 4360 si
2645 4300 2840 4373 impius
2867 4317 2944 4368 es,
2974 4310 3032 4357 ut
3079 4303 3374 4374 sacrilegus
3426 4304 3676 4370 moreris,

2099 4409 2221 4451 cum
2243 4410 2340 4465 pro
2379 4393 2650 4466 impietate
2680 4394 2884 4466 puniris
2916 4412 2931 4450 :
2959 4395 3003 4450 si
3031 4404 3087 4450 ut
3112 4397 3402 4470 sacrilegus
3428 4398 3683 4464 moreris,

2099 4485 2369 4558 quomodo
2395 4495 2484 4542 tuo
2511 4485 2767 4562 sanguine
2815 4485 3132 4558 baptizaris?
3164 4490 3244 4542 An
3273 4487 3427 4554 dicis,
3459 4487 3584 4544 Non
3609 4488 3684 4560 [e—

2102 4577 2430 4634 cischisma?
2459 4577 2570 4634 Hoc
2609 4591 2736 4656 ergo
2787 4579 3271 4651 quccramus:quid
3321 4588 3447 4636 ante
3483 4582 3688 4638 clamas

2100 4689 2258 4746 quam
2292 4672 2530 4748 probas?

2173 4767 2262 4824 55.
2281 4767 2362 4822 An
2388 4766 2541 4833 dicis,
2569 4765 2682 4821 Etsi
2702 4765 2976 4838 sacrilegus
3015 4780 3147 4832 sum,
3176 4779 3208 4820 a
3229 4772 3275 4819 te
3296 4765 3456 4819 occidi
3482 4782 3584 4822 non
3598 4765 3682 4819 de-

2103 4861 2191 4917 beo
2214 4861 2239 4916 ?
2259 4861 2375 4916 Alia
2405 4858 2630 4931 quaestio
2659 4866 2743 4914 est
2788 4857 2856 4914 de
2885 4857 3163 4913 atrocitate
3220 4855 3344 4912 lacti
3385 4857 3512 4923 mei,
3545 4853 3681 4929 quod

2103 4970 2374 5028 nunquam
2426 4953 2686 5016 veraciter
2739 4951 3113 5016 demonstras;
3154 4950 3258 5006 alia
3303 4950 3370 5006 de
3416 4951 3685 5022 Baptismo

2104 5050 2375 5123 sanguinis
2405 5049 2500 5115 tui,
2521 5046 2663 5103 unde
2691 5055 2745 5102 te
2772 5045 3103 5101 mendaciter
3124 5043 3315 5116 jactas.
3359 5043 3493 5098 Nam
3517 5056 3682 5113 neque

2105 5142 2275 5198 occidi
2306 5150 2378 5207 te,
2409 5154 2508 5195 nec
2531 5139 2722 5210 probas
2746 5145 2797 5192 te
2819 5137 2884 5192 ab
2924 5137 3101 5209 aliquo
3122 5135 3292 5192 occidi
3319 5154 3331 5190 :
3362 5150 3460 5192 nec
3487 5137 3533 5190 si
3569 5147 3684 5207 pro.

2105 5234 2219 5301 bes,
2251 5233 2316 5288 ad
2335 5248 2418 5288 mc
2445 5232 2675 5303 pertinet
2703 5232 3022 5304 quicumque
3057 5238 3108 5285 te
3151 5228 3427 5294 occiderit,
3464 5229 3576 5284 sive
3602 5241 3677 5282 sc-

2106 5326 2338 5384 cundum
2369 5332 2684 5395 potestatem
2726 5322 2958 5393 legitime
2987 5337 3017 5376 a
3066 5321 3292 5378 Domino
3330 5319 3505 5376 datam
3553 5321 3681 5391 juste

2108 5419 2310 5483 fecerit,
2341 5419 2452 5472 sive
2471 5416 2609 5471 sicut
2655 5415 2844 5469 messis
2893 5413 3176 5468 dominica:
3213 5414 3362 5483 palca
3408 5413 3678 5482 cupiditate

2107 5514 2284 5583 aliqua
2315 5511 2449 5566 mala
2493 5511 2666 5565 scelus
2701 5508 2975 5564 admiserit
3017 5526 3029 5563 :
3057 5507 3196 5563 sicut
3224 5507 3288 5563 ad
3322 5517 3372 5564 te
3404 5523 3510 5564 non
3535 5505 3680 5577 perti-

2111 5614 2201 5666 net
2231 5604 2320 5684 qui
2348 5602 2649 5664 recentibus
2674 5601 3002 5681 temporibus
3013 5617 3134 5663 cum
3165 5601 3484 5661 intolerabili
3510 5610 3677 5680 potet.-
