3796 6124
59 179 146 239 γη
1356 162 1564 222 LIBER
1595 158 1976 224 SECUNDUS.

59 307 152 354 tatu
169 294 323 351 etiam
345 292 623 350 militibus
645 288 743 346 sibi
767 285 1164 356 comitantibus,
1188 298 1297 358 non
1323 284 1446 358 quia
1474 282 1634 339 time-

59 393 133 450 bat
154 389 406 460 aliquem,
441 386 547 443 sed
597 394 654 441 ut
686 367 752 440 ab
802 382 1050 439 omnibus
1092 381 1391 446 timeretur,
1453 377 1638 433 viduas

60 480 317 554 oppressit,
367 478 612 551 pupillos
637 475 844 542 evertit,
876 474 1051 530 aliena
1079 471 1404 544 patrimonia
1451 467 1636 540 prodi-

61 576 138 642 dit,
161 573 330 630 aliena
364 569 710 627 matrimonia
735 566 1024 638 separavit,
1073 579 1164 621 res
1208 560 1519 620 vendendas
1548 560 1632 617 in-

61 669 339 726 nocentium
408 666 736 739 procuravit,
783 662 1118 720 venditarum
1168 660 1339 732 pretia
1386 673 1510 716 cum
1536 657 1638 713 do-

61 762 197 817 minis
218 760 604 832 plangentibus
627 757 828 814 divisit.
856 756 932 811 Ex
953 770 1042 812 me
1068 754 1166 809 ista
1213 753 1395 808 dicere
1427 751 1636 819 videar,

61 857 210 911 sinon
232 853 398 910 tacito
445 852 663 908 nomine
711 847 1020 926 agnoscitur
1070 844 1138 902 de
1172 860 1278 918 quo
1330 843 1502 900 dicam
1535 841 1634 926 (α).

62 948 170 1016 Quze
191 947 234 1002 si
268 962 396 1004 vera
419 956 582 1012 sunt;
621 944 759 1000 sicut
782 943 849 999 ad
880 955 977 998 vos
1020 941 1122 1014 ista
1175 955 1283 995 non
1321 939 1635 1010 pertinent:

64 1047 117 1099 ita
138 1057 230 1099 nec
247 1040 511 1114 quidquid
539 1039 692 1105 dicis,
735 1038 802 1095 ad
839 1053 936 1095 nos
963 1038 1123 1092 etiam
1159 1035 1206 1091 si
1251 1049 1380 1091 vera
1405 1034 1635 1090 diceres.

61 1136 103 1194 Si
126 1143 295 1190 autem
324 1133 460 1190 falsa
485 1132 626 1187 fama
655 1130 722 1187 de
741 1130 832 1187 illo
863 1129 1070 1200 collega
1093 1134 1274 1200 vestro
1297 1127 1443 1198 justo
1471 1135 1524 1182 et
1551 1126 1637 1181 in-

64 1238 264 1285 nocente
305 1226 534 1282 mentita
587 1235 705 1290 est;
735 1222 884 1279 nullo
945 1221 1106 1277 modo
1137 1222 1298 1277 etiam
1331 1221 1484 1275 fama:
1522 1234 1638 1275 cre-

62 1321 269 1377 dendum
291 1329 398 1384 est,
450 1333 568 1391 quae
601 1317 670 1374 de
713 1315 1088 1372 innocentibus
1141 1324 1390 1387 tanquam
1422 1313 1488 1370 de
1533 1321 1640 1376 tra-r

62 1413 304 1468 ditoribus
352 1411 617 1478 codicum,
670 1410 756 1466 vel
797 1419 1049 1482 tanquam
1099 1407 1166 1466 de
1210 1407 1641 1465 interfectoribus

64 1507 316 1561 hominum
347 1506 605 1560 seminata
623 1512 724 1559 est.
775 1503 890 1558 lluc
933 1501 1162 1568 accedit,
1221 1503 1343 1575 quia
1373 1517 1473 1576 ego
1490 1501 1638 1574 illum

64 1614 412 1655 commemoro
431 1597 522 1670 qui
548 1596 824 1652 vobiscum
853 1595 1003 1662 vixit,
1030 1595 1184 1668 cujus
1213 1594 1452 1651 natalitia
1495 1603 1641 1666 tanta

65 1693 406 1749 celebratione
433 1691 855 1764 frequentabatis
879 1734 894 1760 ,
923 1690 1010 1746 cui
1047 1690 1197 1762 pacis
1225 1689 1468 1748 osculum
1499 1690 1639 1746 inter

64 1784 390 1839 Sacramenta
443 1782 798 1855 cepulabatis,
855 1783 907 1838 in
949 1781 1100 1854 cujus
1155 1781 1402 1850 manibus
1433 1780 1643 1838 Eucha-

66 1876 246 1931 ristiam
271 1875 577 1947 ponebatis,
607 1876 693 1932 cui
755 1875 991 1931 vicissim
1029 1873 1177 1935 danti
1232 1891 1422 1932 manus
1467 1874 1642 1947 porri-

65 1967 264 2037 gebatis,
295 1967 452 2037 cujus
469 1983 626 2022 aures
654 1968 792 2022 inter
823 1975 1000 2022 tantos
1026 1965 1220 2022 Africae
1249 1967 1478 2041 gemitus
1523 1981 1644 2024 sur-

67 2058 145 2112 das
178 2059 348 2115 libera
384 2073 517 2126 voce
583 2059 854 2116 offendere
900 2059 1212 2116 timebatis:
1256 2075 1414 2132 quem
1462 2060 1644 2126 nescio

67 2152 166 2222 quis
185 2161 421 2207 vestrum
443 2194 459 2219 ,
491 2153 613 2224 quia
652 2153 734 2208 vel
768 2168 832 2208 ex
872 2153 1091 2226 obliquo
1132 2152 1489 2222 tirbanissime
1520 2156 1644 2218 teti—

67 2246 146 2314 git,
173 2247 294 2302 utei
325 2245 534 2302 diceret
578 2246 721 2318 quod
773 2247 1035 2310 Comitem
1062 2245 1135 2323 (b)
1187 2247 1410 2306 haberet
1451 2249 1640 2322 Deum,

68 2337 245 2407 ingenti
275 2337 437 2392 laude
469 2335 757 2394 ferebatur.
807 2337 888 2393 Tu
932 2345 1112 2396 autem
1157 2337 1280 2394 illos
1311 2339 1465 2396 nobis
1499 2340 1642 2412 objie

67 2430 147 2493 cis,
171 2445 288 2485 cum
312 2431 507 2502 quibus
537 2447 643 2487 non
664 2431 915 2495 viximus,
945 2446 1171 2508 quorum
1215 2429 1408 2490 faciem
1435 2447 1540 2487 non
1568 2431 1648 2502 vi.-

70 2520 244 2587 dimus,
267 2537 498 2594 quorum
554 2531 710 2578 aetate
737 2523 820 2598 vel
851 2523 1004 2596 pueri
1035 2524 1115 2594 vel
1150 2523 1375 2579 fortasse
1404 2524 1644 2582 nondum

71 2616 159 2669 nati
184 2632 418 2671 eramus.
455 2617 585 2686 Quae
620 2628 702 2672 est
736 2617 833 2670 ista
885 2624 1028 2672 tanta
1056 2615 1305 2690 iniquitas
1334 2627 1495 2688 atque
1524 2633 1647 2689 per-

72 2709 296 2778 versilas,
326 2710 466 2766 velle
515 2710 672 2766 nobis
710 2711 988 2781 imponere
1034 2712 1273 2768 sarcinas
1317 2713 1644 2785 ignotorum,

73 2817 175 2856 cum
204 2818 298 2858 vos
322 2812 539 2878 portare
567 2803 748 2858 nolitis
779 2804 1070 2860 amicorum
1098 2804 1121 2858 ?
1146 2805 1357 2860 Clamat
1403 2805 1647 2876 Scriptus.-

74 2894 327 2962 radivina,
376 2893 595 2950 Videbas
617 2897 798 2969 furem,
833 2903 877 2949 et
903 2897 1232 2966 concurrebas
1257 2914 1369 2952 eum
1395 2915 1451 2952 eo
1475 2897 1645 2969 (Psal.

76 3003 198 3052 χιιι,
233 2989 299 3042 18
324 2985 367 3059 ).
413 2986 469 3042 Si
506 2996 556 3042 te
589 3001 696 3043 non
732 2988 1114 3044 contaminavit
1139 3005 1296 3061 quem
1326 2991 1525 3058 vidisti,
1554 3007 1651 3050 cur

77 3082 188 3136 mihi
210 3082 401 3153 ohjicis
444 3096 602 3153 quem
653 3081 835 3151 videre
879 3097 984 3136 non
1025 3083 1222 3156 potui?
1251 3085 1332 3140 An
1362 3084 1649 3153 dicis,Non

78 3193 181 3233 cum
206 3193 272 3235 eo
292 3175 566 3251 concurri,
597 3177 722 3250 quia
759 3174 896 3250 facta
935 3176 1052 3250 ejus
1095 3176 1454 3249 displicebant
1481 3178 1650 3236 mihi?

79 3267 167 3324 Sed
193 3284 386 3340 nempe
410 3267 478 3324 ad
507 3267 676 3340 altare
729 3269 1025 3326 accedebas
1065 3284 1185 3334 cum
1236 3285 1323 3326 eo.
1353 3269 1467 3344 Age
1512 3271 1646 3342 jam,

80 3372 127 3416 ut
153 3373 200 3418 te
222 3363 502 3430 defendas,
553 3361 798 3419 discerne
834 3362 956 3429 ista,
979 3372 1034 3418 et
1062 3362 1150 3418 die
1195 3363 1341 3418 aliud
1369 3351 1489 3420 esse
1515 3380 1648 3420 con-

80 3471 277 3514 currere
298 3457 350 3512 in
397 3465 696 3528 peccatum,
751 3455 889 3511 sicut
930 3465 1318 3516 concurrerunt
1343 3454 1451 3512 duo
1475 3456 1655 3512 senio-

82 3564 157 3604 res
203 3550 429 3604 castitati
468 3547 730 3603 Susanna:
772 3546 1123 3612 insidtantes;
1180 3545 1324 3602 aliud
1366 3562 1488 3602 cum
1540 3546 1656 3605 fure

81 3641 304 3712 accipere
342 3640 552 3696 Domini
600 3639 1026 3706 Sacramentum,
1080 3639 1217 3694 sicut
1267 3639 1655 3712 Apostolicum

83 3734 200 3789 Iuda
220 3736 375 3791 etiam
400 3735 627 3804 primam
664 3733 808 3788 illam
858 3747 1065 3788 cmnam
1111 3740 1452 3803 acceperunt.
1477 3731 1656 3791 Faveo

86 3826 362 3882 defensioni
395 3846 409 3882 :
453 3825 546 3882 sed
603 3841 698 3880 cur
736 3839 842 3879 non
873 3822 1107 3879 attendis
1134 3832 1334 3894 quanto
1361 3825 1570 3879 facilius
1601 3825 1654 3886 in

86 3917 172 3974 hac
194 3929 277 3976 tua
306 3919 621 3976 defensione
661 3917 956 3973 absolveris
981 3927 1168 3990 gentes
1191 3926 1244 3973 et
1269 3918 1524 3974 terminos
1551 3926 1659 3975 ter-

86 4026 278 4082 ra},qua
323 4011 611 4067 hmreditas
656 4009 853 4065 Christi
898 4007 1250 4066 diffunditur?
1280 4009 1340 4066 Si
1382 4010 1524 4066 enim
1564 4025 1660 4082 po-

86 4105 243 4161 tuistis
287 4105 465 4162 furem
488 4104 690 4172 videre,
739 4112 794 4159 et
832 4118 952 4160 cum
1001 4101 1120 4158 fure
1151 4103 1269 4160 viso
1310 4100 1658 4181 Sacramenta

84 4199 483 4264 communicare,
529 4207 703 4254 tamen
757 4205 1034 4268 peccatum
1080 4211 1184 4252 non
1215 4198 1658 4255 communicare:

86 4302 263 4361 quanto
295 4292 474 4346 minus
503 4299 791 4362 potuerunt
841 4290 1215 4347 remotissimae
1241 4290 1490 4350 nationes
1537 4306 1660 4352 cum

89 4381 218 4438 Afris
238 4384 584 4439 traditorihus
632 4383 713 4437 vel
760 4384 1216 4455 persecutoribus,
1273 4384 1484 4441 etiamsi
1529 4401 1660 4456 vera

90 4466 322 4525 diceretis
341 4477 396 4524 et
411 4466 790 4537 ostenderetis,
810 4466 1088 4523 malefacta
1113 4467 1311 4525 habere
1330 4470 1656 4540 communia,

90 4561 311 4627 quamvis
346 4575 469 4614 cum
497 4560 576 4614 eis
622 4567 867 4615 tenerent
912 4559 1256 4616 Sacramenta
1302 4561 1661 4618 communia?

91 4649 163 4703 An
190 4650 334 4719 dicis,
384 4651 498 4721 Ego
544 4651 692 4720 illum
736 4651 1046 4725 episcopum
1101 4651 1254 4722 vidi,
1309 4653 1481 4717 furem
1535 4669 1664 4710 vero

92 4740 223 4797 illum
240 4760 344 4798 non
368 4742 502 4798 vidi.
535 4742 629 4798 Dic
658 4742 798 4814 quod
824 4744 925 4810 vis,
955 4744 1115 4800 etiam
1145 4743 1268 4802 huic
1305 4744 1458 4802 faveo
1477 4744 1665 4803 defen-

94 4831 232 4905 sioni,
259 4846 312 4892 et
347 4836 398 4891 iu
433 4835 531 4892 hac
559 4835 835 4892 absolutus
869 4844 953 4893 est
980 4852 1010 4891 a
1039 4838 1231 4895 vestris
1285 4840 1668 4898 criminationi-

95 4921 188 4980 bus
233 4927 374 4983 orbis
426 4937 710 4983 terrarum.
760 4927 819 4985 Si
871 4929 1014 4984 enim
1053 4929 1205 4986 vobis
1274 4931 1421 4987 licuit
1468 4933 1667 5005 cogniti

98 5016 305 5077 hominis
347 5024 595 5093 ignorare
632 5021 818 5088 vitam,
849 5038 944 5096 cur
993 5031 1135 5078 totus
1179 5024 1407 5080 mundus
1459 5025 1670 5098 ignotos

98 5109 321 5182 ignorare
340 5129 447 5169 non
490 5113 726 5170 sinitur?
759 5113 868 5170 Nisi
916 5113 1054 5172 forte
1084 5117 1369 5174 Donatistis
1406 5118 1531 5175 licet
1572 5133 1671 5176 ne-

101 5206 222 5262 scire
254 5207 391 5279 quod
434 5207 797 5275 scirenolunt,
847 5209 1095 5280 gentibus
1138 5224 1246 5265 non
1289 5211 1412 5268 licet
1466 5213 1675 5270 nescire

101 5298 227 5366 quod
273 5301 407 5356 scire
434 5316 541 5357 non
569 5310 811 5372 possunt.

173 5388 254 5443 54.
294 5392 368 5444 An
397 5391 564 5456 dicis,
599 5391 755 5446 Aliud
797 5401 879 5447 est
914 5391 1144 5461 furtum,
1176 5394 1317 5450 aliud
1349 5397 1562 5453 traditio
1591 5400 1675 5455 vel

109 5484 428 5546 persecutio?
453 5483 706 5540 Concedo
735 5484 878 5541 aliud
907 5501 1061 5554 esse;
1105 5502 1206 5545 nec
1236 5491 1398 5547 modo
1432 5491 1678 5548 laboran-

163 5614 231 5747 ἓῖζ
246 5619 812 5741 ἓθέἓιὲὧῗίιάοωαηυω
825 5621 1066 5694 intelligit.

1744 281 1869 340 dum
1897 293 1980 340 est
2001 327 2017 354 ,
2049 287 2177 361 quid
2197 288 2408 348 intersit
2429 331 2444 359 ,
2474 293 2783 356 ostendere.
2818 296 3049 356 Attende
3077 313 3338 374 compen-

1743 374 1909 432 dium.
1938 376 1997 433 Si
2024 385 2076 436 te
2109 379 2198 436 ille
2227 397 2330 438 non
2357 381 2485 438 fecit
2509 383 2709 454 furem,
2738 388 2859 462 quia
2903 390 2994 446 tibi
3025 407 3130 447 non
3161 393 3337 463 placet

1744 467 1944 526 furtum
1974 489 1988 528 :
2020 474 2139 544 quis
2170 482 2346 546 potest
2372 475 2546 533 facere
2577 479 2864 536 traditores
2889 491 2980 538 aut
3001 482 3295 556 homicidas
3315 528 3332 556 ,

1743 577 1840 620 eos
1878 564 2072 636 quibus
2107 566 2353 637 diSplicet
2390 570 2502 625 sive
2549 571 2761 628 traditio
2799 575 2912 630 sive
2950 561 3340 640 homicidium?

1744 658 1900 715 Prius
1927 660 2086 731 igitur
2115 660 2370 718 confitere
2402 670 2454 718 te
2479 677 2599 720 esse
2623 665 2876 738 quidquid
2904 669 3026 724 mali
3056 668 3149 724 fuit
3172 670 3340 742 Opta-

1745 758 1830 808 tus
1853 793 1869 818 ,
1909 767 2066 824 quem
2113 768 2339 809 noveras
2367 771 2380 808 :
2410 762 2465 810 et
2491 756 2574 812 vel
2603 757 2681 812 sic
2710 758 2837 814 mihi
2878 760 3050 830 objice
3081 762 3342 839 quidquid

1745 844 1870 900 mali
1902 844 2150 914 fuerunt,
2190 861 2327 919 quos
2356 863 2456 919 ego
2487 863 2593 904 non
2625 865 2904 908 noveram.
2931 853 3064 910 Nolo
3094 857 3223 911 mihi
3252 857 3338 921 di:-

1744 952 1874 1004 cas,
1924 939 2028 994 Sed
2072 939 2161 994 illa
2198 956 2389 1016 magna
2429 951 2592 1008 sunt,
2638 943 2738 1001 ista
2782 960 2966 1017 parva.
3012 948 3165 1004 Prius
3192 951 3340 1012 enim

1745 1037 1954 1101 oportet
1985 1029 2198 1086 fatearis
2223 1032 2337 1104 ipsa
2364 1047 2529 1104 parva
2558 1033 2625 1090 de
2656 1043 2710 1092 te
2730 1076 2747 1104 ,
2781 1052 2887 1093 non
2915 1047 2972 1094 ut
3003 1054 3103 1110 ego
3127 1027 3342 1122 qtthqu

1744 1120 1932 1186 fatear,
1962 1123 2056 1178 sed
2087 1132 2148 1181 ut
2175 1125 2256 1181 vel
2287 1126 2459 1182 sinam
2489 1135 2543 1182 te
2571 1126 2754 1186 dicere
2803 1132 2986 1190 nescio
3007 1149 3125 1204 qua:
3152 1120 3342 1214 magna

1745 1213 1812 1270 de
1839 1231 1945 1270 me.
1987 1215 2211 1288 Optatos
2238 1233 2396 1288 quem
2421 1234 2650 1276 noveras
2675 1263 2690 1290 ,
2719 1219 2843 1277 fecit
2884 1231 2935 1278 te
2977 1223 3147 1280 furem
3173 1267 3188 1292 ,
3217 1213 3341 1298 quia

1745 1308 1948 1380 collega
1989 1317 2110 1364 tuus
2141 1309 2270 1382 fuit,
2308 1325 2377 1368 an
2407 1325 2511 1367 non
2545 1311 2711 1368 fecit?
2752 1303 3036 1384 Responde
3073 1333 3235 1372 uuttm
3273 1317 3345 1376 de

1747 1399 1972 1456 duobus.
1999 1401 2054 1457 Si
2081 1401 2234 1468 dicis,
2256 1402 2372 1458 Non
2401 1402 2561 1469 fecit;
2592 1420 2774 1478 quaero
2794 1421 2891 1461 cur
2912 1422 3017 1464 non
3041 1408 3163 1464 fecit
3187 1411 3346 1480 :quia

1748 1511 1848 1552 nec
1872 1494 1985 1568 ipse
2012 1495 2098 1552 fur
2126 1495 2266 1554 fuit?
2288 1513 2356 1554 an
2383 1500 2504 1570 quia
2537 1500 2756 1558 nescis?
2787 1515 2854 1557 an
2881 1503 3004 1574 quia
3038 1504 3128 1558 tibi
3153 1504 3343 1578 displi-

1747 1589 1900 1644 cuit?
1924 1588 1978 1645 Si
2001 1589 2122 1661 quia
2150 1605 2248 1646 nec
2278 1593 2392 1664 ipse
2419 1589 2517 1648 fuit
2549 1610 2562 1648 :
2587 1592 2756 1649 multo
2782 1595 2952 1665 magis
2982 1596 3104 1652 illos
3131 1597 3197 1652 de
3219 1597 3340 1666 qui-

1747 1683 1846 1739 bus
1876 1698 1975 1738 nos
2005 1683 2257 1756 arguistis
2276 1725 2289 1750 ,
2323 1684 2454 1742 tales
2481 1685 2679 1758 fuisse,
2712 1688 2897 1759 quales
2922 1689 3054 1745 dicis
3073 1733 3087 1757 ,
3121 1692 3346 1752 credere

1747 1794 1851 1832 non
1883 1779 2157 1834 debemus.
2190 1778 2245 1837 Si
2273 1780 2417 1838 enim
2448 1780 2515 1837 de
2545 1781 2737 1853 Optato
2763 1799 2872 1842 non
2899 1793 2982 1839 est
3015 1785 3342 1852 credendum

1747 1869 1889 1942 quod
1919 1880 1972 1926 et
1999 1871 2288 1930 Christiani
2332 1881 2386 1942 et
2428 1873 2623 1952 Pagani
2664 1883 2719 1932 et
2746 1875 2951 1946 Judaei,
2988 1886 3258 1947 postremo
3284 1892 3344 1938 et

1751 1961 1918 2016 nostri
1949 1972 2002 2017 et
2027 1964 2187 2018 vestri
2211 1963 2430 2032 dicunt;
2465 1974 2666 2037 quanto
2700 1967 2876 2036 minus
2904 1968 3234 2024 credendum
3260 1977 3345 2026 est

1749 2053 1892 2124 quod
1918 2069 2015 2109 vos
2043 2053 2110 2110 de
2131 2055 2309 2130 aliquo
2337 2055 2557 2113 dicitis?
2594 2056 2652 2113 Si
2691 2059 2814 2130 quia
2858 2059 3032 2116 nescis
3066 2077 3078 2113 ί
3119 2076 3344 2132 respon-

1749 2145 1879 2202 dent
1925 2146 2018 2202 tibi
2054 2163 2242 2204 omnes
2281 2158 2465 2220 gentes
2490 2192 2503 2218 ,
2551 2149 2713 2212 Multo
2750 2151 2919 2223 magis
2954 2166 3051 2208 nos
3077 2153 3344 2219 nescimus

1751 2240 2006 2313 quidquid
2035 2242 2102 2296 de
2134 2242 2239 2298 illis
2271 2243 2456 2314 objicis
2483 2244 2658 2300 nobis.
2685 2245 2741 2302 Si
2768 2246 2889 2317 quia
2919 2246 3008 2301 tibi
3033 2246 3303 2317 displicuit
3327 2263 3342 2303 :

1751 2333 1936 2404 eadem
1969 2333 2058 2398 tibi
2086 2349 2217 2391 voce
2249 2335 2610 2408 respondent,
2640 2336 2893 2410 Quamvis
2925 2354 3191 2410 nunquam
3221 2354 3348 2409 pro-

1752 2429 1960 2484 baveris
1981 2470 1996 2496 ,
2025 2430 2147 2490 talia
2176 2439 2352 2489 tamen
2380 2431 2666 2504 displicent
2694 2433 2868 2490 nobis.
2901 2433 2956 2491 Si
2984 2441 3160 2490 autem
3188 2435 3345 2503 dicis,

1753 2522 1896 2580 Ecce
1916 2539 2001 2579 me
2028 2522 2199 2581 furem
2229 2524 2357 2580 fecit
2384 2526 2609 2597 Optatos
2636 2527 2726 2586 ille
2746 2543 2902 2599 quem
2924 2543 3200 2596 noveram,
3225 2529 3348 2599 quia

1752 2615 1952 2688 collega
1986 2633 2138 2673 meus
2165 2617 2294 2684 fuit,
2326 2628 2526 2676 etcum
2559 2619 2653 2678 illo
2680 2619 2748 2674 ad
2773 2620 2943 2676 altare
2963 2621 3223 2688 accedere
3255 2636 3347 2678 so-

1753 2708 1925 2762 lebam
1956 2723 2076 2765 cum
2106 2710 2202 2766 ista
2229 2710 2624 2777 committeret;
2654 2711 2749 2783 sed
2775 2727 2880 2769 non
2907 2729 3060 2777 curo,
3086 2714 3204 2784 quia
3232 2715 3350 2775 leve

1752 2811 1835 2860 est
1863 2810 2141 2874 peccatum
2176 2821 2188 2856 :
2233 2812 2287 2859 te
2327 2815 2502 2881 autem
2536 2805 2609 2860 illi
2645 2805 2955 2873 traditorem
2999 2806 3350 2868 homicidam-

1753 2909 1858 2966 que
1883 2894 2146 2952 fecerunt.
2179 2895 2503 2967 Respondeo
2525 2939 2540 2965 ,
2575 2913 2680 2954 non
2717 2913 2806 2970 me
2843 2898 3138 2960 concedere
3169 2908 3224 2954 ut
3248 2913 3351 2970 ego

1755 3002 1968 3058 quoque
1997 2986 2220 3048 traditor
2245 2996 2300 3046 et
2326 2987 2594 3056 homicida
2624 2988 2796 3056 factus
2829 2989 2929 3050 sim
2958 2990 3188 3060 peccatis
3214 2989 3349 3048 alie-

1756 3079 1859 3146 nis,
1891 3079 2011 3150 quia
2039 3088 2092 3137 tu
2124 3088 2175 3138 te
2200 3080 2376 3136 alieno
2403 3090 2623 3152 peccato
2650 3080 2824 3153 furem
2855 3080 3052 3138 factum
3075 3096 3196 3138 esse
3215 3097 3351 3138 con-

1757 3169 1930 3226 fessus
1958 3185 2017 3227 cs
2048 3188 2062 3226 :
2094 3185 2268 3244 neque
2293 3171 2436 3227 enim
2459 3171 2663 3243 judicio
2693 3182 2899 3240 nostro,
2926 3174 3019 3230 sed
3043 3189 3136 3230 ore
3159 3183 3247 3230 tuo
3269 3173 3354 3232 fur

1755 3260 1928 3318 factus
1959 3279 2040 3319 es.
2074 3262 2183 3319 Nos
2206 3264 2350 3332 enim
2378 3264 2608 3324 dicimus
2630 3281 3064 3338 unumquemque
3085 3269 3350 3334 sarcinam

1757 3369 1907 3410 suam
1930 3366 2165 3429 portare,
2190 3355 2329 3416 sicut
2349 3357 2636 3428 Apostolus
2659 3358 2807 3422 testis
2829 3365 2912 3428 est
2933 3356 3128 3429 (Galat.
3156 3375 3231 3426 νι,
3255 3359 3350 3429 5):

1761 3455 1817 3502 ιιι
1842 3461 1973 3502 vero
2003 3462 2108 3502 non
2135 3446 2256 3518 quia
2283 3445 2483 3504 furtum
2510 3446 2706 3518 fecisti,
2737 3448 2820 3504 vel
2846 3449 2986 3510 furto
3005 3451 3350 3520 consensisti,

1759 3540 1855 3597 sed
1883 3541 2005 3612 quia
2031 3541 2083 3597 id
2112 3543 2254 3614 quod
2281 3542 2419 3598 alius
2444 3541 2567 3599 fecit
2597 3542 2664 3599 ad
2697 3552 2748 3600 te
2771 3544 3044 3617 pertinere
3070 3545 3351 3602 existima-

1762 3635 1850 3700 Sti,
1881 3635 1980 3694 sub
2003 3635 2213 3693 sarcina
2238 3636 2414 3708 Optati
2444 3637 2583 3694 ultro
2611 3647 2730 3698 tuos
2760 3640 3012 3697 humeros
3048 3640 3352 3700 subdidisti.

1762 3727 1895 3782 Nam
1938 3727 2076 3784 sicut
2118 3729 2408 3800 Apostolus
2441 3730 2553 3799 ait,
2585 3745 2709 3796 cum
2750 3732 2818 3790 de
2859 3733 2992 3792 cibis
3027 3733 3354 3805 loqueretur,

1724 3866 1726 3868 τ
1763 3821 1885 3877 Scio
1911 3831 1956 3876 et
1982 3822 2182 3893 con/ida
2203 3824 2255 3878 in
2277 3821 2500 3880 Domino
2519 3823 2556 3880 J
2560 3842 2664 3890 esu,
2693 3828 2809 3894 quin
2832 3827 2962 3890 nihil
2983 3844 3245 3896 commune
3265 3845 3356 3900 per

1761 3913 1963 3984 ipsum,
1999 3915 2090 3970 sed
2118 3915 2164 3970 ei
2198 3916 2286 3985 qui
2320 3917 2576 3974 existimat
2603 3919 2799 3990 aliquid
2824 3937 3088 3990 commune
3112 3938 3216 3978 esse
3236 3964 3250 3987 ,
3280 3920 3360 3980 illi

1763 4020 2027 4059 commune
2049 4015 2122 4060 est
2152 4004 2340 4078 (Rom.
2377 4023 2490 4076 xw,
2521 4008 2624 4078 14)
2653 4028 2664 4064 :
2695 4010 2883 4068 eadem
2917 4013 3099 4084 regula
3127 4012 3229 4068 dici
3257 4027 3358 4083 po-

1765 4105 1901 4167 test,
1930 4098 2106 4158 aliena
2135 4109 2349 4170 peccata
2375 4100 2443 4156 ad
2468 4115 2563 4156 eos
2593 4117 2698 4158 non
2728 4105 2998 4174 pertinere
3024 4107 3216 4177 quibus
3241 4105 3357 4162 dis-

1764 4189 1996 4261 plicent;
2026 4190 2120 4246 sed
2145 4191 2189 4246 si
2220 4192 2338 4264 quis
2367 4192 2644 4248 existimat
2666 4195 2734 4252 ad
2770 4209 2830 4269 se
2867 4197 3159 4268 pertinere,
3185 4198 3352 4268 perti-

1765 4290 1898 4339 nent
1920 4282 1985 4337 ad
2016 4297 2161 4352 eum.
2192 4284 2528 4356 Quapropter
2549 4295 2603 4341 tu
2627 4302 2724 4360 nos
2747 4303 2854 4344 non
2879 4299 3028 4350 tenes
3050 4291 3356 4360 traditores,

1767 4395 1866 4436 nec
1895 4380 2215 4451 homicidas,
2247 4382 2454 4438 etiamsi
2480 4383 2679 4455 aliquid
2721 4385 2829 4442 tale
2863 4385 3057 4455 probes
3081 4386 3148 4442 de
3177 4387 3241 4450 iis
3265 4388 3358 4458 qui

1768 4473 2044 4530 nobiscum
2109 4474 2454 4548 Sacramenta
2511 4476 2967 4560 communicant;
3033 4487 3085 4533 te
3137 4488 3356 4546 autem,

1767 4567 1978 4623 etiamsi
2008 4568 2100 4628 tibi
2130 4568 2411 4642 displiceat
2449 4569 2709 4643 quidquid
2740 4569 2868 4628 fecit
2892 4571 3115 4643 Optatos
3136 4613 3149 4638 ,
3185 4573 3357 4632 furem

1769 4668 1948 4716 tamen
1983 4669 2247 4728 tenemus,
2272 4677 2376 4722 non
2399 4677 2496 4739 per
2515 4664 2834 4730 calumniam
2863 4674 3124 4733 nostram,
3147 4666 3238 4722 sed
3262 4682 3359 4739 per

1773 4755 2093 4810 sententiam
2125 4765 2291 4816 tuam.
2333 4758 2402 4828 Et
2440 4774 2508 4814 ne
2549 4768 2701 4830 putes
2739 4759 2843 4824 hoc
2882 4759 3000 4820 leve
3029 4774 3182 4826 esse;
3218 4765 3362 4833 Apo-

1771 4851 1968 4907 stolum
2001 4852 2114 4922 lege
2145 4852 2412 4916 dicentem
2435 4897 2448 4918 ,
2483 4853 2662 4925 Neque
2682 4855 2820 4925 fures
2843 4870 3054 4926 regnum
3087 4855 3182 4911 Dei
3201 4858 3364 4927 possi-

1774 4944 1959 5000 debunt
2002 4943 2204 5022 (lCor.
2229 4963 2316 5014 vt,
2347 4946 2472 5017 10).
2511 4945 2611 5015 Qui
2649 4955 2827 5006 autem
2865 4962 3088 5019 regnum
3130 4949 3225 5005 Dei
3255 4965 3362 5005 non

1778 5038 2149 5109 possidebunt,
2180 5055 2284 5096 non
2316 5049 2474 5096 erunt
2501 5039 2681 5109 utique
2703 5039 2768 5095 ad
2795 5041 3069 5098 dexteram
3090 5042 3228 5098 inter
3248 5044 3367 5099 illos

1777 5132 1972 5202 quibus
1997 5132 2222 5200 dicetur,
2264 5132 2438 5188 Venite
2457 5173 2473 5200 ,
2496 5132 2742 5190 benedicti
2765 5133 2940 5192 Patris
2964 5136 3060 5192 mei
3079 5177 3096 5204 ,
3128 5137 3371 5208 percipit:

1778 5240 1989 5296 regnum
2008 5226 2145 5295 quod
2170 5225 2307 5280 vobis
2331 5234 2569 5297 paratum
2601 5236 2671 5282 est
2693 5227 2758 5282 ab
2776 5228 2973 5301 origine
2996 5231 3194 5286 mundi.
3218 5231 3272 5286 Si
3295 5231 3369 5286 ibi

1781 5331 1886 5372 non
1915 5326 2104 5384 erunt,
2135 5317 2222 5374 ubi
2255 5327 2447 5386 erunt,
2478 5318 2579 5374 nisi
2618 5318 2684 5374 ad
2726 5319 3044 5377 sinistram?
3079 5323 3221 5376 lnter
3249 5323 3370 5376 illos

1784 5427 1912 5482 ergo
1938 5412 2130 5482 quibus
2151 5412 2378 5477 dicetur,
2405 5411 2488 5467 Ite
2506 5415 2558 5466 in
2581 5414 2748 5486 ignem
2768 5425 3032 5482 wlernnm,
3054 5415 3143 5487 qui
3161 5426 3370 5485 paratus

1785 5513 1856 5558 est
1882 5503 2084 5558 diabolo
2107 5511 2155 5558 et
2181 5504 2373 5576 angelis
2403 5507 2512 5577 ejus
2543 5505 2770 5578 (Matth.
2797 5523 2926 5576 xxv,
2948 5508 3051 5575 54,
3079 5509 3142 5563 tl
3168 5507 3208 5578 ).
3239 5506 3374 5562 Fru-

1788 5605 1899 5650 stra
1928 5610 2055 5664 ergo
2085 5604 2136 5650 te
2166 5610 2414 5652 securum
2443 5596 2574 5653 facis
2595 5641 2609 5666 ,
2642 5598 2759 5655 leve
2799 5599 3032 5670 putando
3059 5611 3333 5669 peccatum
3353 5642 3371 5668 ,

1789 5688 1930 5766 quod
1960 5703 1987 5744 a
2013 5703 2180 5766 regno
2206 5689 2299 5752 Dei
2327 5701 2577 5776 separat,
2619 5701 2674 5748 et
2712 5694 2765 5750 in
2811 5692 2988 5766 ignem
3029 5693 3190 5748 mittit
3213 5702 3374 5763 aeter-
