3812 6190
425 242 530 301 279

422 377 575 416 num.
603 360 814 428 Quanto
847 357 1038 414 melius
1074 355 1140 411 ad
1177 369 1354 410 veram
1389 351 1784 409 confessionem
1811 349 2002 406 confu-

423 455 538 524 gies
563 496 577 521 ,
609 463 662 509 et
689 453 836 508 dices
862 468 875 506 :
907 447 1280 519 Unusquisque
1305 455 1547 500 nostrum
1576 443 1846 515 proprium
1873 456 2009 497 onus

421 545 694 616 portabit,
735 554 791 600 et
825 557 856 596 a
885 540 1062 597 tritico
1109 538 1314 610 paleam
1355 536 1710 594 ventilabrum
1759 536 2004 592 ultimum

422 635 690 708 separabit
709 635 733 689 ?

495 730 585 786 55.
627 727 734 784 Sed
773 725 1024 781 videlicet
1067 725 1223 781 times
1267 739 1334 780 ne
1379 723 1557 779 statim
1598 723 1688 778 tibi
1735 721 1941 777 dicatur
1987 739 2001 775 :

422 823 529 878 Cur
555 835 682 891 ergo
708 818 837 874 dum
867 817 986 872 aliis
1013 817 1185 873 aliena
1212 831 1377 872 onera
1402 815 1669 872 conamini
1698 815 2003 886 imponere,

419 913 534 969 ausi
580 927 677 968 vos
726 911 858 967 estis
903 919 1029 966 ante
1074 909 1323 966 ultimum
1368 907 1722 964 ventilabrum
1767 921 1796 960 a
1844 905 2007 961 totius

418 1005 602 1061 mundi
629 1005 894 1060 dominica
927 1012 1106 1074 segete
1134 999 1421 1072 separare?
1451 999 1631 1070 Itaque
1652 1013 1746 1055 vos
1767 1041 1781 1065 ,
1814 996 2006 1069 quibus

417 1096 703 1168 displicent
732 1095 870 1151 facta
898 1103 1222 1162 vestrorum,
1244 1093 1369 1150 dum
1401 1093 1598 1148 cavetis
1627 1107 1693 1147 ne
1722 1091 1873 1146 vobis
1903 1090 2003 1146 ob-

413 1187 629 1260 iiciatur
654 1187 885 1243 schisma
913 1186 1055 1258 quod
1088 1201 1278 1242 omnes
1317 1184 1518 1240 fecistis
1537 1226 1552 1251 ,
1586 1183 1745 1240 etiam
1773 1182 2006 1253 peccatis

415 1295 514 1336 vos
553 1279 873 1350 implicatis,
902 1293 1021 1349 quae
1048 1292 1145 1333 vos
1173 1293 1279 1331 non
1312 1276 1510 1331 fecistis
1544 1295 1556 1330 :
1589 1284 1644 1331 et
1685 1274 1813 1330 dum
1853 1276 2006 1330 timet

416 1371 651 1428 disertus
675 1370 988 1438 Petilianus,
1013 1385 1081 1424 ne
1100 1368 1229 1424 mihi
1252 1368 1409 1423 liceat
1428 1368 1625 1434 dicere,
1651 1382 1757 1423 non
1779 1382 1865 1422 me
1884 1381 2006 1422 esse

417 1463 578 1518 talem
606 1462 818 1533 qualem
844 1461 1010 1517 fuisse
1039 1469 1190 1532 putat
1224 1459 1566 1515 Cmcilianum
1590 1500 1607 1527 ,
1647 1459 1762 1529 ipse
1797 1459 2005 1529 cogitur

417 1554 597 1611 dicere
623 1569 743 1610 esse
766 1569 826 1610 se
853 1553 1011 1608 talem
1034 1552 1247 1624 qualem
1275 1550 1440 1606 fuisse
1459 1550 1606 1605 novit
1624 1548 1895 1620 Optatum.
1919 1552 2003 1605 An

418 1655 476 1701 tu
503 1660 610 1700 non
638 1660 696 1701 es
724 1644 843 1700 talis
862 1686 877 1711 ,
906 1644 1116 1714 qualem
1160 1643 1310 1698 illum
1338 1641 1499 1697 fuisse
1528 1640 1704 1696 Africa
1733 1649 1842 1696 tota
1871 1656 2003 1696 con-

415 1739 656 1795 clamat?
681 1737 791 1794 Nce
817 1753 917 1794 nos
947 1752 1075 1808 ergo
1099 1735 1232 1792 tales
1259 1751 1446 1791 sumus
1469 1777 1484 1803 ,
1507 1735 1692 1806 quales
1721 1734 1840 1790 illos
1867 1749 2004 1805 quos

415 1834 571 1891 nobis
600 1833 861 1904 objicitis,
887 1833 975 1889 vel
1005 1847 1157 1888 error
1183 1840 1363 1887 vester
1385 1830 1686 1901 suspicatur
1703 1872 1718 1898 ,
1745 1830 1829 1886 vel
1855 1831 2004 1886 furor

414 1924 670 1992 infamat,
692 1925 776 1981 vel
807 1925 1003 1980 veritas
1036 1923 1266 1995 probat:
1299 1923 1470 1978 multo
1503 1923 1679 1978 minus
1713 1924 1838 1978 talia
1879 1933 2005 1980 sunt

412 2031 508 2086 per
533 2031 722 2072 omnes
747 2023 937 2088 gentes
974 2014 1241 2070 frumenta
1284 2013 1550 2069 dominica
1574 2054 1588 2079 ,
1617 2029 1736 2084 qua:
1777 2015 2002 2070 istorum

414 2124 513 2165 nec
534 2124 730 2165 nomen
751 2108 1057 2164 audierunt.
1081 2107 1235 2163 Nulla
1256 2107 1416 2178 igitur
1433 2121 1593 2163 causa
1613 2115 1715 2174 est,
1738 2122 1834 2162 cur
1854 2115 2002 2165 tanto

411 2204 618 2260 scelere
643 2202 996 2273 separationis
1026 2209 1080 2257 et
1104 2201 1385 2272 sacrilegio
1415 2200 1718 2256 schismatis
1749 2203 1997 2271 pereatis.

411 2293 481 2349 Et
509 2302 690 2349 tamen
721 2293 765 2347 si
795 2291 921 2362 quid
954 2306 1052 2363 pro
1095 2290 1196 2346 hac
1239 2299 1382 2346 tanta
1418 2291 1691 2361 impietate
1714 2291 1894 2347 divino
1914 2292 2001 2364 ju-

413 2387 555 2443 dicio
582 2385 890 2458 patiamini,
921 2387 1081 2442 etiam
1117 2383 1375 2455 baptizari
1407 2398 1503 2439 vos
1529 2393 1707 2440 vestro
1745 2386 2000 2457 sanguine

411 2478 594 2536 dicitis
617 2496 631 2533 :
662 2487 719 2534 ut
739 2493 926 2550 parum
948 2478 1017 2533 sit
1035 2476 1182 2548 quod
1201 2477 1358 2533 divisi
1381 2477 1399 2509 ί
1427 2493 1534 2533 non
1555 2478 1994 2550 compungimini,

411 2570 516 2626 nisi
545 2569 706 2626 etiam
731 2568 902 2641 puniti
925 2568 1247 2640 gloriemini.

484 2660 713 2719 CAPUT
741 2661 934 2718 XXIV.
953 2693 1024 2702 —
1044 2661 1132 2718 56.
1165 2662 1353 2718 Ρετιι.
1375 2661 1546 2718 dixit:
1577 2662 1643 2716 At
1673 2664 1804 2718 enim
1831 2663 1886 2718 in
1914 2679 2000 2719 eo-

411 2755 527 2811 dem
553 2755 841 2827 perduratis
862 2770 881 2809 :
909 2773 929 2806 ‹
967 2754 1068 2821 Qui
1091 2754 1246 2810 semel
1270 2755 1402 2810 lotus
1422 2764 1529 2821 est,
1558 2772 1658 2810 non
1691 2756 1838 2811 habet
1875 2772 2000 2810 cau-

409 2864 519 2905 sam
543 2848 642 2903 nisi
662 2847 812 2916 pedes
841 2845 1046 2901 lavandi
1083 2866 1102 2900 ι
1142 2845 1341 2918 (Joan.
1371 2861 1506 2914 xm,
1535 2846 1604 2902 10
1627 2847 1668 2917 ).
1713 2847 1885 2903 Semel
1925 2856 1998 2903 est

410 2941 544 3013 quod
571 2941 718 2996 habet
748 2950 1004 2995 auctorem
1021 2982 1038 3008 ,
1059 2940 1213 2996 semel
1234 2949 1307 2994 est
1330 2940 1466 3011 quod
1490 2940 1672 2995 veritas
1696 2941 1889 3010 ﬁrmat.

483 3033 573 3088 57.
615 3033 752 3089 Auc.
779 3031 1092 3103 respondit:
1116 3031 1419 3101 Baptismus
1439 3030 1493 3086 in
1518 3031 1736 3087 nomine
1755 3031 1930 3087 Patris
1944 3039 2001 3089 et

412 3125 536 3182 Filii
589 3133 645 3180 et
700 3123 932 3194 Spiritus
977 3122 1146 3178 sancti
1194 3121 1461 3178 Christum
1511 3122 1676 3178 habet
1725 3132 1999 3179 auctorem

413 3217 639 3292 (Matth.
661 3233 859 3283 xxvm,
887 3217 995 3288 l9)
1021 3259 1036 3283 ,
1083 3231 1190 3272 non
1236 3215 1532 3286 quemlibet
1577 3215 1848 3272 hominem
1889 3235 1904 3272 :
1944 3225 2000 3274 et

411 3311 655 3368 Christus
684 3321 768 3368 est
790 3311 986 3367 veritas
1003 3350 1020 3377 ,
1051 3325 1159 3366 non
1185 3309 1408 3380 quilibet
1433 3309 1614 3366 homo.

479 3403 709 3461 CAPUT
735 3402 904 3460 XXV.
927 3433 1001 3446 ——
1023 3402 1115 3458 58.
1144 3402 1330 3458 PETIL.
1363 3400 1499 3457 dixit
1526 3421 1539 3457 :
1573 3401 1714 3457 Nam
1744 3419 1859 3458 cum
1884 3420 1998 3460 reus

411 3499 546 3570 falsa
575 3499 858 3553 committas
876 3539 891 3566 ,
920 3497 994 3552 bis
1018 3495 1283 3568 Baptisma
1310 3512 1402 3568 ego
1430 3512 1532 3553 non
1559 3497 1726 3568 facio,
1759 3499 1896 3570 quod
1921 3515 2000 3555 se-

410 3593 510 3648 mel
537 3593 644 3664 ipse
666 3609 769 3648 non
790 3592 938 3664 facis.

481 3685 572 3742 59.
616 3686 751 3742 Auo.
780 3684 1094 3754 respondit:
1136 3683 1248 3740 Nec
1288 3698 1412 3739 reos
1448 3698 1548 3740 nos
1587 3684 1818 3755 probas;
1859 3691 1914 3740 et
1952 3685 2000 3740 si

410 3792 538 3834 reus
564 3776 830 3847 baptismo
857 3775 990 3830 falso
1016 3775 1282 3846 baptizat,
1311 3790 1416 3830 non
1447 3774 1644 3830 habent
1681 3791 1863 3831 verum
1899 3776 2001 3832 Ba~

411 3869 667 3941 ptismum
691 3911 707 3936 ,
732 3875 994 3939 quotquot
1021 3866 1090 3922 ab
1116 3867 1195 3922 eis
1218 3865 1554 3936 baptizantur
1571 3908 1587 3934 ,
1625 3867 1715 3936 qui
1740 3867 1879 3936 apud
1903 3882 2000 3924 vos

413 3978 523 4018 non
552 3961 725 4018 solum
749 3959 1050 4028 manifesti,
1079 3959 1175 4016 sed
1204 3960 1362 4015 etiam
1393 3960 1586 4016 occulti
1609 3959 1719 4030 jam
1747 3961 1822 4016 rei
1852 3969 1996 4020 sunt.

413 4057 473 4113 Si
495 4055 637 4112 enim
658 4070 771 4111 rem
797 4054 891 4110 Dei
918 4053 1049 4121 dat,
1079 4055 1169 4125 qui
1207 4039 1534 4124 Baptismum
1571 4053 1696 4116 dat;
1732 4069 1852 4109 cum
1887 4055 2000 4126 jam

412 4151 526 4207 Deo
552 4163 677 4206 reus
701 4157 782 4205 est
807 4189 821 4215 ,
855 4147 1124 4219 quomodo
1151 4161 1265 4202 rem
1295 4147 1387 4202 Dei
1418 4147 1546 4214 dat,
1577 4147 1622 4203 si
1655 4162 1779 4203 reus
1812 4163 1999 4206 verum

413 4241 744 4314 Baptismum
766 4255 874 4296 non
901 4239 1030 4295 dat?
1055 4239 1160 4297 Sed
1187 4240 1329 4296 enim
1351 4241 1373 4272 ³
1400 4241 1721 4310 exspectatis
1745 4250 1802 4296 ut
1827 4250 1881 4298 et
1906 4257 2002 4298 vo-

417 4336 498 4392 ois
526 4350 651 4391 reus
677 4335 779 4402 sit,
805 4333 957 4405 quasi
980 4331 1123 4405 quod
1146 4332 1366 4388 daturus
1394 4342 1477 4389 est
1503 4342 1739 4389 vestrum
1765 4333 1854 4391 sit.

481 4427 708 4486 CAPUT
733 4427 926 4484 XXVI.
950 4457 1022 4470 --
1049 4426 1138 4485 60.
1185 4417 1370 4483 Perit.
1403 4427 1543 4482 dixit
1578 4445 1592 4480 :
1632 4426 1772 4482 Nam
1801 4429 1846 4482 si
1873 4429 2001 4485 veris

413 4520 550 4597 falsa
579 4521 880 4593 permisceas
904 4560 920 4586 ,
964 4519 1144 4574 iisdem
1181 4535 1315 4589 saepe
1347 4519 1565 4590 vestigiis
1600 4535 1771 4573 verum
1801 4520 2001 4591 falsitas

411 4617 658 4672 imitatur.
684 4614 776 4671 Sic
799 4656 814 4682 ,
841 4613 915 4669 sic
943 4612 1200 4667 hominem
1231 4611 1438 4667 simulat
1469 4620 1665 4666 natura:
1695 4613 1893 4684 pictura
1920 4630 2000 4669 ve-

413 4725 527 4762 rum
549 4749 562 4774 ,
589 4723 702 4778 qua:
723 4703 974 4761 coloribus
995 4703 1232 4776 exprimit
1259 4703 1418 4775 falsas
1437 4703 1592 4773 facies
1611 4703 1848 4759 veritatis.
1889 4704 1998 4771 Sic,

410 4800 482 4854 sic
499 4798 691 4869 speculi
709 4798 844 4853 nitor
862 4797 1058 4852 vultum
1072 4796 1228 4868 rapit,
1247 4804 1301 4850 ut
1321 4803 1514 4850 revocet
1533 4795 1705 4850 oculos
1725 4797 1963 4852 intuentis
1983 4813 2001 4852 :

410 4893 504 4957 sic,
530 4891 602 4946 sic
627 4889 774 4958 offert
800 4891 1034 4961 proprios
1054 4887 1360 4944 venientibus
1381 4887 1572 4958 vultus,
1598 4897 1656 4943 ut
1675 4888 1787 4958 ipsa
1806 4890 2001 4945 sibimet

413 4983 624 5036 invicem
652 4984 807 5055 facies
831 4982 1073 5038 venientis
1093 4991 1361 5037 occurrat:
1389 4990 1681 5054 tantumque
1700 4984 1827 5038 valet
1847 5000 2001 5039 mun-

415 5075 482 5128 da
512 5073 722 5145 fallacia
738 5072 781 5139 ³,
812 5081 867 5128 ut
890 5073 1088 5146 ipsise,
1111 5074 1197 5145 qui
1220 5073 1477 5145 pervident
1504 5075 1660 5144 oculi,
1684 5077 1826 5147 quasi
1850 5077 1903 5130 in
1924 5076 2003 5131 al-

415 5175 520 5220 tero
544 5181 651 5220 sese
676 5173 998 5238 cognoscant.
1027 5165 1155 5238 Ipsa
1176 5183 1371 5239 quoque
1406 5167 1586 5222 umbra
1621 5183 1736 5221 cum
1774 5167 1998 5233 steterit,

410 5256 922 5337 'maginesgeminat
965 5274 1151 5330 magna
1189 5274 1254 5313 ex
1292 5267 1436 5330 parte
1477 5258 1738 5314 mendacio
1774 5259 2002 5315 dividens

414 5348 678 5405 unitatem.
705 5346 970 5420 Numquid
989 5349 1104 5405 ideo
1131 5365 1300 5405 verum
1322 5359 1425 5420 est,
1457 5351 1578 5424 quia
1613 5351 1777 5423 ﬁgura
1815 5353 1999 5407 utenti-

480 5576 496 5641 ξ
521 5582 594 5626 Er.
624 5583 822 5641 cttov.,
849 5577 1051 5632 dimissi.
1080 5586 1199 5637 Am.,
1235 5577 1442 5632 divisim.
1477 5580 1646 5632 verius
1671 5587 1775 5631 Mss.
1795 5615 1807 5639 ,
1838 5578 1998 5635 divisi.

479 5639 634 5697 Mm,
661 5639 703 5690 si
725 5639 868 5692 enim.
895 5651 1020 5697 MSS.,
1043 5641 1112 5693 sic
1129 5641 1272 5692 enim.

480 5696 502 5732 ³
517 5680 1390 5774 ,viniiiiunddufiilldiim"Xi'515;.,
1414 5703 1595 5756 munda
1613 5705 1630 5769 (
1634 5704 1680 5755 id
1707 5711 1799 5766 est,
1815 5706 2003 5773 speculi

413 5761 594 5830 mundi)
619 5763 832 5830 fallacia.

1263 235 1534 292 CONTRA
1574 229 1910 290 LITTERAS
1947 228 2312 303 PETILIANI,
2352 233 2413 293 S.
2441 235 2812 296 AUGUSTINI

3623 236 3724 297 εει

2121 353 2243 407 tur?
2281 351 2387 408 Sed
2415 354 2557 409 aliud
2592 364 2665 411 est
2703 354 2956 417 hominem
2993 355 3198 428 pingere
3217 397 3231 419 .
3259 356 3403 412 aliud
3446 369 3724 427 generare.

2123 441 2265 499 Nam
2302 446 2413 516 quis
2453 447 2587 518 patri
2624 447 2760 517 ﬁlios
2786 447 3045 520 exoptanti
3078 448 3236 517 falsos
3272 449 3420 520 ﬁngit
3451 449 3724 519 infantes?

2119 547 2208 592 aut
2251 540 2362 609 quis
2413 542 2622 608 pictura:
2655 541 2916 596 mendacio
2965 557 3106 598 veros
3145 543 3368 598 hteredes
3409 543 3725 614 exspectet?
3772 540 3773 586 ἲ

2122 628 2362 702 Profecto
2387 633 2628 688 dementis
2658 641 2729 689 est
2749 634 2927 704 animi,
2949 634 3156 690 dimisso
3181 649 3241 690 eo
3262 634 3397 705 quod
3417 651 3614 690 nestum
3633 643 3723 702 est,
3772 623 3773 630 ἶ

2119 736 2290 775 amare
2319 723 2583 793 picturam.

2190 814 2278 870 6|.
2311 816 2445 872 Auo.
2479 817 2754 886 respondit
2783 835 2799 873 :
2831 818 2977 874 Itane
3014 833 3120 873 non
3147 816 3422 874 erubescis
3445 859 3464 885 ,
3501 817 3718 875 etiamsi

2119 907 2172 961 in
2220 907 2436 964 homine
2489 909 2836 966 fallacissimo
2884 912 3081 981 fuerit,
3135 912 3487 984 Baptismum,
3517 911 3721 970 Christi

2117 997 2404 1056 falsitatem
2435 1003 2668 1058 vocare?
2696 1002 2854 1059 Absit
2893 1005 3108 1075 quidem
3138 1012 3197 1060 ut
3233 1004 3577 1062 dominicum
3609 1004 3720 1061 fru-

2117 1097 2355 1144 mentum
2384 1092 2525 1163 quod
2553 1108 2652 1164 per
2681 1101 2854 1150 totum
2882 1109 3068 1166 agrum
3090 1136 3105 1162 ,
3136 1095 3188 1152 id
3230 1105 3348 1162 est,
3377 1095 3536 1152 hunc
3565 1112 3724 1152 mun-

2117 1180 2267 1248 dum,
2295 1198 2462 1254 usque
2486 1184 2553 1240 ad
2579 1201 2830 1253 messem,
2855 1186 2906 1241 id
2934 1195 3037 1255 est,
3064 1201 3231 1258 usque
3258 1187 3310 1244 in
3339 1188 3513 1244 ﬁnem
3535 1188 3718 1244 saeculi

2117 1276 2257 1332 inter
2285 1276 2485 1333 zizania
2510 1293 2757 1336 crescere
2781 1279 2990 1350 jussum
3017 1289 3096 1335 est
3124 1280 3340 1352 (Matth.
3369 1297 3498 1349 xm,
3526 1281 3715 1347 24—60,

2115 1369 2334 1442 36-45),
2356 1371 2552 1427 vestris
2576 1371 2872 1428 maledictis
2894 1372 3161 1429 interiisse
3183 1373 3459 1429 credatur.
3487 1372 3716 1430 Verum-

2116 1471 2295 1520 tamen
2326 1472 2381 1520 et
2419 1465 2472 1520 in
2517 1464 2649 1536 ipsis
2677 1464 2896 1520 zizaniis
2916 1507 2931 1531 ,
2960 1481 3082 1537 quae
3111 1481 3279 1537 usque
3308 1467 3362 1522 in
3392 1467 3572 1523 tinem
3613 1482 3716 1523 non

2115 1553 2312 1626 colligi,
2343 1555 2438 1611 sed
2469 1556 2684 1612 tolerari
2722 1565 2989 1628 praecepta
3015 1566 3172 1624 sunt,
3203 1568 3259 1614 et
3284 1557 3338 1612 iu
3380 1559 3504 1630 ipsa
3539 1559 3713 1630 palea,

2113 1661 2234 1717 qua:
2264 1648 2476 1702 nonnisi
2521 1647 2711 1705 ultimo
2735 1648 3032 1705 ventilabro
3073 1657 3183 1705 tota
3211 1650 3563 1721 separabitur
3595 1649 3712 1719 (Id.

2113 1752 2193 1804 ιιι,
2224 1736 2365 1809 l2);
2407 1737 2568 1794 audet
2604 1738 2829 1810 quisque
2857 1739 3038 1796 dicere
3062 1739 3255 1796 falsum
3284 1755 3404 1798 esse
3435 1741 3712 1812 Baptisms

2113 1830 2260 1901 quod
2288 1831 2344 1887 in
2384 1831 2603 1887 nomine
2633 1831 2808 1888 Patris
2839 1841 2894 1889 et
2921 1833 3042 1889 Filii
3070 1842 3127 1890 et
3153 1834 3384 1905 Spiritus
3413 1835 3599 1892 sancti
3627 1836 3714 1891 da-

2119 1931 2208 1977 tur
2256 1931 2313 1978 et
2365 1923 2642 1978 sumitur?
2695 1923 2842 1992 Quos
2896 1926 3206 1982 testimonio
3255 1926 3665 1998 gravidatarum
3695 1928 3712 1959 ί

2113 2013 2430 2070 feminarum
2475 2015 2784 2085 convictos,
2827 2017 2914 2074 vel
2955 2019 3188 2090 collegas
3233 2019 3316 2075 vel
3359 2019 3710 2092 presbyteros

2113 2116 2322 2163 vestros
2380 2107 2448 2163 ab
2501 2107 2710 2164 honore
2759 2108 3025 2180 deponitis
3075 2109 3564 2183 (quandoquidem
3614 2112 3709 2168 ista

2111 2199 2356 2270 exempla
2387 2199 2584 2271 ubique
2613 2216 2720 2256 non
2746 2200 2992 2273 desunt),
3024 2217 3228 2274 quacro,
3256 2213 3554 2275 antequam
3583 2220 3709 2260 con-

2110 2291 2498 2361 vincerentur,
2548 2301 2726 2349 utrum
2778 2293 2997 2350 fallaces
3045 2294 3282 2363 fuerint,
3329 2310 3396 2351 an
3442 2296 3708 2353 veraces?

2110 2384 2482 2455 Respondebis
2525 2385 2706 2456 utique
2730 2426 2746 2454 ,
2777 2384 3038 2441 Fallaces.
3082 2384 3193 2442 Cur
3231 2401 3359 2458 ergo
3386 2402 3585 2443 verum
3612 2387 3705 2442 Ba-

2109 2479 2363 2549 ptismum
2391 2487 2444 2533 et
2472 2478 2761 2545 habebant,
2793 2486 2849 2534 et
2875 2478 3117 2534 dabant?
3145 2477 3258 2534 Cur
3281 2479 3333 2534 in
3358 2479 3439 2534 eis
3471 2479 3705 2535 divinam

2108 2571 2390 2626 veritatem
2421 2586 2526 2625 non
2557 2570 2934 2642 corrumpebat
2962 2570 3192 2626 humana
3220 2570 3425 2628 fallacia
3450 2572 3479 2626 ?
3521 2572 3704 2629 Nonne

2108 2664 2388 2718 verissime
2417 2663 2674 2734 scriptum
2704 2671 2818 2730 est,
2863 2662 3085 2719 Sanctus
3123 2663 3257 2718 enim
3282 2663 3518 2735 Spiritus
3557 2664 3704 2719 disci.

2110 2755 2266 2826 plina?
2309 2754 2516 2827 e/fugiet
2555 2756 2731 2825 ﬁctum
2759 2754 2926 2827 (Sap.
2955 2771 3003 2822 1,
3033 2753 3148 2828 5)?
3188 2756 3368 2812 Fictos
3412 2772 3550 2828 engo
3579 2757 3701 2813 istos

2108 2863 2228 2904 cum
2259 2857 2475 2904 sanctus
2501 2848 2732 2919 Spiritus
2761 2847 3000 2919 fugeret,
3032 2863 3129 2904 cur
3153 2848 3293 2920 apud
3319 2864 3413 2905 eos
3440 2848 3702 2920 Baptismi

2107 2941 2305 2996 veritas
2333 2948 2470 3008 erat,
2499 2940 2602 2995 nisi
2629 2940 2751 3011 quia
2776 2937 3008 3011 Spiritus
3036 2948 3254 2996 sanctus
3283 2939 3521 2996 hominis
3552 2940 3698 2996 falla-

2106 3032 2280 3098 ciam,
2323 3048 2431 3087 non
2459 3033 2737 3088 veritatem
2767 3031 3098 3088 Sacramenti
3138 3031 3412 3103 fugiebat?
3456 3033 3630 3088 Porro
3657 3032 3699 3086 si

2106 3133 2162 3181 et
2186 3123 2403 3180 fallaces
2431 3122 2631 3180 habent
2655 3124 2987 3194 Baptismum
3017 3138 3227 3191 verum,
3250 3124 3341 3194 qui
3371 3123 3477 3180 hoc
3503 3123 3696 3179 habent

2107 3217 2250 3290 quod
2281 3232 2502 3274 veraces
2527 3218 2548 3248 '
2571 3215 2769 3273 habent
2807 3216 2828 3270 ἲ
2881 3215 3035 3273 Unde
3075 3226 3128 3273 te
3167 3224 3379 3288 oportet
3420 3216 3696 3272 advertere

2106 3323 2411 3367 sermonem
2467 3318 2616 3364 tuum
2666 3309 2844 3380 potius
2898 3323 3020 3364 esse
3071 3309 3357 3381 pigmentis
3405 3307 3693 3379 puerilibus

2106 3401 2401 3458 coloratum
2438 3419 2450 3454 :
2493 3410 2547 3456 et
2592 3400 2715 3456 ideo
2753 3401 2844 3472 qui
2891 3401 3137 3472 neglecto
3162 3401 3326 3456 verbo
3353 3400 3476 3456 vivo
3505 3401 3528 3433 ³
3567 3399 3692 3455 fucis

2108 3495 2300 3550 talibus
2346 3494 2677 3561 delectatur,
2725 3494 2841 3566 ipse
2885 3502 3030 3550 amat
3085 3509 3186 3567 pro
3240 3495 3464 3552 veritate
3524 3495 3687 3566 pictu-

2106 3603 2241 3642 ram.

2180 3681 2404 3737 CAPUT
2443 3680 2658 3737 XXVII.
2685 3711 2757 3722 —
2781 3680 2871 3736 62.
2900 3682 3088 3738 PE'rlL.
3117 3681 3251 3738 dixit
3281 3701 3292 3736 :
3326 3683 3390 3737 At
3416 3684 3553 3739 enim
3577 3681 3686 3736 dicit

2109 3775 2367 3845 apostolus
2394 3775 2592 3829 Paulus
2616 3816 2629 3842 ,
2662 3792 2681 3827 ι
2716 3775 2859 3830 Unus
2884 3773 3052 3842 Deus,
3092 3791 3195 3829 una
3219 3775 3375 3844 ﬁdes,
3402 3792 3562 3829 unum
3589 3773 3683 3828 Ba-

2109 3867 2292 3936 ptisma
2325 3885 2342 3918 ι
2379 3865 2591 3938 (Ep/tes.
2619 3883 2691 3932 tv,
2719 3866 2808 3938 5).
2845 3865 3016 3922 Unum
3061 3883 3152 3922 nos
3195 3868 3536 3938 proﬁtemur;
3579 3881 3682 3922 nam

2109 3968 2298 4013 certum
2321 3967 2394 4012 est
2415 3974 2497 4013 eos
2519 3958 2606 4029 qui
2631 3956 2733 4012 duo
2756 3958 3068 4025 existimant,
3093 3958 3335 4014 insanire.

2184 4050 2271 4106 65.
2301 4049 2436 4105 Auc.
2467 4048 2744 4119 respondit
2774 4067 2788 4103 :
2835 4048 2891 4103 In
2922 4063 3017 4104 vos
3046 4050 3145 4104 ista
3185 4049 3360 4104 dicitis
3380 4091 3394 4116 ,
3426 4051 3523 4108 sed
3552 4051 3679 4106 insa-

2109 4143 2306 4200 niendo
2331 4143 2571 4199 nescitis.
2603 4142 2684 4197 Illi
2715 4141 2856 4198 enim
2887 4141 3072 4198 dicunt
3099 4143 3206 4198 duo
3237 4143 3576 4214 baptismate,
3602 4143 3682 4216 qui

2107 4235 2252 4291 aliud
2282 4234 2590 4291 existimant
2624 4233 2824 4290 habere
2855 4234 3035 4306 justos
3055 4276 3070 4301 ,
3101 4235 3242 4290 aliud
3270 4236 3482 4308 iniquos
3510 4255 3525 4305 ;
3572 4250 3680 4292 cum

2109 4345 2282 4401 neque
2322 4329 2545 4385 istorum
2576 4344 2750 4400 neque
2792 4328 3004 4384 illorum
3044 4329 3149 4398 sit,
3179 4330 3274 4386 sed
3319 4331 3391 4387 sit
3416 4331 3607 4388 Christi
3634 4330 3680 4385 in

2107 4421 2350 4492 utrisque
2377 4435 2538 4475 unum
2564 4437 2578 4486 ;
2623 4420 2866 4492 quamvis
2894 4421 2995 4492 ipsi
3021 4436 3128 4477 non
3155 4423 3261 4478 sint
3288 4439 3486 4492 unum,
3518 4423 3606 4482 sed
3633 4420 3678 4477 id

2108 4514 2253 4586 quod
2277 4524 2359 4570 est
2387 4528 2572 4581 unum,
2603 4514 2692 4569 isti
2723 4514 2953 4572 habeant
2977 4515 3047 4571 ad
3079 4515 3339 4585 salutem,
3369 4518 3446 4575 illi
3474 4519 3541 4577 ad
3569 4531 3678 4590 per-

2107 4608 2320 4664 niciem.

2179 4701 2404 4758 CAPUT
2450 4700 2688 4756 XXVIII.
2729 4728 2800 4742 -—-
2837 4701 2926 4758 64.
2968 4701 3154 4759 Ρετιι..
3195 4703 3370 4761 dixit:
3409 4705 3591 4761 Verum
3629 4709 3676 4757 ut

2108 4794 2302 4867 aliquid
2329 4810 2645 4865 comparem,
2676 4794 2830 4849 solem
2853 4795 3106 4866 geminum
3134 4795 3294 4850 videri
3321 4798 3545 4868 furiosis,
3575 4797 3677 4851 licet

2108 4885 2262 4942 nubes
2300 4885 2516 4940 cwrulea
2555 4901 2692 4955 stupe
2729 4894 3015 4954 concurrat,
3048 4887 3254 4959 ejusque
3296 4888 3500 4944 decolor
3539 4886 3674 4961 facies

2108 4977 2375 5049 splendore
2406 4993 2662 5050 percussa,
2707 4977 2829 5032 dum
2852 4977 2985 5032 radii
3014 4979 3137 5034 solis
3163 4979 3226 5032 ab
3251 4980 3423 5034 eadem
3461 4982 3670 5042 redeunt,

2109 5074 2254 5146 quasi
2280 5072 2513 5145 proprios
2538 5071 2712 5126 radios
2739 5071 2962 5127 emittere
2993 5072 3223 5126 videatur
3251 5088 3269 5126 :
3297 5073 3390 5140 sic,
3415 5073 3487 5129 sic
3515 5073 3564 5128 in
3589 5069 3674 5140 fide

2109 5165 2438 5238 Baptismatis
2463 5163 2606 5220 aliud
2627 5173 2698 5220 est
2721 5180 2944 5237 quaerere
2968 5165 3232 5238 imagines,
3258 5166 3398 5223 aliud
3423 5175 3673 5240 agnoscere

2111 5260 2385 5315 veritatem.
3699 5311 3706 5321 .

2182 5353 2270 5411 65.
2300 5353 2434 5412 Auc.
2466 5353 2739 5426 respondit
2770 5373 2782 5410 :
2815 5352 2949 5426 Quid
2977 5353 3232 5425 loqueris,
3265 5355 3490 5428 quaeso?
3518 5354 3671 5425 Quauv

2176 5580 2191 5611 ί
2222 5585 2288 5629 tta
2306 5580 2354 5628 in
2376 5581 2564 5639 Mss.gAt
2586 5576 2637 5625 in
2659 5573 2820 5635 editis,
2843 5572 3180 5639 gravidarum.

2174 5645 2194 5675 ³
2219 5637 2528 5691 r‘loriacensis
2581 5639 2767 5701 codex,
2819 5636 2907 5701 qui
2969 5637 3056 5688 hoc
3113 5636 3252 5688 habet
3309 5637 3437 5701 quod
3482 5645 3665 5698 veraces.

2109 5703 2506 5772 cygirannensis,
2530 5699 2628 5772 qui.
2639 5699 2725 5750 hoc
2748 5698 2888 5772 habet
2917 5701 3044 5765 quod
3083 5712 3178 5752 non
3216 5698 3426 5758 vertices.

2182 5770 2200 5801 δ
2225 5773 2288 5822 ηδ
2311 5772 2416 5820 uss.
2435 5770 2490 5818 At
2515 5761 2650 5829 editi,
2670 5761 2812 5816 verba
2836 5761 2960 5820 vero.

3771 50 3773 176 ι

3771 229 3773 326 ι

3771 385 3773 494 ψ
