3796 6132
71 248 157 308 ’81
876 172 1087 219 ε...

75 373 134 430 do
155 367 316 427 nubes
359 362 600 424 caerulea
642 356 815 417 radios
852 349 985 411 solis
1023 358 1276 422 percussa
1318 338 1630 414 repercutit,

78 459 306 533 numquid
331 457 555 515 furiosis
579 453 726 526 quasi
766 449 872 506 duo
909 445 1053 502 soles
1079 445 1339 533 apparent
1364 450 1492 533 ,Aae
1527 447 1638 533 non

77 525 298 612 omnibus
320 549 413 621 qui
442 525 754 604 intuentur?
779 540 911 598 Cum
941 545 1120 593 autem
1148 531 1367 589 furiosis
1395 529 1470 585 ita
1491 525 1639 582 vide—

80 659 179 713 tur,
219 643 351 700 solis
397 640 529 711 ipsis
556 637 782 694 videtur.
829 630 935 690 Sed
979 631 1026 687 si
1070 626 1354 684 molestum
1400 637 1507 677 non
1558 625 1642 675 est

78 737 194 810 quod
233 734 535 798 admoneo,
565 729 687 785 vide
726 727 904 799 potius
945 738 1016 780 ne
1056 720 1196 776 forte
1223 717 1346 773 talia
1377 714 1556 770 dicere
1585 719 1642 767 et

77 833 138 888 sic
179 828 321 901 loqui
365 825 626 882 furiosum
671 821 758 878 sit.
810 818 1014 886 Nempe
1056 822 1232 870 tamen
1259 811 1276 843 ¹
1307 808 1412 864 hoc
1456 806 1641 861 dicere

76 897 264 979 voluisti
287 961 303 986 ,
333 919 512 990 iustos
538 915 736 971 habere
763 909 1042 990 veritatem
1069 901 1329 975 Baptismi
1352 942 1368 966 ,
1415 897 1641 969 injustas

77 1023 228 1070 autem
255 1009 543 1082 imaginem
575 1024 589 1060 :
620 1005 667 1062 si
696 1004 770 1060 ita
795 989 910 1067 θέε,
942 997 1116 1055 audeo
1144 995 1324 1052 dicere
1350 991 1642 1062 imaginem

77 1107 215 1162 fuisse
254 1103 308 1160 in
353 1081 452 1157 illo
473 1107 652 1155 vestro
678 1094 790 1170 (a),
820 1094 907 1150 cui
951 1106 1057 1147 non
1097 1091 1258 1153 Deus,
1302 1084 1398 1142 sed
1426 1081 1642 1154 quidam

77 1200 241 1256 Comes
268 1193 346 1268 (ὁ)
389 1201 505 1251 erat
533 1192 674 1247 Deus
705 1206 718 1242 :
751 1187 1032 1244 veritatem
1071 1191 1248 1238 autem
1276 1178 1362 1234 vel
1392 1178 1444 1233 in
1480 1186 1530 1231 te
1555 1173 1640 1231 vel

77 1294 119 1346 in
144 1291 228 1347 illo
269 1290 360 1360 qui
405 1287 508 1343 hoc
535 1286 592 1341 in
629 1299 750 1341 eum
793 1281 1066 1352 eleganter
1104 1275 1283 1332 emisit
1305 1315 1319 1339 ,
1350 1269 1564 1344 quando
1591 1269 1642 1324 ei

77 1382 214 1448 dixit,
239 1377 338 1436 Cui
365 1379 561 1436 Comes
601 1384 686 1432 est
710 1375 871 1430 Deus.
921 1371 992 1426 Et
1019 1365 1306 1424 discernite
1346 1365 1464 1420 illos
1505 1376 1640 1434 quos

78 1486 273 1544 uterque
299 1468 625 1542 baptizavit,
656 1475 711 1522 et
752 1465 808 1520 in
845 1462 966 1519 aliis
989 1459 1279 1532 approbale
1306 1455 1640 1528 Baptismum

78 1579 258 1632 verum,
286 1563 356 1620 ab
383 1561 505 1617 aliis
532 1567 713 1615 autem
738 1553 1004 1613 excludite
1033 1551 1318 1622 imaginem
1339 1589 1354 1617 ,
1386 1557 1442 1604 et
1467 1545 1638 1602 intro-

77 1658 226 1714 ducite
248 1653 551 1711 veritatem.
916 1675 922 1687 ι

132 1746 342 1806 CAPUT
387 1742 587 1802 XXIX.
616 1772 685 1784 —
714 1739 804 1798 66.
838 1739 1025 1795 PETIL.
1069 1734 1202 1791 dixit
1241 1750 1254 1788 :
1289 1731 1395 1789 Sed
1439 1736 1490 1786 ut
1535 1729 1642 1784 hare

81 1842 249 1896 minora
291 1838 618 1900 discurram;
663 1829 908 1903 numquid
947 1829 1039 1901 jus
1085 1827 1243 1891 dicit,
1293 1823 1380 1895 qui
1423 1838 1525 1876 non
1570 1828 1644 1875 est

81 1937 207 1991 curia:
246 1933 612 2006 magistratus,
654 1936 742 1982 aut
779 1925 834 1980 id
862 1922 997 1994 quod
1028 1921 1211 1976 dixerit
1251 1920 1341 1990 jus
1385 1924 1491 1982 est,
1529 1930 1644 1968 cum

83 2030 235 2102 priuati
260 2042 480 2100 persona
508 2021 712 2096 publica
748 2021 875 2092 jura
906 2014 1203 2089 perturbet?
1247 2010 1329 2065 An
1355 2026 1458 2064 non
1481 2007 1644 2078 magis

82 2098 176 2178 reus
200 2098 294 2176 non
321 2116 477 2172 modo
506 2131 608 2170 non
637 2111 880 2184 prodest;
913 2107 1003 2164 sed
1031 2122 1145 2160 cum
1170 2119 1227 2160 eo
1256 2101 1391 2175 quod
1418 2098 1642 2170 conﬁcit,

85 2212 292 2283 {alacrius
320 2209 577 2264 obtinetur
601 2206 668 2260 ’?

139 2307 217 2362 67.
246 2305 381 2362 Anc.
412 2298 696 2373 respondit
725 2315 738 2352 :
781 2295 918 2365 Quid
940 2337 956 2364 ,
988 2294 1034 2351 si
1078 2293 1181 2349 iste
1222 2291 1457 2361 privatus
1486 2296 1644 2359 atque

87 2397 296 2454 lalsarius
333 2395 514 2466 legem
562 2389 903 2463 imperatoris
949 2386 1109 2442 alicui
1151 2384 1241 2440 det
1259 2384 1283 2436 ’Ξ
1330 2395 1511 2437 nonne
1558 2380 1648 2435 ille

86 2506 185 2547 cum
222 2486 509 2544 contulerit
538 2499 660 2542 cum
703 2483 783 2538 eis
826 2480 916 2552 qui
959 2479 1099 2534 hanc
1138 2475 1356 2540 habent,
1398 2483 1451 2528 et
1478 2472 1648 2542 ipsam

89 2597 186 2638 esse
209 2579 465 2636 invenerit
491 2618 507 2644 ,
555 2591 663 2632 non
709 2571 936 2630 attendit
971 2585 1004 2625 a
1049 2583 1155 2640 quo
1201 2564 1502 2636 acceperit,
1553 2561 1649 2618 sed

87 2674 187 2746 quid
225 2669 545 2741 acceperit?
605 2665 878 2725 Falsarius
929 2663 1128 2734 quippe
1174 2657 1387 2731 quando
1438 2671 1502 2712 ex
1553 2669 1648 2710 sua

90 2766 284 2823 falsitate
305 2765 396 2820 dat
424 2761 652 2833 aliquid,
689 2759 880 2815 falsum
910 2764 994 2812 est
1023 2773 1035 2808 :
1069 2751 1280 2824 quando
1309 2758 1484 2804 autem
1515 2748 1648 2803 alie-

89 2874 192 2914 num
217 2871 395 2914 verum
426 2854 498 2910 ab
523 2853 704 2923 aliquo
730 2849 906 2915 datur,
934 2845 1144 2903 etiamsi
1171 2859 1200 2897 a
1231 2840 1444 2897 falsario
1467 2839 1646 2906 detur,

91 2951 296 3023 quamvis
336 2949 430 3006 ille
457 2961 628 3003 verax
657 2959 765 3000 non
794 2941 901 3009 sit,
933 2951 1121 2996 verum
1163 2943 1248 2992 est
1286 2943 1462 2990 tamen
1505 2929 1648 3002 quod

90 3043 233 3100 datur.

146 3135 351 3194 CAPUT
392 3132 573 3192 XXX.
612 3162 685 3173 ——-
722 3129 812 3186 68.
844 3127 1034 3184 PETIL.
1063 3123 1197 3179 dixit
1227 3139 1239 3176 :
1273 3120 1374 3174 Aut
1417 3119 1459 3174 si
1504 3117 1647 3191 quis-

91 3246 214 3299 quam
245 3227 474 3284 carmina
516 3220 793 3279 sacerdotis
835 3217 1121 3273 memoriter
1161 3221 1360 3278 teneat,
1405 3207 1649 3276 numquid

93 3322 186 3377 inde
207 3320 435 3377 sacerdos
467 3326 576 3383 est,
605 3312 739 3386 quod
783 3327 867 3367 ore
909 3308 1155 3378 sacrilego
1183 3319 1386 3359 carmen
1429 3299 1649 3372 publicat

92 3414 324 3469 sacerdotis
343 3413 367 3468 ?

147 3507 224 3565 69.
258 3508 389 3564 Auc.
419 3499 709 3574 respondit
738 3516 751 3552 :
785 3497 861 3553 ita
907 3492 1049 3550 istud
1093 3490 1226 3547 dicis
1247 3529 1260 3554 ,
1293 3485 1444 3558 quasi
1488 3483 1649 3539 modo

92 3613 354 3668 quanamus
382 3595 508 3668 quis
538 3593 609 3650 sit
633 3604 797 3647 verus
835 3584 1120 3648 sacerdos,
1161 3590 1214 3637 et
1257 3595 1363 3634 non
1410 3576 1535 3648 quid
1581 3575 1651 3631 sit

94 3706 248 3747 verum
271 3691 566 3762 Baptisma.
597 3685 670 3742 Ut
705 3683 848 3740 enim
894 3680 965 3736 sit
1014 3677 1238 3748 quisque
1264 3685 1424 3727 verus
1467 3682 1650 3725 sacer-

93 3783 189 3851 dos,
231 3761 435 3854 oportet
484 3787 548 3835 ut
592 3792 700 3834 non
747 3774 861 3830 solo
885 3773 1254 3831 Sacramento,
1305 3763 1399 3822 sed
1447 3761 1652 3832 iustitia

95 3851 282 3947 quoque
309 3873 560 3930 induatur
581 3912 596 3938 ,
628 3869 765 3924 sicut
793 3865 1049 3934 scriptum
1087 3867 1168 3916 est
1197 3876 1209 3912 :
1241 3855 1539 3912 Sacerdotes
1578 3851 1654 3906 tui

95 3945 332 4021 induantur
348 3963 560 4038 justitia
581 3959 750 4032 (Psal.
769 3953 1050 4024 cxxxi,9).
1073 3951 1175 4019 Qui
1201 3959 1378 4004 autem
1405 3947 1520 4002 solo
1546 3945 1648 4001 Sa-

95 4036 632 4114 cramentoﬁsaeerdos
671 4057 786 4118 est,
817 4049 955 4104 sicut
992 4044 1092 4100 fuit
1133 4039 1368 4113 pontifex
1395 4036 1644 4109 Caiphas,

96 4157 366 4218 persecutor
410 4147 575 4204 unius
621 4152 676 4200 et
719 4137 986 4198 verissimi
1033 4134 1364 4198 sacerdotis;
1409 4127 1653 4203 quamvis

97 4240 186 4311 ipse
205 4258 301 4298 non
329 4242 401 4300 sit
424 4254 616 4306 verax,
645 4235 788 4308 quod
814 4233 906 4289 dat
935 4241 1116 4287 tamen
1144 4242 1331 4283 verum
1362 4233 1445 4280 est
1471 4223 1516 4278 si
1543 4237 1652 4277 non

98 4333 166 4388 det
190 4330 366 4403 suum',
394 4333 492 4391 sed
523 4330 618 4387 Dei
650 4347 665 4384 :
697 4331 836 4384 sicut
860 4324 928 4381 de
952 4323 1068 4394 ipso
1097 4320 1295 4390 Caipha
1323 4317 1520 4372 dictum
1549 4320 1651 4381 est,

101 4423 190 4480 Hoc
217 4436 374 4482 autem
403 4442 512 4482 non
539 4439 572 4478 a
599 4438 652 4478 se
680 4419 830 4486 dixit,
861 4416 947 4473 sed
971 4431 1084 4469 cum
1106 4419 1231 4468 esset
1260 4408 1506 4481 pontifex,
1538 4421 1656 4477 pro-

101 4517 284 4583 phetarit
313 4517 492 4590 (Joan.
522 4529 583 4570 ιι
604 4555 620 4582 ,
646 4511 808 4568 49-51
833 4549 850 4577 ,
876 4515 924 4563 et
947 4520 1075 4561 xvm
1094 4545 1108 4570 ,
1135 4503 1248 4570 14).
1276 4501 1343 4555 Et
1367 4507 1566 4562 tamen,
1599 4503 1659 4550 ut

101 4620 151 4661 eo
172 4586 365 4680 quoque
390 4605 558 4664 simili
584 4611 703 4660 utar
729 4599 871 4674 quod
898 4599 1012 4669 ipse
1035 4593 1282 4666 posuisti,
1315 4591 1360 4645 si
1385 4588 1568 4644 audias
1589 4586 1657 4644 ab

102 4696 249 4768 aliquo
281 4699 365 4755 vel
402 4695 631 4770 profano
660 4706 876 4764 precem
914 4684 1208 4744 sacerdotis
1242 4681 1420 4737 verbis
1456 4687 1508 4734 et
1538 4693 1655 4747 my-

116 4789 252 4845 'teriis
287 4769 608 4864 evangelicis
635 4782 1024 4842 conformatam
1049 4778 1107 4846 ³;
1149 4771 1406 4845 numquid
1433 4779 1583 4842 potes
1608 4769 1659 4825 ei

105 4879 274 4951 dicere,
299 4885 413 4941 Non
444 4890 531 4941 est
554 4894 711 4948 vera,
739 4874 983 4949 quamvis
1021 4873 1136 4943 ipse
1162 4885 1268 4925 non
1296 4867 1466 4923 solum
1503 4877 1658 4920 verus

107 4987 192 5028 non
216 4974 306 5044 sit,
329 4974 424 5032 sed
452 4973 616 5031 etiam
643 4968 823 5026 nullus
851 4963 1103 5023 sacerdos
1134 4961 1243 5017 sit?
1283 4974 1406 5016 cum
1442 4964 1658 5027 aposto-

123 5081 173 5120 us
197 5066 376 5124 Paulus
397 5065 668 5140 quoddam
705 5057 1073 5118 testimonium
1095 5069 1281 5111 verum
1309 5065 1430 5108 esse
1464 5047 1663 5104 dixerit

109 5154 341 5216 Cretensis
362 5139 547 5217 nescio
572 5156 726 5228 cujus
751 5151 1027 5226 propheta:
1048 5190 1063 5216 ,
1089 5148 1178 5220 qui
1208 5147 1345 5200 inter
1369 5139 1660 5213 prophetas

116 5245 193 5305 Dei
229 5266 325 5308 non
365 5249 817 5323 computabatur:
851 5243 926 5299 ait
966 5241 1130 5306 enim,
1174 5237 1317 5292 Dixit
1358 5233 1565 5304 quidam
1599 5246 1661 5284 ea:

167 5448 178 5514 ξ
203 5449 330 5514 Editi,
361 5461 533 5514 nempe
543 5512 549 5514 _
567 5459 694 5514 cum.
725 5441 1024 5514 .COucinnius
1046 5445 1152 5488 Mss.
1174 5470 1187 5496 ,
1212 5447 1380 5498 nempe
1421 5438 1594 5484 tamen.

164 5510 180 5539 ³
196 5511 260 5559 sic
277 5505 377 5561 uss.
402 5519 458 5562 At
472 5505 614 5569 'editi,
637 5505 833 5558 obtinet.

166 5570 325 5633 9mm,
346 5561 693 5633 conﬁrmatam.
718 5575 827 5619 Mss.
856 5576 992 5626 vero,
1018 5561 1378 5627 conformatum.

165 5630 225 5758 iii
242 5641 400 5757 ἓῖἓοίῗ

1382 213 1587 275 LIBER
1621 213 1998 274 SECUNDUS.

3222 224 3337 287 282

1746 333 1872 404 ipsis
1895 333 2136 407 proprius
2178 350 2352 392 eorum
2381 337 2650 408 propheta,
2683 336 2939 395 Cretenses
2965 355 3162 412 semper
3189 358 3336 398 men-

1747 427 1926 495 daces,
1969 429 2118 484 mala:
2162 428 2367 497 bestiae,
2409 439 2601 486 ventres
2645 432 2825 504 pigri:
2857 434 3197 490 testimonium
3241 437 3337 492 hoc

1748 537 1918 576 verum
1946 532 2019 576 est
2049 522 2172 595 (Tit.
2202 539 2256 590 ι,
2283 523 2377 589 l2,
2404 522 2532 595 15).
2559 524 2618 579 Si
2644 539 2771 596 ergo
2799 525 3088 597 Apostolus
3108 569 3122 594 ,
3153 528 3337 585 nescio

1750 615 1901 686 cujus
1929 617 2238 688 alienigenae
2287 617 2609 688 testimonio,
2659 619 2779 690 quia
2825 635 3009 676 verum
3052 622 3335 693 comperit,

1750 709 1908 764 etiam
1959 710 2074 780 ipse
2115 719 2394 766 attestatus
2437 721 2552 777 est;
2603 727 2697 767 cur
2726 727 2824 768 nos
2865 714 3003 784 apud
3042 714 3339 785 quemlibet.

1750 802 2110 859 invenerimus
2149 802 2286 873 quod
2312 801 2510 858 Christi
2550 812 2670 872 est,
2697 813 2751 860 et
2778 821 2960 861 verum
2993 815 3076 862 est
3102 807 3262 862 etiam
3290 806 3336 864 si

1751 897 1840 952 ille
1865 896 2003 968 apud
2032 911 2189 967 quem
2215 896 2484 952 invenitur
2512 911 2796 966 perversus
2824 908 2881 953 et
2909 897 3066 954 fallax
3093 908 3194 966 est,
3227 914 3338 955 non

1751 987 2102 1044 discernimus
2123 988 2310 1043 vitium
2355 987 2498 1059 quod
2547 988 2708 1044 homo
2753 989 2932 1057 habet,
2977 998 3030 1045 et
3058 991 3338 1046 veritatem

1751 1097 1909 1155 quam
1936 1098 2042 1138 non
2071 1097 2252 1150 suam,
2283 1081 2378 1138 sed
2405 1081 2499 1138 Dei
2533 1081 2733 1149 habet;
2777 1089 2832 1136 et
2860 1081 3115 1149 dicimus,
3142 1082 3339 1139 Sacra-

1751 1185 1988 1234 mentum
2024 1175 2126 1231 hoc
2151 1190 2336 1230 verum
2375 1184 2492 1241 est;
2537 1175 2674 1231 sicut
2721 1174 2809 1230 ille
2850 1175 2944 1241 ait,
2978 1175 3339 1230 Testimonium

1751 1271 1846 1325 hoc
1887 1285 2056 1324 verum
2097 1269 2212 1324 est?
2256 1267 2521 1340 Numquid
2561 1267 2684 1324 ideo
2722 1267 2968 1334 dicimus,
3009 1269 3180 1324 Etiam
3225 1269 3341 1339 ipse

1753 1361 1914 1416 homo
1956 1377 2116 1416 verax
2160 1371 2280 1427 est;
2329 1360 2451 1431 quia
2496 1359 2743 1425 dicimus,
2790 1359 3190 1416 Sacramentum
3235 1358 3342 1416 hoc

1755 1469 1942 1510 verum
1969 1453 2091 1509 est?
2113 1452 2261 1508 Sicut
2284 1459 2338 1507 et
2359 1451 2668 1522 Apostolus,
2692 1451 2946 1523 numquid
2970 1452 3088 1508 ideo
3112 1452 3343 1523 prophe-

1753 1556 1861 1602 tam
1889 1548 2036 1602 illum
2068 1547 2208 1602 inter
2231 1545 2529 1616 Prophetas
2556 1547 2650 1602 Dei
2676 1545 3020 1617 computavit,
3053 1547 3174 1617 quia
3200 1545 3342 1617 quod

1753 1640 1805 1695 in
1845 1655 1909 1697 eo
1935 1656 2116 1696 verum
2147 1639 2380 1706 invenit,
2408 1653 2593 1694 verum
2624 1653 2744 1694 esse
2771 1638 3042 1694 firmavit?
3085 1637 3342 1694 Similiter

1754 1735 1893 1790 idem
1919 1734 2192 1806 apostolus
2238 1747 2360 1788 cum
2397 1731 2538 1802 apud
2577 1730 2815 1787 Athenas
2858 1739 3002 1786 esset
3043 1729 3182 1786 inter
3221 1745 3343 1786 aras

1754 1828 2056 1884 daemonum
2087 1825 2462 1882 animadvertit
2486 1841 2634 1880 arani
2665 1824 2968 1896 quamdam,
2999 1824 3051 1879 in
3076 1840 3178 1894 qua
3204 1825 3343 1880 scri-

1756 1930 1900 1991 ptum
1933 1927 2084 1987 erat,
2114 1918 2298 1991 Ignoto
2327 1917 2455 1972 Deo.
2503 1917 2574 1971 Et
2601 1915 2702 1971 hoc
2731 1916 3087 1971 testimonium
3117 1915 3184 1970 ad
3223 1916 3344 1972 illos

1757 2015 1808 2068 in
1837 2012 2052 2068 Chi-isto
2077 2011 2418 2068 :edilieandos
2447 2009 2752 2079 assumpsit,
2786 2009 2857 2064 ita
2888 2019 2944 2064 ut
2974 2009 3078 2064 hoc
3107 2024 3345 2066 comme-

1756 2114 1991 2160 moraret.
2035 2105 2084 2158 in
2117 2119 2366 2160 sermone
2404 2117 2534 2168 suo,
2563 2110 2723 2172 atque
2765 2100 3150 2172 subjungeret:
3184 2099 3344 2168 Quem

1757 2215 1843 2253 vos
1891 2198 2179 2269 ignorantes
2225 2196 2411 2260 colitis,
2463 2196 2596 2248 hunc
2642 2193 2778 2248 vobis
2825 2210 2916 2247 nos
2962 2193 3344 2248 annuntiamus.

1757 2289 2020 2360 Numquid
2048 2288 2168 2358 quia
2194 2288 2274 2343 vel
2298 2288 2434 2342 inter
2471 2285 2733 2341 idolorum
2771 2299 2890 2339 aras
2915 2285 3048 2338 vela
3077 2283 3348 2355 sacrilegis

1758 2393 1992 2440 erectam
2037 2398 2185 2437 aram
2227 2381 2370 2436 illam
2413 2380 2643 2450 reperit,
2688 2387 2967 2450 propterea
3007 2377 3147 2448 quod
3187 2377 3240 2432 in
3284 2392 3350 2433 ea

1759 2495 1944 2534 verum
1976 2486 2090 2532 erat
2114 2476 2383 2532 damnavit
2411 2482 2502 2529 aut
2527 2473 2764 2544 respuit;
2794 2481 2882 2527 aut
2911 2481 3129 2542 propter
3158 2486 3349 2527 verum

1759 2572 1901 2644 quod
1944 2572 1996 2625 in
2040 2585 2100 2626 ea
2145 2570 2365 2640 legerat,
2401 2568 2558 2622 etiam
2603 2566 2876 2637 sacrilegia
2901 2565 3232 2637 Paganorum
3259 2580 3350 2623 se.

1760 2662 1952 2719 ctanda
2005 2676 2126 2717 esse
2185 2660 2492 2732 persuasit?
2549 2658 2950 2728 Consequenter
3001 2667 3178 2713 autem
3225 2673 3349 2714 cum

1760 2756 1933 2826 ipsum
1962 2754 2122 2810 etiam
2155 2751 2436 2808 Dominum
2465 2749 2568 2804 illis
2599 2750 2837 2820 ignotum
2860 2789 2875 2816 ,
2906 2747 3004 2802 sibi
3040 2757 3216 2803 autem
3247 2763 3349 2803 no-

1763 2859 1897 2916 tum,
1929 2847 2089 2902 etiam
2121 2845 2332 2900 illorum
2362 2843 2586 2909 notitias,
2633 2841 2771 2897 sicut
2808 2855 3100 2911 congruere
3137 2837 3349 2909 judica-

1759 2941 1869 3006 bat,
1899 2940 2166 2995 insinuare
2189 2936 2364 2998 vellet,
2397 2935 2471 2990 ait
2501 2934 2638 2989 inter
2662 2942 2853 2988 caetera
2883 2951 2896 2986 :
2923 2931 2991 2986 Et
3018 2931 3216 3003 quidem
3246 2947 3350 2986 non

1761 3039 1911 3110 longe
1953 3036 2171 3107 positum
2217 3033 2278 3088 ab
2329 3047 2626 3102 unoquoque
2670 3038 2938 3094 nostrum;
2985 3028 3038 3081 in
3082 3027 3172 3082 illo
3215 3027 3351 3082 enim

1759 3133 1989 3196 vivimus,
2022 3141 2068 3184 et
2099 3144 2373 3194 movemur,
2407 3136 2453 3180 et
2481 3141 2673 3188 sumus,
2705 3125 2833 3178 sicut
2860 3131 2905 3176 et
2934 3121 3142 3194 quidam
3167 3137 3352 3176 secun-

1760 3226 1880 3280 dum
1910 3239 1996 3278 vos
2043 3221 2275 3275 dixerunt
2321 3217 2457 3289 (Act.
2487 3231 2596 3270 xvu
2615 3256 2628 3278 ,
2651 3215 2754 3280 25,
2783 3213 2850 3267 27
2871 3255 2885 3279 ,
2909 3211 3038 3284 28).
3086 3210 3353 3282 Numquid

1760 3317 1921 3374 etiam
1951 3315 2070 3381 hic,
2112 3313 2232 3384 quia
2281 3310 2484 3365 invenit
2526 3308 2664 3378 apud
2713 3296 3000 3375 sacrilegos
3047 3304 3352 3360 testimonia

1761 3407 1997 3464 veritatis
2023 3447 2035 3470 ,
2065 3413 2156 3459 aut
2182 3413 2398 3474 prepter
2425 3401 2524 3456 ista
2571 3399 2693 3453 illos
2733 3396 3063 3468 approbavit,
3087 3403 3180 3450 aut
3221 3411 3351 3466 pro-

1760 3510 1878 3573 pter
1916 3499 2033 3554 illos
2063 3497 2160 3552 ista
2193 3493 2506 3551 damnavit?
2546 3492 2655 3547 Vos
2684 3499 2860 3546 autem
2905 3503 3130 3545 necesse
3169 3497 3253 3544 est
3294 3496 3354 3544 ut

1761 3611 1974 3668 semper
2002 3593 2192 3650 erretis
2212 3633 2228 3659 ,
2270 3587 2520 3660 quamdiu
2555 3594 2772 3658 propter
2802 3583 3079 3639 hominum
3107 3582 3228 3637 vitia
3256 3582 3354 3638 Dei

1761 3689 2104 3746 Sacramenta
2127 3683 2356 3749 violatis,
2383 3688 2472 3735 aut
2497 3693 2594 3734 nos
2623 3685 2841 3748 propter
2864 3675 2955 3730 Dei
2983 3673 3350 3740 Sacramenta,

1763 3796 1882 3851 quae
1907 3781 1960 3834 in
1993 3777 2146 3833 vobis
2175 3775 2378 3830 violare
2414 3772 2681 3834 nolumus,
2714 3769 2872 3824 etiam
2903 3766 3066 3822 vestri
3095 3765 3355 3822 schisma-

1764 3875 1833 3931 tis
1863 3870 2197 3942 sacrilegium
2227 3880 2500 3922 assumere
2530 3863 2743 3936 putatis.

1835 3963 2059 4022 CAPUT
2108 3959 2301 4016 XXXI.
2346 3989 2416 3998 ——
2456 3956 2544 4012 70.
2592 3956 2778 4011 PETIL.
2810 3953 2984 4009 dixit:
3018 3952 3194 4007 Omnis
3222 3952 3354 4007 enim

1767 4069 1984 4132 potestas
2012 4073 2073 4111 ea:
2103 4055 2208 4109 Deo
2236 4061 2308 4108 est
2337 4053 2515 4122 (Rom.
2547 4065 2675 4113 xm,
2711 4049 2786 4118 l),
2820 4064 2918 4101 non
2949 4047 3001 4099 in
3028 4045 3228 4099 homine
3258 4060 3355 4115 po-

1766 4151 1955 4207 testatis
1985 4150 1998 4180 ¹
2028 4165 2046 4203 :
2076 4149 2204 4201 sicut
2239 4144 2421 4198 Pontio
2450 4141 2622 4195 Pilato
2645 4137 2901 4210 respondit
2925 4136 3174 4191 Dominus
3202 4135 3354 4190 Jesus

1767 4243 2014 4307 Christus,
2051 4257 2069 4290 ‹
2107 4237 2227 4291 Non
2257 4235 2461 4288 haberes
2504 4233 2556 4286 in
2604 4247 2682 4284 me
2725 4238 3053 4301 potestatem,
3085 4228 3182 4280 nisi
3226 4236 3354 4282 esset

1766 4336 1856 4390 tibi
1895 4334 2109 4403 desuper
2146 4330 2265 4382 data
2300 4344 2318 4378 ι
2351 4324 2527 4396 (Joan.
2560 4307 2670 4390 xix,
2702 4320 2814 4390 11).
2857 4320 2924 4372 Et
2950 4319 3130 4373 iterum
3159 4317 3355 4372 dicente

1765 4428 1996 4488 Joanne,
2029 4441 2045 4473 ι
2080 4419 2201 4474 Non
2243 4424 2400 4488 potest
2440 4415 2587 4468 homo
2631 4416 2796 4484 facere
2834 4409 3140 4481 quidquam,
3182 4409 3279 4462 nisi
3306 4409 3354 4463 ei

1768 4520 1943 4573 datum
1974 4515 2124 4587 fuerit
2153 4512 2214 4565 de
2239 4509 2361 4563 caelo
2393 4527 2411 4560 ι
2443 4505 2552 4579 (Id.
2583 4521 2660 4572 Ill,
2687 4503 2802 4574 27).
2831 4501 2967 4556 Doce
2991 4503 3166 4573 igitur,
3196 4501 3355 4555 tradi-

1770 4621 1866 4676 tor,
1898 4605 2172 4664 simulandi
2201 4601 2440 4673 mysteria
2464 4597 2668 4668 quando
2698 4595 2950 4666 acceperis
2978 4602 3290 4664 potestatem.

1840 4703 1928 4757 7i.
1971 4701 2104 4754 Anc.
2151 4693 2477 4767 respondit:
2525 4691 2604 4746 Tu
2649 4691 2782 4746 doce
2830 4688 3023 4759 potius,
3075 4688 3356 4744 universus

1770 4795 1914 4851 orbis
1945 4802 2204 4847 terrarum
2232 4830 2246 4854 ,
2274 4802 2379 4857 quo
2410 4783 2598 4840 diffusa
2635 4790 2717 4838 est
2757 4779 3038 4835 hmreditas
3063 4778 3261 4834 Christi
3299 4789 3356 4836 et

1771 4890 1859 4945 illa
1908 4893 1984 4941 tot
2028 4883 2263 4955 gentium
2306 4876 2588 4934 multitudo
2613 4915 2628 4942 ,
2661 4873 2750 4928 ubi
2789 4872 3030 4942 Apostoli
3083 4871 3357 4928 Ecclesias

1769 4978 2142 5042 fundaverunt,
2170 4970 2384 5044 quando
2413 4964 2712 5039 baptizandi
2737 4963 2976 5019 amiserit
3009 4972 3355 5035 potestatem.

1769 5074 2047 5144 Nunquam
2071 5065 2286 5124 docebis
2317 5082 2330 5117 :
2361 5077 2466 5117 non
2507 5059 2679 5114 solum
2705 5058 2827 5129 quia
2850 5072 2944 5112 eos
2973 5056 3312 5112 calumniaris
3338 5097 3356 5125 ,

1769 5182 1876 5222 non
1926 5163 2087 5218 doces
2134 5156 2462 5220 traditores;
2513 5149 2608 5206 sed
2654 5150 2778 5222 quia
2826 5148 3036 5205 etiamsi
3084 5147 3352 5214 docueris,

1771 5274 1876 5314 non
1909 5261 2084 5327 potest
2123 5245 2486 5320 quorumlibet
2513 5241 2773 5298 malorum
2804 5240 2978 5296 scelus
3000 5278 3018 5307 ,
3059 5239 3170 5293 sive
3198 5239 3352 5309 igno—

1771 5363 1976 5417 torum,
2003 5349 2113 5403 sive
2139 5341 2398 5397 fallacium
2422 5381 2435 5407 ,
2464 5339 2577 5394 sive
2607 5345 2664 5392 ut
2691 5335 2891 5391 zizania
2916 5333 3003 5389 vel
3032 5332 3181 5400 palea
3221 5329 3358 5385 tolea

1773 5445 2055 5501 randorum
2073 5481 2086 5505 ,
2117 5445 2356 5493 evertere
2384 5433 2646 5506 promissa
2672 5429 2800 5497 Dei,
2830 5438 2888 5484 ut
2912 5443 3017 5484 non
3063 5425 3116 5479 in
3146 5422 3354 5480 semine

1773 5537 2000 5595 Abraha‘.
2037 5527 2417 5589 benedicanlur
2446 5541 2632 5584 omnes
2671 5532 2856 5598 gentes
2884 5540 2896 5578 :
2929 5537 2958 5577 a
2999 5517 3187 5591 quibus
3219 5527 3352 5592 pro.

1840 5675 1855 5716 ι
1884 5664 2194 5739 rioriaeensis
2215 5664 2394 5729 codex,
2411 5661 2613 5730 nomine.

3376 5687 3390 5722 5
