3796 6126
448 127 558 187 285

445 243 625 301 missis
652 257 745 302 vos
767 244 972 303 alienos
1004 244 1179 304 facitis
1197 287 1212 312 ,
1241 247 1330 319 qui
1361 262 1481 303 cum
1507 247 1754 303 omnibus
1787 246 2038 318 gentibus

444 339 874 396 communionem
903 340 1120 396 unitatis
1150 340 1345 397 habere
1374 355 1478 396 non
1507 342 1686 397 vultis.

513 432 741 490 CAPUT
771 432 988 488 XXXII.
1031 464 1100 474 —
1141 433 1229 488 72.
1274 434 1458 490 PE'l'lL.
1507 433 1683 491 dixit:
1717 434 1856 490 Licet
1903 437 2036 490 enim

440 546 600 584 unum
623 531 686 585 sit
708 527 1048 601 Baptismum,
1077 529 1234 586 tribus
1263 539 1429 586 tamen
1473 541 1545 587 est
1583 531 1827 604 gradibus
1851 547 2032 587 conse-

438 632 654 678 cratum.
695 619 846 676 Dedit
882 638 1068 693 aquam
1091 621 1319 679 Joannes
1363 623 1472 678 sine
1514 625 1716 678 nomine
1739 621 2027 691 Trinitatis,

435 715 562 769 sicut
604 714 714 785 ipse
749 715 1008 786 professus
1036 723 1109 769 est
1149 714 1324 770 dicens
1361 731 1379 770 :
1417 733 1436 769 ι
1472 714 1586 788 Ego
1623 731 1711 771 vos
1748 715 1948 786 baptizo
1974 718 2030 774 in

433 821 566 876 aqua
587 805 892 877 paenitentia,
915 821 936 860 :
960 805 1093 861 alius
1126 807 1287 862 ueniet
1311 807 1397 878 qui
1435 809 1618 878 fortior
1647 825 1726 864 me
1750 818 1822 864 est
1838 852 1853 878 ,
1879 811 2027 880 cujus

432 917 533 955 non
555 917 666 955 sunt
687 901 872 975 dignus
892 899 1235 956 calceamenta
1274 913 1515 973 portare;
1552 903 1663 974 ipse
1686 920 1774 958 vos
1797 904 2028 977 baptizat

429 993 483 1047 in
507 992 708 1065 Spiritu
728 1003 904 1050 sancto
924 1003 971 1048 et
988 995 1106 1066 igne
1136 1014 1156 1048 ι
1187 994 1405 1066 (Matth.
1429 1012 1507 1064 ιιι,
1537 995 1650 1068 ﬂ).
1676 996 1832 1052 Dedit
1855 1000 2024 1071 Spiri-

428 1096 534 1141 tum
561 1097 791 1142 sanctum
817 1087 1082 1155 Christus,
1117 1089 1246 1144 sicut
1289 1090 1532 1163 scriptum
1579 1100 1698 1146 est:
1730 1110 1748 1144 ι
1786 1093 2025 1150 Sibilavit

425 1179 479 1234 in
506 1180 689 1250 [aciem
716 1197 908 1248 eorum,
936 1191 983 1236 et
1015 1181 1166 1248 dixit,
1198 1183 1426 1255 Accipite
1455 1183 1708 1258 Spiritum
1740 1198 1969 1243 sanctum
1996 1208 2015 1244 ι

434 1273 614 1346 (Joan.
642 1289 710 1329 xx
727 1315 742 1339 ,
771 1273 892 1347 12).
921 1273 1138 1348 Ipseque
1166 1277 1298 1348 ignis
1325 1275 1629 1333 Paracletus
1655 1281 2019 1349 crepitantibus

424 1368 646 1438 flammis
670 1367 939 1424 ardescens
967 1369 1019 1423 in
1042 1369 1312 1440 Apostolos
1338 1373 1642 1443 supervenit.
1675 1371 1720 1428 0
1746 1390 1864 1428 vera
1890 1374 2020 1430 divi-

423 1463 558 1517 nitas
581 1505 594 1528 ,
626 1479 741 1535 qua:
767 1463 1040 1518 accendere
1067 1466 1173 1519 visa
1198 1473 1272 1520 est
1295 1507 1309 1532 ,
1352 1482 1454 1522 non
1482 1468 1689 1532 ardere,
1728 1469 1859 1526 sicut
1887 1470 2018 1526 scri-

421 1566 566 1625 ptum
593 1566 667 1612 est
701 1572 719 1610 :
747 1575 766 1610 ι
800 1555 994 1613 Factus
1032 1559 1295 1614 estsubito
1322 1560 1385 1613 de
1430 1559 1554 1614 coelo
1593 1578 1746 1616 sonus
1775 1571 2016 1633 tanquam

418 1647 466 1702 ui
495 1663 681 1719 magna
724 1649 935 1719 spiritus
968 1649 1186 1722 ferretur
1210 1692 1226 1719 ,
1274 1660 1323 1706 et
1350 1652 1557 1723 replevit
1603 1661 1760 1708 totam
1806 1655 2013 1712 domum

415 1742 502 1796 ubi
545 1751 687 1797 erant
728 1742 960 1800 sedentes
998 1742 1229 1814 Apostoli
1301 1743 1371 1799 Et
1401 1746 1521 1801 visa:
1565 1757 1684 1801 sunt
1730 1747 2013 1808 distributa:
2052 1770 2054 1772 ν

415 1835 604 1908 lingua:
635 1845 875 1908 tanquam
899 1837 1050 1910 ignis,
1075 1837 1202 1892 sedit
1230 1847 1399 1893 autem
1426 1856 1582 1910 super
1608 1857 2013 1914 unumquemque

412 1943 620 1994 eorum;
668 1937 715 1982 et
744 1927 924 1999 repleti
951 1938 1068 1984 sunt
1097 1945 1271 1985 omnes
1301 1929 1503 1996 Spiritu
1537 1942 1733 1998 sancto,
1765 1942 1812 1987 et
1840 1950 2008 2005 cmpe-

410 2029 530 2074 runt
571 2019 713 2094 loqui
758 2020 913 2076 uariis
953 2021 1161 2093 linguis,
1207 2023 1336 2076 sicut
1367 2021 1594 2094 Spiritus
1620 2033 1828 2080 sanctus
1854 2025 2008 2084 dabat

408 2110 663 2184 eloquium
692 2111 762 2166 eis
795 2129 814 2163 ι
848 2110 984 2184 (Αει.
1009 2127 1081 2180 ιι,
1110 2111 1256 2184 2-4).
1291 2111 1369 2168 Tu
1397 2129 1513 2169 vero
1531 2157 1546 2181 ,
1577 2127 1899 2185 persecutor,
1928 2121 2008 2177 vel

409 2220 593 2274 aquam
624 2204 932 2275 paenitentiae
974 2221 1077 2259 non
1114 2204 1267 2261 habes
1286 2246 1301 2271 ,
1329 2206 1417 2277 qui
1451 2224 1553 2262 non
1578 2206 1798 2266 Joannis
1827 2213 2001 2282 occisi,

408 2294 498 2349 sed
543 2294 782 2350 occisoris
832 2294 1056 2351 Herodis
1102 2297 1286 2352 retines
1338 2308 1651 2366 potestatem.
1699 2300 1780 2356 Tu
1825 2303 2000 2373 igitur,

410 2387 657 2453 traditur,
692 2387 943 2460 Spiritum
971 2398 1203 2444 sanctum
1232 2387 1420 2445 Christi
1462 2408 1564 2446 non
1593 2392 1746 2448 habes
1774 2410 1794 2450 :
1821 2397 2003 2452 etenim

409 2479 559 2532 morti
605 2477 835 2534 Christus
877 2489 950 2536 est
994 2481 1231 2549 traditus,
1279 2499 1381 2537 non
1422 2483 1492 2537 ad
1534 2495 1745 2540 mortem
1789 2488 2003 2545 tradidit

409 2568 660 2626 Christus.
711 2570 824 2626 Tibi
851 2573 982 2645 ignis
1024 2573 1079 2628 in
1117 2575 1303 2646 spiritu
1331 2576 1474 2647 apud
1507 2577 1698 2647 inferos
1726 2579 1874 2635 vivax
1902 2590 1997 2650 est,

405 2663 494 2734 qui
535 2663 722 2735 jejunis
746 2663 972 2736 apicibus
999 2675 1241 2732 aestuans,
1270 2669 1494 2722 membra
1524 2679 1611 2724 tua
1641 2687 1729 2740 per
1755 2672 2000 2728 sweulum

403 2755 574 2828 amare
601 2755 786 2825 valeat,
826 2775 927 2813 non
954 2760 1148 2830 linire;
1176 2760 1301 2816 sicut
1326 2764 1571 2834 scriptum
1597 2775 1672 2820 est
1701 2766 1765 2822 de
1793 2785 1998 2824 reorum

400 2848 455 2904 in
478 2849 679 2922 inferno
707 2852 960 2924 supplicio
979 2892 996 2921 ,
1033 2872 1050 2906 ι
1082 2852 1230 2926 Ignis
1257 2871 1432 2912 eorum
1458 2873 1560 2912 non
1589 2859 1936 2933 exstinguetur
1967 2881 1988 2918 ι

401 2938 558 3012 (Isai.
576 2957 716 3007 vat,
737 2941 853 3016 24).

472 3033 561 3089 75.
593 3033 731 3091 Auc.
771 3036 1047 3108 respondit
1077 3055 1090 3092 :
1134 3038 1215 3095 Tu
1243 3054 1305 3096 es
1348 3040 1437 3098 ille
1475 3043 1767 3102 maledicus
1804 3048 1993 3112 convi-

397 3124 589 3192 ciator,
640 3142 746 3182 non
791 3129 1058 3186 veridicus
1097 3131 1415 3206 disputator.
1474 3135 1660 3195 Nonne
1706 3140 1993 3213 aliquando

395 3217 612 3277 desines
639 3220 762 3276 talia
791 3221 992 3290 dicere,
1020 3240 1138 3297 quae
1169 3225 1214 3282 si
1244 3243 1349 3282 non
1381 3230 1591 3300 probas,
1625 3232 1692 3288 ad
1720 3237 1990 3294 neminem

396 3309 699 3380 pertinent;
721 3312 768 3370 si
794 3325 972 3370 autem
1006 3316 1224 3387 probas,
1256 3318 1324 3374 ad
1354 3322 1608 3379 unitatem
1638 3327 1784 3384 orbis
1813 3338 1987 3386 terra-

395 3420 535 3474 rum,
567 3424 687 3482 quae
715 3411 767 3466 in
788 3412 991 3468 sanctis
1019 3423 1266 3486 tanquam
1315 3418 1370 3475 in
1392 3418 1676 3477 frumentis
1715 3432 1818 3487 est.
1863 3441 1985 3480 om-

393 3497 523 3556 nino
550 3517 655 3558 non
681 3503 985 3573 pertinent?
1011 3504 1064 3562 Si
1097 3508 1304 3578 placeat
1349 3519 1403 3566 et
1431 3513 1587 3568 nobis
1634 3530 1728 3585 pro
1765 3516 1985 3572 maledi-

388 3590 489 3646 ctis
513 3593 792 3651 maledicta
809 3611 1088 3666 reponere,
1107 3614 1391 3670 possumus
1420 3613 1475 3658 et
1494 3619 1593 3658 nos
1622 3605 1760 3663 forte
1785 3608 1984 3667 diserte

389 3685 700 3741 conviciari.
724 3685 1013 3746 Possumus
1035 3699 1089 3745 et
1104 3707 1202 3746 nos
1221 3691 1423 3762 dicere,
1443 3695 1817 3769 Crepitantibus
1839 3703 1983 3772 ﬂam-

389 3776 485 3831 mis
508 3794 527 3833 :
552 3776 646 3834 sed
668 3778 815 3833 nullo
843 3780 1002 3836 modo
1029 3781 1159 3837 mihi
1189 3793 1344 3840 sonat
1371 3785 1592 3856 diserte,
1615 3791 1755 3859 quod
1785 3792 1982 3852 dicitur

387 3867 588 3942 inepte.
622 3869 916 3926 Possumus
939 3879 994 3928 et
1042 3888 1141 3929 nos
1159 3875 1358 3943 dicere,
1399 3878 1600 3950 Jejunis
1638 3884 1868 3954 apicibus
1907 3904 1979 3944 ιε-

385 3970 563 4016 stuaus
586 3977 606 4016 :
628 3961 722 4017 sed
758 3962 1077 4033 scriptorum
1109 3976 1412 4025 nostrorum
1477 3973 1655 4043 apices
1703 3978 1973 4049 nolumus,

385 4067 507 4108 cum
533 4051 603 4108 ab
628 4053 807 4125 aliquo
834 4069 966 4110 sano
1011 4056 1279 4129 leguntur,
1311 4076 1341 4116 a
1385 4078 1547 4120 succo
1591 4070 1872 4146 gravitatis
1895 4075 1977 4146 je-

379 4142 539 4214 junos
561 4144 812 4216 judicari,
843 4155 897 4202 et
922 4147 1093 4221 ipsum
1126 4151 1179 4206 in
1225 4152 1302 4209 eis
1327 4153 1453 4212 dum
1495 4142 1653 4216 nullis
1692 4142 1974 4225 sententiis

380 4236 598 4295 utilibus
661 4239 936 4311 pascitur,
989 4257 1390 4316 supervacaneo
1453 4249 1698 4310 laborare
1739 4255 1968 4328 jejunio.

378 4329 660 4401 Eceedico
703 4331 1172 4393 Circumcelliones
1216 4347 1452 4411 vestros,
1503 4359 1609 4400 non
1655 4349 1970 4419 crepitanti-

375 4422 497 4494 bus,
529 4425 623 4480 sed
651 4426 1106 4498 praecipitantibus
1150 4429 1380 4488 ﬂammis
1416 4432 1615 4494 luroris
1653 4439 1864 4498 ardere.
1913 4443 1970 4501 Si

375 4518 740 4590 responderis,
773 4518 909 4588 Quid
961 4520 1027 4576 ad
1073 4523 1212 4579 nos?
1243 4540 1339 4581 cur
1356 4536 1412 4584 et
1456 4537 1511 4585 tu
1539 4546 1660 4588 cum
1705 4535 1970 4607 objeceris

374 4627 510 4682 quos
537 4612 791 4678 volueris,
821 4629 926 4670 non
952 4614 1187 4671 vicissim
1211 4617 1415 4688 audies,
1442 4621 1508 4678 Et
1528 4639 1626 4682 nos
1657 4630 1966 4688 nescimus?

374 4703 430 4759 Si
460 4705 821 4774 responderis,
850 4707 966 4764 Non
991 4707 1266 4782 probatis;
1297 4727 1394 4769 cur
1419 4730 1524 4772 non
1548 4719 1642 4775 tibi
1673 4723 1821 4780 orbis
1854 4735 1964 4781 ter-

372 4809 551 4850 rarum
581 4798 901 4868 respondeat
933 4801 1192 4873 vicissim,
1221 4803 1334 4864 Nec
1353 4822 1448 4862 vos
1496 4810 1769 4880 probatis?
1813 4817 1966 4875 Paci-

371 4901 586 4942 scamur
632 4904 780 4962 ergo,
825 4892 872 4949 si
899 4895 1088 4965 placet,
1117 4906 1176 4954 ut
1220 4913 1321 4956 nec
1347 4909 1405 4957 tu
1429 4902 1586 4960 nobis
1623 4908 1794 4966 malos
1821 4911 1962 4983 obji-

369 4977 480 5033 cias
507 4994 642 5050 quos
693 4990 847 5052 putas
885 4996 1117 5057 nostros,
1163 5005 1266 5048 nec
1308 4993 1459 5052 vobis
1488 5011 1589 5070 ego
1627 5009 1855 5060 vestros.
1886 5005 1961 5064 lta

368 5069 574 5127 videbis
613 5071 715 5129 hoc
757 5084 915 5146 pacto
965 5087 1070 5135 tam
1113 5081 1260 5152 justo
1307 5085 1498 5157 placito
1530 5069 1700 5164 atque
1727 5095 1956 5169 ﬁrmato,

369 5163 498 5219 nihil
536 5174 588 5220 te
619 5165 816 5223 habere
847 5170 988 5240 quod
1014 5173 1234 5245 obiicias
1254 5178 1448 5234 semini
1486 5163 1716 5242 Abrahm
1743 5186 1796 5244 in
1842 5163 1959 5247 om;

367 5256 521 5312 nibus
545 5257 812 5329 gentibus.
841 5261 998 5333 Atqui
1029 5279 1128 5336 ego
1155 5267 1250 5324 tibi
1281 5271 1438 5342 plane
1462 5273 1675 5333 invenio
1703 5295 1954 5353 magnum

365 5351 504 5423 quod
536 5352 781 5423 objiciam
816 5353 965 5411 :Cur
1006 5373 1101 5414 vos
1127 5375 1255 5433 ergo
1298 5364 1460 5436 impie
1495 5351 1842 5440 separastis‘a
1870 5392 1955 5434 se-

363 5447 508 5502 mine
549 5445 794 5515 Abrahae,
840 5449 984 5520 quod
1026 5461 1110 5508 est
1139 5452 1190 5508 in
1228 5457 1474 5515 omnibus
1516 5465 1800 5534 gentibus?
1840 5468 1954 5530 Hoc

363 5546 514 5594 certe
536 5540 983 5609 quemadmodum
1003 5542 1282 5613 defendas,
1307 5565 1412 5606 non
1443 5551 1626 5611 habes.
1656 5558 1952 5632 Purgamus

363 5628 507 5689 enim
549 5645 647 5688 nos
689 5633 901 5711 utrique
945 5649 976 5692 a
1002 5633 1319 5697 criminibus
1359 5641 1548 5704 alienis
1581 5664 1595 5704 :
1629 5647 1730 5710 hoc
1769 5628 1947 5715 autem

1369 129 1643 188 CONTRA
1681 125 2020 186 LITTERAS
2056 126 2418 204 PETILIANI,
2449 138 2509 197 S.
2549 141 2923 204 AUGUSTINI

2151 248 2291 319 quod
2320 254 2570 312 omnibus
2592 261 2838 331 gentibus
2866 267 2986 338 quae
3017 267 3070 324 in
3115 271 3320 330 semine
3364 273 3596 335 Abrahe
3651 280 3751 339 he-

2147 341 2465 402 nedicuntur
2493 364 2599 406 non
2629 357 3058 428 communicatis,
3107 369 3163 419 et
3207 379 3464 438 magnum
3509 371 3742 442 crimen,

2144 445 2247 504 est,
2280 455 2386 496 non
2417 447 2771 513 quorumdam
2809 463 3066 521 vestrum,
3100 457 3196 513 sed
3225 464 3486 518 omnium.

2215 532 2302 590 74.
2331 535 2398 592 Ει
2446 547 2623 596 tamen
2677 545 2882 614 nosti',
2938 558 2992 604 ct
3039 565 3429 612 commemoras
3480 557 3744 632 Spiritum

2141 634 2384 682 sanctum
2438 629 2506 686 ita
2564 634 2796 706 venisse,
2844 648 2905 694 ut
2947 641 3022 698 illi
3065 659 3199 715 quos
3227 656 3353 705 tunc
3395 629 3739 722 impleverat,

2137 713 2334 788 linguis
2359 721 2607 779 omnibus
2633 725 2978 798 loquerentur
3010 753 3023 789 :
3051 713 3177 808 quid
3209 739 3309 796 sibi
3351 713 3564 800 volebat
3603 713 3740 805 illud

2136 806 2348 878 signum
2374 821 2534 885 atque
2577 819 2914 894 prodigium?
2951 806 3085 884 Curi
3111 832 3271 888 modo
3307 835 3377 890 ita
3418 837 3578 895 datur
3603 840 3726 912 Spi-

2134 899 2271 956 ritus
2297 916 2535 975 sanclus,
2580 919 2637 966 ut
2672 929 2830 970 nemo
2866 919 2950 974 cui
2979 920 3137 979 datur
3157 925 3347 998 linguis
3365 933 3618 988 omnibus
3647 899 3735 990 lo-

2131 993 2222 1062 qui
2251 998 2441 1067 possit,
2473 1001 2576 1058 nisi
2604 1007 2728 1076 quia
2753 1023 2940 1068 omnes
2967 1024 3154 1085 gentes
3178 993 3496 1085 credituras,
3535 1041 3600 1082 ac
3645 1028 3729 1084 sic

2131 1083 2184 1139 in
2215 1090 2466 1147 omnibus
2491 1094 2686 1168 linguis
2713 1099 2949 1161 futurum
2973 1083 3369 1182 “Evangelium,
3422 1083 3552 1172 illud
3597 1127 3730 1177 tunc

2130 1177 2447 1240 miraculum
2495 1192 2887 1258 portendebat?
2914 1198 3066 1270 Quod
3102 1177 3172 1258 etv
3201 1205 3255 1260 in
3306 1177 3520 1265 Psalmo
3575 1222 3726 1268 tanto

2125 1280 2250 1328 ante
2279 1277 2590 1346 praedictum
2621 1294 2702 1341 est
2733 1304 2746 1341 :
2783 1287 2904 1344 Non
2923 1303 3042 1348 sunt
3066 1295 3282 1367 loquela:
3326 1317 3486 1370 neque
3531 1321 3724 1360 sermo-

2125 1381 2233 1435 nes,
2274 1385 2489 1440 quorum
2533 1392 2634 1432 non
2663 1380 2942 1438 audiantur
2965 1401 3105 1442 voces
3126 1405 3317 1444 eorum.
3360 1392 3477 1450 Hoc
3506 1407 3723 1466 propter

2124 1470 2218 1513 eos
2258 1457 2458 1519 dictum
2505 1476 2606 1536 est,
2636 1472 2725 1540 qui
2763 1472 2964 1544 Spiritu
3013 1490 3200 1535 sancto
3247 1496 3470 1556 accepto
3506 1457 3720 1560 'lin-guis

2121 1559 2275 1605 erant
2303 1556 2553 1614 omnibus
2587 1559 2831 1619 locuturi.
2864 1565 2970 1622 Sed
3018 1569 3138 1641 quia
3177 1572 3404 1643 idipsum
3458 1576 3513 1632 in
3545 1556 3720 1635 omni-

2120 1639 2219 1696 bus
2247 1647 2494 1714 gentibus
2536 1661 2590 1706 et
2618 1653 2811 1726 linguis
2846 1639 3081 1716 futurum
3130 1639 3478 1736 Evangelium
3507 1680 3564 1727 et
3591 1687 3718 1728 cor-

2121 1749 2218 1802 pus
2245 1737 2438 1796 Christi
2482 1757 2577 1813 per
2608 1754 2775 1804 totum
2806 1751 2990 1808 orbem
3020 1763 3282 1812 terrarum
3316 1759 3510 1832 linguis
3541 1765 3715 1821 omni-

2117 1825 2216 1884 bus
2278 1845 2686 1901 personaturum
2760 1843 3121 1916 significabat,
3187 1825 3417 1909 secutus
3477 1857 3555 1912 ait
3597 1875 3610 1910 :
3647 1858 3714 1915 In

2115 1935 2312 1980 omnem
2340 1937 2526 1986 terram
2552 1935 2703 1991 exivit
2727 1954 2882 1994 sonus
2908 1957 3104 2010 eorum,
3131 1955 3178 2001 et
3202 1946 3255 2002 in
3284 1949 3414 2019 ﬁnes
3436 1952 3576 2008 orbis
3614 1963 3713 2010 ter-

2113 2030 2186 2070 ra:
2203 2018 2350 2074 verba
2369 2038 2564 2079 eorum.
2613 2028 2748 2086 Hinc
2776 2031 2834 2088 lit
2873 2044 2932 2089 ut
2979 2037 3220 2094 Ecclesia
3271 2058 3398 2099 vera
3437 2049 3710 2104 neminem

2113 2104 2291 2164 lateat.
2337 2112 2490 2170 Unde
2519 2126 2601 2172 est
2627 2119 2754 2175 illud
2803 2125 2944 2194 quod
2977 2127 3027 2180 in
3060 2127 3350 2202 Evangelio
3379 2135 3497 2208 ipse
3527 2137 3662 2194 dicit
3693 2156 3708 2193 :

2112 2196 2235 2254 Non
2273 2213 2436 2272 potest
2475 2208 2650 2266 ciuitas
2703 2213 2942 2270 abscondi
2981 2234 3138 2290 super
3169 2196 3415 2279 montem.
3437 2231 3712 2285 constituta

2113 2290 2327 2365 (Matth.
2353 2311 2404 2362 v,
2440 2299 2551 2371 14).
2587 2302 2818 2377 Ideoque
2857 2308 2909 2364 in
2954 2312 3144 2368 eodem
3181 2318 3387 2386 psalmo
3433 2327 3712 2382 connecti-

2109 2392 2215 2453 tur,
2251 2385 2315 2441 In
2336 2388 2444 2444 sole
2467 2395 2637 2461 posuit
2658 2398 3038 2457 tabernaculum
3077 2385 3247 2473 suum,
3276 2409 3326 2465 id
3352 2423 3454 2478 est,
3487 2414 3540 2469 in
3588 2433 3707 2473 ma-

2107 2475 2446 2541 nifestatione
2472 2503 2486 2540 :
2516 2487 2656 2543 sicut
2699 2490 2752 2546 in
2807 2492 3113 2568 Regnorum
3172 2500 3324 2557 libris
3364 2475 3597 2577 legimus
3621 2509 3706 2564 di-

2105 2578 2271 2641 ctum,
2298 2575 2449 2642 Quod
2467 2589 2520 2634 tu
2540 2581 2590 2636 in
2617 2585 2814 2639 occulto
2835 2586 3020 2655 fecisti,
3054 2593 3261 2661 patieris
3279 2595 3331 2650 in
3350 2575 3455 2652 sole
3481 2599 3545 2669 (ll
3572 2602 3700 2674 lleg.

2105 2677 2200 2731 xu,
2235 2665 2348 2730 12).
2375 2667 2442 2724 Ει
2470 2671 2578 2742 ipse
2601 2683 2843 2748 tanquam
2868 2697 3086 2750 sponsus
3111 2689 3385 2754 procedens
3430 2665 3497 2746 de
3539 2665 3703 2749 thalh-

2104 2771 2187 2811 mo
2227 2766 2649 2821 suo:exsultavit
2699 2779 2755 2824 ut
2799 2774 2943 2845 gigas
2988 2776 3058 2830 ad
3100 2781 3402 2836 currendum
3453 2787 3627 2854 viam,-
3673 2807 3704 2844 ιι

2101 2864 2298 2906 summo
2322 2855 2448 2909 calo
2471 2861 2689 2930 egressio
2715 2864 2824 2936 ejus
2849 2882 2868 2921 :
2895 2881 3021 2924 ecce
3059 2869 3225 2927 habes
3266 2874 3552 2932 adventum
3589 2880 3703 2936 Do-

2101 2942 2231 2997 mini
2249 2943 2301 2998 in
2329 2961 2512 3004 carne.
2532 2949 2604 3006 Et
2623 2970 2862 3013 occursus
2877 2961 2986 3032 ejus
3010 2979 3169 3035 usque
3188 2966 3256 3020 ad
3279 2985 3530 3026 summum
3552 2975 3667 3044 ejus
3685 2993 3704 3032 :

2100 3048 2226 3091 ecce
2253 3036 2417 3094 habes
2434 3049 2876 3106 resurrectionem
2894 3063 2947 3110 et
2975 3058 3366 3115 ascensionem.
3387 3061 3502 3119 Nec
3528 3077 3602 3120 est
3619 3069 3704 3137 qui

2098 3143 2153 3183 se
2171 3127 2444 3188 abscondat
2463 3153 2496 3190 a
2515 3139 2682 3195 calore
2705 3144 2816 3208 eius
2842 3144 3012 3217 (Psal.
3037 3164 3188 3217 xvm,
3208 3151 3332 3227 4-7)
3357 3171 3512 3212 :ecce
3530 3127 3698 3217 babes

2096 3219 2380 3279 adventum
2411 3228 2641 3300 Spiritus
2668 3235 2856 3302 sancti,
2887 3253 3045 3309 quem
3073 3241 3125 3297 in
3158 3219 3350 3316 linguis
3379 3246 3550 3319 igneis
3589 3254 3696 3308 mi-

2094 3314 2183 3380 sit,
2215 3325 2276 3371 ut
2302 3317 2570 3377 fervorem
2600 3323 2873 3384 charitatis
2919 3314 3255 3402 osmnderet,
3295 3314 3454 3409 quain
3515 3345 3695 3414 prole.

2093 3415 2181 3464 cto
2209 3424 2316 3467 non
2347 3410 2505 3470 habet
2529 3417 2619 3488 qui
2643 3434 2762 3476 cum
2795 3421 3033 3481 Ecclesia
3056 3442 3175 3500 qua:
3207 3429 3260 3485 in
3286 3410 3540 3492 omnibus
3581 3438 3691 3494 lin-

2090 3500 2207 3570 guis
2254 3513 2355 3570 est,
2407 3520 2512 3562 non
2567 3521 2745 3567 servat
2794 3515 3048 3574 unitatem
3097 3522 3316 3598 spiritus
3369 3526 3426 3582 in
3479 3529 3692 3589 vinculo

2089 3606 2255 3662 paets.

2163 3687 2249 3745 75.
2281 3689 2399 3748 Jam
2425 3707 2555 3749 vero
2583 3697 2724 3767 quod
2746 3715 2911 3756 unum
2932 3703 3146 3775 quidem
3197 3709 3536 3779 Baptismum
3570 3732 3685 3774 esse

2091 3779 2275 3838 dixisti
2303 3783 2521 3858 (Ephes.
2552 3804 2624 3857 tv,
2649 3790 2730 3862 5),
2761 3793 2854 3849 sed
2885 3804 3060 3853 tamen
3085 3798 3250 3856 tribus
3271 3805 3526 3874 gradibus
3555 3825 3685 3867 eou-

2085 3884 2372 3944 secratum,
2405 3878 2625 3952 ipsaque
2657 3883 2755 3939 tria
2783 3886 2861 3942 sic
2889 3891 3132 3958 personis
3157 3893 3386 3966 singulis
3427 3899 3679 3975 disperti-

2086 3972 2169 4020 tus
2197 3981 2257 4022 es
2284 4009 2299 4036 ,
2328 3979 2389 4024 ut
2416 3984 2607 4042 aquam
2635 3973 2845 4044 Joanni,
2879 3978 3133 4050 Spiritum
3173 3995 3418 4044 sanctum
3451 3972 3682 4068 Domino

2081 4055 2208 4114 Jesu
2251 4058 2497 4130 Christo,
2538 4073 2592 4120 et
2633 4065 2809 4138 ignem
2858 4074 3070 4130 tertium
3117 4076 3396 4137 Paracleto
3451 4066 3681 4160 desuper

2081 4151 2246 4206 misso
2277 4153 2543 4223 tribueris,
2570 4169 2798 4230 quantus
2826 4177 2979 4220 error
3003 4167 3075 4222 sit
3106 4184 3394 4246 parumper
3435 4177 3676 4237 adverte.

2081 4241 2160 4298 Eo
2187 4246 2380 4316 quippe
2395 4246 2583 4305 ductus
2608 4266 2668 4307 es
2692 4261 2751 4307 ut
2780 4254 2849 4308 ita
2875 4259 3125 4330 sentires,
3167 4241 3558 4336 quia'Joannes
3582 4275 3672 4340 ait,

2079 4333 2192 4407 Ego
2212 4337 2412 4408 quidem
2441 4340 2642 4412 baptizo
2666 4345 2718 4399 in
2741 4362 2874 4419 aqua
2902 4364 2921 4402 :
2941 4351 3027 4421 qui
3062 4333 3232 4409 autem
3255 4369 3370 4430 post
3392 4377 3472 4414 me
3515 4367 3672 4432 venit,

2077 4431 2243 4502 major
2290 4449 2372 4488 me
2424 4441 2528 4502 est;
2553 4436 2662 4508 ipse
2702 4454 2788 4494 vos
2840 4441 3062 4512 baptizat
3103 4447 3158 4502 in
3187 4448 3387 4528 Spiritu
3420 4467 3602 4511 sancto
3630 4431 3673 4514 et

2076 4522 2182 4593 igni
2212 4524 2424 4593 (Matth.
2455 4544 2532 4596 ιιι,
2564 4529 2676 4602 ll).
2729 4531 2840 4588 Nec
2875 4522 3240 4597 considerare
3266 4544 3503 4615 voluisti,
3565 4568 3668 4606 non

2077 4617 2175 4672 tria
2207 4619 2377 4676 tribus
2401 4621 2702 4694 singillatim
2748 4641 2868 4684 esse
2908 4643 3174 4705 coaptata,
3208 4651 3401 4709 aquam
3452 4641 3665 4712 Joanni,

2073 4709 2326 4782 Spiritum
2368 4715 2601 4787 Christo,
2633 4720 2809 4791 ignem
2849 4723 3154 4796 Paracleto;
3197 4732 3292 4788 sed
3335 4735 3435 4790 tria
3459 4736 3579 4798 haec
3603 4709 3669 4797 ad

2072 4803 2207 4862 duos
2254 4810 2430 4878 potius
2480 4813 2768 4882 pertinere,
2824 4833 2988 4876 unum
3037 4823 3104 4880 ad
3149 4823 3434 4902 Joannem,
3467 4842 3522 4888 et
3563 4835 3668 4892 duo

2071 4909 2264 4958 caetera
2293 4903 2361 4958 ad
2399 4905 2702 4966 Dominum.
2746 4909 2932 4986 Neque
2967 4920 3111 4992 enim
3154 4919 3356 4990 dicttun
3398 4934 3503 4993 est,
3555 4928 3668 5002 Ego

2069 4993 2284 5064 quidem
2309 5011 2403 5054 vos
2427 4998 2637 5072 baptizo
2661 5003 2713 5061 in
2744 5020 2911 5080 aqua;
2945 5011 3033 5082 qui
3072 5021 3250 5072 autem
3280 5029 3402 5090 post
3429 5036 3521 5080 me
3573 4993 3664 5080 ve-

2068 5086 2165 5154 nit,
2195 5090 2366 5163 major
2388 5107 2474 5150 me
2503 5105 2606 5162 est,
2631 5098 2782 5169 cujus
2811 5117 2916 5159 non
2937 5119 3056 5162 sum
3084 5107 3276 5181 dignus
3296 5110 3661 5174 ealceamenta

2067 5189 2301 5251 portare,
2330 5183 2444 5254 ipse
2469 5201 2564 5244 vos
2592 5187 2823 5260 baptizat
2863 5193 2918 5272 in
2956 5195 3156 5268 Spiritu
3183 5209 3400 5271 sancto;
3445 5207 3540 5277 qui
3566 5223 3660 5263 au-

2065 5282 2172 5329 tem
2226 5285 2348 5347 post
2389 5280 2538 5335 illum
2582 5293 2840 5343 venturus
2883 5298 2966 5344 est
3015 5291 3344 5364 Paracletus,
3401 5297 3518 5368 ipse
3568 5315 3659 5356 vos

2063 5365 2295 5438 baptizat
2317 5370 2370 5424 in
2393 5373 2510 5442 igne
2544 5391 2558 5427 :
2591 5375 2708 5445 sed,
2742 5377 2853 5450 Ego
2896 5382 3119 5452 quidem,
3144 5385 3336 5456 inquit,
3388 5365 3444 5444 in
3487 5408 3657 5464 aqua;

2061 5462 2148 5529 qui
2191 5469 2355 5517 autem
2401 5475 2513 5535 post
2552 5485 2629 5523 me
2678 5473 2828 5539 venit,
2882 5475 2934 5528 in
2980 5476 3181 5547 Spiritu
3228 5493 3408 5540 sancto
3458 5462 3652 5562 etigui.

2127 5667 2140 5700 ¹
2168 5671 2234 5719 tta
2254 5671 2361 5720 Mss.
2389 5674 2443 5720 At
2463 5667 2597 5734 editi,
2622 5676 2793 5726 etcum
2810 5676 2949 5732 nosti.

3787 5485 3789 5554 4
