3796 6126
104 282 267 341 Unum
293 281 396 346 sibi
425 282 632 352 tribuit,
659 281 732 340 illi
760 280 885 339 duo.
907 280 1071 341 Vides
1093 295 1222 356 ergo
1241 281 1690 354 quemadmodum

103 384 146 431 te
189 372 374 429 fefellit
429 389 706 434 numerus.
749 373 940 431 Adhuc
987 373 1205 430 attende
1239 393 1252 430 :
1283 389 1448 430 unum
1508 373 1690 432 dixisti

101 468 420 540 Baptismum
452 468 626 526 tribus
652 468 904 544 gradibus
946 477 1340 538 consecratum,
1372 457 1530 540 aqua,
1561 468 1685 540 Spi-

98 557 189 614 ritu
219 566 432 626 sancto,
459 568 514 615 et
541 559 680 635 igni;
705 569 759 616 ct
783 569 894 616 tres
939 574 1198 632 personas
1241 575 1339 634 per
1362 559 1568 631 singula
1593 575 1688 630 po-

95 652 252 715 suisti,
305 651 572 708 Joannem
601 651 669 708 ad
715 667 929 724 aquam,
960 651 1235 712 Christum
1277 653 1346 709 ad
1396 653 1682 724 Spiritum,

95 744 422 800 Paracletum
457 745 524 801 ad
553 746 749 818 ignem.
778 745 835 806 Si
856 761 984 818 ergo
1011 761 1147 818 aqua
1172 745 1395 806 Joannis
1439 744 1507 802 ad
1532 761 1685 802 eum-

91 834 200 891 dem
227 836 465 905 pertinet
492 836 643 912 cujus
674 837 850 896 unitas
885 837 1312 907 commendatur,
1341 853 1448 894 non
1477 838 1682 896 debue-

91 935 203 982 runt
227 927 495 1002 baptizari
530 930 753 999 jubente
772 929 937 990 Paulo
958 930 1204 1008 apostolo
1229 944 1362 1002 quos
1407 945 1683 1002 compere-

88 1030 162 1074 rat
187 1019 491 1092 baptizatos
519 1037 548 1078 a
575 1021 782 1080 Joanne
815 1041 828 1079 :
853 1023 966 1098 jam
996 1024 1138 1090 enim
1183 1023 1449 1082 habebant
1488 1038 1678 1096 aquam

87 1112 143 1166 ad
169 1114 443 1181 eumdem,
500 1115 640 1170 sicut
685 1115 842 1184 dicis,
895 1117 1226 1190 Baptismum
1275 1119 1676 1190 pertinentem:

86 1207 307 1261 restabat
362 1218 422 1262 nt
473 1207 729 1279 Spiritum
759 1219 813 1266 et
855 1211 1032 1282 ignem
1068 1212 1396 1284 acciperent,
1428 1213 1550 1284 quia
1579 1212 1677 1271 de-

86 1298 283 1356 fuerant
308 1300 530 1369 .Ioanni,
563 1312 622 1358 ut
653 1304 1016 1374 compleretur
1063 1304 1366 1377 Baptismns
1399 1307 1588 1372 tribus,
1620 1313 1679 1362 ut

86 1393 288 1459 asseris,
321 1393 578 1466 gradibus
607 1404 972 1468 consecratus.
1019 1394 1150 1458 Cum
1197 1412 1326 1454 vero
1360 1399 1676 1456 auctoritate

84 1484 365 1552 apostolica
381 1485 522 1556 jussi
561 1494 686 1546 sunt
728 1487 1005 1560 baptizari,
1051 1489 1183 1550 satis
1217 1489 1543 1547 declaratum
1593 1499 1676 1548 est

83 1590 258 1647 aquam
304 1577 454 1636 illam
500 1577 724 1638 Joannis
773 1595 878 1636 non
915 1581 1186 1657 pertinere
1227 1583 1295 1640 ad
1341 1582 1672 1652 Baptismum

83 1666 286 1737 Christi,
317 1669 416 1736 sed
449 1685 546 1746 pro
574 1673 878 1732 necessario
907 1681 1153 1747 tempore
1180 1675 1401 1736 alterius
1425 1676 1674 1748 dipensa-

83 1759 224 1816 tionis
253 1760 444 1818 fuisse.

143 1853 226 1908 76.
260 1855 571 1924 Postremo,
597 1858 722 1929 quid
755 1857 849 1915 tibi
876 1859 1047 1917 visum
1075 1870 1176 1925 est,
1205 1870 1264 1918 nt
1291 1876 1413 1920 cum
1440 1865 1669 1934 probare

81 1945 330 2002 voluisses
357 1947 613 2019 Spiritum
636 1960 878 2006 sanctum
901 1967 930 2009 a
949 1951 1167 2010 Christo
1193 1953 1393 2020 datum,
1438 1964 1492 2011 et
1517 1956 1669 2012 adhi-

81 2036 273 2094 buisses
299 2054 374 2095 ex
409 2039 698 2112 Evangelia
727 2043 1110 2112 testimonium,
1145 2045 1285 2116 quod
1325 2062 1609 2120 resurgens
1635 2066 1666 2106 a

81 2131 291 2186 mortuis
336 2132 633 2189 insufflavit
678 2134 733 2192 in
789 2133 980 2192 faciem
1032 2136 1412 2208 discipulorum
1457 2140 1662 2212 dicens,

81 2220 290 2292 Accipite
311 2224 554 2294 spiritum
577 2236 810 2282 sanctum
843 2225 1022 2302 (Joan.
1053 2245 1143 2294 xx,
1176 2231 1287 2301 t2);
1333 2240 1493 2303 atque
1536 2235 1664 2290 ulti-

79 2328 210 2369 mum
237 2315 392 2370 illum
423 2316 601 2388 ignem
629 2318 717 2389 qui
754 2334 875 2376 cum
904 2320 1177 2390 Baptismo
1214 2324 1518 2382 nominatus
1560 2335 1664 2395 est,

81 2406 124 2460 in
152 2407 346 2479 linguis
373 2409 545 2488 igneis
574 2427 692 2480 qua:
713 2411 990 2470 Paracleto
1011 2414 1257 2476 veniente
1282 2416 1664 2476 demonstrata:

79 2510 188 2556 sunt
215 2502 384 2558 velles
413 2502 719 2574 ostendere,
751 2505 930 2564 dixisti
959 2507 1000 2574 ³,
1021 2506 1240 2582 Ipseque
1263 2509 1397 2581 ignis
1419 2510 1664 2568 Paracle-

80 2601 147 2647 ιω
165 2595 530 2665 crepitantibus
561 2597 782 2666 ﬂammis
806 2599 1071 2655 ardescens
1107 2601 1163 2656 in
1193 2602 1461 2672 Apostolos
1485 2622 1662 2677 super-

79 2686 195 2739 venit
223 2702 242 2740 :
272 2687 430 2758 quasi
455 2687 594 2746 alius
641 2689 712 2750 sit
741 2689 972 2762 Spiritus
1015 2701 1257 2760 sanctus,
1305 2711 1462 2765 quem
1515 2695 1662 2752 dedit

79 2773 386 2832 insufﬂando
415 2778 470 2834 in
498 2777 688 2836 faciem
726 2779 1132 2854 discipulorum,
1162 2793 1216 2838 et
1259 2784 1396 2844 alius
1423 2787 1510 2856 qui
1541 2795 1662 2857 post

78 2868 177 2938 ejus
201 2884 485 2938 asccnsum
510 2872 563 2927 in
585 2871 871 2943 Apostolos
891 2875 1217 2946 supervenit.
1241 2875 1505 2948 Numquid
1533 2894 1660 2950 ergo

77 2959 169 3015 duo
213 2971 342 3018 sunt
392 2961 625 3034 Spiritus
664 2965 874 3020 sancti?
901 2965 1030 3036 Quis
1049 2965 1153 3024 hoc
1174 2967 1609 3030 dementissitnus
1636 2973 1657 3007 ²

78 3051 291 3108 dixerit?
355 3053 477 3126 Ipse
544 3053 722 3126 itaque
771 3056 1014 3114 Christus
1082 3058 1330 3130 eumdem
1397 3059 1654 3132 Spiritum

77 3153 299 3200 sanctum
328 3145 500 3214 dedit,
525 3147 636 3202 sive
685 3148 1005 3206 insufﬂando
1031 3150 1083 3212 in
1129 3150 1317 3208 faciem
1368 3153 1659 3225 discipulo-

77 3251 198 3304 rum,
227 3238 342 3294 sive
372 3238 607 3312 desuper
635 3255 757 3296 eum
780 3241 867 3298 die
906 3241 1250 3302 Pentecostes
1279 3254 1425 3308 certa
1474 3262 1659 3306 sacra-

77 3331 220 3384 menti
249 3329 722 3387 commendatione
741 3331 762 3364 ³
788 3333 1070 3390 mittendo.
1098 3334 1348 3406 Proinde.
1377 3352 1482 3394 non
1503 3337 1659 3400 Chri-

78 3428 177 3476 stus
200 3420 462 3492 Spiritum
510 3431 756 3478 sanctum
805 3423 972 3490 dedit,
1005 3434 1056 3484 et
1108 3425 1284 3498 ignem
1323 3427 1654 3498 Paracletus,

75 3518 124 3563 nt
147 3513 292 3581 quasi
337 3512 700 3583 compleretur
753 3514 894 3586 quod
940 3513 1140 3572 dictum
1169 3526 1306 3590 erat,
1351 3516 1419 3574 In
1449 3518 1653 3590 Spiritu

75 3612 234 3656 sancto
267 3612 316 3658 ct
341 3604 450 3676 igni
476 3619 493 3658 :
524 3604 619 3660 sed
648 3604 790 3662 idem
823 3606 939 3678 ipse
972 3605 1217 3665 Christus
1243 3608 1498 3681 Spiritum
1525 3627 1652 3668 san-

74 3699 200 3748 ctum
229 3693 395 3761 dedit,
428 3711 588 3767 quem
618 3695 669 3750 in
693 3705 833 3753 terra
860 3698 1064 3767 positus
1093 3714 1192 3756 suo
1222 3701 1370 3769 ﬂatu,
1414 3703 1470 3758 in
1513 3705 1654 3762 cmlo

76 3793 234 3840 autern
266 3788 474 3858 positus
511 3787 705 3860 linguis
753 3790 922 3860 igneis
961 3791 1367 3850 demonstravit.
1414 3796 1654 3869 Namque

75 3883 123 3930 ut
145 3880 354 3934 noveris
377 3893 485 3934 non
526 3888 653 3936 tunc
686 3881 964 3952 impletum
993 3899 1113 3940 esse
1134 3886 1278 3958 quod
1305 3888 1506 3946 dictum
1543 3900 1650 3957 est,

74 3964 179 4036 Ipse
203 3986 287 4024 vos
316 3968 544 4042 baptizat
569 3973 622 4027 in
671 3971 872 4046 Spiritu
901 3985 1100 4046 sancto,
1129 3978 1343 4050 quando
1372 3981 1451 4038 eis
1471 3982 1652 4040 sufﬂa-

75 4059 138 4116 vit
159 4063 209 4117 in
243 4062 466 4130 faciem;
499 4074 557 4120 ut
578 4064 689 4138 jam
721 4081 826 4122 non
857 4067 910 4123 in
941 4069 1150 4139 spiritu,
1180 4071 1274 4128 sed
1306 4071 1358 4128 in
1404 4073 1524 4144 igne
1553 4076 1650 4132 ba-

73 4152 286 4220 ptizandi
313 4163 542 4211 venturo
585 4155 864 4214 Paracleto
920 4159 1262 4228 viderentur;
1305 4165 1651 4227 reminiscere

73 4244 444 4313 apertissimam
489 4246 842 4319 Scripturam,
891 4258 947 4310 et
993 4251 1115 4308 vide
1142 4252 1268 4324 quid
1307 4255 1386 4310 eis
1427 4256 1646 4327 dixerit,

71 4335 263 4403 quando
311 4338 428 4408 ipse
474 4339 731 4396 Dominus
772 4342 1014 4399 ascendit
1065 4344 1116 4402 in
1158 4347 1352 4403 cmlum
1380 4366 1390 4400 :
1421 4348 1648 4408 Joannes

71 4427 249 4494 quidem
273 4429 550 4500 baptizavit
575 4448 742 4504 aqua;
773 4450 859 4488 vos
879 4443 1050 4495 autem
1089 4435 1469 4508 baptizabimini
1519 4440 1645 4512 Spi-

72 4518 156 4573 ritu
177 4531 373 4588 sancto,
405 4540 553 4594 quem
583 4525 832 4598 recepturi
867 4529 984 4584 estis
1010 4545 1111 4584 non
1155 4538 1266 4602 post
1305 4531 1490 4587 multos
1540 4533 1646 4590 dies

73 4610 149 4666 hos
169 4616 232 4668 ad
256 4614 586 4671 Pentecosten
631 4617 767 4688 (Act.
793 4634 831 4688 t,
867 4618 944 4693 5).
997 4619 1135 4690 Quid
1183 4620 1284 4679 hoc
1337 4624 1645 4684 testimonio

71 4705 280 4765 clarius?
309 4708 616 4771 Secundum
660 4721 836 4774 autem
871 4727 1089 4774 sensum
1139 4723 1284 4772 tuum
1323 4715 1504 4776 dicere
1559 4718 1646 4776 de-

121 4886 298 4961 }Editt,
329 4889 399 4961 ad
422 4885 645 4961 ultimum
665 4890 805 4961 illum
835 4891 1012 4958 ignem,
1053 4892 1271 4961 quicum
1295 4895 1539 4961 baptismo
1559 4910 1642 4950 no-

69 4947 252 5003 minatus
273 4947 346 5003 est
358 4949 413 5003 in
626 4953 798 5018 igneis,
815 4947 925 5070 qua!
939 4947 1202 5028 ,Ρᾲνᾴειεξο
1223 4947 1433 5009 veniente
1445 4947 1641 5010 deman-

69 5016 211 5064 ttratte
230 5021 360 5070 sunt.
397 5012 541 5068 uelles
562 5017 812 5070 ostendere
886 5025 1068 5070 Dixisti
1096 5031 1242 5070 erant.
1295 5027 1511 5070 loseatte.
1538 5029 1634 5070 etc.

69 5016 360 5084 ἕταιιξέαηέν
391 5012 541 5084 ςκεμά
562 5012 853 5084 Were?
886 5016 1070 5084 Dixisti
1096 5017 1242 5079 enim
1295 5027 1511 5084 Ipsam.
1538 5029 1634 5084 etc.

71 5077 146 5146 nec
166 5073 305 5146 aliter
325 5073 587 5146 habebant
601 5084 707 5146 Mss.
752 5080 844 5140 sed
867 5079 1077 5146 postulat
1097 5073 1276 5146 sensus
1295 5073 1353 5133 u't
1388 5073 1510 5142 loco;
1535 5083 1601 5136 ad
1621 5120 1636 5146 ,

72 5144 267 5195 ponatur,
285 5143 431 5210 atque
458 5149 477 5188 :
507 5138 690 5190 deinde
727 5138 984 5192 emendata
1009 5155 1181 5192 vocum
1214 5138 1637 5218 interpunctione,

70 5204 114 5271 ac
129 5197 318 5263 deleto,
339 5213 500 5264 enen;
522 5199 745 5266 legatur,
777 5202 921 5258 uelles
941 5204 1223 5267 ostendere,
1259 5205 1465 5266 dixisti,
1510 5215 1637 5271 Ipse-

300 5234 318 5263 ,
339 5234 498 5264 noun,
522 5234 708 5266 sva-Iun
728 5237 745 5265 υ
779 5234 920 5258 levem
941 5234 1190 5258 wwrwua
1207 5241 1223 5267 ν
1259 5234 1433 5258 ωιυυωη
1451 5242 1465 5266 ν
1510 5234 1640 5267 Ιμῦῦ·

41 5322 46 5348 ⁸
71 5267 306 5408 ε
333 5323 564 5408 eam
587 5324 685 5408 nisi
721 5327 1632 5408 dmentesiuue3_?eﬂic9lse_.net

71 5386 292 5453 superqu
334 5386 562 5453 additam,
590 5390 857 5453 observant
916 5392 1240 5443 Lovanienses
1259 5430 1272 5453 ,
1327 5386 1547 5444 annotat.
1586 5386 1636 5446 in

71 5439 359 5521 genetricem
377 5451 500 5500 etin
518 5447 604 5501 lib.
626 5439 1004 5521 {ide—baptismo
1012 5439 1631 5521 essm'sanas‘miea;

73 5503 138 5586 l0;
154 5509 286 5586 abest
311 5523 491 5584 revera
515 5525 543 5562 a
566 5503 917 5586 nostriseti‘am
938 5503 1290 5586 manuscriptis.

97 5568 272 5647 ,ζέωιν
296 5574 434 5625 circa
453 5573 764 5647 sacramenti
795 5568 1269 5647 comendatianém.
1311 5585 1384 5628 Er.
1414 5587 1467 5630 et
1499 5586 1628 5638 Lov.,

69 5633 484 5707 atrasaeramerui
507 5636 984 5692 commendationem.
1029 5641 1327 5707 castigantur
1353 5654 1416 5696 ex
1463 5633 1630 5695 manu;

1423 163 1624 224 LIBER
1659 161 2039 224 SECUNDUS.

3281 185 3392 247 286

1803 281 1917 338 bnit
1950 283 2223 344 :toannes
2272 288 2486 360 quidem
2529 292 2816 365 baptizavit
2856 311 3029 370 aqua;
3079 314 3174 358 vos
3209 312 3389 363 autem

1796 375 2045 449 baptizati
2068 380 2196 436 estis
2222 379 2423 453 Spiritu
2457 395 2659 454 sancto,
2684 389 2899 460 quando
2929 391 3078 448 vobis
3119 393 3169 449 in
3195 393 3388 455 faciem

1795 469 2020 537 sufﬂavi,
2052 481 2106 528 ct
2131 473 2386 546 deinceps
2415 475 2812 550 baptizabimini
2840 482 2892 538 in
2917 482 3060 556 igne,
3089 501 3248 558 quem
3282 502 3385 546 ac-

1794 563 1999 633 cepturi
2025 565 2157 621 estis
2183 581 2289 622 non
2329 577 2450 639 post
2484 571 2681 628 multos
2723 573 2838 630 dies
2861 573 2960 630 hos
2987 594 3003 631 :
3029 587 3085 633 ut
3131 579 3381 640 videlicet

1791 656 2189 728 complerentur
2215 667 2325 716 tres
2347 661 2420 716 illi
2441 663 2657 732 gradus,
2683 666 2875 736 quibus
2905 668 3040 725 dicis
3087 688 3250 728 unum
3279 673 3387 732 Baa

1791 747 2044 816 ptismum
2070 762 2461 810 consecratum.
2497 755 2571 811 ita
2601 755 2658 812 ﬁt
2689 769 2746 814 ut
2793 760 2968 818 adhuc
3011 766 3222 823 nescias
3249 767 3382 838 quid

1789 839 1890 895 sibi
1931 841 2060 898 velit
2087 843 2227 914 quod
2257 843 2459 902 dictum
2496 856 2608 916 est,
2641 847 2764 921 Ipse
2808 867 2893 907 uos
2917 853 3136 926 baptizat
3161 859 3214 913 in
3254 857 3382 916 Soi-

1786 932 1890 988 ritu
1914 943 2092 990 sancto
2117 945 2164 990 et
2177 937 2311 1008 igni;
2331 947 2386 994 et
2409 948 2612 997 temere
2639 943 2772 998 velis
2791 943 2984 1003 docere
3007 949 3147 1019 quod
3179 953 3380 1010 nescis.

1856 1025 2084 1082 CAPUT
2121 1026 2362 1084 XXXIII.
2385 1061 2458 1072 —
2485 1032 2573 1086 77.
2604 1032 2787 1090 Ρετιι..
2825 1035 2959 1093 dixit
2985 1038 3126 1095 :Sed
3150 1051 3206 1096 ut
3230 1044 3379 1113 plene

1785 1117 2052 1174 discutiant
2102 1120 2424 1191 Baptismum
2465 1123 2744 1192 Trinitatis,
2794 1128 2921 1184 dixit
2959 1130 3214 1202 Apostolis
3268 1137 3377 1192 suis

1785 1207 2036 1266 Dominus
2082 1211 2358 1269 Christus:
2397 1233 2416 1267 ι
2454 1214 2538 1271 Ite
2563 1217 2816 1289 baptizata
2860 1231 3030 1292 gentes
3072 1225 3125 1280 in
3174 1229 3376 1284 nomine

1784 1301 1960 1360 Patris
1979 1314 2026 1360 et
2075 1305 2200 1363 Filii
2228 1318 2274 1363 et
2299 1308 2527 1381 Spiritus
2577 1313 2758 1378 sancti,
2806 1315 3037 1370 docentes
3073 1333 3158 1372 eas
3177 1335 3374 1376 servare

1781 1401 1952 1456 omnia
1978 1417 2302 1474 quiscumque
2321 1404 2507 1458 mando
2527 1405 2663 1460 vobis
2688 1406 2926 1476 3(Matth.
2951 1425 3133 1477 xxvm,
3153 1412 3372 1483 19.20).

1785 1490 1947 1559 Quem
1977 1493 2146 1560 doces,
2176 1495 2422 1550 traditor?
2461 1512 2608 1566 quem
2633 1498 2981 1556 condemnas?
3012 1501 3173 1570 Quem
3198 1503 3368 1569 doces.

1778 1582 2034 1640 traditur?
2087 1601 2236 1655 quem
2293 1587 2523 1641 occidis?
2578 1587 2843 1644 Postremo
2890 1609 3036 1662 quem
3079 1595 3266 1651 doces?
3305 1614 3373 1652 an

1776 1691 1922 1744 quem
1949 1675 2127 1745 feceris
2153 1677 2501 1734 homicidam?
2524 1680 2790 1748 Quomodo
2839 1683 2995 1756 igitur
3034 1685 3263 1758 baptizas
3312 1691 3369 1749 in

1775 1768 1978 1825 nomine
2031 1767 2338 1826 Trinitatis?
2391 1770 2600 1826 Patrem
2653 1773 2819 1829 Deum
2862 1775 3028 1831 dicere
3077 1795 3177 1834 non
3205 1791 3368 1852 potes.

1776 1859 1918 1916 Nam
1944 1878 2060 1918 cum
2087 1862 2269 1920 dixerit
2296 1862 2543 1920 Dominus
2591 1863 2839 1936 Christus,
2899 1885 2918 1920 ι
2952 1867 3097 1924 Beati
3139 1873 3364 1942 paciﬁci,

1772 1955 1892 2026 quia
1911 1955 2008 2025 ﬁlii
2053 1953 2152 2010 Dei
2200 1955 2508 2012 vocabuntur
2542 1976 2560 2010 ι
2595 1957 2722 2028 (Id.
2750 2001 2765 2027 ,
2793 1975 2847 2026 ν,
2881 1960 2959 2031 9)
2988 1977 3007 2015 :
3038 1971 3092 2016 tu
3137 1965 3226 2034 qui
3277 1982 3366 2036 pa-

1772 2064 1878 2104 cem
1898 2049 2053 2105 animi
2076 2066 2178 2105 non
2205 2050 2375 2115 habes,
2407 2050 2570 2107 Deum
2591 2068 2692 2107 non
2717 2053 2870 2109 habes
2891 2063 3103 2126 patrem.
3132 2057 3361 2126 Quanto-

1771 2143 1837 2198 do
1853 2153 2019 2198 autem
2038 2144 2091 2198 in
2117 2145 2318 2200 nomine
2340 2144 2465 2200 Filii
2487 2148 2732 2218 baptisas,
2753 2149 2841 2219 qui
2870 2150 3029 2205 tradis
3051 2152 3239 2221 ipsum,
3270 2155 3361 2224 qui

1770 2233 1966 2291 Filium
1987 2233 2086 2290 Dei
2115 2253 2216 2291 non
2237 2236 2358 2292 ullis
2385 2238 2705 2308 passionibus
2727 2255 2817 2294 nec
2843 2241 3075 2297 crucibus
3095 2243 3310 2300 imitaris
3329 2246 3356 2300 ?

1772 2328 2036 2396 Quomodo
2075 2338 2244 2385 autem
2272 2330 2501 2402 baptisas
2526 2333 2582 2387 in
2623 2333 2826 2388 nomine
2871 2332 3100 2406 Spiritus
3153 2339 3355 2407 sancti;

1769 2437 1882 2476 cum
1908 2421 2135 2493 Spiritus
2155 2434 2359 2479 sanctus
2387 2425 2440 2480 in
2467 2424 2585 2480 illos
2612 2426 2881 2498 Apostolos
2908 2430 3115 2498 uenerit,
3143 2431 3230 2502 qui
3252 2448 3357 2489 non

1767 2517 1972 2586 fuerant
1997 2516 2308 2571 traditores?
2353 2515 2478 2572 Cum
2514 2517 2670 2590 igitur
2696 2517 2834 2574 Deus
2872 2521 3010 2575 vobis
3037 2524 3232 2595 genitor
3255 2541 3360 2581 non

1763 2609 1848 2672 sit.
1876 2624 1966 2664 nec
1985 2624 2120 2680 aqua
2143 2608 2471 2681 Baptismatis
2489 2627 2602 2665 uere
2621 2613 2889 2669 nascimini
2908 2616 2952 2680 ¹;
2972 2632 3118 2671 nemo
3142 2626 3357 2674 vestrum

1766 2704 1961 2774 penitus
1991 2713 2142 2757 natus
2160 2712 2253 2769 est,
2285 2719 2375 2758 nec
2409 2714 2604 2774 patrem
2641 2705 2852 2772 habetis,
2888 2708 3055 2779 impii,
3107 2725 3198 2764 nec
3238 2727 3353 2765 ma-

1764 2803 1906 2850 trem.
1951 2795 2050 2850 Vos
2089 2812 2207 2867 ergo
2237 2797 2530 2866 hujusmodi
2557 2814 2658 2852 non
2687 2798 2839 2854 debeo
2871 2800 3151 2872 baptizare,
3180 2803 3272 2860 etsi
3298 2811 3354 2858 ut

1764 2906 1963 2944 carnem
1983 2887 2157 2944 Judaei
2181 2889 2328 2961 quasi
2345 2889 2622 2960 baptisant,
2654 2891 2838 2949 millies
2865 2909 2951 2948 vos
2979 2893 3192 2951 levetis?

1835 2981 1923 3038 78.
1950 2982 2083 3038 Anc.
2113 2982 2387 3053 respondit
2419 3001 2432 3038 :
2460 2983 2617 3041 Certe
2646 3000 3002 3056 proposueras
3045 2987 3351 3059 plene_dis-

1761 3081 1944 3129 cutere
1971 3073 2297 3145 Baptismum
2324 3074 2618 3144 Trinitatis,
2646 3053 2714 3132 et
2742 3053 2973 3135 intentos
3000 3053 3098 3135 nos
3126 3053 3352 3138 multum

1763 3165 1965 3222 feceras
1993 3183 2006 3219 :
2035 3165 2152 3231 sed,
2182 3166 2384 3223 scilicet
2402 3167 2543 3238 quod
2558 3169 2709 3225 vobis
2739 3169 3044 3226 facillimum
3060 3180 3162 3239 est,
3191 3189 3352 3244 quam

1761 3257 1868 3313 cito
1885 3264 1936 3312 te
1955 3255 2020 3311 ad
2050 3256 2211 3312 solita
2232 3258 2515 3314 maledicta
2541 3261 2768 3316 vertisti.
2797 3263 2909 3318 Hoc
2926 3279 3111 3320 revera
3134 3267 3352 3338 copiose

1760 3348 1910 3404 facis.
1956 3347 2217 3420 Proponis
2246 3349 2388 3404 enim
2411 3351 2502 3406 tibi
2523 3366 2659 3421 quos
2687 3353 2788 3415 vis,
2823 3353 2874 3407 in
2899 3370 3033 3426 quos
3074 3356 3350 3414 inveharis

1759 3440 2215 3512 quantumviszin
2249 3455 2354 3512 qua
2394 3457 2586 3513 magna
2627 3445 2892 3501 sermonis
2933 3446 3211 3504 latitudine
3239 3465 3346 3506 uno

1759 3533 2080 3590 brevissimo
2111 3534 2280 3591 verbo
2299 3534 2442 3606 quod
2468 3535 2682 3606 dicitur,
2711 3538 2905 3608 Proba,
2945 3541 2996 3596 in
3019 3543 3349 3601 arctissimas

1758 3624 2046 3680 coarctaris
2061 3625 2355 3697 angustias.
2384 3626 2497 3683 Hoc
2521 3627 2663 3683 enim
2693 3629 2787 3684 tibi
2813 3629 2941 3686 dicit
2969 3647 3153 3689 semen
3173 3633 3346 3691 Abra-

1759 3714 1862 3782 hae,
1887 3717 1939 3771 in
1965 3731 2072 3788 quo
2097 3731 2217 3772 cum
2251 3733 2437 3775 omnes
2465 3729 2651 3791 gentes
2679 3721 3086 3792 benedicuntur,
3124 3742 3229 3783 non
3255 3744 3350 3784 cu-

1758 3817 1878 3865 rant
1905 3824 2025 3864 cum
2053 3825 2084 3865 a
2116 3818 2166 3865 te
2217 3809 2630 3868 maledicuntur.
2659 3810 2765 3870 Sed
2796 3823 2970 3871 tamen
2998 3818 3120 3888 quia
3150 3819 3217 3876 de
3247 3821 3349 3876 Ba-

1758 3901 1953 3972 ptismo
1995 3901 2128 3974 agis,
2154 3917 2314 3973 quem
2365 3911 2493 3960 tunc
2541 3913 2698 3975 putas
2740 3921 2861 3964 esse
2895 3924 3098 3978 verum,
3128 3927 3249 3969 cum
3292 3915 3347 3972 in

1757 3993 1973 4050 homine
1995 3994 2139 4064 justo
2156 4003 2258 4060 est,
2293 3995 2482 4052 falsum
2522 4005 2702 4053 autem
2731 4013 2857 4056 cum
2887 3999 2938 4056 in
2976 4001 3193 4061 homine
3242 4007 3346 4062 ini-

1755 4101 1862 4157 quo
1891 4095 1973 4142 est
1995 4103 2009 4140 :
2034 4101 2158 4142 ecce
2185 4095 2240 4143 et
2258 4101 2358 4158 ego
2394 4089 2687 4144 secundum
2717 4097 2862 4146 tuam
2893 4095 3134 4165 regulam
3157 4097 3201 4150 si
3231 4096 3346 4154 dis-

1753 4180 1949 4250 cutiam
1980 4180 2309 4250 Baptismum
2360 4179 2654 4249 Trinitatis,
2687 4184 2977 4254 copiosius,
3006 4198 3062 4240 ut
3091 4187 3340 4255 arbitror,

1755 4281 1942 4344 potero
1983 4271 2180 4338 dicere,
2223 4271 2366 4343 quod
2395 4287 2500 4328 non
2545 4273 2740 4331 habeat
2784 4277 2950 4333 Deum
2985 4278 3216 4345 Patrem,
3258 4283 3343 4336 cui

1752 4366 1946 4422 Comes
1971 4373 2054 4421 est
2075 4365 2214 4420 Deus
2243 4365 2358 4438 (a);
2388 4382 2488 4423 nec
2511 4366 2785 4425 Christum
2816 4384 2972 4425 suum
3001 4371 3204 4440 credat,
3237 4375 3340 4429 nisi

1752 4476 1851 4534 pro
1875 4477 1980 4534 quo
2010 4473 2198 4531 passus
2241 4468 2363 4526 est;
2397 4474 2497 4516 nec
2538 4460 2795 4532 Spiritum
2835 4473 3076 4520 sanctum
3123 4465 3336 4534 habeat,

1750 4554 1838 4626 qui
1878 4555 2034 4626 longe
2079 4552 2293 4610 diverso
2339 4554 2498 4610 modo
2547 4555 2737 4628 linguis
2768 4557 2936 4630 igneis
2980 4559 3334 4616 miserabilem

1751 4647 1982 4704 Africam
2012 4647 2266 4704 incendit.
2299 4647 2582 4718 Quomodo
2605 4665 2733 4722 ergo
2756 4649 2954 4706 habent
2979 4651 3331 4723 Baptismnm,

1750 4750 1841 4797 aut
1873 4738 2141 4812 quomodo
2167 4740 2296 4797 dant
2326 4743 2347 4773 ³
2377 4741 2431 4796 in
2462 4743 2676 4798 nomine
2702 4742 2875 4797 Patris
2903 4751 2958 4798 et
2993 4742 3112 4798 Filii
3142 4753 3195 4800 et
3217 4745 3339 4816 Spi-

1749 4836 1885 4892 ritus
1912 4835 2122 4890 sancti?
2151 4833 2307 4890 Certe
2331 4835 2442 4906 jam
2468 4835 2708 4891 advertis
2734 4848 2893 4905 posse
2918 4835 2970 4890 in
2999 4835 3213 4893 homine
3238 4839 3334 4893 ini-

1749 4943 1855 4999 quo
1876 4942 2016 4993 esse,
2050 4927 2130 4984 vel
2155 4929 2223 4985 ab
2257 4929 2471 4985 homine
2492 4929 2673 5000 iniquo
2698 4927 2813 4984 dari
2835 4929 3185 5000 Baptismnm,
3229 4947 3332 4987 non

1749 5021 2011 5094 iniquum,
2052 5022 2145 5079 sed
2185 5022 2388 5093 justum
2419 5031 2473 5078 et
2511 5037 2729 5088 verum;
2765 5037 2870 5078 non
2901 5025 3022 5095 quia
3059 5026 3198 5082 illius
3229 5036 3332 5093 est,

1747 5113 1841 5170 sed
1867 5114 1990 5186 quia
2019 5113 2113 5170 Dei
2130 5122 2231 5168 est.
2284 5114 2350 5168 Et
2378 5128 2478 5184 ego
2506 5113 2598 5168 tibi
2628 5112 2696 5170 de
2717 5113 2820 5169 isto
2850 5115 2982 5170 nihil
3007 5117 3333 5182 calumnior;

1747 5205 1888 5278 quod
1917 5214 1974 5262 tu
1999 5206 2068 5262 de
2097 5205 2278 5262 nescio
2305 5205 2496 5276 quibus
2541 5204 2654 5260 orbi
2695 5213 2958 5262 terrarum
3003 5207 3180 5264 facere
3229 5226 3332 5264 non

1745 5313 1945 5368 cessas,
1973 5307 2046 5367 et,
2066 5298 2204 5370 quod
2226 5307 2309 5355 est
2337 5297 2740 5365 intolerabilius,
2757 5315 2857 5356 nec
2882 5300 2949 5356 de
2974 5301 3104 5372 ipsis
3131 5302 3332 5372 aliquid

1807 5460 1823 5490 ί
1850 5457 2164 5529 Floriaeensis
2180 5457 2358 5519 codex,
2381 5471 2495 5510 uera
2511 5457 2780 5511 nascimini.
2803 5461 3194 5526 Cygirannensis,
3220 5475 3333 5512 uera

2079 5581 2164 5633 dat
2194 5597 2210 5634 ἔ
2237 5585 2286 5633 ω
2309 5585 2490 5651 quibus
2512 5593 2676 5635 tamen
2715 5584 2867 5637 altera
2908 5591 3046 5651 parte
3070 5592 3332 5646 sententia

1741 5643 1951 5710 legitur,
1968 5645 2142 5710 habent
2179 5643 2490 5710 Baptismum.

1807 5707 1880 5775 (a)
1904 5707 2018 5759 vide
2036 5720 2196 5774 supra,
2222 5707 2269 5761 n'.
2297 5710 2372 5763 55.
