3812 6180
401 196 508 259 287

403 315 621 390 probas.
665 310 801 370 illud
829 323 959 369 vero
1003 309 1185 366 nescio
1227 305 1494 378 quomodo
1530 305 1744 361 tolerari
1796 303 1982 374 possit,

403 409 548 484 quod
572 423 680 466 non
709 407 881 464 solum
909 402 1213 460 hominibus
1234 399 1434 456 sanctis
1460 397 1529 456 de
1555 397 1860 454 hominibus
1885 397 1987 452 ini-

403 504 524 576 quis
547 496 977 562 calumniamini;
1005 492 1102 550 sed
1125 493 1284 550 etiam
1306 491 1407 563 ipsi
1436 499 1622 548 sancto
1653 488 1986 561 Baptismati,

373 593 546 667 quod
588 592 644 648 in
665 588 903 662 quolibet
930 586 1112 657 iniquo
1146 598 1370 641 necesse
1387 590 1471 640 est
1515 591 1575 638 ut
1617 589 1858 638 sanctum
1897 579 1987 648 sit,

368 747 376 757 ,
402 685 608 742 crimen
637 698 704 738 ex
731 678 1050 751 contagione
1078 684 1422 748 peccatorum
1458 674 1734 731 hominum
1769 687 1990 743 compa.

373 780 552 847 ratis,
599 785 656 832 ut
683 775 790 832 tale
817 772 1007 831 dicatis
1031 786 1153 829 esse
1189 769 1481 847 Baptisma,
1530 768 1701 840 qualis
1731 775 1812 823 est
1832 766 1922 821 ille
1960 780 1992 820 a

367 886 508 944 _quo
536 846 782 938 habetur,
809 867 895 924 vel
921 865 1099 930 datur,
1132 846 1219 920 vel
1256 863 1507 919 sumitur.
1565 861 1734 917 Porro
1779 860 1824 915 si
1873 858 1990 914 talis

374 1037 377 1040 _
400 965 472 1020 sit
502 963 664 1020 homo
687 959 860 1034 qualis
887 958 1050 1016 fuerit
1077 958 1167 1014 ille
1190 971 1313 1013 cum
1335 970 1444 1028 quo
1462 953 1668 1012 accedit
1693 953 1760 1010 ad
1782 961 1988 1020 sancta,

372 1105 376 1108 .
401 1068 454 1116 et
487 1059 609 1114 talia
635 1055 768 1112 ﬁunt
797 1055 911 1126 ipsa
941 1053 1286 1110 Sacramenta
1314 1049 1499 1121 quales
1524 1047 1726 1104 fuerint
1747 1045 1992 1102 homines

403 1151 456 1208 in
481 1151 846 1224 quibussunt;
875 1145 1072 1204 sufﬁcit
1097 1144 1294 1202 sanctis
1321 1141 1625 1199 hominibus
1651 1140 1717 1197 ad
1743 1140 1990 1197 solatium

405 1260 528 1302 cum
555 1254 742 1302 sancto
763 1242 1036 1314 Baptismo
1061 1239 1413 1296 communiter
1438 1252 1468 1292 a
1494 1237 1645 1294 vobis
1666 1235 1855 1292 falsum
1881 1235 1992 1291 cri-

403 1353 528 1394 men
555 1336 743 1393 audire
773 1351 788 1390 :
816 1348 912 1390 vos
929 1341 1136 1389 tanturn
1158 1331 1333 1386 videte
1349 1328 1795 1402 quemadmodum
1813 1335 1994 1384 vestro

405 1443 502 1485 ore
540 1427 888 1492 damnemini,
941 1425 988 1480 si
1031 1433 1088 1481 et
1137 1423 1303 1480 sobrii
1350 1422 1513 1478 vestri
1564 1436 1632 1477 ex
1678 1421 1995 1492 contagione

406 1521 741 1579 ebriosorum
768 1529 1067 1577 vestrorum
1094 1515 1294 1574 ebriosi
1336 1524 1493 1580 sunt,
1543 1523 1597 1571 et
1620 1514 1995 1572 misericordes

408 1613 571 1671 vestri
597 1629 665 1671 ex
685 1620 959 1684 raptorum
980 1608 1296 1681 contagione
1321 1617 1565 1679 raptores
1589 1616 1732 1675 sunt,
1763 1615 1818 1664 et
1845 1605 1997 1679 quid-

409 1709 537 1780 quid
591 1708 732 1781 apud
761 1722 859 1765 vos
889 1708 944 1763 in
990 1705 1148 1762 malis
1199 1703 1503 1760 hominibus
1547 1701 1836 1769 invenitur,
1894 1701 1997 1758 hoc

408 1811 669 1875 coguntur
706 1816 826 1858 esse
867 1801 957 1872 qui
975 1814 1080 1855 non
1110 1805 1273 1865 sunt;
1339 1805 1393 1853 et
1430 1797 1547 1866 ipse
1596 1795 1898 1866 Baptismus
1943 1794 1997 1850 in

407 1895 654 1951 omnibus
679 1893 967 1950 immundis
998 1891 1192 1948 vestris
1215 1889 1521 1945 immundus
1551 1896 1654 1956 est,
1696 1897 1752 1945 et
1795 1903 1892 1958 pro
1921 1889 2001 1959 ip-

409 1987 519 2044 sius
537 1985 883 2044 immunditiae
904 1985 1209 2042 diversitate
1232 1983 1477 2038 diversus
1505 1989 1607 2047 est,
1650 1981 1696 2036 si
1724 1980 1842 2036 talis
1879 1995 2000 2036 esse

409 2081 614 2152 cogitur
643 2080 814 2151 qualis
849 2086 932 2135 est
971 2079 1060 2134 ille
1099 2092 1129 2131 a
1169 2090 1276 2146 quo
1318 2073 1546 2130 habetur
1583 2081 1636 2129 et
1668 2072 1844 2128 datur.
1876 2073 2002 2130 llazc

409 2175 590 2245 utique
621 2174 752 2229 falsa
778 2181 922 2238 sunt,
973 2180 1027 2227 et
1063 2170 1184 2226 ideo
1209 2168 1363 2224 nobis
1383 2166 1514 2222 nihil
1541 2166 1756 2234 obsunt,
1782 2181 1902 2222 cum
1935 2181 2001 2223 ea

411 2267 591 2323 dicitis
619 2266 674 2321 in
694 2280 813 2330 nos,
843 2278 944 2320 nec
963 2261 1230 2333 respicitis
1255 2274 1350 2316 vos
1373 2278 1388 2314 :
1411 2259 1563 2315 vobis
1587 2267 1766 2314 autem
1783 2257 1998 2326 obsunt,

411 2358 536 2430 quia
563 2372 684 2412 cum
705 2371 767 2413 ea
793 2355 925 2411 falsa
953 2353 1150 2420 dicitis,
1176 2353 1231 2408 in
1259 2366 1356 2408 nos
1386 2366 1494 2407 non
1517 2349 1732 2418 cadunt,
1764 2350 1859 2406 sed
1879 2351 2002 2421 quia

411 2464 475 2506 ea
504 2463 627 2505 vera
650 2448 867 2519 putatis,
891 2447 954 2502 .in
975 2460 1072 2502 vos
1095 2445 1357 2502 recidunt.

484 2541 712 2600 CAPUT
742 2539 984 2596 XXXIV.
1009 2569 1080 2580 -—
1105 2539 1193 2596 79.
1224 2538 1410 2594 PETIL.
1436 2537 1604 2593 dixit:
1638 2535 1778 2591 Nam
1815 2536 1861 2591 si
1888 2536 2002 2591 illos

411 2633 670 2706 Apostolis
713 2633 854 2687 licuit
903 2631 1194 2702 baptizare,
1239 2646 1364 2700 quos
1407 2629 1712 2700 paenitentia:
1753 2629 2002 2700 baptismo

411 2727 639 2782 Joannes
687 2725 933 2792 abluerat,
978 2723 1102 2778 mihi
1147 2738 1235 2778 vos
1280 2721 1542 2794 baptizare
1583 2721 1853 2792 sacrilegos
1901 2736 2002 2774 non

409 2817 573 2874 licebit
589 2819 616 2873 ?

490 2912 579 2970 80.
608 2913 742 2970 Anc.
765 2910 1042 2982 respondit
1068 2929 1080 2965 :
1104 2909 1209 2966 Ubi
1233 2916 1471 2980 est'ergo
1487 2907 1628 2979 quod
1667 2921 1826 2980 supra
1853 2906 2004 2962 dixe-

415 3018 538 3070 ras,
581 3017 688 3058 non
730 3002 892 3058 alium
943 3001 1268 3072 baptismum
1337 2999 1505 3055 fuisse
1549 2999 1800 3066 Joannis,
1842 2998 2003 3052 alium

410 3091 646 3164 Christi,
683 3095 776 3152 sed
798 3110 962 3151 unum
991 3094 1320 3164 Baptismum
1366 3093 1533 3148 tribus
1572 3091 1824 3162 gradibus
1871 3106 2004 3146 eon-

415 3199 702 3256 secratum,
749 3203 977 3261 quorum
1005 3187 1165 3242 trium
1205 3185 1465 3256 graduum
1513 3201 1703 3256 aquam
1745 3185 2000 3251 Joannes,

412 3282 666 3353 Spiritum
688 3279 954 3347 Christus,
978 3280 1156 3350 ignem
1182 3278 1494 3334 Paracletus
1523 3276 1703 3332 dedit?
1744 3277 1849 3332 Cur
1877 3291 2004 3348 ergo

411 3388 602 3446 aquam
637 3372 1001 3444 repetiverunt
1020 3371 1260 3441 Apostoli
1291 3370 1344 3424 in
1375 3369 1453 3425 eis
1479 3368 1670 3439 quibus
1694 3368 1804 3439 jam
1834 3369 2001 3424 Joan-

413 3481 510 3523 nes
529 3480 720 3537 aquam
740 3463 965 3520 dederat
991 3462 1347 3532 pertinentem
1370 3460 1438 3516 ad
1469 3476 1632 3516 unum
1677 3460 2004 3531 Baptismum

412 3559 582 3614 tribus
605 3555 857 3629 gradibus
897 3553 1307 3610 consecratum?
1349 3551 1538 3609 Cernis
1565 3561 1709 3608 certe
1736 3567 1893 3623 quam
1936 3551 2006 3607 sit

412 3650 792 3715 necessarium,
825 3657 883 3702 ut
909 3647 1044 3703 sciat
1069 3647 1292 3717 quisque
1318 3645 1459 3715 quod
1487 3646 1739 3715 loquitur.

485 3740 713 3798 CAPUT
739 3737 959 3793 XXXV.
985 3767 1057 3779 --
1083 3737 1174 3794 81.
1213 3737 1403 3791 Ρετιι.
1441 3735 1574 3790 dixit
1605 3754 1617 3790 :
1648 3735 1826 3808 Neque
1871 3735 2006 3790 enim

415 3834 642 3907 Spiritus
661 3841 866 3888 sanctus
888 3831 943 3886 in
970 3846 1268 3901 quemquam
1296 3845 1474 3884 manus
1492 3828 1811 3900 impositione
1838 3829 2006 3898 ponti-

415 3928 525 3998 ﬁcis
556 3925 736 3997 poterit
762 3923 937 3990 inseri,
962 3922 1060 3977 nisi
1085 3937 1217 3993 aqua
1248 3936 1390 3991 purae
1430 3920 1745 3975 conscientia:
1786 3937 2002 3990 praeces-

415 4020 536 4076 serit
564 4015 870 4090 generntrix.

462 4108 552 4165 82.
585 4109 718 4164 Auc.
733 4103 1007 4177 respondit
1044 4122 1057 4160 :
1077 4103 1132 4159 in
1146 4103 1228 4159 his
1244 4102 1425 4174 paucis
1445 4102 1621 4159 verbis
1642 4103 1745 4158 tuis
1760 4102 1866 4159 duo
1882 4113 2005 4159 sunt

415 4215 648 4256 errores.
689 4199 756 4254 Et
778 4213 915 4253 unus
940 4196 1154 4269 quidem
1197 4195 1266 4251 ad
1314 4196 1661 4266 quaestionem
1709 4212 1827 4267 quae
1867 4197 2004 4266 inter

416 4308 516 4349 nos
543 4290 845 4356 discutitur,
894 4304 1001 4344 non
1027 4287 1182 4344 valde
1216 4288 1468 4359 pertinet,
1512 4287 1604 4343 sed
1635 4295 1687 4342 te
1722 4288 2003 4358 imperitia:

415 4383 674 4456 coarguit.
715 4381 848 4438 Nam
875 4380 928 4437 in
953 4389 1168 4437 centum
1198 4379 1383 4451 viginti
1408 4379 1652 4434 homines
1679 4379 1796 4435 sine
1820 4379 2001 4450 cujus-

415 4491 576 4549 quam
605 4489 794 4531 manus
826 4472 1187 4544 impositione,
1218 4471 1270 4525 in
1309 4469 1615 4526 Cornelium
1649 4485 1778 4525 vero
1802 4470 2003 4526 Centu-

416 4568 620 4625 rionem
648 4574 702 4623 et
741 4579 835 4621 eos
863 4565 1104 4635 quicum
1148 4561 1238 4616 illo
1276 4569 1448 4628 erant,
1489 4561 1650 4616 etiam
1694 4561 2003 4632 priusquam

419 4659 834 4730 baptizarentur,
859 4654 1088 4726 Spiritus
1113 4658 1330 4707 sanctus
1356 4651 1570 4708 advenit
1597 4651 1731 4722 (Act.
1763 4668 1802 4718 ι,
1835 4652 2000 4719 15;",

416 4754 451 4806 4
475 4767 490 4818 ;
519 4759 564 4806 et
591 4765 647 4816 χ,
677 4748 794 4820 44).
823 4747 975 4802 Alter
1002 4754 1179 4800 autem
1210 4757 1361 4799 error
1390 4742 1444 4797 in
1472 4743 1554 4797 his
1581 4741 1756 4798 verbis
1788 4743 1890 4798 tuis
1921 4749 2003 4798 to-

419 4855 525 4900 tam
542 4857 755 4899 causam
772 4849 998 4897 vestram
1014 4838 1224 4910 penitus
1246 4836 1475 4908 perimit.
1491 4835 1632 4892 Dicis
1648 4836 1790 4892 enim
1811 4851 2003 4908 aquam

421 4949 570 5007 purae
600 4932 940 4989 conscientia:
973 4929 1275 5002 prmccdere
1308 4937 1557 4999 oportere
1593 4928 2000 4998 generatricem,

420 5039 478 5085 ut
517 5027 746 5100 Spiritus
787 5034 1001 5082 sanctus
1028 5030 1404 5096 consequatur.
1450 5021 1679 5079 Proinde
1703 5029 1793 5076 aut
1829 5022 2004 5078 omnis

420 5134 557 5191 aqua
586 5119 636 5174 in
666 5116 880 5173 nomine
908 5116 1081 5172 Patris
1103 5126 1158 5172 et
1176 5115 1295 5171 Filii
1325 5123 1377 5171 et
1405 5113 1633 5186 Spiritus
1675 5114 1843 5169 sancti
1876 5129 2006 5171 con-

420 5220 624 5269 secrata
651 5225 797 5282 purae
824 5208 1162 5265 conscientiae
1185 5216 1286 5271 est,
1319 5221 1422 5263 non
1453 5218 1670 5278 prepter
1698 5220 1789 5263 eos
1810 5221 1840 5260 a
1881 5205 2002 5277 qui-

421 5306 521 5362 bus
549 5303 908 5369 ministratur,
941 5300 1024 5356 vel
1054 5314 1083 5355 a
1113 5301 1303 5372 quibus
1338 5300 1610 5372 accipitur,
1651 5298 1745 5355 sed
1792 5307 2004 5370 propter

422 5401 572 5457 ilum
601 5396 690 5470 qui
714 5396 856 5452 hunc
883 5395 1210 5467 Baptismum
1228 5393 1600 5449 immaculatus
1622 5392 1847 5448 instituit
1875 5411 1888 5447 :
1915 5401 2007 5449 aut

422 5509 468 5550 st
491 5506 682 5565 aquam
715 5504 859 5561 pune
887 5486 1227 5544 conscientia:
1269 5502 1374 5541 non
1403 5484 1528 5540 facit
1566 5486 1666 5540 nisi
1713 5501 1841 5556 pura
1871 5501 2004 5541 con-

423 5586 641 5642 scientia
688 5592 742 5638 ct
789 5577 1135 5637 ministrantis
1181 5576 1433 5641 hominis,
1463 5586 1516 5631 et
1553 5578 1844 5643 sumentis;
1881 5577 2005 5648 quid

425 5677 577 5756 agitis
605 5676 673 5734 de
698 5675 760 5729 iis
782 5688 914 5754 quos
936 5669 1180 5729 invenitis
1209 5668 1275 5725 ab
1305 5670 1381 5725 eis
1424 5669 1732 5742 baptizatos,
1757 5670 1844 5746 qui
1877 5683 2007 5745 non-

1265 188 1542 247 CONTRA
1579 183 1919 244 LITTERAS
1957 181 2320 255 PETILIANI,
2361 185 2421 243 S.
2462 188 2834 248 AUGUSTINI

3589 202 3702 262 288

2099 305 2224 362 dum
2248 307 2444 377 proditi
2467 312 2850 370 conscientiam
2880 317 3204 375 maculosum
3225 321 3485 394 gerebant
3511 341 3526 379 :
3556 340 3703 397 prte-

2097 400 2280 455 sertim
2309 402 2355 457 si
2383 403 2522 459 inter
2550 405 2682 461 istos
2721 405 3015 480 baptizatos
3043 412 3232 484 aliquis
3272 417 3486 485 existat,
3517 419 3611 491 qui
3637 437 3703 479 se

2099 491 2328 549 fateatur
2354 496 2550 552 malam
2581 513 2701 554 cum
2733 499 3092 571 baptizaretur
3130 505 3384 566 habuisse
3411 513 3703 570 conscien-

2101 588 2248 654 tiam,
2277 588 2418 658 quod
2450 604 2544 660 per
2573 591 2718 646 illam
2747 592 2882 649 forte
2900 597 3237 655 occasionem
3263 601 3332 657 ad
3352 603 3570 676 aliquod
3598 606 3699 663 fla-

2099 679 2284 750 gitium
2339 683 2621 752 pervenire
2661 685 2954 744 voluisset?
2980 690 3113 746 Cum
3158 708 3286 765 ergo
3324 697 3480 752 vobis
3527 697 3699 756 fuerit

2099 771 2514 840 manifestatum,
2558 790 2658 832 nec
2683 777 2830 833 illum
2871 781 2961 850 qui
3001 783 3341 852 ministravit,
3392 805 3492 846 nec
3540 791 3691 848 illum

2099 862 2188 932 qui
2217 865 2782 938 acccpitBaptismum,
2807 886 2992 941 puram
3011 873 3260 934 habuisse
3279 882 3692 953 conscientiam,

2099 953 2274 1010 denuo
2293 956 2668 1028 baptizandum
2698 975 2818 1018 esse
2844 965 3171 1022 censebitis?
3210 969 3556 1044 Nequaquam
3590 975 3698 1033 hoc

2100 1044 2358 1115 dicturus,
2385 1065 2718 1123 nequaquam
2747 1051 2983 1111 facturus
3005 1073 3083 1114 es.
3137 1059 3391 1133 Baptismi
3434 1080 3567 1138 ergo
3594 1084 3700 1139 pu-

2101 1139 2230 1196 ritas
2249 1156 2279 1195 a
2301 1142 2529 1212 puritate
2550 1146 2631 1202 vel
2663 1147 2997 1205 immunditia
3022 1154 3385 1226 conscientiae,
3414 1159 3530 1217 sive
3556 1161 3694 1220 dan-

2103 1231 2169 1327 tis
2195 1233 2315 1327 sive,
2335 1235 2665 1307 accipientis,
2694 1240 2913 1296 omnino
2954 1242 3201 1301 distincta
3231 1256 3334 1304 est.
3366 1251 3520 1309 Aude
3557 1269 3692 1327 ergo

2097 1322 2207 1393 jam
2267 1324 2448 1382 dicere
2498 1343 2644 1398 pura:
2692 1333 3032 1391 conscientiae
3083 1337 3245 1395 fuisse
3299 1322 3689 1416 fraudatorem,

2102 1421 2393 1516 raptorem,
2424 1419 2748 1490 pupillorum
2765 1431 2819 1478 et
2835 1424 3110 1483 viduarum
3136 1444 3534 1504 oppressorem,
3563 1453 3698 1496 con-

2098 1520 2367 1576 iugiorum
2416 1520 2818 1582 separatorem,
2884 1517 3326 1588 patrimoniorum
3390 1527 3698 1587 alienorum

2104 1597 2452 1689 proditorem,
2487 1603 2841 1676 venditorem,
2883 1608 3169 1668 divisorem
3189 1612 3288 1689 (a).
3338 1617 3491 1675 Aude
3528 1610 3699 1680 etiam

2104 1688 2283 1747 dicere
2303 1708 2448 1764 purae
2469 1696 2812 1754 conscientia:
2836 1699 3002 1758 fuisse
3021 1703 3160 1772 illos,
3185 1688 3320 1777 quos
3337 1709 3532 1768 talibus
3561 1722 3703 1770 tem-

2105 1785 2323 1855 poribus
2349 1785 2581 1844 defuisse
2601 1789 2815 1847 diftieile
2841 1801 2924 1849 est
2956 1813 2969 1848 :
2999 1795 3044 1851 si
3070 1797 3160 1868 qui
3187 1799 3324 1857 forte
3349 1817 3455 1858 non
3478 1815 3702 1876 propter

2105 1875 2399 1946 Christum,
2441 1895 2540 1936 nec
2566 1892 2783 1954 propter
2811 1887 2975 1942 vitam
3015 1897 3290 1960 aeternam,
3332 1894 3427 1950 sed
3477 1875 3700 1969 propter

2106 1971 2368 2026 amicitias
2391 1980 2631 2030 terrenas
2656 1977 3035 2048 conciliandas,
3069 1990 3124 2038 et
3160 1984 3480 2055 cupiditates
3522 1997 3700 2047 terre-

2107 2079 2205 2118 nas
2233 2066 2532 2136 satiandas,
2577 2069 2645 2124 ab
2692 2070 2783 2125 illo
2827 2079 2884 2126 ut
2937 2073 3332 2144 baptizarentur
3370 2082 3700 2141 ambierunt.

2108 2154 2277 2211 Porro
2303 2157 2349 2211 si
2379 2157 2478 2214 hos
2509 2175 2652 2229 pura:
2677 2163 3020 2220 conscientiae
3049 2165 3215 2224 fuisse
3256 2186 3365 2227 non
3408 2173 3578 2231 audes
3614 2176 3704 2233 di-

2109 2261 2265 2314 cere;
2302 2249 2346 2303 si
2374 2264 2508 2320 quos
2532 2266 2597 2306 ex
2614 2267 2679 2308 eo
2705 2269 2931 2310 numero
2957 2259 3226 2327 repereris
3267 2261 3588 2333 baptizatos,
3627 2268 3703 2324 da

2109 2355 2188 2395 ets
2230 2356 2386 2412 quam
2432 2358 2537 2399 non
2567 2356 2890 2416 acceperunt
2916 2363 3107 2420 aquam
3147 2367 3295 2423 pura:
3315 2358 3700 2417 conscientiae:

2109 2433 2252 2503 quod
2277 2434 2321 2488 si
2352 2450 2459 2490 non
2494 2436 2641 2504 facis,
2675 2438 2858 2496 desine
2891 2440 3147 2499 adversus
3177 2459 3276 2500 nos
3313 2446 3516 2517 jactare
3554 2453 3706 2524 quod

2111 2541 2217 2581 non
2238 2527 2408 2630 .nosti,
2435 2543 2503 2584 ne
2533 2530 2742 2601 cogaris
2767 2531 3024 2590 adversus
3049 2549 3147 2591 nos
3190 2539 3516 2608 respondere
3553 2543 3704 2615 quod

2113 2629 2273 2673 nosti.

2181 2710 2407 2768 CAPUT
2449 2710 2688 2768 XXXVI.
2751 2742 2820 2755 --
2851 2715 2939 2775 83.
2978 2716 3162 2774 PETIL.
3196 2718 3329 2776 dixit
3353 2723 3485 2792 :Qui
3527 2725 3708 2799 utique

2112 2802 2337 2874 Spiritus
2362 2814 2563 2859 sanctus
2609 2806 2662 2859 in
2687 2821 2771 2861 vos
2792 2807 2957 2862 venire
2985 2825 3085 2863 non
3115 2812 3299 2880 potuit,
3326 2828 3450 2885 quos
3485 2831 3589 2870 non
3625 2818 3707 2872 uel

2112 2896 2416 2965 poenitentia:
2443 2896 2722 2967 baptismus
2763 2898 2955 2966 abluit;
2993 2901 3084 2956 sed
3109 2904 3416 2973 paenitenda,
3457 2908 3599 2978 quod
3623 2925 3707 2966 ve-

2111 3003 2224 3041 rum
2250 2997 2340 3053 est,
2368 3004 2500 3058 aqua
2520 2989 2702 3059 polluit
2721 2992 3000 3048 traditoris.

2183 3082 2273 3138 84.
2307 3082 2442 3138 Auc.
2470 3085 2748 3155 respondit
2783 3103 2796 3138 :
2821 3086 3129 3147 Traditores
3153 3091 3366 3162 quidem
3395 3108 3504 3151 non
3524 3095 3704 3154 solum

2112 3191 2210 3232 nos
2239 3192 2346 3232 non
2389 3179 2648 3248 probatis,
2699 3181 2796 3237 sed
2837 3198 2936 3240 nec
2981 3195 3158 3254 patres
3187 3187 3346 3242 vestri
3375 3197 3555 3258 patres
3607 3206 3706 3247 uo-

2111 3277 2253 3325 stros
2273 3270 2500 3340 probare
2521 3281 2843 3342 potuerunt:
2895 3277 2983 3346 qui
3011 3275 3056 3332 si
3084 3277 3292 3348 probati
3331 3291 3552 3348 essent,
3593 3298 3702 3339 non

2111 3361 2293 3433 utique
2346 3372 2522 3434 patres
2560 3366 2728 3420 nostri
2781 3377 2998 3436 essent,
3047 3370 3337 3426 secundum
3383 3381 3529 3428 tuam
3577 3390 3703 3430 su--

2110 3455 2378 3526 perierem
2431 3459 2824 3528 assertionem,
2896 3476 3124 3532 quorum
3187 3480 3292 3519 non
3337 3481 3581 3523 essemus
3627 3468 3706 3524 fa-

2111 3553 2196 3600 cta
2244 3547 2430 3602 sectati
2480 3565 2492 3601 :
2548 3563 2649 3603 nec
2698 3557 2875 3606 tamen
2936 3563 3156 3623 propter
3205 3570 3298 3611 eos
3350 3572 3379 3610 a
3427 3561 3703 3616 consortio

2111 3637 2483 3694 divelleremur
2523 3642 2759 3707 unitatis,
2809 3651 2864 3699 et
2905 3659 2936 3699 a
2971 3646 3174 3703 semine
3216 3649 3445 3706 Abrahae
3487 3652 3540 3706 in
3596 3669 3704 3725 quo

2112 3731 2497 3788 benedicuntur
2521 3748 2706 3790 omnes
2736 3744 2922 3806 gentes
2965 3736 3128 3810 (Gen.
3152 3756 3285 3804 χχιι,
3317 3742 3432 3812 I8).
3474 3743 3703 3801 Verum-

2117 3834 2291 3879 tamen
2345 3826 2388 3880 si
2439 3827 2541 3880 alia
2595 3835 2680 3883 est
2739 3844 2872 3898 aqua
2927 3829 3142 3896 Christi,
3186 3841 3240 3886 et
3284 3833 3388 3887 alia
3439 3843 3523 3890 est
3561 3851 3700 3907 aqua

2115 3917 2401 3984 traditoris,
2429 3918 2551 3988 quia
2579 3934 2683 3974 non
2731 3919 2830 3975 fuit
2868 3920 3091 3976 traditor
3125 3922 3397 3990 Christus;
3449 3941 3545 3981 cur
3591 3943 3700 3984 non

2110 4010 2213 4064 alia
2265 4011 2334 4064 sit
2378 4025 2513 4080 aqua
2563 4011 2792 4078 Christi,
2848 4022 2902 4068 et
2966 4014 3066 4068 alia
3113 4015 3184 4069 sit
3240 4030 3375 4087 aqua
3427 4019 3697 4089 raptoris,

2109 4101 2234 4174 quia
2282 4117 2381 4160 nec
2427 4113 2610 4174 raptor
2637 4103 2816 4177 utique
2855 4105 2952 4162 fuit
2983 4106 3272 4165 Christus?
3312 4109 3529 4181 Baptiza
3570 4128 3700 4186 ergo

2113 4201 2167 4247 tu
2194 4203 2314 4264 post
2350 4205 2620 4265 raptorem
2651 4205 2838 4264 tuum,
2879 4206 2930 4252 et
2974 4198 3254 4270 baptizabo
3281 4216 3381 4272 ego
3425 4211 3548 4272 post
3594 4212 3700 4260 tra-

2111 4285 2339 4342 ditorem
2371 4300 2468 4342 nec
2510 4302 2687 4342 meum
2717 4302 2817 4343 nec
2852 4297 3032 4356 tuum;
3087 4297 3179 4344 aut
3220 4290 3266 4345 si
3315 4290 3518 4347 chartis
3571 4310 3700 4367 pro-

2111 4381 2233 4436 latis
2261 4381 2588 4437 credendum
2633 4391 2747 4447 est,
2791 4392 2846 4438 et
2873 4398 3054 4439 meum
3109 4393 3164 4440 et
3198 4392 3381 4454 tuum;
3416 4388 3461 4442 si
3517 4398 3696 4446 autem

2112 4472 2637 4528 communioniorbis
2660 4481 2921 4528 terrarum
2947 4475 3117 4545 magis
3136 4491 3298 4547 quam
3322 4479 3460 4548 parti
3481 4480 3693 4550 Donati,

2113 4575 2219 4617 non
2253 4577 2430 4618 meum
2453 4604 2467 4629 ,
2501 4562 2595 4618 sed
2626 4570 2794 4618 tuum.
2823 4563 3040 4620 Meliore
3069 4581 3199 4622 vero
3231 4575 3285 4623 et
3311 4569 3530 4626 saniore
3569 4586 3693 4628 sen-

2114 4653 2308 4717 tentia,
2347 4654 2470 4724 quia
2510 4654 2802 4709 secundum
2859 4655 3207 4725 apostolicam
3235 4673 3460 4727 vocem,
3515 4678 3684 4719 unus-

2112 4745 2336 4816 quisque
2383 4754 2623 4800 nostrum
2653 4746 2929 4818 proprium
2956 4761 3092 4803 onus
3121 4749 3355 4820 portabit
3385 4750 3589 4822 (Colat.
3620 4771 3693 4823 vt,

2111 4835 2182 4909 5)
2209 4853 2223 4902 ;
2256 4851 2355 4893 nec
2385 4837 2473 4894 ille
2499 4845 2682 4908 raptor
2702 4845 2879 4895 vester
2899 4847 3002 4906 est,
3033 4849 3295 4912 quotquot
3315 4858 3427 4899 non
3451 4845 3585 4902 estis
3610 4862 3696 4904 ra-

2113 4939 2314 5001 ptores,
2348 4946 2448 4987 nec
2484 4931 2764 5002 quisquam
2793 4931 3020 4988 traditor
3070 4943 3163 4989 aut
3190 4944 3374 4992 noster
3399 4945 3491 4994 aut
3520 4949 3697 4997 vester

2113 5033 2227 5088 est,
2254 5032 2513 5095 quotquot
2539 5039 2644 5078 non
2670 5039 2854 5078 sumus
2899 5023 3198 5086 traditores.
3239 5026 3308 5082 Et
3329 5025 3450 5084 ideo
3477 5044 3581 5086 nos
3606 5047 3693 5087 su-

2113 5133 2233 5173 mus
2283 5116 2530 5172 catholici
2559 5158 2572 5182 ,
2601 5116 2690 5188 qui
2717 5116 3014 5173 secundum
3045 5119 3203 5176 istam
3233 5123 3555 5178 sententiam
3584 5137 3691 5179 non

2113 5209 2410 5266 deserimus
2433 5209 2691 5266 unitatem
2719 5229 2732 5266 :
2764 5226 2859 5268 vos
2888 5227 3020 5268 vero
3045 5211 3282 5270 haeretici
3303 5254 3320 5280 ,
3367 5215 3456 5286 qui
3484 5225 3695 5287 propter

2113 5303 2770 5376 quorumdamhominum
2791 5305 3015 5362 crimina
3037 5321 3134 5363 seu
3162 5322 3289 5363 vera
3303 5321 3398 5363 seu
3413 5306 3569 5378 falsa,
3592 5321 3691 5368 nun

2115 5400 2277 5454 vultis
2306 5408 2492 5454 tenere
2525 5413 2644 5453 cum
2670 5398 2898 5454 Abrahae
2921 5399 3129 5456 semine
3145 5399 3481 5456 charitatem.

2185 5489 2410 5547 CAPUT
2441 5489 2701 5546 XXXVII.
2730 5520 2803 5530 -
2829 5489 2917 5547 85.
2952 5491 3139 5550 PsrtL.
3168 5491 3302 5552 dixit
3332 5510 3345 5548 :
3377 5493 3486 5552 Sed
3513 5504 3567 5551 ut
3589 5495 3690 5560 Itan;

2184 5674 2257 5752 (α)
2281 5681 2500 5745 Optatum
2522 5676 2862 5732 (;ilu_lonianum.
