3796 6128
68 329 163 388 ,8,
958 359 962 364 .
1029 356 1051 362 ..
1397 311 1602 370 LIBER
1637 305 2015 370 suemus.

71 448 125 500 ab
142 441 401 513 Apostolis
427 441 567 514 facta
593 435 916 509 praeluceant,
945 447 1117 487 eorum
1137 429 1329 484 actibus
1355 426 1640 492 edocemur,

73 540 187 594 sicut
207 535 458 604 scriptum
498 541 616 586 est:
649 547 668 582 ι
706 526 922 581 Factum
965 533 1037 579 est
1085 531 1252 576 autem
1292 521 1413 574 dum
1462 517 1649 588 Apollo

74 637 185 683 esset
213 625 468 690 Corinthi,
500 622 697 676 Paulus
730 616 1085 691 perambulatis
1108 614 1446 686 superioribus
1489 609 1651 681 parti-

76 718 158 773 bus
184 717 318 772 venit
366 716 644 787 Ephesum.
675 711 742 766 Et
768 728 882 766 cum
914 709 1183 764 invenisset
1224 705 1471 777 quosdam
1499 702 1655 756 disci-

79 813 238 882 pulos,
268 810 399 864 dixit
429 809 533 862 illis
566 823 585 862 :
617 806 678 861 Si
709 805 958 875 Spiritum
981 811 1210 857 sanctum
1239 797 1501 868 accepistis
1543 810 1656 849 cre-

79 903 283 956 dentes?
313 903 372 954 At
399 900 475 954 illi
502 899 734 952 dixerunt
765 912 782 949 :
810 894 916 950 Sed
943 910 1098 964 neque
1121 892 1163 946 si
1188 899 1258 945 est
1290 888 1513 958 Spiritus
1540 902 1658 940 san-

79 1006 179 1049 ctus
199 993 508 1048 audivimus.
534 988 774 1059 Dixitque
805 985 1038 1040 Paulus:
1064 982 1125 1037 In
1150 999 1248 1054 quo
1273 996 1389 1051 ergo
1419 975 1660 1048 baptizati

81 1088 189 1140 estis
207 1084 234 1137 ?
261 1083 330 1138 Et
354 1081 718 1152 responderunt
741 1078 960 1132 dicentes
986 1073 1240 1130 :Ioannis
1264 1071 1546 1142 Baptismo.
1577 1066 1662 1121 Ait

83 1186 241 1229 autem
289 1172 487 1227 Paulus
517 1187 537 1226 :
563 1169 790 1225 Joannes
836 1167 1105 1239 baptizavit
1128 1164 1374 1236 baptismo
1418 1159 1664 1233 poeniten-

85 1269 178 1335 tite,
213 1267 348 1338 plebi
375 1267 566 1331 dicens,
604 1264 658 1318 in
683 1279 794 1317 eum
820 1261 905 1332 qui
930 1267 1168 1313 venturus
1197 1263 1319 1311 esset
1345 1262 1456 1326 post
1499 1253 1666 1323 ipsum

87 1369 134 1412 ut
161 1357 444 1422 crederent,
488 1355 581 1409 hoc
605 1363 697 1419 est,
724 1353 778 1406 in
795 1349 974 1406 Iesum
995 1349 1248 1404 Christum
1276 1345 1547 1399 Dominum
1578 1358 1670 1395 no-

87 1459 259 1502 strum.
308 1448 422 1515 Quo
449 1445 646 1511 audito,
696 1442 938 1514 baptizati
975 1449 1092 1494 sunt
1135 1439 1188 1491 in
1226 1436 1427 1490 nomine
1465 1431 1671 1486 Domini

90 1541 241 1594 nostri
291 1537 416 1594 Jesu
446 1536 648 1592 Christi.
699 1533 765 1588 Et
815 1549 931 1586 cum
971 1529 1288 1600 imposuisset
1337 1524 1440 1578 illis
1491 1537 1673 1576 manus

92 1630 306 1694 Paulus,
331 1629 462 1682 venit
489 1627 711 1697 Spiritus
737 1636 941 1679 sanctus
960 1638 1110 1693 super
1134 1619 1270 1674 illos.
1317 1615 1676 1687 Loquebantur

94 1732 256 1777 autem
299 1722 453 1775 variis
482 1719 688 1790 linguis,
722 1729 767 1771 et
794 1714 1179 1787 prophetabant.
1221 1708 1290 1764 Et
1335 1718 1477 1763 erant
1509 1720 1678 1760 omnes

95 1813 184 1867 viri
213 1815 317 1885 fere
344 1810 610 1865 duodecim
639 1827 657 1860 ›
693 1807 826 1880 (Act.
863 1821 974 1869 XIX,
1012 1802 1152 1875 1-7).
1183 1800 1245 1856 Si
1271 1799 1426 1871 igitur
1455 1797 1532 1850 illi
1565 1803 1681 1849 sunt

98 1907 330 1976 baptizati
349 1944 365 1970 ,
396 1913 452 1958 ut
483 1903 734 1972 Spiritum
760 1907 990 1954 sanctum
1014 1895 1310 1966 reciperent,
1339 1908 1428 1945 cur
1453 1905 1552 1943 non
1571 1903 1679 1952 vos,

100 2000 138 2053 si
165 2007 395 2053 sanctum
418 1995 568 2050 cultis
587 1992 838 2064 Spiritum
859 2005 1070 2055 sumere,
1100 1995 1209 2055 post
1236 1993 1398 2041 vestra
1423 1979 1686 2036 mendacia

101 2107 260 2145 verum
285 2088 544 2161 percipitis
573 2082 880 2140 novitatem?
909 2081 1008 2148 Qui
1052 2080 1096 2134 si
1138 2077 1269 2132 male
1300 2075 1394 2128 hoc
1441 2073 1684 2143 facimus,

104 2202 252 2256 quare
291 2201 386 2239 nos
426 2180 693 2254 quaeritis?
721 2187 807 2232 aut
837 2184 969 2231 certe
997 2175 1040 2229 si
1067 2173 1259 2227 crimen
1307 2178 1419 2234 est,
1466 2165 1690 2220 Paulum

107 2280 334 2352 primitus
362 2277 693 2332 condemnate
709 2288 728 2337 ;
749 2271 835 2343 qui
865 2269 1036 2339 utique
1065 2265 1260 2318 Paulus
1286 2260 1420 2331 quod
1439 2261 1552 2330 jam
1582 2261 1693 2328 fue-

108 2347 182 2424 rat
205 2368 385 2435 abluit,
416 2382 510 2421 nos
535 2375 704 2419 autem
726 2363 778 2416 in
806 2360 943 2415 vobis
971 2356 1111 2428 quod
1148 2353 1372 2409 nondum
1408 2359 1480 2405 est
1528 2347 1693 2418 bapti-

110 2477 296 2516 zamus.
327 2457 451 2512 Non
481 2456 616 2511 enim
638 2470 743 2521 vos,
779 2460 834 2506 ut
862 2465 996 2520 scepe
1010 2449 1124 2518 jam
1149 2445 1389 2508 diximus,
1423 2456 1536 2494 vero
1577 2437 1691 2491 Ba-

115 2555 338 2624 ptismate
367 2551 596 2622 tingitis,
639 2548 727 2603 sed
754 2545 895 2600 inani
941 2539 1181 2597 uocabulo
1222 2537 1341 2609 falsi
1383 2532 1696 2606 baptismatis

114 2645 390 2719 infamatis.

181 2737 273 2794 86.
311 2737 451 2791 Ave.
496 2731 776 2803 respondit
805 2747 817 2782 :
850 2726 1074 2784 Paulum
1104 2737 1210 2779 non
1242 2731 1576 2784 accusamus,
1609 2713 1700 2786 qui

119 2830 262 2886 dedit
288 2825 594 2883 hominibus
620 2822 951 2894 Baptismum
980 2815 1179 2874 Christi
1203 2856 1218 2882 ,
1246 2813 1368 2883 quia
1395 2824 1503 2865 non
1533 2807 1701 2863 habe-

119 2923 246 2978 bant
276 2919 609 2991 Baptismum
631 2913 847 2981 Christi,
872 2911 967 2968 sed
993 2909 1317 2981 baptismum
1345 2905 1586 2972 Joannis,
1613 2915 1703 2958 se-

121 3014 347 3071 cundum
389 3013 628 3083 ipsorum
667 3006 1103 3078 responsionem;
1146 3002 1235 3073 qui
1276 2997 1620 3069 interrogati,
1653 2994 1708 3050 in

125 3122 227 3180 quo
253 3103 505 3178 baptizati
530 3110 748 3166 essent,
780 3095 1206 3170 responderunt,
1247 3091 1517 3163 Baptismo
1541 3087 1708 3145 Joan-

126 3178 206 3255 nis
233 3216 247 3251 :
275 3197 366 3268 qui
394 3194 463 3251 ad
490 3192 818 3264 Baptismum
847 3187 1043 3246 Christi
1065 3202 1169 3243 non
1193 3184 1441 3256 pertinet,
1464 3196 1564 3237 nec
1593 3178 1710 3250 ejus

127 3306 248 3362 pars
273 3290 382 3346 ulla
410 3289 496 3345 vel
524 3285 719 3360 gradus
744 3292 829 3341 est
851 3302 864 3339 :
885 3281 1118 3354 alioquin
1149 3288 1241 3335 aut
1269 3288 1394 3334 tunc
1419 3275 1711 3332 iterabatur

130 3397 263 3455 aqua
316 3381 576 3452 Baptismi
637 3376 870 3442 Christi,
927 3382 1018 3429 aut
1065 3373 1107 3427 si
1162 3371 1462 3443 Baptismus
1517 3365 1713 3423 Christi

131 3483 256 3530 tunc
287 3489 384 3545 per
417 3471 552 3528 duas
592 3483 756 3541 aquas
799 3464 1192 3538 perﬁciebatur,
1233 3462 1409 3517 minus
1447 3457 1716 3530 perfectus

132 3577 211 3624 est
251 3565 434 3633 modo,
485 3564 608 3635 quia
662 3577 769 3617 non
804 3559 959 3615 datur
1009 3558 1094 3612 illa
1144 3570 1263 3626 qua:
1317 3567 1414 3624 per
1458 3549 1716 3605 Joannem

134 3661 358 3716 dabatur
384 3677 398 3712 :
422 3657 695 3730 quodlibet
717 3662 895 3710 autem
927 3652 1117 3707 horum
1152 3648 1370 3720 impium
1415 3653 1470 3702 et
1501 3641 1720 3701 sacrile-

137 3768 257 3824 gum
290 3761 374 3808 est
393 3750 619 3822 opinari.
649 3747 804 3804 Dedit
827 3759 954 3814 ergo
985 3743 1178 3800 Paulus
1205 3740 1530 3813 Baptismum
1569 3733 1722 3792 Chri-

140 3847 204 3901 sti
241 3846 323 3902 eis
374 3845 467 3916 qui
514 3859 620 3900 non
667 3840 994 3912 Baptismum
1042 3836 1236 3893 Christi
1280 3834 1584 3898 habebant,
1626 3827 1722 3886 sed

142 3939 380 3996 Joannis.

211 4033 302 4089 87.
333 4033 440 4088 Cur
463 4037 640 4085 autem
669 4027 763 4084 illo
792 4035 1032 4096 tempore
1062 4019 1393 4078 necessarius
1432 4015 1592 4072 fuerit
1628 4013 1724 4070 ba-

146 4126 370 4198 ptismus
395 4122 616 4180 Joannis
634 4164 649 4190 ,
685 4121 776 4192 qui
804 4133 943 4176 nunc
967 4117 1078 4190 jam
1104 4112 1438 4172 necessarius
1467 4125 1575 4165 non
1603 4115 1684 4163 est
1709 4147 1724 4172 ,

147 4228 199 4274 et
223 4217 352 4272 alibi
376 4215 627 4282 diximus,
653 4221 708 4269 et
735 4227 878 4268 nunc
901 4210 967 4266 ad
987 4224 1100 4266 rem
1125 4221 1245 4278 quae
1271 4205 1410 4260 inter
1434 4216 1532 4258 nos
1556 4199 1729 4271 agitur

150 4325 251 4366 non
309 4308 573 4381 pertinet;
627 4306 730 4362 nisi
776 4299 1146 4360 tantummodo
1190 4305 1248 4353 ut
1296 4295 1538 4350 videatur
1589 4289 1728 4362 quod

152 4401 370 4458 Joannis
417 4399 712 4470 baptismus
757 4396 894 4451 alius
930 4394 1044 4459 fuit,
1094 4389 1293 4446 Christi
1336 4395 1514 4442 autem
1555 4383 1730 4439 alius:

154 4497 288 4552 sicut
317 4493 457 4549 alius
485 4491 583 4547 fuit
611 4491 700 4546 ille
727 4489 1020 4559 baptismus
1043 4527 1059 4551 ,
1103 4485 1156 4540 in
1187 4496 1292 4554 quo
1317 4489 1495 4552 patres
1521 4484 1736 4532 nostros

156 4588 279 4644 dicit
303 4583 594 4658 Apostolus
617 4581 911 4653 baptizatos
935 4579 990 4634 in
1021 4575 1163 4632 nube
1183 4584 1237 4630 et
1266 4574 1318 4628 in
1343 4571 1499 4638 mari,
1522 4566 1736 4640 quando

155 4697 247 4753 per
269 4679 491 4752 Moysen
519 4676 756 4731 Rubrum
781 4688 929 4729 mare
955 4670 1279 4726 transierunt
1306 4664 1352 4737 (Ι
1369 4663 1486 4720 Cor.
1505 4679 1559 4728 x,
1584 4663 1636 4728 l,
1654 4659 1734 4732 2).

160 4773 260 4830 Lex
287 4773 433 4828 enim
460 4777 516 4824 et
539 4767 823 4837 Propheta:
852 4778 1020 4834 usque
1055 4762 1122 4816 ad
1161 4759 1421 4815 Joannem
1447 4755 1737 4825 Baptistam

162 4869 490 4919 sacramenta
536 4858 805 4914 habebant
847 4851 1257 4927 praenuntiantia
1304 4865 1419 4905 rem
1465 4849 1737 4903 futuram:

164 4957 322 5012 nostri
363 4968 495 5009 vero
539 4951 796 5021 temporis
839 4949 1182 5004 Sacramenta
1213 4942 1424 4997 venisse
1455 4948 1734 5004 testantur,

163 5048 296 5120 quod
323 5048 412 5102 illa
443 5053 728 5100 venturum
748 5055 868 5097 esse
891 5037 1268 5110 prmdicabant.
1300 5033 1533 5089 Joannes
1563 5031 1739 5102 itaque

165 5141 398 5195 oninium
432 5135 842 5210 praecedentium
871 5133 1150 5206 proximus
1176 5128 1375 5184 Christi
1403 5127 1744 5181 annuntiator

168 5233 276 5288 luit.
322 5233 390 5288 Et
419 5230 545 5302 quia
575 5243 763 5284 omnes
808 5225 1140 5297 superiorum
1183 5231 1482 5291 temporum
1518 5218 1648 5290 justi
1691 5227 1746 5274 et

171 5327 435 5397 prophetzn
461 5323 749 5394 cupiebant
789 5320 973 5376 videre
1011 5317 1355 5386 completum,
1402 5312 1543 5384 quod
1591 5326 1746 5368 reve-

173 5418 302 5473 lante
331 5415 539 5487 Spiritu
580 5413 812 5468 futurum
849 5426 969 5468 esse
996 5407 1312 5474 cernebant;
1366 5405 1505 5461 unde
1541 5413 1596 5460 et
1633 5404 1747 5475 ipse

174 5507 422 5565 Dominus
447 5507 596 5570 dicit,
627 5506 880 5575 Quoniam
903 5503 1049 5558 multi
1063 5502 1195 5574 justi
1219 5510 1265 5556 et
1295 5499 1553 5572 propheta:
1574 5499 1751 5570 cupie-

175 5611 281 5656 runt
301 5601 469 5656 videre
491 5615 607 5668 qute
627 5597 804 5653 uidetis
825 5640 840 5664 ,
867 5605 913 5652 et
938 5612 1038 5650 non
1061 5593 1291 5650 uiderunt
1319 5609 1339 5658 ;
1364 5601 1411 5648 et
1438 5591 1616 5646 audire
1641 5605 1754 5662 qua:

177 5693 384 5764 auditis,
432 5701 481 5750 et
529 5707 630 5748 non
684 5690 948 5746 audierunt
999 5686 1225 5761 (Matth.
1271 5701 1398 5750 xm,
1432 5685 1528 5756 l7)
1570 5703 1584 5739 :
1633 5698 1756 5758 pro-

178 5793 351 5860 pterea
395 5786 631 5850 Joannes
674 5783 900 5859 amplius
942 5796 1099 5858 quam
1143 5779 1400 5860 pmpheta
1433 5779 1608 5840 dictus
1647 5788 1753 5849 est,

3232 303 3342 363 290

1757 431 1812 479 et
1853 426 1905 479 in
1944 421 2082 479 natis
2117 419 2400 477 mulierum
2441 433 2548 474 non
2587 417 2837 475 habuisse
2875 415 3166 489 majorem;
3217 417 3342 488 quia

1759 516 2024 587 prioribus
2061 515 2218 585 justis
2254 515 2610 585 prasnuntiare
2657 521 2857 569 tantum
2899 511 3174 569 Christum
3212 527 3345 570 con-

1760 621 1971 663 cessum
1998 616 2101 673 est,
2143 605 2265 661 huic
2288 614 2465 660 autem
2487 612 2542 661 et
2567 605 2924 676 praenuntiam
2949 605 3223 660 absentem
3244 644 3259 669 ,
3289 611 3346 660 et

1761 699 1944 757 videre
1968 708 2306 770 praesentem,
2333 705 2394 753 ut
2421 697 2543 753 huic
2565 698 2862 753 inveniatur
2886 697 3119 767 patuisse
3140 697 3156 728 ί
3199 694 3343 767 quod

1764 792 1840 848 illi
1886 792 2183 862 cupierunt.
2231 791 2298 846 Et
2339 789 2459 846 ideo
2503 797 2890 845 sacramentum
2937 788 3184 860 baptismi
3230 789 3346 858 ejus

1766 885 1939 941 adhuc
1959 885 2024 940 ad
2052 883 2545 956 prmnuntiationem
2570 881 2764 937 Christi
2792 881 3038 952 pertinet,
3066 881 3160 936 sed
3187 881 3343 950 plane

1768 978 2113 1035 novissimam
2143 995 2157 1032 :
2185 975 2434 1048 quoniam
2465 988 2632 1045 usque
2670 973 2737 1028 ad
2780 973 2930 1028 illum
2965 972 3177 1027 fuerunt
3212 986 3350 1042 prae-

1771 1069 2129 1125 nuntiationes
2156 1067 2308 1138 primi
2338 1066 2595 1122 adventus
2621 1065 2867 1131 Domini,
2906 1065 3056 1135 cujus
3097 1063 3355 1120 adventus

1772 1161 1932 1218 modo
1960 1161 2387 1217 annuntiationes
2423 1167 2566 1227 sunt,
2597 1157 2837 1229 jamlnon
2863 1156 3354 1228 praenuntiationes.

1776 1239 1882 1310 Sed
1924 1253 2179 1312 Dominus
2218 1249 2531 1306 humilitatis
2572 1249 2712 1304 viam
2750 1249 2949 1304 docens
2977 1289 2992 1314 ,
3027 1256 3358 1303 sacramenta

1777 1361 1897 1418 qua:
1926 1345 2012 1400 hic
2041 1345 2242 1399 invenlt
2261 1341 2719 1414 praenuntiationis
2746 1357 2855 1397 sua:
2881 1340 3150 1411 suscipere
3175 1339 3360 1410 digna-

1779 1443 1866 1492 tus
1902 1443 2022 1503 est,
2055 1449 2161 1489 non
2199 1433 2265 1488 ad
2303 1447 2413 1488 suae
2441 1431 2769 1503 purgationis
2797 1430 3149 1501 adjutorium,
3181 1429 3273 1485 sed
3297 1427 3363 1483 ad

1779 1536 1978 1585 nostra:
2005 1526 2216 1597 pietatis
2245 1524 2548 1595 exemplum
2578 1541 2591 1579 :
2623 1532 2682 1578 ut
2705 1522 2906 1578 scilicet
2938 1521 3244 1578 ostenderet
3272 1533 3368 1576 no-

1782 1619 1866 1676 bis
1893 1627 2087 1689 quanta
2115 1617 2397 1672 devotione
2425 1615 2696 1686 suscipere
2716 1614 2974 1670 debemus
2997 1629 3060 1670 ea
3078 1628 3198 1684 quae
3219 1613 3368 1668 illum

1781 1711 1894 1782 jam
1917 1710 2128 1766 venisse
2155 1715 2415 1765 testantur
2433 1749 2447 1775 ,
2474 1706 2822 1778 quandogipse
2850 1705 3126 1775 suscipere
3147 1719 3252 1759 non
3277 1701 3372 1759 de-

1787 1803 2033 1874 dignatus
2053 1810 2135 1858 est
2162 1817 2280 1872 qua:
2302 1801 2446 1856 illum
2468 1807 2751 1855 venturum
2778 1797 3095 1870 ﬁgurabant.
3124 1797 3193 1852 Et
3210 1796 3374 1852 Joan-

1790 1909 1886 1950 nes
1913 1907 2040 1965 ergo
2069 1893 2307 1965 quamvis
2349 1891 2620 1962 proximus
2642 1931 2658 1958 ,
2705 1899 2760 1946 et
2803 1888 2940 1944 infra
2972 1904 3135 1944 unum
3174 1903 3372 1943 annum

1792 1995 2092 2042 coaetaneus
2116 2028 2131 2054 ,
2167 1993 2343 2039 tamen
2391 1998 2512 2038 cum
2552 1982 2845 2053 baptizaret
2880 1981 3113 2036 venienti
3157 1980 3378 2050 praeibat

1793 2076 2043 2132 Christo:
2077 2085 2293 2147 propter
2333 2075 2432 2130 hoc
2465 2074 2533 2130 de
2568 2074 2659 2128 illo
2698 2073 2895 2129 dictum
2926 2082 3008 2128 est
3030 2115 3045 2141 ,
3075 2071 3206 2127 Ecce
3233 2073 3375 2127 mitto

1796 2167 2034 2240 angelum
2060 2183 2225 2220 meum
2254 2174 2369 2220 ante
2389 2166 2572 2237 faciem
2606 2174 2776 2233 tuam,
2806 2167 2893 2234 qui
2919 2164 3222 2237 praeparabit
3245 2165 3380 2218 viam

1799 2269 1954 2314 tuam.
1987 2259 2055 2314 Et
2081 2260 2194 2330 ipse
2220 2257 2541 2330 praedicabat
2567 2257 2772 2326 dicens,
2798 2257 2944 2312 Venit
2965 2259 3144 2330 fortior
3174 2273 3251 2311 me
3271 2267 3383 2328 post

1800 2371 1881 2410 me
1914 2353 2181 2426 (Malach.
2220 2368 2310 2420 ιιι,
2344 2353 2397 2419 l,
2425 2358 2472 2406 et
2516 2350 2681 2406 Marc.
2723 2367 2760 2415 ι,
2791 2349 2846 2417 2,
2886 2351 2974 2421 7).
3015 2350 3103 2406 Sic
3131 2365 3258 2421 ergo
3282 2351 3388 2405 cir-

1802 2445 2060 2502 cumcisio
2097 2445 2268 2500 octavi
2306 2443 2410 2499 diei
2439 2458 2558 2514 qua:
2587 2442 2824 2514 patribus
2851 2443 2972 2498 data
2999 2450 3100 2508 est,
3135 2445 3388 2514 prfenun-

1804 2539 1968 2596 tiabat
1990 2538 2422 2610 justilicationem
2447 2545 2710 2602 nostram,
2735 2535 2788 2590 in
2810 2536 3246 2606 exspoliationem
3271 2551 3392 2596 ear-

1806 2631 2006 2686 nalium
2053 2629 2601 2700 concupiscentiarum
2646 2642 2742 2698 per
2787 2627 3234 2683 resurrectionem
3281 2627 3389 2682 Do-

1809 2723 1960 2790 mini,
1987 2737 2104 2792 quae
2128 2730 2247 2792 post
2270 2721 2577 2790 septimum,
2609 2719 2662 2773 id
2689 2727 2770 2774 est
2789 2718 2991 2773 sabbati
3018 2717 3180 2786 diem,
3204 2729 3394 2774 octavo

1810 2816 1917 2883 die,
1946 2815 1999 2871 id
2027 2825 2108 2871 est
2143 2814 2413 2870 dominico
2443 2814 2577 2868 facta
2617 2821 2733 2880 est,
2780 2813 2869 2883 qui
2910 2811 3024 2868 dies
3062 2811 3250 2868 tertius
3275 2818 3396 2882 post

1812 2911 2136 2982 sepulturam
2177 2909 2292 2978 ejus
2330 2906 2560 2962 occurrit
2589 2923 2602 2958 :
2631 2904 2873 2961 eamdem
2921 2913 3096 2961 tamen
3147 2919 3397 2975 premun-

1813 3006 2033 3062 tiantem
2061 3001 2519 3059 circumcisionem
2544 2998 2720 3054 carnis
2753 2997 2926 3054 infans
2962 2996 3206 3053 Christus
3241 3011 3397 3053 acce-

1813 3097 1911 3169 pit.
1957 3095 2026 3150 Et
2062 3090 2508 3166 quemadmodum
2548 3088 2752 3146 Pascha
2796 3089 2940 3161 quod
2969 3103 2999 3144 a
3023 3088 3221 3145 Judzeis
3261 3089 3401 3145 cele-

1816 3187 2071 3245 brabatur
2091 3186 2146 3241 in
2171 3183 2436 3240 occisione
2464 3181 2605 3253 agni,
2628 3180 3017 3252 praenuntiabat
3045 3180 3254 3236 Domini
3283 3194 3402 3251 pas-

1817 3280 2024 3336 sionem
2062 3286 2118 3334 et
2161 3277 2438 3332 transitum
2479 3273 2548 3329 de
2593 3274 2695 3328 hoc
2739 3273 2940 3328 mundo
2977 3270 3044 3327 ad
3085 3272 3318 3340 Patrem,
3350 3280 3406 3328 et

1819 3370 1994 3442 ipsum
2021 3379 2196 3424 tamen
2226 3365 2428 3421 Pascha
2465 3363 2608 3436 quod
2636 3373 2752 3419 erat
2779 3363 2831 3417 in
2869 3361 3054 3417 eadem
3077 3362 3404 3433 praenuntia-

1821 3464 1988 3529 tione,
2011 3461 2150 3517 idem
2172 3460 2427 3514 Dominus
2443 3472 2562 3512 eum
2589 3454 2860 3526 discipulis
2885 3453 3174 3510 celebravit
3192 3453 3406 3525 quando

1823 3555 1872 3612 ei
1903 3561 2281 3625 suggesserunt
2305 3549 2544 3605 dicentes
2563 3589 2579 3613 ,
2615 3546 2712 3602 Ubi
2736 3546 2810 3601 vis
2836 3562 3070 3618 paremus
3100 3546 3189 3601 tibi
3217 3547 3407 3618 pascha

1827 3647 2039 3724 (Matth.
2067 3661 2210 3713 xxvn,
2241 3643 2364 3716 l7)?
2391 3642 2467 3698 sic
2491 3649 2547 3698 et
2564 3640 2884 3712 baptismum
2911 3639 3150 3707 Joannis,
3174 3640 3406 3712 quierat

1826 3742 1880 3798 in
1911 3741 2148 3813 proxima
2177 3737 2295 3809 ejus
2320 3734 2762 3808 prmnuntiatione
2783 3775 2798 3801 ,
2826 3734 2984 3789 etiam
3011 3733 3123 3804 ipse
3148 3733 3401 3804 suscepit.

1829 3832 1937 3889 Sed
1983 3832 2120 3887 sicut
2160 3827 2305 3883 aliud
2341 3835 2423 3882 est
2468 3825 2646 3882 carnis
2684 3823 3018 3880 circumcisio
3063 3823 3406 3892 Judaeorum,

1830 3925 1974 3982 aliud
2001 3933 2178 3980 autem
2204 3921 2346 3994 quod
2373 3928 2562 3978 octavo
2589 3919 2676 3975 die
2709 3919 3093 3989 baptizatorum
3134 3933 3234 3975 nos
3273 3918 3416 3976 cele-

1832 4018 2078 4082 bramus;
2127 4022 2181 4071 et
2212 4012 2355 4068 aliud
2397 4021 2476 4068 est
2517 4010 2720 4067 Pascha
2755 4009 2892 4081 quod
2923 4009 3096 4066 adhuc
3121 4011 3195 4065 illi
3219 4010 3286 4066 de
3314 4025 3416 4068 ove

1833 4109 2103 4167 celebrant
2122 4106 2220 4180 (a),
2239 4104 2380 4160 aliud
2399 4113 2577 4160 autem
2599 4103 2738 4175 quod
2762 4118 2858 4158 nos
2884 4103 2937 4157 in
2961 4118 3184 4173 corpore
3211 4112 3266 4159 et
3290 4117 3417 4158 san-

1834 4201 1993 4273 guine
2041 4198 2249 4254 Domini
2298 4195 2632 4265 accipimus:
2675 4194 2753 4249 sic
2799 4193 2933 4249 alius
2984 4193 3082 4248 fuit
3125 4193 3418 4265 baptismus

1837 4293 2057 4350 Joannis
2079 4333 2094 4360 ,
2125 4291 2260 4346 alius
2287 4298 2370 4345 est
2405 4287 2706 4358 Baptismus
2730 4285 2948 4342 Christi.
2980 4286 3086 4342 Illis
3111 4288 3253 4342 enim
3282 4302 3418 4344 ven-

1839 4395 1956 4441 tura
1984 4385 2082 4440 ista
2103 4380 2598 4455 praenuntiabantur
2627 4397 2639 4433 :
2673 4377 2788 4434 istis
2813 4377 3075 4448 completa
3105 4379 3194 4435 illa
3229 4379 3422 4451 praedi-

1841 4488 2048 4537 cantur.
2088 4479 2154 4533 Et
2178 4474 2418 4548 quamvis
2444 4474 2531 4529 illa
2557 4473 2802 4529 Christus
2829 4472 3126 4544 acceperit;
3162 4473 3315 4529 nobis
3344 4483 3424 4530 ta-

1842 4585 1964 4630 men
2009 4567 2306 4626 necessaria
2343 4582 2449 4623 non
2485 4575 2640 4634 sunt,
2668 4568 2789 4637 quia
2828 4564 3003 4635 ipsum
3044 4564 3133 4636 qui
3173 4580 3268 4638 per
3309 4565 3425 4622 haec

1844 4664 2253 4722 annuntiabatur
2301 4660 2623 4732 accepimus.
2691 4659 2912 4715 Recenti
2963 4668 3141 4714 autem
3193 4659 3424 4716 adventu

1844 4757 2053 4815 Domini
2080 4754 2320 4827 quisquis
2347 4753 2432 4808 illa
2461 4752 2770 4824 accepisset,
2793 4765 2928 4821 opus
2953 4750 3004 4806 ei
3035 4760 3152 4807 erat
3180 4761 3239 4808 ut
3265 4751 3425 4808 etiam

1847 4852 1932 4908 bis
1959 4849 2283 4906 imbueretur
2313 4864 2326 4900 :
2359 4846 2596 4917 quisquis
2617 4858 2743 4899 vero
2765 4842 2846 4896 his
2869 4841 3103 4898 imbutus
3129 4854 3290 4909 esset,
3321 4859 3426 4899 non

1849 4960 1982 5016 opus
2005 4951 2119 5000 erat
2142 4950 2201 4997 ut
2227 4949 2493 4997 retrorsus
2524 4938 2575 4993 in
2603 4936 2689 4992 illa
2716 4944 3016 5007 cogeretur.

1922 5039 2011 5095 88.
2061 5037 2394 5106 Quapropter
2419 5031 2580 5088 nolite
2607 5029 2674 5086 de
2715 5029 2937 5086 Joannis
2965 5030 3227 5102 baptismo
3251 5029 3434 5103 caligi-

1851 5146 1973 5189 nem
1995 5129 2190 5194 l‘acere,
2218 5126 2367 5196 cujus
2392 5137 2549 5179 causa
2575 5131 2627 5178 et
2656 5123 2792 5177 ratio
2813 5123 2924 5178 sive
2948 5123 3045 5179 ista
3067 5125 3135 5180 sit
3165 5139 3322 5194 quam
3343 5140 3437 5181 ex-

1852 5222 2024 5297 posui,
2046 5219 2157 5275 sive
2174 5218 2272 5272 alia
2296 5216 2482 5271 melior
2501 5213 2800 5284 certiorque
2815 5214 3087 5282 reddatur,
3111 5215 3237 5271 illud
3261 5226 3436 5271 tamen

1855 5314 2190 5372 manifestum
2239 5318 2340 5378 est,
2387 5307 2549 5363 alium
2600 5306 2762 5364 fuisse
2815 5309 3136 5379 baptismum
3184 5308 3434 5378 Joannis,

1923 5563 1939 5594 ι
1967 5566 2016 5608 In
2041 5564 2164 5616 Mss,
2199 5561 2251 5605 ut
2273 5551 2383 5604 hinc
2403 5549 2670 5616 inveniatur
2688 5550 2911 5616 potuisse.

1928 5623 2000 5684 (a)
2024 5608 2332 5684 Existimabat
2369 5614 2624 5684 Pascbaa
2654 5608 2828 5684 audacis
2860 5625 2980 5684 pec
2999 5611 3185 5684 grbem-
3210 5608 3446 5684 dispersis

1861 5674 2016 5736 adhuc
2033 5682 2137 5730 ovis
2156 5677 2480 5727 immolatione
2502 5675 2762 5734 celebrari,
2782 5683 2836 5724 ut
2860 5674 2941 5722 lib.
2965 5674 2983 5721 l
3008 5679 3210 5736 Retract.
3229 5685 3333 5736 cap.
3354 5674 3442 5724 10:

1862 5733 1950 5798 sed
1974 5741 2186 5808 profecto
2208 5746 2338 5808 Lege
2367 5741 2574 5808 vetitum
2598 5745 2704 5808 erat
2731 5733 2872 5808 De_ut.
2898 5747 3004 5805 an,
3027 5733 3087 5808 6_,
3113 5747 3178 5808 ne
3201 5733 3374 5788 Pascha
3394 5747 3447 5794 II

1864 5795 2069 5867 aliis'vel
2091 5803 2266 5858 Judtea:
2274 5795 2408 5855 locis
2425 5808 2604 5868 przeter
2621 5797 2890 5858 Jerusalem
2911 5795 3259 5851 itmmlaretur.

3395 5872 3491 5906 ,η
