3812 6204
327 375 429 438 ΩΙ

329 495 490 552 alium
520 491 716 549 Christi
747 508 760 547 :
790 497 843 544 et
889 486 1034 542 illam
1065 481 1286 540 Joannis
1314 480 1635 550 baptismum
1663 473 1904 546 appella-

332 597 446 645 tum
472 627 487 653 ,
517 583 658 657 quod
686 591 738 639 et
768 582 989 636 istorum
1018 589 1151 648 quos
1181 569 1616 630 commemorasti
1643 566 1921 638 reSponsio

332 680 588 743 declarat,
620 685 672 733 et
699 687 873 730 Sermo
899 671 1062 744 ipsius
1092 668 1321 733 Domini,
1348 667 1435 722 ubi
1465 665 1541 720 ait
1564 661 1786 726 Iudaeis,
1815 661 1923 715 Ba-

332 775 545 845 ptismus
572 768 790 822 Joannis
819 766 881 818 de
911 764 1033 819 caelo
1058 771 1152 825 est,
1185 778 1249 815 an
1272 773 1334 814 ea:
1365 757 1647 813 hominibus
1691 755 1709 824 (
1734 752 1920 808 Matth.

331 879 448 929 xxi,
472 861 593 933 25)?
623 861 726 915 Iste
753 866 930 914 autem
957 855 1259 926 Baptismus
1283 867 1387 908 non
1414 850 1607 906 dicitur
1630 845 1922 913 Caeciliani,

331 970 432 1012 nec
477 953 700 1016 Donati,
726 967 826 1007 nec
866 946 1167 1020 Augustini,
1197 959 1295 1000 nec
1335 941 1598 1008 Petiliani,
1625 939 1718 996 sed
1746 938 1926 1009 Bapti-

333 1061 478 1104 smus
504 1043 723 1101 Christi.
753 1042 884 1099 Nam
907 1041 950 1097 si
974 1039 1309 1111 impudentes
1335 1051 1434 1092 nos
1456 1046 1630 1108 putas,
1654 1035 1776 1106 quia
1808 1039 1928 1104 post

333 1151 432 1194 nos
457 1137 725 1192 neminem
754 1133 998 1188 volumus
1021 1129 1275 1202 baptizari
1301 1171 1316 1196 ,
1349 1143 1470 1184 cum
1501 1125 1777 1183 videamus
1806 1129 1927 1194 post

333 1229 594 1287 Joannem
625 1228 786 1282 fuisse
817 1224 1061 1280 homines
1101 1221 1395 1293 baptizatos
1422 1261 1437 1286 ,
1483 1219 1570 1289 qui
1619 1217 1801 1288 utique
1846 1214 1927 1270 in-

334 1319 767 1393 comparabiliter
789 1317 959 1388 major
987 1323 1070 1372 est
1096 1314 1278 1380 nobis;
1310 1310 1566 1383 numquid
1599 1311 1737 1366 forte
1765 1308 1928 1365 Joan-

336 1428 433 1473 nes
461 1423 516 1472 et
552 1413 778 1486 Optatus
806 1410 1038 1482 aequales
1065 1408 1219 1465 sunt?
1265 1406 1564 1462 Ridiculum
1587 1403 1795 1460 videtur
1827 1420 1840 1458 :
1874 1407 1925 1458 et

337 1518 516 1566 tamen
545 1517 670 1579 puto
700 1505 841 1579 quod
873 1521 978 1560 non
1008 1517 1102 1560 eos
1123 1502 1375 1574 aequales,
1401 1499 1493 1556 sed
1520 1499 1777 1569 majorem
1806 1512 1926 1552 cre—

337 1601 476 1660 datis
495 1601 763 1672 Optatum.
797 1598 923 1654 Post
946 1597 1205 1653 Joannem
1232 1594 1427 1666 quippe
1447 1591 1736 1664 Apostolus
1756 1590 1927 1660 bapti—

336 1693 494 1759 zavit,
511 1707 608 1748 vos
621 1691 887 1762 baptizare
902 1698 1022 1760 post
1036 1687 1283 1759 Optatum
1302 1684 1567 1740 neminem
1586 1681 1811 1739 audetis.
1845 1679 1926 1737 An

335 1787 460 1858 quia
476 1785 696 1856 Optatus
714 1785 765 1839 in
783 1783 985 1839 unitate
1001 1789 1172 1838 vestra
1196 1775 1294 1834 fuit
1308 1778 1332 1832 ?
1345 1777 1460 1834 Jam
1474 1777 1576 1832 hoc
1590 1777 1780 1848 quibus
1801 1787 1929 1846 pra:-

336 1877 534 1936 cordiis
562 1877 808 1934 sustineri
841 1877 1009 1948 possit
1049 1875 1234 1945 ignoro
1259 1889 1270 1926 :
1293 1870 1337 1926 si
1367 1871 1569 1926 amicus
1601 1868 1826 1926 Comitis
1853 1863 1927 1940 (a)

336 1973 421 2028 cui
451 1971 645 2027 Comes
671 1978 786 2026 erat
813 1969 970 2035 Deus,
997 1969 1048 2021 in
1073 1966 1274 2022 unitate
1295 1962 1458 2018 fuisse
1479 1961 1692 2025 dicitur,
1717 1969 1771 2016 et
1796 1958 1930 2013 ami-

337 2079 434 2123 cus
463 2065 644 2138 sponsi
679 2071 870 2134 praeter
913 2060 1190 2116 unitatem.
1227 2055 1380 2124 Quod
1411 2055 1456 2110 si
1486 2053 1718 2110 Joannes
1750 2050 1926 2106 maxi-

337 2177 427 2219 me
454 2161 508 2218 in
539 2161 739 2216 unitate
763 2157 883 2223 fuit,
913 2164 966 2210 ct
993 2171 1099 2210 non
1125 2152 1298 2208 solum
1329 2149 1543 2220 Optato,
1568 2146 1663 2202 sed
1684 2145 1930 2201 omnibus

336 2253 497 2311 nobis
541 2262 596 2309 et
638 2250 888 2307 omnibus
918 2247 1068 2302 vobis
1096 2247 1251 2316 longe
1277 2241 1625 2298 excellentior
1663 2247 1717 2295 et
1763 2238 1930 2309 major

335 2348 465 2414 fuit,
494 2354 549 2402 et
579 2355 754 2400 tamen
784 2350 903 2413 post
925 2356 1044 2396 cum
1071 2337 1268 2396 Paulus
1292 2335 1569 2407 apostolus
1594 2333 1880 2405 baptizavit
1913 2353 1926 2388 :

336 2449 627 2526 quare’vos
654 2443 775 2506 post
797 2433 1047 2504 Optatum
1088 2446 1192 2486 non
1220 2427 1533 2499 baptizatis?
1573 2425 1683 2482 Nisi
1711 2423 1845 2481 forte
1875 2425 1928 2480 in

336 2529 436 2586 has
473 2519 742 2600 angustias
762 2541 858 2582 vos
883 2534 1118 2581 coarctat
1145 2521 1358 2578 catcitas
1385 2529 1561 2577 vestra
1587 2563 1601 2590 ,
1645 2530 1702 2576 ut
1737 2519 1928 2575 dicatis

335 2621 587 2695 Optatum
627 2619 757 2677 dare
795 2619 1030 2692 potuisse
1067 2617 1327 2689 Spiritum
1355 2623 1597 2673 sanctum
1621 2658 1636 2683 ,
1668 2613 1928 2670 Joannem

336 2731 446 2774 non
475 2714 728 2787 potuisse.
764 2709 918 2783 Quod
958 2712 1002 2768 si
1045 2725 1153 2768 non
1179 2709 1355 2767 dicitis
1379 2751 1395 2780 ,
1427 2723 1496 2766 ne
1517 2708 1584 2766 ab
1614 2707 1743 2781 ipsis
1767 2707 1927 2764 etiam

337 2809 539 2867 insanis
561 2816 736 2865 vestra
762 2807 1002 2863 rideatur
1027 2805 1231 2861 insania
1261 2823 1274 2860 :
1297 2801 1422 2875 quid
1445 2801 1753 2874 responsuri
1775 2799 1924 2870 estis,

333 2919 430 2962 cur
473 2913 593 2975 post
627 2901 884 2960 Joannem
916 2897 1220 2972 baptizandi
1262 2898 1457 2953 fuerint
1491 2898 1736 2952 homines
1761 2938 1775 2963 ,
1809 2904 1930 2966 post

335 2995 586 3066 Optatum
626 3003 802 3048 autem
840 3005 999 3047 nemo
1043 2989 1390 3059 baptizandus
1423 2989 1512 3055 sit,
1555 2987 1655 3041 nisi
1693 2986 1814 3057 quia
1853 2985 1927 3040 illi

334 3089 602 3158 baptismo
627 3085 846 3141 Joannis
867 3082 1076 3138 fuerant
1104 3081 1384 3151 baptizati;
1408 3080 1728 3151 quicumque
1748 3085 1926 3132 autem

333 3181 532 3239 Christi
559 3177 832 3250 Baptismo
861 3177 1217 3248 baptizantur,
1250 3175 1362 3230 sive
1383 3189 1478 3244 per
1508 3172 1728 3228 Paulum
1757 3171 1929 3240 bapti-

335 3280 524 3328 zentur
550 3314 565 3340 ,
607 3269 719 3326 sive
763 3283 856 3341 per
882 3268 1154 3339 Optatum,
1188 3265 1322 3321 nihil
1349 3264 1511 3320 distat
1541 3264 1678 3319 inter
1704 3263 1926 3320 istorum

335 3374 392 3423 et
420 3366 631 3422 illorum
660 3364 986 3436 Baptismum
1012 3405 1028 3430 ,
1059 3377 1181 3418 cum
1213 3367 1415 3415 tantum
1446 3359 1606 3415 distet
1631 3359 1768 3414 inter
1787 3356 1926 3413 Pan-

335 3459 446 3516 lum
493 3467 547 3515 et
589 3457 876 3530 Optatum?
905 3455 1093 3511 Redite
1128 3469 1294 3527 ergo,
1343 3454 1806 3524 pratvaricatores,
1860 3451 1925 3508 ad

336 3567 430 3609 cor
457 3550 608 3625 (Isai.
637 3565 777 3614 XLVI,
808 3548 884 3619 8),
910 3557 960 3603 et
991 3546 1155 3604 nolite
1194 3562 1258 3602 ex
1301 3545 1575 3601 hominum
1608 3544 1846 3600 moribus
1873 3553 1928 3600 et

335 3643 491 3700 factis
518 3642 695 3699 divina
735 3640 1081 3698 Sacramenta
1115 3653 1362 3710 pensare.
1396 3638 1491 3694 Illa
1512 3638 1655 3693 enim
1683 3652 1778 3706 per
1803 3652 1926 3692 eum

334 3744 520 3795 sancta
562 3743 684 3791 Sunt
723 3732 875 3804 cujus
905 3741 1031 3787 sunt
1053 3733 1069 3764 ¹
1106 3750 1118 3788 :
1147 3729 1241 3786 sed
1267 3730 1427 3802 digne
1456 3737 1677 3785 tractata
1698 3725 1929 3783 alierum

335 3830 662 3905 praemium;
714 3825 928 3898 indigne
980 3835 1157 3881 autem
1206 3833 1466 3892 tractata,
1518 3823 1797 3895 judicium.
1860 3821 1929 3878 Et

336 3924 580 3998 quamvis
599 3939 764 3980 unum
789 3937 892 3978 non
915 3923 1020 3976 sint
1039 3921 1130 3993 qui
1150 3920 1245 3976 Dei
1266 3919 1672 3976 Sacramentum
1694 3918 1854 3989 digne
1874 3925 1930 3972 et

337 4017 431 4091 qui
465 4015 683 4088 indigne
716 4010 1062 4072 tractaverint
1095 4031 1108 4069 :
1144 4029 1306 4069 unum
1338 4022 1422 4068 est
1450 4021 1624 4068 tamen
1656 4011 1785 4067 illud
1810 4012 1925 4068 sive

335 4109 497 4181 digne
521 4107 634 4164 sive
660 4107 874 4180 indigne
902 4114 1187 4174 tractetur;
1213 4120 1320 4162 non
1346 4113 1406 4161 ut
1432 4104 1606 4176 ipsum
1633 4104 1825 4160 melius
1841 4104 1928 4160 vel

338 4201 576 4259 deterius
613 4198 743 4269 ﬁat,
785 4199 882 4257 sed
922 4200 990 4254 ad
1015 4199 1176 4255 vitam
1222 4205 1521 4255 mortemve
1557 4196 1922 4252 tractantium.

337 4293 471 4352 Illud
499 4308 628 4350 sane
647 4292 790 4365 quod
811 4291 1010 4360 dixisti,
1035 4293 1155 4364 quia
1177 4291 1231 4346 in
1254 4291 1358 4347 illis
1376 4307 1500 4361 quos
1519 4289 1790 4363 baptizavit
1816 4298 1927 4360 post

337 4384 592 4442 Joannem
620 4383 837 4453 Paulus,
862 4384 997 4456 quod
1014 4384 1131 4457 jam
1150 4387 1316 4458 fuerat
1339 4383 1527 4449 abluit;
1561 4383 1798 4454 profecto
1819 4398 1925 4437 non

337 4478 546 4537 diceres
566 4522 581 4547 ,
613 4478 658 4535 si
698 4479 1024 4548 aliquantum
1051 4476 1423 4534 considerares
1449 4475 1572 4549 quid
1597 4475 1826 4532 diceres.
1870 4474 1925 4528 Si

338 4573 482 4629 enim
507 4570 801 4627 abluendus
824 4570 923 4626 fuit
949 4570 1242 4641 baptismus
1265 4569 1489 4626 Joannis
1509 4611 1524 4639 ,
1555 4569 1738 4640 procul
1765 4567 1928 4624 dubio

338 4664 589 4722 sordidus
626 4663 745 4720 fuit.
781 4661 918 4732 Quid
944 4677 1072 4735 ergo
1091 4662 1204 4734 jam
1225 4671 1278 4718 te
1302 4663 1559 4734 urgeam?
1605 4661 1801 4717 Recole
1839 4670 1931 4716 aut

339 4758 477 4829 lege,
506 4765 561 4812 et
589 4755 709 4812 vide
749 4755 892 4812 unde
930 4753 1032 4810 hoc
1066 4751 1302 4810 Joannes
1342 4753 1612 4824 acceperit
1645 4774 1659 4808 :
1689 4753 1930 4824 reperies

341 4849 395 4904 in
447 4861 605 4919 quem
649 4846 902 4904 eil'uderis
953 4847 1107 4902 istam
1154 4844 1569 4916 blasphemiam;
1617 4845 1761 4916 quod
1809 4861 1930 4902 cum

340 4940 626 5011 repereris,
650 4941 839 4997 saltem
865 4950 1049 5012 pectus
1073 4938 1324 4996 tundatur
1343 4980 1359 5010 ,
1391 4939 1436 4995 si
1465 4937 1642 5010 lingua
1679 4954 1788 4995 non
1823 4940 1931 4996 ire-

342 5044 519 5093 natur.

413 5127 504 5186 89.
531 5127 649 5185 Jam
669 5145 799 5187 vero
821 5129 962 5202 quod
991 5129 1260 5204 eleganter
1284 5129 1433 5187 vobis
1459 5128 1637 5186 dicere
1653 5127 1928 5199 videmini,

343 5220 409 5280 Si
436 5222 566 5278 male
590 5223 683 5278 Itoc
711 5221 944 5294 facimus,
978 5240 1134 5296 quare
1173 5241 1264 5280 nos
1307 5223 1567 5295 qttwritis?
1609 5237 1788 5279 nonne
1831 5222 1933 5277 ali-

343 5313 558 5386 quando
601 5313 991 5382 recordamini,
1035 5316 1155 5386 quia
1199 5331 1306 5372 non
1350 5325 1659 5388 quzeruntur
1696 5315 1798 5371 nisi
1841 5315 1931 5387 qui

342 5405 654 5481 perierunt?
682 5407 764 5463 An
793 5415 847 5464 et
877 5406 978 5463 hoc
1004 5423 1109 5464 non
1138 5406 1341 5474 videre,
1373 5408 1439 5464 ad
1469 5409 1639 5481 ipsam
1668 5407 1929 5480 perditio-

344 5520 467 5563 nem
508 5505 770 5578 pertinet?
810 5505 1003 5562 Posset
1040 5504 1184 5562 enim
1210 5517 1264 5561 et
1290 5504 1379 5560 illa
1408 5505 1522 5560 ovis
1561 5513 1669 5560 tam
1701 5502 1932 5560 absurde

343 5601 545 5673 pastori
591 5600 789 5667 dicere,
819 5600 877 5659 Si
916 5600 1056 5656 male
1092 5598 1230 5656 facio
1267 5597 1410 5672 quod
1452 5612 1482 5652 a
1519 5612 1678 5671 grege
1717 5597 1928 5664 aberro,

410 5825 428 5891 ξ
453 5823 600 5891 mliti,
625 5827 753 5890 facta
770 5831 897 5891 sunt.
935 5824 1261 5891 Emendautur
1285 5837 1350 5877 ex
1369 5827 1724 5891 manuscriptis.

406 5887 481 5952 (a)
504 5887 729 5942 Gildo'nis.
751 5889 868 5942 vide
890 5902 1054 5954 supra,
1077 5901 1130 5940 ιι.
1152 5887 1234 5940 55.

1187 362 1459 422 CONTRA
1499 347 1840 418 LITTERAS
1875 351 2234 426 PETILIANI,
2276 357 2334 416 S.
2376 362 2745 422 AUGUSTINI
2833 417 2836 420 .

3519 361 3644 425 292

2031 485 2197 548 quare
2224 490 2311 534 me
2340 479 2570 550 quaeris?
2611 489 2716 537 nan
2738 479 3042 554 intelligens
3061 495 3227 556 quare
3253 497 3312 541 se
3340 492 3490 556 putat
3518 500 3632 540 non

2031 573 2150 626 esse
2169 572 2533 642 quaerendam,
2560 573 2697 632 hanc
2717 591 2837 634 esse
2862 593 3022 634 unam
3049 593 3264 636 causam
3286 595 3458 652 quare
3482 597 3639 652 qure-

2031 674 2198 721 ratur.
2249 666 2378 735 Quis
2417 677 2594 726 autem
2634 686 2729 728 vos
2777 671 2988 744 quierit,
3028 671 3143 730 Sive
3182 689 3282 746 per
3321 673 3639 747 Scriptura:

2031 773 2176 826 suas,
2205 757 2316 816 sive
2339 776 2432 831 per
2457 762 2665 833 linguas
2693 765 2982 821 catholicas
3008 776 3062 822 et
3090 765 3360 839 paciﬁcas,
3391 768 3508 825 sive
3539 783 3639 840 per

2034 848 2236 920 ﬂagella
2266 853 2634 923 temporalium
2666 855 3082 924 tribulationum,
3109 858 3208 913 nisi
3234 859 3320 915 ille
3346 858 3438 930 qui
3469 858 3632 914 istam

2033 939 2452 999 miseriCordiam
2474 947 2624 1004 vobis
2645 947 2916 1019 dispensat
2943 950 2993 1004 in
3015 951 3298 1006 omnibus?
3321 952 3637 1018 Quaerimus

2031 1045 2162 1104 ergo
2190 1047 2308 1104 vos,
2337 1045 2396 1091 ut
2420 1037 2752 1097 inveniamus
2783 1059 2795 1095 :
2831 1051 3036 1098 tantum
3064 1043 3207 1099 enim
3228 1059 3323 1100 vos
3352 1044 3634 1117 diligimus

2035 1133 2092 1181 ut
2117 1127 2303 1183 vivatis
2323 1169 2339 1196 ,
2381 1139 2634 1200 quantum
2667 1141 2905 1189 vestrum
2933 1149 3169 1191 errorem
3195 1135 3428 1204 odimus,
3453 1145 3515 1191 ut
3544 1137 3631 1190 in-

2033 1227 2201 1276 tereat
2223 1222 2312 1292 qni
2335 1237 2428 1278 vos
2453 1223 2643 1294 perdit,
2670 1227 2922 1296 quamdiu
2958 1223 3072 1298 ipse
3111 1243 3217 1283 non
3255 1229 3412 1299 perit.
3446 1230 3626 1299 Atque

2033 1314 2233 1368 utinam
2258 1314 2334 1370 sic
2361 1331 2459 1372 vos
2482 1333 2804 1388 quaeramus,
2832 1327 2893 1374 ut
2910 1319 3069 1376 etiam
3099 1321 3452 1387 inveniamus,
3477 1330 3534 1377 et
3561 1321 3630 1376 de

2033 1421 2356 1478 unoquoque
2413 1419 2650 1466 vestrum
2701 1412 2997 1483 gaudenter
3049 1413 3329 1482 dicamus,
3385 1414 3629 1470 Mortuus

2033 1506 2158 1562 erat,
2194 1506 2239 1552 et
2265 1500 2473 1566 revixit;
2499 1505 2736 1573 perierat,
2768 1515 2815 1559 et
2844 1505 3072 1560 inventus
3099 1515 3172 1562 est
3201 1505 3354 1576 (Luc.
3387 1524 3476 1576 xv,
3511 1508 3625 1580 δεμ

2103 1589 2331 1646 CAPUT
2361 1591 2650 1650 XXXVIII.
2668 1596 2844 1654 —90.
2871 1597 3055 1653 Pe'rtL.
3079 1597 3244 1654 dixit:
3267 1600 3327 1655 Si
3348 1615 3434 1654 vos
3459 1609 3633 1657 tenere

2034 1678 2347 1738 Catholicam
2376 1685 2561 1756 dicitis,
2593 1687 2866 1745 catholicos
2894 1690 3026 1745 illud
3053 1701 3123 1747 est
3149 1693 3283 1764 quod
3309 1709 3470 1764 graece
3497 1695 3632 1749 dici-

2033 1782 2115 1827 tur
2139 1775 2343 1831 unicum
2368 1779 2471 1834 sive
2493 1788 2671 1836 totum.
2702 1780 2836 1837 Ecce
2862 1783 2916 1838 in
2944 1792 3044 1839 toto
3072 1801 3175 1840 non
3210 1786 3328 1840 estis
3350 1827 3366 1853 ,
3411 1788 3532 1858 quia
3571 1788 3632 1841 in

2035 1877 2228 1936 partem
2248 1870 2484 1926 cessistis.

2104 1959 2193 2018 9t.
2227 1965 2359 2021 Anc.
2390 1966 2665 2038 respondit
2698 1984 2713 2023 :
2744 1979 2797 2026 et
2832 1969 2948 2042 Ego
2976 1971 3189 2043 quidem
3215 1987 3405 2044 grzeca:
3430 1974 3632 2045 lingua:

2034 2067 2318 2124 perparum
2348 2068 2622 2116 assecutus
2654 2076 2792 2130 sum,
2823 2073 2878 2119 et
2904 2079 3069 2136 prope
3096 2065 3226 2121 nihil
3260 2085 3272 2119 :
3303 2083 3408 2123 non
3443 2077 3632 2125 tamen

2033 2149 2372 2221 impudenter
2399 2153 2541 2222 dico,
2572 2172 2659 2212 me
2680 2173 2840 2214 nosse
2867 2167 2992 2228 ελον,
3021 2175 3127 2216 non
3155 2175 3276 2217 esse
3303 2177 3463 2218 unum
3481 2204 3498 2229 ,
3527 2163 3632 2220 sed

2005 2250 2235 2316 totum;
2277 2254 2332 2300 et
2357 2246 2585 2313 καθ’ὀλον,
2618 2249 2912 2305 secundum
2942 2261 3138 2319 totum;
3177 2253 3317 2310 unde
3346 2253 3631 2311 Catholica

2034 2348 2229 2391 nomen
2256 2337 2484 2409 accepit,
2503 2339 2713 2396 dicente
2742 2341 2858 2413 ipso
2888 2343 3137 2409 Domino,
3162 2342 3283 2399 Non
3309 2355 3382 2400 est
3405 2356 3634 2401 vestrum

2032 2430 2161 2484 scire
2185 2440 2432 2501 tempora,
2464 2449 2578 2504 quae
2611 2434 2767 2490 Pater
2805 2437 2971 2504 posuit
3008 2437 3061 2492 in
3093 2453 3188 2491 sua
3223 2448 3464 2510 potestate
3491 2455 3511 2494 :
3536 2441 3636 2495 sed

2033 2521 2288 2592 accipietis
2311 2524 2541 2579 virtutem
2561 2525 2786 2594 Spiritus
2805 2528 2968 2582 sancti
2989 2529 3413 2599 supervenientem
3435 2531 3488 2584 in
3513 2546 3630 2597 vos,

2032 2622 2080 2667 et
2123 2614 2261 2668 eritis
2295 2615 2421 2670 milti
2450 2624 2594 2672 testes
2621 2618 2674 2671 in
2701 2617 3008 2685 Jerusalem,
3032 2630 3077 2674 et
3111 2620 3165 2675 in
3207 2629 3360 2676 totam
3383 2619 3632 2676 Judream

2033 2719 2080 2764 et
2108 2709 2419 2777 Samariam,
2451 2721 2496 2765 et
2524 2727 2680 2782 usque
2705 2713 2758 2766 in
2788 2721 2942 2768 totam
2969 2723 3154 2769 terram
3181 2715 3200 2786 (
3224 2715 3337 2770 Act.
3370 2731 3408 2784 ι,
3440 2716 3492 2780 7,
3521 2716 3630 2788 8).

2032 2799 2175 2858 Ecce
2218 2800 2361 2859 unde
2401 2801 2675 2860 Catholica
2706 2814 2941 2861 vocatur.
2992 2806 3098 2863 Sed
3137 2807 3210 2863 ita
3239 2807 3432 2863 clausis
3455 2809 3636 2866 oculis

2032 2895 2300 2952 oil’enditis
2325 2897 2378 2952 in
2406 2907 2645 2955 montem
2666 2941 2682 2969 ,
2706 2901 2796 2973 qui
2821 2917 2885 2958 ex
2910 2916 3076 2974 parvo
3102 2901 3300 2974 lapide,
3330 2903 3636 2960 secundum

2032 2986 2368 3058 prephetiam
2419 2989 2688 3057 Danielis,
2732 2994 2902 3049 crevit
2937 3004 2993 3051 et
3035 2995 3272 3066 implevit
3315 2995 3635 3057 univemm

2032 3087 2229 3134 terram
2263 3079 2423 3152 (Dan.
2449 3097 2506 3149 ιι,
2531 3082 2646 3153 55),
2675 3092 2733 3138 ιιι
2760 3085 2914 3141 nobis
2933 3085 3143 3155 dicatis,
3170 3088 3312 3158 quod
3339 3089 3389 3144 in
3416 3099 3633 3160 partem

2032 3172 2374 3238 cesserimus,
2401 3182 2455 3228 et
2483 3173 2534 3228 in
2567 3183 2680 3230 toto
2709 3191 2815 3232 non
2840 3177 3027 3241 simus,
3057 3194 3284 3249 quorum
3313 3183 3631 3238 communio

2032 3263 2281 3320 universo
2307 3264 2438 3321 orbe
2458 3265 2789 3323 diﬂ‘unditur.
2817 3268 2922 3324 Sed
2947 3270 3396 3342 quemadmodum
3419 3273 3465 3328 si
3487 3274 3627 3330 mihi

2031 3354 2240 3412 diceres
2285 3357 2428 3429 quod
2485 3374 2584 3430 ego
2640 3361 2739 3415 sim
2787 3360 3078 3418 Petilianus
3105 3406 3121 3432 ,
3171 3379 3278 3420 non
3329 3366 3629 3424 invenirem

2031 3450 2480 3521 quemadmodum
2510 3461 2563 3508 te
2592 3453 2895 3512 relellerem
2921 3497 2936 3525 ,
2982 3457 3083 3513 nisi
3129 3467 3186 3514 ut
3227 3467 3318 3514 aut
3349 3460 3630 3529 iocantem

2031 3542 2285 3612 riderem,
2314 3555 2406 3600 aut
2447 3546 2800 3603 insanientem
2845 3547 3124 3616 dolerem;
3168 3549 3270 3607 hoc
3309 3551 3438 3607 mihi
3478 3568 3629 3609 nunc

2030 3631 2330 3692 faciendum
2358 3653 2479 3694 esse
2506 3638 2661 3696 video
2687 3658 2700 3693 :
2727 3639 2824 3697 sed
2854 3641 2977 3712 quia
3009 3641 3180 3712 iocari
3212 3652 3269 3700 te
3296 3659 3401 3701 non
3434 3645 3626 3716 credo,

2030 3725 2180 3782 vides
2206 3727 2331 3798 qttid
2363 3740 2546 3786 restet.

2101 3822 2328 3880 CAPUT
2375 3824 2618 3880 XXXIX.
2643 3856 2714 3868 —-
2752 3827 2840 3884 92.
2865 3827 3050 3884 Ρετιι..
3077 3829 3210 3885 dixit
3242 3848 3256 3885 :
3289 3829 3395 3886 Sed
3417 3847 3518 3887 non
3545 3841 3629 3887 est

2033 3935 2152 3990 pars
2196 3918 2510 3974 tenebrarum
2552 3931 2726 3976 contra
2765 3923 2964 3990 lucem,
3011 3940 3100 3978 nec
3126 3941 3246 3996 pars
3269 3925 3628 3984 amaritudinis

2031 4026 2146 4065 cum
2172 4012 2318 4067 melle
2350 4029 2368 4067 :
2392 4029 2493 4068 non
2519 4022 2593 4069 est
2618 4031 2737 4086 pars
2763 4016 2878 4071 vita:
2895 4033 3009 4072 cum
3033 4028 3191 4074 morte
3209 4059 3224 4086 ,
3275 4035 3377 4074 non
3401 4030 3474 4075 est
3502 4033 3630 4092 pars

2030 4104 2330 4161 innocentia:
2353 4123 2468 4162 cum
2493 4119 2656 4176 reatu,
2684 4127 2785 4165 non
2812 4119 2884 4166 est
2904 4127 3024 4182 pars
3042 4128 3188 4184 aqua
3205 4129 3317 4168 cum
3340 4115 3628 4186 sanguine;

2031 4215 2121 4253 nec
2139 4214 2360 4254 amurca:
2383 4216 2498 4254 cum
2528 4202 2636 4257 oleo
2667 4219 2805 4273 pars,
2837 4203 2952 4258 licet
2969 4205 3034 4259 sit
3059 4206 3324 4276 [aculeata
3351 4208 3628 4279 cognatio;

2031 4289 2121 4345 sed
2143 4299 2322 4345 cuncta
2344 4291 2556 4364 reprobo
2581 4295 2826 4365 defluent.
2873 4294 2999 4368 Ipsa
3027 4307 3100 4352 est
3134 4299 3331 4354 sentina
3363 4299 3623 4369 vitiorum,

2032 4382 2225 4436 dicente
2258 4380 2495 4453 Joanne,
2546 4403 2566 4437 ι
2602 4385 2684 4441 Ea:
2707 4387 2848 4442 nobis
2872 4389 3098 4444 exierunt
3117 4432 3132 4457 ,
3173 4393 3260 4446 sed
3289 4407 3391 4447 non
3423 4402 3538 4447 sunt
3560 4393 3629 4448 de

2033 4477 2175 4532 nobis
2199 4495 2217 4532 :
2243 4495 2360 4532 nam
2399 4480 2443 4535 si
2485 4490 2646 4535 essent
2688 4481 2751 4536 de
2785 4481 2927 4538 nobis
2949 4525 2963 4550 ,
3025 4486 3415 4553 permansissent
3451 4486 3629 4557 utique

2035 4570 2292 4625 nobiscum
2324 4589 2344 4624 ι
2375 4571 2416 4644 (l
2446 4571 2605 4627 Joan.
2635 4589 2669 4628 ιι
2696 4615 2711 4641 ,
2737 4574 2850 4646 I9).
2881 4573 3005 4630 Non
3025 4585 3096 4631 est
3117 4587 3297 4631 aurum
3311 4593 3427 4632 cum
3453 4578 3623 4633 sordi-

2034 4661 2126 4719 bus
2151 4664 2256 4719 suis
2288 4679 2306 4718 :
2335 4665 2504 4718 omnia
2525 4666 2742 4736 pretiosa
2764 4677 3064 4739 purgantur.
3097 4668 3355 4740 Scriptum
3376 4680 3450 4726 est
3473 4681 3627 4724 nam-

2035 4771 2130 4826 que
2161 4770 2178 4808 :
2211 4773 2230 4807 ι
2263 4756 2408 4811 Sicut
2433 4773 2612 4811 aurum
2636 4760 2812 4830 probat
2834 4763 3038 4831 [οι-παπ,
3069 4761 3140 4815 ita
3167 4771 3214 4816 et
3227 4762 3398 4831 justas
3426 4763 3626 4817 vexatio

2037 4849 2373 4903 tribulationis
2402 4868 2420 4902 ι
2473 4848 2626 4922 (Sap.
2656 4866 2745 4916 ιιι,
2778 4851 2854 4922 6).
2906 4850 3029 4906 Non
3065 4861 3141 4907 est
3182 4869 3302 4925 pars
3350 4854 3628 4908 crudelitas

2038 4941 2436 4998 mansuetudinis
2454 4984 2471 5011 ,
2515 4959 2604 4997 nec
2629 4944 2806 5015 religio
2833 4945 3118 5018 sacrilegii,
3142 4961 3232 5000 nec
3256 4963 3378 5017 pars
3407 4945 3630 5000 Macarii

2038 5036 2236 5107 penitus
2262 5044 2419 5105 potest
2440 5051 2547 5091 esse
2568 5044 2744 5092 nostra
2772 5039 2813 5105 ί,
2840 5037 2961 5108 quia
2986 5038 3114 5093 ritus
3137 5039 3297 5094 nostri
3316 5039 3620 5094 similitudi-

2039 5143 2152 5183 nem
2177 5128 2418 5183 maculat.
2445 5127 2592 5184 Acies
2627 5145 2843 5199 namque
2865 5129 3073 5184 inimica
3097 5145 3198 5185 non
3228 5147 3348 5202 pars
3377 5140 3486 5198 est,
3513 5147 3628 5202 quc

2038 5221 2210 5294 implet
2242 5238 2423 5278 nomen
2451 5223 2632 5278 hostile
2657 5239 2674 5278 :
2696 5239 2810 5295 qua
2836 5223 2880 5278 si
2911 5240 3024 5279 vere
3059 5241 3180 5295 pars
3201 5224 3406 5293 dicitur,
3429 5237 3628 5281 senten-

2040 5316 2161 5371 tiant
2185 5333 2458 5389 congruam
2484 5316 2775 5372 Salomonis
2800 5317 3042 5387 incurret,
3077 5337 3098 5372 ι
3123 5316 3304 5374 Pereat
3319 5335 3440 5390 pars
3455 5335 3628 5376 eorum

2039 5408 2102 5464 de
2125 5417 2257 5464 terra
2290 5429 2308 5462 ι
2343 5408 2524 5484 (Prov.
2555 5425 2628 5477 ιι,
2657 5409 2775 5484 22).

2113 5502 2202 5559 93.
2249 5504 2385 5559 Avo.
2427 5503 2704 5575 respondit
2734 5522 2748 5560 :
2778 5504 2904 5561 Haec
2950 5504 3112 5562 verba
3153 5505 3358 5577 jactare
3405 5514 3462 5562 et
3499 5507 3630 5562 nihil
3690 5505 3692 5507 ’

2042 5595 2289 5668 probare,
2317 5596 2444 5668 quid
2473 5605 2555 5654 est
2581 5597 2685 5654 nisi
2710 5596 2985 5656 delirare?
3027 5598 3278 5658 Attendis
3305 5599 3506 5657 zizania
3536 5613 3630 5672 per

2106 5826 2122 5858 ι
2148 5822 2462 5889 Floriacensis
2481 5824 2636 5889 codex
2661 5827 2899 5889 praeterit,
2923 5837 3024 5878 esse
3046 5831 3226 5878 nostra.
3251 5831 3304 5889 Et
3327 5821 3454 5876 intra
3491 5821 3629 5886 loco.

2040 5887 2250 5940 maculat
2268 5901 2420 5952 ;_cum
2438 5887 2784 5953 Cygirannensi
2807 5896 2890 5940 MS.
2915 5889 3088 5954 habet,
3107 5887 3371 5942 maculant.
