3796 6122
43 259 142 338 gs

51 394 290 453 mundum
316 439 334 464 ,
366 402 421 451 et
450 391 689 451 triticum
727 407 832 451 non
875 389 1134 460 attendis;
1178 406 1300 448 cum
1342 407 1439 463 per
1465 400 1637 448 totum

52 497 258 559 utraque
287 489 443 558 jussa
473 486 585 544 sint
609 502 873 544 crescere.
901 484 1148 542 Attendis
1177 498 1361 542 semen
1391 485 1644 556 maligni,

52 581 175 654 quod
203 586 451 653 tempore
480 581 675 637 messis
701 577 1034 652 separabitur
1059 576 1274 650 (Matth.
1301 585 1414 646 xm,
1440 575 1638 646 24-50,

53 675 264 746 36-55);
297 685 354 731 et
375 693 486 731 non
516 671 748 731 attendis
772 688 954 729 semen
983 669 1237 740 Abrahae,
1269 671 1320 727 in
1350 687 1455 743 quo
1481 670 1644 727 bene-

53 769 285 824 dicuntur
311 784 506 824 omnes
535 777 720 841 gentes
757 765 911 839 (Gen.
941 781 1052 822 χχιι
1078 809 1093 834 ,
1142 765 1255 836 I8).
1315 765 1476 833 Quasi
1515 778 1644 820 vero

52 876 135 916 vos
153 861 261 932 jam
287 861 408 917 sitis
439 876 612 918 massa
635 869 853 932 purgata
879 902 894 928 ,
927 870 980 914 et
1019 857 1124 914 mel
1152 857 1436 920 sincerum,
1467 865 1522 912 et
1549 851 1646 910 eli-

54 961 252 1025 qualum
282 952 500 1020 oleum,
552 959 604 1010 et
640 969 825 1010 aurum
861 967 1050 1023 purum
1073 994 1086 1016 ,
1131 951 1214 1006 vel
1243 951 1355 1021 ipsa
1387 949 1405 981 ί
1434 949 1642 1020 species

53 1045 266 1102 dealbati
320 1048 561 1117 parietis.
616 1044 685 1103 Ut
715 1045 856 1102 enim
883 1044 951 1100 de
979 1043 1123 1099 vitiis
1161 1043 1370 1099 eteteris
1415 1053 1641 1113 taceam,

53 1139 293 1208 numquid
327 1139 527 1194 ebriosi
560 1147 762 1210 partem
805 1135 1008 1193 faciunt
1039 1131 1338 1191 sobriorum
1367 1179 1382 1203 ,
1431 1143 1522 1189 aut
1547 1133 1644 1191 de-

52 1242 290 1303 putantur
323 1233 470 1287 avari
498 1233 552 1286 in
579 1243 728 1302 parte
771 1230 1128 1302 sapientium?
1173 1229 1229 1284 Si
1257 1228 1519 1284 mansueti
1550 1225 1644 1283 ho-

53 1325 209 1380 mines
226 1326 366 1380 lucis
389 1324 707 1379 vocabulum
732 1329 948 1388 tenent;
974 1321 1120 1376 furor
1139 1319 1644 1376 Circumcellionum

54 1418 130 1473 ubi
167 1418 268 1472 nisi
302 1418 358 1473 in
401 1417 638 1474 tenebris
665 1413 1043 1488 deputabitur?
1091 1415 1197 1471 Cur
1225 1429 1352 1486 ergo
1390 1430 1486 1484 per
1513 1413 1644 1469 tales

54 1510 345 1582 Baptismus
371 1509 529 1566 datus
555 1508 695 1581 apud
721 1523 818 1564 vos
859 1509 1039 1573 valet,
1082 1517 1136 1563 et
1167 1523 1263 1578 per
1286 1506 1552 1578 quoslibet
1591 1506 1642 1561 in

54 1604 166 1658 orbe
216 1612 486 1658 terrarum
532 1601 673 1658 idem
715 1599 914 1656 Christi
963 1600 1266 1671 Baptismus
1308 1614 1412 1654 non
1463 1596 1644 1652 valet?

54 1693 222 1752 Cernis
249 1712 450 1767 nempe
498 1694 566 1750 ad
617 1693 744 1750 illud
786 1709 884 1750 vos
927 1709 1048 1750 esse
1087 1693 1155 1748 ab
1199 1690 1345 1748 orbis
1385 1703 1643 1748 terrarum

54 1789 420 1843 communione
459 1795 770 1858 separatos,
813 1795 871 1841 ut
915 1801 1018 1840 non
1060 1783 1273 1855 quidem
1305 1783 1422 1838 sitis
1458 1798 1644 1838 omnes

55 1879 269 1946 ebriosi,
319 1895 420 1936 nec
447 1893 637 1934 omnes
666 1878 847 1943 avari,
896 1892 996 1932 nec
1035 1891 1223 1932 omnes
1247 1873 1500 1940 violenti,
1551 1873 1645 1931 sed

55 1985 223 2026 omnes
261 1969 543 2039 haeretici,
586 1986 650 2026 ac
689 1985 787 2042 per
815 1967 917 2024 hoc
959 1983 1146 2024 omnes
1191 1967 1338 2038 impii
1368 1976 1421 2024 et
1457 1982 1646 2024 omnes

53 2063 308 2135 sacrilegi.

116 2153 196 2211 9t.
225 2153 388 2225 Quod
421 2163 602 2210 autem
637 2154 946 2209 ttniversum
976 2151 1160 2208 orbem
1193 2161 1455 2208 terrarum
1496 2150 1644 2206 chri-

55 2247 207 2302 stiana
254 2245 518 2302 societate
563 2241 884 2317 gaudentem
915 2243 1129 2300 Macarii
1177 2250 1379 2314 partem
1409 2243 1641 2310 vocatis;

57 2339 159 2407 quis
184 2337 288 2394 hoc
314 2353 449 2394 sano
469 2338 692 2394 cerebro
717 2335 966 2394 diceret?
1005 2335 1110 2392 Sed
1137 2336 1258 2408 quia
1286 2349 1380 2391 vos
1407 2335 1474 2392 de
1496 2346 1644 2406 parte

57 2430 234 2487 Donati
255 2446 381 2488 esse
409 2431 659 2496 dicimus,
684 2430 922 2502 quaeritis
947 2427 1218 2486 hominem
1241 2430 1307 2485 de
1325 2430 1477 2501 cujus
1496 2437 1645 2500 parte

59 2539 145 2580 nos
182 2539 304 2581 esse
348 2525 574 2591 dicatis;
619 2532 675 2581 et
717 2524 773 2579 in
814 2524 1021 2596 magnis
1063 2522 1320 2594 angustiis
1358 2523 1644 2578 nominatis

59 2617 224 2673 nescio
243 2635 405 2689 quem
431 2661 447 2686 ,
479 2618 525 2674 si
557 2617 694 2674 forte
714 2617 767 2672 in
795 2615 976 2672 Africa
1003 2616 1294 2687 cognitum,
1329 2614 1380 2669 in
1407 2615 1524 2670 aliis
1551 2629 1646 2671 au-

59 2717 151 2767 tem
177 2711 324 2768 orbis
355 2711 599 2784 partibus
623 2712 883 2783 ignotum.
915 2709 1253 2781 Quapropter
1272 2725 1397 2766 ecce
1422 2725 1644 2781 respon-

58 2805 136 2859 det
157 2805 309 2861 vobis
330 2806 640 2861 universum
669 2819 853 2860 semen
872 2802 1100 2859 Abrahae
1116 2802 1184 2859 ab
1203 2803 1448 2865 universa
1470 2814 1608 2862 terra
1624 2823 1644 2861 ι

58 2893 330 2957 Macarium
358 2897 519 2956 istum
545 2939 562 2968 ,
601 2895 673 2955 de
701 2895 858 2970 cujus
882 2901 1036 2969 parte
1058 2910 1157 2954 nos
1181 2893 1357 2954 dicitis
1375 2940 1392 2967 ,
1425 2897 1644 2955 omnino

59 3007 152 3047 non
195 2991 469 3048 novimus.
521 2991 866 3062 ReSpondete
907 2991 1144 3046 vicissim
1195 3005 1300 3046 non
1345 3006 1442 3046 vos
1485 3005 1644 3047 nosse

61 3081 328 3139 Donatum.
376 3081 483 3139 Sed
509 3093 562 3138 et
596 3083 639 3137 si
668 3091 874 3153 partem
900 3081 1079 3153 Optati
1109 3097 1204 3137 vos
1233 3097 1352 3138 esse
1380 3081 1639 3151 dicamus,

63 3177 164 3245 quis
183 3186 423 3232 vestrum
454 3183 626 3246 potest
648 3175 827 3232 dicere
853 3217 866 3240 ,
901 3176 1108 3232 nescire
1155 3191 1212 3231 se
1239 3174 1510 3246 Optatum,
1542 3177 1641 3232 nisi

63 3264 182 3324 forte
203 3267 356 3336 facie,
387 3268 526 3324 sicut
555 3281 654 3323 nec
686 3265 992 3323 Donatum?
1039 3266 1145 3323 Sed
1181 3267 1425 3340 gaudetis
1454 3269 1642 3326 videli-

63 3370 134 3415 cet
151 3362 215 3417 de
241 3362 459 3417 nomine
485 3360 676 3417 Donati
707 3380 720 3415 :
756 3361 1008 3432 numquid
1035 3367 1089 3417 et
1110 3360 1176 3417 de
1194 3362 1408 3418 nomine
1431 3364 1642 3434 Optati?

63 3451 182 3521 Quid
223 3467 351 3524 ergo
384 3451 536 3510 vobis
579 3453 796 3523 prodest
835 3453 1108 3522 Donatus,
1157 3469 1276 3508 cum
1323 3469 1417 3510 vos
1455 3471 1642 3511 omnes

63 3545 399 3617 coinquinarit
442 3545 708 3616 Optatus?
753 3543 894 3612 Quid
938 3546 1087 3601 vobis
1122 3543 1344 3618 prodest
1381 3547 1641 3604 sobrietas

64 3633 268 3704 Donati,
315 3653 440 3692 cum
467 3636 973 3693 Circumcellionum
1003 3637 1260 3696 ebrietate
1289 3639 1640 3710 poiluamini?

65 3724 183 3793 Quid
209 3730 359 3785 vobis
387 3728 606 3800 prodest
632 3727 926 3785 secundum
957 3737 1190 3786 vestram
1220 3732 1526 3802 Opinionem
1560 3733 1640 3788 in-

65 3822 291 3877 nocentia
319 3819 508 3876 Donati
537 3864 551 3887 ,
584 3834 704 3877 cum
733 3820 913 3893 Optati
943 3823 1235 3894 rapacitate
1260 3825 1638 3881 maculemini?

66 3907 149 3967 Hic
172 3914 309 3968 enim
339 3922 423 3969 est
449 3927 601 3969 error
624 3923 834 3982 vester,
878 3921 938 3969 ut
973 3915 1203 3988 amplius
1243 3918 1437 3987 putetis
1461 3917 1639 3975 valere

66 4001 374 4075 iniquitatem
404 4004 638 4062 hominis
667 4003 734 4061 ad
761 4006 924 4062 alium
953 4007 1420 4063 contaminandum
1442 4051 1456 4076 ,
1481 4025 1638 4081 quam

64 4093 298 4164 justitiam
341 4098 576 4155 hominis
617 4099 684 4154 ad
728 4099 889 4155 alium
924 4099 1334 4172 puriﬁcandum.
1388 4102 1570 4174 Itaque
1593 4104 1639 4160 si

65 4187 156 4244 duo
179 4191 372 4260 pariter
414 4188 593 4245 divina
641 4189 986 4248 Sacramenta
1026 4193 1458 4259 communicent,
1505 4211 1639 4251 unus

63 4277 232 4349 justus,
256 4283 394 4337 alius
420 4282 673 4353 iniquus;
715 4282 808 4338 sed
841 4283 915 4338 ita
949 4291 1129 4338 utnec
1155 4284 1254 4339 iste
1276 4284 1418 4341 illius
1448 4286 1640 4357 iniqui-

66 4379 210 4430 tatem
232 4418 248 4442 ,
297 4389 397 4431 nec
430 4375 520 4431 ille
548 4374 706 4446 hujus
733 4377 971 4432 imitetur
993 4377 1252 4448 justitiam
1285 4396 1296 4432 :
1329 4394 1434 4433 non
1464 4379 1638 4436 dicitis

67 4477 123 4519 ex
147 4464 239 4523 hoc
263 4467 378 4523 ﬁeri
409 4467 597 4523 ambos
621 4467 797 4538 justos
823 4511 838 4536 ,
879 4467 973 4523 sed
998 4469 1184 4524 ambos
1210 4469 1420 4540 iniquos
1445 4511 1460 4535 ,
1491 4470 1561 4524 ita
1584 4481 1640 4526 ut

67 4567 115 4612 et
138 4559 251 4615 illud
283 4567 528 4615 sanctum
573 4559 717 4632 quod
765 4560 966 4632 pariter
1006 4568 1262 4628 sumunt,
1308 4559 1637 4617 immundum

70 4651 160 4718 liat,
187 4660 236 4708 et
264 4653 477 4708 amittat
496 4653 767 4723 propriam
796 4652 1158 4709 sanctitatem.
1191 4651 1288 4709 Ubi
1315 4653 1415 4708 sibi
1440 4655 1642 4710 invenit

71 4744 182 4802 tales
205 4744 492 4802 advocatos
522 4745 772 4817 iniquitas
795 4788 809 4812 ,
863 4745 1058 4817 quibus
1082 4743 1429 4803 delirantibus
1460 4747 1531 4802 ita
1560 4747 1638 4802 vi-

68 4839 183 4894 ctrix
210 4839 466 4911 putetur?
493 4837 690 4910 thuid
719 4854 848 4911 ergo
873 4839 1025 4895 vobis
1053 4839 1303 4910 plauditis
1330 4839 1396 4896 de
1425 4842 1640 4898 nomine

69 4925 236 4990 Donati
255 4935 308 4990 in
339 4941 488 4989 tanto
516 4932 890 5004 perversitatis
917 4948 1101 4989 errore
1120 4976 1135 5002 ,
1165 4932 1256 4989 ubi
1285 4949 1389 4989 non
1421 4933 1638 4990 Petilia-

69 5035 150 5081 nus
174 5042 288 5085 esse
325 5033 564 5084 meretur
606 5027 751 5099 quod
797 5028 1034 5084 Donatus
1058 5069 1072 5096 ,
1121 5027 1216 5084 sed
1250 5029 1364 5099 ipse
1407 5028 1638 5086 Donatus

71 5129 168 5175 esse
185 5122 388 5192 cogitur
406 5119 549 5192 quod
569 5120 792 5191 Optatus
815 5117 840 5173 ?
870 5120 1020 5177 Dicat
1041 5129 1220 5177 autem
1241 5122 1432 5178 domus
1452 5121 1634 5190 Israel,

71 5205 181 5268 Pars
216 5231 326 5270 mea
369 5212 624 5269 Dominus
668 5210 840 5292 (Psal.
871 5231 1020 5270 Lxxn
1045 5257 1059 5278 ,
1103 5214 1195 5287 26)
1230 5215 1411 5272 :dicat
1453 5231 1636 5272 semen

71 5299 271 5362 Abrahae
299 5306 351 5362 in
381 5306 630 5363 omnibus
668 5305 916 5378 gentibus
938 5349 952 5376 ,
995 5305 1246 5364 Dominus
1276 5326 1394 5379 pars
1419 5307 1636 5364 haeredi-

73 5397 167 5451 tatis
193 5415 312 5454 mea:
341 5397 513 5472 (Psal.
543 5415 630 5466 xv,
661 5399 740 5470 5).
773 5397 932 5454 Novit
955 5399 1096 5454 enim
1119 5400 1389 5471 quomodo
1414 5400 1555 5457 dicat
1581 5402 1633 5458 in

72 5479 330 5561 Evangelia
354 5491 542 5564 gloria:
563 5492 706 5548 beati
734 5491 852 5548 Dei.
871 5491 1003 5547 Nam
1025 5503 1080 5548 et
1099 5508 1196 5548 vos
1219 5509 1315 5564 per
1332 5508 1628 5551 sacramen-

71 5586 168 5634 tum
190 5583 322 5654 quod
351 5585 407 5640 in
444 5585 599 5640 vobis
626 5593 742 5652 est,
794 5585 932 5640 sicut
953 5583 1184 5655 Caiphas
1213 5586 1423 5642 Domini
1450 5603 1632 5658 perse-
1671 5618 1678 5626 -

71 5680 239 5744 cutor,
264 5679 567 5736 nescientes
605 5677 937 5750 prophetatis
974 5676 1157 5750 (Joan.
1189 5695 1244 5735 ιι
1264 5722 1280 5750 ,
1309 5678 1426 5752 51).
1477 5680 1630 5750 Quod

125 5807 140 5839 ⁸
161 5811 226 5862 Sic
243 5819 348 5864 Mss.
369 5818 428 5864 At
456 5811 602 5884 editi,
617 5824 707 5866 nec
725 5811 837 5877 ipsa
858 5823 878 5865 :
900 5811 1062 5863 minus
1079 5817 1239 5865 recte.

1361 271 1562 336 uasa
1600 253 1976 335 Secuuous.

3229 270 3339 359 ΞΜ

1753 391 1894 449 enim
1920 405 2094 464 grmee
2123 391 2373 463 Μακάριος
2390 437 2407 466 ,
2434 385 2597 454 latine
2623 387 2819 458 Beatus
2841 393 2943 460 est.
2975 397 3052 460 Ita
3078 403 3238 478 plane
3267 409 3336 468 de

1749 485 1901 556 parte
1930 481 2143 542 Macarii
2173 503 2376 544 sumus.
2425 485 2561 558 Quid
2589 492 2734 550 enim
2763 504 2848 551 est
2871 493 3083 554 Christo
3110 499 3337 575 beatius,

1749 579 1902 649 cujus
1928 596 2134 648 sumus,
2162 580 2228 637 ad
2257 598 2414 653 quem
2439 598 2923 645 commemorantur
2948 601 3003 648 et
3021 605 3342 654 convertun-

1751 677 1837 727 tur
1865 673 2096 729 universi
2135 667 2270 730 lines
2311 683 2504 745 terra},
2551 687 2606 734 et
2632 678 2684 734 in
2710 681 2861 752 cujus
2889 695 3176 757 conspectu
3211 689 3342 746 ado-

1751 775 1873 820 rant
1893 766 2159 823 universa:
2184 768 2378 840 patriae
2411 771 2688 842 gentium?
2709 774 2888 846 Itaque
2908 779 3339 841 maledictionem

1751 863 1893 911 tuam
1928 857 2166 914 ultimam
2198 861 2251 914 in
2283 876 2590 930 perversum
2614 863 2681 920 de
2701 864 2987 926 Salomone
3003 885 3338 946 usurpatam,

1751 963 1857 1003 non
1891 950 2044 1005 timet
2069 966 2192 1023 pars
2224 951 2383 1023 hujus
2408 953 2620 1012 Macarii
2645 999 2660 1025 ,
2708 958 2759 1013 id
2783 970 2863 1016 est
2887 962 3040 1033 hujus
3073 965 3210 1023 beati
3229 1009 3244 1034 ,
3273 986 3342 1026 ne

1751 1050 1936 1110 pereat
1965 1039 2032 1098 de
2061 1051 2221 1098 terra.
2255 1043 2407 1112 Quod
2436 1047 2578 1102 enim
2604 1047 2802 1106 dictum
2831 1064 2913 1108 est
2933 1054 2998 1110 de
3025 1056 3220 1128 impiis,
3241 1061 3342 1118 hoc

1752 1145 1847 1187 vos
1876 1129 1942 1186 ad
1969 1131 2168 1188 Christi
2217 1133 2585 1193 haereditatem
2613 1152 2928 1200 convertere
2957 1151 3255 1216 conamini,
3288 1164 3344 1210 et

1752 1220 1854 1278 hoc
1884 1239 2004 1279 esse
2028 1223 2226 1281 factum
2256 1227 2485 1286 nefanda
2525 1231 2798 1302 impietate
2823 1239 3164 1297 contenditis.
3211 1244 3342 1302 Cum

1749 1313 1892 1369 enim
1921 1313 1988 1371 de
2010 1315 2187 1387 impiis
2212 1319 2300 1375 ille
2328 1319 2657 1393 loqueretur,
2682 1326 2792 1382 ait:
2824 1327 3006 1386 Pereat
3025 1349 3143 1405 pars
3168 1353 3343 1392 eorum

1748 1421 1782 1459 a
1814 1415 1947 1460 terra
1989 1406 2171 1482 (Prov.
2197 1425 2270 1481 ll,
2299 1411 2416 1485 22).
2462 1415 2593 1471 Cum
2640 1428 2818 1475 autem
2865 1436 2960 1477 vos
3003 1425 3176 1482 dicitis
3215 1429 3345 1486 illud

1750 1497 1891 1568 qttod
1916 1497 2173 1571 scriptum
2201 1511 2315 1572 est,
2349 1503 2493 1561 Dabo
2523 1510 2614 1564 tibi
2636 1522 2807 1582 gentes
2830 1515 3174 1574 [nereditatem
3201 1530 3341 1578 tuam

1751 1588 1921 1662 (Psal.
1949 1608 2009 1660 tt,
2040 1591 2133 1665 8);
2164 1604 2239 1663 et,
2273 1597 2808 1660 Commemorabuntur
2833 1617 2880 1662 et
2906 1621 3253 1670 convertentur
3273 1619 3341 1671 ad

1750 1677 2029 1741 Dominum
2045 1687 2266 1745 universi
2284 1692 2411 1761 ﬁnes
2431 1703 2579 1751 terra:
2602 1695 2771 1769 (Psal.
2793 1717 2902 1768 xxx,
2925 1703 3040 1776 28),
3057 1705 3166 1777 jam
3186 1709 3341 1768 istam

1751 1779 2160 1847 promissionem
2185 1785 2408 1856 periisse
2438 1787 2504 1844 de
2539 1797 2716 1858 terra;
2749 1791 2802 1847 in
2826 1792 3027 1852 Christi
3056 1798 3341 1859 haeredita-

1750 1880 1857 1929 tem
1885 1883 2198 1947 retorquere
2239 1878 2399 1935 vultis
2417 1920 2433 1947 ,
2471 1882 2614 1953 quod
2639 1883 2708 1940 de
2735 1895 2882 1942 sorte
2925 1890 3234 1958 praedictum
3259 1907 3344 1952 est

1752 1961 2040 2035 impiorum
2076 1985 2090 2023 :
2117 1969 2211 2025 sed
2239 1981 2490 2030 manente
2517 1984 2676 2046 atque
2695 1987 2972 2036 crescente
2997 1981 3199 2041 Christi
3227 1987 3341 2045 hae-

1749 2053 1999 2125 reditate,
2035 2074 2156 2115 cum
2189 2063 2289 2118 ista
2320 2063 2518 2132 dicitis,
2549 2082 2647 2123 vos
2678 2069 2884 2140 peritis.
2912 2072 3028 2130 Non
3058 2078 3198 2133 enim
3225 2079 3342 2136 ubi-

1751 2166 1854 2243 que
1881 2170 1975 2224 per
1997 2169 2389 2214 sacramentum
2420 2160 2516 2218 Dei
2540 2164 2890 2235 pr0phetatis,
2914 2170 3341 2243 quandoquidem

1711 2242 1839 2300 obic
1867 2261 1960 2316 per
1987 2256 2217 2304 vestram
2243 2250 2504 2307 insaniam
2532 2255 2673 2311 male
2690 2258 2904 2328 optatis.
2932 2257 3038 2316 Sed
3065 2242 3184 2332 plus
3203 2267 3344 2324 valet

1751 2339 2028 2430 praedictio
2054 2341 2465 2415 Prophetarum,
2492 2362 2652 2420 quam
2680 2349 2984 2410 maledictio
3013 2355 3342 2430 pseudopro-

1750 2432 2058 2503 phetarum.
3207 2437 3222 2448 ’⁷

1820 2524 2046 2582 CAPUT
2084 2527 2198 2584 XL.
2230 2560 2300 2571 —
2352 2532 2440 2588 95.
2473 2531 2662 2589 PE'I'lL.
2702 2535 2874 2591 dixit:
2908 2537 3108 2596 Paulus
3149 2559 3345 2616 quoque

1748 2621 2008 2691 apostolus
2042 2622 2228 2676 clamat
2259 2641 2278 2678 :
2308 2644 2328 2678 s
2365 2623 2540 2681 Nolite
2552 2630 2736 2700 jugum
2770 2631 2952 2687 ducere
2979 2649 3094 2689 cum
3120 2635 3346 2707 inﬁdeli-

1749 2712 1859 2768 bus.
1896 2712 2023 2781 Qua:
2043 2714 2177 2770 enim
2203 2717 2524 2788 participatio
2539 2721 2757 2792 justitite
2781 2739 2894 2778 cum
2918 2725 3184 2801 iniquitate
3202 2730 3230 2787 Ρ
3253 2743 3343 2791 aut

1746 2821 1864 2882 qua!
1903 2807 2116 2866 societas
2155 2809 2360 2870 luminis
2403 2828 2520 2870 cum
2558 2815 2817 2875 tenebris?
2857 2820 2985 2888 Quae
3020 2834 3187 2881 autem
3216 2844 3342 2883 con-

1749 2901 1914 2958 ventio
1941 2901 2128 2958 Christi
2166 2905 2235 2958 ad
2261 2903 2472 2960 Belial?
2511 2917 2600 2963 aut
2621 2925 2733 2981 qua:
2766 2929 2887 2984 pars
2909 2915 3053 2984 ﬁdeli
3071 2933 3187 2973 cum
3219 2919 3342 2991 inﬁ-

1749 2991 1852 3050 deli
1887 3015 1905 3049 ι
1944 2992 2010 3068 (II
2032 2995 2150 3051 Cor.
2176 3013 2248 3064 vt,
2276 2999 2365 3066 I4,
2395 2999 2533 3072 45)?

1821 3085 1910 3142 96.
1943 3088 2080 3144 Ave.
2110 3088 2386 3159 respondit
2415 3109 2429 3146 :
2460 3091 2635 3150 Verba
2661 3095 2906 3168 Apostoli
2935 3114 3166 3171 agnosco
3189 3144 3206 3173 ,
3244 3106 3340 3162 sed

1749 3175 1876 3248 quid
1902 3186 1954 3232 te
1987 3177 2271 3248 adjuvent,
2309 3182 2530 3238 omnino
2556 3199 2663 3240 non
2689 3185 2868 3244 video.
2914 3189 3046 3257 Quis
3071 3195 3214 3250 enim
3245 3212 3343 3252 no-

1747 3275 1918 3324 strum
1943 3269 2072 3326 dicit
2099 3286 2220 3328 esse
2241 3273 2704 3346 participationem
2725 3279 2948 3350 iustitia:
2977 3299 3100 3342 eum
3142 3289 3342 3359 iniqui-

1748 3369 1878 3430 tate,
1910 3363 2126 3420 etiamsi
2144 3363 2320 3435 justus
2345 3377 2399 3422 et
2427 3367 2668 3440 iniquus,
2696 3372 2833 3429 sicut
2851 3374 3015 3432 Judas
3040 3387 3095 3434 et
3122 3379 3336 3453 Petrus,

1747 3454 1946 3525 pariter
1963 3454 2306 3513 Sacramenta
2337 3463 2768 3520 communicent?
2814 3466 2898 3522 Ex
2931 3483 3032 3524 una
3057 3471 3252 3542 quippe
3278 3487 3340 3532 re

1746 3557 1928 3603 sancta
1958 3547 2123 3605 Judas
2152 3548 2254 3605 sibi
2273 3551 2516 3608 sumebat
2535 3551 2820 3624 judicium,
2855 3557 3044 3615 Petrus
3066 3562 3294 3620 salutem
3320 3583 3336 3621 :

1747 3638 1887 3694 sicut
1915 3648 1990 3707 tu,
2012 3640 2060 3696 si
2085 3640 2535 3710 dissimiliseras,‘
2552 3659 2674 3702 cum
2703 3648 2899 3721 Optato
2922 3650 3329 3713 Sacramentum

1746 3734 1998 3790 sumebas
2043 3775 2060 3801 ,
2109 3746 2163 3791 et
2220 3746 2405 3806 raptor
2441 3739 2578 3795 sicut
2618 3740 2706 3797 ille
2731 3757 2837 3799 non
2868 3760 3006 3802 eras.
3039 3747 3121 3803 An
3148 3750 3337 3821 rapina

1750 3823 2003 3896 iniquitas
2024 3842 2130 3882 non
2150 3828 2275 3884 est?
2299 3828 2430 3898 Quis
2447 3830 2520 3887 ita
2545 3831 2775 3890 insaniat
2795 3844 2851 3891 ut
2875 3835 2978 3893 hoc
3004 3837 3180 3896 dicat?
3207 3841 3338 3910 Qus

1746 3933 1874 3991 ergo
1902 3920 2238 3991 participatio
2277 3923 2500 3994 justitia:
2529 3934 2636 3982 tute
2679 3944 2800 3985 cum
2850 3930 2991 3989 illius
3034 3933 3334 4008 iniquitate,

1745 4013 1960 4084 quando
1980 4013 2049 4070 ad
2074 4031 2238 4071 unum
2270 4017 2604 4075 accedebatis
2628 4022 2840 4080 altare?

1814 4103 2044 4163 CAPUT
2081 4105 2219 4162 XLI.
2251 4137 2322 4150 -—
2364 4109 2452 4165 97.
2498 4109 2682 4168 PRTIL.
2714 4114 2848 4170 dixit
2877 4133 2890 4171 :
2923 4115 2994 4173 Et
3031 4120 3213 4177 iterum
3240 4123 3338 4179 do-

1744 4197 1848 4252 cuit
1871 4213 1934 4252 ne
1961 4199 2232 4253 schismata
2250 4213 2593 4260 nascerentur.
2631 4223 2653 4258 α
2683 4205 2814 4262 Dico
2833 4218 3003 4264 autem
3028 4214 3185 4277 vobis,
3202 4221 3340 4283 quod

1745 4290 2090 4362 unusquisque
2107 4300 2324 4348 vestrum
2345 4293 2501 4363 dicit,
2526 4295 2639 4369 Ego
2657 4298 2859 4369 quidem
2884 4319 2994 4356 sunt
3025 4303 3219 4370 Pauli;
3244 4323 3338 4380 ego

1744 4393 1915 4440 autem
1957 4381 2143 4454 Apollo
2162 4425 2177 4451 ,
2217 4402 2313 4456 ego
2349 4403 2465 4442 vero
2509 4387 2738 4459 Cephte;
2783 4408 2874 4464 ego
2911 4403 3081 4449 autem
3127 4396 3334 4455 Christi.

1747 4477 2013 4550 Numquid
2041 4479 2231 4534 divisus
2257 4489 2334 4536 est
2364 4481 2594 4539 Christus
2616 4485 2642 4539 ?
2688 4485 2956 4558 Numquid
2993 4487 3192 4546 Paulus
3215 4505 3336 4547 cru-

1743 4573 1926 4644 ciﬁxus
1945 4582 2016 4628 est
2042 4591 2137 4645 pro
2153 4573 2289 4629 vobis
2307 4575 2333 4630 ?
2356 4585 2444 4630 aut
2468 4577 2522 4632 in
2548 4580 2752 4635 nomine
2774 4579 2931 4637 Pauli
2951 4581 3194 4654 baptizati
3217 4588 3336 4643 estis

1745 4665 1789 4739 (ι
1817 4666 1935 4721 Cor.
1961 4683 1998 4732 ι,
2028 4666 2118 4734 te,
2150 4667 2280 4741 ιδῃ
2312 4688 2333 4722 ι

1815 4758 1906 4816 98.
1940 4759 2076 4817 Auc.
2119 4761 2397 4830 respondit
2428 4779 2442 4818 :
2471 4761 2796 4821 Mementote
2835 4767 2923 4837 qui
2965 4767 3082 4824 hmo
3115 4768 3288 4842 legitis
3317 4790 3331 4829 :

1743 4850 2034 4908 Petilianus
2049 4868 2115 4909 ex
2132 4855 2388 4926 Apostolo
2412 4855 2510 4911 ista
2529 4869 2930 4914 commemorat.
2951 4860 3176 4929 Quando
3190 4865 3330 4922 enim

1743 4946 2035 5002 crederetis
2059 4947 2138 5002 sic
2163 4962 2288 5004 eum
2308 4964 2406 5018 pro
2429 4949 2584 5006 nobis
2611 4961 2795 5007 contra
2820 4965 2879 5010 se
2907 4954 3129 5014 dicere?

1813 5036 2039 5094 CAPUT
2062 5037 2224 5094 XLII.
2253 5069 2326 5082 —-
2366 5040 2456 5098 99.
2483 5042 2668 5098 Pam.
2700 5043 2835 5100 dixit
2863 5063 2880 5101 :
2911 5048 2974 5104 Si
3005 5051 3249 5121 rudibus,
3292 5056 3338 5110 si

1733 5129 1890 5201 justis
1929 5128 2129 5186 Paulus
2170 5133 2279 5188 haec
2307 5133 2466 5200 dixit;
2511 5151 2604 5207 ego
2629 5136 2766 5192 vobis
2809 5139 3014 5210 injustis
3039 5142 3146 5198 haec
3172 5145 3285 5200 dico
3318 5163 3336 5202 :

1745 5220 2010 5292 Numquid
2043 5223 2232 5280 divisus
2261 5234 2334 5280 est
2363 5224 2592 5282 Christus
2615 5269 2629 5296 ,
2662 5238 2718 5283 ut
2737 5245 2823 5286 vos
2847 5232 2910 5286 ab
2936 5229 3172 5290 Ecclesia
3197 5238 3332 5292 scin-

1743 5315 1923 5370 deretis
1945 5316 1971 5368 ?

1816 5405 1938 5463 100.
1988 5408 2125 5465 Aue.
2155 5409 2436 5482 respondit
2463 5428 2476 5467 :
2512 5411 2716 5470 Vereor
2744 5426 2813 5472 ne
2843 5418 3124 5492 quisquam
3153 5422 3203 5475 in
3231 5421 3333 5478 hoc

1741 5515 1902 5572 opere
1929 5516 2052 5558 meo
2094 5503 2410 5576 scriptorem
2451 5507 2743 5566 arbitretur
2767 5525 2999 5580 errasse,
3034 5523 3087 5570 et
3121 5514 3229 5570 illic
3253 5513 3334 5571 fe-

1803 5733 1820 5764 ί
1845 5732 1929 5782 Hic
1951 5745 1979 5782 a
2001 5737 2110 5782 Lov.
2126 5745 2190 5782 ex
2215 5732 2407 5800 Belgica
2433 5738 2701 5802 exemplari
2723 5738 2936 5789 additum
2971 5737 3148 5804 fuerat,
3175 5753 3331 5806 quan-

1741 5815 1823 5869 do.
1848 5815 1940 5867 sed
1961 5816 2219 5882 redundat,
2243 5831 2336 5872 nec
2359 5821 2408 5872 in
2426 5821 2676 5873 Gallicanis
2690 5829 2795 5873 Mss.
2815 5823 3078 5885 reperitur.
