3812 6128
460 229 570 288 295

463 345 620 410 cisse,
651 340 942 398 Petilianus
971 339 1138 406 dixit;
1170 337 1260 393 ubi
1284 335 1468 394 debuit
1497 335 1693 403 facere,
1725 335 2054 407 Augustinus

463 433 757 506 respondit.
797 431 901 489 Sed
925 430 1078 486 video
1108 429 1233 500 quid
1255 429 1428 499 egeris
1460 446 1473 483 :
1503 427 1655 499 quasi
1682 442 2057 498 prmoccupare

463 526 709 588 voluisti,
741 539 810 579 ne
836 538 934 578 nos
962 523 1063 577 ista
1093 521 1414 577 diceremus.
1443 521 1549 577 Sed
1579 519 1706 591 quid
1735 520 1928 588 fecisti,
1955 521 2057 575 nisi

466 626 526 672 ut
561 616 640 670 his
680 613 965 670 dicantur?
1017 611 1071 668 Si
1103 628 1230 683 ergo
1260 613 1339 668 sic
1367 623 1417 667 te
1454 611 1686 666 delectat
1714 610 1900 665 audire
1937 627 2058 681 qum

465 717 589 763 sunt
617 705 873 761 adversus
895 720 991 761 vos
1010 748 1025 773 ,
1056 713 1113 760 ut
1139 720 1200 759 ea
1229 704 1472 759 dicantur
1496 719 1510 770 ;
1558 702 1683 757 audi
1707 703 1794 758 illa
1816 745 1831 770 ,
1857 713 2000 774 peto,
2028 717 2059 758 a

463 816 578 864 me,
610 799 869 854 Petiliane
902 815 915 853 :
947 798 1215 870 Numquid
1240 797 1444 853 divisus
1471 806 1553 853 cst
1576 796 1842 863 Christus,
1875 805 1934 852 ut
1963 811 2059 852 vos

461 891 530 946 ab
555 892 790 947 Ecclesia
824 890 1180 948 scinderctis?

534 982 760 1039 CAPUT
800 981 980 1036 XLIII.
1006 1012 1076 1021 —
1103 982 1224 1036 101.
1255 981 1440 1036 ΡΕΤΙΙ..
1470 980 1604 1036 dixit
1632 1001 1644 1035 :
1681 981 1944 1051 Numquid
1967 999 2060 1053 pro

463 1073 601 1128 vobis
639 1073 818 1142 laqueo
844 1090 936 1127 suo
960 1071 1127 1127 Iudas
1158 1074 1373 1128 traditor
1415 1082 1640 1127 mortuus
1669 1081 1742 1126 est
1765 1113 1780 1138 ,
1825 1080 1911 1124 aut
1952 1072 2061 1142 ejus

465 1183 554 1222 vos
582 1167 802 1222 moribus
831 1167 1020 1236 tingitis
1041 1208 1054 1232 ,
1103 1168 1250 1236 cujus
1291 1167 1427 1236 facta
1468 1174 1715 1220 sectantes
1746 1165 1909 1234 raptis
1944 1166 2058 1220 the-

466 1261 630 1314 sauris
661 1257 905 1314 Ecclesia:
942 1274 1034 1312 nos
1064 1255 1250 1313 Christi
1285 1257 1508 1313 hwredes
1536 1256 1862 1328 potestatibus
1891 1255 2062 1310 saeculi

467 1352 781 1406 venumdatis
799 1351 825 1404 ?

542 1444 667 1499 102.
699 1445 833 1499 Avo.
863 1443 1136 1516 respondit
1172 1443 1329 1498 :Non
1379 1459 1476 1513 pro
1519 1443 1674 1499 nobis
1713 1441 1910 1508 Judas,
1967 1440 2062 1497 sed

467 1534 711 1590 Christus
756 1543 1000 1590 mortuus
1050 1544 1172 1601 est,
1221 1535 1305 1590 cui
1336 1533 1467 1589 dicit
1497 1533 1738 1589 Ecclesia
1782 1541 1892 1587 toto
1935 1533 2065 1587 orbe

471 1630 682 1696 dill‘usa,
717 1628 1073 1700 Respondeam
1095 1627 1511 1699 exprobrantibus
1540 1627 1664 1681 mihi
1690 1626 1911 1692 verbum,
1939 1641 2066 1695 quo-

469 1723 608 1777 niam
633 1723 685 1776 in
706 1721 852 1776 verba
881 1731 966 1775 tua
990 1721 1184 1792 speravi
1215 1719 1393 1789 (Psal.
1421 1735 1603 1782 cxvru,
1632 1715 1745 1789 42).
1777 1716 1910 1772 Cum
1935 1729 2065 1786 ergo

471 1815 682 1870 audiam
713 1813 874 1869 verba
920 1813 1127 1868 Domini
1157 1811 1414 1877 dicentis,
1464 1809 1617 1864 Erilis
1664 1810 1789 1862 mihi
1826 1817 1970 1862 testes
2013 1808 2066 1861 in

477 1905 782 1972 Jerusalem,
814 1914 859 1959 et
888 1906 940 1958 in
967 1913 1120 1958 totam
1148 1903 1385 1957 Judaeum
1414 1911 1458 1956 et
1491 1900 1805 1968 Samariam,
1838 1909 1884 1953 et
1910 1914 2066 1970 usque

481 1998 537 2052 in
584 2007 739 2050 totam
781 2006 966 2050 terram
996 1995 1128 2069 (Act.
1160 2011 1197 2059 ι,
1232 1993 1317 2066 8);
1367 2003 1420 2048 et
1464 2008 1559 2063 per
1603 1993 1949 2062 prophetam,
1999 1988 2068 2044 In

472 2107 671 2145 omnem
699 2098 882 2144 terram
909 2089 1060 2144 exivit
1081 2103 1235 2142 sonus
1253 2103 1446 2154 eorum,
1476 2095 1520 2139 ct
1544 2086 1595 2138 in
1619 2085 1744 2154 ﬁnes
1765 2085 1899 2139 orbis
1923 2093 2070 2139 terra:

470 2181 620 2236 verba
667 2197 839 2235 eorum
885 2179 1059 2250 (Psal.
1103 2194 1267 2245 xvni,
1319 2177 1416 2248 5):
1449 2176 1712 2232 malorum
1760 2176 2068 2232 commixtio

473 2272 766 2343 corporalis
793 2287 878 2327 me
898 2271 1037 2326 nulla
1059 2271 1356 2342 perturbat,
1381 2269 1426 2324 si
1449 2271 1465 2300 ¹
1486 2269 1606 2324 ιιονὶ
1623 2268 1820 2336 dicere,
1848 2255 2076 2342 διιεείρᾶ

476 2382 674 2421 servum
703 2375 844 2418 tuum
868 2367 920 2419 in
948 2365 1170 2432 bonum;
1201 2381 1301 2419 non
1321 2364 1690 2418 calumniantur
1717 2363 1841 2417 mihi
1867 2364 2072 2433 superbi

481 2458 657 2531 (Psat.
689 2466 852 2513 cxvtn
874 2501 888 2526 ,
920 2456 1066 2530 122).
1101 2457 1213 2513 Non
1248 2471 1378 2529 ergo
1404 2472 1534 2512 curo
1554 2471 1747 2512 vanum
1775 2457 2070 2512 calumnia-

483 2559 656 2606 torem
676 2592 691 2618 ,
745 2551 866 2621 quia
898 2549 1148 2606 idoneum
1179 2559 1336 2605 teneo
1365 2549 1768 2620 promissorem.
1816 2548 1870 2606 Si
1892 2559 2070 2606 autem

480 2641 551 2696 de
581 2641 743 2697 rebus
768 2642 853 2697 vel
881 2642 1012 2697 locis
1041 2641 1419 2698 ecclesiasticis
1445 2657 1565 2712 qua:
1601 2642 1862 2698 tenebatis
1887 2655 1940 2698 et
1965 2658 2070 2698 non

480 2733 675 2788 tenetis
705 2732 990 2803 querimini
1016 2775 1030 2798 ,
1078 2741 1304 2803 possunt
1332 2741 1385 2787 et
1409 2731 1580 2788 Judaei
1613 2747 1671 2788 se
1693 2733 1867 2804 justos
1891 2733 2072 2789 dicere

481 2834 536 2881 ct
560 2825 889 2896 iniquitatem
911 2824 1068 2880 nobis
1088 2826 1340 2895 obiicere,
1364 2825 1487 2895 quia
1514 2825 1688 2880 locum
1708 2826 1758 2880 in
1784 2841 1889 2896 quo
1911 2825 2073 2895 impie

481 2928 876 2990 regnaverunt,
928 2917 1088 2974 modo
1121 2918 1409 2974 Christiani
1439 2918 1732 2987 possident.
1781 2919 1918 2985 Quid
1946 2933 2074 2989 ergo

479 3009 794 3081 indignum,
836 3009 880 3063 si
910 3023 972 3064 ea
1015 3024 1135 3079 qua:
1180 3007 1434 3064 tenebant
1461 3007 1726 3075 hmretici,
1780 3006 2071 3063 secundum

482 3114 667 3171 parem
691 3098 904 3155 Domini
923 3099 1252 3154 voluntatem
1267 3097 1528 3153 Catholici
1544 3098 1764 3154 tenent?
1790 3097 1870 3152 Ad
1889 3112 2075 3154 omnes

485 3190 628 3245 enim
655 3189 858 3246 similes
884 3229 899 3255 ,
930 3189 982 3244 id
1010 3198 1124 3256 est,
1153 3189 1218 3244 ad
1241 3204 1430 3244 omnes
1458 3189 1650 3260 impios
1679 3198 1731 3245 et
1752 3189 1959 3260 iniquos
1983 3187 2073 3243 illa

482 3297 588 3339 vox
621 3282 828 3339 Domini
863 3282 1004 3338 valet
1033 3301 1044 3336 :
1076 3283 1347 3355 Auferetur
1381 3299 1414 3336 a
1447 3281 1584 3337 vobis
1617 3298 1826 3354 regnum
1856 3280 1986 3348 Dei,
2027 3292 2076 3338 et

484 3376 686 3431 dabitur
735 3376 872 3448 genti
912 3376 1116 3447 facienti
1148 3375 1400 3447 justitiam
1446 3374 1654 3449 (Matth.
1684 3392 1807 3441 ut,
1837 3375 1951 3448 45).
1993 3375 2075 3430 An

480 3467 676 3525 frustra
721 3468 978 3539 scriptum
1027 3475 1142 3535 est,
1196 3465 1418 3522 Labores
1464 3467 1738 3536 impiorum
1772 3467 1901 3537 justi
1927 3465 2076 3520 edent

487 3559 660 3633 (Psal.
689 3575 773 3616 CIV
799 3600 813 3626 ,
860 3559 988 3628 44)?
1032 3557 1365 3628 QuaprOpter
1406 3557 1574 3628 magis
1617 3556 1798 3610 mirari
1834 3555 2071 3624 debetis,

481 3653 624 3723 quod
650 3651 824 3706 adhuc
853 3650 1047 3705 tenetis
1077 3649 1270 3718 aliquid
1293 3690 1308 3714 ,
1351 3664 1511 3720 quam
1547 3647 1689 3718 quod
1717 3647 1917 3717 aliquid
1943 3647 2076 3702 ami-

484 3743 652 3799 sistis.
685 3741 790 3798 Sed
816 3755 989 3811 neque
1010 3739 1114 3794 hoc
1146 3738 1414 3794 miremini
1439 3756 1452 3792 :
1481 3738 1737 3808 paulatim
1767 3738 1910 3792 enim
1934 3738 2077 3793 cadit

483 3837 663 3909 paries
688 3834 988 3890 dealbatus.
1013 3832 1281 3902 Respicite
1307 3841 1481 3887 tamen
1498 3831 1939 3899 Maximianistas,
1955 3847 2074 3902 qua:

493 3927 612 3982 loca
643 3926 929 3993 tenebant;
960 3933 1014 3982 et
1037 3924 1229 3996 quibus
1254 3923 1378 3979 inde
1392 3923 1670 3995 agentibus
1694 3931 1749 3978 et
1775 3937 2076 3994 expugnan-

485 4019 626 4077 tibus
651 4018 788 4090 pulsi
812 4017 938 4074 sint.
979 4017 1046 4072 Et
1089 4016 1133 4072 si
1168 4013 1284 4069 haec
1312 4015 1416 4086 pati
1440 4013 1645 4084 justitia
1675 4023 1789 4079 est,
1821 4021 1875 4068 et
1898 4012 2076 4070 facere

486 4110 773 4182 iniquitas,
805 4107 941 4164 aude
965 4107 1110 4178 loqui
1135 4107 1181 4162 si
1206 4115 1380 4178 potes.
1422 4105 1636 4170 Primo,
1668 4105 1789 4176 quia
1817 4119 1912 4161 vos
1941 4105 2074 4162 feci-

485 4202 617 4270 stis,
643 4201 724 4256 illi
752 4201 894 4272 passi
922 4206 1066 4256 sunt.
1112 4197 1336 4264 Deinde,
1366 4198 1489 4269 quia
1514 4197 1806 4252 secundum
1836 4199 2072 4269 regulam

481 4295 701 4368 iustitiae
731 4293 888 4364 hujus
910 4334 927 4362 ,
959 4301 1018 4348 tu
1038 4291 1259 4348 inferior
1287 4291 1560 4348 inveniris.
1589 4290 1670 4345 llli
1700 4292 1845 4348 enim
1872 4307 1966 4361 per
1989 4291 2074 4362 ju-

485 4387 635 4444 dices
654 4401 685 4442 a
709 4385 986 4443 catholicis
1025 4383 1434 4456 imperatoribus
1464 4383 1670 4454 expulsi
1707 4392 1832 4438 sunt
1851 4399 1917 4438 ex
1942 4383 2073 4439 locis

484 4479 758 4550 antiquis:
792 4487 847 4533 tu
891 4488 1070 4533 autem
1121 4491 1222 4532 nec
1271 4492 1366 4548 per
1411 4477 1647 4546 ipsorum
1693 4476 2072 4547 imperatorum

483 4572 633 4644 iussa
661 4571 730 4627 de
751 4570 986 4627 basilicis
1009 4570 1298 4640 expelleris
1319 4570 1552 4625 unitatis.
1604 4569 1786 4636 Unde,
1825 4570 1925 4625 nisi
1949 4571 2072 4642 quia

489 4665 712 4721 minoris
739 4664 913 4720 meriti
943 4677 1024 4731 cs,
1048 4678 1156 4718 non
1177 4663 1347 4718 solum
1366 4663 1574 4718 caeteris
1592 4663 1812 4734 collegis
1833 4665 1957 4732 tuis,
1978 4663 2073 4719 sed

490 4758 649 4812 etiam
671 4757 786 4812 istis
809 4757 959 4828 ipsis,
985 4770 1122 4827 quos
1145 4763 1292 4812 certe
1310 4763 1371 4810 ut
1397 4754 1686 4826 sacrilegos
1710 4755 1933 4826 plenarii
1953 4771 2075 4812 con-

487 4850 592 4906 cilii
618 4851 778 4906 vestri
801 4866 894 4906 ore
921 4848 1253 4906 damnastis?

559 4942 783 5000 CAPUT
821 4943 1004 4998 XLIV.
1030 4973 1102 4984 —
1130 4942 1253 4999 105.
1277 4941 1466 4998 Ρι-ιτιι..
1488 4941 1623 4998 dixit
1649 4959 1662 4998 :
1698 4941 1809 4997 Nos
1835 4943 1986 5008 enim,
2017 4951 2075 4996 ut

487 5037 737 5107 scriptum
762 5045 835 5090 est
856 5077 872 5104 ,
903 5034 1166 5106 Baptismo
1193 5044 1366 5090 nostro
1390 5032 1645 5090 Christum
1682 5034 1940 5088 induimus
1969 5043 2074 5090 tra-

489 5131 648 5186 ditum
676 5128 871 5201 (Galat.
899 5145 956 5185 ιιι
980 5171 996 5198 ,
1026 5129 1119 5202 27)
1145 5172 1160 5200 ,
1187 5145 1274 5185 vos
1302 5138 1464 5186 vestro
1505 5128 1736 5200 contagio
1763 5126 1800 5182 J
1804 5128 1959 5182 udam
1994 5128 2075 5183 in-

489 5225 643 5282 duitis
672 5225 986 5281 traditorem.

560 5318 684 5375 104.
717 5317 853 5374 Anc.
895 5316 1172 5389 respondit
1211 5335 1224 5374 :
1257 5317 1476 5374 Possem
1513 5324 1566 5372 et
1590 5329 1690 5386 ego
1719 5313 1897 5371 dicere
1919 5356 1932 5381 ,
1965 5314 2075 5371 Vos

490 5418 668 5468 vestro
691 5409 936 5480 contagio
971 5408 1220 5480 Optatum
1257 5409 1476 5465 induitis
1502 5406 1863 5479 proditorem,
1890 5416 2074 5478 rapto-

489 5519 622 5569 rem,
654 5518 1052 5575 opprcssorem,
1075 5513 1440 5575 separatorem
1475 5523 1488 5559 :
1517 5502 1611 5558 sed
1632 5502 1770 5558 absit
1790 5511 1845 5557 ut
1865 5501 2075 5573 cupidi-

489 5603 569 5652 tas
597 5593 853 5650 reddendi
883 5595 1152 5652 maledicti
1183 5610 1268 5652 me
1295 5595 1363 5653 ad
1386 5595 1617 5668 aliquam
1645 5603 1901 5671 provocet
1929 5593 2076 5658 falsi-

557 5733 574 5764 ί
600 5738 665 5786 tta
684 5738 790 5785 uss.
818 5739 872 5786 At.
896 5732 1031 5799 editi,
1053 5732 1161 5786 sed.

1321 219 1596 280 CONTRA
1636 214 1978 276 LITTERAS
2014 213 2381 286 PETILIANI,
2421 213 2479 271 S.
2522 213 2888 274 AUGUSTINI
3653 217 3747 278 296
3793 249 3795 252 -

2167 342 2326 390 tatem
2371 352 2384 389 :
2424 347 2522 390 nec
2543 348 2638 390 vos
2669 334 2813 390 enim
2843 333 2990 392 illum
3019 332 3235 391 induitis
3257 375 3273 402 ,
3304 347 3403 391 nec
3428 347 3532 392 nos
3570 333 3744 392 istum.

2167 426 2348 498 Itaque
2373 426 2416 481 si
2447 426 2672 498 quisque
2695 426 2762 480 ad
2788 440 2887 482 nos
2913 427 3134 482 veniens
3158 427 3210 482 in
3250 427 3468 483 nomine
3492 425 3674 499 Optati
3697 443 3747 486 se

2139 524 2144 531 '
2166 518 2488 589 baptizatum
2509 534 2628 575 esse
2648 519 2986 590 respondeat,
3010 529 3066 578 et
3085 519 3442 591 baptizabitur
3462 525 3519 577 in
3541 522 3747 578 nomine
3796 513 3797 538 ¹

2167 609 2396 677 Christi;
2421 620 2584 668 etvos
2610 621 2869 683 quotquot
2893 627 2922 666 a
2945 611 3098 667 nobis
3122 613 3397 668 venientes
3424 611 3748 685 baptizastis,

2167 704 2210 760 si
2242 705 2293 760 in
2329 706 2544 761 nomine
2571 705 2721 762 Judm
2751 705 3022 763 traditoris
3055 722 3117 763 se
3149 706 3444 778 baptizatos
3468 707 3750 772 dixerant.

2167 813 2274 853 non
2298 799 2741 870 reprehendimus
2763 800 2904 871 quod
2927 800 3128 856 fecistis
3155 819 3168 856 :
3201 800 3245 855 si
3276 809 3453 857 autem
3481 801 3536 857 in
3563 798 3750 858 Christi

2171 891 2388 948 nomine
2433 891 2685 962 baptizati
2723 903 2915 957 erant,
2956 909 3062 949 non
3106 893 3300 950 videtis
3335 905 3538 966 quanto
3578 910 3750 950 errore

2169 982 2502 1038 arbitremini
2558 983 2814 1040 varietate
2867 984 3221 1041 humanorum
3273 986 3525 1042 vitiorum
3583 986 3752 1042 divina
3797 979 3799 1056 l

2170 1072 2515 1130 Sacramenta
2555 1075 2788 1145 variari,
2828 1086 2922 1133 aut
2961 1078 3086 1134 vita:
3112 1079 3129 1110 ⁵
3156 1077 3470 1150 cujusquam
3508 1078 3753 1136 sordibus

2170 1165 2332 1236 pollui
2349 1166 2372 1220 ?

2240 1258 2465 1316 CAPUT
2505 1260 2665 1318 XLV.
2692 1293 2764 1304 —
2801 1263 2925 1320 105.
2969 1263 3156 1320 Ρετιι..
3197 1263 3332 1320 dixit
3373 1283 3387 1319 :
3431 1263 3541 1322 Sed
3571 1265 3618 1320 si
3651 1266 3755 1320 ista

2170 1361 2286 1407 sunt
2307 1362 2496 1424 partes,
2527 1356 2657 1410 nihil
2680 1355 2823 1411 nobis
2853 1357 3192 1429 prmjudicant
3221 1358 3427 1413 nomina
3461 1361 3750 1430 compertis.

2172 1441 2303 1498 Dua:
2339 1461 2554 1516 namque
2579 1447 2674 1502 vite
2697 1457 2812 1502 sunt
2852 1463 2870 1502 :
2913 1464 3016 1502 una
3053 1451 3297 1519 angusta,
3323 1465 3426 1520 qua
3465 1449 3754 1521 pergimus;

2171 1537 2332 1591 altera
2359 1547 2431 1592 est
2456 1539 2626 1611 impiis
2649 1581 2663 1606 ,
2695 1556 2797 1610 qua
2832 1541 3064 1610 peribunt
3092 1556 3111 1598 :
3137 1549 3181 1596 et
3207 1550 3373 1596 tamen
3401 1541 3550 1612 longe
3574 1542 3756 1597 discere

2173 1629 2310 1682 nitur
2337 1630 2568 1685 vocabuli
2595 1633 2860 1702 wqualitas
2883 1673 2899 1703 ,
2929 1649 2993 1688 ne
3027 1632 3108 1688 via
3136 1635 3355 1706 justitia:
3381 1635 3636 1691 consortio
3673 1652 3757 1691 no-

2173 1721 2323 1774 minis
2349 1721 2650 1776 maculatur.

2248 1813 2370 1870 106.
2403 1815 2540 1873 Auc.
2573 1816 2848 1888 respondit
2878 1837 2892 1874 :
2920 1817 3166 1880 Timuisti
3196 1828 3561 1890 comparatam
3583 1821 3758 1877 multi-

2175 1904 2343 1962 tudini
2384 1919 2576 1965 vestrae
2619 1891 3204 1968 multitudinem'orbls
3249 1921 3510 1969 terrarum
3537 1956 3554 1980 ,
3603 1925 3660 1970 et
3699 1913 3758 1970 ad

2175 2001 2456 2071 paucitatis
2483 2001 2692 2059 laudem
2725 2019 2821 2074 per
2844 2015 3122 2076 angustam
3159 2005 3298 2060 viam
3336 2005 3672 2078 gradientem
3708 2015 3755 2062 te

2176 2095 2420 2151 conferre
2440 2096 2674 2152 voluisti.
2716 2095 2926 2152 Utinam
2954 2111 3060 2152 non
3087 2097 3153 2152 ad
3173 2097 3291 2168 ejus
3316 2098 3550 2165 laudem,
3573 2100 3674 2156 sed
3701 2098 3759 2154 ad

2178 2191 2347 2262 ipsam
2370 2191 2510 2247 viam
2532 2201 2585 2247 te
2613 2192 2932 2247 contulisses
2957 2211 2971 2246 :
2996 2191 3236 2263 profecto
3256 2192 3592 2264 perspiceres
3618 2209 3760 2249 cam-
3804 2189 3805 2216 ξ

2179 2283 2299 2339 dem
2328 2283 2648 2354 paucitatem
2682 2283 2735 2338 in
2775 2282 3014 2338 Ecclesia
3052 2297 3173 2339 esse
3210 2284 3448 2339 omnium
3486 2285 3761 2355 gentium,

2179 2379 2274 2433 sed
2323 2392 2516 2448 paucos
2558 2377 2662 2433 dici
2709 2377 2884 2448 justos
2931 2376 2983 2431 in
3031 2378 3428 2448 comparatione
3479 2377 3762 2433 multorum

2181 2469 2486 2541 iniquorum
2545 2487 2558 2522 :
2603 2469 2741 2526 sicut
2790 2469 2844 2524 in
2888 2470 3288 2540 comparatione
3334 2469 3504 2541 palea:
3549 2479 3764 2541 possunt

2180 2575 2347 2631 pauca
2371 2575 2533 2632 grana
2559 2560 2662 2616 dici
2684 2559 2970 2616 uberrima:
2996 2561 3210 2630 segetis,
3238 2577 3360 2632 qua:
3388 2569 3568 2616 tamen
3597 2577 3696 2632 per
3718 2575 3765 2617 se
3806 2627 3807 2634 η

2183 2652 2296 2723 ipsa
2326 2653 2376 2707 in
2407 2667 2636 2707 massam
2664 2651 2880 2708 redacta
2912 2652 3137 2722 implent
3171 2652 3445 2709 horreum.
3477 2652 3612 2707 Nam
3639 2653 3765 2708 sicut
3806 2635 3807 2686 ἶ

2183 2743 2236 2798 in
2268 2741 2703 2798 tribulationibus
2741 2743 3064 2798 amissorum
3102 2743 3339 2798 locorum
3365 2785 3379 2810 ,
3422 2743 3501 2798 sic
3527 2744 3694 2799 etiam
3724 2744 3767 2798 in

2183 2838 2470 2909 paucitate,
2506 2836 2550 2892 si
2574 2838 2626 2891 in
2658 2835 2742 2891 his
2767 2844 2924 2906 putas
2953 2849 3072 2893 esse
3094 2834 3373 2907 justitiam,
3405 2845 3458 2892 te
3486 2835 3588 2908 ipsi
3613 2835 3770 2891 Mari.

2183 2930 2447 2985 mianistae
2473 2929 2820 3000 superabunt.

2255 3021 2484 3078 CAPUT
2522 3021 2801 3078 XLVI.'—
2821 3023 2947 3079 107.
2969 3023 3152 3081 Ρετιι..
3177 3023 3312 3081 dixit
3335 3044 3349 3082 :
3379 3023 3557 3081 Primo
3583 3027 3769 3098 psalmo
3808 3077 3809 3104 ξ

2184 3113 2355 3168 David
2385 3115 2554 3170 beatos
2581 3124 2631 3169 et
2655 3115 2839 3187 impios
2877 3125 3120 3186 separat,
3149 3133 3252 3172 non
3279 3127 3450 3188 partes
3477 3119 3672 3172 scilicet
3702 3120 3772 3188 [a-
3808 3105 3809 3178 ξ

2185 3209 2320 3263 ciens
2343 3250 2359 3276 ,
2408 3209 2497 3263 sed
2549 3209 2612 3262 ab
2655 3208 2883 3263 omnibus
2929 3208 3098 3279 impiis
3145 3225 3391 3279 separans
3438 3210 3768 3265 sanctitatem.

2192 3322 2210 3356 ι
2246 3302 2434 3358 Beatus
2461 3302 2536 3356 vir
2556 3303 2642 3374 qui
2669 3319 2771 3356 non
2806 3301 2930 3356 abiit
2967 3303 3021 3355 in
3059 3300 3274 3356 concilio
3310 3303 3584 3372 impiorum
3611 3345 3627 3370 ,
3660 3312 3704 3357 et
3727 3303 3770 3356 is

2186 3397 2267 3452 via
2293 3406 2612 3468 peccatorum
2651 3413 2752 3450 non
2789 3398 2943 3451 stetit.
2978 3413 2996 3448 ι
3029 3395 3110 3449 Ad
3145 3396 3279 3450 viam
3309 3396 3528 3466 justitia:
3565 3397 3767 3461 redeat,

2185 3489 2272 3560 qui
2297 3497 2550 3544 erraverat
2574 3496 2628 3542 ut
2657 3487 2862 3560 periret.
2900 3506 2920 3540 ς
2949 3484 3017 3542 Et
3043 3503 3196 3558 super
3219 3488 3511 3542 cathedram
3539 3490 3769 3559 pestilen-

2187 3581 2272 3634 tia:
2309 3597 2410 3636 non
2436 3582 2584 3636 sedit.
2619 3599 2638 3634 ι
2674 3580 2803 3636 Cum
2839 3581 2912 3635 ita
2949 3591 3261 3636 commoneat
3286 3623 3300 3645 ,
3341 3597 3371 3634 ο
3409 3581 3580 3635 miseri
3606 3623 3622 3647 ,
3661 3581 3769 3651 quid

2185 3674 2414 3730 sedetis?
2443 3693 2463 3727 ‹
2501 3674 2608 3731 Sed
2635 3675 2687 3728 in
2717 3674 2823 3745 lege
2850 3673 3056 3730 Domini
3079 3675 3312 3730 voluntas
3338 3675 3446 3746 ejus
3468 3717 3484 3742 ,
3513 3683 3560 3729 et
3589 3675 3646 3729 in
3673 3674 3769 3745 lege

2187 3764 2397 3821 Domini
2424 3766 2748 3821 meditabitur
2786 3767 2870 3823 die
2892 3783 2952 3821 ac
2976 3777 3141 3824 nocte.
3183 3767 3250 3821 Et
3278 3768 3372 3822 erit
3411 3768 3544 3823 velut
3582 3769 3770 3839 lignum

2187 3858 2322 3926 quod
2344 3859 2627 3928 plantatum
2656 3866 2730 3913 est
2758 3858 2894 3912 circa
2921 3859 3166 3913 decursus
3192 3875 3474 3929 aquarum,
3503 3858 3645 3926 quod
3670 3861 3771 3931 [nt-

2187 3958 2323 4004 ctum
2349 3965 2493 4004 suum
2531 3948 2669 4002 dabit
2707 3950 2760 4004 in
2799 3958 3023 4020 tempore
3048 3965 3161 4004 suo.
3204 3948 3272 4003 Et
3308 3950 3489 4021 folium
3527 3950 3642 4020 ejus
3680 3963 3770 4003 non

2187 4041 2420 4106 decidet,
2447 4051 2493 4094 et
2523 4041 2693 4095 omnia
2729 4058 3056 4112 quaecumque
3079 4041 3292 4112 fecerit,
3325 4057 3569 4113 prospera
3601 4057 3749 4112 proce

2186 4132 2326 4188 dent.
2360 4131 2482 4186 Non
2509 4134 2581 4188 sic
2607 4134 2772 4204 impii,
2801 4151 2902 4190 non
2930 4135 3038 4201 sic;
3064 4136 3154 4190 sed
3175 4145 3416 4206 tanquam
3442 4135 3609 4207 pulvis
3632 4152 3770 4208 quem

2185 4227 2388 4300 projicit
2415 4235 2588 4281 ventus
2613 4244 2644 4280 a
2666 4226 2798 4299 facie
2821 4236 2986 4283 terra.
3026 4247 3045 4281 ι
3071 4226 3264 4298 Implet
3289 4229 3462 4283 oculos
3485 4271 3501 4296 ,
3532 4239 3588 4282 ut
3619 4244 3771 4284 exca-

2185 4329 2280 4374 cet.
2311 4339 2329 4372 ‹
2360 4317 2640 4390 Pr0ptcrea
2666 4335 2767 4374 non
2789 4330 3060 4392 exsurgent
3091 4320 3238 4390 impii
3275 4321 3327 4375 in
3355 4321 3556 4393 judicio
3577 4363 3591 4386 ,
3621 4337 3772 4392 neque

2185 4421 2471 4484 peccatores
2495 4411 2547 4464 in
2576 4411 2793 4465 concilio
2815 4413 3094 4482 justorum.
3132 4411 3386 4479 Quoniam
3407 4413 3500 4467 scit
3522 4410 3770 4468 Dominus

2183 4503 2290 4559 vias
2307 4504 2584 4574 justorum,
2613 4511 2659 4558 et
2687 4504 2784 4558 iter
2811 4504 3088 4574 impiorum
3115 4505 3274 4576 periet
3307 4524 3328 4559 ι
3362 4504 3539 4578 (Psal.
3567 4508 3630 4577 ι).

2255 4597 2382 4652 108.
2405 4597 2539 4654 Avo.
2565 4595 2874 4666 respondit:
2899 4595 3032 4664 Quis
3053 4613 3159 4654 non
3181 4599 3232 4654 in
3258 4598 3548 4671 Scripturis
3568 4601 3770 4659 dtsccrv

2185 4700 2278 4746 nat
2302 4690 2418 4745 haec
2446 4689 2552 4745 duo
2577 4705 2772 4762 genera
2803 4690 3118 4746 hominum?
3156 4691 3262 4749 Sed
3304 4709 3399 4749 vos
3439 4693 3687 4751 maledici
3716 4697 3766 4759 ’,

2184 4783 2352 4856 palea:
2378 4783 2599 4838 crimina
2627 4786 2787 4838 etiam
2815 4782 3096 4840 frumentis
3122 4783 3381 4855 objicitis;
3423 4794 3478 4841 et
3513 4799 3633 4842 cum
3662 4788 3768 4842 sola

2184 4879 2337 4949 palea
2360 4875 2475 4932 sitis
2497 4917 2513 4943 ,
2540 4875 2713 4931 solum
2745 4873 3069 4931 frumentum
3097 4890 3191 4930 vos
3219 4890 3337 4930 esse
3357 4875 3594 4945 iactatis.
3640 4877 3761 4934 Pro:

2185 4971 2362 5043 pheta:
2390 4978 2569 5026 autem
2597 4968 2816 5025 veridici
2844 4977 3128 5039 utrumque
3157 4968 3260 5024 hoc
3289 4983 3456 5039 genus
3486 4981 3610 5026 ante
3638 4986 3736 5027 ven

2185 5064 2480 5120 tilationem
2503 5105 2516 5130 ,
2542 5077 2660 5135 qua:
2683 5062 2736 5117 in
2776 5061 2862 5118 die
2887 5061 3073 5133 judicii
3103 5059 3275 5116 futura
3302 5069 3384 5117 est
3407 5105 3421 5129 ,
3451 5062 3765 5133 permixtum

2185 5173 2306 5215 esse
2344 5157 2528 5214 dicunt
2565 5172 2661 5227 per
2699 5166 2866 5211 totum
2907 5153 3163 5210 mundum
3189 5195 3204 5220 ,
3245 5155 3300 5210 id
3339 5164 3422 5210 est
3463 5172 3559 5227 per
3603 5165 3766 5212 totum

2185 5269 2373 5325 agrum
2405 5252 2638 5308 Domini.
2669 5250 3048 5306 Verumtamen
3077 5248 3340 5305 admoneo
3370 5259 3426 5305 ut
3463 5250 3618 5304 istum
3659 5250 3767 5322 pri-

2185 5361 2332 5402 mum
2356 5344 2618 5416 psalmum
2645 5358 2819 5416 graice
2849 5341 2996 5413 legas
3026 5360 3040 5396 :
3073 5343 3144 5398 ita
3172 5355 3279 5397 non
3299 5340 3520 5397 audebis
3548 5355 3642 5412 pro
3669 5339 3768 5396 cri—

2189 5437 2334 5493 mine
2373 5435 2609 5507 objicere
2651 5433 2768 5491 orbi
2807 5441 3071 5490 terrarum
3112 5439 3317 5504 partem
3355 5431 3604 5501 Macarii;
3647 5429 3767 5502 quia

2253 5666 2446 5730 tudini,
2487 5671 2568 5717 aut
2588 5665 2653 5730 t'n_
2675 5670 2739 5730 te.
2779 5664 3081 5730 tristigantur
3103 5673 3167 5716 ex
3191 5663 3548 5730 musci-imis.

2253 5733 2275 5765 ¹
2299 5735 2349 5782 ιιι
2374 5729 2534 5793 editis,
2554 5726 2800 5782 maledicti
2829 5726 3112 5801 ξςσιτιιριε.

3589 5826 3642 5840 ρ-
