3796 6124
69 274 160 332 ,97
1391 248 1594 310 LIBER
1633 245 2014 310 SECUNDUS.

71 387 190 441 forte
211 381 485 454 Intelliges
511 382 667 452 cujus
689 379 902 438 Macarii
927 379 998 435 sit
1021 390 1146 448 pars
1169 373 1221 431 in
1242 372 1490 430 omnibus
1514 384 1641 426 san-

70 479 157 532 etis
176 517 190 541 ,
219 491 344 546 qua:
378 491 474 546 per
500 489 687 529 omnes
714 481 897 544 gentes
931 468 1316 526 benedicuntur
1353 465 1407 518 in
1436 463 1641 518 semine

73 567 302 626 Abrahae.
333 565 492 636 Quod
522 565 664 622 enim
693 565 949 635 scriptum
982 570 1066 618 est
1093 561 1255 616 latine
1274 599 1289 624 ,
1314 557 1503 612 Beatus
1533 555 1644 621 vir;

73 673 226 730 graece
256 657 446 723 habet,
473 664 724 728 Μακάριος
754 658 894 726 ἀνήρ.
931 653 1028 709 Ille
1064 661 1242 709 autem
1273 649 1530 705 Macarius
1555 646 1646 719 qui

72 750 207 806 vobis
242 748 533 819 displicet,
565 747 610 802 si
639 746 814 802 malus
843 745 977 812 fuit,
1009 758 1110 800 nec
1140 743 1192 797 in
1221 741 1321 797 hac
1345 749 1494 796 sorte
1522 747 1605 793 est
1627 777 1644 804 ,

74 858 159 898 nec
194 843 320 897 huic
363 841 498 897 sorti
536 839 709 895 obest.
748 838 808 894 Si
848 845 1025 893 autem
1066 835 1237 890 bonus
1261 875 1276 900 ,
1320 847 1455 903 opus
1493 845 1649 887 suum

73 933 265 1006 probet,
296 941 360 988 ut
383 933 436 988 in
466 944 527 989 se
553 932 667 1003 ipso
694 930 886 986 habeat
911 928 1158 1000 gloriam,
1186 936 1240 983 et
1267 925 1447 982 nonin
1479 923 1649 979 altero

75 1023 252 1094 (Galat.
281 1039 338 1078 vr
359 1064 376 1089 ,
401 1023 486 1092 4).

132 1115 360 1172 CAPUT
398 1114 608 1171 XLVII.
628 1144 701 1154 —
722 1114 845 1170 109.
871 1113 1057 1168 Ρετιι..
1082 1112 1251 1167 dixit:
1283 1109 1461 1165 Nostri
1481 1117 1652 1162 autem

76 1205 400 1274 Baptismatis
449 1204 626 1260 laudes
671 1205 808 1259 idem
866 1202 1288 1273 psalmographus
1341 1198 1648 1254 decantauit.

75 1313 94 1346 ε
130 1294 377 1350 Dominus
424 1297 582 1367 pascit
621 1311 739 1361 me,
785 1303 832 1348 et
875 1294 1006 1348 nihil
1049 1294 1174 1347 mihi
1213 1293 1407 1358 deerit;
1449 1292 1503 1344 in
1544 1291 1653 1344 loco

75 1403 265 1457 pascua
285 1387 359 1441 ibi
387 1405 470 1443 mc
496 1388 779 1443 collocavit.
809 1387 979 1458 Super
1004 1402 1188 1457 aquam
1214 1384 1504 1456 refectionis
1529 1383 1657 1436 edu-

74 1477 192 1530 cavit
225 1494 309 1532 me
329 1518 347 1542 ,
379 1478 606 1531 animam
632 1493 796 1530 meam
834 1477 1093 1531 convertit.
1136 1475 1358 1530 Deduxit
1395 1491 1473 1529 me
1505 1489 1657 1544 super

75 1569 261 1624 semitas
278 1569 506 1638 justitiat
537 1579 742 1640 prapter
770 1584 951 1622 nomen
976 1584 1144 1621 suum.
1171 1567 1308 1620 Nam
1337 1576 1383 1622 et
1407 1567 1449 1622 si
1473 1566 1656 1620 ambun

77 1659 225 1714 lavero
247 1661 304 1713 in
325 1660 496 1715 medio
515 1662 706 1715 umbrte
724 1661 920 1726 mortis,
961 1678 979 1711 ι
1011 1659 1054 1714 si
1078 1675 1175 1724 me,
1199 1659 1380 1724 inquit,
1412 1673 1656 1726 persecu-

75 1760 144 1804 tor
165 1751 400 1820 accidat,
439 1770 461 1804 ‹
489 1768 589 1806 non
613 1751 794 1806 timebo
815 1751 951 1805 mala
973 1767 990 1817 ;
1021 1751 1261 1823 quoniam
1287 1760 1340 1803 tu
1361 1765 1553 1803 mecum
1581 1765 1654 1816 es,

79 1840 298 1898 Domine.
348 1843 506 1914 Virga
534 1853 621 1897 tua
651 1853 698 1897 et
722 1842 930 1896 baculus
967 1851 1082 1896 tuus
1113 1842 1230 1912 ipsa
1257 1841 1518 1895 consolata
1541 1849 1659 1894 sunt

77 1950 164 1988 me.
196 1953 216 1987 ι
245 1933 385 1990 Inde
408 1935 526 1989 uicit
553 1933 754 1989 Goliam
777 1934 887 1989 oleo
915 1934 1201 1989 chrismatis
1231 1933 1465 1988 loricata.
1494 1950 1512 1984 t
1546 1930 1656 1986 Pa-

77 2026 190 2079 rasti
207 2025 261 2080 in
283 2036 563 2098 conspectu
586 2041 696 2080 meo
725 2041 970 2091 mensam,
997 2025 1237 2080 adversus
1267 2041 1352 2078 eos
1380 2023 1468 2094 qui
1493 2023 1656 2078 tribu-

82 2115 175 2169 lant
194 2133 293 2172 me.
325 2115 675 2188 Impinguasti
700 2117 810 2172 oleo
847 2126 999 2188 caput
1035 2133 1200 2170 meum
1224 2157 1238 2183 ,
1281 2126 1327 2171 et
1365 2116 1500 2170 calix
1538 2124 1657 2170 tuus

80 2205 317 2262 inebrians
340 2224 587 2278 perquam
611 2208 852 2278 optimus.
885 2207 952 2261 Et
991 2208 1335 2262 misericordia
1363 2217 1450 2262 tua
1481 2205 1655 2262 subse-

81 2307 244 2366 quatur
269 2314 357 2353 me
381 2315 553 2354 omnes
581 2298 688 2352 dies
711 2299 826 2353 vita:
858 2314 980 2353 mea:
1006 2314 1024 2352 :
1051 2307 1103 2352 ut
1129 2299 1403 2352 inhabilem
1429 2299 1482 2352 in
1506 2299 1657 2352 domo

83 2386 293 2454 Domini,
323 2392 382 2444 in
404 2389 769 2462 longitudinem
797 2389 993 2444 dierum
1027 2410 1046 2443 ι
1081 2389 1252 2460 (Psal.
1286 2391 1441 2463 χχιι).

141 2479 262 2534 H0.
286 2481 431 2536 Anc.
460 2479 740 2550 respondit
769 2497 783 2532 :
809 2479 914 2535 Iste
942 2480 1176 2551 psalmus
1199 2480 1268 2536 de
1289 2480 1373 2535 his
1399 2481 1653 2552 loquitur,

83 2571 160 2640 qui
200 2571 342 2628 bene
384 2572 680 2642 suscipiunt
726 2572 1092 2642 Baptismum,
1140 2581 1195 2628 et
1240 2583 1426 2629 sancto
1473 2581 1657 2630 sancte

84 2672 306 2718 utuntur.
356 2663 476 2719 Non
515 2667 656 2719 enim
711 2665 873 2720 verba
918 2664 1021 2718 ista
1062 2665 1222 2719 etiam
1267 2664 1334 2719 ad
1379 2665 1656 2722 Simonem

86 2753 274 2824 Magum
303 2755 612 2826 pertinent,
644 2756 734 2826 qui
776 2765 952 2811 tamen
996 2755 1244 2811 eumdem
1285 2767 1527 2812 sanctum
1554 2758 1656 2812 Ba-

87 2845 320 2914 ptismum
354 2848 562 2920 aecepit
594 2867 606 2903 :
635 2857 690 2904 et
725 2849 848 2919 quia
886 2865 952 2905 eo
980 2858 1166 2904 sancte
1205 2850 1278 2904 uti
1309 2850 1517 2918 noluit,
1549 2866 1658 2908 non

89 2935 194 2991 ideo
215 2939 368 2993 illum
397 2938 714 3009 inquinavit,
743 2947 834 2993 aut
862 2940 1209 3010 repetendum
1234 2941 1426 2996 talibus
1454 2942 1654 2998 docuit.

89 3026 181 3086 Sed
217 3031 342 3101 quia
373 3030 542 3086 Goliae
584 3032 1147 3088 commemorationem
1189 3032 1401 3102 fecisti,
1445 3035 1659 3092 attende

88 3120 220 3176 illum
238 3121 305 3178 de
339 3121 458 3193 ipso
484 3121 634 3177 Golia
666 3123 928 3193 psalmum
951 3164 966 3190 ,
997 3132 1052 3178 et
1077 3123 1197 3179 vide
1220 3125 1341 3194 quia
1373 3126 1426 3180 in
1451 3127 1658 3183 cantico

89 3228 210 3268 novo
231 3213 480 3285 depictus
509 3222 592 3269 est
619 3215 635 3246 ¹
662 3231 676 3267 :
706 3213 780 3268 ibi
804 3215 946 3270 enim
973 3214 1186 3282 dicitur,
1221 3215 1376 3284 Deus,
1405 3219 1658 3274 canticum

91 3321 252 3360 nouum
293 3306 514 3360 cantabo
565 3305 697 3370 tibi;
744 3307 798 3360 in
848 3307 1086 3377 psalterio
1135 3309 1306 3364 decem
1351 3310 1660 3366 chordarum

91 3399 288 3466 psallam
319 3399 410 3453 tibi
439 3397 608 3472 (Psal.
637 3415 803 3455 cxuu
824 3442 840 3468 ,
872 3399 950 3472 9).
992 3401 1060 3456 Et
1088 3402 1209 3458 vide
1236 3413 1412 3458 utrum
1450 3403 1518 3459 ad
1555 3404 1658 3460 hoc

91 3490 344 3546 canticum
374 3491 658 3562 pertineat,
684 3491 776 3562 qui
795 3492 911 3548 orbi
940 3501 1198 3549 terrarum
1221 3510 1327 3549 non
1356 3495 1658 3550 communi-

91 3588 179 3634 cat.
209 3580 350 3636 Alibi
375 3581 518 3635 enim
537 3581 732 3637 dicitur
761 3599 774 3636 :
803 3579 1014 3637 Cantate
1042 3583 1261 3638 Domino
1289 3587 1538 3640 canticum
1565 3603 1660 3641 uo-

94 3686 232 3736 rum;
279 3680 483 3726 cantate
524 3671 776 3740 Domino,
821 3675 982 3730 onmis
1029 3684 1161 3729 terra
1202 3674 1371 3746 (Psal.
1411 3693 1542 3746 xcv,
1581 3677 1655 3749 1).

93 3761 259 3821 Omnis
281 3780 416 3836 ergo
446 3777 586 3822 terra
611 3807 626 3833 ,
658 3767 712 3822 in
741 3767 895 3838 cujus
924 3768 1126 3823 unitate
1152 3783 1257 3824 non
1285 3769 1414 3824 estis
1437 3812 1452 3837 ,
1479 3779 1660 3826 cantat

95 3856 343 3912 canticum
373 3871 589 3912 novum.
620 3857 687 3912 Et
713 3858 889 3912 omnis
916 3865 1074 3913 terrae
1103 3868 1228 3914 sunt
1255 3859 1419 3915 verba
1447 3876 1659 3931 quoque

96 3946 180 4004 ista
203 3967 216 4003 :
242 3949 496 4006 Dominus
523 3952 682 4021 pascit
703 3967 800 4017 me,
823 3959 869 4005 et
889 3951 1019 4005 nihil
1046 3952 1169 4006 mihi
1210 3952 1387 4017 deerit,
1412 3962 1515 4008 etc.
1542 3953 1659 4009 Non

97 4048 204 4095 sunt
217 4039 334 4097 haec
351 4041 510 4096 verba
530 4041 874 4110 zizaniorum,
891 4043 1134 4114 quamvis
1153 4057 1317 4114 usque
1333 4043 1398 4098 ad
1427 4060 1658 4101 messem

98 4129 142 4184 in
166 4148 261 4188 una
293 4142 475 4204 segete
501 4133 800 4189 tolerentur
831 4151 844 4188 :
879 4149 986 4188 non
1015 4143 1142 4190 sunt
1162 4136 1320 4190 verba
1347 4137 1534 4206 palem,
1561 4137 1658 4193 sed

98 4220 268 4290 tritici;
307 4223 552 4294 quamvis
586 4224 772 4279 eadem
813 4224 986 4294 pluvia
1017 4226 1282 4296 simulque
1317 4229 1617 4283 nutriantur
1639 4269 1656 4294 ,

99 4311 264 4368 eadem
310 4327 438 4369 area
481 4312 746 4382 simulque
793 4314 1105 4369 triturentur
1146 4317 1166 4346 ³
1193 4357 1208 4383 ,
1253 4315 1426 4372 donec
1469 4317 1656 4373 ultimo

99 4403 378 4458 ventilabro
411 4404 479 4460 ab
513 4403 745 4460 invicem
773 4415 1157 4476 segregantur:
1185 4423 1305 4478 quae
1333 4407 1438 4463 duo
1467 4409 1652 4480 utique

101 4495 436 4551 communiter
459 4511 624 4550 unum
653 4495 849 4550 habent
878 4497 1204 4567 Baptismum
1229 4541 1242 4565 ,
1280 4501 1524 4570 quamvis
1552 4516 1660 4557 non

103 4577 192 4633 sint
213 4595 397 4634 unum.
428 4579 533 4636 Sed
557 4589 612 4635 et
636 4580 679 4636 si
707 4595 830 4651 pars
857 4591 1032 4637 vestra
1072 4593 1216 4640 esset
1257 4584 1497 4640 Ecclesia
1525 4585 1618 4642 Dei
1645 4628 1660 4654 ,

104 4669 228 4719 certe
256 4663 503 4718 fatereris
530 4663 689 4719 istum
729 4664 993 4734 psalmum
1035 4681 1144 4722 non
1181 4668 1254 4723 ibi
1294 4669 1567 4739 pertinere
1595 4671 1664 4727 ad

114 4750 327 4811 luriosas
355 4765 596 4812 catervas
617 4757 1142 4816 Circumcellionum.
1166 4762 1272 4817 Aut
1291 4763 1335 4818 si
1364 4773 1420 4820 et
1444 4765 1542 4836 ipsi
1569 4781 1666 4836 per

107 4845 303 4902 semitas
319 4845 540 4916 justitiac
563 4845 898 4904 deducuntur
916 4889 930 4915 ,
963 4864 1129 4920 quare
1159 4853 1365 4923 negatis
1390 4868 1484 4909 eos
1513 4869 1664 4910 com-

108 4931 192 4988 ites
214 4944 424 4991 vestros
460 4950 582 4992 esse
604 4977 618 5001 ,
664 4951 787 4993 cum
826 4939 978 4995 vobis
1019 4941 1342 5011 objiciuntur
1365 4985 1380 5011 ,
1422 4948 1666 5015 quamvis

107 5021 399 5096 plerumque
428 5026 746 5095 paucitatem
772 5029 1096 5085 concisionis
1120 5040 1313 5088 vestra:
1332 5074 1347 5099 ,
1388 5051 1490 5090 non
1518 5037 1666 5109 virga

110 5123 155 5167 et
175 5114 386 5173 baculus
413 5116 529 5184 Dei,
557 5119 651 5173 sed
680 5118 848 5175 fustes
876 5135 1062 5176 eorum
1089 5125 1451 5191 consolentur,
1475 5127 1666 5198 quibus

111 5217 191 5259 vos
205 5215 256 5262 et
273 5207 530 5263 adversus
548 5209 694 5281 leges
713 5210 983 5267 Romanas
1005 5221 1146 5270 tutos
1167 5229 1284 5271 esse
1305 5217 1666 5276 arbitramini:

113 5291 156 5349 in
188 5313 312 5369 quos
338 5299 613 5355 incurrere
651 5301 778 5371 quid
819 5311 904 5358 est
940 5304 1082 5360 aliud
1112 5321 1268 5376 quam
1299 5308 1576 5366 ambulare
1607 5312 1662 5368 in

113 5389 267 5444 medio
291 5391 495 5446 umbrae
524 5392 749 5447 mortis?
777 5391 882 5449 Sed
919 5410 1026 5450 non
1061 5397 1210 5452 timet
1235 5400 1372 5454 mala
1402 5415 1522 5457 cum
1560 5420 1667 5476 quo

115 5476 346 5538 Dominus
372 5492 473 5538 cst.
502 5481 661 5540 Certe
690 5493 864 5542 tamen
896 5503 1001 5544 non
1026 5489 1248 5547 audebis
1276 5491 1477 5565 dicere,
1506 5499 1690 5556 etiam:

167 5611 182 5675 ξ
206 5621 297 5663 sm.
316 5622 368 5665 et
391 5623 518 5675 Mss,
544 5614 757 5668 devictus
779 5625 865 5669 est.

166 5673 184 5704 '
205 5679 248 5725 In
271 5684 396 5736 uss,
420 5673 722 5729 tribulentur.

366 5782 593 5844 SANCT.
641 5786 918 5847 Aecusr.
965 5787 1078 5848 1X.

3235 268 3342 332 296

1761 367 1986 426 istorum
2029 369 2352 430 furiosorum
2394 389 2514 433 esse
2553 379 2715 436 verba
2754 395 2872 452 quae
2909 383 2966 441 in
3003 383 3107 443 hoc
3134 388 3342 458 psalmo

1753 470 2035 518 cantantur
2067 481 2081 518 :
2111 474 2166 520 et
2190 474 2364 524 tamen
2396 468 2597 527 habere
2617 487 2711 528 eos
2732 475 3085 546 Baptismum,
3113 495 3220 538 non
3250 497 3344 539 so-

1754 550 1864 606 lum
1893 553 2260 625 conﬁtemini,
2291 557 2387 614 sed
2417 559 2576 616 etiam
2616 565 2960 634 proﬁtemini.
2999 569 3119 626 Non
3155 572 3346 631 dicunt

1755 657 1882 715 ergo
1909 646 2032 714 ista,
2061 647 2164 703 nisi
2193 650 2282 720 qui
2318 665 2454 722 aqua
2481 664 2663 710 sancta
2689 657 3021 729 reﬁciuntur,
3053 662 3192 721 sicut
3218 681 3344 724 om-

1757 750 1854 792 nes
1876 736 2008 807 justi
2038 739 2171 806 Dei;
2203 756 2308 796 nou
2335 743 2425 812 qui
2451 759 2514 799 ea
2542 747 2682 804 male
2707 751 2908 807 utendo
2933 755 3340 824 subvertuntur.

1757 827 1896 920 sicut
1921 845 2106 902 magus
2133 831 2224 888 ille
2247 847 2277 887 a
2306 833 2551 906 Philippo
2578 837 2873 909 baptizatus
2897 860 2912 898 :
2941 853 2994 900 et
3021 855 3196 904 tamen
3224 850 3344 920 ipsa

1758 919 1812 974 in
1839 921 2077 992 utrisque
2100 938 2205 978 una
2224 932 2385 994 atque
2410 937 2591 983 sancta
2617 940 2720 985 est.
2752 932 2867 988 Non
2896 935 3081 992 dicunt
3107 939 3206 995 ista
3238 919 3344 998 nisi

1758 1011 1848 1081 qui
1878 1011 1945 1068 ad
1977 1012 2250 1070 dexteram
2279 1017 2622 1086 pertinebunt
2653 1040 2666 1076 :
2695 1024 2791 1079 sed
2823 1034 3002 1082 tamen
3029 1030 3216 1087 eadem
3243 1049 3342 1104 pa—

1759 1116 1883 1158 scua
1911 1104 2010 1160 sub
2031 1121 2137 1161 uno
2160 1117 2372 1178 pastore
2391 1119 2446 1166 et
2465 1125 2593 1168 oves
2613 1123 2668 1169 et
2690 1113 2818 1172 hirci
2841 1130 3149 1188 pascuntur,
3168 1123 3344 1180 donec

1761 1204 1818 1249 ut
1845 1195 2022 1252 debita
2058 1199 2337 1269 recipiant,
2371 1217 2738 1275 segregentur.
2767 1208 2882 1264 Non
2907 1211 3090 1268 dicunt
3114 1216 3213 1270 ista
3241 1220 3346 1274 nisi

1759 1287 1849 1356 qui
1883 1286 1950 1343 de
1979 1304 2163 1345 mensa
2195 1292 2404 1348 Domini
2445 1296 2606 1352 vitam
2645 1311 2899 1370 sumunt,
2941 1305 3077 1360 sicut
3114 1307 3344 1375 Petrus;

1761 1393 1866 1432 non
1883 1379 2161 1449 judicium,
2195 1385 2332 1440 sicut
2356 1386 2520 1443 ludas
2545 1406 2559 1441 :
2589 1402 2644 1445 et
2669 1400 2846 1448 tamen
2872 1395 2983 1464 ipsa
3010 1398 3220 1470 utrique
3245 1401 3345 1458 fuit

1759 1486 1887 1536 una,
1917 1473 2010 1528 sed
2042 1491 2148 1531 non
2188 1478 2401 1548 utrique
2441 1482 2604 1537 valuit
2633 1485 2699 1539 ad
2730 1502 2894 1542 unum
2915 1530 2930 1556 ,
2960 1491 3080 1559 quia
3111 1492 3209 1562 ipsi
3239 1510 3347 1552 non

1761 1575 1912 1620 erant
1934 1581 2118 1622 unum.
2142 1569 2255 1624 Non
2279 1570 2462 1628 dicunt
2485 1574 2581 1629 ista
2605 1577 2704 1631 nisi
2727 1579 2816 1648 qui
2839 1581 2958 1636 oleo
2978 1593 3163 1640 sancto
3184 1589 3347 1645 etiam

1762 1654 1812 1709 in
1837 1656 2026 1725 spiritu
2055 1659 2424 1718 beatiticantur
2446 1706 2461 1729 ,
2494 1667 2631 1721 sicut
2659 1668 2859 1735 David;
2888 1688 2993 1726 non
3025 1678 3112 1744 qui
3145 1677 3197 1731 in
3227 1681 3345 1736 solo

1759 1762 1981 1818 corpore
2000 1763 2403 1822 consecrantur,
2419 1757 2556 1812 sicut
2577 1758 2704 1814 Saiil
2727 1779 2740 1815 :
2760 1770 2812 1816 et
2836 1772 3012 1820 tamen
3038 1782 3158 1821 cum
3181 1772 3344 1829 ambo

1761 1853 1922 1893 unum
1945 1843 2320 1911 sumpsissent,
2355 1860 2459 1901 non
2491 1849 2571 1902 eis
2597 1849 2767 1920 impar
2791 1852 3216 1924 Sacramentum,
3246 1863 3344 1918 sed

1761 1928 1932 2000 impar
1957 1933 2206 1988 meritum
2238 1935 2351 1992 fuit.
2379 1937 2497 1993 Non
2525 1939 2707 1997 dicunt
2737 1944 2836 1999 ista
2863 1947 2963 2002 nisi
2992 1949 3082 2019 qui
3120 1952 3344 2011 calicem

1761 2018 1972 2075 Domini
2002 2021 2055 2075 in
2093 2024 2254 2078 vitam
2282 2033 2537 2082 aeternam
2564 2039 2762 2085 mutata
2793 2044 2972 2091 mente
3001 2018 3343 2111 suscipiunt;

1760 2128 1867 2168 non
1915 2115 2003 2185 qui
2038 2116 2296 2186 judicium
2338 2121 2436 2176 sibi
2483 2123 2805 2181 manducant
2850 2137 2905 2183 et
2950 2130 3154 2200 bibunt,
3205 2136 3347 2192 sicut

1760 2205 2045 2274 Apostolus
2071 2207 2145 2263 ait
2171 2207 2230 2281 (1
2259 2209 2378 2266 Cor.
2408 2228 2462 2267 xt
2484 2255 2498 2280 ,
2529 2214 2654 2286 29);
2683 2226 2740 2272 et
2768 2226 2944 2275 tamen
2973 2223 3208 2295 utrisque
3234 2244 3346 2286 non

1761 2295 1880 2350 unis
1905 2297 2045 2353 calix
2073 2299 2162 2355 ille
2186 2317 2324 2356 unus
2348 2312 2449 2370 est,
2481 2306 2751 2364 inebrians
2776 2310 2843 2364 ad
2870 2317 3196 2382 capessenda
3228 2335 3345 2376 cte-

1762 2386 1913 2442 lestia
1935 2397 2215 2461 martyres,
2241 2407 2346 2448 non
2369 2394 2434 2449 ad
2458 2395 2772 2454 funestanda
2796 2405 3006 2474 prmcipi
3017 2406 3083 2460 tia
3107 2407 3348 2466 Circum-

1760 2477 2032 2534 celliones.
2060 2480 2327 2538 Memento
2353 2500 2481 2556 ergo
2501 2487 2861 2547 Sacramentis
2884 2494 2975 2549 Dei
3003 2497 3132 2552 nihil
3155 2499 3348 2558 obesse

1761 2582 1940 2624 mores
1967 2571 2226 2627 malorum
2258 2573 2532 2632 hominum
2555 2620 2569 2642 ,
2599 2595 2705 2650 quo
2735 2583 2822 2636 illa
2862 2585 2942 2638 vel
2982 2589 3199 2643 omnino
3238 2606 3348 2648 non

1760 2659 1888 2726 sint,
1908 2662 1990 2716 vel
2017 2663 2193 2720 minus
2209 2676 2390 2722 sancta
2407 2669 2543 2737 sint;
2564 2672 2658 2726 sed
2685 2673 2814 2743 ipsis
2840 2678 2995 2733 malis
3020 2679 3343 2751 hominibus,

1761 2759 1820 2805 ut
1847 2750 1960 2808 htec
1990 2751 2214 2810 habeant
2238 2757 2304 2811 ad
2334 2760 2693 2818 testimonium
2722 2766 3098 2838 damnationis,
3128 2791 3232 2830 non
3272 2750 3344 2834 ad

1761 2846 2080 2915 adjutorium
2105 2851 2368 2907 sanitatis.
2397 2851 2594 2911 Saltem
2617 2859 2815 2930 quippe
2838 2863 2948 2932 ipsa
2973 2865 3130 2921 verba
3157 2869 3349 2926 ultima

1763 2939 1952 3006 psalmi
1977 2940 2134 3010 hujus
2163 2944 2505 3002 considerare
2533 2948 2779 3017 debuisti,
2814 2963 2867 3008 et
2896 2966 3112 3026 propter
3141 2975 3234 3016 cos
3255 2963 3350 3032 qui

1761 3028 2031 3098 Baptismo
2060 3043 2278 3104 accepto
2305 3047 2606 3105 apostatant
2640 3041 2964 3114 intelligere,
2997 3063 3102 3102 non
3133 3051 3201 3106 ab
3229 3028 3350 3108 om-

1761 3121 1918 3176 nibus
1947 3123 2035 3193 qui
2067 3135 2309 3181 sanctum
2339 3128 2607 3199 Baptismo
2639 3137 2907 3205 accipiunt
2939 3154 3093 3208 posse
3121 3143 3245 3209 dici,
3277 3143 3349 3200 Ut

1759 3210 2033 3267 inhabilem
2073 3216 2126 3269 in
2164 3216 2314 3271 domo
2353 3219 2560 3275 Domini
2595 3225 2648 3277 in
2688 3226 3054 3297 longitudinem
3091 3235 3287 3290 dierum
3330 3254 3351 3292 :

1762 3309 1817 3356 et
1854 3311 2028 3359 tamen
2068 3307 2180 3362 sive
2218 3314 2654 3378 permanentibus
2677 3359 2691 3383 ,
2723 3318 2836 3374 sive
2861 3321 3022 3390 lapsis
3049 3367 3063 3389 ,
3096 3341 3214 3381 cum
3249 3329 3352 3399 ipsi

1763 3408 1868 3448 non
1892 3394 1998 3450 sint
2027 3412 2210 3466 unum,
2242 3400 2544 3470 Baptismus
2574 3422 2712 3462 unus
2740 3419 2851 3478 est;
2887 3423 2941 3468 et
2965 3432 3084 3470 cum
3115 3421 3210 3488 ipsi
3239 3394 3350 3478 non

1764 3487 1974 3558 utrique
2015 3491 2186 3545 sancti
2232 3492 2357 3558 sint,
2405 3495 2709 3565 Baptismus
2757 3503 2808 3556 in
2861 3506 3098 3576 utrisque
3135 3487 3351 3571 sanctus

1764 3584 1846 3630 est
1875 3595 1887 3630 :
1917 3578 2037 3648 quia
2065 3588 2115 3634 et
2143 3591 2400 3652 apostata:
2421 3585 2464 3638 si
2487 3587 2728 3656 redeant,
2756 3608 2860 3646 non
2892 3597 3041 3664 quasi
3062 3615 3184 3654 eum
3214 3606 3352 3660 ami-

1765 3668 1930 3724 serint
1967 3669 2331 3740 baptizantur,
2363 3676 2455 3732 sed
2484 3679 2623 3748 quod
2669 3681 2722 3736 in
2751 3699 2809 3738 se
2838 3693 3174 3756 permanenti
3205 3694 3349 3765 inju-

1764 3759 1898 3814 riam
1926 3759 2150 3817 fecerint
2177 3763 2539 3824 humiliantuta

1763 3949 1961 3995 sanctos
1989 3958 2096 3998 esse
2118 3945 2320 4013 dicatis;
2345 3949 2561 4019 primum
2583 3953 2636 4005 id
2661 3971 2850 4023 assero,
2876 3962 2995 4030 quia
3017 3969 3104 4034 qui
3123 3983 3221 4021 non
3244 3972 3356 4040 [ue-

1764 4031 1831 4083 rit
1851 4031 2087 4088 innocens
2110 4077 2125 4102 ,
2158 4053 2258 4091 non
2279 4039 2425 4094 habet
2448 4045 2782 4100 sanctitatem.

1838 4123 1961 4178 H2.
2005 4128 2140 4182 Auc.
2183 4131 2498 4198 respondit:
2532 4133 2765 4192 Ostende
2815 4141 2966 4197 nobis
2999 4146 3221 4203 tribunal
3264 4151 3355 4207 ubi

1765 4211 1983 4280 sedisti,
2016 4223 2074 4268 ut
2115 4228 2238 4274 ante
2269 4228 2318 4274 te
2355 4229 2520 4276 staret
2548 4225 2692 4279 orbis
2725 4237 3019 4298 terrarmn;
3064 4245 3118 4291 ct
3159 4241 3354 4308 quibus

1767 4304 1969 4371 oculis,
2011 4321 2114 4360 non
2148 4308 2266 4362 dico
2296 4313 2646 4368 conscientias
2670 4319 2941 4385 omnium,
2972 4324 3064 4378 scd
3095 4304 3188 4383 vel
3203 4340 3356 4389 actus

1769 4396 2044 4467 inspexisti
2075 4410 2128 4454 et
2165 4400 2492 4471 discussisti,
2535 4414 2594 4460 ut
2618 4424 2736 4462 eum
2767 4413 3060 4480 perdidisse
3099 4419 3356 4482 innocen-

1770 4491 1896 4546 tiam
1941 4491 2226 4562 judicares.
2269 4495 2361 4551 Ille
2399 4499 2487 4568 qui
2522 4509 2704 4571 raptus
2738 4514 2818 4559 est
2845 4523 3010 4579 usque
3055 4513 3104 4567 in
3138 4517 3353 4577 tertium

1769 4585 1986 4652 emtum,
2019 4585 2166 4652 dicit,
2197 4587 2302 4643 Sed
2331 4606 2488 4660 neque
2517 4610 2606 4665 ego
2628 4612 2706 4650 me
2726 4597 2891 4667 ipsum
2913 4601 3136 4671 dijudico
3165 4608 3204 4676 (Ι
3233 4609 3353 4666 Cor.

1770 4693 1842 4743 tv,
1870 4677 1924 4743 5)
1963 4695 1976 4732 :
2008 4687 2062 4734 et
2082 4688 2137 4735 tu
2167 4680 2234 4737 de
2258 4683 2503 4740 universa
2530 4696 2687 4756 terra,
2719 4706 2820 4760 qua
2855 4692 3134 4753 hcereditas
3159 4699 3359 4764 Christi

1770 4767 2039 4834 dilatatur,
2066 4771 2231 4827 audes
2260 4773 2401 4830 ferre
2428 4781 2744 4834 sententiam
2768 4783 2780 4834 !
2813 4783 3014 4840 Deinde
3042 4789 3084 4843 si
3114 4795 3245 4849 satis
3265 4799 3360 4852 ab-

1771 4858 2000 4913 solutum
2029 4859 2120 4915 tibi
2150 4861 2356 4919 videtur
2379 4867 2520 4936 quod
2559 4869 2733 4924 dixisti
2760 4913 2772 4936 ,
2811 4872 2908 4940 Qui
2936 4891 3037 4932 non
3082 4885 3233 4952 fuerit
3275 4888 3360 4944 in-

1772 4966 1986 5017 nocens,
2011 4967 2110 5006 non
2134 4953 2280 5010 habet
2300 4959 2853 5031 sanctitatem;quaero
2873 5007 2886 5031 ,
2919 4967 2962 5021 si
2999 4985 3102 5026 non
3133 4973 3364 5036 habebat

1772 5041 1898 5099 Saﬁl
1925 5049 2240 5102 sacramenti
2267 5051 2601 5107 sanctitatem
2623 5095 2636 5118 ,
2664 5055 2789 5124 quid
2827 5057 2878 5112 in
2915 5075 2980 5114 co
3012 5063 3174 5122 David
3200 5085 3364 5129 vene-

1775 5135 2026 5191 rabatur?
2053 5135 2108 5192 Si
2129 5147 2304 5194 autem
2335 5141 2561 5197 habebat
2591 5145 2947 5206 innocentiam
2967 5195 2980 5217 ,
3007 5170 3172 5224 quare
3202 5161 3360 5220 inno-

1775 5236 1982 5281 centem
2023 5232 2474 5300 persequebatur?
2503 5233 2634 5290 Nam
2674 5254 2795 5294 eum
2840 5253 3060 5314 prepter
3085 5264 3363 5309 saerosan-

1775 5326 1913 5372 ctam
1941 5320 2240 5376 unctionem
2263 5333 2318 5376 et
2347 5323 2628 5382 honoravit
2655 5329 2854 5397 vivum,
2885 5343 2939 5389 ct
2969 5337 3256 5397 vindicavit
3280 5360 3366 5400 oc-

1776 5408 1942 5464 cisum
1978 5418 2072 5465 :ct
2099 5412 2220 5481 quia
2247 5414 2327 5468 vel
2368 5417 2706 5485 panuiculum
2743 5438 2808 5478 ex
2837 5425 2952 5495 ejus
2985 5438 3135 5484 veste
3175 5436 3365 5500 βπ·ωοὶ-

1777 5501 1887 5568 dit,
1922 5517 2173 5572 percusso
2200 5506 2362 5562 corde
2391 5510 2692 5580 trepidavit.
2725 5515 2862 5572 Ecce
2887 5517 3010 5573 Saﬁl
3044 5535 3149 5574 non
3192 5524 3361 5583 habe-

1778 5594 1870 5648 bat
1904 5595 2258 5652 innocentiam
2281 5640 2294 5664 ,
2317 5611 2371 5656 et
2399 5610 2574 5659 tamen
2605 5605 2831 5662 habebat
2855 5611 3187 5669 sanctitatem
3207 5657 3220 5681 ,
3253 5634 3360 5676 non

1777 5690 1900 5742 vita:
1925 5702 2033 5742 sua:
2059 5688 2200 5758 (nam
2232 5691 2332 5749 hoc
2361 5695 2474 5751 sine
2503 5697 2800 5754 innocentia
2827 5716 2981 5753 nemo
3021 5710 3240 5778 potest),
3269 5715 3362 5769 sed

2854 5810 3083 5891 (Bias)
