3812 6128
69 283 152 370 iet
1359 295 1562 362 LIBER
1602 291 1978 362 secessus.

71 423 231 482 Omnia
256 417 448 475 munda
477 420 678 477 mundis
705 406 828 491 (Tit.
856 435 907 490 ι,
939 420 1054 494 15).
1100 419 1202 476 Per
1243 419 1379 476 hanc
1418 423 1631 476 scuteno

69 528 174 573 nam
203 514 491 569 veridicam
514 523 567 568 et
604 513 920 569 catholicam
948 514 1108 570 etiam
1139 515 1234 567 vos
1263 511 1440 582 Optati
1470 500 1635 565 sacri-

67 615 169 672 ﬁcio
195 626 296 666 non
321 609 455 666 estis
482 607 685 679 polluti,
706 607 753 665 si
781 607 918 664 facta
942 607 1057 680 ejus
1082 605 1434 677 displicebant
1459 603 1634 687 vobis.

65 705 175 761 Nam
201 703 377 776 utique
420 702 572 772 panis
598 701 738 756 illius
779 701 931 770 panis
964 700 1136 755 luctus
1165 709 1314 766 erat,
1353 698 1452 754 sub
1480 696 1633 768 cujus

66 795 402 868 iniquitatibus
440 793 618 848 Africa
651 801 759 847 tota
799 792 1013 862 lugebat
1047 809 1060 845 :
1093 789 1187 846 sed
1228 804 1420 860 panem
1459 789 1634 844 luctus

64 877 284 946 omnibus
324 887 478 945 vobis
521 901 861 942 communem
905 899 1060 950 esse,
1111 883 1349 938 omnium
1395 875 1634 938 vestrum

65 983 238 1037 malum
266 977 574 1034 schismatis
599 977 726 1034 facit
752 980 794 1032 ¹.
829 977 962 1033 Nam
981 976 1276 1032 secundum
1303 976 1514 1031 concilii
1537 989 1633 1032 ve-

63 1076 142 1130 stri
167 1074 483 1129 sententiam
511 1071 810 1128 Felicianus
841 1071 1155 1126 Mustitanus
1184 1070 1475 1125 humanum
1517 1083 1634 1123 san-

63 1169 251 1238 guinem
299 1165 457 1220 ludit.
503 1165 727 1220 Dixistis
755 1165 898 1218 enim
930 1161 1020 1233 (In
1056 1163 1270 1217 concilio
1298 1160 1590 1232 Bagaiensi)
1613 1201 1630 1226 ,

64 1277 168 1316 cum
204 1275 293 1316 eos
335 1258 706 1324 damnaretis,
756 1256 960 1312 Veloces
991 1256 1143 1325 pedes
1171 1271 1346 1309 eorum
1371 1254 1439 1307 ad
1465 1252 1632 1320 e/fun-

66 1352 256 1406 dandum
273 1351 577 1419 sanguinem
600 1349 772 1420 (Psal.
803 1365 916 1411 xm,
939 1348 1019 1420 ὅ).
1051 1347 1182 1401 Vide
1211 1361 1339 1416 ergo
1365 1345 1522 1415 quale
1547 1361 1634 1400 sa-

66 1443 292 1498 crificium
318 1442 531 1506 oll'orat,
554 1456 712 1512 quem
738 1439 1072 1496 sacerdotem
1103 1438 1329 1504 habetis,
1357 1453 1481 1492 cum
1509 1452 1632 1492 eum

67 1534 350 1604 sacrilegum
381 1533 766 1588 damnaveritis
796 1550 810 1586 :
838 1539 894 1587 et
923 1531 968 1585 si
990 1531 1090 1586 hoc
1111 1531 1263 1584 vobis
1288 1530 1418 1584 nihil
1441 1530 1634 1586 obesse

68 1624 398 1689 arbitramini,
442 1638 574 1693 rogo
616 1639 744 1685 vos,
776 1622 983 1678 vanitas
1009 1621 1394 1678 calumniarum
1421 1628 1632 1676 vestra-

68 1730 163 1769 rum
181 1713 302 1783 quid
328 1713 507 1768 oberit
529 1713 645 1768 orbi
674 1713 974 1786 terrarum?

122 1805 330 1863 CAPUT
359 1803 494 1860 ιλιι.
528 1803 741 1858 -12Ι.
771 1804 958 1859 Ρετιι..
990 1803 1130 1858 dixit
1161 1821 1173 1856 :
1205 1802 1265 1856 Si
1297 1817 1494 1872 precem
1519 1801 1630 1855 Do-

66 1897 180 1952 mino
202 1897 366 1970 facitis
383 1939 402 1964 ,
423 1905 515 1952 aut
537 1896 750 1970 funditis
779 1895 1059 1950 orationem
1079 1937 1094 1961 ,
1119 1893 1247 1948 nihil
1272 1894 1406 1947 vobis
1437 1893 1634 1962 penitus

66 1988 259 2058 prodest.
301 1986 503 2042 Vestras
535 1988 668 2041 enim
694 1985 878 2041 debiles
901 2001 1070 2057 preces
1096 1995 1302 2040 cruenta
1323 1992 1482 2038 vestra
1507 1999 1633 2036 con-

67 2080 247 2133 scientia
274 2088 456 2134 uacuat
486 2095 506 2133 :
533 2079 653 2150 quia
676 2075 926 2133 Dominus
956 2077 1094 2134 Deus
1123 2094 1304 2149 puram
1333 2075 1493 2148 magis
1511 2091 1634 2131 con~

65 2171 292 2226 uiciniam
331 2187 487 2240 quant
534 2186 704 2240 preces
750 2171 989 2236 exaudit,
1045 2167 1263 2224 Domino
1304 2168 1502 2223 Christo
1549 2169 1633 2223 di-

68 2271 213 2326 cente,
245 2279 263 2312 ι
311 2260 434 2315 Νοη
465 2262 628 2316 omnis
652 2261 738 2332 qui
764 2261 884 2314 dicit
912 2261 1055 2328 mihi,
1084 2260 1301 2315 Domine
1323 2302 1338 2325 ,
1379 2258 1630 2327 Domine,

68 2351 242 2404 intrabit
270 2352 320 2405 in
349 2369 560 2422 regnum
584 2353 857 2418 cwlorum;
886 2351 974 2406 sed
1001 2353 1044 2406 is
1068 2352 1152 2422 qui
1180 2351 1303 2421 facit
1331 2352 1634 2406 voluntatem

68 2440 215 2496 Patris
241 2443 333 2497 mei
357 2445 445 2514 qui
480 2445 532 2496 in
571 2443 708 2498 cretis
733 2453 806 2498 est
840 2460 860 2494 ι
894 2441 1123 2512 (Matth.
1155 2458 1262 2508 vn,
1299 2443 1412 2514 21).
1451 2441 1636 2498 Volun-

70 2542 130 2588 tas
151 2533 236 2587 Dei
256 2535 421 2604 utique
451 2536 581 2589 bona
612 2543 682 2589 est
715 2551 734 2588 :
763 2551 879 2588 nam
904 2535 1018 2588 ideo
1044 2535 1096 2588 in
1124 2551 1272 2590 sacra
1301 2533 1542 2589 Oratione
1563 2537 1637 2589 sic

68 2625 286 2693 petimus,
319 2643 337 2676 t
373 2619 496 2679 Fiat
527 2623 758 2680 voluntas
785 2625 948 2679 tua.th
977 2625 1099 2679 uelo
1126 2635 1171 2678 et
1202 2625 1253 2678 in
1294 2634 1430 2678 terra
1459 2644 1477 2676 ι
1521 2624 1632 2696 (Id.

69 2731 142 2781 vt,
168 2714 244 2786 11)
265 2732 278 2780 ;
311 2727 360 2769 ut
381 2717 505 2787 quia
545 2715 673 2770 bona
703 2717 814 2787 ejus
833 2717 1067 2769 voluntas
1088 2726 1180 2782 est,
1207 2715 1348 2769 nobis
1369 2732 1481 2786 quae
1506 2715 1636 2770 bona

71 2815 165 2858 sunt
200 2807 459 2878 largiatur.
513 2793 614 2861 Vos
652 2823 771 2878 ergo
809 2807 1116 2862 uoluntatem
1153 2804 1252 2860 Dei
1281 2823 1382 2860 non
1425 2807 1593 2878 facitis
1616 2847 1632 2875 ,

71 2897 164 2966 quia
191 2898 318 2952 mala
343 2897 568 2969 quotidie
602 2898 919 2968 perpetratis.

128 2985 235 3044 122.
280 2986 413 3048 Atto.
446 2989 722 3060 reSpondit
749 3007 762 3042 :
792 2989 895 3045 Ista
935 2989 1114 3044 omnia
1147 2987 1191 3044 si
1218 2998 1274 3046 et
1319 3003 1415 3044 nos
1460 2988 1510 3044 iu
1540 3004 1636 3047 vos

73 3077 276 3138 dicamus
295 3126 308 3151 ,
341 3098 521 3138 nonne
547 3084 637 3154 qui
667 3097 766 3137 nos
791 3077 1037 3148 audierit,
1072 3081 1287 3137 insanos
1314 3083 1490 3152 potius
1531 3080 1637 3136 liti-

72 3182 250 3242 gatores
273 3190 428 3248 quam
462 3173 783 3230 christianos
817 3173 1208 3244 disputatores,
1250 3173 1294 3228 si
1324 3173 1436 3243 ipse
1472 3187 1635 3229 sanus

73 3259 166 3330 est,
202 3261 496 3336 judicabit?
533 3261 651 3320 Non
692 3281 821 3337 ergo
847 3265 1121 3320 reddimus
1164 3261 1506 3320 maledictum
1539 3281 1634 3336 pro

73 3353 344 3412 maledicto.
375 3358 608 3413 Servum
638 3357 780 3413 enim
807 3356 1013 3412 Domini
1037 3373 1139 3410 non
1168 3367 1375 3428 oportet
1402 3356 1630 3427 litigare,

73 3444 149 3500 sed
181 3462 289 3503 esse
326 3449 511 3504 mitem
551 3447 620 3503 ad
650 3463 838 3503 omnes
860 3489 876 3515 ,
905 3446 1187 3503 docibilem
1211 3489 1224 3513 ,
1270 3447 1324 3502 in
1370 3445 1632 3502 modestia

72 3540 411 3610 corripientem
458 3542 668 3597 diversa
703 3543 994 3598 sentientes
1023 3539 1090 3613 (ll
1120 3539 1250 3594 Tim.
1280 3556 1314 3594 ιι
1335 3581 1350 3607 ,
1378 3539 1448 3596 24
1467 3581 1481 3605 ,
1515 3537 1629 3611 25).

72 3623 116 3684 Si
147 3647 261 3702 ergo
289 3631 438 3688 vobis
465 3629 779 3703 objiciumus
808 3648 903 3688 eos
925 3629 1015 3701 qui
1045 3631 1180 3685 mala
1209 3631 1348 3701 apud
1377 3645 1472 3684 vos
1508 3645 1635 3700 quoe

71 3720 176 3777 tidie
201 3732 522 3794 perpetrant,
554 3724 729 3793 inepte
755 3721 1019 3794 litigamus
1040 3763 1054 3789 ,
1087 3722 1220 3778 alios
1244 3739 1306 3778 es
1336 3721 1452 3776 aliis
1476 3737 1634 3776 accu-

73 3822 241 3871 santes.
267 3814 320 3871 Si
341 3825 521 3871 autem
553 3830 647 3871 vos
673 3814 1025 3870 admonemus
1046 3857 1061 3881 ,
1105 3824 1161 3870 ut
1189 3814 1327 3870 sicut
1363 3815 1452 3870 illa
1483 3813 1633 3871 vobis

72 3919 159 3961 non
181 3907 328 3964 vultis
353 3907 515 3978 obiici
537 3951 551 3976 ,
582 3908 668 3985 sic.
696 3907 852 3964 nobis
889 3923 996 3963 non
1034 3907 1297 3979 objiciatis
1333 3907 1540 3977 aliena,
1577 3908 1632 3965 in

73 4000 298 4072 modestia
336 4017 433 4058 vos
476 3997 793 4074 corripimus
817 4042 832 4069 ,
875 4001 971 4057 sed
1008 4003 1053 4058 si
1079 4001 1364 4073 aliquando
1395 4001 1630 4073 ’resipi-

72 4090 224 4146 scalis.

126 4181 334 4244 CAPUT
383 4185 519 4242 LIV.
549 4177 765 4243 -125.
797 4185 981 4243 Perna
1033 4183 1198 4242 dixit:
1230 4183 1292 4244 Si
1322 4205 1437 4243 vero
1478 4188 1625 4258 forte,

72 4277 185 4343 quod
218 4282 396 4348 nescio,
444 4281 695 4336 daemonia
721 4281 930 4352 pellitis,
962 4298 1052 4336 nec
1079 4281 1133 4335 in
1182 4283 1320 4336 vobis
1359 4281 1584 4353 proderit
1611 4297 1631 4338 :

71 4370 170 4437 quia
191 4369 272 4426 nec
297 4371 414 4442 ﬁdei
446 4382 640 4442 vestra’,
667 4389 758 4428 nec
785 4372 973 4427 meritis
998 4373 1179 4427 cedunt
1205 4374 1318 4444 ipsa
1356 4373 1627 4443 dwmonia,

72 4461 144 4515 sed
168 4457 214 4516 in
231 4465 426 4520 nomine
453 4463 661 4518 Domini
687 4463 812 4520 Jesu
841 4455 1028 4518 Christi
1052 4465 1324 4536 pelluntur.

131 4545 238 4610 121.
275 4559 408 4614 Anc.
452 4549 726 4628 respondit
762 4574 775 4612 :
809 4556 1018 4614 Gratias
1066 4547 1196 4622 Deo,
1242 4557 1365 4628 quia
1413 4557 1631 4614 tandem

75 4641 316 4703 confessus
339 4664 399 4706 es
430 4663 588 4718 posse
627 4648 806 4704 valere
851 4649 1154 4704 invocatum
1199 4663 1392 4704 nomen
1435 4648 1630 4705 Christi

74 4739 130 4793 ad
150 4740 354 4797 aliorum
384 4742 632 4808 salutem,
662 4742 872 4798 etiamsi
888 4757 916 4794 a
936 4741 1304 4812 peccatoribus
1332 4742 1628 4798 invocetur.

75 4819 188 4886 Hinc
210 4849 329 4904 ergo
350 4834 605 4906 intellige,
629 4849 750 4892 cum
773 4833 968 4888 Christi
997 4848 1192 4890 nomen
1209 4833 1503 4900 invocatur,
1523 4850 1632 4890 non

76 4919 238 4980 obesse
265 4927 486 4984 aliorum
509 4928 662 4983 saluti
682 4928 857 4984 aliena
884 4935 1121 4998 peccata.
1151 4925 1262 4982 Nos
1286 4935 1464 4982 autem
1493 4941 1630 4998 quo-

75 5017 213 5076 modo
245 5021 546 5077 invocemus
572 5037 766 5078 nomen
795 5019 1013 5088 Christi,
1060 5035 1170 5076 non
1199 5029 1289 5076 tuo
1309 5019 1510 5091 judicio
1535 5033 1632 5078 uo-

75 5107 144 5163 bis
165 5125 284 5182 opus
320 5123 421 5182 est,
452 5113 548 5172 sed
593 5115 760 5188 ipsius
801 5113 890 5186 qui
916 5114 1197 5169 invocatur
1219 5128 1250 5168 a
1277 5111 1449 5168 nobis.
1475 5111 1632 5168 Solus

78 5202 198 5258 enim
226 5215 392 5276 potest
415 5221 575 5264 nosse
612 5221 718 5278 quo
759 5205 924 5262 corde
969 5206 1264 5261 invocetur.
1297 5204 1378 5260 Ex
1405 5203 1520 5274 ejus
1548 5211 1630 5258 ta-

79 5307 182 5351 men
224 5298 391 5356 verbis
433 5299 565 5356 certi
611 5313 815 5362 sumus,
859 5297 926 5354 ab
955 5298 1204 5354 omnibus
1231 5297 1478 5369 gentibus
1505 5310 1630 5353 eum

79 5387 328 5448 salubriter
375 5392 648 5458 invocari,
700 5407 819 5464 qua:
873 5391 1262 5449 benedicuntur
1312 5390 1368 5447 in
1423 5391 1630 5448 semine

77 5478 296 5539 Abrahze.

130 5665 145 5690 ³
169 5664 214 5726 ιιι
234 5667 354 5722 ηδε..
401 5664 485 5713 sed
530 5675 704 5726 panem
740 5661 895 5726 tactus
1189 5661 1346 5725 vobis,
1375 5673 1625 5716 commune

79 5723 262 5786 multum
281 5731 481 5786 vestram
504 5723 683 5774 malum
705 5723 975 5775 schismatis
1006 5724 1138 5786 facit.

131 5784 147 5814 ³
169 5784 290 5848 Editi,
310 5784 350 5837 si
372 5787 450 5851 qui
481 5787 777 5852 aliquando;
801 5784 1127 5853 νηριοηωδδει
1159 5785 1407 5851 Panicum:
1427 5785 1530 5839 δείλ’

1816 415 2041 477 CAPUT
2080 417 2188 477 LV.
2228 419 2454 478 -125.
2505 418 2690 478 Ρετιι..
2736 421 2870 479 dixit
2913 441 2926 479 :
2975 421 3087 479 Etsi
3122 409 3344 496 prorsus~

1741 503 1947 565 uirtutes
1967 521 2011 567 et
2041 513 2289 568 mirabilia
2317 513 2540 586 faciatis,
2572 525 3012 588 prapteruestram
3051 519 3328 588 nequitiam

1740 596 1833 656 nec
1850 602 1923 657 sic
1942 617 2028 658 vos
2047 601 2294 660 Dominus
2316 607 2472 670 novit,
2494 603 2713 660 Domino
2729 607 2839 678 ipso
2861 607 3055 664 dicente
3080 625 3098 664 :
3124 627 3144 662 t
3175 608 3332 665 Multi

1741 686 1905 749 dicent
1925 687 2050 750 mihi
2082 687 2133 750 in
2165 693 2254 751 illo
2285 696 2384 766 die,
2413 695 2643 764 Domine,
2679 698 2912 767 Domine,
2943 699 2995 754 in
3022 699 3221 756 nomine
3245 709 3338 756 tud

1742 790 2165 861 praphetavimus,
2199 801 2244 846 et
2272 791 2322 846 in
2354 790 2438 846 tuo
2463 791 2664 847 nomine
2693 789 2943 848 diemonia
2986 795 3244 868 ejecimus,
3284 797 3335 849 et

1740 882 1794 938 in
1819 891 1904 937 tuo
1925 885 2126 939 nomine
2147 885 2352 940 uirtutes
2379 884 2562 939 inultas
2582 885 2809 956 fecimus.
2838 883 2984 941 Tunc
3009 889 3176 942 dicam
3203 887 3330 955 illis,

1740 975 1976 1044 quoniam
2001 992 2099 1029 non
2130 975 2245 1030 novi
2265 991 2381 1044 vos;
2407 969 2647 1031 discedite
2669 994 2701 1031 a
2731 966 2828 1046 me,
2851 978 3070 1050 operarii
3089 979 3333 1051 iniquita-

1740 1065 1804 1118 tis
1833 1085 1850 1117 ι
1887 1065 2101 1135 (Matth.
2135 1085 2223 1136 vtt,
2247 1057 2473 1140 22,95).

1813 1155 1935 1212 126.
1976 1157 2112 1214 Anc.
2160 1157 2436 1229 respOndit
2465 1179 2478 1213 :
2516 1153 2870 1232 Agnoscimus
2899 1159 3059 1218 verba
3092 1160 3326 1220 Domini.

1742 1246 1876 1304 Hinc
1905 1259 1957 1304 et
1993 1252 2278 1321 Apostolus
2309 1254 2415 1308 ait:
2444 1254 2506 1310 Si
2543 1256 2694 1324 ﬁdem
2722 1255 2934 1310 habeam
2968 1256 3037 1310 ita
3063 1270 3116 1312 ut
3140 1261 3332 1314 montes

1742 1344 2064 1409 transferam,
2097 1342 2392 1398 charitatent
2436 1356 2603 1400 autent
2633 1363 2732 1401 non
2770 1339 3002 1416 habeam,
3049 1348 3178 1402 nihil
3220 1366 3335 1404 sunt

1742 1428 1787 1500 (l
1808 1430 1924 1486 Cor.
1953 1449 2065 1501 xm,
2097 1435 2178 1506 2).
2211 1432 2304 1491 llic
2332 1453 2459 1507 ergo
2503 1439 2850 1510 qurerendum
2879 1450 2962 1496 est
2991 1442 3110 1514 quis
3137 1439 3337 1498 habeat

1740 1523 2052 1581 charitatcm
2090 1545 2104 1581 :
2149 1528 2388 1584 invenies
2417 1547 2520 1585 non
2551 1547 2670 1586 esse
2701 1532 2800 1587 nisi
2851 1547 2945 1588 eos
2974 1533 3065 1606 qui
3103 1533 3336 1607 diligunt

1741 1617 2016 1672 unitatem.
2059 1617 2190 1673 Nam
2220 1619 2288 1676 de
2338 1621 2644 1678 exclusione
2681 1622 3009 1692 dzt‘monum,
3040 1633 3094 1680 et
3121 1624 3186 1682 de
3231 1641 3328 1696 po-

1743 1709 1903 1762 tentia
1936 1710 2334 1777 miracnlorum,
2373 1713 2624 1784 quoniam
2663 1713 2902 1785 plerique
2934 1715 3058 1770 talia
3099 1731 3204 1771 non
3248 1715 3331 1771 fa-

1739 1801 1885 1857 ciunt
1909 1811 1962 1856 et
1991 1809 2166 1857 tamen
2194 1802 2259 1858 ad
2288 1819 2510 1874 regnum
2539 1799 2633 1860 Dei
2665 1807 2952 1876 pertinent,
2983 1806 3224 1878 plerique
3245 1823 3333 1864 au-

1743 1899 1848 1945 tem
1881 1890 2080 1947 faciunt
2109 1903 2162 1949 et
2189 1910 2295 1948 non
2327 1897 2618 1966 pertinent,
2665 1912 2766 1952 nec
2807 1897 2975 1952 nostri
3023 1914 3122 1954 nec
3167 1899 3333 1958 vestri

1741 1977 1937 2037 debent
1961 1983 2198 2054 gloriari,
2233 1985 2277 2038 si
2305 1984 2392 2056 qui
2421 1984 2556 2042 forte
2585 1986 2684 2042 ista
2715 1995 2971 2058 possunt:
2996 1988 3333 2062 quandoqui-

1740 2069 1863 2128 dem
1897 2091 1995 2130 ncc
2017 2077 2321 2146 Apostolos,
2353 2075 2442 2148 qui
2471 2093 2594 2134 vere
2622 2079 2722 2134 ista
2749 2079 3035 2136 salubriter
3054 2091 3213 2154 atque
3229 2081 3330 2139 uti-

1741 2164 1867 2221 liter
1904 2177 2172 2239 poterant,
2215 2167 2382 2224 voluit
2427 2169 2683 2226 Dominus
2727 2169 2958 2242 gaudere
2996 2171 3062 2228 de
3114 2175 3326 2244 talibus,

1741 2256 1956 2326 quando
1984 2255 2064 2312 eis
2090 2257 2198 2313 ait:
2229 2256 2405 2314 Nolite
2439 2258 2492 2314 in
2535 2259 2628 2315 hac
2670 2261 2890 2334 gaudere
2913 2262 3052 2332 quod
3076 2263 3330 2319 deemouia

1741 2346 1877 2402 vobis
1896 2347 2122 2420 subjecta
2146 2349 2266 2416 sint,
2304 2350 2518 2422 gaudete
2553 2363 2720 2406 autem
2756 2351 2892 2426 quod
2931 2354 3136 2411 nomina
3165 2351 3333 2414 vestra

1741 2437 1930 2508 scripta
1953 2449 2070 2492 sunt
2097 2440 2147 2494 in
2177 2425 2301 2495 creto
2332 2439 2481 2511 (Luc.
2509 2459 2566 2510 χ,
2595 2439 2708 2516 20).
2729 2425 3063 2516 Quapropter
3088 2449 3188 2503 ista
3210 2441 3332 2522 quas

1741 2543 1808 2584 ex
1841 2529 2128 2601 Evangelia
2157 2533 2399 2602 posuisti,
2423 2545 2474 2589 et
2503 2551 2603 2608 ego
2633 2537 2723 2592 tibi
2748 2554 2958 2608 possem
2985 2539 3188 2608 dicere,
3217 2540 3335 2600 s‘it'e

1743 2623 1976 2678 viderem
2005 2625 2277 2695 signorum
2311 2629 2537 2683 virtutes
2566 2640 2910 2699 Operantcm;
2941 2642 2996 2688 et
3022 2644 3074 2688 tu
3104 2633 3257 2703 mihi,
3284 2636 3336 2692 si

1744 2714 1867 2769 talia
1915 2733 2002 2771 me
2047 2718 2326 2774 facientem
2358 2721 2584 2776 videres.
2633 2722 2751 2780 Non
2798 2741 2926 2798 ergo
2968 2728 3158 2782 nobis‘
3189 2729 3336 2788 dica-

1742 2822 1862 2862 mus
1888 2825 2006 2880 qum
2035 2821 2329 2879 possuntet
2357 2829 2423 2867 ex
2452 2813 2550 2868 alia
2583 2826 2726 2884 parte
2744 2815 2878 2883 dici;
2907 2827 2961 2873 et
2981 2821 3200 2876 remotis
3220 2836 3336 2880 ant-

1740 2893 1984 2966 bagibus,
2017 2899 2268 2971 quoniam
2304 2903 2390 2957 ubi
2421 2906 2491 2958 sit
2523 2901 2760 2961 Ecclesia
2788 2906 2986 2964 Christi
3017 2912 3330 2982 qumrimus,

1743 2989 1918 3061 ipsum
1956 2995 2046 3062 qui
2087 3009 2205 3048 eam
2246 3009 2344 3050 suo
2371 2997 2628 3067 sanguine
2658 2997 2904 3065 redemit,
2950 3002 3230 3060 audiamus
3252 3003 3340 3064 di-

1743 3097 1976 3151 centem,
2009 3084 2168 3142 Eritis
2188 3088 2309 3142 mihi
2333 3100 2478 3145 testes
2505 3092 2555 3145 in
2575 3091 2880 3161 Jerusalem,
2909 3107 2955 3152 et
2983 3098 3034 3154 in
3055 3109 3211 3156 totum
3229 3099 3334 3158 Ju-

1741 3177 1972 3232 decantet
1994 3179 2303 3248 Samariam,
2327 3192 2374 3236 et
2398 3199 2553 3252 usque
2571 3183 2624 3237 in
2642 3193 2798 3240 totam
2818 3196 3003 3242 terrant
3031 3188 3170 3263 (Act.
3189 3208 3228 3259 t,
3246 3193 3331 3266 8).

1741 3268 1878 3325 Huic
1909 3269 2186 3338 Ecclesiae,
2233 3288 2350 3343 qua:
2392 3289 2488 3346 per
2533 3282 2696 3330 totam
2748 3287 2946 3334 terram
2996 3281 3332 3355 dill‘unditur,

1741 3362 1984 3432 quisquis
2010 3379 2114 3417 non
2136 3365 2514 3429 connnunicat,
2537 3369 2620 3422 cui
2652 3384 2754 3422 non
2784 3372 3143 3429 communicet
3160 3376 3330 3447 vides,

1740 3453 1784 3508 si
1814 3461 1967 3524 cujus
1997 3456 2094 3509 ista
2125 3457 2286 3511 verba
2308 3455 2414 3511 sint
2440 3459 2610 3513 audis.
2633 3460 2769 3530 Quid
2796 3472 2879 3517 est
2903 3474 3081 3520 autem
3103 3466 3334 3524 demen-

1743 3543 1880 3612 tius,
1929 3561 2088 3615 quam
2143 3546 2503 3604 Sacraun-ntis
2548 3550 2757 3606 Domini
2811 3557 3229 3628 communicare,
3275 3568 3336 3618 et

1717 3641 1920 3697 verbis
1967 3642 2173 3697 Domini
2220 3658 2325 3698 non
2371 3647 2805 3703 communicare?
2835 3648 2896 3704 lli
2926 3651 3106 3720 utique
3133 3652 3332 3711 dicturi

1739 3744 1884 3801 sunt,
1916 3734 1970 3789 In
2003 3737 2218 3800 nomine
2265 3746 2355 3792 tuo
2399 3738 2840 3797 ttiaiiducavimus
2883 3752 2939 3798 et
2984 3742 3246 3814 bibimus;
3275 3755 3334 3805 et

1739 3825 1995 3893 audituri,
2029 3825 2152 3882 Non
2189 3829 2303 3883 rravi
2345 3845 2432 3885 uos
2457 3829 2670 3903 (Matth.
2696 3848 2790 3900 vtt,
2839 3833 2969 3905 2‘2):
2999 3836 3090 3906 qui
3132 3853 3331 3910 corpus

1739 3921 1860 3990 ejus
1882 3928 1938 3976 et
1964 3922 2275 3993 sanguinem
2323 3922 2376 3977 in
2418 3924 2762 3980 Sacr-amento
2794 3926 3117 3984 nranducant
3151 3939 3206 3987 et
3244 3931 3331 3989 bi—

1739 4012 1889 4079 bunt,
1925 4023 1978 4068 et
2006 4013 2244 4070 membra
2274 4013 2390 4085 ejus
2411 4023 2522 4070 toto
2548 4015 2680 4072 orbe
2705 4016 2918 4087 diffusa,
2952 4020 3006 4075 in
3038 4021 3329 4096 Evangelia

1739 4121 1845 4164 non
1869 4118 2182 4179 agnoscunt,
2203 4118 2259 4165 et
2287 4108 2408 4165 ideo
2435 4109 2488 4165 in
2515 4111 2596 4167 eis
2619 4112 2639 4143 ⁸
2667 4112 2718 4166 in
2743 4110 2948 4182 judicio
2971 4130 3076 4170 non
3096 4129 3326 4190 compu-

1740 4210 1938 4258 tantur.

1809 4294 2036 4352 CAPUT
2074 4295 2209 4352 LVI.
2238 4324 2312 4337 —
2340 4295 2462 4351 127.
2491 4295 2676 4352 Ρεοι-ιι..
2724 4296 2890 4353 dixit:
2917 4298 3068 4364 Quod
3095 4310 3144 4356 et
3179 4301 3244 4369 si,
3267 4311 3326 4359 ut

1737 4389 1837 4460 ipsi
1863 4389 2073 4461 putatis,
2107 4387 2316 4442 Domini
2345 4387 2504 4460 legem
2531 4401 2657 4458 pure
2677 4388 2968 4459 sequimini,
2995 4391 3058 4448 de
3077 4393 3192 4463 ipsa
3215 4394 3325 4466 lege

1737 4483 2053 4538 sanctissima
2080 4480 2306 4552 legaliter
2328 4479 2660 4550 disputemus.
2683 4478 2821 4536 Dicit
2869 4483 3130 4553 apostolus
3181 4484 3325 4540 Pau-

1737 4576 1839 4639 lus,
1867 4594 1887 4627 ι
1913 4573 2061 4628 Bona
2088 4583 2157 4629 est
2184 4573 2286 4639 lex,
2315 4574 2361 4629 si
2385 4573 2497 4643 quis
2525 4589 2584 4628 ea
2611 4572 2830 4645 legitime
2857 4583 3028 4630 utatur
3061 4594 3084 4629 ι
3114 4576 3159 4652 (1
3188 4576 3322 4636 Tim.

1738 4683 1778 4732 ι,
1799 4667 1880 4739 8).
1902 4665 2010 4721 Lex
2028 4681 2146 4738 ergo
2171 4664 2293 4738 quid
2316 4664 2480 4720 dicit?
2509 4683 2530 4718 ι
2557 4662 2682 4720 Non
2703 4666 2919 4722 accides.
2940 4684 2960 4718 ε
2993 4665 3143 4736 Quod
3168 4669 3325 4726 smel

1738 4761 1856 4833 fecit
1885 4759 2010 4813 Cain
2035 4757 2312 4829 parricida,
2339 4772 2427 4812 vos
2445 4756 2632 4827 ﬂatus
2648 4757 2835 4828 sepius
2861 4758 3132 4816 occidistis.

1811 4847 1936 4905 128.
1975 4849 2111 4906 Aes.
2145 4847 2458 4918 respondit:
2487 4847 2702 4903 Similes
2729 4846 2879 4904 vobis
2908 4863 3030 4906 esse
3051 4851 3320 4911 nolumus:

1738 4956 1861 4996 nam
1885 4956 1992 4996 non
2023 4939 2216 4996 desunt
2240 4953 2360 5009 qua:
2387 4937 2654 5005 dicantur,
2681 4937 2820 4994 sicut
2860 4948 2916 4996 et
2953 4948 3008 4996 tu
3034 4941 3136 5000 ista
3164 4943 3323 5014 dicis,

1738 5041 1941 5103 etquae
1978 5031 2234 5098 sciantur,
2281 5043 2404 5086 nam
2447 5028 2544 5085 ista
2577 5036 2632 5083 tu
2662 5030 2867 5097 nescis;
2897 5040 2954 5088 et
2991 5049 3110 5104 qua:
3139 5044 3326 5093 οειωι-

1738 5124 1952 5190 dantur,
1981 5139 2106 5179 nam
2133 5134 2187 5178 tu
2214 5121 2314 5179 ista
2337 5137 2444 5178 non
2474 5119 2734 5178 ostendis.

1807 5214 2035 5273 CAPUT
2097 5213 2251 5270 LVII.
2280 5242 2354 5255 —
2382 5211 2504 5271 129.
2543 5211 2735 5270 Perna
2787 5215 2954 5274 dixit:
2979 5216 3184 5276 Dictum
3227 5233 3323 5288 est,

1746 5327 1764 5362 ι
1801 5306 1923 5364 Νοη
1947 5305 2290 5362 «imitaberis.
2321 5322 2342 5358 ι
2371 5303 2728 5378 Unusquisque
2745 5317 2963 5364 uestrum
2985 5311 3030 5366 si
3049 5313 3329 5376 carnaliter

1737 5412 1905 5458 castus
1931 5401 2016 5467 sit,
2042 5398 2375 5472 spiritaliter
2391 5398 2616 5456 machus
2635 5407 2730 5469 est,
2773 5405 2896 5473 quia
2922 5403 3175 5462 adumnu
3198 5422 3324 5462 um-

1738 5495 1975 5549 ctitatem.

1811 5587 1935 5645 150.
1978 5588 2116 5643 Atto.
2163 5584 2442 5658 respondit
2478 5603 2491 5641 :
2533 5585 2767 5644 Possunt
2805 5587 2920 5647 hac
2965 5590 3018 5647 in
3064 5590 3325 5662 quosdam

1801 5711 2450 5794 {sicnss._Atediti,uobis.
2786 5783 2800 5794 θ
2881 5783 2894 5794 _

1801 5787 1822 5822 ³
1848 5791 1924 5838 Er.
1951 5792 2002 5839 et
2034 5790 2167 5849 Lov.,
2189 5795 2299 5837 cum
2313 5787 2400 5842 eis.
2425 5791 2528 5839 om.
2556 5789 2608 5839 et
2629 5790 2756 5850 uss,
2779 5787 2829 5839 in
2850 5787 2938 5839 eis.

3301 5886 3306 5889 1
3323 5866 3350 5882 Δ
