3796 6154
477 237 586 296 505

477 356 746 414 veraciter
783 355 910 420 dici,
941 364 998 412 et
1023 361 1235 411 nostros
1276 362 1330 410 et
1369 355 1725 425 vestroszqui
1754 355 1800 409 si
1828 355 2069 425 utrisque

484 462 722 506 nostrum
749 449 1050 519 displicent,
1083 463 1186 504 nec
1232 447 1403 502 nostri
1445 461 1544 504 nec
1585 447 1750 502 vestri
1783 455 1928 502 sunt.
1960 445 2069 501 Sed

483 554 561 610 tu,
592 543 733 614 quod
774 543 826 597 in
869 540 1124 612 quosdam
1151 540 1307 606 dicis,
1339 548 1394 596 et
1434 554 1532 595 nec
1577 539 1633 594 in
1679 537 1810 610 ipsis
1851 538 2070 610 probas,

481 651 582 708 pro
611 652 677 691 eo
707 636 784 690 vis
823 634 993 705 accipi
1038 649 1102 690 ac
1132 634 1178 690 si
1209 633 1541 703 probaveris,
1573 648 1680 689 non
1724 634 1776 687 in
1809 631 2075 702 aliquibus

484 728 574 799 qui
592 728 915 797 degenerant
935 743 964 781 a
981 729 1190 782 semine
1207 725 1458 791 Abrahae,
1476 724 1570 781 sed
1597 725 1652 780 in
1675 724 1921 780 omnibus
1938 739 2073 794 gen-

483 819 624 874 tibus
647 834 765 889 qure
795 817 1183 873 benedicuntur
1212 817 1264 872 in
1299 817 1505 872 semine
1532 814 1786 871 Abrahae.

554 909 782 969 CAPUT
819 908 1001 965 LVIII.
1029 939 1102 950 —
1141 909 1263 964 I5l.
1304 907 1491 963 PETIL.
1523 907 1655 961 dixit
1685 925 1699 961 :
1729 904 1937 959 Dictum
1978 915 2070 970 est,

491 1024 511 1058 ι
546 1003 757 1058 Falsum
789 1003 1127 1058 testimonium
1170 1018 1270 1056 non
1307 1001 1508 1055 reddes.
1539 1019 1559 1053 ι
1603 999 1730 1054 Cum
1757 999 1954 1071 regibus
1982 1015 2074 1052 saa-

483 1097 588 1150 culi
631 1112 723 1150 nos
753 1095 769 1127 ¹
806 1104 971 1150 vestra
1010 1102 1176 1149 tenere
1219 1092 1532 1159 mentiminr,
1577 1108 1745 1146 nonne
1785 1091 1919 1163 falsa
1957 1106 2078 1144 con-

480 1188 655 1260 (latis?

444 1349 446 1352 τ
558 1279 682 1334 I52.
704 1279 839 1335 Ave.
867 1276 1176 1349 respondit:
1201 1276 1258 1334 Si
1285 1291 1390 1332 non
1414 1284 1537 1332 sunt
1555 1283 1735 1332 nostra
1753 1278 1904 1346 'qua:
1929 1284 2078 1331 tene—

489 1373 560 1426 tis
580 1413 595 1438 ,
652 1385 752 1426 nec
782 1371 869 1425 illa
895 1378 1050 1426 erant
1071 1377 1250 1425 vestra
1276 1384 1397 1439 qua:
1425 1384 1457 1423 a
1502 1369 1906 1424 Maximianistis
1927 1382 2077 1424 rece-

487 1463 661 1534 pistis.
691 1462 845 1532 Quod
872 1463 918 1518 si
947 1469 1231 1533 propterea
1275 1461 1365 1516 illa
1411 1467 1591 1516 vestra
1629 1468 1801 1523 erant,
1835 1459 1956 1529 quia
2000 1458 2076 1513 illi

487 1555 802 1625 sacrilegum
820 1552 1051 1608 schisma
1069 1552 1330 1618 fecerunt,
1349 1565 1457 1606 non
1472 1548 1918 1606 communicando
1936 1548 2074 1619 parti

483 1645 713 1701 Donati:
745 1642 961 1699 attende
986 1657 1106 1714 qua:
1131 1641 1251 1698 loca
1281 1640 1528 1708 teneatis,
1569 1648 1624 1696 et
1666 1638 1821 1710 cujus
1844 1639 2075 1694 hancdi-

483 1735 581 1790 tati
608 1751 714 1790 non
743 1733 1181 1800 communicetis;
1210 1741 1266 1788 et
1289 1732 1539 1804 cogitate,
1578 1746 1685 1787 non
1725 1732 1942 1804 regibus
1970 1747 2076 1786 sae-

483 1826 611 1893 culi,
641 1825 733 1882 sed
779 1827 890 1898 regi
939 1823 1154 1881 Christo
1199 1824 1327 1896 quid
1358 1823 1686 1896 respondere
1729 1825 1963 1895 possitis.
1996 1823 2076 1880 De

482 1919 582 1976 illo
602 1919 800 1977 dictum
822 1929 923 1987 est,
949 1917 1304 1974 Dominabitur
1324 1935 1357 1972 a
1385 1919 1517 1973 mari
1543 1935 1701 1990 usque
1737 1917 1806 1972 ad
1843 1934 2003 1984 mare,
2030 1925 2078 1972 et

483 2029 518 2066 α
543 2013 752 2084 ﬂumine
772 2028 932 2085 usque
945 2012 1012 2066 ad
1035 2012 1272 2067 terminos
1292 2012 1426 2067 orbis
1445 2020 1697 2066 terrarum
1719 2010 1891 2083 (Psal.
1919 2027 2073 2075 uxr,

485 2102 564 2176 8).
597 2103 714 2172 Quo
739 2103 923 2172 utique
943 2101 1183 2165 flumine,
1216 2101 1320 2156 nisi
1341 2101 1428 2157 ubi
1454 2102 1754 2171 baptizatus
1779 2111 1881 2167 est,
1909 2111 1962 2157 ct
1983 2101 2076 2157 ubi

484 2211 652 2267 super
678 2211 802 2251 eum
830 2194 1081 2251 columba
1107 2193 1404 2259 descendit,
1430 2209 1682 2264 magnum
1718 2195 1998 2249 charitatis
2023 2203 2078 2249 et

483 2286 704 2341 unitatis
726 2285 1019 2341 indicium?
1057 2285 1166 2341 Vos
1195 2294 1372 2340 autem
1402 2284 1525 2340 huic
1555 2286 1744 2340 ttnitati
1790 2301 1896 2341 non
1924 2301 2076 2341 eom-

485 2377 792 2443 municatis,
821 2384 876 2432 et
899 2375 1073 2431 adhuc
1096 2376 1212 2431 loca
1243 2377 1463 2431 unitatis
1491 2377 1714 2442 tenetis;
1745 2386 1800 2432 et
1822 2376 2073 2432 invidiam

483 2473 645 2530 nobis
669 2472 738 2528 de
766 2473 984 2544 regibus
1012 2473 1193 2529 saeculi
1220 2472 1409 2537 facitis,
1427 2487 1548 2528 cum
1575 2472 1830 2543 perjussa
1851 2486 2077 2542 procon-

482 2564 662 2619 sulum
693 2563 759 2620 de
787 2563 919 2619 locis
946 2565 1112 2635 partis
1133 2564 1322 2619 Donati
1351 2563 1722 2620 schismaticos
1749 2574 1955 2619 vestros
1982 2578 2078 2618 ex-

483 2653 749 2725 puleritis.
795 2652 914 2710 Non
965 2661 1091 2709 sunt
1132 2653 1247 2708 haac
1278 2653 1441 2709 verba
1470 2669 1566 2724 per
1608 2653 1765 2708 inane
1804 2653 2071 2708 volantia:

480 2742 729 2800 homines
751 2744 956 2811 vivunt,
989 2744 1230 2801 civitates
1275 2753 1554 2809 testantur,
1588 2744 1748 2801 Gesta
1777 2760 2074 2816 proconsu-

479 2833 614 2890 laria
657 2845 713 2891 et
756 2836 1092 2906 municipalia
1122 2836 1434 2891 recitantur.
1468 2836 1633 2893 Sileat
1660 2836 1944 2906 aliquando
1971 2853 2074 2892 vox

479 2925 828 2991 calumniosa,
868 2925 1124 2995 objiciens
1162 2940 1317 2996 reges
1357 2926 1539 2981 saaculi
1587 2925 1847 2981 universae
1893 2935 2071 2990 terrae,

478 3029 580 3084 per
607 3031 830 3084 quorum
878 3016 1224 3086 proconsules
1254 3031 1360 3071 non
1403 3017 1572 3086 potuit
1596 3032 1815 3086 parcere
1858 3017 2072 3073 concisa

481 3098 734 3154 concisa).
765 3098 896 3154 Cum
925 3114 1053 3169 ergo
1079 3098 1305 3154 dicimus
1329 3100 1472 3170 quod
1497 3109 1676 3155 nostra
1699 3101 1946 3168 teneatis,
1965 3116 2073 3156 non

477 3189 813 3244 ostendimur
838 3189 1027 3245 falsum
1056 3188 1415 3245 testimonium
1437 3189 1635 3259 dicere,
1655 3191 1757 3246 nisi
1780 3207 1878 3246 nos
1894 3201 2073 3247 osten-

481 3278 622 3334 datis
650 3280 701 3334 in
731 3280 973 3336 Ecclesia
1016 3278 1214 3336 Christi
1245 3295 1349 3336 non
1380 3297 1529 3348 esse;
1569 3283 1710 3354 quod
1741 3283 1952 3354 quidem
1984 3283 2070 3338 di-

478 3387 604 3428 cere
630 3389 735 3427 non
773 3374 1013 3440 cessatis,
1042 3373 1135 3429 sed
1173 3375 1456 3431 ostendere
1483 3391 1750 3446 nunquam
1785 3377 2024 3432 valebitis
2053 3395 2066 3432 :

476 3463 588 3516 imo
618 3478 746 3518 vero
795 3479 916 3518 cum
949 3463 1051 3518 hoc
1097 3463 1289 3530 dicitis,
1324 3479 1431 3520 non
1457 3465 1568 3536 jam
1610 3466 1784 3530 nobis,
1825 3467 1920 3522 sed
1967 3467 2069 3536 ipsi

475 3553 691 3609 Christo
717 3553 835 3608 falsi
865 3554 1152 3610 testimonii
1179 3555 1382 3610 crimen
1403 3555 1647 3626 objicitis.
1674 3556 1781 3612 Nos
1801 3558 1997 3627 quippe
2016 3558 2069 3612 in

479 3643 719 3699 Ecclesia
750 3659 954 3709 sumus,
997 3660 1118 3714 quae
1163 3645 1329 3714 ipsius
1372 3647 1679 3702 testimonio
1719 3649 2068 3716 pramuntiata

477 3742 581 3800 est,
632 3743 686 3790 et
724 3736 814 3790 tibi
842 3735 952 3790 suis
983 3735 1204 3790 testibus
1231 3745 1512 3792 attestatus
1553 3745 1636 3792 est
1672 3737 1877 3805 dicens,
1912 3739 2069 3797 Erilis

477 3825 604 3878 mihi
634 3835 778 3880 testes
799 3827 851 3880 in
878 3824 1186 3891 Jerusalem,
1216 3836 1262 3880 et
1282 3827 1335 3880 in
1356 3835 1512 3880 totam
1538 3826 1777 3882 Judceam
1798 3839 1845 3883 et
1873 3829 2070 3886 Sama~

478 3917 632 3982 riam,
664 3927 711 3971 et
737 3935 891 3986 usque
927 3919 981 3972 in
1008 3927 1164 3972 totam
1194 3927 1399 3972 terram.
1436 3918 1546 3973 Vos
1583 3928 1763 3975 autem
1795 3921 1954 3977 falsos
1989 3932 2070 3980 te-

476 4020 589 4066 stes
618 4027 722 4065 nnn
748 4013 920 4067 solum
965 4011 1092 4066 hinc
1128 4009 1479 4079 ostendimus,
1525 4012 1648 4082 quia
1693 4012 1818 4069 huic
1855 4015 2067 4072 veritati

474 4101 752 4168 resistitis;
796 4101 889 4157 sed
934 4103 1093 4158 etiam
1125 4101 1176 4156 in
1226 4101 1343 4172 ipso
1365 4101 1588 4172 judicio,
1619 4117 1724 4174 quo
1752 4118 1873 4158 cum
1903 4104 2068 4161 Maxi-

475 4197 637 4251 miani
665 4195 952 4252 schismate
976 4195 1308 4252 conflixistis.
1332 4194 1386 4250 Si
1411 4196 1553 4251 enim
1575 4195 1866 4252 secundum
1893 4197 2062 4269 legem

471 4289 671 4343 Christi
702 4289 966 4359 agebatis;
995 4297 1191 4359 quanto
1217 4287 1594 4358 congruentius
1624 4287 1913 4344 secundum
1943 4305 2064 4346 eam

471 4381 799 4436 constituunt
839 4379 998 4450 aliqui
1039 4377 1311 4434 christiani
1354 4378 1725 4450 imperatores,
1766 4380 1812 4435 si
1844 4392 2066 4451 possunt

473 4473 765 4529 secundum
789 4488 907 4527 eam
927 4471 1170 4542 judicare
1187 4471 1376 4542 pagani
1403 4471 1779 4542 proconsules?
1799 4471 1853 4529 Si
1884 4483 2063 4530 autem

472 4566 525 4620 in
555 4565 876 4635 atljutoriutn
907 4562 1067 4617 etiam
1091 4563 1286 4617 terreni
1308 4561 1520 4631 imperii
1543 4562 1689 4633 leges
1712 4564 2063 4620 assumendas

473 4658 717 4726 putastis,
751 4671 857 4710 non
891 4651 1351 4724 reprehendimus.
1385 4652 1529 4709 Fecit
1557 4653 1661 4710 hoc
1687 4655 1906 4721 Paulus.
1937 4671 2061 4713 cum

471 4752 728 4804 adversus
772 4748 1058 4819 injuriosos
1079 4745 1251 4801 civem
1283 4744 1581 4800 Romanum
1606 4761 1666 4802 se
1686 4762 1807 4804 esse
1833 4757 2063 4806 testatus

471 4852 554 4893 est
580 4841 713 4909 (Act.
741 4855 873 4903 χχιι,
903 4839 1018 4909 25).
1049 4835 1154 4893 Sed
1182 4850 1365 4907 quaero
1392 4837 1582 4906 quibus
1609 4840 1839 4896 terrenis
1858 4841 2064 4912 legibus

471 4936 543 4989 sit
567 4942 839 4996 statutum,
872 4941 928 4986 ut
957 4929 1363 4986 Maximianista:
1394 4929 1528 4985 locis
1553 4931 1852 5001 pellantur?
1877 4934 2061 4992 Nullas

470 5025 692 5081 omnino
733 5023 967 5092 reperies
997 5040 1012 5076 :
1039 5021 1133 5077 sed
1161 5021 1406 5077 videlicet
1432 5021 1636 5091 legibus
1661 5039 1780 5094 quae
1807 5025 2062 5083 adversus

473 5119 772 5180 haereticos,
804 5124 962 5186 atque
988 5115 1127 5172 inter
1154 5132 1249 5173 eos
1291 5116 1453 5173 etiam
1482 5117 1737 5174 adversus
1777 5136 1874 5177 vos
1915 5123 2060 5194 ipsos

470 5212 592 5266 latre
618 5217 762 5273 sunt,
797 5207 918 5262 illos
946 5207 1216 5278 expellere
1237 5208 1514 5263 voluistis:
1539 5208 1796 5267 adversus
1818 5212 2059 5272 infirmos

474 5313 724 5373 tanquam
749 5299 1075 5369 potentiores
1099 5298 1472 5369 praevaluistis.
1499 5298 1654 5358 Unde
1681 5301 1756 5356 illi
1777 5304 1898 5375 quia
1926 5307 2060 5364 nihil

470 5399 775 5468 potuerunt,
807 5391 1118 5445 innocentes
1143 5403 1203 5445 se
1245 5389 1448 5460 dicunt,
1481 5400 1730 5464 tanquam
1779 5396 1879 5453 sub
1908 5397 2060 5458 leone

535 5636 558 5730 ἶ
579 5629 1682 5756 ἓᾶεὗὲἓάιὲἳνέκιῗιδιξηυξᾷἥμὴ.

1331 239 1603 298 CONTRA
1641 239 1980 298 LITTERAS
2018 239 2381 309 PETILIANI,
2421 240 2478 298 S.
2519 239 2889 300 AUGUSTINI

3225 171 3256 180 κ

2181 352 2354 424 lupus.
2388 354 2590 412 Tamen
2622 356 2826 429 legibus
2853 357 3110 416 adversus
3130 375 3225 418 vos
3260 361 3385 419 latis
3413 363 3664 435 profecto
3690 366 3793 421 adt

2181 460 2368 502 versus
2389 447 2521 503 alios
2548 447 2648 504 nisi
2670 463 2766 520 per
2786 449 2980 506 falsum
3003 453 3365 510 testimonium
3390 471 3501 512 non
3521 458 3793 522 uteremi-;

2183 537 2259 592 ni.
2287 537 2343 593 Si
2371 539 2515 594 enim
2544 555 2764 597 veraces
2802 551 2928 597 sunt
2955 543 3060 599 illze
3086 546 3251 616 leges,
3291 547 3468 604 cedite
3493 550 3664 605 etiam
3693 566 3780 607 vos

2183 628 2316 684 locis
2345 645 2478 700 quos
2505 633 2734 688 tenetis:
2761 634 2804 688 si
2831 643 3011 690 autem
3037 634 3255 694 fallaces
3275 648 3420 709 sunt,
3444 655 3544 696 cur
3568 656 3673 712 per
3694 656 3793 699 eas

2183 720 2319 776 alios
2347 723 2684 780 exclusistis?
2710 724 2869 794 Quid,
2913 727 3056 798 quod
3085 738 3139 784 et
3162 745 3380 788 veraces
3422 743 3574 802 sunt,
3607 743 3665 789 et
3691 749 3780 790 vos

2183 826 2282 882 per
2311 812 2429 868 illas
2453 814 2588 870 alios
2629 816 2732 871 nisi
2773 816 3030 874 fallaciter
3054 835 3160 875 non
3193 825 3424 892 possetis
3467 826 3779 896 expellere?

2182 901 2256 959 Ut
2281 904 2423 960 enim
2448 907 2527 962 eis
2551 909 2815 965 servirent
2837 910 3067 980 iudices,
3092 913 3374 973 haereticos
3397 918 3676 989 expellere
3695 934 3779 974 vo-

2183 993 2428 1060 luerunt;
2462 997 2605 1053 unde
2645 1013 2743 1054 vos
2772 1001 2976 1070 priores
3015 1004 3285 1075 expellere
3312 1007 3661 1065 debuerunt:
3691 1011 3779 1066 sed

2183 1100 2280 1139 vos
2303 1086 2598 1143 catholicos
2622 1103 2742 1145 esse
2766 1092 2997 1160 dixistis,
3028 1103 3085 1149 ut
3113 1096 3265 1151 vobis
3300 1111 3589 1168 parcerent
3619 1087 3793 1172 leges,

2183 1191 2282 1248 per
2321 1194 2453 1248 quas
2479 1181 2613 1234 alios
2644 1184 2986 1251 premebatis.
3016 1185 3229 1243 Videris
3249 1191 3265 1221 ί
3295 1191 3418 1261 quid
3455 1193 3616 1247 vobis
3645 1175 3793 1261 apud

2183 1283 2280 1322 vos
2321 1269 2466 1338 ipsos
2511 1271 2834 1328 videamini:
2865 1276 2968 1331 illis
3011 1286 3189 1335 tamen
3235 1281 3443 1351 legibus
3491 1299 3606 1339 non
3656 1267 3793 1340 esus

2185 1360 2456 1416 catholici.
2485 1363 2596 1418 Cur
2618 1380 2747 1435 ergo
2771 1376 2864 1421 aut
2901 1382 2996 1423 eas
3036 1385 3257 1427 veraces
3304 1373 3438 1429 falso
3467 1377 3780 1432 testimonio

2185 1449 2468 1519 fefellistis,
2497 1461 2586 1506 aut
2604 1469 2698 1509 eas
2721 1454 2939 1512 fallaces
2960 1458 3028 1513 ad
3051 1463 3432 1531 opprimendos
3456 1465 3598 1521 alios
3624 1481 3777 1522 usur-

2186 1545 2394 1614 pastis?

2256 1639 2484 1697 CAPUT
2522 1641 2660 1698 LIX.
2708 1675 2781 1685 —
2831 1645 2952 1702 I55.
2998 1647 3184 1706 Ρετιι.
3233 1651 3402 1709 dixit:
3432 1653 3650 1712 Dictum
3692 1668 3779 1727 est,

2191 1750 2212 1784 ι
2236 1729 2358 1785 Νοη
2378 1734 2701 1803 concupisces
2715 1753 2821 1791 rem
2841 1740 3060 1808 proximi
3089 1742 3164 1794 tui
3193 1760 3212 1795 ι
3236 1741 3436 1813 (Exod.
3461 1762 3560 1814 xx,
3584 1748 3698 1804 I5-I
3710 1750 3779 1820 7).

2194 1823 2295 1881 Vos
2320 1836 2493 1882 nostra
2521 1828 2760 1901 diripitis,
2793 1839 2848 1884 ut
2875 1849 2967 1902 pro
2994 1834 3172 1888 vestris
3195 1835 3444 1892 habeatis.

2257 1919 2381 1975 I54.
2422 1920 2560 1976 Auc.
2591 1923 2898 1992 respondit:
2929 1924 2998 1980 Et
3022 1942 3370 2000 quaecumque
3396 1931 3580 1988 unitas
3611 1934 3780 2003 possi-

2185 2011 2363 2079 debat,
2390 2014 2626 2069 nonnisi
2658 2025 2837 2072 nostra
2876 2027 3021 2086 sunt,
3063 2022 3153 2092 qui
3195 2037 3298 2078 non
3342 2026 3649 2083 secundum
3691 2043 3780 2084 ca-

2184 2104 2414 2160 lumnias
2459 2104 2754 2174 hominum,
2790 2109 2884 2165 sed
2921 2113 3213 2168 secundum
3256 2116 3419 2172 verba
3459 2117 3689 2187 Christi,
3733 2121 3793 2188 in}

2183 2211 2290 2267 quo
2337 2198 2726 2256 benedicuntur
2761 2217 2948 2258 omnes
2975 2213 3162 2274 gentes
3203 2207 3468 2264 universae
3513 2220 3700 2277 terrae,
3731 2191 3793 2269 ini

2183 2290 2386 2346 unitate
2427 2292 2801 2360 consistimus;
2849 2309 2950 2350 nec
2994 2307 3212 2369 propter
3239 2300 3410 2357 malos
3436 2318 3579 2373 quos
3609 2319 3642 2360 a
3670 2287 3793 2361 fruo‘

2182 2382 2378 2438 mentis
2407 2383 2690 2439 dominicis
2718 2386 3042 2456 antejudicii
3070 2391 3475 2449 ventilationem
3517 2411 3793 2469 separare

2183 2491 2290 2530 non
2317 2492 2620 2546 possumus,
2654 2483 2787 2535 nos'|
2813 2497 2841 2535 a
2869 2483 3125 2539 societate
3157 2486 3313 2541 tritici
3352 2503 3707 2559 separamus:
3730 2503 3779 2550 et

2183 2568 2227 2621 si
2281 2584 2384 2638 qua
2429 2569 2540 2638 jam
2584 2571 2786 2626 concisi
2829 2573 3103 2642 possidere
3146 2577 3406 2647 coepistis,
3453 2582 3582 2652 quia
3633 2584 3777 2640 vobis

2182 2658 2354 2714 ablata
2384 2660 2538 2717 nobis
2571 2662 2829 2718 Dominus
2853 2664 3021 2732 dedit,
3062 2682 3167 2723 non
3197 2668 3318 2724 ideo
3345 2676 3793 2744 concupiscimus

2183 2752 2379 2816 aliena,
2409 2754 2533 2824 quia
2563 2753 2704 2809 illius
2745 2755 2970 2826 imperio
3023 2760 3174 2830 cujus
3218 2773 3341 2817 sunt
3386 2766 3597 2832 omnia,
3649 2767 3776 2823 facta

2182 2851 2307 2898 sunt
2335 2853 2545 2910 nostra;
2575 2853 2629 2901 et
2649 2845 2793 2917 juste
2821 2857 3000 2904 nostra
3028 2858 3190 2905 sunt:
3231 2868 3328 2909 vos
3366 2855 3513 2910 enim
3544 2856 3636 2912 his
3665 2867 3777 2913 ute-

2181 2933 2380 2990 bamini
2409 2936 2473 2991 ad
2507 2939 2898 3007 praecisionem,
2932 2956 3031 2995 nos
3051 2942 3116 2997 ad
3139 2945 3415 3000 unitatem.
3445 2948 3705 3021 Alioquin
3732 2947 3793 3028 eti

2179 3026 2353 3094 primo
2383 3029 2578 3097 popqu
2605 3029 2696 3084 Dei
2727 3040 2945 3099 possent
2964 3032 3041 3086 illi
3067 3032 3299 3104 objicere
3326 3036 3520 3093 aliena:
3544 3041 3630 3096 rei
3650 3056 3775 3096 cou-

2181 3119 2586 3189 cnpiscentiam,
2618 3122 2708 3193 qui
2735 3121 2912 3178 divina
2964 3134 3226 3195 potestate
3272 3129 3341 3184 ab
3384 3144 3580 3188 eorum
3628 3133 3793 3203 facie,;

2181 3212 2302 3282 quia
2324 3228 2384 3267 ea
2408 3222 2551 3269 terra
2575 3215 2710 3270 male
2733 3216 3020 3272 utebantur
3038 3220 3246 3288 expulsi
3276 3231 3434 3279 sunt:
3466 3233 3524 3281 et
3551 3227 3658 3298 ipsi
3681 3228 3793 3285 Ju-i

2181 3302 2306 3366 dzei,
2337 3319 2367 3357 a
2393 3305 2587 3374 quibus
2612 3305 2846 3361 ablatum
2877 3317 2960 3363 est
2994 3324 3241 3380 regnum,
3289 3315 3593 3372 secundum
3620 3319 3773 3376 verba

2181 3395 2415 3463 Domini,
2444 3406 2499 3452 et
2525 3396 2706 3453 datum
2726 3408 2810 3454 est
2837 3402 2980 3471 genti
3009 3401 3223 3459 facienti
3255 3404 3518 3474 justitiam
3561 3411 3772 3481 (Matth.

2181 3504 2294 3552 xxx,
2321 3489 2436 3561 45),
2456 3499 2680 3560 possunt
2703 3491 2937 3561 objicere
2961 3493 3151 3551 alienae
3166 3496 3243 3552 rei
3259 3501 3770 3572 concupiscentiam;

2179 3583 2302 3651 quia
2326 3582 2561 3638 Ecclesia
2591 3583 2787 3639 Christi
2813 3586 3067 3655 possidet,
3093 3587 3182 3644 ubi
3220 3602 3602 3660 persecutores
3628 3596 3770 3652 Chri-

2178 3675 2245 3728 sti
2270 3676 2580 3746 regnabant.
2613 3677 2680 3731 Et
2707 3686 2825 3748 post
2848 3681 3049 3748 omnia,
3075 3697 3196 3737 cum
3223 3686 3377 3740 vobis
3403 3687 3536 3758 ipsis
3571 3691 3768 3749 dictum

2179 3767 2352 3831 fuerit,
2389 3767 2494 3822 Res
2534 3769 2736 3824 alienas
2771 3772 3167 3842 concupiscitis,
3199 3777 3323 3847 quia
3349 3781 3770 3840 maximianistas

2175 3857 2245 3913 de
2285 3858 2517 3914 basilicis
2544 3860 2799 3930 ejecistis,
2845 3863 2971 3934 quid
3019 3869 3412 3940 respondeatis,
3457 3888 3570 3929 non
3621 3877 3765 3933 inve-

2175 3949 2322 4004 nitis.

2245 4041 2472 4097 CAPUT
2511 4042 2623 4098 LX.
2649 4074 2720 4085 ——
2745 4047 2868 4103 I55.
2909 4048 3090 4104 Ρετιι..
3123 4050 3259 4106 dixit
3295 4070 3309 4107 :
3338 4053 3455 4120 Qua
3481 4056 3642 4129 igitur
3666 4062 3768 4132 lege

2173 4147 2261 4186 vos
2282 4133 2581 4188 christianos
2601 4138 2879 4203 ostenditis,
2911 4155 3027 4193 cum
3052 4141 3150 4213 legi
3174 4148 3430 4202 contraria
3457 4150 3702 4221 faciatis?

2247 4222 2370 4277 I56.
2412 4223 2544 4279 Avo.
2596 4227 2902 4296 respondit:
2926 4229 3160 4301 Litigare
3196 4234 3297 4299 vis,
3330 4253 3439 4294 non
3468 4240 3761 4313 disputare.

2242 4313 2469 4370 CAPUT
2507 4315 2645 4370 LXI.
2696 4349 2767 4358 —-
2817 4320 2938 4375 I57.
2980 4321 3165 4378 PETIL.
3211 4325 3377 4383 dixit:
3408 4329 3551 4386 Dicit
3601 4347 3764 4391 autem

2172 4405 2419 4462 Dominus
2449 4406 2700 4473 Christus,
2736 4430 2753 4462 ι
2797 4411 2898 4478 Qui
2934 4414 3108 4484 fecerit
3137 4427 3184 4472 et
3206 4420 3279 4474 sic
3307 4421 3558 4492 docuerit,
3601 4430 3761 4482 maxi-

2171 4514 2283 4552 mus
2312 4499 2567 4554 vocabitur
2589 4501 2642 4555 in
2669 4519 2824 4574 regno
2849 4507 3108 4562 caelorum.
3144 4529 3163 4576 r
3191 4509 3281 4567 Sic
3308 4524 3478 4569 autem
3507 4534 3597 4574 vos
3616 4522 3761 4576 mise-

2171 4603 2254 4641 ros
2275 4589 2482 4643 damnat
2508 4606 2527 4645 :
2557 4591 2691 4656 «Qui
2711 4597 2966 4652 resolverit
2990 4615 3145 4653 unum
3170 4618 3233 4657 ea:
3257 4604 3336 4658 his
3356 4608 3634 4680 mandatis,
3664 4611 3760 4665 mi-

2171 4679 2339 4734 nimus
2365 4681 2622 4736 vocabitur
2639 4683 2692 4737 in
2719 4701 2872 4757 regno
2893 4688 3154 4746 caelorum.
3191 4710 3211 4745 ι

2243 4770 2364 4826 I58.
2395 4773 2530 4828 Anc.
2576 4777 2851 4846 respondit
2894 4797 2907 4832 :
2939 4778 3039 4836 Ubi
3070 4781 3207 4840 forte
3247 4786 3408 4844 aliter
3451 4789 3588 4850 dicis
3617 4795 3760 4852 testi-

2168 4861 2347 4917 monia
2376 4861 2769 4934 Scripturarum
2797 4909 2811 4933 ,
2837 4883 2994 4939 quam
3025 4885 3144 4929 sese
3182 4874 3418 4945 habent,
3468 4891 3522 4938 ct
3550 4884 3618 4939 ad
3649 4901 3757 4942 rem

2169 4970 2290 5025 quae
2320 4955 2456 5010 inter
2485 4971 2582 5012 nos
2609 4958 2810 5029 agitur,
2842 4977 2947 5017 non
2975 4966 3226 5034 pertinet,
3263 4985 3368 5026 non
3400 4973 3564 5030 nimis
3588 4993 3716 5032 curo
3742 4995 3753 5030 :

2169 5047 2260 5101 ubi
2291 5057 2472 5103 autem
2518 5049 2815 5121 impediunt
2852 5054 2995 5123 quod
3026 5065 3338 5128 tractamus,
3368 5064 3469 5120 nisi
3499 5070 3759 5126 veraciter

2168 5139 2526 5210 proferantur,
2573 5159 2678 5198 non
2726 5155 2780 5199 te
2824 5147 3054 5204 arbitror
3091 5165 3413 5213 succensere
3453 5158 3669 5229 debere,
3711 5164 3754 5219 si

2167 5232 2610 5301 quemadmodum
2638 5236 2894 5306 scriptum
2921 5241 2990 5295 sit
3017 5250 3068 5298 te
3088 5257 3472 5305 commemoro.
3497 5250 3636 5310 Ecce
3657 5253 3753 5308 hoc

2166 5325 2308 5395 quod
2354 5325 2514 5380 modo
2541 5328 2804 5396 posuisti,
2837 5346 2945 5386 non
2993 5334 3063 5389 ita
3105 5339 3361 5408 scripturn
3391 5352 3474 5399 est
3503 5362 3518 5400 :
3543 5346 3637 5402 sed
3686 5347 3752 5402 ita

2165 5419 2363 5489 potius,
2402 5418 2503 5486 Qui
2521 5421 2726 5476 solverit
2754 5439 2913 5478 unum
2939 5425 3002 5480 de
3031 5429 3282 5486 mandatis
3306 5433 3418 5490 istis
3441 5438 3680 5505 minimis.
3706 5449 3752 5493 et

2167 5509 2389 5564 docuerit
2417 5511 2507 5576 sic,
2535 5513 2772 5568 minimus
2791 5517 3050 5571 vocabitur
3085 5520 3136 5575 in
3161 5539 3316 5594 regno
3355 5529 3618 5586 calorum.
3652 5530 3751 5599 Qui

2231 5643 2248 5706 ξ
2273 5642 2410 5706 aditi,
2431 5641 2620 5706 videtis.
2650 5653 2705 5696 At
2721 5653 2849 5706 Mss,
2873 5650 3067 5703 videris.

2232 5700 2251 5733 ⁸
2276 5704 2357 5752 Hic
2383 5705 2516 5766 editi,
2544 5719 2637 5756 vos.
2667 5716 2720 5758 At
2749 5700 2874 5771 Mssi,
2897 5724 2997 5762 nos.
