3812 6126
80 378 240 424 autem
271 361 446 438 fecerit
467 369 514 416 et
539 357 613 416 sic
636 354 877 420 docuerit,
905 367 1120 424 ntagnus
1148 349 1410 405 vocabitur
1430 350 1484 402 in
1512 364 1670 419 regno

82 437 343 518 calorum.
390 455 455 510 Et
483 451 737 508 continuo
777 455 991 502 secutus
1031 444 1147 498 ait:
1178 441 1308 496 Dico
1336 441 1470 495 enim
1511 437 1669 506 vobis,

81 553 196 622 quia
232 547 342 603 nisi
368 541 695 600 abundaverit
709 537 915 610 justitia
938 544 1104 592 vestra
1124 550 1277 604 super
1301 530 1601 588 Scribarum
1627 537 1675 583 et

84 618 489 702 l’harisaorum,
510 650 614 689 non
633 629 884 686 intrabitis
893 628 948 682 in
967 641 1181 698 regnum
1201 622 1440 680 calorum
1458 618 1671 692 (Matth.

82 751 134 802 v,
181 733 273 800 19,
302 730 420 802 20).
452 726 594 784 Alibi
620 724 762 782 enim
795 721 1101 779 Pharisazos
1126 716 1360 774 ostendit
1388 724 1441 772 et
1463 713 1674 785 arguit,

83 823 342 897 quoniam
367 819 569 885 dicunt,
615 826 672 872 et
699 829 806 872 non
846 812 1065 868 faciunt.
1096 810 1206 866 Hos
1231 823 1359 879 ergo
1386 816 1442 862 et
1483 805 1572 860 hic
1600 804 1676 859 si-

83 894 380 987 gniﬁcavit,
404 924 528 968 cum
556 907 779 973 diceret,
806 904 910 970 Qui
934 901 1138 960 solverit
1163 914 1211 956 et
1232 901 1306 956 sic
1326 898 1550 954 docuerit
1576 913 1595 950 :
1623 894 1680 951 id

84 1016 190 1074 est,
221 1003 472 1062 docuerit
505 1000 703 1064 verbis,
733 996 876 1070 quod
901 995 1124 1052 solverit
1146 992 1319 1050 faelis.
1349 991 1521 1062 Super
1544 1003 1680 1060 quos

85 1098 365 1157 abundare
389 1092 648 1169 praecepit
669 1090 934 1164 justitiam
963 1097 1198 1145 nostram
1217 1127 1234 1153 ,
1261 1095 1320 1141 ut
1348 1083 1604 1139 faciamus
1626 1087 1682 1136 et

88 1197 165 1252 sic
188 1191 506 1248 doceamus.
532 1187 598 1243 Et
626 1195 806 1242 tamen
833 1198 934 1240 nec
955 1189 1175 1254 propter
1211 1179 1329 1235 illos
1357 1176 1677 1243 Pharisaeos,

87 1285 286 1358 quibus
319 1297 421 1338 nos
445 1295 552 1338 non
595 1293 694 1351 per
713 1275 1075 1350 prudentiam,
1104 1271 1199 1329 sed
1228 1285 1324 1341 per
1351 1267 1679 1324 malevolen-

90 1382 212 1436 tiam
241 1373 591 1447 comparatis,
621 1370 874 1444 prateepit
895 1367 1153 1424 Dominus
1175 1363 1351 1421 deseri
1375 1359 1682 1418 cathedram

90 1469 275 1541 ltoysi,
310 1469 365 1523 in
393 1481 496 1537 qua
521 1464 710 1534 utique
751 1460 1016 1532 figurabat
1042 1473 1196 1514 suam
1229 1473 1244 1510 :
1275 1454 1459 1511 dicens
1487 1453 1684 1523 quippe

95 1560 209 1615 illos
234 1555 552 1614 cathedram
577 1551 747 1625 Moysi
771 1551 1040 1618 sedentes,
1071 1547 1249 1604 dicere
1273 1553 1329 1600 et
1348 1559 1455 1599 non
1477 1542 1681 1606 facere;

93 1662 275 1708 monet
320 1660 500 1706 tamen
531 1646 758 1719 populos
787 1645 964 1700 facere
992 1656 1113 1713 qua:
1137 1640 1320 1696 dicunt
1341 1679 1358 1704 ,
1388 1645 1444 1693 et
1468 1651 1575 1690 non
1603 1632 1684 1689 fa-

96 1759 214 1802 cere
237 1760 362 1816 qua:
389 1743 611 1809 faciunt,
647 1738 755 1814 (Id.
789 1753 948 1804 mn,
976 1735 1031 1801 9,
1059 1733 1136 1805 5),
1174 1748 1240 1788 ne
1267 1729 1538 1788 cathedrae
1565 1741 1688 1782 san-

97 1839 248 1892 ctitas
293 1835 603 1900 deseratur,
653 1840 709 1888 et
753 1838 974 1902 propter
1015 1837 1258 1898 pastores
1297 1822 1470 1879 malos
1512 1817 1688 1891 gregis

102 1928 272 1984 unitas
301 1925 592 1983 dividatur.

163 2018 396 2076 CAPUT
434 2017 595 2074 LXII.
640 2045 714 2057 —
754 2013 878 2071 159.
925 2012 1112 2068 Ριιτιι..
1157 2009 1334 2065 dixit:
1366 2005 1432 2061 Et
1468 2005 1686 2069 iterum,

109 2135 126 2170 ι
158 2113 324 2170 Omne
349 2120 614 2185 peccatum
663 2109 800 2181 quod
839 2105 1115 2176 peccaverit
1167 2103 1338 2168 homo,
1393 2109 1537 2156 extra
1578 2115 1692 2152 cor-

99 2226 191 2280 pus
215 2217 291 2263 est
317 2222 338 2261 :
367 2207 456 2278 qui
473 2214 641 2260 autem
677 2201 952 2275 peccauerit
987 2199 1043 2254 in
1072 2196 1269 2268 Spiritu
1295 2202 1490 2262 sancto,
1520 2209 1622 2248 non
1649 2191 1694 2246 ei

102 2300 404 2367 remittetur,
435 2313 527 2352 nec
549 2297 604 2350 in
634 2295 729 2348 hoc
752 2291 960 2357 seculo,
988 2305 1078 2345 nec
1097 2289 1150 2343 in
1176 2291 1404 2360 futuro.)

171 2391 295 2448 110.
327 2392 467 2446 Auc.
497 2386 777 2458 respondit
806 2401 821 2439 :
849 2385 919 2440 Et
943 2382 1046 2438 hoc
1074 2395 1182 2436 non
1210 2379 1284 2435 ita
1309 2377 1564 2447 scriptum
1588 2382 1691 2442 est,

108 2493 160 2540 et
183 2482 306 2538 vide
330 2489 590 2553 quantum
614 2487 668 2533 te
691 2475 956 2533 fefellerit.
989 2471 1277 2544 Apostolus
1299 2469 1366 2524 ad
1392 2466 1695 2524 Corinthios

111 2573 392 2640 scribens,
440 2572 516 2626 ait
558 2587 572 2624 :
627 2569 790 2623 Omne
838 2575 1096 2638 peccatum
1137 2563 1483 2634 quodcumque
1529 2557 1698 2630 fecerit

115 2668 279 2736 homo,
307 2674 458 2722 extra
478 2679 664 2734 corpus
689 2669 799 2726 est;
825 2660 911 2729 qui
932 2667 1099 2712 autem
1123 2655 1421 2728 fornicatur,
1444 2653 1498 2707 in
1518 2643 1698 2722 corpu's

111 2775 252 2816 suum
292 2765 466 2829 peccat
507 2757 526 2825 (
552 2754 571 2810 l
599 2752 719 2811 Cor.
761 2767 834 2819 vi,
863 2748 974 2822 18).
1002 2747 1117 2804 Hoc
1144 2755 1323 2800 autem
1347 2743 1489 2798 aliud
1515 2750 1616 2809 est,
1647 2750 1702 2796 et

115 2850 251 2906 aliud
279 2848 414 2906 illud
459 2846 603 2919 quod
632 2843 892 2901 Dominus
920 2842 972 2896 in
1013 2837 1302 2909 Evangelia
1339 2835 1508 2891 dixit:
1542 2831 1703 2887 Omne

117 2952 370 3014 peccatum
398 2951 444 2997 et
463 2937 778 3009 blasphemia
802 2934 1078 2989 dimittetur
1099 2925 1517 2998 hominibus;qui
1537 2934 1704 2981 autem

118 3033 392 3104 peccaverit
417 3033 470 3087 in
499 3030 750 3101 Spiritum
775 3034 1026 3090 sanctum,
1047 3039 1149 3078 non
1163 3021 1440 3077 remittetur
1457 3019 1524 3084 ei,
1543 3035 1633 3074 nec
1651 3019 1706 3072 in

121 3127 207 3182 hoc
227 3127 438 3190 seculo,
458 3139 550 3180 nec
561 3123 617 3178 in
638 3126 813 3192 futuro
835 3116 1046 3189 (Matth.
1071 3129 1170 3178 xu,
1189 3114 1278 3180 51,
1296 3111 1410 3183 52).
1432 3110 1512 3166 Tu
1527 3119 1705 3166 autem

121 3219 320 3290 coepisti
353 3233 420 3273 ex
446 3212 705 3286 Apostolo
731 3208 1074 3274 sententiam,
1102 3215 1158 3262 et
1180 3219 1298 3261 eam
1326 3210 1578 3273 tanquam
1605 3217 1710 3256 una

123 3311 186 3367 sit
207 3327 272 3367 ex
298 3306 596 3379 Evangelio
627 3301 924 3361 terminasti
951 3318 963 3354 :
988 3297 1130 3370 quod
1158 3306 1211 3352 te
1236 3311 1342 3351 non
1368 3293 1529 3350 credo
1571 3293 1712 3346 frau-

128 3402 209 3469 de,
237 3401 335 3458 sed
376 3413 559 3456 errore
589 3396 801 3452 fecisse.
833 3391 1030 3448 Neutra
1055 3389 1200 3446 enim
1227 3386 1294 3442 ad
1319 3401 1432 3440 rem
1459 3382 1709 3455 pertinet,

125 3505 176 3552 et
195 3510 290 3552 cur
315 3494 438 3549 haec
479 3489 702 3556 dixeris,
745 3495 799 3542 et
822 3497 1034 3556 quoquo
1061 3479 1222 3536 modo
1250 3477 1469 3544 dixeris,
1497 3475 1714 3530 omnino

128 3603 229 3644 non
272 3587 431 3643 video
463 3603 475 3637 :
507 3583 612 3639 nisi
655 3581 812 3646 forte,
851 3577 975 3648 quia
1015 3589 1136 3631 eum
1178 3571 1423 3642 superius
1466 3568 1712 3633 dixisses,

133 3680 406 3737 damnatos
446 3691 566 3734 esse
608 3690 640 3731 a
684 3672 911 3730 Domino
955 3669 1046 3740 qui
1089 3664 1410 3723 resolverint
1446 3675 1610 3716 unum
1649 3675 1717 3716 ex

135 3772 434 3837 mandatis,
480 3763 833 3825 considerasti
863 3776 1023 3834 quam
1066 3757 1265 3814 multos
1305 3753 1581 3820 habeatis,
1609 3766 1716 3807 non

138 3884 317 3936 unum,
349 3864 444 3922 sed
469 3861 636 3920 multa
681 3856 930 3914 mandata
955 3853 1255 3916 solventes;
1287 3856 1342 3904 et
1370 3861 1438 3903 ne
1457 3845 1552 3901 tibi
1580 3843 1718 3914 obji-

141 3935 368 4024 ceretur,
394 3953 612 4012 voluisti
640 3965 736 4022 per
763 3947 1043 4004 transitum
1085 3941 1443 4000 subinducere
1469 3935 1722 3992 differen-

144 4051 264 4106 tiam
305 4055 676 4122 peccatorum,
705 4039 848 4096 aliud
877 4053 996 4095 esse
1025 4035 1234 4091 solvere
1259 4029 1475 4102 aliquod
1501 4026 1722 4084 manda-

139 4153 243 4199 tum
262 4141 405 4199 unde
425 4139 580 4195 venia
601 4135 773 4191 facilis
797 4131 966 4204 possit
991 4127 1195 4199 accipi;
1234 4123 1380 4181 aliud
1403 4131 1580 4177 autem
1601 4133 1724 4190 pec-

141 4248 257 4290 care
276 4234 331 4290 in
353 4228 610 4303 Spiritum
633 4233 896 4288 sanetum,
917 4218 1060 4292 quod
1076 4233 1184 4274 non
1208 4214 1527 4277 remittetur,
1541 4224 1725 4281 neque

142 4325 192 4382 in
217 4325 320 4383 hoc
350 4321 574 4388 smculo,
603 4330 779 4388 neque
807 4315 861 4371 in
905 4313 1106 4368 futuro.
1150 4309 1368 4365 Timens
1393 4306 1570 4376 itaque
1597 4318 1727 4360 con-

147 4417 273 4488 tagia
319 4421 667 4488 peccatorum
709 4409 813 4463 hoc
851 4413 1031 4461 tacere
1073 4397 1375 4464 noluisti‘;
1420 4403 1476 4452 et
1500 4409 1724 4462 rursus,

149 4485 334 4576 timens
381 4501 797 4575 profunditatem
841 4493 1153 4568 quaestionis
1196 4488 1541 4546 excedentem
1587 4485 1728 4542 vires

150 4609 279 4668 tuas,
307 4601 410 4656 hoc
451 4597 652 4654 cursim
681 4591 1042 4665 perstringere
1064 4583 1298 4648 voluisti,
1329 4591 1472 4638 tanta
1496 4578 1728 4652 trepida-

151 4696 306 4762 tione,
353 4703 412 4749 ut
438 4685 889 4765 quemadmodum
918 4682 1092 4738 solent
1133 4677 1530 4752 perturbatione
1554 4673 1731 4744 aliqua

153 4785 456 4842 festinantes
485 4795 739 4855 perverse
765 4793 824 4835 se
844 4775 1044 4832 vestire
1069 4781 1161 4830 aut
1187 4771 1457 4837 calceare,
1497 4766 1732 4824 nolueris

154 4879 424 4936 Mtendere
443 4876 530 4933 vel
555 4873 682 4947 quid
707 4870 775 4928 ad
797 4869 937 4942 quod
965 4866 1240 4938 pertineat,
1262 4862 1346 4918 vel
1367 4861 1459 4917 ubi
1478 4868 1535 4916 et
1557 4872 1737 4931 quem-

158 4973 432 5030 admodum
459 4971 716 5040 scriptum
745 4965 835 5021 sit.
867 4961 1036 5030 Quale
1064 4959 1134 5015 sit
1161 4965 1337 5012 autem
1376 4953 1506 5010 illud
1548 4965 1736 5024 pecca-

161 5074 262 5118 tum
282 5062 425 5135 quod
457 5077 564 5117 non
581 5057 901 5122 dimittetur,
927 5065 1102 5122 neque
1122 5049 1176 5104 in
1197 5049 1301 5103 hoc
1317 5045 1535 5111 saeculo,
1563 5051 1738 5114 neque

163 5155 211 5211 in
231 5156 422 5225 futuro,
442 5168 610 5225 usque
633 5151 768 5208 adeo
793 5147 1029 5212 nescitis,
1051 5153 1111 5200 ut
1128 5158 1248 5200 cum
1275 5141 1328 5196 in
1360 5140 1476 5211 ipso
1496 5151 1596 5194 nos
1619 5151 1740 5194 esse

163 5247 400 5313 credatis,
431 5245 804 5314 remissionem
853 5249 1028 5295 tamen
1053 5237 1176 5307 ejus
1203 5251 1296 5307 per
1320 5240 1557 5290 vestrum
1586 5229 1741 5286 nobis

167 5337 483 5410 Baptismum
509 5334 855 5409 promittatis.
881 5330 1033 5400 Quod
1058 5327 1198 5384 unde
1219 5325 1333 5382 ﬁeri
1352 5331 1545 5396 potest,
1571 5323 1614 5377 si
1638 5321 1743 5376 tale

167 5443 430 5501 peccatum
454 5440 558 5498 est,
581 5437 640 5486 ut
657 5442 766 5485 non
785 5425 1099 5492 dimittatur,
1127 5435 1302 5492 neque
1327 5419 1381 5475 in
1401 5418 1504 5474 hoc
1525 5415 1740 5480 smculo,

170 5539 331 5599 neque
351 5529 403 5584 in
434 5523 652 5582 futuro?

230 5682 338 5734 ἐἰς
358 5691 464 5734 Mss.
503 5681 624 5748 Editi
647 5671 1221 5748 verontacerevohdsti;
1249 5678 1302 5722 et
1322 5669 1466 5735 paulo
1489 5675 1626 5734 post,
1649 5665 1738 5717 hoc

173 5753 389 5810 mm;
427 5759 532 5814 pro,
561 5743 647 5797 hoc
670 5737 852 5796 cursim
875 5751 892 5793 :
918 5739 1079 5791 minus
1096 5736 1248 5786 bene.

1425 229 1634 287 LIBER
1677 223 2060 286 SECUNDUS.

3270 222 3376 286 306

1854 343 2079 402 CAPUT
2116 342 2297 400 LXIII.
2333 373 2404 384 -—
2434 343 2556 399 Mi.
2588 342 2772 400 PETIL.
2804 343 2940 400 dixit
2981 363 2994 399 :
3043 343 3223 399 Divina
3263 361 3378 400 vero

1782 439 2024 492 mandata
2043 437 2221 509 quibus
2234 437 2377 492 rebus
2403 437 2622 507 impletis
2639 437 2665 490 Ρ
2689 436 2828 491 Dicit
2853 437 3102 492 Dominus
3123 437 3376 499 Christus,

1789 548 1808 582 ‹
1841 529 1988 584 Beati
2013 545 2261 601 pauperes
2286 530 2488 600 spiritu,
2520 529 2760 599 quoniam
2801 530 3027 597 ipsorum
3061 539 3131 583 est
3171 545 3380 599 regnum

1783 622 2044 676 caelorum.
2099 639 2118 672 ι
2176 619 2281 675 Vos
2324 620 2657 692 persequendi
2701 619 2899 674 malitia
2944 621 3130 692 furoris
3179 620 3379 674 divitias

1785 715 2056 770 exhalatis.

1860 807 1982 862 142.
2011 807 2146 863 Auc.
2170 805 2448 877 respondit
2478 822 2493 860 :
2522 806 2692 862 Dicite
2715 806 2816 861 ista
2848 807 3024 878 potius
3051 806 3384 861 Circuituch

1786 898 2019 955 liouibus
2050 899 2267 954 vestris.

1857 1012 2084 1068 CAPUT
2124 1011 2308 1068 LXIV.
2337 1044 2410 1053 —
2431 1013 2551 1069 M5.
2585 1013 2771 1068 PE'I'IL.
2801 1012 2934 1068 dixit
2966 1032 2977 1067 :
3021 1032 3038 1064 (
3069 1012 3211 1066 Beati
3242 1029 3386 1066 mau-

1788 1105 1950 1168 sueti,
1983 1105 2224 1175 quoniam
2265 1103 2365 1175 ipsi
2413 1103 2733 1175 possidebunt
2777 1113 2980 1158 terram.
3013 1123 3030 1155 ›
3089 1101 3189 1156 Vos
3232 1104 3388 1173 igitur

1787 1197 2108 1252 immansueti
2135 1205 2319 1251 terram
2349 1205 2395 1250 et
2421 1196 2600 1250 caelum
2628 1196 2818 1264 pariter
2847 1195 3154 1265 perdidistis.

1863 1288 1985 1343 144.
2030 1287 2166 1344 Auo.
2200 1285 2518 1357 respondit:
2551 1286 2749 1342 lterum
2779 1295 2939 1356 atque
2977 1286 3169 1341 iterum
3210 1284 3389 1340 audite

1791 1379 2076 1436 Dominum
2100 1377 2389 1446 dicentem,
2420 1377 2580 1432 Eritis
2605 1377 2732 1432 mihi
2756 1386 2903 1432 testes
2931 1377 2985 1431 in
3010 1375 3316 1443 Jerusalem,
3340 1387 3390 1431 et

1790 1471 1844 1525 in
1886 1480 2043 1525 totam
2078 1469 2318 1525 Judceam
2354 1479 2400 1523 et
2428 1469 2738 1536 Samariam,
2769 1479 2813 1524 et
2839 1486 2997 1541 usque
3021 1469 3076 1524 in
3102 1480 3257 1524 totam
3290 1479 3392 1524 ter-

1792 1579 1904 1618 ram
1936 1561 2072 1636 (Act.
2105 1579 2144 1631 ι,
2176 1561 2256 1634 8).
2287 1562 2398 1618 Cur
2423 1577 2529 1618 non
2556 1577 2685 1633 ergo
2714 1562 2788 1617 illi
2819 1562 3166 1632 perdiderunt
3193 1571 3388 1618 terram

1792 1663 1848 1710 et
1869 1654 2086 1722 caelum,
2129 1655 2221 1726 qui
2259 1662 2319 1710 ut
2343 1670 2450 1709 non
2479 1653 2876 1710 communicent
2920 1655 3180 1710 universa:
3208 1663 3387 1720 terrae,

1793 1755 2145 1804 contemnunt
2172 1745 2334 1802 verba
2383 1745 2622 1802 sedentis
2661 1746 2713 1801 in
2744 1743 2926 1800 coelo?
2954 1744 3085 1799 Nam
3115 1744 3183 1800 de
3211 1753 3391 1800 vestra

1794 1837 2206 1895 mansuetudine
2232 1879 2247 1903 ,
2274 1853 2383 1893 non
2428 1846 2532 1893 tum
2558 1852 2738 1902 voces,
2768 1837 2862 1892 sed
2891 1835 3392 1893 Circumcellionum

1794 1929 1966 1985 fustes
1997 1929 2416 2000 interrogentur.
2465 1928 2711 1984 Dicturus
2734 1943 2815 1995 es,
2845 1926 2980 1995 Quid
3007 1926 3074 1981 ad
3102 1941 3200 1981 nos
3225 1927 3390 1996 perti-

1794 2021 1926 2076 net?
1952 2019 2113 2089 Quasi
2141 2035 2240 2074 nos
2284 2019 2384 2074 ista
2411 2018 2674 2086 dicamus,
2708 2017 2808 2073 nisi
2838 2027 2893 2072 ut
2923 2018 3024 2072 hoc
3063 2018 3392 2087 respondea-

1799 2115 1906 2169 tis?
1933 2113 2059 2168 ldeo
2083 2113 2228 2168 enim
2252 2111 2319 2168 ad
2344 2127 2439 2167 vos
2465 2112 2698 2182 pertinet
2723 2111 2954 2167 schisma
2982 2122 3239 2179 vestrum,
3270 2112 3395 2182 quia

1803 2208 2076 2280 pertinere
2110 2207 2178 2260 ad
2218 2221 2316 2261 vos
2365 2215 2642 2277 peccatum
2671 2220 2777 2260 non
2806 2205 2966 2260 vultis
2994 2205 3224 2260 alienum
3255 2223 3268 2258 :
3295 2218 3396 2260 nec

1799 2310 1978 2355 tamen
2007 2299 2076 2353 oh
2103 2297 2248 2354 aliud
2277 2312 2377 2354 vos
2403 2313 2432 2351 a
2472 2297 2628 2353 nobis
2658 2297 2980 2367 separastis,
3010 2296 3111 2353 nisi
3140 2297 3265 2352 dum
3293 2311 3395 2352 no-

1801 2393 1881 2448 bis
1903 2392 2134 2464 objicitis
2163 2391 2367 2447 crimen
2393 2390 2648 2446 alienum.

1872 2503 2100 2560 CAPUT
2122 2501 2484 2558 ωειλ-145.
2504 2501 2838 2557 PE'rtt..dixit
2859 2519 2904 2555 ε(
2932 2500 3080 2556 Beati
3098 2503 3183 2572 qui
3203 2501 3396 2572 lugent,

1802 2597 2040 2668 quoniam
2060 2596 2158 2667 ipsi
2182 2593 2596 2650 consolabuntur.
2628 2612 2647 2648 ι
2686 2592 2807 2661 Vos,
2831 2594 2992 2649 nostri
3011 2593 3291 2663 carniﬁces,
3321 2594 3401 2647 lu-

1805 2699 1975 2760 gentes
2005 2689 2197 2758 facitis,
2225 2704 2328 2742 non
2353 2687 2555 2759 lugetis.

1881 2780 2004 2836 146.
2032 2780 2165 2837 Auc.
2204 2779 2484 2850 respondit
2512 2797 2526 2833 :
2551 2777 2901 2834 Considerate
2930 2778 3200 2848 paululum
3241 2793 3402 2847 quam

1805 2871 2022 2938 multis,
2091 2878 2146 2926 et
2186 2877 2440 2942 quantum
2488 2869 2690 2925 luctum
2733 2867 2980 2924 dederint
3031 2867 3137 2922 Deo
3185 2866 3394 2921 Laudes

1808 2973 2137 3018 armatorum
2163 2972 2462 3018 vestrorum
2489 2963 2528 3014 ί.
2559 2961 2727 3017 Dicite
2753 2961 2968 3028 iterum,
2997 2960 3134 3026 Quid
3163 2959 3228 3014 ad
3257 2975 3356 3015 nos
3374 2961 3400 3012 ‘l

1812 3057 1881 3112 Et
1904 3072 2002 3128 ego
2030 3057 2219 3112 iterum
2245 3056 2439 3122 dicam,
2467 3065 2522 3111 et
2547 3065 2598 3110 tu
2629 3053 2770 3125 quod
2800 3053 2954 3121 dicis,
2986 3053 3123 3120 Quid
3155 3052 3221 3107 ad
3260 3067 3359 3107 nos
3379 3052 3406 3105 ‘l

1811 3150 1938 3222 quid
1969 3149 2034 3204 ad
2075 3150 2261 3205 orbem
2290 3148 2591 3204 terrarum?
2632 3147 2758 3218 quid
2803 3148 2868 3201 ad
2915 3162 3009 3202 cos
3054 3146 3142 3216 qui
3189 3145 3410 3201 laudant

1736 3289 1739 3292 .
1813 3259 2007 3298 nomen
2038 3242 2246 3298 Domini
2277 3258 2307 3296 τι
2347 3242 2476 3296 solis
2519 3249 2636 3295 ortu
2668 3255 2836 3309 usque
2861 3239 2927 3292 ad
2968 3239 3257 3293 occasum?
3281 3237 3410 3308 quid

1815 3334 1880 3388 ad
1911 3347 2124 3388 omnem
2154 3341 2350 3386 terram
2373 3345 2493 3400 qua:
2517 3337 2696 3384 cantat
2725 3330 2991 3384 canticum
3021 3327 3258 3383 novum?
3278 3327 3408 3396 quid

1817 3427 1881 3481 ad
1925 3440 2109 3479 semen
2141 3423 2390 3488 Abrahae,
2422 3422 2473 3476 in
2500 3436 2607 3490 quo
2649 3420 3038 3475 benedicuntur
3066 3433 3254 3473 omnes
3281 3433 3414 3487 gem

1821 3527 1900 3572 tes
1932 3513 2084 3588 (Gen.
2112 3529 2244 3580 χιιι,
2275 3512 2408 3585 18)?
2436 3511 2578 3582 Ergo
2607 3509 2728 3565 ideo
2754 3510 2820 3564 ad
2865 3525 2957 3564 vos
2982 3509 3213 3579 pertinet
3241 3508 3411 3566 sacri-

1820 3608 2014 3678 legium
2061 3604 2383 3670 sehismatis,
2406 3603 2528 3674 quia
2557 3617 2660 3657 non
2689 3601 2755 3656 ad
2806 3616 2902 3654 vos
2931 3600 3200 3670 pertinent
3222 3601 3243 3631 ‘
3271 3599 3412 3655 facta

1821 3699 1962 3755 mala
1990 3706 2311 3763 vestrorum,
2329 3704 2384 3752 et
2404 3695 2530 3750 hinc
2560 3693 2851 3764 intelligitis
2873 3707 2971 3747 nec
3001 3690 3066 3747 ad
3091 3690 3275 3746 orbem
3299 3701 3413 3745 ter-

1823 3811 2003 3852 rarum
2031 3792 2329 3865 pertinere,
2362 3791 2525 3846 etiam
2551 3789 2595 3843 si
2625 3803 2686 3843 ea
2715 3786 3037 3858 probaretis,
3066 3784 3200 3841 facta
3227 3797 3416 3844 eorum

1826 3896 2046 3960 propter
2072 3898 2207 3956 quos
2232 3883 2359 3939 inde
2384 3897 2479 3939 vos
2507 3881 2813 3952 separastis.
3269 3889 3272 3892 '
3327 3889 3330 3892 '

1895 3996 2122 4056 CAPUT
2162 3995 2348 4052 LXVI.
2393 4025 2462 4035 —
2499 3994 2622 4049 M7.
2656 3993 2841 4047 Ρετιι..
2872 3990 3048 4046 dixit:
3099 4010 3118 4043 ‹
3152 3983 3293 4046 Beati
3334 3988 3422 4061 qui

1827 4091 2057 4147 esuriant
2080 4097 2127 4143 et
2146 4089 2322 4143 sitiunt
2336 4086 2606 4154 iustitiam,
2628 4083 2866 4154 quoniam
2885 4082 2982 4151 ipsi
3003 4081 3382 4135 saturabuntur.
3395 4097 3415 4132 ι

1842 4181 1990 4236 Vobis
2012 4181 2118 4234 haec
2133 4178 2339 4250 justitia
2355 4184 2448 4244 est,
2474 4185 2529 4229 ut
2545 4167 2771 4229 nostrum
2793 4173 3088 4244 sanguinem
3112 4173 3311 4225 sitiatis.

1902 4275 2027 4331 148.
2063 4276 2201 4329 Auo.
2231 4268 2507 4340 respondit
2535 4287 2548 4320 :
2580 4265 2718 4335 Quid
2766 4265 2861 4320 tibi
2905 4263 3078 4319 dicam
3105 4303 3120 4328 ,
3156 4273 3209 4317 tu
3258 4262 3422 4316 homo

1830 4368 1935 4425 nisi
1975 4366 2100 4439 quia
2129 4361 2492 4421 calumniosus
2519 4360 2612 4416 es?
2642 4358 2824 4414 Esurit
2865 4357 3080 4427 quidem
3109 4371 3204 4412 vos
3233 4364 3287 4410 ct
3312 4359 3420 4410 sitit

1833 4459 2011 4517 unitas
2033 4455 2233 4514 Christi
2279 4473 2292 4510 :
2321 4468 2440 4525 quae
2469 4453 2671 4508 utinam
2700 4464 2794 4506 vos
2837 4447 3158 4514 absorbeat;
3189 4446 3424 4502 haeretici

1834 4567 1941 4608 non
1967 4549 2137 4607 eritis.

1904 4660 2130 4719 CAPUT
2162 4656 2571 4716 LXVIl.—M9.
2592 4655 2772 4712 Ρετιι..
2799 4653 2934 4710 dixit
2965 4671 2976 4706 :
3013 4671 3031 4704 ι
3064 4650 3209 4706 Beati
3235 4650 3430 4705 miseri-

1835 4757 2012 4815 cordes
2039 4755 2276 4828 quoniam
2298 4753 2398 4824 ipsi
2427 4750 2826 4807 misericordiam
2851 4756 3234 4818 consequentur.
3267 4765 3286 4799 ι
3321 4745 3424 4801 Vos

1837 4850 2040 4924 quando
2053 4845 2396 4904 misericordes
2415 4844 2685 4917 appellem,
2705 4857 2816 4896 cum
2829 4838 3160 4911 paenasjustis
3180 4836 3432 4909 ingeritis?

1840 4962 1906 5000 an
1921 4942 2321 4999 communionem
2338 4937 2358 4971 ³
2373 4937 2746 5010 nequissimam,
2761 4933 2880 4988 dum
2893 4933 3088 4986 animus
3112 4931 3386 5002 inquinatis
3403 4930 3429 4985 ‘l

1908 5101 1924 5132 ί
1950 5099 2070 5150 Editi
2087 5136 2101 5158 ,
2147 5107 2291 5159 quam
2310 5091 2512 5144 multum
2533 5097 2579 5142 et
2616 5096 2846 5159 quantum
2869 5087 3052 5159 luctum
3075 5086 3299 5159 dederint
3328 5095 3434 5159 pec

1846 5161 1968 5226 (vel,
1990 5151 2121 5223 ideo)
2144 5151 2314 5226 laudes
2329 5160 2598 5226 amatorum
2613 5151 2899 5226 uestrorum;
2919 5151 3222 5226 castigantur
3243 5163 3306 5199 ex
3327 5157 3434 5226 Mss.

1843 5210 1979 5275 solus
2000 5210 2220 5272 Erasmus
2240 5219 2390 5269 habet
2403 5252 2418 5275 ,
2439 5215 2550 5266 ideo
2570 5213 2737 5264 laudes
2765 5226 2782 5264 :
2805 5211 2950 5263 male.
2975 5210 3087 5275 nam
3126 5221 3224 5262 Deo
3254 5210 3440 5262 Laudes

1845 5272 2082 5336 vexerat
2116 5272 2559 5332 Circumcellionum
2606 5291 2618 5326 :
2666 5294 2689 5322 ιι
2715 5283 2742 5322 Α
2767 5277 2943 5339 quibus
2961 5272 3070 5337 plus
3088 5276 3288 5325 timetur
3336 5281 3436 5323 Deo

1848 5347 2048 5407 Laudes,
2079 5357 2224 5407 quam
2250 5341 2470 5407 fremitus
2491 5339 2704 5407 leonis,»
2729 5339 2902 5400 inquit,
2928 5340 3235 5407 Augustinus,
3275 5340 3438 5407 ξηαπ.

1807 5460 1810 5464 ,
1848 5394 2048 5460 iurgii:
2071 5394 2177 5468 132,
2202 5420 2252 5456 ιι.
2279 5405 2467 5454 6.1tem
2489 5401 2606 5451 ibid.
2639 5394 3227 5452 ineo'taudes'vestrum
3251 5394 3442 5458 ploratu

1848 5472 2084 5523 homines.
2102 5486 2126 5515 ι

1913 5517 2095 5601 fil—diti,
2119 5528 2234 5601 quia
2254 5527 2320 5601 ad
2342 5540 2428 5578 nos
2449 5538 2544 5576 non
2574 5523 2829 5590 pertinent.
2871 5524 3044 5573 Verius
3065 5529 3196 5581 Mss,
3216 5517 3331 5583 quia
3347 5531 3444 5570 non

1850 5597 1916 5648 ad
1934 5607 2013 5646 vos
2031 5597 2284 5658 pertinent.

1919 5643 2045 5707 a's’i’e'
2071 5643 2174 5704 uss.
2201 5661 2257 5704 At
2280 5652 2419 5714 editi,
2445 5648 2769 5714 oppellemini,
2795 5660 2903 5701 cum
2928 5656 3093 5711 pinnas
3123 5644 3273 5708 justis
3303 5643 3441 5711 inge.

1859 5719 1968 5774 ritis
1994 5717 2019 5772 ?
2057 5716 2123 5769 ad
2180 5713 2585 5774 coniunctionem,
2613 5719 2706 5762 etc.
