3796 6118
61 197 146 258 309

60 293 181 371 Beati
214 314 299 384 qui
340 311 741 386 persecutionem
775 310 1034 383 patiuntur
1071 319 1276 384 prapter
1305 311 1565 382 justitiam
1599 324 1618 373 ,'

62 405 369 465 sed-dictum
413 417 556 463 esset
584 449 599 472 ,
651 405 794 461 Beati
825 404 913 476 qui
959 419 1019 459 se
1066 404 1213 474 ipsos
1240 402 1618 474 prmcipitant:

62 499 311 569 implerent
331 501 532 554 celum
562 507 819 569 martyres
836 497 1022 553 vestri.
1044 497 1184 553 Sane
1211 495 1279 552 de
1303 493 1619 565 corporibus

60 607 212 648 eorum
252 590 454 646 multos
501 600 762 647 terrarum
806 591 967 646 ﬂores
1015 589 1294 656 videmus,
1344 585 1442 644 sed
1481 586 1618 658 sicut

59 690 168 742 solet
184 686 283 742 dici
299 729 314 747 .
346 687 452 741 ﬂos
483 686 638 742 cinis.

111 778 322 836 CAPUT
366 778 578 834 LXXII.
609 808 681 819 —
712 778 834 834 161.
884 777 1072 834 Ριετιι.
1106 775 1278 830 dixit:
1329 773 1458 829 Cum
1499 786 1617 858 ergo

59 871 258 939 falsando
285 873 534 925 mandata
562 871 692 925 beati
723 887 825 925 non
851 870 961 925 sitis
980 910 996 936 ,
1032 885 1119 924 vos
1149 866 1333 921 divinis
1359 863 1617 921 sententiis

57 963 248 1018 Christus
277 961 526 1018 Dominus
550 964 900 1018 condemnata
926 961 1012 1016 Vae
1034 971 1202 1015 autem
1223 959 1389 1025 vobis,
1422 955 1617 1012 Scribis

57 1068 90 1108 et
115 1055 350 1111 Phariswi
378 1057 688 1128 hypocritas,
717 1058 838 1127 quia
863 1055 1101 1110 clauditis
1127 1071 1337 1136 regnum
1375 1052 1614 1107 caelorum

57 1159 145 1202 ante
167 1148 387 1202 homines
416 1164 438 1202 :
462 1165 548 1203 vos
569 1150 701 1203 enim
720 1165 822 1203 non
851 1148 1052 1202 intratis
1069 1187 1085 1213 ,
1110 1156 1158 1201 et
1175 1161 1332 1216 neque
1347 1145 1617 1199 introeun-

57 1252 110 1295 trs
128 1241 293 1294 sinitis.
313 1240 403 1295 Vte
419 1242 575 1308 vobis,
602 1241 796 1297 Scrist
816 1250 864 1296 et
892 1239 1143 1295 Pharistei
1170 1239 1466 1310 hypocrita,
1496 1237 1616 1314 quia

58 1334 245 1390 circuitis
267 1351 412 1390 mare
442 1345 486 1390 et
511 1335 739 1399 aridam,
768 1346 824 1389 ut
852 1335 1054 1408 faciatis
1077 1320 1232 1402 unum
1267 1333 1615 1410 proselytum;

57 1437 196 1480 etcum
224 1430 392 1497 factus
413 1430 566 1500 fuerit
596 1467 611 1493 ,
645 1429 810 1500 facitis
838 1444 952 1482 eum
976 1427 1140 1496 ﬁlium
1161 1425 1403 1497 gehennaz
1440 1424 1616 1494 dupli-

57 1517 136 1571 ciss
160 1534 300 1588 quam
348 1535 459 1573 vos.
502 1517 590 1573 Va:
617 1519 756 1573 vobis
784 1560 799 1583 ,
859 1516 1053 1573 Scriba
1079 1527 1125 1572 et
1155 1506 1410 1571 Pharisa’i
1447 1516 1613 1587 hypo-

56 1609 188 1674 crita,
213 1609 297 1679 qui
322 1609 588 1664 decimatis
607 1610 866 1664 mentham
896 1619 945 1682 et
971 1607 1209 1663 anethum
1236 1619 1287 1664 et
1307 1609 1562 1679 cyminum
1593 1638 1610 1674 υ

56 1709 87 1753 et
104 1701 366 1772 relinquitis
393 1717 512 1772 qut:
535 1703 787 1776 gravioria
809 1711 929 1757 sunt
954 1703 1077 1774 legis
1093 1744 1107 1767 ,
1122 1703 1374 1773 judicium
1388 1711 1434 1756 et
1456 1703 1612 1757 mise-

56 1793 284 1846 ricordiam
307 1805 356 1849 et
386 1791 564 1864 ﬁdem.
600 1792 727 1849 Hcce
767 1805 936 1849 autem
974 1794 1232 1865 oportebat
1262 1794 1406 1864 fieri,
1447 1802 1494 1848 et
1519 1792 1613 1868 illa

56 1900 129 1938 non
149 1888 385 1941 omittere.
430 1886 597 1942 Duces
622 1887 746 1942 caeci
765 1927 780 1953 ,
810 1887 1057 1960 liquentes
1087 1885 1332 1952 culicem,
1362 1887 1611 1940 camelum

57 1988 188 2032 autem
208 1980 496 2050 glutientes.
537 1979 628 2035 γω
651 1979 818 2045 vobis,
851 1980 1048 2035 Scriba:
1095 1988 1140 2033 et
1166 1979 1422 2034 Pharistei
1449 1977 1612 2052 hypo-

56 2069 163 2122 critc
181 2112 195 2137 ,
239 2072 358 2141 quia
401 2072 596 2127 similes
623 2074 741 2128 estis
765 2073 1100 2126 monumentis
1127 2071 1373 2127 dealbatis
1393 2114 1408 2139 ,
1436 2088 1549 2142 quae
1577 2089 1610 2126 a

58 2163 152 2230 foris
177 2173 345 2232 parent
372 2164 663 2238 hontinibus
690 2165 946 2235 speciosa,
975 2166 1111 2219 intus
1133 2174 1297 2220 autem
1326 2164 1478 2235 plena
1494 2173 1612 2220 sunt

57 2255 214 2308 ossibus
237 2266 556 2310 mortuorum
581 2266 627 2311 et
647 2257 785 2310 omni
810 2257 1054 2336 spurcitia
1081 2272 1100 2310 :
1123 2257 1197 2311 sic
1218 2267 1265 2311 et
1288 2273 1374 2325 vos
1413 2273 1447 2310 a
1485 2257 1612 2326 foris

60 2347 221 2414 quidem
244 2350 431 2418 paratis
460 2348 746 2403 hominibus
762 2350 896 2420 justi
919 2391 933 2415 ,
961 2351 1100 2404 intus
1135 2358 1303 2404 autem
1332 2348 1471 2421 pleni
1495 2349 1611 2422 estis

61 2439 274 2507 hypocrisi
291 2439 664 2513 etiniqnitates
703 2439 916 2513 (Matth.
948 2457 1113 2512 xxttt,
1150 2441 1239 2508 15,
1265 2441 1362 2509 15,
1393 2437 1606 2512 25-28).

113 2531 218 2586 isi.
257 2533 392 2590 Anc.
459 2533 742 2605 respondit
790 2552 803 2589 :
863 2533 957 2589 Dic
1007 2532 1137 2589 milti
1185 2544 1362 2590 utrum
1411 2531 1611 2604 aliquid

62 2621 222 2679 dixeris
242 2665 256 2691 ,
285 2624 428 2698 quod
453 2628 510 2681 in
537 2641 634 2682 vos
653 2626 888 2682 vicissim
915 2641 1009 2682 ore
1047 2625 1311 2698 maledico
1337 2635 1392 2681 et
1416 2635 1608 2681 contn-

63 2714 243 2771 melioso
269 2717 518 2773 similiter
537 2718 641 2774 dici
664 2734 770 2774 non
800 2719 990 2790 possit.
1014 2718 1118 2775 Sed
1149 2735 1213 2774 ex
1240 2719 1611 2790 superioribus

63 2823 150 2878 qua:
173 2825 199 2864 a
228 2827 308 2867 me
329 2812 474 2868 dicta
523 2821 676 2878 sunt,
705 2813 941 2869 inveniet
967 2813 1054 2884 qui
1085 2813 1348 2881 voluerit,
1403 2813 1519 2885 haec
1555 2813 1609 2868 in

65 2915 134 2954 vos
156 2917 249 2958 non
287 2920 380 2974 per
407 2921 546 2976 vana
575 2905 850 2982 convicia,
895 2907 989 2962 sed
1035 2922 1129 2983 per
1150 2922 1275 2962 vera
1305 2907 1610 2966 testimonia

66 3005 187 3060 posse
209 2994 326 3051 dici.
357 2995 745 3053 Verumtamen
773 2999 894 3070 quia
925 3015 990 3055 ex
1034 2999 1350 3076 occasione,
1393 3009 1614 3072 praeter-

67 3085 328 3144 mittendum
361 3107 468 3144 non
499 3099 620 3145 est:
658 3099 803 3147 certe
831 3092 1081 3162 antiquus
1112 3092 1336 3166 populus
1365 3093 1460 3148 Dei
1503 3094 1613 3148 cir-

67 3180 393 3237 cumcisionem
417 3197 518 3252 pro
541 3181 815 3254 Baptismo
841 3182 1088 3254 habebat.
1117 3183 1311 3252 Quaero
1340 3199 1470 3256 ergo
1491 3226 1508 3253 ,
1564 3185 1612 3240 si

71 3280 188 3334 quem
208 3270 449 3329 iecissent
478 3273 601 3338 isti,
630 3274 681 3328 in
707 3289 843 3346 quos
871 3283 1014 3330 tanta
1041 3273 1319 3338 dicuntur,
1354 3275 1611 3344 Pharisaei

71 3362 345 3435 proselytum
365 3407 380 3431 ,
407 3365 499 3438 qui
523 3366 567 3420 si
592 3379 685 3421 eos
710 3367 1041 3433 imitaretur,
1083 3369 1221 3421 sicut
1253 3367 1454 3423 dictum
1486 3377 1567 3423 est
1591 3409 1608 3436 ,

70 3448 431 3524 ﬁliusgehennao
453 3457 648 3512 fuisset
668 3456 835 3528 duplo
862 3473 1019 3528 quam
1052 3459 1162 3524 illi;
1196 3468 1372 3513 utrum
1410 3459 1454 3513 si
1485 3474 1610 3531 cor-

69 3542 314 3613 rigerctnr,
349 3557 404 3605 et
437 3550 600 3605 vellet
629 3550 826 3604 imitari
863 3550 1168 3607 Simeonem
1192 3594 1206 3618 ,
1247 3550 1562 3606 Zachariam
1591 3594 1608 3622 ,

69 3629 396 3695 Natbanaelem
417 3683 432 3707 ,
458 3641 654 3697 iterum
676 3641 743 3696 ab
763 3641 840 3697 eis
860 3641 1319 3710 circumcidendus
1341 3643 1612 3716 judicare-

72 3730 148 3777 tur.
187 3728 325 3797 Quod
367 3733 412 3788 si
466 3732 752 3788 ridicnlum
787 3743 868 3788 est
897 3733 1114 3800 dicere,
1167 3737 1408 3806 quamvis
1460 3752 1610 3806 more

72 3826 192 3888 atque
210 3836 297 3878 ore
333 3824 625 3894 vaniloquo
664 3817 856 3880 talibus
899 3842 999 3881 nos
1044 3828 1402 3898 comparetis,
1446 3844 1612 3900 quare

74 3919 164 3976 post
178 3928 265 3968 nos
291 3914 571 3987 baptizatis
591 3917 614 3971 ἲ
638 3917 791 3990 Quod
821 3918 866 3972 si
906 3934 1001 3973 vos
1031 3919 1162 3975 tales
1200 3920 1331 3974 estis
1355 3962 1370 3988 ,
1413 3930 1613 3996 quanto

76 4012 148 4056 nos
176 4006 334 4062 verius
358 4017 415 4063 et
451 4009 646 4063 melius
666 4019 783 4079 post
808 4025 904 4065 vos
930 4026 1037 4065 non
1077 4011 1445 4082 baptizamus;
1477 4012 1616 4067 sicut

76 4104 150 4145 nec
170 4093 236 4149 illi
257 4113 384 4168 quos
414 4099 722 4170 nominavi,
749 4110 868 4172 post
895 4101 1157 4173 pessimos
1177 4103 1474 4162 Pharisaeos
1504 4103 1613 4176 cir-

77 4188 259 4243 cumcidi
285 4191 588 4249 debebant?
632 4194 865 4260 Deinde,
916 4211 1036 4262 cum
1068 4195 1203 4257 tales
1246 4196 1486 4252 sederint
1524 4213 1614 4253 ea-

79 4274 273 4336 tltedram
323 4283 530 4356 Moysi,
584 4286 670 4341 cui
722 4286 980 4342 Dominus
1028 4287 1285 4342 honorem
1332 4289 1612 4362 servavit;

77 4381 204 4434 Quare
218 4388 306 4429 vos
325 4386 546 4449 pr0pter
571 4392 684 4442 eos,
705 4394 836 4456 quos
849 4379 963 4446 istis
975 4379 1089 4435 sive
1116 4379 1262 4448 juste
1283 4379 1394 4433 sive
1423 4379 1616 4450 injuste

81 4469 367 4533 comparatis,
386 4469 709 4526 Cathedram
737 4473 1083 4544 apostolicam
1111 4472 1529 4548 blasphematis?

131 4553 326 4629 CAPUT
385 4561 621 4618 LXXIII.
657 4595 729 4606 —
778 4565 900 4630 i65.
932 4566 1118 4622 PETIL.
1153 4565 1287 4621 dixit
1329 4584 1344 4621 :
1391 4566 1498 4622 Sed
1526 4582 1617 4640 nos

82 4644 330 4708 christianos
353 4656 449 4722 ista
479 4672 581 4711 non
614 4667 816 4712 terrent.
853 4657 1002 4725 Quod
1045 4661 1177 4714 enim
1211 4660 1328 4728 estis
1375 4661 1510 4715 male
1534 4664 1618 4732 {ac

82 4740 209 4807 duri,
248 4761 276 4798 α
319 4745 519 4803 Christo
565 4748 784 4812 Domino
818 4751 1056 4806 habemus
1109 4763 1227 4819 ante
1277 4752 1620 4820 mandatum:

91 4846 104 4877 ι
127 4828 294 4902 Mitto,»
316 4840 491 4912 inquit,
515 4860 534 4894 ‹
564 4857 648 4896 vos
665 4843 792 4910 sicut
819 4859 929 4897 oves
944 4843 996 4896 in
1015 4843 1177 4912 medio
1199 4841 1435 4915 luporum
1459 4865 1476 4897 ι
1507 4842 1556 4917 (Ι
1563 4844 1617 4900 ά.

88 4934 141 4986 ι,
168 4925 535 5002 16).Lupinam
565 4934 754 4988 rabiem
795 4952 882 4989 υιδ
919 4935 1170 5007 impletis,
1217 4936 1302 5006 qui
1339 4952 1440 4991 non
1472 4936 1622 4996 aliter

91 5009 285 5076 Ecclesiis
307 5024 514 5080 insidias
539 5027 706 5098 facitis
729 5040 814 5080 aut!
843 5027 1068 5096 paratis,
1095 5044 1250 5098 quant
1275 5027 1385 5099 lupi
1408 5028 1621 5086 ovilibus

91 5107 291 5171 inhiantes
309 5161 322 5186 ,
344 5122 560 5190 pernicie
577 5139 774 5192 semper
793 5131 943 5194 atque
966 5122 1156 5194 impetu
1178 5164 1192 5191 ,
1238 5118 1460 5194 tiu/Tectis
1498 5139 1620 5188 san-

94 5200 207 5264 guine
229 5209 438 5277 faucibus
466 5212 592 5266 iram
619 5213 940 5267 anhelantem
965 5212 1222 5284 respirant
1245 5213 1284 5266 ¹.

148 5293 246 5351 164.
273 5301 397 5359 Anc.
435 5304 710 5376 respondit
739 5323 752 5360 :
787 5304 988 5362 Vellem
1027 5305 1080 5360 in
1116 5319 1211 5369 vos
1243 5304 1426 5376 dicere
1466 5305 1626 5364 istam

99 5394 393 5465 sententiam,
443 5399 540 5456 sed
585 5398 782 5454 nollem
820 5400 936 5454 istis
967 5400 1142 5462 verbis
1173 5418 1185 5454 :
1213 5400 1371 5460 nimis
1400 5401 1576 5472 inepta
1606 5442 1622 5470 ,

99 5474 335 5551 νεὶροιίυε
380 5489 565 5548 insana
608 5496 753 5546 sunt.
808 5489 940 5554 Illud
969 5501 1148 5550 autem
1195 5507 1330 5564 opus
1373 5500 1528 5570 erat,
1568 5499 1628 5548 ut

127 5647 164 5688 τ’
182 5657 299 5729 Mitt.
317 5667 571 5733 suspirant.
594 5664 766 5720 Helius
793 5673 924 5732 uss,
948 5669 1204 5735 respirant.

1354 189 1557 248 LIBER
1593 184 1973 249 SECUNDUS.

3213 208 3318 272 310

1727 309 1890 366 certis
1919 308 2180 382 aliquibus
2233 309 2566 373 documentis
2591 359 2606 386 ,
2635 332 2743 376 non
2764 318 3067 381 vanissimis
3093 327 3320 386 maledi-

1725 401 1846 470 ctis,
1889 416 1989 458 nos
2019 403 2176 475 lupos
2213 420 2333 463 esse
2378 411 2768 480 ostenderetis,
2794 429 2893 470 vos
2941 427 3120 474 autem
3165 437 3318 481 oves.

1723 494 1857 552 Nam
1883 512 2005 552 cum
2036 508 2090 553 et
2113 514 2213 572 ego
2238 500 2425 558 dixero
2449 546 2465 571 ,
2494 503 2604 560 Nos
2625 521 2810 561 sumus
2840 525 2988 574 oves,
3019 527 3113 567 vos
3139 526 3316 571 autem

1724 586 1869 656 lupi;
1899 587 2090 645 ideone
2120 600 2276 661 putas
2299 592 2556 652 interesse
2577 598 2773 669 aliquid
2795 639 2811 667 ,
2846 602 2968 672 quia
2988 612 3039 657 tu
3071 605 3158 660 illa
3196 623 3314 664 ver-

1723 679 1806 734 nis
1834 679 2058 750 turgidis
2105 680 2278 738 dicis?
2308 683 2414 740 Sed
2443 689 2661 744 attende
2715 701 2771 744 ut
2797 707 2896 763 ego
2928 697 3143 762 probem
3175 701 3316 769 quod

1722 769 1864 826 dico.
1887 771 2090 844 Nempe
2113 774 2402 844 Dominus,
2435 779 2576 850 quod
2596 823 2612 846 ,
2639 783 2773 837 velis
2813 786 2950 843 nolis
2971 830 2984 852 ,
3025 792 3202 857 nosti,
3244 791 3319 847 ait

1722 865 1777 921 in
1816 867 2102 938 Evangelia
2133 885 2145 920 :
2177 868 2305 936 Qtue
2328 880 2446 926 sunt
2470 888 2583 928 oves
2612 890 2768 943 mete,
2799 893 2968 934 rocem
3013 898 3173 937 meam
3221 901 3316 938 au-

1722 957 1868 1011 diunt
1891 999 1905 1023 ,
1928 968 1975 1014 et
2001 970 2279 1030 sequuntur
2306 978 2384 1016 me
2411 960 2593 1034 (Joan.
2623 980 2657 1020 x
2678 1007 2692 1032 ,
2724 966 2842 1038 27).
2885 969 3057 1026 Multzc
3096 983 3220 1030 sunt
3248 974 3315 1030 de

1721 1048 1947 1104 diversis
1968 1051 2128 1107 rebus
2149 1068 2309 1108 voces
2334 1055 2540 1112 Domini
2567 1074 2581 1112 :
2611 1073 2798 1114 verum
2818 1103 2832 1128 ,
2856 1065 3085 1134 exempli
3115 1067 3308 1137 gratia,

1721 1139 1766 1195 si
1787 1140 2048 1212 quiSpiam
2075 1142 2342 1201 dubitaret
2367 1157 2545 1218 utrum
2564 1148 2616 1203 in
2641 1164 2868 1222 corpore
2891 1153 3030 1209 idem
3055 1157 3312 1215 Dominus

1719 1237 2099 1300 resnrrexcrit,
2138 1246 2190 1294 et
2211 1240 2563 1308 recitarentur.
2587 1242 2704 1313 ejus
2721 1244 2880 1300 verba
2905 1246 3150 1318 djcentis,
3179 1249 3312 1306 Pal-

1721 1337 1835 1399 pate
1853 1370 1869 1396 ,
1901 1338 1948 1382 et
1979 1330 2140 1385 videte
2159 1373 2173 1396 ,
2204 1333 2322 1402 quia
2345 1335 2556 1404 spiritus
2581 1353 2782 1408 carnem
2809 1349 2861 1408 et,
2881 1355 2995 1406 ossa
3015 1358 3115 1397 non
3141 1342 3311 1413 habet,

1717 1420 1846 1474 sicut
1870 1438 1948 1475 me
1973 1421 2146 1477 videtis
2167 1424 2386 1498 habere;
2416 1427 2457 1482 si
2488 1435 2543 1484 et
2571 1428 2654 1500 his
2673 1429 2869 1484 auditis
2891 1429 2956 1502 ad
2982 1433 3314 1492 credendum

1717 1513 2094 1585 rcsuscitatum
2147 1531 2344 1587 corpus
2391 1518 2506 1588 ejus
2552 1521 2723 1577 nollet
2770 1525 3152 1596 acquiescere,
3204 1544 3313 1586 non

1717 1603 1900 1674 utique
1950 1604 2088 1661 inter
2116 1622 2244 1664 oves
2277 1609 2489 1692 Domini
2539 1611 2914 1688 disputaretur,
2973 1619 3096 1688 quia
3124 1635 3313 1676 vocem

1717 1691 1834 1765 ejus
1863 1693 2096 1770 auditam
2130 1713 2238 1764 non
2258 1691 2580 1772 sequebatur
2615 1720 2627 1755 :
2657 1704 2736 1761 sic
2756 1714 2810 1760 et
2845 1699 3019 1774 nunc,
3057 1712 3312 1779 quoniam

1717 1784 1943 1858 quaestio
1971 1797 2053 1841 est
2080 1787 2221 1843 inter
2249 1804 2374 1854 nos,
2405 1790 2491 1845 ubi
2531 1792 2599 1846 sit
2630 1793 2865 1862 Ecclesia
2890 1837 2905 1864 ,
2938 1812 3056 1852 cum
3088 1814 3152 1854 ex
3193 1800 3311 1869 ipso

1716 1873 1988 1948 Evangelii
2019 1877 2138 1934 loco
2160 1921 2174 1944 ,
2206 1881 2291 1937 ubi
2315 1892 2432 1953 post
2455 1889 2898 1956 resurrectionem
2930 1906 3083 1944 suum
3114 1907 3311 1962 corpus

1715 1968 1875 2022 etiam
1903 1968 2222 2040 palpandum
2251 1972 2615 2045 dubitantibus
2643 1979 2867 2047 prmbuit
2887 2021 2900 2046 ,
2929 1984 3312 2052 consequentia

1715 2061 1878 2134 verba
1903 2063 2190 2142 recitantus
2219 2066 2268 2132 ³,
2303 2066 2392 2120 ubi
2422 2065 2653 2134 futuram
2685 2071 2937 2144 Ecclesia
2966 2073 3305 2138 latitudinem

1717 2151 2142 2225 demonstravit,
2186 2156 2402 2232 dicens:
2437 2158 2688 2240 Quoniam
2724 2163 2796 2228 sic
2828 2164 3070 2236 scriptum
3104 2175 3213 2233 est,
3256 2176 3308 2220 et

1716 2246 1788 2302 sic
1815 2247 2074 2319 oportebat
2103 2247 2358 2312 Christum
2388 2253 2496 2323 pati
2519 2295 2534 2324 ,
2567 2261 2613 2310 et
2642 2271 2904 2328 resurgere
2931 2259 3076 2314 tertia
3104 2259 3219 2326 die,
3263 2267 3313 2314 et

1716 2339 1984 2410 praedicari
2016 2341 2069 2394 in
2099 2341 2304 2413 nomine
2347 2359 2455 2415 ejus
2499 2344 2852 2415 pcenitentiatn.
2884 2355 2932 2402 et
2972 2348 3315 2402 remissionem

1716 2439 2034 2502 peccatorum
2056 2449 2146 2503 per
2168 2449 2340 2504 omnes
2363 2443 2553 2504 gentes,
2581 2435 2930 2506 incipientibus
2947 2435 3007 2501 ub
3026 2436 3314 2502 Jerusalem

1717 2521 1868 2594 (Luc.
1899 2538 2058 2589 xxw,
2086 2523 2160 2586 59
2182 2567 2199 2592 ,
2232 2525 2304 2582 46
2329 2567 2343 2592 ,
2379 2525 2502 2598 t7);
2531 2537 2586 2582 et
2613 2542 2708 2584 vos
2729 2529 2981 2598 omnibus
3019 2530 3266 2601 gentibus
3293 2571 3310 2598 ,

1716 2615 1810 2686 ubi
1834 2615 1949 2671 haec
1975 2616 2237 2686 completa
2291 2629 2453 2686 sunt,
2500 2622 2898 2680 communicare
2950 2639 3056 2682 non
3099 2625 3259 2680 vultis
3291 2667 3308 2692 ,

1715 2707 1986 2780 quomodo
2015 2709 2146 2765 estis
2167 2724 2294 2766 oves
2323 2711 2480 2780 hujus
2510 2713 2740 2784 pastoris
2758 2755 2772 2779 ,
2800 2715 2953 2786 cujus
2995 2716 3189 2772 auditis
3218 2731 3314 2774 vo-

1715 2801 1864 2857 cibus
1894 2817 2002 2866 non
2025 2803 2196 2862 solum
2220 2819 2329 2859 non
2347 2805 2722 2877 obsequimini,
2753 2823 2937 2866 verum
2959 2809 3118 2866 etiam
3148 2825 3307 2881 repu-

1715 2893 1927 2964 gnatis?
1953 2895 2016 2950 Et
2046 2908 2176 2960 oves
2196 2895 2412 2970 quidem
2437 2911 2531 2954 vos
2558 2912 2666 2958 non
2694 2913 2835 2966 esse,
2869 2899 2992 2956 hinc
3019 2900 3307 2958 docemus:

1715 3000 1835 3044 esse
1863 2994 2044 3058 autem
2076 2987 2260 3066 lupos,
2288 2988 2467 3046 audite
2489 2990 2630 3063 [inde
2649 2991 2958 3052 doceamus.
2986 2993 3102 3058 lam
3124 2994 3268 3050 enim
3292 3036 3308 3060 ,

1716 3079 1838 3150 quia
1853 3081 1873 3111 ³
1888 3079 1978 3138 ubi
1992 3080 2061 3136 sit
2075 3080 2332 3150 Ecclesia,
2351 3082 2526 3140 verbis
2540 3085 2592 3156 ip
2608 3084 2703 3140 ius
2719 3095 2956 3158 apparet,
2971 3086 3310 3142 manifestum

1715 3183 1800 3248 est
1818 3176 1906 3232 ubi
1937 3177 2006 3240 sit
2030 3177 2168 3232 ovile
2192 3177 2411 3240 Christi.
2442 3178 2522 3234 Ab
2547 3177 2647 3234 hoc
2672 3179 2830 3252 igitur
2850 3181 2972 3236 ovili
2997 3182 3311 3238 certissimis

1716 3267 1894 3338 verbis
1921 3267 2132 3324 Domini
2156 3266 2522 3324 demonstrato
2543 3277 2599 3324 et
2623 3285 2880 3339 expresso
2900 3312 2914 3335 ,
2936 3272 3258 3344 quicumque
3289 3312 3307 3338 ,

1716 3373 1822 3432 non
1845 3359 1963 3423 dico
1990 3375 2084 3428 per
2112 3359 2242 3416 falsa
2263 3402 2280 3428 ,
2308 3360 2401 3414 sed
2422 3361 2564 3432 quod
2593 3362 2928 3420 manifestum
2957 3371 3072 3428 est,
3107 3379 3200 3432 per
3222 3364 3310 3418 in-

1716 3459 1861 3507 certa
1884 3451 2156 3506 hominum
2177 3452 2399 3506 crimina
2421 3467 2548 3506 oves
2573 3463 2855 3524 segregant
2875 3496 2892 3522 ,
2924 3463 2977 3511 et
3003 3454 3071 3512 ab
3094 3455 3311 3512 unitatis

1716 3553 1876 3616 atque
1894 3542 2169 3604 charitatis
2185 3545 2290 3612 vita
2311 3553 2525 3616 ereptas
2544 3553 2600 3604 et
2617 3546 2876 3612 alienatas
2896 3557 3107 3610 necant,
3133 3563 3312 3606 nonne

1718 3635 1822 3709 ipsi
1877 3645 2003 3698 sunt
2055 3637 2161 3708 lupi
2205 3639 2463 3707 rapaces?
2501 3641 2572 3698 At
2605 3640 2748 3696 enim
2785 3649 2842 3696 et
2880 3641 2978 3711 ipsi
3026 3642 3311 3697 Dominum

1715 3728 1988 3791 Christum
2026 3729 2248 3790 laudant.
2284 3741 2338 3790 et
2367 3730 2677 3803 pra-dicant.
2711 3731 2774 3790 Ili
2797 3741 2922 3793 sunt
2950 3749 3077 3806 ergo
3097 3734 3163 3789 de
3191 3736 3310 3806 qui-

1716 3820 1817 3884 bus
1844 3821 1956 3890 ipse
1985 3821 2058 3876 ait
2089 3839 2102 3876 :
2131 3821 2312 3876 Induti
2335 3822 2549 3894 pellibus
2579 3823 2746 3878 ovium
2768 3864 2784 3891 ,
2835 3824 2972 3882 intus
2996 3835 3162 3880 autem
3193 3834 3313 3880 sunt

1719 3911 1829 3986 lupi
1855 3929 2083 3984 rapaces.
2098 3913 2182 3972 Ea:
2195 3915 2442 3986 fructibus
2465 3932 2636 3974 eorum
2656 3918 2963 3988 cognoscetis
2989 3934 3073 3972 eos
3099 3916 3313 3986 (Matth.

1717 4019 1825 4072 vu,
1856 4005 1923 4062 15
1942 4048 1958 4072 ,
1992 4006 2105 4078 16).
2133 4005 2299 4062 Ovina
2330 4008 2487 4076 pellis
2515 4018 2598 4064 est
2625 4010 2678 4064 in
2697 4010 2902 4078 Christi
2927 4009 3198 4079 laudibus,
3225 4010 3312 4064 Iu-

1720 4097 1876 4169 pinus
1897 4096 2098 4154 fructus
2125 4099 2177 4152 in
2200 4099 2475 4156 maledicis
2501 4099 2773 4156 dentibus.

1790 4188 2017 4250 CAPUT
2065 4189 2300 4248 LXXIV.
2325 4220 2396 4232 —
2429 4192 2554 4248 165.
2609 4192 2796 4248 Ρετιι.
2821 4193 3002 4249 dixit:
3048 4193 3094 4249 0
3140 4195 3314 4249 miseri

1721 4281 2032 4348 traditam!
2059 4280 2266 4354 impleri
2292 4282 2492 4353 quidem
2529 4283 2854 4352 Scripturam
2878 4285 2951 4338 sic
2979 4286 3145 4340 decuit
3171 4301 3190 4350 ;
3219 4285 3310 4340 sed

1719 4376 1774 4431 in
1795 4375 1929 4434 vobis
1949 4375 2043 4446 hoc
2068 4374 2213 4446 doleo
2233 4414 2251 4444 ,
2278 4374 2414 4447 quod
2439 4384 2606 4448 partes
2627 4376 2835 4445 ntalitice
2861 4392 2947 4431 vos
2971 4377 3180 4450 implere
3203 4392 3311 4430 me-

1722 4468 1913 4524 ruistis.

1796 4560 1921 4618 166.
1948 4560 2083 4620 Anc.
2113 4559 2394 4632 respondit
2423 4579 2436 4616 :
2470 4560 2689 4632 Possem
2724 4577 2824 4633 ego
2873 4562 3042 4633 magis
3084 4561 3264 4620 dicere
3291 4605 3308 4629 ,

1728 4651 1773 4708 0
1801 4652 1972 4708 utiseri
1998 4651 2306 4724 traditoresl
2332 4654 2378 4712 si
2417 4653 2547 4710 mihi
2583 4656 2854 4724 placeret,
2904 4655 3014 4710 imo
3039 4655 3084 4712 si
3107 4655 3311 4725 justitia

1724 4744 2013 4816 suaderet,
2041 4746 2290 4802 omnibus
2317 4747 2469 4804 vobis
2507 4747 2742 4818 objicere
2780 4746 3134 4818 quorumdam
3172 4747 3315 4804 facta

1726 4846 2050 4903 vestrorum.
2080 4837 2234 4906 Quod
2255 4840 2396 4913 'ergo
2415 4839 2482 4896 ad
2514 4854 2702 4896 omnes
2723 4853 2818 4894 vos
2843 4838 3104 4909 pertinet,
3141 4838 3187 4898 0
3212 4838 3316 4894 mi-

1727 4930 1837 5000 seri
1880 4929 2374 4992 hzereticitcaetera
2399 4930 2510 5000 jam
2553 4929 2712 4991 verba
2760 4939 2846 4987 tua
2890 4945 2992 5002 ego
3044 4931 3316 4997 dixerim;

1727 5025 1983 5094 scriptum
2006 5032 2088 5080 est
2115 5024 2288 5089 enim,
2325 5023 2533 5096 Oportet
2551 5033 2598 5078 et
2618 5025 2832 5084 hcereses
2856 5042 2998 5093 esse,
3029 5035 3083 5081 ut
3119 5025 3320 5096 probati

1729 5114 1986 5183 manifesti
2016 5114 2143 5185 ﬁant
2163 5115 2295 5179 inter
2334 5130 2421 5170 vos
2449 5115 2491 5181 (Ι
2514 5114 2630 5171 Cor.
2662 5131 2746 5181 ιι,
2773 5116 2886 5188 19).
2921 5135 2939 5170 ι
2967 5116 3181 5186 lmpleri
3198 5132 3320 5187 ergo

1738 5205 2061 5278 Scripturam
2086 5206 2159 5262 sic
2185 5206 2446 5276 oportuit;
2469 5208 2558 5262 sed
2581 5208 2635 5262 in
2681 5209 2818 5266 vobis
2847 5208 2943 5266 hoc
2969 5209 3116 5266 doleo
3134 5251 3150 5276 ,
3181 5207 3320 5280 quod

1744 5309 1913 5371 partes
1937 5300 2146 5356 malitia
2167 5299 2376 5370 implere
2399 5315 2484 5355 vos
2502 5301 2776 5358 meruistis.
2790 5321 2811 5356 ι

1800 5543 1818 5574 ι
1844 5548 1896 5618 In
1921 5541 2096 5618 editis,
2508 5541 2844 5618 cmseqttentia
2879 5542 3023 5593 verba
3043 5537 3324 5593 recitantis.

1734 5603 2293 5677 dispungitibus,
2317 5619 2347 5656 a
2367 5603 2724 5677 manusa'iptis.
2786 5667 2796 5677 .
2836 5665 2867 5677 Δ.

1805 5671 1825 5701 ι
1849 5669 1935 5718 Hic
1967 5668 2286 5733 restituimus,
2313 5668 2444 5736 quia,
2472 5682 2535 5720 ex
2560 5668 2911 5730 manuscriptis.
3132 5685 3200 5730 ,λ
