3796 6176
397 281 494 343 311

469 394 693 454 CAPUT
721 388 929 448 LXXV.
959 417 1027 426 —-
1054 382 1172 438 167.
1197 383 1384 436 Ρετιι..
1417 380 1549 434 dixit
1575 397 1585 431 :
1621 377 1783 432 Nobis
1813 384 1981 430 autem

404 491 650 546 Dominus
677 485 903 541 Christus
928 485 1101 532 contra
1127 483 1287 528 vestra
1317 472 1497 542 feralia
1525 469 1819 540 patientiam
1863 468 1984 520 sint-

403 584 581 653 plicent
626 573 1054 639 innocentiamque
1105 564 1379 618 mandavit.
1439 561 1574 626 Quid
1630 559 1763 613 enim
1817 557 1988 612 dicit?

407 652 426 727 ι
453 672 749 728 Mandatum
778 680 958 719 novum
983 662 1048 714 do
1072 659 1208 714 vobis
1229 699 1243 722 ,
1275 665 1328 709 ut
1347 655 1569 725 diligatis
1594 652 1825 716 invicem,
1856 665 1988 720 quo-

401 764 552 818 modo
576 759 730 814 dilexi
750 773 856 821 vos;
891 774 908 807 t
940 762 1007 818 et,
1033 772 1052 804 ι
1083 749 1150 804 1η
1174 749 1268 802 hoc
1295 746 1451 800 scient
1475 759 1645 798 omnes
1660 742 1776 812 quia
1793 740 1889 794 mei
1904 740 1988 793 di-

400 853 585 923 scipuli
602 851 738 914 estis,
757 849 799 904 si
821 846 1136 900 dilectionem
1154 836 1422 894 habueritis
1443 837 1498 889 in
1525 833 1735 888 invicem
1764 849 1783 883 ι
1806 827 1985 900 (Joan.

401 961 526 1010 XIII,
559 945 665 1010 st,
695 942 808 1012 55).

477 1035 601 1091 168.
632 1039 765 1088 Auc.
795 1025 1108 1098 respondit:
1139 1022 1248 1078 Nisi
1284 1020 1400 1074 hzec
1437 1016 1598 1074 verba
1639 1016 1796 1085 longe
1835 1028 1864 1067 a
1894 1026 1990 1066 ve-

405 1127 532 1180 stris
561 1123 798 1179 moribus
825 1119 996 1174 aliena
1042 1116 1096 1170 in
1137 1111 1400 1168 sermonis
1444 1107 1611 1164 vestri
1655 1103 1994 1177 superficiem

407 1213 800 1279 t‘ransferretis,
833 1206 1101 1281 quomodo
1128 1220 1225 1260 vos
1253 1203 1407 1259 ovina
1439 1199 1579 1270 pelle
1605 1195 1890 1267 tegeretis?

481 1305 704 1362 CAPUT
734 1299 967 1358 LXXVI.
993 1328 1065 1338 ——
1089 1296 1214 1351 169.
1244 1294 1432 1349 Pam.
1457 1289 1591 1345 dixit
1615 1305 1628 1341 :
1656 1286 1854 1340 Paulus
1873 1298 1999 1356 quo-

411 1412 507 1471 que
541 1397 799 1471 apostolus
819 1437 832 1460 ,
860 1409 973 1448 cum
999 1388 1366 1463 persecutiones
1389 1386 1659 1438 imntensas
1681 1380 1745 1434 ab
1771 1377 1999 1432 omttibus

413 1470 638 1564 gentibus
669 1496 949 1557 pateretur,
980 1500 1012 1537 a
1047 1481 1190 1553 falsis
1222 1477 1463 1550 fratribus
1492 1472 1697 1544 pertulit
1723 1470 1996 1542 graviores,

413 1559 541 1638 sicut
570 1582 632 1634 de
659 1597 712 1634 se
737 1579 843 1648 ipse
867 1584 1091 1639 testatur,
1122 1576 1404 1644 frequenter
1428 1566 1639 1637 afflictus
1663 1579 1680 1618 :
1707 1582 1726 1616 ‹
1753 1559 2002 1615 Periculis

414 1691 478 1728 ex
504 1673 750 1743 gentibus,
783 1666 1014 1739 periculis
1036 1680 1097 1718 ea:
1119 1676 1317 1733 genere,
1343 1656 1577 1728 periculis
1601 1671 1633 1707 a
1661 1652 1804 1725 falsis
1829 1649 2005 1722 fratri-

414 1769 506 1820 bus
537 1785 554 1817 ι
589 1763 653 1834 (lI
681 1762 796 1816 Cor.
821 1776 895 1824 χι,
917 1757 1030 1827 26).
1058 1755 1253 1824 Quique
1275 1753 1457 1805 iterum
1477 1747 1596 1801 dicit
1621 1762 1639 1799 :
1668 1764 1687 1798 t
1716 1743 2004 1834 Imitatores

413 1860 510 1913 mei
531 1833 711 1923 estote,
734 1855 858 1909 sicut
879 1862 924 1905 et
945 1866 1031 1922 ego
1048 1847 1236 1903 Christi
1264 1863 1281 1897 ι
1317 1843 1360 1915 (l
1384 1841 1500 1897 Cor.
1520 1856 1591 1906 tv,
1621 1837 1732 1908 16).
1760 1834 1885 1890 Cum
1908 1833 2006 1904 igi-

416 1965 501 2007 tur
539 1967 629 2005 nos
657 1948 776 2021 falsi
805 1951 984 2017 fratres
1009 1938 1307 2013 appetitis‘,
1347 1934 1501 1989 Pauli
1539 1930 1765 2003 magistri
1805 1927 2004 2000 patien-

416 2044 540 2096 tiam
569 2039 658 2094 sub
688 2037 869 2092 nostris
900 2031 1133 2105 periculis
1154 2031 1175 2061 ⁸
1205 2028 1483 2082 inritantur.

492 2133 614 2187 170.
645 2131 782 2185 Auc.
812 2124 1086 2195 respondit
1114 2139 1128 2177 ε
1158 2119 1317 2175 Certe
1357 2117 1442 2171 isti
1477 2123 1602 2171 sunt
1639 2111 1755 2167 falsi
1793 2109 2004 2174 fratres,

417 2226 485 2280 de
514 2223 708 2294 quibus
746 2219 850 2273 alio
878 2217 997 2271 loco
1031 2213 1172 2268 idem
1215 2207 1490 2280 apostolus
1530 2206 1601 2260 ita
1643 2200 2005 2294 conqueritur,

417 2289 685 2371 Timothei
715 2308 1011 2380 praedicans
1037 2315 1344 2374 germanam
1384 2295 1743 2352 sinceritatem
1777 2310 1790 2347 :
1825 2289 2008 2346 Nemi-

418 2423 569 2470 nem,
599 2402 800 2471 inquit,
827 2399 983 2452 habeo
1008 2393 1298 2449 unanimem
1318 2433 1334 2459 ,
1373 2389 1458 2460 qui
1499 2401 1734 2459 germane
1775 2383 1839 2437 de
1874 2380 2012 2435 vobis

419 2498 668 2552 sollicitus
696 2494 759 2548 sit
791 2509 810 2547 :
841 2506 1009 2545 omnes
1038 2488 1170 2542 enint
1197 2500 1292 2540 sua
1317 2489 1549 2554 quwrunt
1567 2522 1582 2548 ,
1611 2495 1711 2533 non
1748 2489 1862 2548 qute
1885 2473 2012 2528 Iesu

423 2587 612 2641 Christi
639 2582 894 2652 (Philipp.
922 2596 980 2644 ιι,
1008 2577 1099 2643 ΞΟ,
1125 2575 1243 2646 21).
1270 2573 1465 2644 Utique
1485 2570 1552 2626 de
1572 2569 1656 2624 his
1675 2564 2010 2638 loquebatur,

422 2679 515 2748 qui
547 2687 668 2731 tunc
699 2673 913 2745 quando
942 2671 1087 2725 illam
1117 2665 1386 2723 scribebat
1411 2661 1704 2733 Epistolam
1726 2701 1741 2726 ,
1773 2655 2014 2748 cumillo

423 2747 595 2825 erant.
626 2767 740 2823 Non
772 2765 912 2820 enim
953 2775 1139 2817 omnes
1180 2758 1268 2829 qui
1309 2764 1462 2811 erant
1502 2753 1822 2822 ubicumque
1857 2747 2013 2804 Chri-

424 2863 602 2927 stiani,
631 2875 724 2915 sua
751 2856 1094 2928 qurerebant,
1129 2866 1234 2906 non
1265 2864 1385 2920 qua:
1414 2847 1540 2902 .Iesu
1570 2841 1788 2899 Christi.
1833 2840 1907 2894 De
1931 2838 2015 2893 his

424 2968 590 3023 ergo,
620 2961 678 3006 ut
705 2949 848 3015 dixi,
873 2947 990 3000 haec
1015 2941 1304 3014 ingemuit,
1337 2952 1472 3008 quos
1509 2950 1574 2991 eo
1613 2943 1854 3003 tempore
1892 2943 2014 2984 cum

424 3019 527 3101 ista
560 3043 817 3098 scriberet
845 3051 1028 3093 secum
1059 3033 1307 3088 habebat.
1331 3030 1478 3097 Quos
1503 3027 1645 3082 enim
1671 3025 1803 3080 alios
1827 3019 2014 3092 tangit,

427 3153 550 3194 cum
595 3135 718 3188 alibi
765 3131 921 3196 dicit,
953 3127 1102 3182 Foris
1137 3141 1350 3197 pugnat,
1397 3123 1535 3176 intus
1564 3121 1765 3173 timores
1795 3115 1868 3189 (II
1895 3113 2010 3171 Cor.

426 3245 522 3294 vn,
560 3228 650 3299 5);
681 3224 780 3280 nisi
811 3237 904 3279 eos
933 3235 1066 3292 quos
1095 3227 1244 3274 tanto
1268 3215 1638 3272 vehementius
1658 3255 1672 3277 ,
1703 3219 1903 3282 quanto
1931 3209 2016 3264 in-

429 3320 596 3376 terius
621 3313 929 3372 metuebat?
953 3313 1008 3369 Si
1039 3325 1166 3382 ergo
1189 3309 1354 3363 velles
1381 3304 1577 3362 imitari
1602 3303 1826 3358 Paulum
1856 3301 2016 3368 intus,

429 3426 578 3468 esses
609 3409 862 3464 falsorum
897 3406 1117 3462 fratrum
1147 3401 1402 3459 tolerator
1421 3444 1434 3466 ,
1464 3415 1572 3454 non
1605 3395 1732 3453 foris
1760 3398 2018 3451 innocen-

428 3507 558 3560 tium
588 3501 957 3558 calumniator.

500 3593 725 3650 CAPUT
756 3589 1012 3647 LXXVII.
1042 3619 1105 3628 —
1132 3588 1254 3642 171.
1282 3585 1468 3641 Ρετιι..
1492 3584 1625 3639 dixit
1653 3600 1665 3635 :
1695 3579 1836 3636 Nam
1857 3579 2022 3652 qualis

435 3689 562 3759 fides
589 3689 638 3738 in
661 3683 794 3738 vobis
815 3692 907 3747 est,
935 3697 1046 3749 qua:
1070 3696 1170 3733 non
1193 3679 1338 3731 habet
1357 3677 1653 3731 charitatem
1670 3675 1696 3728 .9
1723 3672 1893 3727 Paulo
1911 3672 2024 3742 ipso

434 3780 659 3841 dicente,
705 3793 722 3827 ι
755 3773 814 3828 Si
855 3772 1040 3842 linguis
1081 3770 1339 3823 hominum
1383 3769 1590 3837 loquar,
1631 3773 1676 3819 et
1717 3762 2025 3832 Angelorunt

437 3868 700 3924 scientiam
729 3864 936 3917 habeam
955 3904 968 3927 ,
997 3861 1290 3915 charitatem
1331 3867 1497 3911 autem
1538 3873 1641 3911 non
1686 3855 1925 3920 habeam,
1953 3855 2026 3910 ita

436 3977 548 4015 sunt
578 3969 815 4026 tanquam
843 3962 1175 4010 (crumentum
1204 3951 1440 4016 tinniens,
1471 3958 1557 4003 aut
1581 3948 1868 4020 cymbalum
1899 3963 2024 4002 con-

436 4067 672 4122 crepans.
713 4049 810 4102 Aut
839 4049 883 4102 si
912 4045 1129 4100 habuero
1161 4043 1506 4114 prophetiam,
1535 4051 1584 4096 et
1612 4040 1832 4094 noverim
1855 4041 2026 4096 omnia

435 4150 753 4198 sacramenta
782 4149 826 4193 et
861 4153 1058 4192 omnem
1099 4135 1386 4196 scientiam,
1419 4142 1466 4187 et
1499 4133 1541 4186 si
1579 4131 1799 4185 habuero
1828 4147 2025 4186 omnent

436 4234 588 4302 ﬁdem
606 4274 621 4297 ,
646 4234 718 4285 ita
743 4241 796 4284 ut
821 4238 1010 4283 montes
1038 4230 1338 4297 transferant
1359 4266 1374 4290 ,
1407 4224 1703 4278 charitatem
1732 4232 1899 4276 autem
1925 4239 2027 4277 non

439 4325 670 4384 habeam,
697 4322 825 4375 nihil
847 4337 977 4374 sum.
1006 4317 1068 4371 Et
1091 4318 1132 4370 si
1153 4316 1454 4370 distribuere
1478 4331 1673 4370 omnem
1697 4313 2026 4368 substantiam

437 4431 600 4469 meam
624 4412 950 4486 pauperibus,
973 4421 1019 4465 et
1047 4410 1302 4464 tradidero
1326 4425 1507 4479 corpus
1529 4424 1690 4462 meum
1717 4417 1771 4461 ut
1797 4407 2024 4475 ardeam,

436 4507 731 4559 charitatem
763 4513 928 4558 autent
959 4518 1056 4555 non
1088 4500 1331 4568 habeant,
1360 4499 1487 4553 nihil
1512 4498 1635 4552 mihi
1661 4498 1883 4567 prodest.
1914 4516 1932 4550 t

511 4600 636 4654 172.
670 4601 801 4654 Ave.
835 4594 1113 4666 reSpmtdit
1147 4613 1159 4648 :
1192 4593 1304 4647 IIoc
1331 4601 1414 4648 est
1441 4590 1582 4661 quod
1611 4590 1768 4659 paulo
1797 4599 1920 4646 ante
1948 4589 2030 4644 di-

441 4692 516 4757 xi,
547 4691 684 4759 pelle
708 4698 758 4745 te
780 4689 935 4743 ovina
961 4685 1169 4754 contegi
1198 4683 1353 4746 velle,
1383 4682 1504 4736 utsi
1527 4681 1640 4736 ﬁeri
1666 4689 1858 4750 potest,
1883 4681 2030 4752 prius

441 4795 497 4840 te
525 4784 638 4838 ovis
667 4781 1000 4836 mordentem
1030 4776 1260 4840 sentiat,
1290 4788 1446 4843 quam
1475 4772 1779 4842 praesentiat
1805 4772 2030 4827 venien-

443 4885 574 4931 tem.
605 4873 792 4928 Nonne
819 4874 918 4927 ista
947 4880 1029 4928 est
1056 4867 1331 4924 eharitatis
1360 4847 1655 4936 lans,°qn'.e
1682 4872 1913 4920 vestram
1943 4881 2032 4920 ca-

443 4968 701 5022 lumniam
748 4964 882 5019 solet
924 4962 1248 5017 lucidissima
1291 4959 1512 5014 veritate
1555 4958 1910 5012 convincere?
1947 4961 2029 5015 An

446 5058 568 5113 ideo
596 5070 740 5110 arma
772 5055 869 5108 ista
900 5062 1080 5108 nostra
1107 5069 1210 5107 non
1238 5061 1393 5106 erunt
1415 5091 1429 5114 ,
1462 5049 1580 5118 quia
1611 5063 1705 5104 vos
1733 5063 1795 5104 ea
1827 5046 2032 5117 praeoc-

447 5161 647 5216 cupare
671 5144 975 5200 conamini?
1004 5143 1232 5197 Prorsus
1259 5143 1372 5195 haec
1391 5139 1565 5209 iacula
1592 5140 1712 5193 viva
1739 5149 1900 5194 sunt:
1929 5155 2030 5194 un-

448 5238 746 5306 decumque
771 5235 1057 5303 jactentur,
1085 5241 1446 5302 agnoscuntur
1467 5230 1487 5261 ³
1512 5244 1645 5299 quos
1667 5230 1950 5299 perimant.
1975 5229 2031 5284 Si

446 5348 477 5386 a
509 5328 662 5386 nobis
691 5326 852 5382 missa
891 5325 1112 5390 fuerint,
1147 5326 1197 5378 in
1230 5323 1379 5378 vobis
1410 5323 1685 5376 ltzct‘eltunt
1715 5339 1727 5375 :
1757 5321 1800 5375 si
1827 5336 1857 5375 a
1883 5322 2034 5378 vobis

448 5425 753 5486 mittuntur,
781 5420 832 5472 in
859 5433 955 5472 vos
981 5425 1373 5484 retorquentur.
1407 5414 1497 5468 llis
1522 5413 1664 5468 enim
1694 5427 1792 5468 nos
1821 5405 2060 5483 aposto-'

511 5558 530 5587 ι
555 5556 628 5604 sic
651 5561 754 5603 Mss.
783 5558 836 5600 At
870 5555 943 5615 Er.
972 5555 1023 5597 et
1040 5553 1169 5615 Lava,
1196 5545 1339 5615 falsos
1371 5546 1548 5615 fratres
1579 5542 1848 5607 appellatis.

513 5620 660 5688 {Duo
681 5622 807 5673 Mss,
832 5614 916 5664 sub
938 5607 1107 5661 vestris
1129 5605 1402 5668 periculis:
1426 5606 1474 5655 id
1519 5615 1594 5657 est
1611 5605 1650 5665 ,'
1672 5618 1784 5668 quae
1827 5618 1855 5656 a
1901 5605 2036 5658 vobis

458 5685 886 5792 ιιιξιιῦιιιιξὲεωΐὼυ5
906 5735 1150 5788 codicibus
1167 5766 1180 5794 ,
1221 5733 1496 5794 agnoscunt.

1232 261 1500 324 CONTRA
1544 261 1881 320 LITTERAS
1921 259 2280 327 PETILIANI,
2324 262 2382 319 S.
2425 256 2795 320 AUGUSTINI

3607 249 3742 311 ass
3780 237 3781 292 ι

2097 376 2212 432 licis
2239 375 2433 442 verbis,
2465 357 2962 431 commendantibus
2995 369 3342 428 eminentiam
3380 365 3735 432 citat-italis,

2092 467 2244 523 vobis
2269 466 2503 523 solemus
2528 465 2810 522 ostendere
2833 463 3100 536 quomodo
3125 478 3232 518 non
3254 461 3430 533 prosit
3449 457 3742 515 homini—

2094 556 2214 624 bus,
2242 556 2480 626 quamvis
2506 556 2560 611 in
2584 557 2662 612 eis
2688 560 2794 611 sint
2817 556 2901 611 vel
2923 555 3267 611 Sacramenta
3297 552 3386 608 vel
3414 551 3594 616 fides,
3629 547 3744 604 ubi

2095 645 2325 702 charitas
2355 661 2462 701 non
2487 656 2601 712 est;
2629 656 2687 702 ut
2709 661 2830 702 cum
2859 645 2927 701 ad
2957 645 3212 700 unitatem
3241 642 3584 700 catholicam
3619 655 3744 694 ve-

2097 737 2255 804 nitis;
2296 736 2600 808 intelligatis
2629 738 2755 808 quid
2781 737 2934 793 vobis
2960 735 3297 802 conferatur,
3339 744 3396 791 et
3431 741 3742 806 quantum

2097 833 2169 885 sit
2201 829 2342 900 quod
2383 830 2559 886 minus
2600 830 2876 886 habebatis
2906 849 2920 885 :
2948 829 3181 885 charitas
3213 828 3357 884 enim
3399 825 3744 882 christiana

2099 919 2203 975 nisi
2246 920 2300 974 in
2345 920 2547 976 unitate
2575 919 2830 976 Ecclesia:
2858 934 2964 974 non
2995 926 3173 989 potest
3198 916 3458 974 custodiri
3488 933 3502 970 :
3534 923 3746 983 atque

2099 1012 2172 1066 ita
2201 1011 2428 1068 videatis
2465 1013 2580 1069 sine
2615 1013 2703 1068 illa
2743 1013 2873 1069 nihil
2909 1028 3006 1069 vos
3030 1028 3183 1078 esse,
3213 1011 3316 1069 etsi
3358 1011 3743 1081 Baptismum

2101 1112 2156 1159 et
2184 1103 2343 1161 ﬁdem
2371 1106 2626 1172 teneatis,
2655 1115 2712 1163 et
2738 1121 2835 1177 per
2873 1106 3022 1162 illam
3057 1106 3219 1162 etiam
3263 1114 3478 1160 montes
3515 1111 3744 1157 trans-

2102 1194 2245 1250 ferre
2270 1196 2506 1266 possitis.
2528 1195 2681 1264 Quod
2701 1197 2748 1252 si
2769 1197 2884 1253 baac
2902 1207 2958 1253 et
2979 1203 3154 1253 vestra
3174 1195 3436 1252 sententia
3457 1202 3576 1260 est,
3608 1207 3746 1248 non

2103 1285 2158 1340 in
2197 1285 2348 1342 vobis
2374 1288 2391 1319 ί
2421 1287 2750 1344 detestemur
2786 1297 2844 1344 et
2885 1287 3230 1363 exsumemus
3268 1286 3350 1342 vel
3379 1285 3483 1342 Dei
3510 1284 3749 1340 Sacra-

2105 1388 2285 1436 menta
2309 1397 2426 1452 qua:
2453 1382 2700 1438 novimus
2719 1423 2736 1448 ,
2760 1381 2845 1438 vel
2871 1382 3040 1453 ipsam
3073 1378 3267 1446 fidem;
3294 1377 3392 1435 sed
3417 1387 3745 1434 teneamus

2107 1471 2420 1531 charitatem
2440 1516 2454 1540 ,
2485 1475 2600 1531 sine
2625 1490 2728 1546 qua
2753 1483 2809 1530 et
2831 1489 2950 1530 cum
2975 1472 3336 1530 Saeramentis
3361 1480 3576 1527 etcum
3611 1469 3746 1524 ﬁde

2108 1566 2238 1621 nihil
2266 1583 2467 1623 sumus.
2497 1568 2762 1625 Tenemus
2786 1576 2965 1623 autem
2985 1566 3321 1634 charitatem,
3349 1566 3394 1621 si
3415 1564 3742 1638 amplecti-

2107 1675 2231 1714 mur
2255 1659 2508 1716 unitatem
2539 1680 2550 1715 :
2580 1660 2949 1732 amplectimur
2975 1669 3152 1716 autem
3182 1659 3438 1714 unitatem
3458 1699 3477 1722 ,
3508 1657 3557 1712 si
3592 1670 3742 1711 eam

2109 1767 2216 1807 non
2246 1767 2340 1822 per
2368 1751 2529 1808 verba
2569 1760 2752 1808 nostra
2791 1751 2842 1806 in
2877 1759 3027 1823 parte
3055 1749 3446 1822 contingimus,
3478 1745 3584 1805 sed
3623 1762 3741 1819 per

2113 1843 2273 1899 verba
2298 1842 2494 1899 Christi
2524 1845 2576 1899 in
2605 1844 2807 1899 unitate
2834 1843 3224 1913 cognoscimus.

2182 1934 2409 1992 CAPUT
2439 1935 2718 1992 LXXVIII.
2745 1965 2816 1976 --
2840 1935 2962 1990 175.
2987 1933 3174 1990 Perit.
3197 1933 3330 1988 dixit
3353 1951 3367 1988 :
3390 1930 3462 1987 Et
3486 1932 3698 1987 iter-stat
3717 1972 3736 1996 ,

2119 2046 2138 2081 ί
2168 2025 2402 2083 Charitas
2427 2028 2559 2083 enim
2583 2027 2908 2099 magnanima
2929 2034 3000 2081 est
3024 2033 3071 2079 et
3091 2025 3338 2096 benigna;
3357 2023 3594 2079 charitas
3615 2039 3741 2078 seats

2113 2122 2401 2188 azmulatur,
2431 2139 2533 2177 non
2558 2122 2662 2194 agit
2689 2136 2973 2192 perperam,
2999 2137 3101 2175 non
3122 2120 3351 2190 inﬂatur,
3374 2134 3478 2173 non
3503 2127 3582 2174 est
3605 2134 3738 2173 astt-

2115 2215 2312 2280 bitiosa,
2341 2231 2442 2269 non
2470 2215 2648 2286 quaerit
2674 2229 2787 2284 qua:
2809 2230 2902 2269 sua
2929 2222 3068 2268 sunt.
3105 2233 3124 2266 ι
3169 2212 3266 2268 Vos
3290 2221 3457 2267 autem
3482 2212 3737 2284 quer-itis

2114 2307 2301 2362 aliena.
2335 2325 2354 2359 ς
2388 2305 2510 2361 Νοιι
2536 2306 2784 2373 irritatur,
2812 2319 2912 2361 non
2938 2305 3123 2375 cogitat
3146 2305 3360 2372 malum,
3387 2321 3493 2360 non
3524 2305 3736 2377 gaudet

2115 2413 2268 2468 super
2295 2398 2556 2468 iniquitate
2576 2440 2588 2463 ,
2620 2398 2902 2469 congaudet
2943 2406 3111 2451 autem
3154 2396 3353 2451 veritati
3383 2413 3401 2450 :
3429 2397 3613 2450 omnia
3647 2406 3738 2450 to-

2118 2490 2261 2556 lerat,
2287 2489 2458 2544 omnia
2477 2490 2684 2544 sustinet
2705 2505 2725 2544 :
2744 2488 2968 2543 charitas
2987 2504 3243 2560 nunquam
3264 2486 3457 2542 excidet
3475 2506 3496 2538 ι
3527 2485 3574 2558 (l
3594 2484 3731 2541 Cor.

2116 2595 2247 2646 χιιι,
2279 2579 2424 2654 1-8).
2458 2578 2572 2634 Hoc
2614 2590 2687 2635 est
2730 2579 2941 2634 breviter
2981 2579 3148 2634 dicere
3179 2595 3198 2634 :
3235 2577 3358 2633 Non
3395 2576 3737 2650 persequitur

2118 2673 2360 2741 charitas,
2393 2691 2493 2728 non
2521 2673 2788 2729 adversum
2814 2685 3022 2729 ca'teras
3047 2674 3245 2727 anintas
3271 2672 3610 2744 imperatores
3637 2672 3735 2725 in-

2118 2765 2382 2834 ﬂammat,
2414 2781 2517 2820 non
2553 2765 2722 2821 aliena
2758 2765 2967 2836 diripit,
3008 2780 3111 2820 non
3148 2764 3300 2820 etiam
3329 2763 3566 2820 homines
3591 2779 3731 2835 quos

2119 2855 2350 2926 spoliat-it
2378 2856 2578 2911 occidit.

2194 2950 2317 3005 174.
2357 2951 2494 3008 Auc.
2527 2950 2850 3021 respondit:
2881 2949 3102 3020 Quoties
3142 2949 3237 3006 tibi
3281 2949 3525 3006 dicturus
3571 2963 3725 3016 sum,

2122 3041 2238 3097 haec
2267 3041 2312 3097 si
2338 3057 2442 3097 non
2471 3042 2726 3112 probatis,
2755 3042 2821 3098 ad
2846 3043 3110 3098 neminem
3135 3042 3399 3113 pertinent
3424 3058 3438 3096 :
3464 3040 3727 3096 siautem

2123 3131 2381 3203 probatis,
2404 3132 2470 3187 ad
2497 3147 2595 3189 nos
2621 3148 2727 3189 non
2757 3134 3055 3204 pertinent;
3085 3133 3223 3187 sicut
3244 3147 3343 3187 nec
3367 3130 3432 3186 ad
3453 3145 3576 3197 vos,
3599 3144 3728 3202 qua:

2121 3223 2285 3277 vestri
2326 3223 2566 3294 quotidie
2608 3227 2946 3279 committunt
2984 3239 3082 3294 per
3124 3224 3325 3280 scelera
3364 3222 3725 3288 furiosorum,

2124 3330 2222 3386 per
2248 3315 2483 3371 luxurias
2511 3317 2902 3372 vinolentorum
2923 3358 2939 3384 ,
2969 3331 3064 3386 per
3091 3316 3383 3370 cmcitatem
3416 3315 3726 3386 praecipita-

2125 3416 2335 3473 torum,
2369 3424 2463 3478 per
2503 3408 2837 3480 tyrannidem
2882 3417 3174 3477 raptorum.
3217 3407 3346 3476 Quis
3385 3423 3489 3461 non
3539 3407 3727 3462 videat

2125 3514 2310 3554 verum
2337 3514 2455 3554 esse
2484 3499 2623 3570 quod
2653 3497 2863 3554 clamo?
2892 3498 2995 3554 Sed
3024 3514 3163 3554 nunc
3187 3498 3234 3553 si
3259 3506 3402 3552 esset
3427 3497 3480 3551 in
3507 3506 3562 3552 te
3585 3497 3722 3553 cha-

2126 3591 2275 3657 ritas,
2305 3591 2665 3662 congauderet
2692 3591 2922 3648 veritati.
2954 3591 3123 3657 Quam
3154 3590 3296 3645 enim
3323 3589 3602 3660 eleganter
3620 3588 3724 3644 sub

2127 3684 2266 3754 pelle
2293 3685 2447 3739 ovina
2474 3684 2688 3751 dicitur,
2720 3683 2953 3739 Charitas
2978 3687 3149 3738 omnia
3177 3684 3377 3751 tolerat,
3398 3685 3574 3738 omnia
3601 3700 3732 3739 sus-.

2130 3779 2251 3832 tinet
2279 3778 2300 3832 Ι
2328 3777 2415 3833 ubi
2469 3787 2646 3833 autem
2682 3784 2899 3832 ventum
2947 3776 3105 3831 fuerit
3146 3775 3212 3830 ad
3249 3789 3506 3842 examen,
3548 3773 3720 3846 lupini

2129 3869 2318 3926 dentes
2356 3869 2556 3939 operiri
2599 3883 2704 3924 non
2749 3876 2992 3940 possunt.
3037 3868 3168 3923 Cum
3198 3867 3340 3922 enim
3369 3867 3609 3923 charitas
3644 3876 3717 3932 te.

2129 3970 2348 4032 propter
2374 3959 2427 4016 id
2451 3960 2594 4032 quod
2621 3959 2820 4016 dictum
2846 3968 2948 4025 est,
2983 3958 3297 4015 Sustinentes
3321 3958 3535 4013 invicem
3556 3959 3614 4014 in
3637 3959 3720 4014 di-

2130 4053 2340 4108 lectione
2359 4094 2373 4118 ,
2406 4051 2658 4107 studentes
2693 4067 2890 4106 servare
2925 4051 3170 4104 unitatem
3201 4049 3411 4120 spiritus
3439 4050 3494 4104 in
3522 4050 3720 4105 rincula

2132 4144 2271 4215 pacis
2294 4142 2508 4214 (Ep/tes.
2531 4158 2605 4208 tv,
2630 4141 2687 4208 2,
2711 4141 2791 4213 5),
2820 4142 3029 4198 etiamsi
3053 4156 3153 4212 qua
3179 4140 3316 4195 mala
3343 4140 3487 4197 intus
3511 4155 3716 4206 nosses,

2132 4245 2378 4308 cogeret,
2409 4250 2516 4291 non
2546 4235 2626 4291 eis
2653 4233 2867 4306 quidem
2893 4233 3230 4299 consentire,
3260 4231 3355 4288 sed
3386 4243 3567 4289 tamen
3591 4249 3652 4289 ea
3675 4232 3717 4288 si

2131 4326 2421 4400 prohibere
2468 4342 2574 4382 non
2615 4334 2848 4398 poteras,
2869 4325 3166 4391 sustinere,
3210 4339 3278 4380 ne
3305 4333 3530 4396 propter
3556 4325 3718 4381 malos

2132 4419 2433 4476 ventilabro
2461 4419 2648 4474 ultimo
2671 4417 3017 4489 separandos,
3041 4431 3183 4471 nunc
3208 4431 3237 4470 a
3263 4415 3529 4471 bonorum
3555 4415 3720 4473 socie-

2134 4521 2242 4568 tate
2269 4512 2415 4582 pacis
2437 4510 2703 4566 vinculum
2725 4510 3072 4579 abrumperes
3095 4524 3109 4574 ;
3141 4507 3286 4563 foras
3309 4517 3472 4564 vento
3492 4508 3717 4564 levitatis

2133 4619 2420 4672 excussus,
2451 4603 2618 4674 palea:
2647 4603 2848 4659 crimen
2879 4602 3066 4674 objicis
3096 4602 3308 4669 tritico,
3339 4609 3394 4658 et
3420 4617 3542 4674 qua:
3571 4603 3718 4676 fingis

2135 4695 2202 4751 de
2229 4695 2402 4760 malis,
2431 4709 2526 4765 per
2545 4695 2913 4764 contagionem
2933 4693 3111 4749 valere
3138 4703 3192 4749 et
3215 4693 3269 4748 in
3290 4693 3445 4750 bonis
3463 4694 3713 4751 allii-mas.

2136 4785 2207 4840 Ει
2230 4801 2350 4841 cum
2380 4785 2634 4840 Dominus
2661 4784 2873 4850 dixerit,
2906 4784 3038 4854 Ager
3066 4793 3138 4838 est
3169 4783 3252 4837 hic
3279 4785 3522 4852 mundus,
3551 4788 3714 4841 messis

2137 4885 2302 4930 autem
2332 4884 2404 4930 est
2441 4875 2560 4945 ﬁnis
2597 4875 2808 4939 steculi;
2845 4889 2964 4929 cum
3003 4871 3071 4929 de
3109 4873 3389 4929 frumentis
3424 4885 3481 4930 et
3509 4877 3715 4931 zizaniis

2137 4969 2394 5036 dixisset,
2452 4967 2620 5023 Sinite
2669 4977 2879 5038 utraque
2924 4982 3146 5022 crescere
3192 4983 3349 5038 usque
3399 4967 3469 5021 ad
3521 4984 3716 5024 messem

2140 5061 2351 5132 (Matth.
2381 5075 2470 5114 χιιι
2493 5101 2506 5125 ,
2538 5059 2607 5116 58
2627 5099 2641 5125 ,
2670 5060 2769 5123 39,
2799 5059 2890 5129 50)
2925 5076 2937 5112 :
2969 5068 3024 5112 tu
3051 5059 3262 5113 laboras
3299 5058 3478 5114 verbis
3503 5060 3638 5127 tuis,
3665 5069 3717 5116 ut

2139 5154 2401 5208 frumenta
2433 5151 2544 5222 jam
2585 5165 2680 5220 per
2711 5156 2876 5206 totum
2907 5165 3092 5220 agrum
3127 5149 3424 5219 defecisse,
3453 5160 3509 5207 et
3539 5151 3602 5208 ad
3631 5169 3714 5207 ex.

2140 5245 2316 5316 iguam
2367 5242 2678 5312 particulam
2743 5250 2972 5297 vestram
3038 5245 3363 5298 remansisse
3415 5245 3712 5305 credantur;

2139 5337 2264 5392 dum
2293 5335 2372 5390 vis
2402 5342 2459 5388 ut
2489 5333 2745 5390 habeatur
2767 5333 3018 5404 Christus
3041 5334 3270 5391 mendax
3292 5378 3306 5401 ,
3342 5345 3396 5391 tu
3429 5347 3605 5393 autem
3633 5353 3714 5393 ve-

2140 5445 2255 5483 rax.
2288 5427 2354 5482 Et
2381 5426 2616 5497 loqueris
2643 5426 2857 5498 quidem
2897 5437 3084 5483 contra
3123 5428 3510 5484 conscientiam
3549 5438 3710 5486 tuam:

2140 5534 2316 5589 neque
2334 5519 2475 5575 enim
2489 5533 2618 5573 vere
2633 5522 2911 5589 quisquam
2932 5535 3145 5589 quoquo
3162 5519 3321 5575 modo
3338 5520 3554 5578 intuens
3569 5521 3700 5577 Evan

2141 5612 2335 5684 gelium
2357 5650 2371 5674 ,
2399 5609 2558 5664 audet
2583 5609 2636 5664 in
2662 5609 2842 5664 animo
2867 5623 2964 5664 suo
2993 5610 3173 5667 dicere
3190 5652 3204 5678 ,
3235 5627 3331 5682 per
3360 5621 3440 5668 tot
3466 5624 3646 5688 gentes
3666 5613 3710 5674 in

2217 5727 2234 5761 ι
2262 5731 2482 5778 Erasmus
2504 5731 2554 5779 et
2575 5724 2945 5790 CyBirsnnensts
2968 5733 3068 5791 ιιι,
3096 5738 3191 5781 non
3210 5727 3261 5794 in
3283 5727 3438 5784 nobis.
