3796 6152
33 268 142 335 sli!

36 393 234 463 quibus
264 407 412 464 pene
439 405 547 451 una
577 405 710 448 voce
737 389 1086 462 respondetur
1111 387 1304 454 Amen,
1335 395 1389 442 et
1411 391 1655 441 cantatur

35 483 301 553 Alleluia,
326 500 438 540 non
463 498 589 542 esse
618 481 969 539 Christianos.
1003 479 1071 535 Et
1100 488 1279 534 tamen
1307 492 1375 532 ne
1404 491 1530 548 pars
1552 475 1656 530 Do-

36 576 166 642 nati,
198 592 336 646 qua:
362 576 485 632 orbi
515 583 780 632 terrarum
807 588 913 628 non
944 570 1336 636 communicat,
1366 582 1548 624 errare
1571 565 1653 620 vi-

37 668 256 734 deatur,
282 668 334 723 si
357 668 480 738 quis
506 665 601 722 tibi
625 665 845 736 angelus
869 663 936 720 de
956 663 1118 732 creto,
1141 662 1232 734 qui
1259 669 1441 733 posset
1461 659 1655 715 intueri

37 760 364 815 universum
395 759 620 824 orbem,
664 757 871 813 diceret
911 766 1062 811 extra
1104 752 1532 810 communionem
1558 765 1653 806 ve—

37 861 208 906 stram
235 864 514 922 nusquam
541 863 664 905 esse
687 847 1000 904 innocentes
1027 855 1081 902 et
1108 845 1308 910 bonos,
1343 841 1528 914 procul
1552 841 1654 897 du—

37 941 126 997 bio
149 943 438 1013 gauderes
462 955 625 1012 super
647 939 925 1011 iniquitate
948 938 1161 1012 generis
1186 936 1424 1002 humani,
1452 943 1507 990 et
1529 947 1652 990 vera

39 1043 92 1090 te
109 1033 330 1090 dixisse
349 1043 635 1104 antequam
655 1045 1010 1104 cognosceres
1027 1029 1354 1102 gloriareris.
1375 1025 1655 1096 Quomodo

40 1134 120 1181 est
143 1141 288 1195 ergo
317 1126 378 1181 in
404 1134 458 1181 te
481 1123 714 1180 charitas
731 1165 748 1192 ,
779 1138 900 1195 qua:
928 1139 1031 1177 non
1069 1121 1256 1194 gaudet
1287 1137 1440 1190 super
1463 1118 1652 1188 iniqui-

43 1219 182 1272 tate?
207 1216 325 1274 Sed
355 1216 470 1273 noli
495 1215 605 1271 falli
629 1234 642 1270 :
671 1223 796 1272 sunt
822 1230 918 1286 per
943 1229 1151 1286 agrum,
1179 1213 1231 1268 id
1253 1222 1356 1279 est,
1384 1226 1482 1282 per
1500 1226 1654 1266 mun-

42 1307 165 1362 dum
195 1322 383 1378 usque
408 1306 477 1363 ad
503 1305 660 1363 linem
688 1305 873 1362 saeculi
915 1305 1212 1361 crescentia
1251 1303 1515 1359 frumenta
1551 1301 1652 1358 do-

45 1399 270 1454 minica.
304 1397 556 1454 Christus
591 1397 696 1454 hoc
731 1396 908 1464 dixit,
938 1395 1182 1452 Christus
1205 1403 1291 1451 est
1312 1394 1530 1451 veritas.
1571 1393 1654 1449 Sit

44 1491 94 1546 in
129 1501 182 1546 te
220 1490 506 1558 charitas,
529 1499 585 1546 et
620 1489 950 1561 congaudeat
989 1488 1221 1544 veritati.
1255 1487 1451 1543 Contra
1477 1487 1653 1542 Evan-

45 1583 248 1654 gclium
277 1583 385 1639 etsi
414 1581 634 1652 angelus
659 1581 729 1637 de
759 1580 898 1638 caelo
926 1579 1400 1652 evangelizaverit,
1429 1578 1652 1634 anathe-

45 1690 127 1730 ma
156 1675 235 1730 sit
265 1673 473 1744 (Galat.
499 1689 546 1740 ι,
574 1672 657 1745 8).

111 1766 357 1824 CAPUT
387 1765 628 1825 LXXIX.
666 1796 740 1808 —
783 1759 909 1822 175.
942 1764 1130 1821 Ρετιι..
1156 1764 1290 1820 dixit
1318 1781 1329 1817 :
1360 1762 1650 1826 Postremo,

45 1876 156 1931 quia
183 1869 262 1916 est
293 1860 436 1914 ratio
465 1858 837 1932 persequendi?
869 1857 969 1913 Vos
987 1899 1004 1924 ,
1034 1857 1236 1922 miseri,
1265 1856 1557 1926 interrogo;
1609 1853 1653 1906 si

48 1952 240 2023 putatis
264 1952 492 2025 forsitan
518 1967 606 2007 vos
630 1951 804 2021 aliqua
833 1949 958 2020 legis
986 1952 1288 2004 auctoritate
1315 1963 1543 2019 peccare.

115 2045 248 2101 176.
282 2047 425 2100 huc.
453 2041 728 2116 respondit
755 2061 771 2098 :
797 2041 897 2109 Qui
919 2047 1138 2112 peccat,
1167 2054 1272 2095 non
1300 2046 1486 2110 peccat
1523 2036 1654 2108 legis

51 2138 396 2204 auctoritate,
428 2135 523 2193 sed
552 2144 736 2192 contra
764 2133 897 2206 legis
925 2132 1318 2189 auctoritatem.
1359 2130 1494 2200 Quia
1523 2144 1654 2186 vero

52 2233 379 2302 interrogas,
407 2245 528 2301 qua:
552 2229 623 2284 sit
648 2227 784 2284 ratio
811 2223 1200 2298 persequendi;
1230 2224 1462 2279 vicissim
1491 2231 1542 2278 te
1572 2223 1654 2277 in-

53 2333 290 2394 terrogo,
315 2323 472 2392 cujus
495 2319 568 2375 sit
590 2334 692 2376 vox
713 2319 768 2374 in
787 2317 1001 2375 Psalmo
1023 2316 1268 2383 dicentis,
1293 2315 1654 2372 Detrahentem

52 2424 239 2469 secreto
285 2412 525 2485 proximo
569 2427 692 2479 suo,
731 2411 869 2464 hunc
913 2408 1240 2480 persequebar
1283 2408 1451 2480 (Psal.
1482 2423 1545 2472 c,
1571 2407 1650 2478 5).

55 2508 242 2576 Quare
271 2507 458 2577 itaque
487 2503 875 2576 persecutionis
914 2502 1001 2558 vel
1035 2516 1252 2558 causam
1292 2501 1379 2556 vel
1411 2500 1651 2569 modum,

56 2610 105 2655 et
125 2600 240 2656 noli
267 2609 417 2656 tanta
444 2598 711 2668 imperitia
743 2596 1066 2670 generaliter
1103 2595 1366 2653 malorum
1398 2609 1652 2667 persecu-

58 2702 194 2750 tores
221 2690 643 2763 reprehendere.

121 2784 357 2842 CAPUT
391 2781 610 2841 LXXX.
645 2813 717 2824 —
758 2777 884 2838 177.
911 2782 1100 2838 Ρετιι..
1130 2779 1264 2836 dixit
1291 2798 1304 2836 :
1337 2779 1448 2852 Ego
1484 2796 1598 2835 vero
1627 2797 1654 2835 e

58 2889 229 2933 contra
271 2877 555 2949 respondeo
573 2918 590 2942 ,
627 2873 808 2930 Iesum
835 2873 1091 2930 Christum
1131 2873 1378 2927 neminem
1415 2887 1652 2943 persecu-

62 2979 157 3024 tum
177 2987 199 3025 :
221 2979 271 3024 et
295 2985 412 3024 cum
435 2965 622 3040 aliqua
644 2977 792 3022 sectis
810 2965 1068 3036 Apostolis
1093 2964 1254 3020 eidem
1278 2963 1654 3034 suggerentibus

59 3062 380 3132 displicerent
409 3061 508 3131 (ita
535 3059 670 3113 enim
697 3058 851 3128 ﬁdem
879 3065 1078 3112 uenerat
1117 3061 1284 3129 facere
1302 3097 1318 3124 ,
1355 3064 1408 3110 ut
1435 3072 1537 3110 non
1563 3073 1652 3112 co-

65 3165 189 3227 geret
210 3154 464 3220 homines,
489 3153 580 3209 sed
601 3153 766 3223 potius
787 3149 1043 3221 invitaret)
1062 3192 1079 3218 ,
1104 3149 1276 3204 dicunt
1302 3149 1380 3204 illi
1400 3148 1651 3220 Apostoli,

72 3266 89 3299 ι
113 3245 270 3303 Multi
297 3247 353 3301 in
381 3245 585 3301 nomine
627 3253 713 3298 tuo
756 3259 937 3297 manus
977 3242 1277 3312 imponunt,
1310 3250 1358 3296 et
1395 3239 1655 3295 nobiscum

69 3357 158 3395 non
182 3350 325 3397 sunt.
355 3359 376 3393 ι
407 3337 552 3394 Dixit
573 3336 609 3391 J
612 3353 726 3393 esus
748 3353 766 3390 :
793 3354 813 3389 ι
840 3333 1090 3391 Dimittite
1113 3333 1267 3399 illos;
1296 3335 1342 3388 si
1367 3342 1541 3388 contra
1566 3349 1654 3388 vos

68 3447 159 3486 non
184 3441 306 3486 sunt
326 3471 343 3496 ,
375 3446 469 3502 pro
497 3428 635 3484 vobis
658 3435 796 3483 sunt.
828 3446 848 3479 ι

132 3523 258 3580 178.
291 3523 430 3580 Anu.
462 3519 738 3592 respondit
765 3538 778 3574 :
807 3519 1005 3576 Verum
1042 3513 1211 3587 dicis,
1241 3519 1409 3575 multo
1439 3519 1656 3575 uberius

71 3625 118 3673 te
143 3618 478 3689 prolaturum
501 3614 570 3671 de
595 3624 687 3670 tuo
711 3628 830 3685 quae
853 3612 907 3668 in
928 3612 1218 3684 Scripturis
1243 3627 1349 3668 non
1375 3612 1657 3668 inveniun-

73 3722 165 3767 tur.
195 3711 254 3768 Si
277 3711 425 3768 enim
449 3710 518 3766 de
535 3707 823 3779 Scripturis
842 3708 1038 3764 sanctis
1057 3707 1189 3763 velis
1210 3705 1511 3762 testimonia
1532 3720 1657 3776 pro-

73 3800 224 3870 ferre,
245 3800 507 3873 numquid
527 3815 590 3858 ea
611 3815 729 3872 qua:
749 3814 855 3856 non
881 3799 1149 3854 inveneris
1169 3797 1444 3869 proferes?
1465 3795 1656 3854 Vestra

76 3903 239 3952 autem
263 3892 545 3952 mendacia
575 3907 732 3963 quam
758 3889 923 3947 multa
950 3890 1079 3958 sint,
1109 3889 1160 3945 in
1188 3897 1365 3945 vestra
1395 3894 1656 3960 potestate

75 3994 162 4041 est.
188 3985 290 4043 Ubi
318 3983 464 4041 enim
495 3983 752 4053 scriptum
782 3989 865 4038 est
887 3979 1031 4052 quod
1061 3980 1302 4052 posuisti,
1331 3980 1416 4036 vel
1443 3979 1656 4051 quando

77 4086 153 4132 aut
177 4076 408 4132 Domino
437 4073 565 4130 illud
589 4080 894 4144 suggestum
919 4081 1030 4139 est,
1070 4081 1164 4127 aut
1195 4087 1227 4128 a
1263 4071 1488 4127 Domino
1526 4071 1655 4127 illud

75 4180 382 4239 responsum
419 4166 538 4222 est?
563 4164 720 4220 Multi
742 4165 796 4219 in
821 4166 1020 4219 nomine
1048 4173 1134 4220 tuo
1157 4180 1338 4219 manus
1365 4165 1650 4234 imponunt,

77 4269 115 4313 et
140 4261 398 4316 nobiscum
439 4275 541 4314 non
569 4266 714 4336 sunt,
748 4272 1018 4328 nunquam
1064 4256 1202 4311 Filio
1243 4254 1338 4311 Dei
1375 4256 1655 4326 quisquam

79 4352 450 4426 discipulorum
487 4350 623 4407 dixit
654 4369 667 4406 :
695 4349 838 4406 unde
866 4365 966 4406 nec
994 4347 1126 4405 illud
1155 4348 1222 4404 ab
1249 4363 1315 4404 eo
1343 4347 1656 4418 responderi

80 4446 253 4513 potuit,
283 4443 538 4499 Dimittite
560 4443 715 4509 illos;
741 4443 787 4497 si
809 4451 985 4496 contra
1010 4457 1095 4495 vos
1120 4457 1222 4494 non
1244 4449 1381 4507 sunt,
1411 4456 1502 4510 pro
1523 4441 1656 4494 vobis

80 4548 198 4592 sunt.
228 4536 335 4593 Sed
360 4544 444 4592 est
471 4533 722 4605 quiddam
749 4532 954 4600 simile,
979 4530 1123 4603 quod
1163 4544 1349 4586 revera
1392 4530 1444 4584 in
1481 4529 1656 4585 Evan-

82 4627 202 4696 gelio
223 4627 454 4699 legimus
477 4625 544 4681 de
564 4623 793 4696 quodam
820 4632 1124 4694 suggestum
1151 4635 1270 4677 esse
1295 4619 1540 4687 Domino,
1567 4621 1654 4691 qui

84 4719 326 4777 dtemonia
356 4722 410 4776 in
438 4720 556 4790 ejus
581 4720 798 4774 nomine
823 4717 1099 4787 cjiciebat,
1128 4723 1184 4771 et
1224 4731 1345 4770 cum
1386 4713 1657 4785 discipulis

85 4830 191 4870 eum
229 4830 336 4871 non
366 4811 717 4884 sequebatur,
748 4811 837 4866 ubi
862 4810 1120 4867 Dominus
1144 4809 1248 4876 ait,
1278 4807 1454 4863 Nolite
1481 4808 1656 4878 prohi-

86 4905 182 4961 bere
209 4924 228 4960 :
255 4907 341 4977 qui
379 4913 556 4960 contra
589 4920 675 4959 uos
704 4919 806 4957 non
835 4911 943 4966 est,
985 4917 1078 4970 pro
1113 4899 1251 4954 vobis
1288 4908 1362 4954 est
1393 4897 1543 4972 (Luc.
1576 4914 1654 4962 ιχ,

87 4997 164 5062 l9,
189 4998 300 5066 50).
327 4997 443 5052 Hoc
467 5005 644 5051 autem
674 4995 741 5050 ad
772 5002 949 5050 sectas
974 4991 1438 5060 demonstrandas,
1467 4991 1658 5062 quibus

89 5090 370 5158 pepercisse
403 5088 658 5143 Dominus
702 5086 945 5142 videatur
989 5085 1208 5140 omnino
1255 5099 1360 5140 non
1404 5083 1655 5154 pertinet.

91 5178 181 5234 Sed
207 5181 248 5235 si
277 5191 326 5237 te
354 5179 610 5235 nonnulla
651 5177 840 5234 fefellit
879 5175 1171 5233 similitudo
1211 5175 1519 5240 sententia),
1551 5190 1656 5229 non

91 5283 160 5324 est
184 5272 533 5335 mendacium,
563 5285 712 5326 error
743 5269 1005 5324 humanus
1035 5276 1134 5324 est.
1165 5265 1220 5323 Si
1245 5276 1417 5321 autem
1444 5266 1658 5335 imperi-

92 5361 150 5413 tis
172 5373 466 5418 sanctarum
496 5361 887 5432 Scripturarum
918 5359 1138 5414 nebulas
1172 5358 1411 5416 falsitatis
1441 5358 1659 5427 injicere

92 5453 299 5520 voluisti,
326 5453 703 5522 compungaris
729 5461 782 5506 et
802 5449 1143 5506 confundaris
1166 5459 1217 5504 et
1237 5448 1538 5518 currigaris.
1565 5448 1661 5502 Est

93 5548 249 5599 tamen
289 5546 428 5616 quod
471 5544 540 5600 de
570 5544 672 5598 hoc
703 5543 816 5613 ipso
835 5585 851 5610 ,
878 5543 945 5598 de
969 5556 1076 5613 quo
1103 5541 1327 5596 Domino
1351 5553 1657 5612 suggesmm

91 5647 183 5706 est,
206 5654 293 5696 nos
314 5654 562 5712 agamus.
590 5635 866 5706 Quomodo
891 5637 1033 5692 enim
1060 5644 1186 5691 tunc
1211 5643 1405 5704 prteter
1422 5649 1660 5690 commu-

97 5729 276 5792 nionem
302 5730 720 5805 discipulorum,
750 5729 957 5788 valebat
986 5737 1162 5786 tamen
1202 5727 1488 5806 plurimum
1530 5741 1655 5785 san-

1383 258 1584 324 I.IBER
1631 254 2006 325 SECUNDUS.

3252 273 3355 337 3M

1765 383 1921 440 ctitas
1949 384 2180 442 nominis
2205 385 2434 453 Christi;
2482 386 2560 443 sic
2601 395 2793 458 praeter
2825 384 3081 447 Ecclesiae
3109 405 3355 451 commu-

1765 479 1980 534 nionem
2006 479 2146 535 valet
2169 481 2420 538 sanctitas
2443 481 2794 542 Sacramenti.
2833 487 3016 560 Neque
3061 490 3204 548 enim
3245 492 3344 546 Ba.

1763 569 1990 639 ptismus
2015 581 2358 629 consecratur
2396 574 2498 631 nisi
2537 575 2592 632 in
2630 577 2847 635 nomine
2874 579 3048 637 Patris
3075 590 3130 638 et
3157 580 3277 639 Filii
3300 592 3357 640 ct

1763 659 1991 732 Spiritus
2011 664 2202 719 sancti.
2220 663 2350 733 Quis
2369 674 2545 723 autem
2565 669 2934 728 insanissimus
2955 672 3171 740 dixerit,
3194 674 3355 731 etiam

1763 763 1961 823 praeter
2002 755 2259 813 Ecclesiae
2285 759 2720 816 communionem
2757 777 2952 819 nomen
2989 763 3110 819 Filii
3151 763 3354 833 valere,

1762 843 1936 902 Patris
1960 856 2138 903 autem
2167 857 2222 903 et
2246 848 2475 919 Spiritus
2499 851 2669 907 sancti
2691 866 2798 908 non
2820 853 2998 910 valere
3009 853 3033 907 ‘i
3057 863 3149 910 aut
3174 854 3354 910 valere

1762 939 1975 1009 quidem
2003 939 2055 994 in
2082 939 2297 996 homine
2321 943 2561 998 sanando
2583 943 2624 1010 ί,
2643 958 2749 999 non
2772 953 2948 1000 autem
2971 945 3150 1002 valere
3172 947 3224 1001 in
3250 946 3356 1002 Ba-

1761 1029 1958 1099 ptismo
1983 1031 2379 1087 consecrando?
2404 1031 2511 1088 Sed
2535 1032 2689 1103 plane
2716 1043 2912 1105 praeter
2931 1035 3182 1092 Ecclesia:
3207 1051 3357 1093 com-

1761 1122 2069 1179 munionem
2100 1133 2154 1180 et
2179 1124 2398 1180 unitatis
2424 1125 2818 1181 sanctissimum
2849 1127 3117 1184 vinculum
3149 1138 3202 1184 ct
3228 1129 3357 1184 cha-

1761 1214 1934 1269 ritatis
1980 1217 2628 1286 supereminentissimum
2672 1216 2871 1273 donum
2893 1259 2909 1285 ,
2950 1233 3050 1275 nec
3078 1219 3166 1275 ille
3193 1235 3223 1274 a
3249 1235 3356 1290 quo

1759 1302 2082 1360 daemonium
2105 1306 2317 1377 ejicitur
2334 1348 2350 1374 ,
2384 1322 2485 1364 nec
2513 1307 2606 1364 ille
2630 1309 2719 1379 qui
2743 1309 3074 1381 baptizatur,
3101 1317 3354 1367 aeternam

1761 1396 1929 1452 vitam
1973 1398 2318 1469 consequitur
2346 1417 2361 1454 :
2387 1399 2526 1455 sicut
2552 1415 2652 1455 nec
2679 1399 2751 1454 illi
2778 1401 2868 1472 qui
2897 1416 2994 1472 per
3021 1405 3354 1459 communio-

1759 1503 1882 1544 nem
1907 1488 2376 1547 Sacramcntorum
2422 1491 2567 1550 intus
2605 1491 2885 1559 videntur,
2911 1501 2964 1548 et
2988 1508 3083 1564 per
3109 1492 3358 1564 iniquita-

1758 1589 1867 1636 tem
1899 1597 2109 1638 morum
2136 1580 2266 1638 foris
2293 1583 2680 1653 intelliguntur.
2709 1583 2861 1652 Quod
2897 1594 3074 1641 autem
3111 1584 3356 1642 Christus

1760 1674 1918 1729 etiam
1945 1675 2291 1745 corporaliter
2311 1674 2472 1732 fuerit
2494 1686 2808 1746 persecutus
2833 1692 2948 1743 eos,
2971 1692 3107 1748 quos
3126 1676 3194 1734 de
3214 1685 3354 1734 tem-

1760 1766 1851 1836 plo
1875 1765 2078 1835 expulit
2103 1766 2443 1836 flagellando,
2465 1766 2576 1837 jam
2604 1783 2764 1838 supra
2792 1767 3042 1825 diximus.

1798 1857 2056 1914 CAPUT
2103 1858 2340 1914 LXXXI.
2369 1889 2440 1899 —-
2469 1859 2593 1915 179.
2634 1861 2820 1916 Ρετιι..
2875 1859 3017 1916 dixit
3057 1879 3073 1914 :
3121 1860 3349 1917 Sanctus

1757 1965 1874 2004 vero
1897 1951 2156 2020 apostolus
2185 1949 2383 2006 Paulus
2411 1952 2518 2007 htec
2547 1951 2668 2006 dicit
2698 1968 2716 2006 :
2747 1970 2766 2004 ι
2805 1951 3018 2023 Quoquo
3042 1953 3226 2020 modo,
3255 1954 3343 2008 in-

1758 2043 1882 2113 quit,
1914 2040 2142 2098 Christus
2167 2045 2511 2100 annuntietur.
2545 2062 2565 2097 ι

1831 2134 1954 2192 180.
1996 2137 2130 2193 Avo.
2191 2136 2471 2208 respondit
2519 2155 2532 2192 :
2595 2136 2793 2193 Contra
2835 2146 2888 2194 te
2945 2137 3198 2209 loqueris,
3254 2136 3351 2196 sed

1761 2237 1937 2284 tamen
1971 2228 2092 2300 quia
2141 2245 2238 2300 pro
2281 2231 2506 2287 veritate
2538 2231 2795 2302 loqueris,
2837 2232 2882 2287 si
2929 2248 3046 2289 eam
3075 2231 3349 2301 dilexeris,

1756 2336 1856 2392 pro
1888 2330 1938 2376 te
1965 2322 2035 2376 sit
2060 2322 2202 2392 quod
2229 2322 2489 2392 loqueris.
2533 2323 2727 2389 Quaero
2748 2323 2890 2378 enim
2917 2324 3012 2379 abs
3037 2335 3107 2391 te,
3137 2324 3205 2381 de
3228 2325 3351 2396 qui-

1756 2413 1860 2469 bus
1904 2412 2007 2468 hoc
2049 2412 2246 2470 dixerit
2287 2414 2562 2484 apostolus
2606 2414 2840 2471 Paulus?
2889 2414 3208 2471 Recolamus
3249 2415 3354 2473 hoc

1760 2503 2032 2576 paululum
2058 2546 2073 2571 ,
2101 2506 2146 2560 si
2175 2505 2370 2577 placet.
2407 2506 2626 2572 Quidam
2650 2548 2665 2572 ,
2695 2506 2899 2577 inquit,
2932 2523 3021 2578 per
3038 2508 3281 2562 inuidiam
3304 2516 3354 2563 et

1758 2595 2147 2660 contentionem,
2175 2595 2382 2666 quidam
2408 2611 2522 2651 vero
2550 2614 2638 2668 per
2663 2597 2847 2652 bonam
2869 2598 3177 2652 uoluntatem
3197 2597 3347 2654 Chri-

1759 2696 1893 2741 stum
1914 2688 2218 2740 annuntiant
2232 2704 2251 2753 ;
2278 2688 2488 2757 quidam
2513 2705 2574 2742 ex
2594 2688 2842 2744 charitate
2867 2731 2882 2756 ,
2921 2690 3133 2746 scientes
3156 2690 3274 2761 quia
3297 2692 3353 2747 in

1759 2778 2102 2850 defensionem
2128 2777 2397 2849 Evangelii
2420 2779 2613 2851 positus
2631 2796 2746 2834 sum
2772 2796 2789 2833 :
2813 2779 3021 2851 quidam
3044 2796 3158 2836 uero
3183 2789 3229 2835 et
3262 2798 3352 2851 per

1759 2870 2128 2924 contumaciam
2165 2867 2422 2924 Christum
2467 2870 2792 2938 annuntiaut,
2838 2886 2941 2925 non
2979 2881 3136 2938 caste,
3177 2872 3354 2927 existi-

1758 2971 1952 3016 mantes
2011 2962 2384 3016 tribulationem
2435 2962 2671 3017 suscitari
2743 2963 2957 3017 vinculis
3010 2963 3154 3018 meis.
3212 2963 3352 3032 Quid

1759 3053 1936 3108 enim?
1973 3052 2114 3108 Dum
2155 3054 2293 3109 omni
2330 3053 2503 3122 modo,
2547 3054 2650 3112 sive
2686 3054 2966 3123 occasione,
3007 3055 3108 3112 sive
3144 3055 3353 3112 veritate

1757 3145 1988 3204 Christus
2016 3148 2362 3214 annuntietur,
2390 3158 2436 3202 et
2462 3149 2515 3203 in
2543 3149 2638 3202 hoc
2665 3149 2882 3219 gaudeo,
2914 3148 3004 3203 sed
3033 3157 3079 3203 et
3123 3148 3352 3219 gaudebo

1759 3240 2021 3313 (Philipp.
2059 3256 2094 3307 ι,
2146 3240 2364 3310 15-18).
2394 3239 2651 3296 Videmus
2682 3241 2815 3296 istos
2843 3255 2958 3296 rem
2983 3240 3195 3310 quidem
3222 3254 3352 3295 san-

1759 3343 1900 3388 ctam
1927 3341 1982 3387 et
2007 3341 2206 3390 castam
2243 3341 2298 3387 et
2338 3347 2544 3400 veram,
2585 3347 2692 3387 non
2737 3340 2912 3386 tamen
2955 3340 3103 3388 caste
3143 3347 3353 3388 annun-

1761 3425 1942 3491 tiasse,
1963 3423 2057 3479 sed
2082 3439 2175 3494 per
2205 3423 2457 3479 invidiam
2481 3432 2538 3479 et
2573 3424 2968 3479 contentionem
2991 3464 3009 3491 ,
3035 3424 3154 3480 sine
3176 3422 3353 3480 chari-

1762 3524 1895 3582 tate,
1925 3517 2042 3572 sine
2065 3516 2328 3572 castitate.
2351 3516 2506 3573 Certe
2531 3516 2691 3587 paulo
2715 3525 2840 3573 ante
2869 3515 3054 3573 laudes
3071 3516 3350 3574 charitatis

1761 3608 2022 3666 adversus
2045 3625 2144 3665 nos
2167 3609 2346 3666 dicere
2376 3609 2644 3665 videbaris
2669 3625 2734 3666 ex
2761 3609 2998 3686 Apostoli
3021 3611 3348 3680 testimonio,

1760 3701 1881 3773 quia
1908 3701 1999 3758 ubi
2027 3701 2258 3758 charitas
2279 3716 2385 3757 non
2415 3711 2520 3769 est,
2551 3701 2806 3774 quidquid
2835 3701 2997 3759 fuerit
3027 3703 3160 3760 nihil
3186 3704 3351 3774 prod-

1761 3802 1843 3850 est
1861 3810 1876 3848 :
1895 3809 2021 3850 ecce
2036 3793 2089 3849 in
2109 3794 2224 3849 istis
2243 3793 2479 3849 charitas
2497 3809 2602 3848 non
2624 3803 2728 3862 est,
2744 3803 2800 3850 et
2820 3804 2994 3850 tamen
3019 3805 3134 3852 erat
3151 3795 3350 3854 Christi

1760 3885 2090 3958 prmdicatio,
2126 3885 2195 3942 de
2243 3901 2346 3957 qua
2382 3900 2444 3942 se
2479 3885 2724 3956 gaudere
2750 3886 2829 3942 sic
2867 3886 2998 3942 dicit
3042 3888 3349 3959 Apostolus.

1761 3980 1944 4052 Neque
1971 3981 2114 4036 enim
2142 3980 2284 4036 malo
2313 3980 2529 4054 illorum
2555 3979 2790 4051 gaudet,
2823 3979 2919 4036 sed
2946 3979 3089 4036 bono
3118 3981 3354 4038 nominis

1761 4074 1980 4132 Christi.
2007 4075 2064 4130 lu
2091 4075 2209 4145 ipso
2235 4073 2430 4145 quippe
2456 4072 2690 4129 charitas
2713 4081 2830 4130 erat
2853 4114 2870 4141 ,
2895 4089 3014 4144 quae
3037 4090 3140 4129 non
3167 4077 3354 4146 gaudet

1761 4183 1914 4237 super
1931 4167 2213 4236 iniquitate,
2238 4165 2519 4236 congaudet
2539 4175 2706 4220 autem
2731 4165 2928 4220 ueritati
2948 4163 2992 4236 (ι
3005 4164 3123 4221 Cor.
3139 4166 3349 4238 xm,6).

1762 4259 1967 4315 Invidia
1995 4273 2155 4329 porro
2178 4299 2194 4326 ,
2221 4273 2342 4328 qua:
2383 4258 2438 4312 in
2478 4257 2582 4312 illis
2608 4267 2752 4322 crat.
2785 4257 3109 4313 diabolicum
3151 4259 3351 4315 malum

1761 4362 1844 4408 est
1869 4369 1881 4406 :
1912 4351 2012 4406 hac
2039 4350 2182 4407 enim
2211 4359 2266 4405 et
2291 4348 2483 4404 cecidit
2505 4357 2561 4404 et
2583 4347 2794 4419 dejecit.
2826 4348 2891 4403 Hi
2913 4363 3040 4420 ergo
3067 4356 3172 4404 tam
3201 4349 3349 4418 mali,

1763 4459 1896 4516 quos
1923 4444 2002 4499 sic
2025 4442 2202 4513 arguit
2230 4441 2515 4511 Apostolus
2538 4483 2554 4509 ,
2584 4441 2636 4496 in
2663 4441 2854 4511 quibus
2879 4451 2994 4496 erat
3021 4449 3223 4497 tantum
3255 4442 3352 4498 bo-

1762 4551 1889 4591 num
1928 4533 1995 4590 de
2023 4533 2360 4605 quo-gaudet
2405 4524 2714 4602 Apostolus,
2746 4532 2834 4588 ubi
2871 4533 3063 4588 erant?
3093 4533 3255 4598 intus,
3283 4549 3353 4588 an

1761 4627 1935 4682 foris?
1955 4625 2106 4696 Elige
2129 4623 2273 4695 quod
2298 4623 2554 4681 volueris.
2586 4622 2642 4680 Si
2664 4624 2829 4692 intus,
2861 4638 2988 4680 ecce
3015 4633 3236 4679 noverat
3257 4640 3352 4682 eos

1763 4719 1981 4786 Paulus,
2026 4727 2228 4774 etcum
2257 4727 2433 4773 tamen
2474 4733 2584 4772 non
2611 4717 2920 4789 polluebant
2953 4735 2967 4771 :
3005 4717 3084 4773 sic
3121 4732 3218 4773 vos
3245 4733 3352 4775 non

1763 4812 2062 4884 polluerent
2088 4811 2139 4866 in
2170 4811 2372 4868 unitate
2392 4811 2536 4868 orbis
2557 4819 2840 4876 terrarum,
2869 4809 2938 4865 de
2958 4809 3150 4881 quibus
3172 4812 3356 4867 nescio

1763 4919 1882 4974 qua:
1907 4917 2002 4959 seu
2030 4917 2154 4959 vera
2182 4902 2376 4970 dicitis,
2397 4917 2495 4958 seu
2521 4901 2650 4956 falsa
2675 4900 2996 4970 confingitis.
3019 4900 3197 4969 Quare
3224 4917 3353 4973 ergo

1762 5013 1858 5054 vos
1898 4997 2223 5068 separastis?
2266 5011 2432 5067 quare
2459 4994 2738 5065 sacrilegio
2767 4992 3012 5048 scelerati
3047 4992 3354 5048 schismatis

1763 5089 2104 5161 pcremistis?
2141 5088 2198 5144 Si
2235 5097 2411 5144 autem
2453 5085 2581 5141 loris
2612 5094 2767 5140 erant
2789 5127 2804 5152 ,
2833 5099 2961 5140 ecce
2985 5093 3041 5140 et
3070 5086 3125 5139 in
3155 5087 3235 5141 cis
3260 5086 3350 5156 qui

1766 5183 1895 5238 foris
1914 5189 2058 5245 sunt,
2087 5189 2141 5236 et
2169 5180 2350 5250 utique
2378 5177 2444 5232 ad
2473 5177 2634 5230 vitam
2662 5184 2939 5241 aeternam,
2969 5176 3093 5247 quia
3118 5175 3352 5231 charita-

1767 5285 1870 5329 tem
1919 5287 2022 5327 non
2070 5271 2265 5326 habent
2303 5279 2358 5326 ct
2404 5269 2660 5324 unitatem
2705 5284 2810 5324 non
2843 5277 3042 5334 tenent,
3084 5269 3356 5340 pertinere

1765 5382 1869 5421 non
1906 5373 2144 5434 possunt,
2172 5363 2313 5418 inest
2351 5371 2526 5417 tamen
2574 5364 2828 5417 sanctitas
2870 5362 3102 5418 nominis
3125 5360 3348 5428 Christi,

1765 5473 1989 5529 quorum
2024 5457 2453 5527 praedicationem
2485 5457 2772 5526 Apostolus
2803 5463 3022 5527 propter
3048 5455 3216 5525 ipsam
3249 5468 3350 5507 no-

1828 5552 1844 5583 ¹
1874 5551 2030 5599 Verba
2053 5547 2134 5598 illa
2151 5584 2166 5606 ,
2193 5548 2351 5599 Patris
2371 5554 2532 5598 autem
2553 5553 2601 5599 et
2636 5548 2839 5611 Spiritus
2862 5548 3013 5598 sancti
3035 5558 3128 5611 non
3164 5543 3353 5608 ualere,

1765 5618 2066 5676 praetereunt
2090 5612 2205 5681 editi
2233 5625 2244 5658 :
2267 5620 2505 5681 postque,
2526 5609 2695 5681 nomen
2711 5609 2834 5681 filii
2857 5611 3016 5677 valere
3032 5642 3048 5666 ,
3079 5609 3149 5656 sic
3171 5621 3354 5681 ,ιιι-σῳ·

1765 5669 1978 5737 quuntur
1999 5687 2011 5722 :
2053 5671 2178 5733 Quid
2201 5669 2328 5737 enim
2358 5669 2507 5737 potest
2529 5672 2684 5737 ualere
2700 5670 2753 5737 in
2774 5669 2962 5722 homine
2996 5669 3230 5737 sanando,
3253 5678 3353 5734 etc,

1769 5733 2091 5789 timendantur
2113 5747 2208 5804 ope
2225 5733 2405 5788 codicis
2425 5733 2750 5787 Floriacensis.
