3796 6122
57 195 144 260 sn
968 149 974 154 ’
1023 159 1032 161 “
1110 158 1114 160 ’
1345 165 1547 229 LIBER
1586 163 1964 228 SECUNDUS.

56 310 180 392 ginta
205 302 373 368 ferme
398 298 606 378 animas
633 289 920 353 miserabili
944 287 1145 362 gemitu
1168 286 1515 343 mussitantes
1542 300 1623 341 re-

57 377 349 473 baptizando
375 391 719 462 submergere
750 385 864 458 (a)?
911 384 1112 456 Quibus
1138 391 1336 445 autem,
1367 379 1468 472 nisi
1502 377 1625 434 tali-

60 465 139 546 bus
158 465 302 544 factis
324 527 341 554 ,
369 486 531 542 etiam
563 483 703 552 ipsas
731 479 796 536 de
823 477 1013 550 quibus
1040 465 1434 546 conquerimini
1457 471 1624 544 leges,

61 585 194 656 longe
233 579 452 653 quidem
492 557 626 631 infra
654 571 901 628 meritum
931 568 1151 624 sceleris
1177 564 1362 630 vestri,
1411 561 1506 620 sed
1549 571 1628 616 ta-

61 652 161 732 men
189 652 605 743 qualescumque
636 663 762 719 ferri
791 659 1081 732 coegistis?
1111 658 1192 713 An
1218 672 1348 716 vero
1378 652 1627 709 violentis

62 765 335 827 incursibus
365 757 870 826 Circumcellionum
897 760 1219 816 vestrorum,
1261 748 1350 822 qui
1391 747 1490 802 sub
1533 760 1629 806 ve-

62 874 154 918 stro
187 857 483 930 principatu
531 851 743 910 furiosis
781 845 1080 923 agminibus
1110 842 1380 908 militant,
1425 853 1532 899 non
1562 852 1628 898 ex

63 954 181 1027 agris
208 951 445 1022 undique
469 945 790 1019 pelleremur
809 984 824 1010 ,
855 939 956 995 nisi
991 953 1085 993 vos
1116 934 1332 993 obsides
1359 934 1410 988 in
1439 931 1627 988 civita-

65 1024 179 1101 tibus
199 1054 524 1107 teneremus,
555 1035 643 1108 qui
675 1047 889 1108 quoquo
926 1029 1087 1086 modo
1114 1029 1282 1100 ipsam
1306 1024 1496 1098 faciem
1531 1039 1630 1092 pn-

64 1139 225 1194 blicam
247 1143 300 1189 et
324 1133 674 1190 honestorum
693 1123 1186 1201 reprehensionem,
1209 1121 1254 1176 si
1280 1133 1384 1174 non
1415 1117 1627 1192 timore,

65 1233 132 1290 vel
156 1229 348 1302 pudore
377 1227 519 1298 ferre
550 1223 771 1280 nolitis?
794 1220 911 1277 Noli
934 1235 1059 1292 ergo
1082 1217 1281 1282 dicere,
1313 1211 1473 1280 Absit,
1503 1213 1632 1267 absit

67 1345 91 1380 a
109 1335 261 1379 nostra
285 1319 616 1385 conscientia,
649 1327 704 1371 ut
732 1315 800 1372 ad
821 1323 1043 1369 nostram
1065 1311 1218 1382 fidem
1247 1308 1466 1379 aliquem
1495 1323 1632 1361 com-

67 1421 303 1492 pellamus.
344 1413 546 1470 Facitis
574 1411 740 1477 enim,
782 1405 870 1464 ubi
900 1405 1121 1479 potestis
1156 1421 1168 1456 :
1201 1401 1289 1456 ubi
1320 1408 1498 1456 autem
1527 1415 1632 1464 non

68 1514 228 1579 facitis,
257 1525 362 1566 non
397 1508 641 1582 potestis,
672 1507 785 1562 sive
809 1505 1008 1576 legum,
1040 1501 1152 1559 sive
1182 1497 1393 1561 invidia:
1416 1496 1630 1561 timore,

68 1609 160 1668 sive
181 1603 544 1662 resistentium
570 1598 929 1656 multitudine.

52 1773 54 1776 ι
120 1697 332 1760 CAPUT
372 1693 662 1752 LXXXIV.
685 1691 899 1753 -—-185.
940 1689 1124 1746 Ρετιι.
1155 1685 1320 1746 dixit:
1345 1682 1478 1737 Dicit
1500 1681 1633 1736 enim

68 1793 285 1847 Dominus
311 1790 569 1852 Christus,
608 1807 628 1840 ι
663 1785 827 1841 Nemo
848 1785 978 1839 venit
1005 1783 1073 1836 ad
1096 1797 1194 1846 me,
1227 1779 1326 1833 nisi
1353 1792 1499 1848 quem
1529 1772 1636 1842 Pa-

70 1895 126 1940 ter
162 1882 418 1940 attraxerit
454 1900 473 1936 ι
511 1878 690 1952 (Joan.
721 1893 796 1944 γι,
833 1875 950 1947 44).
979 1873 1082 1929 Cur
1124 1882 1293 1926 autem
1325 1885 1410 1924 vos
1437 1883 1536 1922 non
1567 1864 1636 1919 li-

71 1976 213 2044 berum
241 1973 510 2036 arbitrium
554 1970 820 2042 unicuique
859 1967 997 2038 sequi
1025 1964 1328 2036 permittitis,
1372 1976 1488 2020 cum
1527 1958 1637 2027 ipse

70 2063 286 2132 Dominus
330 2065 474 2128 Deus
513 2064 726 2126 liberant
776 2060 1040 2116 arbitrium
1086 2056 1276 2118 dederit
1317 2051 1635 2113 hominibus;

71 2164 178 2226 viam
201 2171 362 2220 tamen
383 2156 607 2230 justitite
629 2153 915 2218 ostendens,
961 2166 1023 2206 ne
1051 2150 1162 2220 quis
1194 2146 1409 2220 forsitan
1438 2143 1636 2200 nescius

71 2256 304 2326 deperiret.
334 2251 486 2316 Dixit
504 2250 637 2305 enim
665 2265 683 2304 :
710 2267 728 2301 ι
762 2245 921 2302 Posui
941 2253 1055 2304 ante
1075 2252 1122 2298 te
1146 2243 1328 2297 bonum
1354 2247 1398 2296 et
1420 2236 1632 2302 malum,

73 2348 195 2419 posui
219 2356 333 2402 ante
373 2354 421 2404 te
468 2344 638 2418 ignem
677 2350 724 2415 et
752 2353 974 2411 aquam;
1002 2336 1137 2408 quod
1175 2332 1390 2392 volueris
1433 2331 1578 2403 elige.
1611 2349 1630 2383 ι

73 2438 144 2498 Ea;
183 2456 277 2516 quo
319 2455 408 2496 vos
454 2436 685 2500 arbitrio,
733 2433 923 2500 miseri,
964 2430 1100 2488 vobis
1144 2445 1245 2484 non
1293 2441 1498 2498 agitant,
1548 2423 1637 2484 sed

76 2534 211 2602 ignem
262 2534 430 2604 potius
488 2529 726 2600 elegistis.
761 2544 781 2581 t
811 2524 918 2580 Sed
980 2533 1166 2586 tamen,
1214 2520 1396 2592 inquit,
1450 2516 1636 2572 bonum

75 2626 194 2696 elige,
215 2636 267 2682 ut
289 2627 430 2698 vivas
453 2643 475 2677 ι
508 2621 693 2696 (Eccii.
726 2635 814 2686 xv,
847 2619 934 2691 l7,
967 2617 1078 2686 18).
1112 2614 1212 2682 Qui
1239 2629 1339 2684 non
1359 2616 1432 2666 vis
1454 2612 1638 2666 bonum

79 2719 247 2791 eligere,
276 2719 439 2778 vivere
465 2726 516 2771 te
539 2715 674 2770 nolle
703 2711 956 2772 damnasti
977 2711 1014 2763 ί.

133 2813 240 2870 186.
279 2812 417 2882 Anc.
464 2807 783 2880 respondit:
813 2805 869 2874 Si
908 2803 1003 2860 tibi
1042 2815 1337 2873 proponam
1382 2796 1636 2869 quaestio-

77 2920 196 2971 nem,
219 2901 490 2978 Quomodo
519 2902 659 2958 Deus
686 2899 844 2954 Pater
872 2894 1104 2962 attrahat
1142 2894 1209 2949 ad
1246 2893 1440 2956 Filium
1467 2890 1639 2956 homi-

78 3011 172 3064 nes.
209 3012 339 3069 quos
385 2995 441 3052 in
487 2992 661 3058 libero
689 2988 892 3048 dimisit
927 2986 1180 3054 arbitrio;
1231 2983 1474 3046 fortassis
1519 2996 1639 3038 eam

81 3086 262 3145 difficile
293 3088 574 3152 soluturus
601 3098 679 3139 es.
712 3079 993 3151 Quomodo
1021 3078 1164 3134 enim
1207 3074 1447 3146 attrahit,
1487 3073 1534 3129 si
1559 3072 1641 3130 di-

81 3181 214 3240 mittit
243 3190 299 3240 ut
325 3179 445 3252 quis
477 3173 621 3248 quod
653 3171 880 3230 voluerit
905 3168 1098 3241 eligat?
1125 3169 1194 3226 Et
1232 3175 1409 3223 tamen
1434 3174 1642 3226 utrum-

81 3290 165 3346 que
199 3288 375 3334 verum
415 3277 540 3332 est:
567 3266 661 3323 sed
705 3266 976 3329 intellectu
1015 3263 1117 3319 hoc
1166 3270 1446 3334 penetrare
1484 3257 1641 3332 pauci

80 3367 243 3426 valent.
273 3365 422 3428 Sicut
439 3375 575 3432 ergo
608 3359 725 3436 fieri
760 3365 934 3428 potest
960 3366 1020 3411 ut
1041 3369 1176 3426 quos
1206 3353 1258 3410 in
1281 3351 1449 3408 libero
1478 3350 1642 3406 dimi—

79 3460 136 3515 sit
175 3457 406 3528 arbitrio,
464 3452 701 3512 attrahat
747 3460 922 3506 tamen
973 3446 1130 3502 Pater
1177 3446 1244 3502 ad
1293 3445 1485 3501 Filium
1519 3462 1533 3498 :
1564 3443 1644 3498 sic

81 3550 175 3608 ﬁeri
199 3559 364 3622 potest
390 3558 450 3605 ut
482 3563 546 3603 ea
572 3559 690 3617 qua:
716 3543 891 3614 legum
917 3537 1326 3612 coercitionibus
1346 3535 1643 3598 admouen-

83 3654 284 3713 ωλι-,πω
316 3643 568 3708 auferant
595 3639 824 3698 liberum
862 3634 1162 3704 arbitrium.
1191 3629 1455 3701 Quidquid
1498 3627 1642 3685 enim

83 3742 216 3804 homo
237 3738 428 3804 durum
465 3744 524 3800 et
549 3734 836 3795 molestum
866 3728 1083 3800 patitur,
1125 3724 1442 3780 admonetur
1467 3730 1525 3777 ut
1550 3735 1644 3778 co-

81 3831 192 3903 gitet
229 3847 390 3904 quare
426 3828 666 3902 patiatur
695 3842 707 3882 :
737 3832 797 3887 ut
831 3825 877 3880 si
919 3836 1017 3894 pro
1039 3819 1244 3891 justitia
1288 3833 1348 3874 se
1386 3817 1494 3888 pati
1525 3832 1648 3888 pcr-

83 3926 305 3995 Speserit,
335 3924 572 3995 idipsutn
599 3920 802 3982 bonum
845 3915 1005 3986 eligat
1032 3929 1127 3984 pro
1147 3913 1350 3983 justitia
1379 3913 1502 3970 talia
1529 3928 1648 3978 sus-

88 4017 262 4085 tinere;
300 4018 345 4078 si
384 4023 571 4078 autem
627 4010 822 4068 viderit
864 4007 1196 4078 iniquitatem
1237 4019 1360 4062 esse
1402 4019 1500 4075 pro
1542 4019 1647 4076 qua

87 4112 272 4178 patina,
308 4125 368 4170 se
409 4101 897 4169 infrtu‘tuosissime
931 4099 1176 4164 laborare
1219 4108 1379 4168 atque
1421 4098 1645 4162 cruciari

87 4200 424 4269 considerans,
455 4206 632 4264 mutet
670 4193 726 4250 in
766 4192 962 4260 melius
993 4190 1341 4257 voluntatem.
1383 4189 1648 4259 simulque

87 4303 240 4356 careat
277 4303 332 4358 et
376 4288 630 4358 molestia
675 4286 842 4352 sterili
885 4294 941 4351 et
979 4283 1094 4355 ipsa
1142 4282 1438 4354 iniquitate.
1479 4282 1647 4347 multo

89 4385 244 4458 utique
276 4385 498 4458 δεμνίων
522 4390 578 4449 et
603 4377 955 4453 perniciosius
994 4375 1254 4446 nocitura.
1306 4375 1374 4438 Et
1401 4391 1496 4432 vos
1525 4389 1647 4432 cum

91 4477 262 4548 aliquid
284 4477 544 4546 adversus
566 4487 665 4540 vos
687 4485 840 4542 reges
867 4469 1216 4534 constituunt,
1249 4467 1524 4534 admoneri
1553 4481 1649 4523 vos

91 4568 286 4637 credite,
313 4577 374 4634 ut
397 4564 650 4638 cogitetis
669 4577 834 4638 quare
872 4561 974 4618 ista
1011 4559 1283 4632 patiamini
1315 4578 1330 4615 :
1356 4558 1402 4620 si
1432 4566 1650 4630 propter

90 4659 335 4729 iustitiam,
367 4674 561 4726 revera
607 4656 683 4722 illi
723 4663 1097 4727 persecutores
1139 4652 1305 4716 vestri
1350 4661 1504 4719 sunt;
1553 4666 1650 4711 vos

95 4761 246 4814 autem
285 4753 430 4818 beati
467 4751 560 4824 qui
600 4748 1028 4823 persecutionem
1069 4748 1212 4817 passi
1257 4755 1472 4818 propter
1493 4745 1651 4816 justi-

98 4842 219 4912 tiam,
264 4843 609 4917 possidemus
645 4857 870 4914 regnum
913 4841 1172 4905 ctelorum
1215 4838 1432 4910 (Nouit.
1461 4856 1516 4907 ν,
1546 4839 1648 4906 10;

98 4934 261 4996 chtr.
287 4956 346 5008 ιι,
371 4938 468 5012 20)
498 4957 513 4995 :
544 4939 590 4996 si
641 4947 821 5002 autem
865 4945 1081 5007 propter
1123 4935 1452 5006 iniquitatem
1507 4932 1652 4994 achi-

99 5030 256 5095 stnstis
287 5031 471 5100 vestri,
511 5029 643 5103 qtu'd
682 5027 770 5112 illi
794 5028 902 5109 nisi
939 5036 1269 5091 correctores
1301 5027 1464 5088 vestri
1499 5034 1650 5092 sunt;

101 5133 180 5178 vos
223 5132 416 5192 autem,
461 5124 596 5187 sicut
632 5120 819 5187 caeteri
861 5120 1197 5188 diversorum
1239 5119 1504 5184 scelerum
1551 5117 1648 5184 roi,

103 5212 175 5280 qvi
219 5229 394 5290 partes
438 5215 647 5288 legibus
685 5213 960 5285 pendunt,
1020 5211 1261 5283 prolato
1306 5210 1547 5270 infelices
1602 5219 1657 5276 et

108 5300 152 5356 in
185 5304 276 5372 hoc
295 5308 493 5366 seculo
517 5316 577 5371 et
604 5308 658 5372 in
702 5305 918 5372 futuro?
947 5303 1116 5362 Nemo
1149 5319 1278 5376 ergo
1304 5303 1454 5368 vobis
1483 5302 1658 5368 aufert

106 5390 299 5461 liberum
337 5401 620 5464 arbitrium
650 5418 662 5454 :
695 5398 790 5460 sed
815 5413 913 5460 vos
938 5397 1222 5467 diligenter
1245 5396 1508 5464 attendite
1532 5395 1658 5466 quid

107 5488 256 5554 potius
295 5492 520 5563 eligatis,
554 5501 732 5554 utrum
758 5490 984 5554 correcti
1012 5489 1192 5554 vivere
1231 5489 1285 5545 in
1326 5503 1480 5559 pace,
1506 5504 1574 5544 an
1606 5487 1658 5543 in

162 5621 553 5696 jggh‘annensis
590 5626 745 5696 codex
769 5627 862 5696 hoc
884 5633 1066 5696 tantum
1087 5625 1214 5696 loco,
1238 5624 1472 5696 clarnasti:

155 5680 304 5751 (alia
320 5689 388 5740 ds
401 5700 462 5742 ro
477 5685 882 5756 ειροσωιιιωω
903 5689 1012 5754 ipso
1027 5680 1258 5754 Crispino,
1285 5683 1430 5762 epist.
1454 5687 1532 5740 eo.

3211 171 3319 240 51.8

1735 289 1934 345 malitia
1975 294 2402 360 perseverantes,
2460 282 2578 342 falsi
2631 283 2874 357 martyrii
2929 284 3145 344 nomine
3193 301 3321 345 veru

1734 383 1989 454 supplicia
2037 387 2319 438 sustinere.
2364 379 2454 437 Sic
2492 395 2589 436 vos
2639 387 2818 436 autem
2867 379 3130 453 alloquor,
3164 383 3320 452 quasi

1733 490 1861 530 vero
1886 474 2082 544 aliquid
2112 474 2325 545 dignum
2353 483 2531 530 vestra
2572 471 2850 544 iniquitate
2877 473 3171 546 patiamini,
3199 489 3322 530 cum

1735 579 1879 638 tanta
1910 569 2121 641 indigna
2169 567 2392 636 faciatis,
2430 578 2485 624 et
2525 567 2576 622 in
2605 577 2748 622 tanta
2790 568 3105 638 impunitate
3134 584 3325 641 regne-

1735 665 1834 730 tis;
1868 665 1936 719 ita
1962 663 2164 729 furiosi,
2199 671 2255 717 ut
2285 678 2378 734 per
2403 661 2495 718 Dei
2525 661 2711 720 laudes
2737 661 2965 733 amplius
2994 676 3152 734 quam
3184 661 3320 717 buc-

1737 758 1857 813 cina
1889 757 2072 812 bellica
2110 756 2386 822 terrentis;
2416 755 2484 810 ita
2513 755 2846 823 calumniosi,
2883 754 3123 810 utetiam
3155 769 3323 825 Spon-

1736 859 1894 914 tanea
1938 859 2236 906 vestrorum
2287 848 2575 920 praecipitia
2616 849 2812 906 nostris
2859 847 3324 928 persecutionibus

1738 941 2031 1013 impntetis.

1808 1039 1930 1096 187.
1975 1038 2111 1094 Dicit
2158 1039 2316 1094 etiam
2354 1032 2503 1107 quasi
2547 1044 2842 1107 praeceptor
2889 1034 3322 1108 benignissimus,

1741 1129 1839 1200 Qui
1876 1147 1975 1184 non
2020 1131 2090 1184 vis
2132 1129 2314 1188 bonum
2359 1129 2561 1199 eligere,
2601 1129 2758 1199 vivere
2801 1138 2847 1181 te
2882 1130 3015 1182 nolle
3051 1126 3324 1183 damnasti.

1738 1221 1812 1290 Ita
1842 1237 1988 1288 vero,
2029 1223 2072 1278 si
2106 1223 2296 1278 vestris
2334 1221 2796 1276 criminationibus
2831 1220 3193 1292 crederemus,
3224 1219 3323 1274 beo

1737 1320 1898 1391 aisne
1939 1319 2276 1382 viveremus‘
2312 1335 2324 1372 :
2355 1317 2478 1388 quia
2521 1317 2612 1372 Dei
2660 1313 3106 1386 promissionibus
3147 1311 3326 1378 credi,-

1738 1430 1878 1481 mus,
1909 1415 2090 1492 vivere
2119 1428 2216 1468 nos
2247 1414 2388 1469 nolle
2415 1412 2752 1474 damnamus.
2788 1411 2951 1476 Bene,
2985 1420 3042 1466 ut
3071 1409 3324 1478 arbitror,

1737 1509 2056 1570 meministis
2101 1508 2227 1578 quid
2277 1507 2517 1578 Apostoli
2569 1505 2801 1572 dixerint
2845 1503 3063 1570 luti-cis,
3110 1501 3326 1574 quando

1737 1605 2010 1678 Christum
2039 1601 2334 1674 praedicare
2366 1600 2783 1670 prohibebantur
2808 1617 2820 1652 :
2850 1597 2950 1666 hoc
2990 1611 3118 1666 ergo
3147 1604 3200 1659 ct
3230 1609 3328 1651 nos

1738 1696 1986 1762 dicimus,
2040 1705 2096 1749 ut
2139 1692 2508 1763 respondeatis
2563 1691 2736 1752 nobis,
2787 1699 2961 1752 utrum
3012 1689 3122 1748 Deo
3163 1687 3330 1758 magis

1738 1785 2093 1853 obediendum
2122 1787 2213 1852 sit,
2255 1801 2322 1840 an
2352 1782 2657 1844 hominibus
2689 1781 2824 1850 (Act.
2853 1796 2908 1844 v,_
2936 1779 3052 1850 29).
3081 1778 3330 1846 Tradite-

1739 1894 1846 1946 res,
1877 1878 2690 1948 thuriticatorcs,persecutores,
2721 1873 2884 1928 verba
2910 1880 3033 1928 sunt
3055 1871 3331 1929 hominum

1739 1984 1924 2040 contra
1949 1973 2216 2034 homines.
2255 1969 2313 2027 In
2343 1970 2458 2044 sola
2487 1968 2807 2026 dilectione”
2843 1965 3030 2020 Donati
3071 1963 3332 2030 remansit

1739 2066 1983 2124 Christus
2009 2083 2026 2120 :
2050 2063 2212 2122 verba
2243 2070 2370 2122 sunt
2401 2061 2676 2128 hominum
2707 2058 3079 2124 extollentium
3103 2056 3330 2128 gloriam

1742 2158 1975 2222 hominis
2023 2157 2124 2212 sub
2180 2153 2395 2212 nomine
2443 2151 2664 2220 Christi,
2722 2161 2784 2208 ut
2838 2150 3006 2224 gloria
3059 2150 3332 2212 minuatur

1741 2250 1910 2322 ipsius
1937 2247 2153 2308 Christi.
2175 2247 2443 2318 Scriptum
2472 2253 2554 2306 est
2581 2244 2747 2310 enim,
2782 2225 2974 2300 lnlata
2999 2251 3144 2314 gente
3167 2224 3334 2318 gloria

1740 2344 1903 2415 regis;
1932 2342 1988 2404 in
2024 2340 2358 2398 diminutione
2401 2347 2574 2400 autem
2615 2333 2793 2412 populi
2823 2334 3056 2398 contritio
3088 2315 3334 2407 principis

1743 2436 1923 2507 (Prov.
1955 2450 2062 2499 xiv,
2093 2432 2188 2502 28)
2217 2449 2229 2485 :
2260 2432 2376 2486 haec
2399 2445 2527 2502 ergo
2570 2429 2732 2484 verba
2771 2435 2895 2494 sunt
2923 2425 3219 2484 hominum.
3263 2425 3335 2494 At

1741 2529 1828 2584 illa
1877 2527 1929 2582 in
1977 2524 2282 2594 Evangelio,
2330 2523 2464 2590 Quia
2513 2518 2771 2592 oportebat
2816 2516 3070 2574 Christum
3111 2515 3236 2590 pati.
3287 2521 3337 2572 et

1740 2634 2002 2690 resurgere
2038 2617 2186 2671 tertia
2228 2616 2330 2680 die,
2371 2622 2418 2674 et
2461 2611 2729 2683 praedicari
2757 2610 2812 2663 in
2852 2609 3053 2668 nomine
3089 2587 3334 2677 ejuspm—

1741 2714 2004 2775 nitentium
2029 2721 2073 2765 et
2107 2709 2448 2764 remissionem
2478 2714 2797 2777 peccatorum
2827 2719 2916 2772 per
2945 2716 3115 2755 omnes
3136 2706 3328 2771 gentes,

1741 2806 2095 2878 incipientibus
2129 2802 2189 2865 ab
2216 2799 2503 2862 Jerusalem
2533 2797 2681 2870 (Luc.
2708 2811 2855 2860 xxw,
2888 2793 2978 2860 46,
3011 2789 3140 2864 47);
3170 2790 3332 2850 verba

1741 2910 1867 2958 sunt
1907 2896 2106 2954 Christi
2147 2891 2569 2950 commendantis
2604 2888 2829 2960 gloriam
2868 2901 3028 2958 quam
3068 2883 3275 2957 accepit
3301 2895 3334 2937 a

1743 2993 1902 3050 Patre
1929 2991 1983 3046 in
2026 2987 2303 3046 latitudine
2343 2983 2490 3055 regni
2521 2980 2624 3037 sui.
2661 2979 2910 3054 Utrisque
2947 2975 3164 3041 auditis,
3193 2973 3334 3051 hanc

1744 3082 2001 3140 Ecclesia:
2048 3076 2481 3134 communionem
2529 3071 2706 3148 potius
2753 3069 3018 3140 eligimus,
3065 3076 3119 3122 et
3156 3064 3336 3131 homi-

1743 3191 1872 3237 num
1911 3172 2087 3228 verbis
2124 3168 2325 3226 Christi
2368 3165 2533 3226 vcrba
2580 3161 2957 3242 prirponimus.
3001 3159 3172 3228 Rogo,
3216 3156 3338 3227 quis

1744 3278 1828 3329 est
1869 3268 1957 3341 qui
1997 3280 2096 3328 nos
2139 3266 2280 3332 dicat
2324 3262 2462 3326 mala
2497 3259 2745 3330 elegisse,
2790 3255 2888 3310 nisi
2925 3253 3016 3326 qui
3063 3252 3336 3322 Christum

1745 3361 1875 3418 dicit
1899 3360 2033 3416 mala
2055 3353 2338 3414 docuisse?

1818 3470 2044 3528 CAPUT
2082 3466 2348 3524 LXXXV.
2376 3493 2442 3512 -.--
2471 3463 2595 3520 188.
2637 3461 2821 3517 Pam.
2865 3457 3044 3514 dixit:
3073 3453 3337 3526 Numquid

1747 3567 1901 3640 igitur
1926 3563 2116 3620 credent
2141 3561 2218 3616 vel
2233 3557 2566 3615 schismaticis
2586 3554 2724 3610 Deus
2741 3553 2896 3625 jussit
2915 3549 3097 3622 inferri
3118 3550 3142 3604 2
3165 3547 3264 3616 Qui
3289 3548 3334 3606 li

1748 3661 1954 3717 omnino
1997 3655 2309 3730 principem,
2357 3667 2446 3706 vos
2485 3647 2728 3703 deberetis
2771 3643 2931 3700 occidi
2979 3641 3042 3699 ab.
3087 3639 3337 3712 aliquibus

1751 3753 1959 3827 Scythis
1983 3767 2042 3807 ac
2062 3748 2320 3811 Barbarie,
2353 3761 2456 3799 non
2485 3752 2652 3798 tamen
2677 3757 2710 3794 α
2731 3737 3053 3796 Christianis.

1821 3845 1946 3903 189.
1985 3842 2123 3900 Ave.
2163 3838 2463 3912 respondit:
2491 3833 2664 3892 Vestri
2694 3830 3160 3898 Circumceltiones
3185 3827 3341 3900 nitiq-

1758 3948 1931 4005 scant,
1973 3945 2029 3993 et
2075 3936 2200 3991 nolo
2225 3947 2325 3989 nos
2343 3931 2365 3965 ⁸
2392 3929 2458 3986 de
2483 3927 2731 3985 Barbarie
2770 3936 2993 3982 torreas.
3027 3923 3214 3990 Utrum
3240 3935 3340 3976 au-

1753 4041 1859 4090 tem
1889 4027 2214 4086 schismatiei
2261 4039 2360 4081 nos
2403 4022 2570 4078 simus
2613 4035 2682 4078 an
2719 4035 2836 4084 vos,
2868 4033 2968 4073 nec
3005 4031 3107 4088 ego
3139 4029 3235 4071 nec
3263 4023 3339 4082 tu,

1751 4125 1846 4182 sed
1864 4123 2103 4180 Christus
2122 4119 2498 4188 interroget-ur,
2519 4125 2574 4170 ut
2594 4112 2792 4169 indicet
2805 4111 2826 4144 "
2848 4111 3144 4166 Ecclesium
3161 4122 3337 4164 sitam.

1751 4219 1895 4291 Lege
1921 4233 2047 4287 ergo
2071 4213 2456 4284 Evangel-ium;
2484 4217 2540 4266 et
2564 4207 2856 4278 respondet
2879 4204 2996 4270 tibi,
3027 4203 3096 4258 In
3123 4203 3342 4258 Jerusa-

1753 4314 1851 4369 lem
1879 4320 1924 4366 et
1949 4311 2004 4364 in
2029 4317 2184 4364 totam
2208 4304 2448 4360 Judaeum
2486 4311 2534 4358 et
2563 4299 2874 4366 Samariam,
2909 4306 2954 4351 et
2981 4310 3138 4366 usque
3162 4294 3218 4347 in
3256 4301 3338 4348 to-

1753 4417 1857 4462 tam
1896 4414 2080 4460 terram
2121 4400 2255 4473 (Act.
2286 4415 2324 4465 ι,
2371 4398 2452 4468 8).
2491 4394 2744 4464 Quisquis
2787 4391 2947 4462 igitur
2993 4389 3045 4443 in
3095 4384 3338 4443 Ecclesia

1756 4515 1862 4556 non
1891 4494 2180 4559 invenitur,
2207 4492 2316 4564 jam
2342 4506 2450 4546 non
2481 4489 2859 4558 interrogetur,
2904 4481 2999 4538 sed
3028 4488 3122 4535 aut
3158 4492 3341 4534 corro-

1755 4601 1874 4651 ctus
1900 4595 2268 4655 convertatur,
2298 4593 2392 4642 aut
2427 4589 2710 4654 correptus
2752 4595 2858 4635 non
2887 4583 3268 4648 conqueratur.

1826 4703 2050 4770 CAPUT
2096 4699 2382 4760 LXXXVI.
2427 4730 2497 4741 --
2536 4696 2658 4755 190.
2699 4696 2885 4752 Ρετιι.
2925 4690 3061 4748 dixit
3102 4708 3116 4744 :
3162 4686 3345 4761 Neque

1755 4801 1890 4856 enim
1924 4796 2173 4852 Dominus
2207 4792 2347 4864 Deus
2385 4794 2604 4848 humano
2646 4789 2892 4860 sanguine
2931 4783 3208 4856 aliquando
3252 4781 3343 4837 lte-

1759 4903 1892 4950 tatus
1913 4901 2004 4960 est,
2021 4907 2135 4945 cum
2161 4889 2429 4944 occisorem
2449 4885 2620 4958 fratris
2633 4880 2759 4939 Cain
2787 4882 2840 4940 in
2859 4880 2958 4940 vita
2983 4877 3220 4949 carniﬁce
3234 4877 3254 4908 ⁵
3270 4889 3350 4942 vo-

1759 4989 1907 5045 luerit
1935 5001 2246 5058 permanere.

1825 5125 1842 5192 ξ
1865 5122 2183 5192 Floriacensis
2199 5133 2344 5171 vetus
2365 5117 2542 5179 codex,
2565 5113 2682 5167 bene
2702 5113 2986 5166 viveremus.

1825 5189 1846 5218 ²
1869 5193 2027 5245 Forte,
2055 5185 2252 5234 ditione.

1826 5249 1847 5281 ³
1869 5256 1996 5306 orte,
2021 5253 2067 5297 et
2088 5259 2178 5295 non
2203 5258 2305 5295 nos.

1826 5311 1849 5348 ι
1873 5301 2023 5370 editi,
2061 5307 2281 5372 judicet._
2319 5306 2618 5372 castigantur
2641 5315 2716 5372 ex.
2744 5301 3101 5372 manseriptls.

1829 5375 1850 5407 ⁵
1875 5383 1975 5428 Am.
2010 5361 2080 5423 'et'
2109 5377 2182 5419 Er.
2204 5408 2217 5430 ,
2263 5369 2314 5430 in
2381 5361 2476 5419 vita
2543 5363 2853 5430 camiﬁcem._
2893 5361 3003 5430 ubi"
3033 5361 3357 5430 Lo_v_ani_cnses_

1769 5448 1834 5487 ex
1877 5420 2221 5484 istssfvrecté
2295 5425 2622 5493 castigarunt,
2680 5420 2741 5479 'in
2787 5425 2903 5493 vita
2941 5422 3205 5489 'camiﬁee';
3265 5420 3357 5470 Sed

1767 5500 1859 5564 ipsi
1921 5506 2082 5564 tamen
2149 5502 2318 5564 postea
2379 5490 2685 5564 superiorum
2739 5490 2986 5564 editorum
3042 5493 3256 5564 erratum
3307 5495 3358 5533 tn

1768 5545 2372 5631 lugusdniresﬁonsione
2393 5545 2550 5606 secuti
2579 5548 2993 5631 posperuntased
3009 5545 3360 5631 relinquitur-

1769 5608 2078 5688 ni—Ii'eititant
2096 5633 2112 5671 :
2136 5608 2260 5684 quod
2285 5634 2374 5684 per
2392 5631 2482 5668 nos
2503 5608 2793 5688 emendatur
2831 5608 2889 5688 ad
2913 5618 3116 5688 veteres

2199 5669 2478 5735 eatistauter
2495 5681 2708 5745 jungunt
2727 5685 2784 5729 ut
2803 5673 3095 5740 adjectivum
3115 5669 3179 5722 ad
3197 5669 3361 5728 mn.
