3792 6156
795 156 810 168 ’ν
849 153 892 166 δ’δ’,

440 216 548 280 319

515 335 639 392 191.
684 335 819 392 Auc.
852 325 1127 403 respondit
1155 345 1166 381 :
1196 326 1251 382 Si
1289 323 1511 399 occisori
1541 319 1723 375 fratris
1765 319 1908 374 Deus
1936 332 2032 372 no-

445 428 547 483 luit
586 424 767 482 inferri
805 432 1054 488 mortem,
1085 417 1181 475 sed
1223 413 1451 486 relinqui
1477 411 1783 468 carnificem
1823 409 2026 465 vitam:

444 519 566 577 vide
595 536 662 575 ne
689 518 826 574 forte
854 517 956 573 hoc
999 514 1088 582 sit,
1116 510 1260 584 quod
1299 525 1420 566 cum
1465 506 1605 578 regis
1650 519 1745 560 cor
1771 503 1824 558 in
1867 516 2031 558 manu

447 613 540 669 Dei
567 613 656 680 sit,
699 611 836 667 unde
872 609 1068 665 multas
1095 606 1162 662 ad
1187 620 1282 662 vos
1325 597 1747 660 commonendos
1776 605 1832 654 et
1860 595 2030 652 corri-

447 705 671 778 picndos
710 705 855 776 leges
885 705 999 775 ipse
1040 699 1334 764 constituit,
1379 697 1522 752 nulla
1553 704 1731 750 tamen
1757 693 1841 748 lex
1885 689 2031 760 regia

443 813 540 854 vos
564 799 724 870 jussit
767 797 967 865 occidi;
1019 796 1244 852 fortasse
1275 801 1578 864 propterea,
1609 797 1668 844 ut
1705 786 2032 858 quicumque

444 901 681 946 vestrum
705 891 758 946 iu
791 889 1048 961 pertinaci
1073 885 1314 956 sacrilegi
1346 883 1538 939 furoris
1559 894 1686 935 aura
1714 877 2028 948 persistunt,

438 983 568 1039 Cain
601 982 879 1054 parricida:
919 981 1196 1052 supplicio,
1234 978 1339 1033 vita
1371 974 1620 1032 carniﬁce
1642 976 1658 1006 ²
1703 970 2029 1028 crucientur.

443 1076 696 1147 Legimus
731 1075 874 1132 enim
905 1073 1105 1129 multos
1151 1086 1180 1124 a
1211 1069 1409 1125 famqu
1455 1067 1547 1121 Dei
1597 1065 1780 1137 Moyse
1821 1060 2033 1117 miseri-

443 1167 680 1222 corditer
713 1167 1020 1222 interfectos
1047 1181 1060 1216 :
1092 1177 1214 1217 nam
1246 1162 1298 1216 in
1339 1175 1406 1215 eo
1435 1157 1574 1229 quod
1603 1172 1700 1228 pro
1723 1168 1911 1212 eorum
1937 1166 2032 1208 ne-

440 1256 578 1312 fario
606 1257 886 1328 sacrilegio
910 1256 986 1312 sic
1007 1265 1089 1309 est
1115 1253 1397 1308 Dominum
1426 1251 1766 1320 deprecatus,
1796 1255 1855 1301 ut
1875 1245 2027 1301 dice-

439 1357 568 1404 ret:
600 1347 836 1414 Domine,
882 1347 928 1400 si
968 1345 1178 1400 dimittis
1217 1343 1324 1399 illis
1353 1351 1632 1413 peccatum,
1682 1338 1912 1402 dimitte;
1953 1335 2034 1390 sin

442 1448 634 1504 autem,
671 1439 782 1493 dele
823 1455 903 1494 me
946 1437 1011 1492 de
1049 1437 1176 1492 libro
1220 1445 1305 1489 tuo
1339 1433 1531 1505 (Exod.
1564 1446 1737 1495 xxxu,
1780 1429 1871 1495 28,
1908 1424 2029 1498 31);

446 1531 732 1589 ineﬁ'abilis
759 1531 876 1602 ejus
905 1529 1136 1586 charitas
1156 1537 1210 1584 et
1235 1523 1602 1582 misericordia
1629 1522 1758 1577 satis
1787 1526 2029 1590 apparet.

440 1621 703 1696 Numquid
745 1639 873 1695 ergo
917 1623 1094 1679 subito
1128 1619 1360 1676 crudelis
1403 1617 1624 1673 effectus
1659 1622 1761 1678 est,
1803 1626 1925 1668 cum
1965 1609 2033 1666 de

441 1724 626 1772 monte
663 1715 998 1772 descendens
1025 1723 1105 1770 tot
1134 1712 1299 1769 millia
1323 1711 1537 1781 juberet
1581 1706 1790 1763 occidi?
1832 1703 2026 1760 Consi-

439 1807 624 1862 derate
669 1806 848 1878 itaque
899 1822 966 1862 ne
1010 1805 1146 1862 forte
1175 1802 1376 1873 majore
1401 1798 1673 1858 iracundia
1701 1797 1793 1854 Dei
1821 1811 1918 1867 per
1943 1800 2024 1850 tot

440 1898 588 1969 leges
612 1898 871 1955 adversus
897 1913 992 1953 vos
1014 1899 1146 1952 latas
1172 1911 1202 1950 a
1230 1895 1378 1950 nullo
1401 1894 1734 1964 Imperatore
1755 1888 1891 1959 jussi
1920 1885 2034 1942 lue-

440 1991 562 2047 ritis
590 1990 779 2046 occidi.
815 1991 896 2046 An
941 1989 1018 2045 illi
1057 1986 1342 2044 fratricidzn
1383 1999 1490 2040 non
1518 1998 1613 2038 vos
1640 1975 2033 2050 comparandos

442 2067 682 2153 putatis?
707 2082 900 2138 Audite
929 2081 1211 2137 Dominum
1238 2093 1336 2148 per
1366 2076 1681 2148 prophetam
1721 2073 1985 2128 dicentem
2017 2087 2029 2124 :

441 2173 520 2228 Ab
549 2182 662 2228 ortu
691 2173 814 2228 solis
843 2188 1001 2241 usque
1027 2171 1095 2224 ad
1120 2184 1354 2224 occasum
1385 2166 1725 2238 gloriﬁcatum
1754 2173 1826 2216 est
1851 2176 2034 2216 nomen

438 2279 608 2318 meum
633 2264 687 2318 in
713 2262 1020 2328 nationibus,
1054 2270 1100 2315 et
1129 2261 1182 2314 in
1207 2258 1343 2314 omni
1371 2258 1482 2312 loco
1513 2257 1771 2310 incensum
1798 2251 2033 2306 admove-

443 2354 582 2409 bitur
605 2355 798 2409 nomini
819 2369 948 2420 meo,
973 2362 1019 2407 et
1041 2353 1203 2406 hostia
1223 2367 1372 2422 pura.
1401 2347 1650 2419 Magnum
1671 2362 1849 2400 nomen
1866 2359 2034 2398 meum

443 2445 502 2500 in
539 2444 846 2509 nationibus,
890 2444 1010 2497 dicit
1056 2441 1305 2496 Dominus
1348 2439 1664 2510 omnipotens
1707 2433 1958 2508 (Malach.
1991 2449 2030 2501 ι,

441 2536 555 2608 11).
585 2536 718 2591 Huic
739 2535 973 2592 fraterno
992 2534 1254 2591 sacriﬁcio
1278 2547 1439 2603 super
1459 2530 1600 2603 quod
1627 2529 1845 2599 respicit
1865 2528 2028 2595 Deus,

441 2627 679 2684 invidere
707 2644 804 2684 vos
843 2642 938 2699 per
975 2627 1270 2683 calumnias
1294 2634 1502 2681 vestras
1544 2621 1828 2678 ostenditis
1858 2639 1871 2676 :
1897 2631 1950 2676 et
1981 2619 2028 2675 si

443 2720 659 2791 quando
696 2718 992 2784 audieritis,
1036 2734 1066 2772 a
1109 2718 1239 2774 solis
1287 2725 1407 2772 ortu
1455 2731 1623 2785 usque
1667 2714 1734 2768 ad
1780 2725 2031 2768 occasum

443 2809 649 2866 laudari
690 2826 888 2866 nomen
919 2809 1125 2865 Domini
1157 2807 1332 2880 (Psal.
1378 2823 1505 2871 cxn,
1538 2807 1628 2877 '5);
1657 2803 1799 2876 quod
1837 2813 1916 2859 est
1946 2802 2028 2857 vi-

441 2915 566 2956 vum
593 2901 932 2966 sacriﬁcium,
961 2900 1030 2956 de
1058 2915 1162 2971 quo
1197 2899 1395 2955 dictum
1426 2907 1528 2960 est,
1558 2894 1778 2950 Immola
1807 2893 1916 2949 Deo
1941 2911 2032 2948 sa-

441 2995 697 3064 crificium
723 2995 889 3049 laudis
919 2992 1093 3065 (Psal.
1123 3008 1269 3056 χιιι,
1299 2992 1388 3061 14)
1419 3009 1433 3044 :
1468 2989 1539 3044 ita
1579 2987 1825 3044 concidet
1853 2986 2032 3042 vultus

445 3098 647 3152 vester,
679 3095 736 3142 ut
765 3087 906 3142 illius
931 3085 1230 3141 homicida.
1249 3083 1353 3140 Sed
1375 3085 1495 3154 quia
1516 3083 1823 3138 universum
1847 3081 2032 3138 orbem

444 3178 756 3234 interimere
792 3195 898 3233 non
929 3178 1172 3248 potestis,
1214 3175 1338 3232 odio
1376 3175 1494 3246 ipso
1523 3175 1601 3230 rei
1647 3173 1923 3240 tenemini,
1951 3173 2033 3229 di-

443 3280 600 3327 cente
642 3270 869 3335 Joanne,
915 3269 1018 3338 Qui
1061 3269 1167 3324 odit
1198 3271 1406 3340 fratrem
1443 3283 1612 3333 suum,
1662 3265 1916 3320 homicida
1957 3273 2030 3320 est

447 3363 491 3436 (l
515 3362 672 3418 Joan.
697 3379 774 3429 Ill,
805 3361 917 3435 15).
944 3362 1011 3417 Ει
1037 3362 1238 3416 utinam
1267 3360 1523 3416 innocens
1548 3357 1714 3414 frater
1735 3359 1789 3412 in
1812 3364 2022 3413 vestro-

441 3472 562 3512 rum
591 3457 766 3527 potius
806 3453 1305 3510 Circumcellionum
1338 3452 1444 3508 tela
1475 3449 1838 3516 trucidandus,
1871 3464 2030 3520 quam

441 3549 497 3606 in
527 3557 760 3604 vestram
789 3547 1058 3618 Iinguam'
1087 3544 1494 3614 rebaptizandus
1521 3543 1790 3598 incurrat!

513 3639 740 3697 CAPUT
780 3636 1318 3694 LXXXVII.—I92.
1359 3635 1548 3691 Ρετιι..
1570 3634 1704 3690 dixit
1729 3651 1742 3689 :
1767 3632 2033 3689 Mancinus

442 3747 533 3787 vos
571 3745 712 3801 ergo,
757 3729 802 3783 si
826 3728 1038 3782 libenter
1067 3728 1309 3790 audiatis,
1345 3736 1393 3780 et
1429 3726 1474 3781 si
1511 3741 1613 3779 non
1647 3723 1854 3778 libenter
1895 3725 2033 3778 acci-

445 3822 584 3893 pilis,
628 3819 993 3883 admonemus;
1035 3820 1153 3890 quia
1195 3817 1446 3871 Dominus
1479 3815 1711 3871 Christus
1747 3832 1850 3870 non
1894 3816 2034 3870 occi-

447 3911 602 3967 dendi
621 3916 861 3984 formam,
891 3909 980 3965 sed
1008 3909 1274 3976 moriendi,
1305 3908 1602 3964 Christianis
1632 3907 1864 3962 instituit.
1894 3907 2033 3962 Nam

445 4005 491 4058 si
513 4004 583 4058 ita
609 4012 951 4074 repugnantes
985 4002 1238 4073 diligeret,
1271 4000 1424 4055 nollet
1451 4016 1543 4071 pro
1573 3999 1716 4054 nobis
1738 3999 1918 4054 occidi.

520 4094 647 4152 I93.
687 4095 824 4151 Aac.
850 4092 1127 4165 respondit
1153 4110 1167 4146 :
1200 4091 1415 4150 Utinam
1445 4091 1671 4147 formam
1699 4091 1816 4162 ejus
1838 4104 2033 4162 seque-

449 4193 638 4244 rentur
666 4193 930 4257 martyres
960 4183 1164 4250 vestri;
1211 4199 1317 4238 non
1347 4197 1406 4238 se
1432 4181 1858 4253 praecipitarent;
1889 4180 2036 4253 quod

445 4279 537 4335 ille
574 4277 789 4335 diabolo
835 4286 1154 4350 suggerente
1190 4291 1296 4332 non
1341 4275 1464 4332 fecit
1509 4273 1737 4348 (Matth.
1765 4290 1836 4340 IV,
1876 4274 1930 4342 6,
1955 4274 2032 4344 7).

446 4372 556 4430 Vos
581 4385 760 4429 autem
780 4387 900 4428 cum
928 4373 1159 4442 majores
1184 4378 1396 4426 nostros
1417 4370 1576 4425 etiam
1600 4367 1879 4424 defunctos
1901 4367 2035 4423 falso

442 4464 752 4522 testimonio
770 4462 1173 4534 persequimini,
1199 4461 1288 4516 ubi
1311 4461 1592 4531 accepistis
1612 4460 1749 4515 hanc
1767 4457 2034 4514 formam?

445 4555 600 4626 Quod
631 4570 728 4611 nos
757 4556 1057 4626 ignotorum
1098 4551 1408 4608 criminibus
1447 4551 1714 4607 maculare
1741 4549 2031 4618 conamini,

447 4663 571 4704 cum
594 4656 896 4704 vestrorum
924 4645 1204 4700 malefacta
1237 4643 1513 4698 notissima
1541 4641 1690 4698 vobis
1718 4643 1908 4699 obesse
1933 4657 2033 4698 no-

442 4739 574 4805 litis,
601 4739 690 4794 ubi
711 4737 991 4808 accepistis
1014 4735 1153 4790 hanc
1179 4732 1437 4788 formam?
1465 4733 1570 4790 Sed
1599 4733 1818 4789 nimium
1846 4749 2036 4805 super-

444 4829 639 4896 himus,
663 4830 707 4884 si
733 4829 802 4885 de
829 4829 984 4885 nobis
1005 4841 1408 4894 succensemus,
1430 4841 1550 4882 cum
1578 4824 1833 4882 adversus
1860 4827 2034 4896 ipsum

445 4918 732 4976 Dominum
760 4936 857 4976 vos
883 4920 1074 4976 falsum
1105 4919 1468 4977 testimonium
1512 4919 1692 4975 dicere
1717 4918 1993 4975 videamus
2018 4938 2032 4974 :

444 5009 876 5082 quandoquidem
906 5010 1019 5082 ipse
1050 5011 1347 5068 Ecclesiam
1378 5023 1527 5064 suam
1560 5025 1656 5081 per
1688 5024 1874 5066 omnes
1898 5025 2032 5081 geu-

445 5109 528 5157 tes
548 5109 602 5155 et
627 5099 872 5170 promisit
899 5111 952 5156 et
975 5101 1244 5166 exhibuit;
1273 5109 1328 5156 et
1354 5117 1447 5156 vos
1469 5099 1853 5155 contradicitis.
1884 5099 2034 5158 Hanc

443 5205 576 5248 vero
606 5189 832 5245 formam
862 5205 960 5245 nec
990 5189 1058 5244 ab
1100 5191 1230 5262 ipsis
1257 5189 1456 5245 ludat-is
1481 5189 1910 5260 persecutoribus
1938 5205 2032 5245 ac-

444 5282 662 5355 cepistis
691 5299 704 5336 :
738 5280 817 5336 illi
845 5281 987 5338 enim
1017 5283 1283 5354 persecuti
1313 5293 1436 5339 sunt
1461 5298 1678 5340 carnem
1707 5284 2033 5340 ambulantis

441 5399 517 5447 Sic
537 5407 728 5509 ιδεμ-εἵη]
752 5393 875 5446 infra
895 5407 1005 5444 cum
1027 5396 1249 5458 ipsismet
1273 5395 1417 5445 editis
1433 5394 1646 5459 habent,
1678 5393 1774 5446 vita
1805 5392 2034 5459 carniﬁce

446 5471 644 5509 cructen
666 5472 742 5508 ur.

446 5471 742 5510 crucientur.

507 5543 535 5616 ﬁ
552 5543 687 5616 aditi,
711 5548 758 5593 et
779 5540 876 5593 vita
897 5537 1144 5604 carniﬁce.
1170 5539 1419 5603 Particula,
1442 5548 1505 5606 et,
1533 5557 1629 5594 non
1653 5551 1730 5596 est
1772 5545 1824 5594 in
1868 5556 2035 5593 manu-

441 5611 651 5792 ΞΞΞΞῘ
677 5675 731 5720 et
749 5673 846 5733 Ern,
883 5665 939 5720 in
957 5671 1162 5719 vestram
1198 5676 1376 5730 aquam
1404 5668 1845 5724 :dissentientibus
1865 5681 2037 5721 manu-

1291 205 1562 266 (IONTRA
1599 201 1934 261 LIT'I'ERAS
1972 195 2329 269 PETILIANI,
2394 199 2453 258 S.
2493 199 2861 260 AUGUSTINI

3651 190 3775 266 320;

2149 317 2201 371 in
2251 325 2422 383 terra;
2469 331 2564 372 vos
2606 317 2956 389 Evangelium
3006 317 3244 378 sedentis
3289 319 3344 379 in
3387 321 3550 380 calo.
3595 324 3751 395 Quod

2145 408 2490 480 Evangelinm
2517 410 2697 466 mitius
2739 410 2960 482 pertulit
2998 413 3339 472 saevientium
3371 432 3560 488 regum
3589 417 3750 475 flam-

2145 516 2281 566 mas,
2313 517 2473 572 quam
2505 510 2712 558 vestras
2740 503 2938 574 patitur
2957 503 3167 577 linguas
3194 525 3208 562 :
3236 523 3360 564 nam
3401 509 3510 567 illis
3553 511 3750 568 incen-

2146 594 2397 652 dentibus
2447 595 2625 652 unitas
2679 597 2899 666 mansit,
2945 598 3100 655 vobis
3141 600 3488 672 loquentibus
3523 591 3775 662 manere

2144 702 2252 743 non
2280 688 2470 760 potuit.
2496 688 2598 758 Qui
2631 689 2794 747 verba
2824 691 3038 748 Domini
3061 703 3257 750 exusta
3289 697 3587 767 cupiebant
3618 699 3750 756 abo-

2142 780 2264 848 leri,
2296 797 2402 838 non
2434 782 2724 839 credebant
2748 798 2909 855 posse
2937 783 3075 842 lecta
3117 790 3412 845 contemni.
3451 790 3572 848 Non
3620 807 3749 865 ergo

2143 873 2222 928 illi
2283 873 2339 930 in
2408 875 2698 947 Evangelio
2742 885 3060 934 exercerent
3088 878 3332 938 ﬂammas
3374 897 3520 951 suas,
3568 886 3622 940 si
3666 886 3746 942 eis

2144 977 2330 1024 contra
2399 969 2744 1040 Evangelium
2795 971 3173 1040 permitteretis
3243 973 3454 1046 linguas
3500 987 3747 1034 uestras.

2144 1057 2200 1114 In
2231 1059 2320 1114 illa
2350 1061 2727 1130 persecutione
2764 1062 3114 1133 Evangelium
3141 1061 3343 1121 Christi
3372 1067 3441 1123 ab
3474 1069 3602 1124 aliis
3643 1085 3748 1124 sm-

2141 1152 2410 1210 vientibus
2449 1153 2807 1224 quaerebatur,
2838 1155 2907 1211 ab
2934 1155 3055 1212 aliis
3081 1159 3444 1216 metuentibus
3470 1160 3746 1231 prodeba-

2143 1250 2250 1308 tur,
2286 1243 2355 1299 ab
2389 1243 2509 1300 aliis
2534 1245 2876 1301 saevientibus
2912 1245 3321 1316 incendebatur,
3363 1250 3432 1306 ab
3465 1252 3593 1307 aliis
3619 1253 3745 1308 dili~

2141 1334 2392 1404 gentibus
2432 1335 2892 1403 abscondebatur;
2923 1338 3084 1394 nullis
3111 1340 3613 1398 contradicentibus
3647 1360 3744 1415 op-

2142 1427 2474 1497 pugnabatur
2503 1445 2516 1482 :
2545 1427 2920 1484 sceleratiores
2944 1429 3097 1486 vobis
3127 1432 3520 1502 persecutionis
3558 1447 3745 1506 partes

2142 1525 2412 1572 transacta
2446 1518 2684 1590 gentium
2712 1519 3086 1588 persecutione
3124 1524 3403 1579 servastis.
3432 1524 3537 1592 Qui
3579 1525 3741 1582 Chri-

2142 1611 2210 1665 sti
2238 1624 2433 1666 nomen
2466 1611 2943 1683 persequebantur,
2973 1611 3190 1670 Christo
3229 1615 3574 1674 crediderunt
3609 1621 3741 1691 :qtti

2141 1713 2363 1774 propter
2401 1704 2598 1761 Christi
2638 1721 2835 1763 nomen
2874 1705 3229 1776 honorantur,
3267 1707 3484 1767 Christo
3517 1722 3741 1769 contra-

2139 1794 2344 1850 dicunt.

2212 1885 2440 1943 CAPUT
2485 1887 2822 1944 LXXXVIII.
2857 1919 2930 1930 —-
2973 1889 3097 1946 194.
3139 1890 3330 1948 Ρετιι..
3372 1893 3508 1950 dixit
3545 1913 3560 1951 :
3607 1895 3740 1954 Ecce

2140 1977 2276 2032 vobis
2320 1979 2668 2049 plenissimum
2709 1982 3082 2051 documentum,
3123 1985 3260 2054 quod
3305 1985 3599 2045 Christiano
3639 2009 3741 2046 non

2145 2067 2290 2122 liceat
2319 2069 2372 2122 in
2403 2071 2623 2140 pernicie
2651 2069 2820 2126 aliena
2861 2073 3068 2128 versari.
3101 2073 3402 2146 Disciplina:
3426 2089 3604 2134 autem
3647 2083 3741 2136 hu-

2134 2160 2223 2230 jus
2256 2161 2457 2215 initium
2494 2161 2649 2218 Petro
2694 2173 2767 2218 est
2795 2166 3139 2231 constitutum,
3187 2167 3316 2222 sicut
3343 2171 3596 2242 scriptum
3624 2183 3699 2228 est
3719 2191 3737 2228 :

2148 2269 2167 2302 ι
2203 2250 2456 2307 Percussit
2503 2252 2690 2309 Petrus
2738 2257 3022 2310 auriculam
3061 2259 3192 2313 servi
3237 2261 3485 2331 principis
3517 2261 3738 2318 Judae-

2141 2362 2274 2414 rum,
2313 2359 2358 2401 ct
2398 2347 2610 2402 abscidit
2657 2365 2790 2403 eam.
2824 2348 3063 2422 Dixitque
3104 2350 3182 2406 illi
3215 2351 3368 2408 Iesus
3393 2371 3413 2408 :
3441 2351 3620 2421 Petre,
3661 2373 3738 2412 re-

2139 2435 2301 2491 conde
2323 2437 2554 2509 gladium
2579 2449 2720 2492 tuum
2760 2440 2812 2493 in
2842 2439 3006 2496 theca.
3049 2440 3152 2507 Qui
3177 2443 3311 2498 enim
3352 2445 3531 2516 gladio
3553 2448 3736 2517 utitur,

2148 2527 2320 2598 gladio
2356 2530 2599 2583 morietur
2634 2549 2652 2582 ι
2687 2529 2900 2601 (Matth.
2929 2547 3081 2600 xxVI,
3111 2532 3202 2600 51,
3231 2535 3349 2606 52).

2212 2619 2334 2675 I95.
2375 2621 2510 2677 Anc.
2553 2622 2829 2693 respondit
2855 2641 2869 2678 :
2895 2622 3004 2680 Cur
3026 2639 3154 2696 ergo
3177 2641 3281 2682 non
3306 2627 3399 2683 tali
3425 2644 3560 2686 voce
3585 2645 3736 2687 com-

2140 2712 2358 2781 pescitis
2383 2727 2531 2767 arma
2561 2711 3108 2772 Circumcellionum?
3147 2720 3228 2773 An
3257 2729 3457 2790 praztcr
3484 2721 3735 2796 Evange-

2139 2801 2269 2856 lium
2304 2817 2401 2858 vos
2449 2803 2594 2874 loqui
2639 2804 2993 2873 arbitremini,
3043 2808 3090 2863 si
3126 2807 3399 2876 dixeritis,
3442 2811 3546 2880 Qui
3601 2813 3737 2870 fuste

2139 2909 2266 2950 usus
2297 2893 2473 2960 fuerit,
2506 2896 2643 2951 fuste
2672 2896 2974 2952 morietur?
3017 2899 3147 2955 Date
3176 2915 3306 2972 ergo
3333 2903 3574 2973 veniam,
3617 2906 3736 2976 quia

2139 3001 2239 3041 nec
2264 2986 2384 3042 illos
2417 3002 2446 3042 a
2474 2988 2667 3059 quibus
2707 2989 2998 3046 Marculum
3033 2993 3421 3063 praecipitatum
3448 3011 3576 3053 esse
3605 3013 3736 3070 que-

2139 3079 2341 3146 rimini,
2387 3081 2658 3152 potuerint
2709 3081 2994 3152 prohibere
3043 3085 3275 3154 majores
3318 3089 3536 3143 nostri:
3567 3105 3736 3162 neque

2141 3173 2284 3228 enim
2314 3174 2569 3244 scriptum
2596 3185 2680 3230 est
2706 3175 2760 3229 in
2790 3174 3104 3247 Evangelio,
3135 3177 3237 3247 Qui
3284 3179 3517 3252 aliquem
3548 3183 3738 3253 νηοὶ·

2140 3268 2404 3338 pitaverit,
2458 3269 2751 3339 praecipitio
2802 3269 3081 3326 morietur.
3131 3273 3306 3342 Atque
3350 3275 3556 3330 utinam
3602 3277 3736 3331 sicut

2144 3359 2232 3414 illa
2273 3358 2361 3414 vel
2396 3358 2528 3414 falsa
2565 3360 2647 3415 vel
2692 3369 2959 3417 transacta
2999 3371 3145 3430 sunt,
3190 3363 3270 3419 sic
3319 3364 3546 3420 istorum
3604 3366 3735 3438 ligna

2140 3453 2472 3507 cessarent‘.
2514 3452 2827 3524 Quanquam
2853 3451 3082 3511 fortasse
3124 3453 3439 3524 irascimini,
3480 3457 3629 3528 quod
3663 3457 3734 3513 lo-

2139 3543 2387 3615 gionihus
2440 3544 2654 3611 vestris,
2713 3546 2814 3600 etsi
2870 3560 2978 3600 non
3031 3544 3256 3615 legibus,
3315 3547 3508 3602 saltem
3557 3547 3732 3604 verbis

2140 3634 2501 3691 subtrahimus
2547 3645 2894 3702 armaturam,
2939 3637 3062 3708 quia
3110 3653 3204 3693 eas
3245 3639 3378 3695 solis
3420 3641 3616 3697 saevire
3653 3639 3733 3696 fu-

2141 3727 2312 3782 stibus
2337 3725 2596 3782 dicimus.
2624 3727 2792 3783 Vetus
2811 3728 3008 3798 quippe
3039 3729 3138 3784 ista
3168 3743 3358 3786 eorum
3383 3731 3592 3788 malitia
3620 3731 3730 3800 fuit,

2141 3832 2283 3872 nunc
2319 3827 2498 3873 autem
2545 3818 2768 3873 nimium
2815 3820 3174 3890 profecerunt.
3220 3819 3355 3876 Nam
3401 3821 3546 3879 inter
3583 3824 3732 3878 vino-

2141 3910 2284 3966 lenta
2311 3911 2572 3977 convivia,
2605 3920 2660 3966 et
2687 3926 2808 3968 cum
2842 3911 3056 3968 feminis
3085 3913 3309 3968 maritos
3337 3929 3446 3970 non
3488 3915 3729 3972 habenti-

2141 4002 2262 4069 bus,
2311 4002 2535 4058 liberam
2575 4002 2888 4070 comitandi,
2931 4003 3177 4075 vagandi,
3215 4004 3456 4075 jocandi,
3496 4005 3728 4071 bibendi,

2142 4094 2499 4165 pernoctandi
2527 4094 2820 4162 licentiam,
2847 4110 2955 4152 non
2983 4097 3155 4151 solum
3184 4095 3354 4152 fustes
3379 4106 3621 4167 tomare,
3642 4096 3728 4154 sed

2143 4189 2304 4243 etiam
2344 4186 2544 4244 ferrum
2569 4188 2794 4261 (vibrare
2836 4198 2891 4245 et
2915 4188 3106 4245 fundas
3132 4189 3503 4264 circumagere
3531 4192 3727 4250 didieeo

2144 4289 2287 4336 runt.
2335 4279 2442 4337 Sed
2479 4296 2577 4337 cur
2605 4281 2684 4338 eis
2713 4296 2823 4337 non
2850 4281 3025 4338 dicam
3055 4280 3187 4355 (quo
3229 4284 3411 4340 animo
3445 4283 3648 4353 dicam,
3679 4292 3728 4340 et

2141 4386 2248 4444 quo
2276 4373 2350 4428 illi
2379 4373 2663 4444 accipiant,
2695 4375 2906 4430 noverit
2943 4374 3132 4447 Deus),
3163 4374 3361 4444 Insani,
3387 4376 3599 4448 gladius
3630 4376 3726 4434 Pe-

2142 4467 2210 4523 tri
2249 4467 2493 4538 quamvis
2535 4466 2711 4524 adhuc
2758 4467 2958 4523 carnali
3002 4477 3152 4524 motu
3193 4469 3382 4537 animi,
3414 4477 3598 4527 tamen
3637 4482 3724 4541 pro

2141 4555 2339 4613 Christi
2373 4573 2599 4630 corpore
2627 4558 2682 4614 in
2711 4573 2906 4629 corpus
2934 4560 3298 4630 persecutoris
3337 4570 3588 4618 exsertus
3615 4569 3722 4625 est;

2141 4659 2318 4706 vestra
2363 4664 2492 4706 vero
2535 4665 2684 4706 arma
2727 4649 2987 4707 adversus
3033 4650 3309 4708 Christum
3356 4651 3528 4708 divisa
3570 4662 3719 4711 sunt:

2141 4755 2337 4812 corpus
2373 4756 2500 4797 vero
2521 4741 2606 4797 cui
2637 4741 2728 4798 ille
2753 4750 2913 4813 caput
2953 4750 3058 4810 est,
3090 4742 3143 4798 id
3188 4752 3292 4811 est,
3325 4742 3569 4800 Ecclesia
3595 4745 3718 4815 ejus,

2143 4848 2238 4903 per
2261 4848 2450 4890 omnes
2485 4843 2673 4905 gentes
2710 4842 2811 4891 est.
2845 4835 2964 4906 Ipse
2989 4833 3095 4891 hoc
3133 4834 3291 4903 dixit,
3329 4844 3386 4892 et
3412 4835 3655 4893 ascendit
3675 4835 3721 4890 in

2141 4928 2358 4996 coelum,
2389 4943 2498 4999 quo
2527 4943 2650 4983 eum
2687 4927 2837 4983 furor
2861 4927 3172 4984 Judteorum
3201 4929 3358 5000 sequi
3388 4945 3494 4985 non
3523 4930 3721 5000 potuit:

2140 5034 2194 5083 et
2233 5022 2472 5080 membra
2511 5023 2632 5093 ejus
2682 5021 2738 5077 in
2784 5035 3012 5093 corpore
3055 5021 3198 5092 quod
3239 5023 3543 5078 ascendens
3587 5037 3722 5078 eom-

2139 5115 2430 5180 mendavit,
2462 5113 2611 5170 furor
2649 5121 2826 5170 vester
2852 5121 3142 5184 oppugnat.
3177 5113 3284 5169 Pro
3326 5113 3446 5169 istis
3479 5112 3721 5170 membris

2139 5208 2395 5264 adversus
2425 5221 2522 5261 vos
2548 5205 2797 5273 savium,
2828 5213 2884 5261 et
2907 5205 3058 5262 vobis
3094 5205 3374 5273 resistunt,
3405 5204 3718 5275 quicumque

2141 5301 2194 5356 in
2221 5299 2492 5356 Catholica
2518 5313 2696 5369 parva:
2723 5297 2900 5353 adhuc
2939 5295 3086 5364 ﬁdei,
3126 5311 3196 5354 eo
3235 5296 3418 5352 animo
3443 5305 3591 5363 sunt,
3622 5307 3714 5366 quo

2141 5402 2268 5449 tunc
2310 5391 2502 5448 Petrus
2544 5391 2663 5459 fuit,
2711 5406 2834 5447 cum
2876 5389 3080 5447 ferrum
3122 5405 3221 5462 pro
3264 5389 3467 5447 Christi
3515 5388 3719 5446 nomine

2141 5485 2374 5542 strinxit.
2412 5483 2519 5542 Sed
2555 5484 2779 5541 multum
2817 5485 3042 5541 interest
3091 5486 3238 5540 inter
3275 5489 3511 5540 vestram
3550 5493 3716 5556 perse-

2209 5667 2225 5698 ι
2253 5663 2399 5738 Editi,
2436 5661 2603 5738 lingua
2654 5668 2880 5719 cessaret.
2910 5663 3234 5718 mandantur
3284 5663 3574 5720 auctoritate
3629 5670 3715 5720 aa-

2145 5733 2515 5794 nuscriptorum.
