3792 6128
45 250 135 308 32!

47 361 296 421 cntionem
339 362 398 412 et
434 337 683 411 istorum.
712 349 823 408 Vos
847 347 1051 406 similes
1089 346 1220 403 estis
1246 357 1405 400 servo
1442 354 1627 396 sacer-

51 451 177 508 dotis
191 447 502 505 Iudaeorum
526 461 542 511 ;
570 444 692 516 quia
720 441 1020 498 servientes
1044 435 1374 510 principibus
1401 431 1628 498 vestris,

51 543 290 602 adversus
338 538 638 596 Ecclesiam
689 533 1010 592 catholicam
1032 572 1047 598 ,
1094 529 1147 586 id
1195 536 1279 585 est
1298 569 1313 594 ,
1368 525 1629 582 adversus

53 634 236 694 Christi
260 646 462 703 corpus
476 627 761 686 armamini
787 643 800 681 :
829 623 918 681 isti
945 631 1124 679 autem
1146 620 1286 676 tales
1311 625 1458 684 sunt,
1493 629 1628 687 qua-

56 730 112 785 lis
135 737 259 783 tunc
282 725 478 781 Petrus
518 720 638 787 fuit,
677 718 768 790 qui
808 731 906 789 pro
943 713 1143 771 Christi
1174 724 1423 782 corpore,
1452 706 1506 764 id
1530 715 1633 774 est,

60 836 145 892 pro
163 817 427 882 Ecclesia,
454 814 615 870 etiam
640 808 994 882 corporaliter
1021 811 1279 877 pugnant.
1308 800 1417 858 Sed
1440 800 1486 856 si
1507 799 1638 870 ipsis

58 913 235 968 dicitur
281 918 343 964 ut
383 907 678 978 quiescant,
721 903 865 960 sicut
909 900 1072 956 Petro
1110 906 1237 952 tunc
1275 895 1478 951 dictum
1518 899 1635 955 est;

59 1014 238 1077 quanto
266 1001 440 1072 magis
463 999 616 1055 vobis
643 993 932 1052 dicendum
961 999 1066 1059 est,
1091 999 1150 1045 ut
1174 987 1432 1044 haeretica
1458 984 1641 1040 lurore

61 1073 315 1165 deposito‘
367 1091 436 1147 ad
476 1105 541 1146 ea
567 1087 810 1143 membra
839 1081 1174 1156 pertineatis,
1206 1094 1306 1150 pro
1330 1077 1525 1149 quibus
1564 1073 1642 1128 illi

65 1191 131 1243 sic
152 1185 427 1242 dimicant.
459 1180 566 1238 Sed
595 1178 709 1235 laesi
735 1192 766 1231 a
797 1175 996 1232 talibus
1024 1172 1186 1228 etiam
1212 1184 1312 1225 nos
1337 1167 1547 1232 odistis,
1587 1171 1644 1219 et

66 1291 294 1348 tauquam
333 1288 495 1332 aures
532 1270 785 1327 dexteras
826 1263 1190 1337 perdideritis,
1236 1259 1513 1315 Christum
1558 1271 1644 1313 se-

67 1374 262 1428 dentem
299 1367 370 1424 ad
411 1365 584 1422 Patris
613 1362 893 1419 dexteram
933 1373 1043 1413 non
1072 1353 1288 1411 auditis.
1317 1351 1422 1408 Sed
1449 1349 1646 1420 quibus

70 1465 256 1532 loquar,
300 1468 398 1514 aut
417 1456 631 1527 quando
659 1454 745 1512 eis.
759 1451 972 1522 loquar,
998 1447 1192 1519 quibus
1217 1460 1316 1501 nec
1346 1445 1533 1498 horam
1561 1442 1646 1496 in-

71 1557 227 1619 venio,
279 1551 471 1606 vinum
518 1548 684 1604 etiam
731 1559 892 1599 mane
936 1539 1332 1602 ructuantibus,
1381 1536 1496 1591 sive
1535 1534 1648 1605 jam

70 1644 234 1708 ebriis,
275 1642 393 1698 sive
431 1638 648 1696 adhuc'
673 1636 696 1690 ?
722 1633 975 1704 Quinimo
1001 1639 1057 1687 et
1084 1629 1380 1694 minantur,
1411 1640 1520 1681 non
1557 1637 1651 1680 so-

74 1737 170 1792 lum
206 1733 306 1799 illi,
346 1730 448 1789 sed
474 1729 543 1786 de
584 1727 690 1784 illis
717 1725 877 1782 etiam
918 1720 1157 1794 episcopi
1185 1719 1448 1790 ipsorum,
1479 1714 1652 1788 parati

76 1841 252 1899 negare
296 1823 368 1881 ad
407 1838 469 1880 se
507 1821 777 1893 pertinere
820 1815 963 1889 quod
993 1813 1240 1870 fecerint.
1285 1810 1461 1865 Donet
1497 1805 1654 1864 nobis

77 1918 316 1976 Dominus
362 1914 633 1971 canticum
674 1909 954 1982 graduum,
997 1919 1104 1977 quo
1145 1903 1327 1959 dicere
1364 1899 1650 1971 possimus,

79 2011 186 2066 Cum
223 2011 301 2065 his
336 2008 427 2080 qui
461 2007 675 2062 oderunt
703 2019 896 2074 pacem,
939 2016 1077 2054 eram
1107 1997 1390 2069 paciﬁcus;
1435 2009 1549 2048 cum
1579 1993 1656 2047 lo-

79 2103 246 2175 quebar
272 2102 367 2168 eis,
395 2098 715 2154 debellabant
740 2111 819 2150 me
845 2093 1003 2165 gratis
1034 2087 1208 2162 (Psal.
1236 2102 1382 2153 cxlx,
1416 2085 1494 2157 7).
1519 2083 1659 2139 Dicit

81 2173 205 2251 enim
232 2193 334 2249 hoc
361 2205 562 2261 corpus
589 2186 812 2254 Christi,
844 2182 987 2256 quod
1018 2197 1114 2252 per
1142 2188 1306 2235 totam
1336 2185 1556 2243 terram,
1588 2173 1658 2228 ab

82 2285 186 2341 aliis
203 2283 306 2350 hic,
330 2283 401 2339 ab
430 2282 551 2338 aliis
576 2279 722 2344 alibi,
755 2287 811 2332 et
840 2276 908 2331 ab
935 2271 1185 2330 omnibus
1209 2270 1326 2324 aliis
1351 2277 1513 2339 atque
1537 2265 1658 2322 aliis

86 2376 384 2446 ubicumque
406 2381 554 2436 sunt,
586 2368 856 2426 hmreticis
881 2371 1219 2437 oppugnatur
1245 2361 1342 2432 (a).

143 2466 359 2547 CAPUT
398 2461 768 2521 LXXXIX.—
800 2459 920 2516 196.
951 2457 1140 2513 Ρετιι..
1169 2453 1303 2510 dixit
1332 2470 1344 2506 :
1382 2449 1543 2521 Ergo,
1572 2449 1657 2504 in-

91 2543 238 2631 quam,
261 2567 475 2614 mortem
495 2573 588 2629 pro
609 2556 711 2625 fide
729 2551 1042 2609 subeundam
1067 2547 1344 2613 constituit,
1374 2560 1528 2615 quam
1552 2543 1663 2598 cui-

91 2668 222 2722 quam
245 2668 337 2724 pro
379 2648 734 2705 communione
761 2642 1048 2718 faciendam
1074 2640 1115 2694 ³.
1149 2637 1506 2694 Christianitas
1530 2637 1665 2690 enim

94 2742 314 2798 mortibus
344 2741 572 2813 pro/icit.
618 2737 758 2792 Nam
799 2751 944 2790 nemo
972 2732 1298 2804 ﬁdelissimus
1327 2727 1349 2760 δ
1378 2728 1592 2792 viveret,
1621 2726 1668 2781 si

95 2852 213 2892 mors
244 2854 275 2889 a
301 2834 541 2905 fidelibus
570 2833 846 2886 timeretur.
888 2827 1026 2881 Dicit
1059 2824 1193 2879 enim
1239 2820 1488 2876 Dominus
1513 2817 1666 2874 Chri-

97 2937 229 2984 stus:
260 2947 278 2980 ι
311 2927 374 2983 Si
407 2941 630 2998 granum
654 2921 808 2977 tritici
842 2918 1028 2974 cadens
1054 2918 1106 2970 in
1135 2925 1322 2970 terram
1346 2929 1447 2967 non
1474 2911 1666 2965 moria-

99 3032 183 3088 tur,
205 3021 366 3077 solum
392 3027 600 3084 manet;
629 3018 674 3072 si
706 3025 876 3070 autem
907 3011 1175 3076 moriatur,
1205 3008 1416 3062 multant
1447 3009 1669 3078 fructum

104 3114 204 3182 facit
231 3132 248 3166 ι
277 3110 461 3184 (Joan.
489 3125 585 3175 ιιι,
613 3108 708 3175 24,
730 3106 847 3179 25).

160 3204 274 3261 197.
304 3205 446 3261 Ave.
481 3199 759 3272 respondit
785 3216 800 3253 :
829 3197 1038 3253 Vellem
1079 3194 1220 3250 scire
1259 3193 1380 3264 quis
1408 3192 1581 3263 primo
1604 3189 1672 3246 de

102 3307 233 3370 parte
251 3307 428 3355 vestra
455 3311 515 3352 se
540 3290 972 3366 praecipitaverit.
995 3286 1162 3344 Valde
1183 3287 1379 3356 quippe
1404 3283 1533 3339 illud
1553 3297 1674 3354 gra-

103 3406 212 3446 num
239 3389 411 3446 fertile
438 3388 561 3455 l'uit,
590 3386 733 3442 unde
763 3393 906 3440 tanta
936 3396 1089 3453 seges
1110 3379 1564 3451 prmcipitatorum
1585 3390 1675 3432 ca-

105 3479 334 3536 daverum
359 3478 661 3550 pullulavit.
689 3476 828 3532 Sane
848 3489 971 3530 cum
1001 3471 1287 3528 verborum
1317 3468 1530 3524 Domini
1555 3481 1673 3524 mc-

109 3571 366 3637 mineritis,
410 3571 537 3640 quia
564 3583 624 3624 se
652 3566 786 3621 dixit
810 3580 1036 3636 granum
1068 3561 1385 3617 moriturum
1406 3601 1421 3628 ,
1453 3567 1510 3614 et
1533 3559 1676 3614 mul-

109 3670 204 3719 tum
230 3663 455 3720 lructum
484 3661 778 3724 facturum;
805 3671 972 3729 quare
1002 3656 1102 3727 ipsi
1134 3654 1326 3710 fructui
1352 3694 1366 3720 ,
1409 3651 1553 3724 quod
1583 3667 1677 3723 per

110 3763 258 3812 totum
283 3755 540 3813 mundum
561 3752 905 3809 veracissime
931 3749 1030 3823 (b),
1063 3747 1369 3819 provenerit
1389 3744 1672 3811 invidetis;

113 3851 224 3908 etei
249 3850 573 3908 zizaniorum
599 3847 682 3902 vel
719 3845 886 3916 palea:
914 3841 1159 3908 crimina,
1195 3840 1281 3895 vel
1309 3854 1428 3911 qua:
1453 3837 1677 3894 audistis

113 3943 183 3998 vel
205 3959 316 4015 qua:
345 3942 596 4009 ﬁnxistis,
625 3938 901 4010 objicitis?

174 4036 386 4097 CAPUT
425 4035 542 4093 XC.
573 4063 646 4077 —-
673 4033 798 4089 198.
828 4031 1012 4086 Ρετιι..
1045 4028 1184 4085 dixit
1215 4045 1230 4082 :
1258 4027 1364 4083 Sed
1391 4043 1478 4083 vos
1503 4027 1680 4096 spinas

118 4139 245 4201 atque
269 4131 489 4197 zizania,
521 4144 623 4182 non
649 4125 844 4180 semina
867 4122 1106 4194 spargitis
1125 4161 1140 4188 ,
1169 4136 1283 4174 cum
1307 4119 1486 4188 quibus
1515 4134 1602 4173 vos
1625 4117 1682 4172 in

119 4235 288 4276 manto
305 4220 506 4294 judicio
535 4218 708 4273 deceat
747 4211 1079 4270 concremari.
1127 4209 1252 4265 Non
1297 4208 1682 4271 maledicimus;

120 4311 194 4364 sed
231 4312 388 4366 omnis
430 4309 638 4380 spinosa
677 4304 982 4361 conscientia
1006 4343 1022 4369 ,
1065 4300 1164 4356 Dei
1203 4299 1448 4355 sententia
1488 4299 1562 4353 sic
1605 4305 1683 4351 te-

124 4415 264 4460 nctur.

185 4495 297 4554 199.
326 4497 464 4553 Anc.
490 4492 766 4565 respondit
796 4508 809 4546 :
840 4490 1039 4548 Saltem
1069 4484 1577 4544 commemoratione
1606 4483 1686 4538 zi-

130 4589 382 4646 zaniorum
408 4588 568 4646 simul
606 4586 701 4642 tibi
729 4594 786 4641 et
811 4584 1044 4640 triticum
1082 4580 1290 4636 veniret
1325 4578 1379 4632 in
1407 4585 1685 4643 mentem;

131 4683 232 4750 quia
255 4693 475 4756 utraque
514 4697 614 4753 per
654 4694 840 4750 agrum
876 4677 1026 4750 jussa
1070 4683 1195 4730 sunt
1235 4685 1482 4728 crescere
1521 4685 1691 4742 usque

188 4883 203 4914 ¹
229 4890 318 4933 Αιιι.
343 4891 395 4935 et
415 4889 511 4943 Er.,
533 4893 698 4932 errore
723 4877 952 4943 deposito.

189 4945 207 4976 ‘
351 4931 461 4996 sive
479 4931 639 4994 dum
656 4986 670 5006 ,
695 4931 987 5006 adjecerunt
1008 4934 1354 5006 _Lt_)_v_anjeuses,
1377 4931 1694 5006 potantibus:

141 5017 193 5054 ex
211 4997 336 5057 mera
355 5007 632 5063 conjectura
655 4997 848 5063 Erasmi,
869 5001 953 5063 qui
977 4998 1022 5048 id
1047 4999 1112 5063 ibi
1145 4997 1328 5046 deesse
1367 5001 1622 5063 notaverat
1644 4997 1696 5045 in

139 5054 343 5138 orans.
362 5054 558 5138 sane
575 5066 670 5138 ιοςί
710 5054 1394 5138 substitissent},
1418 5054 1562 5138 ebrii:
1581 5069 1597 5117 ς
1618 5063 1690 5117 ιιι,

138 5117 419 5242 ἕετεῇςῗὲἔιεξ
434 5117 724 5181 ebrietatem
744 5126 947 5177 denotet
963 5117 1077 5172 Vnou
1099 5120 1432 5182 incipientem,
1472 5117 1561 5167 sed
1580 5131 1694 5181 per-

169 5203 382 5243 urantem.

196 5253 214 5284 ⁸
234 5240 378 5306 εἰ.ἱί
395 5261 526 5312 ων..
551 5264 659 5316 quia
680 5249 851 5316 cuique
873 5259 962 5312 pro
982 5241 1305 5297 communione
1326 5240 1567 5316 facienda.
1598 5247 1696 5316 ιρ-

143 5323 236 5383 glm
253 5302 607 5368 mvaniensiuni
619 5302 798 5383 judicio
819 5302 1096 5373 corruptum
1116 5302 1340 5356 sanamus
1361 5303 1577 5354 subsidio
1593 5302 1700 5352 Gal-

146 5371 378 5438 licanorum
398 5371 846 5438 manuscriptorum.

171 5425 776 5505 .‘iveterweseodices'duo,
799 5432 1110 5484 Eudovieusis
1133 5438 1184 5481 et
1200 5428 1530 5489 Floriacensis,
1555 5425 1697 5492 fidis-

148 5537 592 5684 (altrum
611 5562 644 5610 '5
662 5567 827 5610 contra
855 5557 1189 5617 Cresconium,
1210 5566 1313 5616 mp.
1337 5552 1417 5614 67,
1447 5560 1498 5602 et
1531 5551 1616 5601 lib.
1641 5551 1690 5613 ι,

225 5659 236 5671 -
257 5642 313 5676 ω
335 5642 471 5676 θῐυι.

152 5678 263 5794 ulti)
281 5695 414 5799 tam
433 5684 583 5739 Morel
601 5721 616 5743 ,
635 5681 941 5746 ferocissime.
986 5681 1100 5732 vide
1130 5679 1359 5730 Elemeut.
1387 5678 1561 5739 Critia,
1590 5689 1698 5740 pag.

1345 225 1546 286 LIBER
1583 220 1960 282 SECUNDUS.

2245 146 2276 155 ον
2300 146 2311 154 -

3219 221 3328 280 322

1741 335 1810 392 ad
1838 349 2068 392 messem
2097 352 2112 392 :
2140 348 2238 392 vos
2261 340 2439 392 autem
2464 334 2676 392 oculum
2697 333 3086 392 malevolentia:
3108 339 3160 392 in
3186 337 3327 394 ziza-

1741 428 1846 484 niis
1884 427 2081 484 acriter
2107 427 2302 500 ﬁgitis,
2347 435 2402 484 et
2442 435 2630 484 contra
2659 430 2980 485 sententiam
3023 429 3222 486 Christi
3266 446 3333 488 ea

1743 522 1859 577 sola
1887 537 1983 592 per
2008 522 2193 578 orbem
2226 530 2487 579 terrarum
2509 564 2524 591 ,
2569 530 2794 594 excepta
2831 522 3014 579 Africa
3037 564 3052 592 ,
3100 525 3336 583 crevisse

1745 612 2086 669 contenditis.

1817 703 2045 761 CAPUT
2083 703 2221 760 XCI.
2248 734 2319 744 —
2351 704 2481 761 200.
2508 704 2694 760 PETIL.
2722 704 2858 761 dixit
2892 724 2906 760 :
2940 706 3039 762 Ubi
3082 718 3158 762 est
3201 708 3339 777 quod

1746 797 1868 852 dicit
1891 797 2143 852 Dominus
2177 796 2409 854 Christus
2437 815 2455 852 :
2492 816 2510 850 ι
2549 798 2609 854 Si
2636 801 2885 869 acceperis
2913 801 3158 870 alapam,
3200 817 3336 870 pra:-

1748 906 1878 960 para
1900 898 1948 944 et
1977 890 2191 944 alteram
2215 890 2482 944 maxillam
2518 909 2538 942 ι
2575 889 2786 960 (Matth.
2815 905 2870 954 v,
2898 889 3032 962 59)?
3059 891 3157 948 Ubi
3181 902 3254 946 est
3276 894 3341 946 il-

1749 983 1859 1049 lud,
1889 983 2027 1054 quod
2057 991 2209 1050 sputa
2235 983 2288 1036 in
2311 983 2442 1053 facie
2467 999 2647 1053 passus
2675 992 2770 1050 est,
2802 983 2887 1052 qui
2923 994 3070 1055 sputo
3095 1002 3188 1039 suo
3214 1003 3336 1041 san-

1749 1075 1973 1130 ctissimo
2001 1075 2119 1129 eieci
2148 1075 2324 1128 oculos
2366 1075 2642 1144 patefecit?
2671 1075 2770 1130 Ubi
2794 1083 2865 1129 est
2891 1077 3025 1146 quod
3053 1077 3174 1130 dicit
3211 1095 3340 1143 apo-

1750 1167 1909 1220 stolus
1943 1165 2138 1220 Paulus
2163 1182 2182 1219 :
2213 1184 2232 1218 ι
2271 1165 2332 1221 Si
2350 1167 2463 1236 quis
2488 1182 2574 1220 vos
2594 1166 2647 1219 in
2674 1167 2855 1238 faciem
2875 1167 3064 1222 caedit?
3093 1186 3112 1219 ι
3149 1167 3248 1224 Ubi
3268 1179 3340 1224 est

1751 1256 1888 1327 quod
1911 1258 2092 1311 iterum
2118 1257 2240 1311 dicit
2273 1275 2291 1311 :
2326 1275 2344 1308 ι
2381 1256 2450 1312 1η
2478 1258 2643 1329 plagis
2668 1275 2826 1328 supra
2853 1259 3057 1313 modum
3079 1301 3092 1325 ,
3121 1261 3176 1315 in
3203 1275 3342 1316 mos--

1755 1347 1886 1404 tibus
1928 1347 2244 1420 frequenter,
2283 1349 2336 1403 in
2365 1349 2646 1404 carceribus
2673 1349 3014 1405 abundantius
3051 1370 3070 1404 s
3125 1351 3188 1422 (ll
3221 1351 3343 1408 Cor.

1753 1456 1840 1506 XI,
1873 1440 1979 1506 20,
2006 1439 2144 1511 25)?
2189 1439 2316 1506 Quae
2355 1439 2561 1511 pertulit
2595 1451 2876 1508 memorat,
2919 1459 3021 1496 non
3055 1459 3168 1512 qua:
3203 1443 3343 1513 fecit.

1757 1531 2044 1599 Suffecerat
2073 1531 2192 1600 fidei
2217 1531 2508 1586 christiana:
2527 1539 2560 1585 α
2581 1531 2786 1588 Judwis
2807 1533 2913 1588 [nec
2942 1534 3053 1604 fieri
3080 1550 3100 1589 :
3127 1551 3217 1589 cur
3241 1535 3348 1591 lucc

1760 1624 1930 1678 miseri
1957 1624 2257 1693 perpetratis
2277 1624 2303 1677 Ρ

1830 1716 1956 1773 201.
1988 1719 2121 1774 Aac.
2151 1716 2429 1788 respondit
2462 1737 2475 1772 :
2505 1719 2652 1775 Itane
2676 1733 2808 1775 vero
2832 1735 2929 1777 vos
2954 1731 3170 1794 accepta
3195 1723 3350 1797 alapa

1761 1811 2016 1883 praebetis
2044 1812 2268 1867 alteram
2300 1813 2610 1868 maxillam?
2640 1813 2754 1869 Non
2786 1813 2941 1870 istam
2970 1816 3122 1871 vobis
3154 1816 3351 1874 famam

1761 1903 1965 1960 furiosa
2001 1912 2177 1960 vestra
2207 1905 2415 1975 agmina
2446 1921 2541 1976 per
2570 1913 2733 1960 totam
2776 1904 3009 1962 Africam
3038 1923 3158 1963 cum
3192 1910 3352 1965 terri-

1762 1997 1856 2054 bili
1879 1997 2204 2068 turpitudine
2225 1999 2422 2068 passim
2449 2000 2692 2070 vagantia
2717 2009 3111 2070 compararunt.
3135 2001 3352 2060 Utinam

1765 2089 2040 2146 vobiscum
2066 2091 2460 2160 paciscerentur
2478 2091 2741 2158 homines,
2765 2100 2822 2147 ut
2843 2093 3032 2149 saltem
3054 2095 3352 2152 secundum

1764 2190 2004 2236 veterem
2029 2182 2247 2253 Legem,
2278 2183 2493 2239 oculum
2516 2198 2613 2254 pro
2637 2184 2815 2251 oculo,
2840 2184 3054 2242 dentem
3077 2202 3174 2258 pro
3195 2187 3356 2247 dente

1766 2277 2020 2348 peteretis
2052 2275 2228 2350 (Deut.
2257 2293 2382 2342 XIX,
2421 2275 2516 2350 2i)
2542 2317 2558 2344 ,
2588 2292 2695 2333 non
2725 2293 2823 2349 pro
2850 2279 3045 2334 auditis
3069 2281 3246 2337 verbis
3275 2280 3358 2338 fu—

1766 2377 1878 2424 stes
1913 2367 2216 2440 erigeretis.

1841 2481 2066 2540 CAPUT
2103 2481 2266 2538 XCII.
2297 2512 2370 2523 —
2409 2481 2533 2538 202.
2583 2483 2768 2539 Ρετιι..
2811 2483 2992 2541 dixit:
3021 2485 3158 2554 Quid
3193 2496 3361 2544 autent

1769 2573 1907 2630 vobis
1931 2583 2003 2630 est
2028 2591 2142 2629 cum
2169 2574 2369 2644 regibus
2397 2573 2591 2641 saeculi,
2615 2591 2741 2644 quos
2769 2592 3026 2647 nunquam
3053 2578 3361 2635 Christiani-

1773 2676 1850 2722 tas
1876 2666 1972 2721 nisi
2003 2665 2200 2721 invidos
2225 2666 2427 2720 sensit?
2460 2664 2608 2732 Quod
2637 2676 2691 2720 ut
2725 2666 2937 2721 breviter
2975 2669 3202 2737 doceam,
3245 2669 3363 2726 Μαι

1772 2757 2002 2815 chabteos
2027 2761 2210 2829 fratres
2232 2773 2323 2812 rex
2348 2766 2635 2828 persecutus
2661 2767 2733 2813 est
2755 2759 2823 2830 (ll
2846 2759 3084 2815 Hac/tab.
3108 2761 3223 2833 vn).
3248 2761 3363 2818 Rea:

1774 2867 1967 2922 quoque
1993 2860 2091 2904 tres
2120 2866 2325 2920 pueros,
2353 2866 2466 2904 cum
2496 2851 2603 2921 ipse
2631 2850 2911 2923 sacrilegus
2937 2863 3098 2920 esset,
3137 2855 3359 2923 ﬂammis

1776 2943 1971 2998 nescius
1999 2943 2246 3014 religiosis
2283 2941 2482 2996 addixit
2510 2941 2674 3013 (Dan.
2714 2943 2818 3012 ιιι).
2845 2942 2958 2998 Rea:
2986 2944 3211 3015 quarsivit
3246 2947 3363 3003 ani-

1777 3052 1912 3088 mam
1937 3035 2080 3106 pueri
2109 3034 2391 3090 Saluatoris
2419 3033 2628 3107 (Matth.
2653 3051 2727 3099 ιιι,
2757 3036 2870 3107 16).
2894 3035 3008 3092 Rea:
3027 3039 3368 3108 justissimuns

1778 3125 2045 3180 Danielem
2065 3125 2240 3196 ferinis
2261 3125 2527 3192 morsibus,
2549 3135 2604 3180 ut
2626 3128 2856 3196 putabat,
2881 3129 3060 3199 objecit
3081 3129 3241 3201 (Dan.
3266 3129 3367 3205 vi).

1779 3217 2056 3289 Ipsumque
2095 3216 2372 3272 Dominum
2410 3216 2666 3273 Christum
2691 3219 2855 3288 judex
2881 3221 3213 3290 nequissimus
3237 3224 3370 3295 regis

1781 3310 1959 3365 occidit
1983 3308 2194 3380 (Matth.
2227 3325 2398 3375 χχιιι,
2423 3306 2537 3379 26).
2563 3307 2695 3363 Inde
2720 3318 2793 3364 est
2813 3311 2947 3381 quod
2964 3311 3236 3381 Apostolus
3257 3313 3372 3368 cla-

1781 3409 1885 3454 mat
1917 3416 1936 3454 :
1971 3417 1990 3451 ι
2027 3399 2344 3472 Sapientiam
2381 3399 2632 3470 loquimur
2674 3401 2804 3454 inter
2845 3405 3120 3472 perfectos,
3162 3404 3372 3474 sapien-

1781 3495 1902 3548 tiam
1930 3509 2031 3547 non
2057 3493 2208 3564 hujus
2231 3491 2405 3547 steculi
2423 3532 2439 3557 ,
2477 3507 2634 3562 neque
2673 3492 2962 3563 principum
2994 3494 3147 3566 hujus
3183 3495 3362 3550 mundi

1782 3599 1895 3656 quae
1919 3593 2226 3647 evacuatur;
2265 3582 2354 3638 sed
2385 3582 2638 3652 loquimur
2665 3581 2763 3637 Dei
2791 3584 3092 3654 sapientiam
3117 3585 3171 3639 in
3194 3602 3372 3642 sacra-

1783 3687 1968 3743 mento,
2000 3691 2111 3745 qua:
2139 3676 2234 3747 fuit
2261 3675 2571 3742 abscondita,
2602 3691 2751 3746 quam
2789 3677 3046 3732 constituit
3078 3678 3216 3735 Deus
3251 3689 3372 3737 ante

1783 3769 1972 3825 swcula
2000 3769 2052 3823 in
2076 3768 2293 3840 gloriam
2317 3780 2562 3835 nostram,
2599 3785 2750 3838 quam
2778 3785 2924 3824 nemo
2961 3771 3250 3842 principum
3279 3773 3376 3830 hu-

1774 3863 1867 3933 jus
1895 3862 2070 3916 swculi
2096 3863 2347 3934 cognovit.
2392 3861 2453 3918 Si
2487 3863 2622 3917 enim
2650 3864 3033 3934 cognovissent,
3065 3882 3166 3922 non
3203 3869 3377 3942 utique

1784 3954 2062 4010 Dominum
2103 3955 2383 4026 majestatis
2409 3954 2778 4024 cruciﬁxissent
2817 3976 2835 4008 ι
2879 3955 2921 4027 (l
2962 3955 3078 4013 Cor.
3106 3974 3178 4026 ιι,
3218 3959 3373 4036 6-8).

1788 4047 1898 4103 Sed
1935 4046 1998 4100 de
2034 4046 2261 4117 pristinis
2293 4046 2492 4117 regibus
2525 4048 2737 4118 paganis
2768 4048 2861 4102 hoc
2903 4048 3096 4105 dictum
3137 4053 3224 4107 sit.
3278 4051 3377 4109 Vos

1789 4149 1956 4196 autem
1977 4179 1991 4205 ,
2019 4139 2171 4210 hujus
2197 4139 2374 4194 sa'culi
2397 4139 2725 4210 imperatores
2751 4181 2766 4204 ,
2811 4141 2934 4210 quia
2977 4142 3244 4198 christiani
3271 4161 3380 4202 esse

1790 4231 2092 4295 desiderant,
2123 4245 2223 4284 non
2249 4229 2535 4298 permittitis
2559 4245 2664 4284 esse
2683 4229 2983 4286 christianos
3002 4272 3015 4296 ,
3044 4249 3159 4287 cum
3187 4237 3305 4306 fuco
3331 4247 3381 4292 et

1791 4323 1974 4377 nebula
1999 4321 2147 4375 vestri
2171 4319 2422 4374 mendacii
2449 4319 2647 4374 eosdem
2673 4319 2803 4374 bona
2827 4331 2991 4376 mente
3013 4325 3289 4392 credentes,
3311 4327 3382 4382 ad

1792 4415 2099 4487 iniquitatem
2124 4421 2337 4468 vestram
2359 4429 2565 4484 prorsus
2585 4413 2857 4480 adducitis,
2878 4425 2934 4468 ut
2954 4417 3110 4470 armis
3133 4419 3237 4472 suis
3261 4435 3384 4475 con-

1795 4516 1875 4562 tra
1917 4508 2080 4562 hostes
2105 4505 2394 4577 reipublij
2434 4505 2735 4577 prteparatis
2776 4506 2828 4561 in
2865 4504 3180 4564 Christianos
3217 4511 3383 4567 incur-

1795 4609 1930 4667 rant,
1961 4608 2225 4672 patentque
2252 4615 2306 4654 se
2331 4598 2650 4654 suasionibus
2688 4599 2861 4654 vestris
2892 4597 2997 4653 Deo
3035 4600 3251 4670 officium
3287 4607 3369 4674 fa-

1797 4711 1930 4762 cere,
1952 4695 1994 4749 si
2014 4709 2103 4747 nos
2127 4709 2249 4763 quos
2276 4692 2456 4747 odistis
2481 4691 2732 4758 occidant,
2761 4690 2955 4747 dicente
2979 4691 3196 4748 Domino
3226 4693 3380 4750 Chri~

1798 4798 1892 4854 sto,
1933 4806 1952 4841 ι
1999 4785 2202 4850 Veniet,
2251 4786 2450 4856 inquit,
2503 4795 2698 4856 tempus
2737 4790 2793 4837 ut
2843 4784 2931 4856 qui
2978 4800 3064 4840 tos
3113 4775 3402 4856 occiderit,-

1803 4889 1938 4953 putet
1963 4895 2016 4934 se
2040 4877 2148 4932 Deo
2183 4878 2401 4948 officium
2427 4881 2594 4950 facere
2624 4894 2642 4927 ι
2672 4873 2851 4948 (Ιοαη.
2874 4892 2979 4939 xvr,
3006 4877 3088 4949 2).
3114 4879 3264 4936 Nihil
3284 4880 3381 4952 igi-

1803 4985 1882 5030 tur
1909 4975 2110 5028 interest
2152 4971 2288 5024 vobis
2329 4973 2460 5024 male
2506 4966 2797 5022 docentibus
2820 5010 2836 5035 ,
2869 4974 3038 5024 utrum
3065 4988 3206 5044 reges
3251 4971 3385 5027 orbis

1804 5076 2073 5129 terrarum,
2104 5061 2310 5134 pagani,
2343 5060 2475 5126 quod
2500 5058 2648 5124 absit,
2674 5074 2741 5112 an
2767 5059 3031 5115 christiani
3058 5078 3165 5117 esse
3188 5062 3390 5120 deside-

1804 5167 1945 5222 rent;
1973 5173 2087 5211 cum
2116 5154 2314 5209 eosdem
2353 5161 2527 5207 contra
2555 5151 2743 5206 Christi
2775 5152 3024 5223 familiam
3051 5170 3153 5209 non
3181 5155 3390 5210 cessatis

1804 5268 2021 5306 armare.
2053 5248 2272 5303 Nescitis
2300 5255 2498 5312 autem,
2537 5254 2624 5299 aut
2661 5246 2826 5315 potius
2856 5263 2955 5301 non
2981 5247 3168 5320 legistis
3187 5290 3203 5315 ,
3255 5249 3394 5322 quod

1807 5346 2014 5403 crimine
2047 5343 2298 5398 hominem
2326 5340 2592 5395 occidentis
2622 5341 2787 5410 majus
2812 5341 3000 5394 crimen
3027 5351 3096 5395 est
3129 5341 3390 5396 suasorisf

1807 5437 2012 5495 Iezabel
2050 5437 2102 5490 in
2140 5443 2350 5488 mortem
2376 5431 2590 5486 hominis
2616 5431 2746 5501 justi
2785 5432 2860 5485 vel
2890 5431 3130 5501 pauperis
3153 5432 3394 5489 maritum

1811 5548 1957 5590 suum
1977 5528 2274 5584 excitaverat
2300 5539 2485 5594 regem,
2511 5523 2620 5592 pari
2640 5531 2802 5578 tamen
2828 5521 3077 5592 supplicio
3102 5521 3177 5574 vir
3198 5529 3244 5576 et
3263 5537 3394 5578 uxor

1814 5626 1959 5682 ambo
1991 5621 2242 5692 perierunt
2270 5614 2356 5686 (111
2384 5615 2508 5686 Reg.
2534 5614 2670 5686 xm).
2698 5613 2872 5684 Neque
2890 5613 3022 5667 enim
3041 5630 3127 5668 vos
3146 5613 3292 5668 aliter
3309 5629 3395 5670 re-

1817 5737 1899 5793 ges
1926 5713 2212 5786 impellitis,
2255 5726 2403 5782 quam
2431 5717 2482 5763 ut
2519 5723 2652 5774 stepe
2695 5706 2888 5762 subtilis
2924 5705 3134 5760 suadela
3181 5705 3397 5778 feminea

3427 4437 3454 4468 θ.
