3792 6134
63 283 155 351 διε

66 415 143 484 ubi
179 403 567 483 allegaverunt.
625 406 899 477 Evigilatc,
954 411 1008 459 et
1051 393 1307 462 attendite
1357 415 1373 453 :
1427 397 1642 483 inimico

66 483 278 566 Christi,
322 510 586 572 apostatae
612 540 625 563 ,
668 501 972 554 adversario
1011 483 1458 555 Christianorum,
1490 503 1646 544 servo

64 586 463 658 dmmoniorum,
491 592 685 648 talibus
711 581 888 645 verbis
918 588 1027 652 ille,
1059 586 1167 653 ille,
1195 593 1368 640 vester
1390 578 1478 637 ille
1499 581 1642 636 Pon-

65 691 152 742 tius
182 685 526 757 supplicavit.
558 681 632 739 ite
667 675 828 748 nunc,
860 689 912 736 et
938 679 1091 733 nobis
1120 676 1300 743 dicite,
1337 671 1473 742 Quid
1507 669 1643 728 vobis

73 788 131 833 est
153 770 261 831 cum
292 777 497 848 regibus
519 771 732 829 seaculi?
753 782 808 827 ut
837 770 981 826 surdi
1010 763 1184 824 surdis
1205 763 1415 838 pepuiis
1431 765 1640 836 legatis,

63 872 184 944 quod
201 887 320 926 cum
339 866 480 940 ipsis
498 859 681 923 audire
699 862 802 922 neu
821 855 976 919 vultis
1001 863 1284 932 :Stipntmn
1301 861 1353 915 in
1370 860 1514 914 oculo
1530 863 1640 930 fra-

64 961 388 1026 tristuivides,
415 954 604 1014 trabem
618 959 668 1012 in
691 957 933 1012 oculatuo
961 971 1059 1008 non
1078 953 1212 1006 vides
1231 950 1534 1022 (Matt/nvi],
1559 947 1639 1020 5).

122 1054 235 1110 20—5.
263 1049 426 1120 Quid,
459 1045 651 1121 inquis,
686 1045 823 1103 vobis
847 1045 919 1101 est
945 1062 1055 1100 cum
1076 1041 1275 1116 regibus
1291 1041 1484 1108 swculi,
1517 1057 1641 1112 quos

64 1161 298 1209 nunquam
329 1135 694 1198 Christianitas
743 1135 839 1192 nisi
895 1135 1089 1190 invidos
1123 1127 1322 1189 sensit?
1367 1131 1477 1188 Hoc
1519 1147 1644 1186 cum

67 1237 289 1300 dixisses,
314 1247 641 1288 enumerare
667 1238 888 1285 conatus
915 1243 991 1291 es,
1023 1242 1156 1298 quos
1183 1240 1336 1296 reges
1362 1223 1491 1296 justi
1521 1240 1645 1279 sen-

67 1327 210 1382 serint
256 1325 552 1380 inimicos:
584 1337 684 1378 nec
728 1319 1076 1376 considerasti
1117 1317 1259 1387 quod
1305 1317 1483 1386 plures
1515 1332 1646 1370 enu-

67 1417 236 1472 merari
255 1416 493 1486 possint,
508 1429 640 1485 quos
661 1413 722 1466 ba
732 1411 939 1466 buerint
956 1409 1174 1463 amicos.
1201 1408 1359 1461 Pater
1373 1406 1642 1460 Abraham

68 1523 92 1561 a
117 1523 231 1578 rege
260 1506 524 1560 divinitus
564 1501 836 1556 admonito
880 1515 948 1554 ne
995 1498 1334 1553 attaminaret
1372 1499 1487 1568 ejus
1517 1512 1647 1552 uxo-

68 1614 181 1660 rem,
211 1605 266 1650 et
294 1593 627 1650 amicissime
679 1591 890 1646 habitus
943 1599 1024 1645 est
1053 1631 1067 1654 ,
1121 1599 1175 1644 et
1217 1604 1412 1644 munus
1441 1587 1644 1659 accepit

69 1687 198 1760 (Gen.
242 1683 366 1757 xx).
399 1683 552 1740 lSaac
585 1683 724 1738 filius
751 1681 868 1757 ejus
901 1697 1081 1752 regem
1111 1679 1355 1735 similiter
1381 1679 1645 1734 amicissi-

67 1796 191 1834 mum
221 1787 484 1850 expertus
516 1786 598 1831 est
626 1774 735 1850 (Id.
766 1791 912 1840 1va,
940 1773 1048 1845 Η).
1082 1773 1247 1828 Jacob
1278 1772 1329 1826 in
1356 1771 1646 1844 Egyptum

68 1887 91 1926 a
117 1887 229 1943 rege
261 1869 656 1926 honorabiliter
682 1869 956 1939 exceptus,
998 1883 1120 1922 eum
1171 1865 1331 1921 etiam
1377 1865 1648 1922 benedicit

72 1965 163 2035 (id.
196 1965 377 2034 ιιι-ιι).
413 1963 552 2032 Quid
583 1962 772 2033 loquar
801 1959 866 2015 de
893 1959 1002 2014 ﬁlio
1031 1957 1144 2031 ejus
1172 1957 1392 2030 Josepit,
1417 1959 1505 2030 qui
1530 1968 1649 2029 post

71 2056 278 2111 carceris
311 2055 756 2120 tribulationem,
801 2068 907 2124 quo
950 2052 1095 2109 velut
1144 2053 1266 2123 igne
1295 2053 1432 2107 sicut
1461 2067 1646 2107 aurum

72 2147 263 2201 castitas
310 2145 433 2215 ejus
493 2145 712 2217 probata
757 2153 858 2209 est,
905 2142 1111 2214 magnis
1148 2142 1216 2198 ab
1243 2147 1307 2198 e‘o
1338 2141 1649 2196 Subiima‘tus

71 2234 340 2292 honoribus
372 2235 486 2307 (Id.
521 2252 678 2290 χχχιι
704 2245 751 2290 et
778 2235 908 2304 xu),
943 2233 1147 2304 iurabat
1176 2235 1332 2288 etiam
1374 2247 1469 2303 per
1506 2231 1648 2287 Pha-

73 2327 228 2384 raonis
253 2330 488 2384 salutem
512 2325 621 2400 (Id.
659 2342 788 2391 XLII,
817 2325 927 2396 15),
953 2339 1055 2379 non
1082 2332 1329 2394 tanquam
1354 2323 1515 2395 typho
1541 2326 1652 2378 eia-

75 2430 161 2487 tus,
190 2421 279 2476 sed
304 2414 703 2476 benevolentim
732 2433 836 2471 non
857 2417 1110 2486 ingratus.
1129 2415 1287 2486 Regis
1307 2415 1410 2468 tilia
1427 2414 1649 2486 Moysen

76 2511 322 2582 adoptavit
353 2511 555 2581 (Exod.
589 2526 646 2575 ιι,
679 2508 790 2579 10).
822 2507 984 2562 David
1014 2507 1078 2562 ad
1101 2507 1474 2576 alienigenam,
1508 2505 1649 2576 regis

76 2603 218 2659 lsrael
266 2603 586 2674 compulsus
616 2601 914 2669 iniquitate,
943 2597 1179 2668 confugit
1210 2598 1265 2670 (ι
1299 2597 1424 2668 Reg.
1456 2597 1646 2668 xxvii).

77 2695 198 2751 Elias
222 2703 343 2750 ante
371 2709 594 2749 currum
636 2691 851 2760 pessimi
883 2691 1041 2760 regis,
1072 2706 1178 2743 non
1211 2689 1353 2742 illius
1375 2689 1602 2756 imperio
1631 2729 1647 2755 ,

78 2789 154 2842 sed
207 2804 302 2843 suo
347 2787 590 2843 cucurrit
636 2784 892 2855 obsequio
937 2782 1037 2854 (lli
1079 2781 1207 2853 Reg.
1242 2797 1392 2846 xvm,
1431 2779 1648 2852 ιιι-ιθ).

79 2879 280 2938 Εῑὶεωιιε
319 2873 558 2949 hoSpitre
590 2877 851 2944 mulieri,
904 2877 948 2930 si
992 2874 1118 2944 quid
1164 2874 1262 2928 sibi
1295 2874 1432 2928 forte
1463 2889 1492 2928 a
1522 2889 1650 2944 rege

79 2988 158 3041 per
199 2974 309 3043 ejus
354 2969 800 3027 interCessionem
842 2967 1080 3038 praeStari
1119 2967 1295 3032 vellet,
1327 2966 1484 3021 etiam
1514 2968 1652 3021 ultro

81 3051 382 3120 oderendum
416 3058 749 3134 putavit(lV
786 3059 912 3128 Reg.
967 3075 1038 3122 ιν,
1092 3051 1209 3128 1³5).
1263 3057 1368 3112 Sed
1422 3057 1488 3111 ad
1539 3060 1651 3128 ipsa

79 3155 167 3223 jam
199 3166 439 3225 tempora
489 3152 721 3215 veniam,
754 3152 964 3221 quando
1003 3151 1241 3218 captivus
1290 3149 1382 3203 Dei
1426 3150 1652 3219 populus

83 3246 368 3315 habebatur,
403 3246 510 3309 ubi,
528 3254 584 3298 ut
605 3244 785 3299 mitius
807 3244 1010 3312 loquar,
1033 3243 1162 3296 mira
1179 3242 1267 3295 tibi
1285 3242 1496 3310 irrepsit
1518 3240 1654 3295 obli-

83 3341 168 3392 vio.
223 3333 422 3394 Veiens
480 3339 622 3394 enim
687 3337 910 3406 probare
965 3336 1107 3405 quod
1171 3348 1324 3403 reges
1383 3339 1651 3403 nunquam

82 3428 432 3486 Christianitas
461 3430 558 3484 nisi
580 3429 784 3483 invidos
805 3428 1051 3493 senserit,
1080 3426 1510 3481 'commenmrasti
1542 3436 1651 3482 tres

83 3537 251 3590 pueros
279 3531 332 3576 et
366 3521 663 3585 Dante-lem,
690 3534 807 3588 qua:
836 3518 974 3589 passi
1006 3526 1129 3572 sunt
1153 3533 1180 3569 a
1211 3518 1651 3586 persequentibus

84 3612 289 3682 regibus,
322 3615 426 3668 nec
453 3611 632 3678 rebus,
667 3627 773 3664 non
804 3609 990 3663 vicinis
1020 3610 1057 3674 ί,
1089 3608 1181 3663 sed
1209 3609 1362 3679 plane
1403 3609 1529 3677 ipsis
1552 3609 1652 3663 ad-

87 3704 261 3757 moneri
307 3702 557 3774 ‘potuis‘li,
606 3701 775 3771 qualis
826 3699 939 3770 ipse
982 3714 1075 3754 rex
1121 3708 1242 3768 post
1293 3699 1650 3755 innocentium

85 3791 395 3850 flammarum
428 3794 738 3848 miraculum
767 3833 781 3858 ,
815 3792 926 3847 sive
957 3793 1012 3844 in
1044 3791 1151 3845 Deo
1184 3791 1448 3846 laudando
1491 3800 1650 3863 atque

87 3885 403 3952 prtedicando
424 3925 439 3951 ,
473 3884 584 3939 sive
613 3882 665 3936 in
695 3882 824 3952 ipsis
851 3881 1032 3951 pueris
1071 3881 1396 3936 honorandis
1423 3885 1648 3940 exstite-

86 3976 172 4040 rit;
200 3978 410 4048 qnalem
457 3991 551 4030 rex
580 3973 822 4029 habuerit
849 3971 1144 4039 Dauielem,
1179 3981 1233 4028 et
1262 3987 1365 4027 non
1393 3988 1650 4030 recusan-

87 4074 174 4120 tem
197 4071 382 4140 quibus
411 4067 720 4122 muneribus
745 4067 1099 4131 exornaverit,
1127 4081 1247 4121 cum
1275 4067 1362 4123 ille
1389 4067 1649 4124 honorem

88 4151 296 4214 debitum
318 4159 556 4215 reddens
581 4159 738 4228 regia:
770 4158 1039 4227 potestati,
1069 4159 1208 4227 quod
1235 4158 1364 4212 satis
1391 4159 1443 4213 in
1473 4159 1650 4215 verbis

87 4250 183 4318 ejus
207 4255 445 4323 apparet,
472 4252 670 4306 donum
709 4251 798 4306 Dei
818 4255 920 4320 quo
942 4252 1193 4320 praeditus
1212 4261 1325 4306 erat
1346 4254 1646 4319 indicando,

89 4339 467 4414 interpretando
510 4345 626 4414 ejus
678 4345 941 4398 somnium
997 4354 1102 4398 non
1156 4345 1443 4399 subtraxit.
1499 4344 1652 4402 Unde

88 4446 186 4488 cum
211 4435 275 4491 ab
299 4436 495 4491 invidis
523 4436 690 4490 sancti
731 4434 827 4492 viri
853 4435 896 4500 ',
923 4434 1177 4506 sacrilega
1242 4436 1452 4490 vesania
1506 4438 1652 4492 calu-

89 4526 404 4594 mniantibus,
436 4521 633 4581 invitus
654 4535 780 4581 eum
803 4525 902 4580 rex
929 4525 980 4580 in
1002 4527 1169 4580 lac‘u'm
1199 4526 1407 4582 leonum
1439 4528 1652 4584 mittere

89 4630 358 4689 cogeretur,
392 4619 693 4692 quanquam
741 4619 908 4673 tristis
955 4619 1007 4673 id
1046 4618 1256 4682 fecerit,
1310 4621 1651 4692 prtesumpsit

90 4705 190 4763 eum
233 4720 407 4766 tamen
438 4726 533 4782 per
563 4711 814 4764 auxilium
858 4709 956 4764 ‘Dei
1003 4709 1083 4763 sui
1131 4709 1336 4764 salvum
1388 4709 1645 4766 futurum.

89 4795 245 4872 itaque
290 4801 414 4858 eum
463 4802 552 4858 ille
596 4803 860 4856 refrena'ta
911 4799 1168 4856 divinitus
1213 4801 1437 4856 'leonum
1501 4801 1650 4858 rabie

91 4891 284 4950 vixisset
311 4889 541 4962 illaesos,
572 4895 797 4949 sdilicita
839 4901 898 4948 et
937 4894 1106 4948 amica
1137 4907 1269 4950 voce
1309 4895 1452 4965 regis
1484 4896 1649 4964 ipsius

91 4983 172 5038 sibi
220 4985 521 5057 prsentiSSa,
566 4983 620 5042 et
671 4985 784 5056 ipse
827 4991 950 5040 cum
1002 4984 1370 5042 bcnedicti0ne
1421 4987 1490 5042 de
1532 4988 1650 5044 lacu

93 5081 355 5148 respondit,
393 5067 520 5146 Rex,
562 5080 615 5134 in
656 5079 898 5135 saeculum
944 5080 1049 5134 vivo
1089 5078 1272 5151 (Dan.
1316 5078 1502 5152 ιιι-γι).
1544 5080 1650 5138 Cur

94 5164 199 5223 istas
225 5187 402 5244 regum
446 5186 567 5226 cum
607 5171 805 5226 sanctis
833 5171 1122 5237 amicitias,
1153 5187 1274 5226 cum
1311 5188 1487 5229 sermo
1521 5182 1640 5230 tuus

101 5335 123 5390 μ,
137 5328 255 5390 actus
277 5332 354 5390 est
384 5323 699 5390 ingessilium.
727 5341 749 5374 ν
779 5325 1020 5376 Usuardus
1041 5323 1159 5390 falsa
1191 5325 1347 5388 aliqua
1372 5333 1422 5377 et
1445 5342 1472 5377 ιι
1494 5333 1649 5378 Dena-

93 5383 201 5451 ti'stls
217 5385 409 5438 eonﬂcta
439 5383 918 5451 'bistoria‘deceptus,
942 5383 1388 5451 pseudoniarty'rem
1418 5396 1650 5440 Donatum

94 5445 172 5515 sub
192 5451 368 5515 Ursacio
407 5457 459 5515 et
495 5447 764 5515 Marcellino
790 5445 988 5515 'passuin
1019 5450 1183 5515 scribit
1209 5445 1268 5515 iri
1303 5451 1647 5515 Martyrologio,

94 5463 172 5491 aut)
192 5463 368 5499 ιιι-διιειο
407 5463 459 5499 et
495 5463 764 5514 marcenmo
817 5463 988 5498 .assum
1019 5463 1183 5498 SCI‘lDlt.
1215 5463 1264 5498 in
1303 5463 1647 5515 martyretogio,

94 5504 282 5578 Calendis
296 5511 566 5578 martiis,in
585 5463 900 5578 limaverbag
934 5526 956 5578 ς
983 5509 1158 5578 Eodem
1191 5509 1272 5578 die
1307 5514 1459 5562 sancti
1483 5515 1650 5578 Donati

101 5580 122 5607 ι
137 5573 358 5639 martyris.
375 5573 463 5636 qui
481 5571 581 5623 sub
611 5571 776 5634 judice
799 5571 902 5634 (vel
923 5571 1069 5635 duce)
1093 5573 1282 5624 Ursacio
1307 5580 1359 5624 et
1381 5574 1650 5626 marcellino

105 5642 121 5669 ε
137 5631 306 5682 [mittito
516 5631 654 5685 est.)

151 5712 244 5786 [ita
255 5717 581 5786 .lnanu'scripti.
605 5724 657 5768 At
674 5717 790 5769 editi
797 5753 811 5782 ,
836 5717 922 5770 nec
943 5717 1081 5771 rebus
1117 5718 1259 5771 modo
1277 5717 1460 5770 vicinis.

152 5774 169 5806 ³
190 5777 315 5845 ωιιι,
336 5774 510 5833 sanati
523 5778 640 5832 viro.

1530 5854 1540 5872 μ’
1563 5853 1613 5868 δ’

1392 275 1594 334 LIBER
1633 271 2012 335 SECUNDUS.

3225 261 3332 345 sas

1753 391 1949 450 ibidem
1977 399 2296 460 versaretur,
2323 391 2442 451 cum
2480 394 2704 453 istorum
2744 391 3060 456 famulorum
3099 393 3228 469 Dei,
3271 403 3332 462 in

1743 483 1946 556 quibus
1980 481 2092 540 lucc
2110 493 2224 540 acta
2247 482 2388 555 'sunt,
2409 493 2462 542 tu
2477 485 2592 558 ipse
2607 501 3054 547 commemorares
3067 495 3329 565 exempla,

1748 577 1833 633 vel
1879 591 1984 632 non
2034 575 2339 644 vidisti,vel
2383 577 2566 635 videre
2603 579 2942 648 noluisti,'vei
2981 582 3121 655 quod
3151 587 3334 644 nescio

1748 671 2194 743 quemadmodum
2228 666 2472 737 excuses,
2486 667 2598 728 visa
2623 683 2852 748 notaque
2871 671 3107 733 tacuisti?
3120 677 3271 746 Quod
3289 676 3333 736 si

1749 772 1820 829 te,
1839 763 1975 818 sicut
2001 779 2175 819 causze
2203 765 2448 834 pessima:
2466 759 2823 833 defen'Sorem,
2843 767 3072 824 studium
3091 769 3335 828 falsitatis

1741 853 2043 913 'astruendm
2062 859 2165 912 non
2197 857 2496 928 impediret,
2528 855 2582 914 et
2607 857 2661 916 "te
2691 861 2954 917 nolentem
2982 863 3072 919 ve‘l
3102 861 3336 919 nescieno

1747 959 1852 1006 tem
1874 953 1888 982 ¹
1910 966 1939 1006 a
1957 947 2072 1007 luce
2090 949 2323 1006 veritatis
2339 949 2627 1016 averteret;
2649 948 2884 1023 profecto
2902 961 3055 1025 reges
3073 955 3331 1026 quosdam

1742 1033 1942 1107 bonos,
1968 1035 2225 1112 quosdam
2256 1051 2434 1098 autem
2449 1042 2637 1110 malos,
2661 1047 2714 1098 et
2734 1042 2866 1098 alios
2879 1053 3179 1101 sanctorum
3202 1043 3330 1102 amr.

1747 1149 1860 1200 cos,
1881 1134 2012 1188 alios
2035 1132 2277 1189 inimicos
2301 1136 2416 1188 sine
2449 1133 2551 1190 ulla
2597 1131 2907 1191 difficultate
2940 1138 3226 1194 'rec'oleres.
3263 1133 3337 1197 Β.

1750 1224 2008 1280 miramur
2037 1223 2176 1296 quod
2209 1241 2266 1281 se
2291 1225 2760 1286 CircumcelliOnes
2798 1226 2962 1284 vestri
2992 1228 3071 1285 sic
3094 1229 3338 1302 p'riecipL

1748 1327 1881 1373 tant.
1930 1315 2058 1386 Quis
2103 1327 2220 1390 post
2256 1327 2307 1374 te
2335 1315 2601 1387 currebat,
2632 1319 2900 1377 obsecro?
2932 1328 2983 1379 te
3013 1319 3130 1395 quis
3157 1315 3335 1382 Maca-

1748 1410 1880 1476 rius,
1912 1408 2030 1482 quis
2058 1411 2210 1466 miles
2243 1411 2659 1483 insequebatur?
2704 1413 2907 1486 Nempe
2952 1411 3006 1471 in
3052 1417 3336 1489 abruptum

1747 1499 1994 1556 falsitatis
2023 1499 2179 1572 hujus
2218 1503 2395 1558 nullus
2437 1513 2688 1570 nostrum,
2717 1513 2769 1561 te
2804 1506 3028 1576 impulit.
3071 1506 3180 1564 Cur
3206 1517 3336 1583 ergo

1749 1595 1945 1650 clausis
1971 1595 2140 1651 oculis
2166 1596 2243 1651 sic
2268 1597 2352 1651 isti
2379 1612 2634 1668 praeceps,
2667 1605 2724 1652 ut
2748 1607 2872 1654 cum
2909 1598 3159 1668 dixiSses,
3203 1601 3338 1669 Quid

1750 1694 1913 1740 autem
1942 1686 2077 1741 vobis
2105 1697 2175 1741 est
2213 1704 2326 1741 cum
2355 1689 2554 1758 regibus
2597 1689 2767 1744 seaculi
2791 1690 2818 1744 ?
2847 1699 2951 1745 nOn
2979 1691 3294 1766 adjun'geres
3320 1735 3335 1762 ,

1751 1792 1884 1849 quos
1910 1793 2054 1849 saepe
2078 1776 2449 1833 Christianitas
2476 1778 2688 1835 invidos
2712 1780 2907 1847 sensit;
2932 1781 3027 1838 sed
3049 1796 3154 1838 non
3177 1778 3336 1840 dubii

1753 1880 1893 1925 lares
1923 1869 2122 1934 dicere,
2171 1887 2295 1941 quos
2334 1887 2593 1941 nunquam
2623 1871 2975 1929 Christianitati
3018 1875 3114 1931 nisi
3144 1875 3339 1934 invidos

1749 1963 1948 2018 sensit?
1975 1957 2120 2017 itane
2150 1978 2279 2018 vero
2308 1979 2406 2018 nec
2431 1963 2544 2034 ipse
2568 1961 2830 2036 cogitasti,
2851 1981 2949 2021 nec
2978 1969 3071 2022 eos
3097 1967 3185 2039 qui
3208 1968 3341 2024 scri-

1752 2063 1838 2124 pta
1871 2062 1956 2108 tua
1981 2054 2242 2124 legerent,
2270 2054 2592 2124 cogitaturos
2619 2055 2815 2125 putasti
2837 2061 2913 2110 tot
2936 2059 3124 2142 regum
3147 2059 3338 2118 “exem-

1761 2146 1848 2216 pla
1875 2146 1966 2201 tibi
1991 2143 2354 2208 reclam’antia,
2382 2139 2560 2201 Nescit
2579 2144 2710 2216 quid
2736 2139 3026 2216 laquatur?

1822 2237 1950 2294 205.
1997 2238 2078 2294 An
2129 2237 2252 2309 qliia
2301 2233 2376 2292 illi
2425 2253 2558 2309 quos
2612 2240 3050 2306 commemoravi,
3098 2237 3341 2306 veterum

1753 2339 2052 2402 temporum
2091 2327 2341 2395 fuerunt,
2372 2328 2490 2384 ideo
2521 2325 2614 2384 tibi
2643 2343 2737 2384 eos
2765 2327 2896 2384 nihil
2936 2329 3204 2388 adversari
3249 2339 3339 2388 ar-

1752 2420 1989 2486 bitraris,
2020 2419 2141 2490 quia
2171 2434 2276 2474 non
2304 2418 2507 2498 dixisti,
2537 2419 2682 2487 Quos
2709 2421 2977 2491 nunquam
3006 2420 3210 2491 iustitia
3237 2423 3340 2483 nisi

1754 2513 1963 2569 invidos
1985 2511 2179 2580 sensit;
2208 2511 2301 2569 sed
2327 2511 2531 2581 dixisti,
2560 2531 2685 2586 quos
2707 2529 2962 2586 nunquam
2983 2515 3341 2580 Christianam

1753 2607 1850 2660 nisi
1876 2605 2072 2660 invidos
2131 2607 2330 2660 sensit:
2365 2622 2430 2661 ex
2474 2605 2565 2661 illo
2605 2607 2833 2664 fortasse
2874 2613 3112 2678 tempere
3159 2612 3343 2671 voletis

1752 2712 1846 2752 eos
1872 2697 2094 2767 intelligi
2124 2695 2280 2767 justis
2315 2697 2581 2765 invidere,
2615 2699 2678 2754 ex
2714 2715 2818 2770 quo
2844 2697 3118 2757 christiani
3157 2699 3340 2776 appel-

1754 2789 1853 2844 lari
1889 2787 2205 2859 coeperunt?
2233 2785 2367 2856 Quid
2407 2804 2534 2859 ergo
2573 2788 2672 2844 sibi
2713 2791 2899 2846 Volunt
2924 2793 3165 2865 exempla
3190 2799 3342 2852 vete-

1755 2898 1872 2936 rum
1907 2891 2227 2952 temporum,
2254 2880 2445 2952 quibus
2469 2881 2572 2938 hoc
2588 2882 2728 2952 quod
2749 2882 3117 2954 imprudenter
3136 2885 3337 2957 dixisti,

1753 2974 2140 3046 imprudentius
2162 2974 2355 3032 docere
2384 2975 2645 3031 voluisti?
2671 2975 2935 3048 Numquid
2962 2979 3105 3036 enim
3129 2979 3343 3046 Macha-

1754 3065 1873 3132 btei,
1903 3065 1984 3121 vel
2017 3075 2124 3120 tres
2156 3066 2340 3136 pueri,
2384 3063 2470 3122 vel
2502 3061 2706 3132 Daniel,
2739 3083 2844 3124 non
2871 3075 3155 3141 antequam
3183 3051 3341 3129 Chri-

1753 3167 1866 3215 stus
1892 3158 1943 3213 in
1967 3167 2107 3214 terra
2133 3167 2442 3214 nasceretur
2465 3200 2480 3227 ,
2513 3159 2597 3214 vel
2623 3169 2844 3230 egerunt
2872 3160 2958 3216 illa
2989 3161 3073 3217 vel
3102 3143 3343 3235 pertule-

1752 3248 1910 3303 runt?
1969 3248 2170 3304 Deinde
2213 3265 2307 3303 cur
2335 3291 2350 3316 ,
2397 3257 2458 3303 ut
2503 3251 2657 3319 paulo
2697 3260 2822 3306 ante
2885 3257 3339 3327 commemoravi,

1753 3337 1965 3393 Juliano
2013 3354 2139 3393 vero
2166 3335 2581 3394 Christianitatis
2623 3340 2802 3396 invido
2837 3343 3217 3412 supplicastis?
3245 3361 3342 3403 cur

1753 3429 1819 3484 ab
1852 3445 1916 3484 eo
1955 3428 2200 3484 basilicas
2234 3427 2472 3500 petistis?
2505 3445 2599 3484 cur
2625 3431 2760 3499 apud
2801 3448 2924 3488 eum
2970 3434 3139 3490 solam
3182 3435 3342 3506 justi-

1753 3520 1879 3574 tiam
1907 3519 2080 3574 locum
2109 3519 2305 3575 habere
2332 3520 2573 3575 dixistis?
2602 3520 2657 3576 Si
2686 3518 3096 3582 Christianitatis
3121 3525 3338 3586 invidus

1755 3609 1870 3667 haec
1919 3611 2096 3682 audit,
2138 3612 2262 3685 quid
2313 3623 2437 3669 sunt
2465 3629 2496 3668 a
2525 3613 2714 3686 quibus
2754 3614 2870 3671 haec
2897 3613 3080 3673 audit?
3112 3622 3179 3676 At
3205 3637 3331 3678 vero

1751 3703 2154 3772 Constantinus,
2184 3720 2515 3776 nequaquam
2533 3704 2806 3761 christiani
2834 3708 3064 3764 nominis
3092 3710 3300 3768 invidus
3321 3755 3338 3781 ,

1753 3795 1847 3851 sed
1876 3798 2031 3868 plane
2057 3797 2349 3853 christiano
2397 3798 2611 3854 nomine
2636 3798 2936 3871 gloriosus,
2980 3817 3187 3859 memor
3226 3805 3341 3876 Spei

1753 3903 1909 3958 quam
1929 3890 2150 3960 gerebat
2175 3889 2228 3944 in
2257 3890 2489 3959 Christo,
2525 3906 2621 3962 pro
2659 3891 2774 3963 ejus
2815 3894 3015 3951 unitate
3045 3896 3341 3968 justissima

1747 3977 1993 4048 judicans
2020 4020 2034 4044 ,
2083 3981 2348 4051 acceptari
2377 3996 2406 4034 a
2437 3980 2588 4036 v‘obis
2617 3998 2716 4037 nec
2754 3981 2820 4038 ad
2857 4000 2914 4040 se
2956 3985 3341 4060 appellantibus

1752 4070 1970 4124 meruit.
2019 4071 2191 4126 Ambo
2223 4071 2333 4141 jam
2369 4071 2673 4127 christianis
2701 4075 3045 4144 temporibus,
3089 4079 3181 4133 sed
3231 4079 3338 4136 non

1751 4159 1964 4214 fuerunt
1989 4161 2145 4216 ambo
2165 4160 2436 4216 christiani
2469 4181 2483 4216 :
2511 4160 2650 4233 quod
2676 4165 2718 4218 si
2746 4165 2903 4219 ambo
2925 4163 3339 4226 '(lhristianita'tis

1753 4250 1939 4318 invidi,
1972 4266 2067 4305 cur
2090 4251 2154 4305 ad
2187 4267 2347 4304 unum
2375 4267 2559 4306 eorum
2591 4253 2669 4307 sic
2696 4255 3026 4324 ap'pellastis,
3058 4257 3210 4313 alteri
3241 4263 3338 4314 e6-

1751 4358 1869 4398 rum
1921 4343 1996 4398 sic
2044 4343 2381 4413 supplicastis
2411 4342 2474 4396 ’ἲ
2503 4342 2814 4399 Petentibus
2858 4347 2999 4400 enim
3047 4347 3338 4416 majoribus

1751 4435 1962 4500 vestris,
1994 4433 2292 4506 episcopale
2312 4435 2570 4504 judicium
2600 4433 3247 4508 dederat’Constantinu’s,
3281 4449 3338 4500 δι

1751 4529 1891 4600 apud
1922 4526 2166 4595 Romam,
2197 4536 2250 4584 et
2278 4527 2417 4598 apud
2458 4527 2730 4584 Areiatum
2778 4548 2791 4584 :
2837 4546 3062 4603 quorum
3104 4535 3334 4604 primum

1747 4618 1889 4702 apud
1917 4634 2038 4675 eum
2067 4619 2376 4684 accusastis,
2420 4621 2488 4676 ab
2517 4619 2686 4676 altero
2728 4621 2794 4677 ad
2837 4627 2959 4678 eum
3004 4624 3333 4696 appellastis.

1753 4711 1808 4768 Si
1832 4721 2030 4779 autem,
2059 4709 2202 4783 quod
2233 4725 2410 4767 verum
2439 4724 2537 4781 est,
2570 4729 2706 4770 unus
2743 4730 2926 4770 eorum
2971 4715 3022 4771 in
3068 4717 3334 4776 Cliristtim

1751 4803 2068 4870 crediderat,
2096 4797 2229 4858 alter
2248 4819 2278 4859 a
2299 4801 2510 4862 Christo
2534 4809 2952 4876 apostataverat;
2981 4811 3077 4863 eur
3089 4809 3338 4869 christia-

1752 4911 1852 4951 nus
1880 4896 2162 4950 consulens
2194 4895 2378 4950 unitati
2408 4897 2781 4961 contemnitur,
2811 4905 2863 4952 et
2888 4902 3125 4968 apostata
3153 4901 3336 4961 favens

1751 4988 1994 5044 divisioni
2025 4985 2304 5042 laudatur?
2331 4983 2708 5045 Constantinus
2731 4987 2882 5045 vobis
2909 4989 3154 5047 basilicas
3175 4992 3336 5064 jussit

1750 5077 1964 5145 auferri,
1998 5077 2238 5134 Julianus
2264 5078 2489 5132 restitui.
2511 5077 2653 5146 Quid
2683 5077 2872 5135 horum
2890 5081 3195 5139 Christiana:
3218 5087 3334 5156 paci

1749 5172 2033 5228 conveniat
2070 5170 2227 5226 vultis
2264 5171 2456 5227 nosse?
2491 5171 2622 5226 Illud
2658 5172 2780 5230 fecit
2818 5176 2906 5247 qui
2938 5175 3240 5235 crediderat
3280 5181 3334 5236 in

1749 5264 2037 5331 ChriStum,
2071 5262 2173 5320 hoc
2211 5263 2332 5320 fecit
2362 5264 2450 5334 qui
2478 5253 2751 5322 dimiserat
2787 5267 3074 5326 Christum.
3097 5270 3147 5327 ‘0
3173 5289 3333 5343 quam

1749 5357 1914 5414 velles
1938 5355 2116 5412 dicere
2147 5375 2159 5410 :
2193 5353 2328 5412 Male
2355 5355 2551 5412 factum
2586 5367 2668 5414 est
2693 5367 2749 5415 ut
2774 5357 2984 5418 Juliano
3023 5364 3095 5419 ita
3131 5366 3333 5437 suppli-

1855 5478 1904 5521 to
1929 5477 2055 5531 Mss,
2077 5474 2122 5521 et
2135 5474 2180 5520 te
2203 5469 2429 5531 volentem
2450 5470 2522 5522 vel
2540 5470 2840 5525 nescientem.

1813 5536 1833 5566 ι
1863 5533 1980 5581 Editi
2020 5529 2158 5601 post,
2191 5529 2261 5582 sic
2298 5531 2634 5601 supplicastis,
2683 5537 3098 5601 prosequebantur
3135 5538 3204 5601 sic
3229 5553 3248 5601 _:
3285 5537 3336 5591 Si

1751 5601 1908 5666 (altern
1927 5595 2056 5666 quod
2079 5598 2342 5654 earumest,
2361 5595 2628 5666 petentibus
2643 5595 2744 5649 iam
2761 5595 2888 5666 '(vel,
2918 5602 3046 5666 own)
3063 5598 3327 5666 majoribus

1751 5659 2400 5726 vestris,_etc.,_rursumque
2443 5659 2566 5710 infra
2610 5662 2919 5726 repetebant,
2958 5659 3007 5711 si
3028 5659 3187 5726 autem
3208 5663 3330 5726 (vel,

1753 5718 1955 5793 s‘i‘ergo)
1977 5717 2102 5793 quod
2125 5722 2289 5767 verum
2317 5717 2416 5776 'es't,
2454 5727 2576 5793 unus
2597 5717 2776 5783 eo‘fwn,
2808 5717 3232 5784 ethCorri‘guotur
3253 5717 3333 5778 me

1754 5782 1966 5835 subsidio
1989 5787 2209 5834 veterum
2229 5782 2675 5845 manuscriptorum.
