3792 6134
474 235 580 292 527

475 367 710 422 caretur.
736 354 833 414 sed
860 355 962 408 hoc
982 348 1109 420 quid
1128 344 1196 402 ad
1225 357 1323 399 nos
1361 338 1632 411 pertinet?
1661 333 1813 402 Quod
1841 333 1886 388 si
1916 330 2061 386 dice-

478 464 586 515 res,
613 456 668 503 et
705 446 759 500 in
793 444 877 498 his
912 439 1127 512 quidem
1152 432 1330 490 verbis
1360 431 1464 486 luis
1491 426 1767 484 Catholica
1790 424 2060 488 vinceret,

475 541 540 594 ad
570 537 722 608 cujus
748 541 959 590 sanctos
985 536 1098 584 toto
1127 526 1258 582 orbe
1285 522 1508 579 diﬂ‘usos
1537 519 1706 574 multo
1734 517 1910 572 minus
1938 528 2064 584 per-

475 632 608 686 tinet
635 605 902 699 quidquid
941 620 1138 687 dicitis,
1183 616 1252 672 de
1285 614 1479 686 quibus
1506 610 1688 675 vultis,
1717 609 1855 664 sicut
1880 605 2061 660 vultis.

473 721 578 778 Sed
599 734 705 775 non
728 726 878 789 potes
905 714 1104 778 dicere,
1136 710 1276 766 male
1302 707 1500 762 factum
1522 711 1581 759 ut
1607 701 1820 759 Juliano
1844 700 1913 754 ita
1934 712 2064 768 sup-

475 812 763 884 plicaretur
795 826 807 862 :
837 807 1038 879 oppilat
1067 805 1265 869 lauces,
1292 799 1489 870 premit
1513 797 1744 867 linguam
1771 791 2064 849 domestica

475 883 796 968 auctoritas;
829 897 1046 954 Pontius
1065 894 1211 961 fecit,
1239 891 1460 948 Pontius
1481 886 1816 960 supplicavit,
1841 883 2064 940 Pontius

474 1003 770 1068 apostatam
792 988 1146 1062 iustissimum
1172 984 1333 1049 dixit,
1359 981 1584 1038 Pontius
1611 976 1752 1049 apud
1765 983 2062 1046 apostatam

474 1063 645 1144 solam
679 1082 937 1155 justitiam
964 1081 1144 1135 locum
1174 1075 1373 1130 habere
1402 1069 1731 1143 prcedicavit.
1764 1067 1859 1122 His
1887 1063 2066 1120 verbis

477 1179 580 1236 sibi
614 1175 858 1232 Pontium
885 1171 1214 1242 supplicasse
1250 1168 1304 1222 in
1339 1165 1530 1222 eodem
1559 1161 1819 1230 rescripto
1849 1173 1946 1214 suo
1971 1171 2067 1210 no-

478 1268 722 1328 minatim
750 1267 868 1322 sine
892 1264 1115 1333 ambage
1135 1261 1250 1331 ipse
1269 1258 1510 1315 Julianus
1529 1252 1812 1325 expressit.
1838 1250 2067 1304 Exstant

478 1361 824 1434 allegationes
852 1364 1043 1412 vestrae
1072 1371 1085 1407 :
1118 1368 1225 1408 non
1266 1351 1382 1404 haec
1411 1349 1609 1403 incerta
1650 1344 1810 1409 fama,
1847 1340 1943 1396 sed
1969 1354 2068 1409 pu-

479 1432 618 1514 blica
646 1459 986 1510 monumenta
1015 1454 1297 1504 testantur.
1321 1445 1414 1502 An,
1434 1441 1568 1496 forte
1583 1439 1705 1509 quia
1731 1445 1915 1492 contra
1943 1432 2066 1487 uni-

479 1559 645 1606 tatem
704 1544 941 1608 Christi,
1001 1539 1240 1612 petitioni
1295 1543 1490 1590 vestrae
1545 1529 1744 1602 aliquid
1788 1525 2068 1584 concessit

479 1644 743 1711 apostata,
780 1648 964 1690 verum
1012 1640 1168 1703 putas
1211 1642 1332 1684 esse
1373 1622 1515 1697 quod
1558 1622 1757 1678 dictum
1785 1627 1886 1685 est,
1926 1617 2065 1689 apud

475 1745 600 1787 eum
627 1728 797 1784 solam
827 1726 1002 1781 locum
1033 1722 1229 1778 habere
1247 1715 1552 1791 justitiam?
1580 1716 1703 1786 quia
1731 1727 1860 1768 vero
1894 1712 2066 1781 impe-

475 1830 682 1878 ratores
706 1815 1005 1883 christiani,
1031 1811 1173 1885 quod
1209 1810 1388 1864 valere
1426 1807 1751 1863 arbitrantur
1777 1802 1844 1859 ad
1869 1801 2066 1858 Christi

476 1911 755 1978 unitatem,
790 1916 977 1965 contra
1014 1913 1250 1960 vestram
1273 1906 1512 1955 statuunt
1535 1897 1885 1961 voluntatem,
1912 1892 2068 1948 Chri-

475 2000 758 2060 stianitatis
810 1996 975 2054 invidi
1021 1991 1390 2065 appellantur?
1435 1989 1524 2046 Sic
1573 1985 1841 2058 desipiant
1876 1997 2066 2040 omnes

476 2094 732 2158 haeretici,
762 2101 818 2149 et
845 2089 1100 2160 resipiant
1126 2095 1184 2141 ut
1208 2101 1316 2140 non
1347 2083 1454 2138 sint
1479 2080 1740 2136 hreretici.

545 2185 676 2242 206.
719 2184 785 2240 Et
825 2181 934 2247 ubi,
963 2178 1189 2250 inquies,
1220 2175 1496 2246 impletum
1525 2181 1608 2226 est
1631 2168 1774 2241 quod
1805 2168 2066 2224 Dominus

477 2277 625 2344 dicit,
666 2273 840 2330 Veniet
874 2281 1092 2340 tempus,
1120 2266 1279 2338 utqui
1303 2281 1388 2319 vos
1422 2261 1680 2328 occiderit,
1709 2267 1850 2332 putet
1877 2275 1930 2314 se
1958 2257 2064 2313 Deo

477 2369 693 2440 oﬂicium
727 2370 894 2438 facere
914 2361 1092 2436 (Joan.
1115 2375 1228 2426 xvr,
1251 2357 1350 2429 2)?
1374 2355 1556 2426 Neque
1581 2353 1723 2409 enim
1751 2353 1852 2407 hoc
1870 2350 1938 2407 de
1967 2350 2066 2405 Pa-

477 2461 628 2533 ganis
650 2459 754 2515 dici
785 2457 973 2528 potuit;
1001 2454 1089 2526 qui
1117 2468 1221 2508 non
1252 2459 1470 2523 propter
1500 2449 1688 2512 Deum,
1721 2445 1819 2501 sed
1847 2454 2066 2516 propter

477 2552 621 2609 idola
645 2548 976 2607 Christianos
1003 2542 1477 2617 persequebantur.
1499 2538 1616 2594 Non
1645 2537 1858 2603 videtis,
1891 2535 1936 2590 si
1963 2535 2066 2591 hoc

478 2645 547 2701 de
575 2643 656 2700 his
683 2637 1092 2713 imperatoribus
1134 2636 1332 2691 dictum
1375 2642 1553 2700 esset,
1595 2631 1684 2703 qui
1727 2629 1960 2702 gaudent
1999 2627 2066 2683 de

479 2735 695 2794 nomine
731 2732 1060 2795 christiano,
1101 2728 1203 2784 hoc
1250 2743 1344 2784 eos
1372 2726 1552 2798 utique
1597 2723 1870 2795 prmcipue
1898 2721 2066 2776 fuisse

473 2829 741 2900 iussuros,
769 2833 829 2880 ut
867 2821 1248 2880 occideremini
1280 2838 1294 2874 :
1345 2819 1487 2892 quod
1527 2832 1798 2888 nunquam
1845 2815 2064 2870 omnino

475 2921 768 2994 jusserunt.
800 2916 907 2973 Sed
936 2915 1100 2971 vestri
1130 2913 1305 2968 hostili
1347 2926 1498 2966 more
1523 2910 1730 2980 legibus
1759 2921 2062 2978 repugnan-

478 3011 548 3067 do
578 3024 760 3082 poenas
788 3006 995 3063 debitas
1021 3005 1209 3068 luunt;
1239 3010 1294 3058 et
1321 3001 1648 3056 voluntarias
1686 3009 1886 3054 mortes
1914 3011 2059 3065 suas,

479 3101 607 3160 dum
629 3099 780 3155 nobis
798 3095 1087 3152 invidiosas
1110 3100 1319 3164 putant,
1348 3091 1449 3147 sibi
1477 3089 1801 3161 perniciosas
1831 3103 1935 3143 non
1961 3103 2063 3158 pu-

478 3200 611 3250 tant.
643 3189 796 3260 Quod
826 3189 870 3244 si
898 3187 965 3243 de
990 3185 1206 3257 regibus
1231 3199 1427 3241 nomen
1447 3182 1645 3238 Christi
1676 3180 2064 3236 honorantibus

478 3282 606 3342 illud
626 3298 656 3337 a
685 3281 907 3338 Domino
928 3279 1128 3335 dictum
1152 3291 1273 3332 esse
1293 3275 1640 3342 arbitrantur,
1668 3281 1912 3345 quaarant
1935 3271 2062 3343 quid

477 3375 749 3433 Catholica
777 3373 829 3428 in
855 3371 1072 3428 Oriente
1103 3383 1353 3441 perpessa
1375 3368 1467 3434 sit,
1497 3366 1708 3439 quando
1735 3365 1930 3422 Valens
1957 3364 2062 3420 im-

481 3469 700 3541 perabat
723 3466 959 3521 arianus.
983 3464 1122 3520 Ecce
1144 3462 1418 3528 haberem,
1443 3476 1549 3531 quo
1579 3460 1927 3531 intelligerem
1957 3459 2058 3514 im-

477 3561 678 3632 pletum
708 3573 847 3624 esse,
877 3555 1017 3628 quod
1046 3555 1301 3610 Dominus
1324 3554 1418 3619 ait,
1458 3552 1633 3608 Veniet
1655 3563 1878 3624 tempus,
1903 3561 1956 3606 ut
1975 3553 2062 3621 qui

477 3667 562 3705 vos
598 3648 857 3715 occiderit,
889 3657 1026 3718 putet
1060 3662 1112 3701 se
1141 3645 1355 3716 ofﬁcium
1398 3643 1504 3697 Deo
1533 3646 1698 3714 facere
1723 3659 1742 3696 :
1769 3657 1836 3697 ne
1866 3641 1967 3696 sibi
1993 3641 2062 3697 ad

478 3739 634 3795 fama:
665 3737 887 3808 gloriam
918 3735 1154 3790 lueretici
1186 3741 1541 3800 assumerent,
1570 3733 1614 3788 si
1648 3731 1772 3803 quid
1804 3731 2063 3786 adversus

479 3844 666 3886 eorum
705 3842 941 3883 errorem
982 3827 1334 3895 imperatores
1377 3822 1622 3878 catholici
1662 3822 2058 3894 praecepissent.

478 3920 860 3976 Verumtamen
893 3926 1102 3987 tempus
1140 3914 1270 3970 illud
1306 3923 1429 3985 post
1457 3914 1824 3969 ascensionem
1853 3912 2061 3968 Domini

479 4010 799 4082 completum
817 4022 934 4065 esse
954 4007 1380 4071 reminiscimur;
1407 4013 1586 4061 sancta
1613 4005 1884 4075 Scriptura
1905 4003 2062 4074 hujus

479 4105 560 4161 rei
600 4102 748 4159 testis
785 4099 1037 4156 omnibus
1065 4107 1192 4155 nota
1233 4105 1336 4153 est.
1375 4095 1543 4152 Judaei
1572 4095 1827 4166 putabant
1863 4110 1922 4150 se
1941 4095 2062 4149 olli-

480 4199 623 4254 cium
665 4194 776 4252 Deo
814 4191 1024 4258 facere,
1053 4205 1174 4246 cum
1217 4189 1502 4260 Apostolos
1545 4187 1876 4243 occidebant.
1922 4186 2064 4241 Inter

478 4290 580 4347 hos
621 4287 710 4360 qui
748 4285 980 4343 ofﬁcium
1047 4283 1156 4339 Deo
1215 4281 1608 4338 arbitrabantur
1668 4294 1727 4334 se
1785 4277 2060 4344 exhibere,

480 4383 640 4441 etiam
657 4378 850 4438 Saulus
881 4385 1063 4434 noster
1081 4417 1098 4444 ,
1125 4374 1360 4432 nondum
1390 4381 1568 4428 noster
1591 4414 1604 4437 ,
1632 4370 1732 4426 fuit
1758 4386 1770 4423 :
1803 4369 1873 4424 ita
1895 4369 2065 4424 utltoc

481 4475 622 4531 inter
651 4470 833 4527 laudes
859 4483 982 4525 suas
1021 4468 1314 4538 prreteritas
1349 4474 1400 4521 et
1427 4462 1814 4521 obliviscendas
1840 4475 2064 4518 enume-

479 4577 581 4636 τοι,
615 4565 880 4629 Hebrwus,
903 4561 1093 4632 inquit,
1109 4576 1178 4615 ea:
1197 4559 1444 4626 Hebraeis,
1467 4557 1742 4613 secundum
1758 4556 1913 4627 legem
1937 4557 2066 4626 pha-

479 4655 691 4726 risteus,
721 4655 995 4713 secundum
1030 4650 1401 4708 aemulationem
1448 4663 1743 4720 persequens
1788 4645 2067 4701 Ecclesium

487 4750 744 4825 (Philipp.
774 4763 852 4815 ιιι,
884 4745 941 4812 5,
972 4742 1050 4816 6).
1084 4742 1222 4798 Ecce
1242 4740 1333 4810 qui
1364 4738 1579 4810 putabat
1608 4738 1840 4794 officium
1870 4751 1930 4791 se
1957 4736 2067 4791 Deo

485 4843 699 4907 facere,
728 4853 848 4894 cum
893 4835 1118 4891 iaciebat
1151 4831 1293 4903 quod
1333 4845 1457 4885 mox
1494 4831 1608 4900 ipse
1642 4843 1929 4900 perpessus
1962 4836 2064 4883 est.

485 4935 620 4991 Nam
657 4930 1004 5004 quadraginta
1048 4925 1217 4983 Judaei
1259 4923 1665 4993 conjuraverant
1705 4929 1764 4976 ut
1805 4919 2071 4975 interﬁce-

487 5032 610 5082 rent
636 5037 758 5078 eum
782 5063 797 5088 ,
838 5017 1050 5091 quando
1083 5015 1209 5072 fecit
1237 5014 1340 5071 hoc
1370 5012 1582 5068 tribuno
1612 5013 1944 5068 innotescere
1969 5051 1984 5077 ,
2012 5017 2070 5066 ut

486 5131 672 5175 eorum
716 5113 935 5169 insidias
969 5120 1176 5166 armato
1214 5109 1380 5163 milite
1414 5116 1598 5177 septus
1639 5105 1890 5161 evaderet
1915 5103 2068 5177 (Act.

489 5223 640 5274 χχιιι,
675 5203 880 5275 12οό5).
927 5201 1034 5259 Sed
1074 5207 1307 5256 nondum
1345 5206 1462 5254 erat
1488 5197 1576 5268 qui
1606 5196 1655 5252 ei
1683 5196 1900 5264 diceret,
1930 5195 2070 5263 Quid

492 5301 586 5357 tibi
611 5307 712 5365 est,
743 5312 851 5352 non
877 5310 997 5351 cum
1027 5293 1259 5364 regibus,
1287 5290 1379 5346 sed
1405 5304 1525 5346 cum
1552 5289 1776 5345 tribunis
1801 5289 2072 5360 armisque

497 5389 799 5464 regalibus?
825 5403 928 5445 non
953 5395 1067 5443 erat
1099 5385 1194 5457 qui
1228 5385 1278 5441 ei
1309 5383 1530 5448 diceret,
1557 5381 1736 5437 Audes
1762 5397 1855 5452 per
1877 5380 2072 5437 milites

489 5500 729 5558 quaerere
749 5482 1049 5546 tuitionem,
1077 5493 1196 5534 cum
1224 5477 1480 5532 Dominus
1508 5483 1629 5532 tuus
1653 5490 1746 5546 per
1766 5488 1858 5530 eos
1880 5473 2072 5531 ductus

491 5580 565 5635 sit
590 5579 655 5634 ad
679 5574 1002 5650 passionem?
1013 5571 1259 5628 Nondum
1277 5579 1431 5625 erant
1461 5570 1558 5625 ista
1575 5569 1940 5632 deliramenta,
1975 5566 2072 5624 sed

491 5679 675 5726 contra
703 5670 814 5727 haec
843 5667 1016 5725 futura
1037 5664 1146 5734 jam
1173 5671 1297 5716 tunc
1325 5661 1412 5717 illa
1447 5661 1765 5731 parabantur
1798 5663 2061 5731 exempla.

1356 223 1629 284 CONTRA
1666 212 2007 277 LITTERAS
2043 213 2406 287 PETILIANI,
2446 219 2504 276 S.
2545 219 2916 281 AUGUSTINI
3666 230 3758 292 ω

2244 330 2370 387 207.
2411 332 2550 401 Quin
2578 335 2740 390 etiam
2765 335 3076 394 terribiliter
3109 352 3409 411 proponere
3435 357 3608 399 ausus
3631 357 3689 399 es
3711 352 3757 402 et

2173 422 2352 480 dicere
2381 442 2394 478 :
2428 424 2534 480 Sed
2555 434 2609 480 ut
2631 436 2816 482 cratera
2843 434 3057 494 taceam,
3088 431 3143 484 in
3179 432 3356 487 vestris
3393 435 3644 505 exemplis
3670 437 3756 489 ad-

2173 517 2344 571 vertite
2375 559 2391 586 ,
2418 518 2748 588 imperatores
2773 523 3100 593 quamplura
3119 540 3179 578 ac
3193 524 3397 596 judices
3420 536 3619 583 vestros
3644 546 3752 598 per-

2172 613 2475 666 secutionem
2505 612 2648 668 nobis
2676 614 2910 684 faciendo
2946 617 3174 687 periisse.
3199 617 3314 675 Hoc
3339 619 3392 674 in
3418 621 3647 691 epistola
3677 632 3756 678 tua

2173 717 2294 757 cum
2335 702 2606 774 legissem,
2644 705 3002 764 intentissime
3027 710 3400 779 exspectabam
3431 711 3564 784 quid
3590 711 3756 768 dictu-

2174 809 2295 860 rus,
2333 803 2388 850 et
2410 810 2546 866 quos
2584 807 2997 855 enumeraturus
3035 815 3187 858 esses
3220 819 3235 857 :
3265 817 3387 859 cum
3429 819 3564 861 ecce
3601 806 3754 869 mihi,

2173 887 2323 958 quasi
2350 889 2699 960 relinquendo
2716 931 2731 958 ,
2758 892 2968 962 coepisti
3006 906 3430 964 commemorare
3453 896 3722 955 Neronem
3742 941 3757 964 ,

2175 979 2530 1036 Domitianum
2555 1023 2570 1047 ,
2599 981 2889 1054 Trajanum
2906 1027 2922 1050 ,
2957 983 3177 1040 Getam‘
3198 1027 3216 1053 ,
3242 986 3461 1042 Decium
3482 1029 3499 1054 ,
3527 988 3758 1044 Valeria-

2173 1088 2323 1137 num,
2351 1073 2756 1142 Diocletianum,
2780 1075 3177 1132 Maximianum.
3204 1077 3399 1134 Fateor
3413 1079 3600 1150 plures
3615 1094 3754 1136 esse:

2176 1163 2272 1218 sed
2301 1173 2356 1218 tu
2384 1179 2602 1234 prorsus
2627 1176 2814 1220 contra
2834 1181 2969 1237 quos
2997 1166 3256 1238 loquaris,
3287 1168 3485 1224 oblitus
3515 1184 3598 1225 es.
3621 1169 3758 1226 Non-

2173 1271 2242 1311 ne
2283 1257 2370 1312 isti
2404 1272 2594 1312 omnes
2637 1258 2826 1327 pagani
2866 1256 3100 1325 fuerunt,
3129 1267 3185 1316 et
3211 1259 3593 1316 universaliter
3620 1261 3757 1316 chri-

2173 1348 2404 1403 stianum
2429 1363 2625 1404 nomen
2656 1363 2753 1419 pro
2792 1349 2906 1403 suis
2950 1349 3107 1405 idolis
3143 1350 3410 1420 persecuti
3447 1352 3615 1408 sunt?
3643 1352 3756 1407 Evi-

2171 1439 2274 1508 gila
2319 1454 2447 1508 ergo
2483 1456 2497 1492 :
2530 1455 2654 1493 nam
2704 1439 2791 1493 isti
2834 1439 3230 1495 communionis
3262 1449 3462 1496 nostrce
3502 1455 3614 1496 non
3655 1442 3757 1496 luteo

2173 1541 2326 1596 runt;
2351 1532 2606 1587 unitatem
2633 1532 2824 1603 ipsam,
2846 1532 2933 1587 vel
2955 1531 3096 1588 unde
3119 1547 3241 1599 nos,
3262 1531 3398 1588 sicut
3424 1547 3524 1588 vos
3545 1535 3755 1603 putatis.

2173 1625 2256 1680 vel
2287 1624 2427 1681 unde
2466 1640 2596 1691 vos,
2629 1625 2768 1681 sicut
2799 1623 3045 1681 Christus
3071 1625 3262 1691 docet,
3305 1623 3534 1681 existis'
3554 1665 3572 1691 ,
3605 1634 3755 1680 totam

2173 1719 2646 1790 persequebantur.
2707 1717 2787 1773 Tu
2841 1726 3019 1773 autem
3070 1731 3432 1788 proposueras
3475 1716 3757 1772 ostendere

2174 1820 2386 1866 nostros
2413 1811 2763 1880 imperatores
2805 1824 2869 1865 ac
2897 1809 3105 1880 judices
3132 1807 3570 1880 persecutionem
3617 1807 3758 1863 vobis

2172 1902 2417 1960 faciendo
2445 1902 2691 1972 periisse.
2723 1902 2805 1958 An
2835 1916 2936 1957 nee
2962 1909 3017 1956 tu
3052 1900 3260 1972 exigis'
3298 1908 3357 1956 ut
3383 1898 3518 1956 istos
3539 1914 3756 1970 compu-

2173 2003 2378 2058 temus,
2409 1993 2532 2064 quia
2571 1993 2877 2065 relinquens
2907 2007 3003 2049 eos
3043 1992 3485 2049 commemorasti
3533 1991 3717 2047 dicens
3740 2033 3754 2058 ,

2175 2088 2244 2144 Ut
2268 2088 2548 2158 relinquam
2571 2085 2824 2141 Neronem
2848 2102 2866 2141 :
2894 2093 2949 2141 et
2971 2083 3071 2140 sub
3092 2085 3189 2140 ista
3219 2085 3500 2140 relictione
3531 2099 3632 2156 per
3655 2099 3752 2138 creo

2173 2190 2318 2235 teros
2342 2178 2621 2234 cucurristi
2643 2177 2704 2232 ‘?
2731 2177 2869 2246 Quid
2897 2192 3033 2248 opus
3058 2176 3153 2231 fuit
3176 2191 3303 2247 ergo
3339 2185 3397 2230 ut
3424 2191 3754 2232 commemo-

2171 2279 2417 2328 rarentur
2453 2269 2520 2325 ad
2546 2285 2659 2325 rem
2690 2283 2797 2323 non
2835 2268 3206 2340 pertinentes?
3232 2266 3341 2323 Sed
3371 2265 3500 2337 quid
3538 2265 3608 2320 ad
3638 2265 3752 2321 me?

2171 2362 2288 2418 Jam
2333 2363 2465 2417 istos
2508 2370 2684 2416 tecum
2726 2359 2970 2430 relinquo
3003 2377 3017 2414 :
3049 2373 3191 2414 nunc
3233 2357 3422 2413 saltem
3470 2355 3756 2428 procedant

2172 2453 2260 2509 isti
2289 2468 2421 2524 quos
2443 2451 2734 2524 promisisti
2761 2466 2917 2522 quam
2943 2451 3144 2522 plures.
3171 2450 3282 2506 Nisi
3309 2449 3448 2505 forte
3479 2457 3754 2521 propterea

2172 2563 2276 2603 non
2305 2546 2663 2614 inveniuntur,
2694 2546 2818 2617 quia
2847 2560 2940 2601 eos
2969 2545 3190 2616 periisse
3214 2543 3418 2598 dixisti.

2241 2640 2368 2696 208.
2410 2639 2662 2710 Sequeris
2705 2639 2846 2694 enim
2881 2637 3026 2707 jam,
3067 2645 3122 2692 et
3155 2636 3437 2707 episcopos
3478 2635 3749 2697 nominas,

2171 2746 2305 2802 quos
2333 2729 2401 2786 de
2441 2728 2728 2785 traditione
2755 2727 2998 2784 codicum
3040 2727 3226 2782 soletis
3255 2740 3504 2798 arguere.
3535 2725 3615 2782 De
3643 2725 3751 2796 qui-

2169 2823 2270 2880 bus
2295 2830 2348 2878 et
2372 2836 2470 2877 nos
2499 2821 2735 2876 solemus
2758 2820 3085 2890 respondere
3109 2836 3122 2873 :
3152 2820 3257 2874 Aut
3282 2833 3387 2873 non
3418 2818 3684 2889 probatis,
3704 2825 3751 2873 et

2169 2916 2235 2971 ad
2261 2916 2527 2971 neminem
2567 2911 2829 2984 pertinet;
2871 2919 2964 2966 aut
3005 2910 3272 2981 probatis,
3313 2919 3368 2965 et
3395 2909 3465 2965 ad
3509 2924 3612 2966 nos
3655 2926 3751 2965 non

2170 3009 2420 3081 pertinet.
2466 3008 2629 3064 Suam
2661 3006 2804 3062 enim
2835 3004 3104 3060 sarcinam
3135 3010 3520 3073 portaverunt,
3559 3003 3645 3057 vel
3675 3001 3750 3055 bo-

2169 3116 2291 3157 nam
2321 3101 2404 3156 vel
2450 3099 2641 3154 malam
2676 3116 2689 3152 :
2721 3107 2776 3154 et
2815 3097 3012 3152 bonam
3052 3094 3264 3166 quidem
3309 3093 3619 3160 credimus;
3664 3092 3751 3149 sed

2169 3192 2536 3266 qualemlibet,
2572 3201 2747 3246 tamen
2775 3205 2926 3245 suam
2957 3207 2970 3242 :
3003 3189 3141 3244 sicut
3163 3187 3324 3244 vestri
3352 3185 3502 3252 mali,
3536 3201 3638 3242 nec
3657 3185 3749 3257 ipsi

2170 3293 2440 3350 vestram,
2485 3297 2584 3338 nec
2628 3296 2722 3336 vos
2772 3281 3042 3352 ipsorum;
3091 3278 3186 3334 sed
3233 3285 3472 3333 vestrum
3517 3276 3747 3332 omnium

2169 3375 2471 3433 communis
2501 3373 2732 3444 pessima
2776 3373 2982 3428 sarcina
3027 3369 3260 3426 schisma
3307 3377 3410 3424 est.
3453 3367 3569 3424 [loc
3615 3383 3748 3438 smps

2165 3469 2276 3540 jam
2296 3467 2547 3524 diximus.
2573 3465 2780 3521 Exhibe
2807 3464 2965 3535 igitur
2986 3477 3092 3519 non
3113 3463 3488 3534 episcoporum
3517 3462 3744 3525 nomina,

2169 3563 2264 3620 sed
2294 3563 2675 3632 imperatorum
2702 3574 2764 3614 ac
2781 3558 3018 3628 judicum
3044 3567 3372 3623 nostrorum,
3399 3555 3490 3628 qui
3515 3571 3614 3612 vos
3639 3571 3746 3627 per-

2167 3656 2443 3730 sequendo
2471 3654 2764 3725 perierunt.
2795 3653 2906 3709 Hoc
2933 3654 3074 3709 enim
3103 3666 3483 3722 proposueras,
3515 3650 3620 3706 hoc
3646 3664 3748 3721 pre

2169 3751 2393 3806 miseras
2413 3790 2426 3815 ,
2457 3746 2523 3801 ad
2554 3747 2655 3801 hoc
2685 3760 2783 3800 nos
2810 3745 3195 3801 intentissimas
3225 3742 3453 3798 feceras.
3493 3741 3660 3808 Audi,
3685 3741 3747 3795 in-

2169 3841 2303 3913 quit,
2332 3840 2478 3912 periit
2506 3837 2786 3902 Macarius,
2821 3836 2967 3908 periit
3001 3833 3262 3902 Ursacius,
3291 3833 3562 3903 cunctique
3590 3830 3749 3888 Comi-

2169 3943 2242 3988 tes
2270 3932 2452 3996 vestri,
2489 3929 2588 3984 Dei
2617 3929 2806 4000 pariter
2841 3926 3062 3982 vindicta
3101 3925 3378 3997 perierunt.
3423 3924 3571 3979 Duos
3612 3921 3748 3977 solos

2167 4020 2632 4086 commemorasti,
2661 4032 2889 4090 quorum
2932 4025 3121 4073 neuter
3163 4015 3458 4086 imperator
3497 4013 3618 4070 fuit.
3656 4010 3747 4067 Cui

2169 4118 2272 4174 hoc
2313 4116 2552 4187 placeat,
2592 4125 2775 4184 quaeso
2819 4111 2911 4167 te?
2956 4109 3049 4165 tibi
3089 4109 3205 4180 ipse
3244 4122 3424 4163 nonne
3460 4104 3746 4177 displices?

2169 4207 2444 4266 Promittis
2469 4219 2626 4276 quam
2652 4203 2834 4275 plures
2856 4201 3206 4272 imperatores
3229 4213 3292 4254 ac
3312 4197 3527 4269 judices
3545 4205 3744 4252 nostros

2169 4309 2225 4356 te
2248 4303 2808 4360 commemoraturum,
2835 4293 2926 4364 qui
2951 4305 3045 4348 vos
3072 4289 3443 4362 persequendo
3470 4287 3740 4360 perierint,

2170 4399 2225 4447 et
2250 4389 2423 4445 tacitis
2447 4385 2859 4458 imperatoribus
2885 4383 3132 4439 nominas
3163 4380 3298 4437 duos
3327 4379 3410 4435 vel
3433 4379 3645 4449 judices
3665 4375 3742 4432 vel

2169 4481 2424 4538 Comites.
2451 4477 2583 4534 Illud
2609 4478 2750 4534 enim
2777 4474 2920 4546 quod
2946 4473 3212 4544 adjungis,
3239 4471 3516 4544 Cunctique
3541 4470 3746 4526 Comites

2170 4573 2319 4628 vestri
2345 4570 2439 4625 Dei
2467 4570 2654 4642 pariter
2681 4566 2902 4622 vindicta
2943 4565 3228 4638 perierunt,
3259 4562 3326 4618 ad
3355 4577 3471 4618 rem
3509 4577 3614 4618 non
3646 4575 3749 4632 per-

2171 4666 2324 4720 tinet.
2354 4663 2466 4718 Hoc
2504 4661 2702 4733 quippe
2730 4659 2891 4714 modo
2913 4657 3023 4728 jam
3048 4656 3248 4712 dudum
3276 4655 3453 4710 locum
3493 4654 3653 4710 istum
3688 4651 3745 4706 ﬁ-
3784 4659 3785 4668 ‘

2172 4757 2289 4813 nire
2325 4754 2578 4827 potuisti,
2617 4762 2675 4808 ut
2699 4751 2918 4808 omnino
2958 4749 3230 4805 neminem
3277 4747 3602 4802 nominares.
3649 4743 3747 4800 Cur

2173 4863 2302 4921 ergo
2327 4849 2676 4920 imperatores
2697 4852 2911 4900 nostros
2937 4883 2951 4910 ,
2983 4841 3035 4898 id
3065 4851 3169 4907 est,
3196 4849 3395 4897 nostrae
3420 4837 3745 4896 eommunio-
3784 4905 3785 4910 η

2174 4941 2258 4996 nis
2288 4954 2393 4995 non
2423 4934 2890 4994 commemorasti?
2919 4934 3002 4989 An
3023 4931 3245 4988 timuisti
3273 4946 3342 4987 ne
3365 4945 3490 4986 reus
3511 4930 3746 5000 majestav

2174 5035 2242 5088 tis
2264 5031 2623 5090 accusareris?
2650 5029 2752 5087 Ubi
2779 5036 2862 5085 est
2887 5025 3384 5084 Circumeellionica
3424 5025 3446 5057 ⁸
3464 5020 3751 5081 fortitudo?

3779 5113 3786 5170 l

2241 5241 2256 5272 ί
2285 5238 2401 5288 Editi
2423 5237 2516 5286 hoc
2533 5245 2728 5284 rursum
2749 5231 2876 5293 loco,
2909 5228 3136 5293 Varium;
3156 5241 3268 5280 cum
3297 5235 3500 5280 veteres
3522 5234 3746 5278 Nascon-

2173 5307 2359 5352 stanter
2382 5299 2555 5356 ferant,
2578 5300 2756 5346 Getam.

2239 5348 2491 5422 Γῥιιὶιιιιιιι
2531 5348 2666 5417 editi,
2693 5353 2918 5408 existitis.
2957 5352 3125 5404 Melius
3146 5361 3276 5416 Mss,
3298 5351 3470 5404 existis
3498 5364 3516 5403 :
3539 5364 3567 5401 a
3588 5348 3744 5408 verbo,

2175 5438 2354 5550 ϐχξέἰο
2393 5492 2497 5534 Mss.
2517 5481 2636 5531 Editi
2654 5493 2792 5550 vero,
2816 5492 2874 5529 ac
2895 5491 2980 5530 nos
3003 5483 3056 5528 tu

2239 5533 2400 5596 iam.
2425 5555 2478 5596 et
2507 5551 2647 5604 Mss,
2688 5533 2885 5594 caeteros
2920 5533 3181 5592 cucurristi
3218 5553 3236 5589 :
3277 5540 3453 5590 omissa
3499 5533 3746 5603 partium.

2177 5624 2592 5721 pez'Floriacensis
2614 5673 2757 5719 vetus
2780 5666 2954 5726 codex,
2985 5659 3390 5717 Cerciceuionica.
