3792 6132
52 264 134 325 ω
1364 251 1565 310 LIBER
1602 215 1980 309 sucuunus.

53 376 228 438 Deinde
250 374 379 448 quid
409 375 528 447 agis
555 375 571 405 ι
588 372 657 429 de
675 370 799 437 illis,
829 382 962 439 quos
989 376 1068 424 tot
1095 368 1343 438 superius
1370 367 1616 423 nomina-

52 473 122 535 sti,
146 468 229 540 qui
257 465 466 522 rectius
492 463 588 520 tibi
613 469 837 535 possunt
861 459 1042 517 dicere
1072 477 1086 513 :
1117 460 1256 529 Quid
1280 474 1379 516 nos
1402 473 1614 531 quaere-

52 563 164 623 bas?
186 560 414 619 Causam
442 558 589 617 enim
630 565 775 613 tuam
805 553 940 610 nihil
964 553 1320 625 adiuverunt:
1352 561 1407 609 et
1435 562 1615 608 tamen

52 653 279 713 nominati
307 657 463 707 sunt.
494 647 698 706 Deinde
724 645 895 719 qualis
910 659 992 712 es,
1010 645 1100 717 qui
1116 660 1211 703 eos
1234 658 1369 716 quos
1393 645 1627 716 periisse

54 759 423 807 commemoras
446 787 463 812 ,
489 742 772 798 nominare
796 737 1091 797 formidas?
1125 738 1325 795 Saltem
1364 737 1512 807 ipsos
1537 738 1624 806 ju-

55 843 176 898 dices
187 838 269 895 vel
280 836 544 902 Comites,
562 847 697 906 quos
708 830 907 888 videris
924 845 1030 885 non
1047 829 1308 894 timuisse,
1324 829 1511 900 plures
1523 843 1593 883 no
1606 857 1627 868 -

54 935 277 991 minares.
308 926 636 986 Remansisti
657 935 838 981 autem
851 922 918 980 ad
940 922 1225 978 Macarium
1245 930 1300 978 et
1316 920 1620 978 Ursacium.

56 1027 182 1083 itane
205 1036 367 1095 quam
417 1020 600 1091 plures
625 1018 722 1085 illi,
753 1016 861 1072 duo
886 1015 975 1072 isti
1002 1014 1164 1069 sunt?
1197 1015 1274 1068 An
1307 1011 1449 1082 quod
1474 1012 1628 1082 pueri

58 1119 335 1184 didicimus,
362 1111 780 1186 sapis?Sienim
801 1124 1012 1182 quaeras
1033 1123 1098 1163 ex
1122 1123 1228 1172 me,
1254 1106 1361 1161 duo
1385 1106 1507 1176 quis
1527 1120 1629 1159 nu-

60 1225 212 1267 merus
233 1209 324 1272 sit,
357 1203 673 1276 singularis,
701 1217 771 1258 an
806 1200 1058 1272 pluralis;
1090 1197 1219 1270 quid
1253 1210 1372 1253 esse
1409 1210 1633 1267 respou-

61 1304 209 1369 deam,
260 1297 366 1355 nisi
414 1293 718 1369 pluralem?
765 1293 872 1351 Sed
916 1291 1091 1348 adhuc
1124 1291 1284 1346 etiam
1322 1291 1344 1321 ³
1381 1303 1486 1345 non
1535 1288 1631 1344 de-

63 1395 106 1448 tit
129 1391 259 1464 quod
302 1389 506 1445 dicam.
539 1387 732 1443 Eximo
767 1384 893 1441 inde
928 1383 1217 1439 Macarium
1245 1397 1258 1434 :
1294 1396 1465 1452 neque
1490 1380 1633 1435 enim

63 1484 213 1542 dixisti
238 1481 514 1556 quomodo
540 1480 775 1554 perierit.
806 1480 889 1535 An
911 1477 1048 1534 forte
1072 1477 1313 1548 quisquis
1332 1491 1427 1533 vos
1453 1490 1635 1547 perse-

63 1580 246 1651 quitur,
289 1578 398 1634 nisi
448 1577 505 1632 in
541 1575 645 1631 bac
673 1582 813 1630 terra
856 1572 1014 1629 fuerit
1058 1571 1396 1640 immortalis,
1423 1569 1636 1643 quando

65 1681 277 1729 mortuus
302 1669 471 1727 fuerit
496 1711 512 1738 ,
543 1676 765 1741 propter
798 1681 896 1722 vos
933 1672 1176 1720 mortuus
1213 1662 1636 1720 existimabitur?

65 1765 197 1834 Quid,
225 1765 268 1820 si
297 1779 409 1819 non
456 1764 512 1818 in
543 1771 650 1817 tam
696 1760 858 1832 longo
895 1759 1123 1830 imperio
1149 1757 1552 1820 Constantinus,
1583 1764 1639 1812 et

68 1866 153 1910 tam
177 1857 331 1926 longa
363 1853 624 1911 felicitate
646 1851 888 1917 vixisset,
918 1850 1008 1921 qui
1028 1849 1235 1920 primus
1262 1849 1518 1905 adversus
1538 1863 1635 1904 ve-

69 1961 211 2006 strum
239 1964 486 2006 errorem
528 1947 697 2003 multa
722 1945 1034 2012 constituit;
1065 1954 1120 2000 et
1145 1942 1294 2016 quid,
1323 1943 1366 2000 si
1404 1959 1511 1998 non
1540 1942 1638 1998 Ju-

67 2045 209 2099 lianus
234 2052 343 2099 tam
371 2042 484 2099 cito
511 2041 762 2112 abreptus
787 2049 931 2096 esset
958 2053 990 2094 e
1015 2037 1140 2103 vita,
1163 2037 1254 2109 qui
1283 2037 1434 2093 vobis
1454 2036 1639 2092 basili-

67 2151 139 2191 cas
160 2134 300 2193 dedit
324 2132 446 2207 (a)?
473 2132 688 2206 quando
717 2132 817 2187 ista
840 2130 1110 2203 garriendi
1134 2130 1295 2186 linem
1326 2128 1574 2185 faceretis
1595 2128 1638 2196 ³,

68 2245 165 2285 cum
188 2237 240 2287 et
261 2228 432 2286 modo
453 2236 632 2284 tacere
659 2225 877 2281 nolitis?
904 2224 1013 2281 Nec
1048 2235 1226 2280 tamen
1259 2224 1487 2280 dicimus
1515 2239 1637 2292 nos,

68 2323 168 2380 ideo
189 2324 293 2380 cito
320 2331 596 2379 mortuum
619 2320 911 2387 lulianum,
942 2318 1067 2389 quia
1094 2318 1245 2374 vobis
1271 2319 1520 2375 basilicas
1543 2317 1641 2375 de-

70 2417 147 2473 dit.
186 2417 482 2475 Possumus
519 2416 663 2473 enim
704 2429 825 2471 csse
860 2414 915 2470 in
960 2413 1044 2470 his
1070 2414 1272 2485 pariter
1295 2414 1518 2484 copiosi,
1546 2413 1639 2471 sed

71 2510 285 2565 nolumus
308 2523 439 2566 esse
463 2508 664 2579 pariter
698 2505 845 2562 vani.
875 2504 1128 2571 Proinde,
1156 2512 1218 2561 ut
1250 2504 1432 2562 dicere
1451 2520 1634 2577 cmpe-

69 2617 162 2659 ram
184 2644 199 2669 ,
224 2618 288 2660 ex
327 2601 441 2658 illis
465 2600 674 2657 duobus
707 2614 933 2657 secerno
958 2598 1246 2654 Macarium
1264 2597 1307 2655 ⁸.
1334 2599 1467 2655 Cum
1495 2600 1638 2656 enim

71 2696 180 2752 duos
199 2695 575 2767 proposuisses
598 2738 614 2760 ,
644 2694 819 2766 ipsum
849 2700 905 2749 et
935 2691 1241 2759 Ursacium;
1272 2693 1514 2764 repetisti
1544 2709 1641 2748 no.

72 2806 171 2845 men
197 2788 426 2857 Ursacii,
450 2796 508 2844 ut
532 2787 686 2843 nobis
711 2785 1027 2843 ostenderes
1062 2800 1222 2857 quam
1264 2795 1492 2841 mortem
1520 2800 1638 2840 me-

72 2885 229 2951 ruerit,
256 2894 309 2940 et
338 2882 524 2939 dixisti
568 2900 583 2938 :
631 2880 900 2937 Ursaciunt
936 2896 1154 2951 namque
1182 2879 1444 2934 barbarica
1469 2895 1642 2952 pugna

74 2986 369 3043 prostratum,
408 2975 554 3031 scenis
583 2973 832 3046 unguibus
856 2972 1021 3040 alites,
1052 2988 1330 3044 canumque
1354 2971 1489 3025 avidi
1511 2971 1639 3026 den-

73 3079 127 3124 tes
144 3071 382 3149 morsibus
410 3070 803 3140 discerpserunt.
832 3065 986 3124 Unde
1005 3066 1136 3122 satis
1160 3072 1400 3137 apparet,
1429 3081 1551 3122 cum
1573 3065 1641 3122 de

75 3160 266 3218 Macario
294 3160 559 3232 majorem
589 3158 838 3215 invidiam
870 3158 1048 3214 facere
1086 3158 1325 3225 soleatis,
1356 3158 1426 3213 ita
1457 3166 1517 3213 ut
1542 3172 1641 3214 nos

76 3252 398 3322 llacarianos,
426 3270 530 3310 non
568 3252 890 3310 Ursacianos
917 3252 1227 3325 appelletis;
1260 3250 1428 3308 multo
1471 3252 1642 3307 maxi-

74 3356 205 3403 mete
228 3348 292 3404 de
319 3347 418 3404 illo
443 3345 607 3402 fuisse
630 3345 919 3412 dicturum,
943 3344 987 3399 si
1014 3343 1082 3400 de
1103 3352 1277 3400 morte
1297 3343 1413 3412 ejus
1440 3342 1640 3414 aliquid

80 3439 165 3494 tale
188 3439 364 3495 dicere
397 3439 683 3509 potuisses.
712 3434 790 3491 Ex
822 3435 907 3491 bis
939 3435 1117 3506 itaque
1144 3433 1374 3496 duobus.
1401 3434 1488 3489 ubi
1518 3433 1637 3503 plu-

74 3530 210 3585 ralem
251 3544 537 3586 numerum
571 3527 812 3598 posuisti,
844 3526 1090 3598 sejuneto
1115 3525 1369 3593 Macario,
1398 3533 1642 3582 remanet

74 3618 292 3678 llrsacius
317 3636 516 3678 nomen
546 3620 823 3693 proprium
852 3620 1062 3676 numeri
1092 3618 1392 3690 singularis.
1423 3618 1521 3675 Ubi
1553 3627 1638 3675 est

74 3712 205 3783 igitur
233 3723 335 3768 tam
365 3712 644 3784 plurium‘
672 3711 884 3768 illorum
913 3720 1019 3766 tam
1064 3710 1243 3766 minax
1277 3718 1330 3766 et
1365 3710 1640 3767 tremenda

74 3806 357 3874 promissio?

127 3896 237 3954 209.
276 3898 399 3955 iam
446 3895 575 3952 illud
621 3911 779 3968 quam
826 3894 1110 3951 ridiculum
1157 3896 1247 3963 sit,
1288 3895 1379 3965 qui
1426 3910 1639 3965 quoquo

76 3991 205 4047 tnodo
228 3992 377 4066 loqui
424 3998 725 4057 noverunt,
756 3998 1012 4060 quantum
1056 3988 1269 4058 opinor,
1317 3987 1637 4058 intelligunt,

74 4083 189 4153 quod
215 4100 332 4141 cum
359 4084 589 4139 dixisses
609 4124 623 4149 ,
662 4080 825 4137 Periit
866 4080 1147 4147 Macarius,
1176 4081 1324 4150 periit
1361 4079 1635 4150 Ursacius,

76 4177 309 4248 cunctique
337 4175 557 4233 Comites
582 4174 752 4241 vestri,
783 4172 880 4228 Dei
905 4173 1095 4244 pariter
1114 4173 1334 4227 vindicta
1361 4174 1639 4243 perierunt;

77 4274 291 4338 tanquam
329 4266 669 4340 exigentibus
710 4274 767 4320 ut
808 4264 1066 4336 probares
1088 4307 1101 4329 ,
1134 4264 1258 4335 quia
1288 4280 1474 4320 revera
1507 4265 1638 4321 nihil

76 4358 193 4415 aliud
217 4361 297 4417 vel
317 4360 533 4416 auditor
550 4358 634 4414 vel
664 4358 833 4413 lector
852 4357 1109 4428 exigeret,
1141 4355 1320 4411 statim
1347 4356 1640 4412 connexui-

77 4453 129 4507 sti
154 4469 390 4527 magnum
416 4452 818 4515 documentum,
854 4463 959 4520 quo
992 4448 1249 4519 probares
1288 4455 1510 4503 cunctos
1532 4446 1639 4503 Co-

78 4548 205 4605 mites
230 4559 441 4605 nostros
471 4546 566 4602 Dei
608 4544 805 4615 pariter
829 4541 1062 4598 vindicta
1091 4540 1334 4613 periisse.
1369 4538 1640 4596 Ursacium

79 4658 258 4714 namque
282 4641 547 4697 barbarica
571 4679 585 4704 ,
609 4637 806 4709 inquis,
836 4652 1010 4709 pugna
1029 4644 1356 4705 prostratum,
1374 4634 1518 4689 strvis
1541 4650 1641 4690 un-

78 4735 226 4804 guibus
248 4738 412 4802 alites,
436 4749 722 4804 canumque
739 4730 874 4786 auidi
899 4729 1071 4785 dentes
1091 4728 1340 4784 morsibus
1360 4727 1639 4801 discerpse-

78 4841 191 4884 runt.
219 4829 327 4887 Hoc
371 4828 532 4885 modo
563 4835 737 4898 potest
765 4825 899 4880 alius
943 4823 1189 4879 similiter
1226 4823 1470 4879 nesciens
1510 4823 1638 4894 quid

78 4919 309 4994 loquatur,
336 4922 540 4988 dicere,
572 4932 761 4974 omnes
789 4918 1071 4988 episcopos
1092 4922 1301 4972 vestros
1344 4915 1435 4971 Dei
1464 4915 1638 4971 vindi-

127 5058 141 5089 ι
163 5064 222 5109 lla
244 5067 346 5111 uss.
374 5064 429 5109 Αι
446 5056 593 5121 editi,
609 5053 727 5121 quid
747 5052 838 5121 ais.
1018 5114 1048 5121 __
1075 5116 1086 5121 _
1132 5119 1137 5121 Α
1454 5094 1465 5101 κ

128 5122 144 5151 ²
165 5128 209 5170 ιιι
241 5119 488 5172 uss.:sed
527 5111 593 5169 ad
622 5111 721 5168 'hoc
765 5116 926 5167 etiam.
968 5114 1090 5165 Editi
1126 5119 1292 5164 tamen
1325 5126 1425 5163 non
1465 5111 1631 5163 male:

79 5183 149 5230 Sed
168 5184 316 5235 adhuc
338 5181 501 5235 etiam.
529 5189 585 5231 Αῐ
607 5193 727 5230 vero

80 5242 177 5295 desit
195 5249 314 5297 quod
338 5245 519 5297 dicam.
547 5252 620 5294 Ea:
642 5241 741 5293 duo

80 5303 361 5360 emendantur
387 5321 450 5359 ex
478 5303 832 5368 manuscriptis.

128 5371 252 5435 fam.
272 5380 321 5424 et
337 5382 513 5435 omnes
534 5376 659 5435 uss,
682 5361 874 5434 garrire
892 5361 1135 5417 taceretis.
1217 5422 1229 5435 .

129 5432 146 5463 ι
164 5435 229 5483 sic
248 5442 345 5486 Mss.
373 5442 430 5484 At
453 5431 573 5483 editi
592 5431 841 5492 corrupte,
877 5440 1023 5480 cerno
1045 5431 1328 5478 Macarium.

129 5496 146 5527 δ
166 5501 214 5527 Ir:-
253 5505 296 5527 nc
321 5505 334 5527 I
352 5511 411 5527 nu
438 5508 452 5521 ο
475 5506 618 5527 ηηηη»
639 5491 851 5527 caluariam

166 5501 230 5546 Er.
253 5505 301 5548 et
321 5505 452 5547 Lovs

129 5557 189 5623 (ιι)
205 5546 400 5623 Imperio
437 5546 624 5623 pdtitus
641 5546 729 5623 :est
756 5552 1093 5623 Constantinus
1120 5549 1260 5623 annis
1290 5547 1409 5623 fere

81 5610 252 5684 duobus,
265 5610 463 5673 auctore
487 5615 695 5670 Eusebio
718 5618 774 5684 ing
791 5618 906 5684 ejus
923 5617 1041 5665 vita.
1066 5612 1280 5663 Julianus
1301 5622 1422 5684 vero
1441 5610 1636 5684 imperii

81 5684 155 5747 sui.
176 5672 544 5747 posticonstantii
570 5672 1031 5747 patruelis'obitum.
1056 5688 1185 5747 anno
1197 5687 1296 5747 uno
1316 5678 1369 5722 et
1384 5672 1635 5747 mensibus

80 5740 241 5813 circiter
261 5755 447 5813 septem
487 5740 763 5813 transactis,
794 5743 840 5791 iu
882 5740 1048 5804 pra-lio
1083 5745 1245 5789 contra
1266 5744 1434 5785 Persas
1468 5740 1631 5795 periit,

82 5810 209 5859 astatis
228 5807 343 5862 anno
365 5811 618 5874 trigesimo
634 5807 804 5870 primo.

281 5897 505 5957 Ssucr.
545 5894 821 5953 AUGUS’I‘.
858 5890 971 5950 1X.

837 5186 919 5229 tea
940 5178 1102 5227 minus
1116 5176 1250 5226 bene
1275 5176 1515 5237 ferebant,
1540 5186 1635 5225 non

848 5238 987 5292 video
1003 5237 1271 5291 .ttacarium
1299 5249 1317 5288 :
1341 5244 1394 5288 et
1418 5249 1507 5301 per
1542 5249 1633 5289 nos

475 5506 619 5560 quam
639 5491 870 5558 plurium.

3229 266 3334 327 550

1728 375 1814 422 eta
1845 366 1898 421 in
1929 380 2147 424 carcere
2172 367 2433 428 defecisse
2465 389 2478 427 :
2511 380 2566 429 et
2593 387 2716 431 cum
2742 376 2810 434 ab
2838 377 3090 436 coluerit
3117 381 3327 455 ﬂagita-

1732 468 1843 514 tum
1897 459 2041 516 unde
2088 459 2194 517 hoc
2241 463 2466 533 probet,
2523 465 2815 540 adjungere
2850 472 3071 538 statim,
3103 473 3330 545 Optatus

1733 564 1964 622 namque
2002 551 2073 608 de
2116 553 2370 611 satellitio
2403 554 2646 615 Gildonis
2673 573 2988 630 accusatus,
3019 566 3107 622 tali
3133 583 3334 637 genere

1732 643 1925 699 mortis
1959 645 2255 700 exstinctus
2283 656 2388 703 est.
2431 648 2540 706 Has
2566 667 2732 724 nugas
2757 655 2944 713 audire
2982 667 3038 714 et
3062 659 3336 719 discutere

1734 742 1792 791 et
1814 734 2069 793 refellere
2107 739 2352 810 cogimur
2380 758 2395 795 :
2428 749 2633 799 tantum
2675 747 2924 806 timemus
2963 751 3193 811 infirmis
3216 796 3231 823 ,
3265 772 3336 814 ne

1737 827 2013 884 intellectu
2053 829 2288 888 tardiore
2326 831 2383 887 in
2412 842 2622 891 vestros
2660 838 2878 909 laqueos
2918 845 3167 904 celeriter
3208 865 3337 905 cur-

1736 929 1879 976 rant.
1912 921 2075 978 lstum
2113 931 2293 981 autem
2333 923 2616 983 Ursacium
2637 970 2653 994 ,
2685 929 2731 984 si
2760 929 2893 989 forte
2930 936 3067 995 bene
3092 940 3253 1009 vixit,
3281 951 3342 1000 et.

1737 1027 1865 1070 vere
1906 1014 1975 1070 ita
2009 1025 2255 1073 mortuus
2290 1026 2394 1083 est,
2425 1021 2791 1078 consolabitur
2814 1030 3098 1094 promissio
3128 1034 3223 1089 Dei
3252 1034 3338 1090 di-

1737 1105 1946 1174 centis,
1985 1105 2302 1179 Sanguinem
2341 1111 2630 1167 animarum
2671 1124 2950 1171 vestrarum
2978 1123 3237 1189 exquiram
3273 1126 3341 1183 de

1739 1199 1971 1255 mam'bus
1998 1201 2225 1257 omnium
2248 1204 2523 1260 bestiarum
2547 1204 2709 1279 ,(Gen.
2736 1224 2813 1275 ix,
2840 1208 2920 1284 5).

1810 1289 1938 1346 210.
1968 1289 2123 1373 Quod
2151 1301 2330 1350 autem
2359 1296 2514 1353 nobis
2543 1298 2942 1358 calumniamini
2969 1346 2983 1369 ,
3011 1305 3274 1377 dicentes,
3305 1326 3340 1369 a

1741 1380 1973 1473 nobisin
2000 1398 2099 1439 vos
2143 1382 2213 1440 ad
2241 1386 2572 1444 iracundiam
2602 1404 2760 1462 reges
2804 1395 2990 1451 saeculi
3036 1401 3296 1457 concitari
3317 1446 3337 1473 ,

1741 1470 1869 1528 dum
1894 1488 1989 1531 eos
2018 1489 2124 1530 non
2136 1474 2393 1535 docemus
2409 1478 2650 1538 divinam
2668 1482 3020 1557 Seripturam,
3040 1491 3136 1547 sed
3161 1470 3340 1564 potius

1742 1567 1986 1661 militiam
2030 1579 2270 1661 nostram
2318 1576 2694 1647 suggerimus:
2722 1595 2830 1637 non
2882 1592 3009 1653 puto
3040 1601 3141 1643 vos
3171 1604 3342 1661 usque

1742 1657 1878 1716 adeo
1926 1660 2121 1720 surdos
2158 1678 2281 1721 esse
2321 1666 2579 1724 adversus
2605 1670 2721 1742 ipsa
2760 1683 3069 1734 sanctorum
3092 1657 3344 1741 codicum

1743 1750 1990 1822 eloquia,
2022 1762 2083 1810 ut
2126 1770 2234 1813 non
2261 1757 2440 1828 potius
2464 1761 2696 1817 timentis
2736 1779 2806 1820 ne
2830 1768 3079 1825 noverint
3116 1786 3201 1827 ea.
3234 1772 3345 1831 Sed

1744 1844 1923 1901 velitis
1944 1846 2128 1905 nolitis
2152 1889 2167 1913 ,
2193 1849 2398 1907 intrant
2416 1851 2714 1912 Ecclesiam
2734 1897 2750 1926 ,
2782 1866 2838 1914 et
2863 1858 2908 1914 si
2934 1876 3031 1917 nos
3058 1872 3298 1924 tacemus
3323 1910 3341 1936 ,

1746 1936 2036 1996 lectoribus
2065 1941 2356 1999 admovent
2382 1960 2567 2003 aurem
2591 1965 2604 2002 :
2624 1956 2806 2021 atque,
2840 1960 2899 2007 ut
2924 1953 2994 2011 de
3021 1960 3230 2016 cteteris
3261 1969 3342 2017 ta-

1745 2043 1895 2086 ceam
1922 2071 1937 2098 ,
1986 2032 2146 2089 istum
2178 2035 2350 2106 ipsum
2378 2038 2692 2113 plerumque
2739 2044 3005 2114 psalmum
3028 2090 3045 2116 ,
3075 2065 3236 2122 quem
3285 2063 3343 2112 tu

1746 2127 2179 2215 commemorasti
2203 2169 2220 2195 ,
2252 2128 2608 2188 intentissime
2634 2134 2921 2206 accipiunt.
2949 2138 3141 2199 Dixisti
3169 2145 3340 2215 enim,

1746 2213 1889 2282 quod
1914 2229 2011 2272 eos
2038 2233 2145 2273 non
2160 2217 2469 2290 doceamus,
2498 2238 2600 2281 nec
2628 2240 2725 2282 eos
2746 2228 2990 2287 volentes
3018 2233 3259 2294 sinamus
3281 2213 3343 2296 ut

1748 2303 1995 2363 noverint
2022 2310 2165 2378 quod
2217 2314 2475 2384 scriptum
2525 2324 2628 2385 est,
2664 2317 2733 2373 Et
2760 2337 2925 2389 nunc,
2949 2341 3090 2398 reges
3111 2330 3345 2396 ,intelli-

1747 2399 1881 2469 gite;
1922 2402 2195 2459 erudimini
2214 2445 2230 2470 ,
2261 2406 2350 2477 qui
2378 2408 2631 2480 judicatis
2669 2421 2856 2468 terram
2879 2432 2899 2470 :
2919 2419 3101 2475 servile
3124 2420 3345 2482 Domino

1746 2490 1802 2546 in
1829 2492 2027 2585 timore,
2054 2505 2103 2551 et
2143 2500 2393 2556 exsultat:
2430 2503 2475 2556 ei
2517 2520 2635 2559 cum
2680 2514 2897 2565 tremore
2936 2525 2956 2566 :
2999 2517 3344 2585 apprehendi-

1749 2588 1797 2673 ις
1842 2583 2166 2673 disciplinam
2188 2629 2204 2655 ,
2255 2592 2523 2663 nequando
2587 2594 2838 2653 irascatur
2896 2583 3150 2661 Dominus
3171 2649 3188 2673 ,
3235 2618 3342 2667 etc.

1746 2670 1962 2772 Credite
1988 2684 2044 2732 et
2080 2679 2201 2772 ista,
2245 2683 2451 2737 cantari
2473 2725 2489 2752 ,
2521 2694 2576 2741 et
2614 2686 2736 2743 illos
2774 2691 2962 2749 audire
2993 2711 3010 2751 :
3040 2697 3135 2753 sed
3159 2670 3345 2772 utique

1747 2765 1971 2861 audiunt
1997 2778 2054 2825 et
2076 2769 2208 2827 illud
2237 2774 2486 2846 superius
2514 2776 2569 2833 in
2596 2779 2788 2836 eodem
2816 2785 3056 2855 psalmo,
3086 2790 3230 2860 quod
3255 2765 3338 2861 tu,

1747 2856 1852 2912 nisi
1874 2857 2048 2929 fallor,
2077 2873 2360 2935 propterea
2392 2870 2667 2938 praeterire
2690 2873 2978 2946 noluisti‘,
3010 2894 3080 2936 ne
3104 2856 3348 2943 timuisse

1747 2948 2140 3022 intelligereris.
2170 2956 2409 3014 Audiunt
2450 2975 2580 3033 ergo
2607 2971 2663 3018 et
2700 2964 2832 3021 illud
2867 2985 2880 3021 :
2912 2966 3164 3028 Dominus
3211 2974 3342 3032 dixit

1746 3042 1817 3096 ad
1842 3060 1923 3100 me
1943 3087 1958 3108 ,
1992 3044 2161 3104 Filius
2186 3067 2326 3107 meus
2365 3068 2419 3109 es
2461 3063 2533 3122 tu,
2572 3072 2664 3129 ego
2689 3058 2840 3115 hodie
2862 3065 3017 3132 genui
3057 3074 3105 3120 te
3132 3083 3151 3122 :
3177 3080 3290 3139 pete
3312 3090 3348 3127 a

1747 3153 1845 3204 me,
1876 3148 1922 3194 et
1947 3140 2078 3196 dabo
2105 3143 2194 3198 tibi
2228 3155 2399 3217 gentes
2424 3148 2772 3207 hereditatem
2812 3162 2955 3210 tuam
2988 3170 3037 3212 et
3061 3166 3343 3230 possessio-

1747 3248 1863 3329 nem
1905 3242 2046 3289 tuam
2078 3238 2317 3294 tenninos
2337 3240 2671 3313 εει-τωρωι.
2703 3244 2787 3316 ιι).
2818 3246 2935 3316 Quo
2959 3252 3142 3309 audito
3162 3258 3347 3329 utique

1746 3326 2008 3407 mirantur
2031 3345 2152 3387 esse
2176 3331 2384 3403 aliquos
2408 3334 2499 3406 qui
2525 3334 2648 3393 huic
2671 3337 2972 3396 haereditati
2990 3342 3192 3402 Christi
3212 3326 3346 3407 con-

1747 3415 2034 3489 tradicunt,
2066 3431 2121 3479 et
2144 3438 2263 3480 eam
2285 3426 2353 3482 ad
2393 3429 2638 3500 exiguam
2668 3441 2873 3502 partem
2905 3444 3062 3492 terra:
3092 3440 3341 3514 redigere

1745 3522 2053 3570 conantur:
2083 3517 2444 3591 mirantesque
2487 3520 2718 3579 fortasse
2766 3536 3014 3595 quaerunt
3040 3542 3262 3603 propter
3287 3536 3345 3592 id

1745 3606 1889 3676 quod
1932 3607 1986 3663 in
2016 3612 2469 3682 consequentibus
2494 3613 2758 3686 audiunt,
2788 3616 2986 3675 Servite
3026 3620 3248 3682 Domino
3284 3628 3341 3684 in

1743 3699 1959 3793 timore;
1979 3703 2034 3757 in
2065 3719 2173 3775 quo
2200 3704 2280 3761 illi
2306 3707 2511 3765 servire
2539 3710 2780 3781 possint,
2807 3712 2862 3768 in
2889 3725 3150 3786 quantum
3180 3735 3337 3793 reges

1745 3800 1888 3847 sunt.
1919 3792 2119 3852 Omnes
2146 3799 2288 3854 enim
2324 3799 2570 3859 homines
2611 3804 2817 3861 servire
2841 3805 2954 3862 Deo
2974 3807 3208 3866 debent:
3242 3792 3343 3870 ali-

1744 3891 1826 3939 ter
1851 3888 2123 3944 communi
2143 3891 2469 3960 conditione,
2496 3909 2599 3966 qua
2628 3893 2876 3954 homines
2894 3909 3052 3968 sunt;
3074 3901 3231 3959 aliter
3254 3904 3339 3962 di-

1745 3978 1915 4034 versis
1940 3979 2096 4037 donis
2115 4024 2129 4048 ,
2152 3983 2294 4054 quod
2333 3983 2422 4042 ille
2448 3986 2596 4043 aliud
2631 3989 2742 4060 agit
2770 3990 2825 4046 in
2851 3991 3015 4048 rebus
3056 3994 3303 4055 humanis
3324 4043 3340 4066 ,

1745 4068 1837 4125 ille
1864 4071 2027 4128 aliud.
2059 4073 2175 4131 Non
2219 4077 2363 4133 enim
2399 4078 2688 4136 auferenda
2732 4081 2871 4139 idola
2904 4083 2974 4140 de
3000 4094 3162 4155 terra,
3193 4092 3339 4161 quod

1746 4170 1894 4218 tanto
1936 4173 2065 4222 ante
2110 4165 2347 4223 futurum
2395 4171 2710 4240 praedictum
2759 4184 2845 4230 est
2881 4174 3018 4249 (Isai
3046 4195 3084 4234 ιι
3107 4219 3124 4247 ,
3155 4180 3224 4237 18
3247 4224 3263 4248 ,
3291 4195 3343 4239 et

1744 4255 1905 4312 Zach.
1941 4274 2057 4325 xm,
2085 4260 2167 4333 2),
2199 4270 2383 4333 posset
2409 4266 2692 4336 quisquam
2716 4266 2908 4337 jubere
2937 4271 3200 4341 privatus.
3231 4274 3343 4333 Ha-

1746 4349 1873 4406 bent
1899 4366 2027 4424 ergo
2076 4369 2251 4426 reges,
2278 4365 2499 4427 excepta
2533 4359 2750 4430 generis
2788 4359 3005 4418 humani
3039 4366 3297 4424 societate
3317 4412 3335 4438 ,

1744 4458 1812 4499 eo
1850 4445 1967 4516 ipso
1991 4462 2100 4519 quo
2123 4463 2278 4518 reges
2299 4458 2443 4519 sunt,
2473 4451 2619 4508 unde
2664 4453 2745 4509 sic
2790 4453 3020 4512 Domino
3060 4458 3337 4530 serviant,

1743 4538 2014 4607 quomodo
2039 4555 2145 4596 non
2170 4552 2395 4611 possunt
2421 4543 2511 4615 qui
2543 4559 2701 4617 reges
2724 4562 2832 4602 non
2864 4557 3007 4605 sunt.

1813 4628 1940 4686 211.
1973 4631 2077 4688 ista
2103 4647 2232 4705 ergo
2251 4648 2373 4691 cum
2399 4637 2687 4710 cogitant”,
2715 4639 2939 4697 audiunt
2964 4652 3020 4699 et
3045 4643 3172 4699 illud
3193 4650 3337 4718 quod

1742 4721 1811 4778 de
1850 4721 2017 4779 tribus
2045 4726 2225 4796 pueris
2255 4725 2369 4798 ipse
2410 4732 2845 4787 commemorasti
2865 4773 2880 4798 ,
2907 4740 2965 4789 et
3003 4734 3338 4795 audiuntso-

1743 4816 2022 4874 lemnitate
2058 4818 2308 4877 mirabili.
2340 4821 2492 4879 Tunc
2519 4825 2663 4880 enim
2699 4824 2886 4881 eadem
2917 4825 3193 4900 Scriptura
3218 4848 3337 4890 ma-

1743 4909 1885 4966 xime
1927 4910 1983 4965 in
2028 4909 2268 4968 Ecclesia
2315 4923 2588 4980 cantatur,
2639 4915 2855 4987 quando
2907 4917 3022 4990 ipsa
3075 4920 3338 4982 festivitas

1742 4999 2095 5058 ferventiores
2122 5000 2251 5058 facit
2293 5005 2455 5059 etiam
2491 5020 2585 5061 eos
2612 5006 2703 5076 qui
2733 5015 2930 5065 caetero
2969 5025 3111 5067 anno
3139 5013 3341 5086 pigrio-

1702 5096 1713 5105 '
1741 5107 1830 5149 res
1858 5104 2002 5149 sunt.
2030 5093 2168 5164 Quid
2194 5110 2324 5168 ergo
2361 5096 2555 5168 putatis
2590 5099 2754 5155 animi
2788 5101 2986 5159 habere
3014 5103 3337 5167 christianos

1742 5187 2111 5259 imperatores,
2142 5204 2265 5246 cum
2312 5190 2533 5247 audiunt
2561 5201 2668 5250 tres
2703 5209 2898 5265 pueros
2931 5198 3124 5258 missos
3168 5202 3223 5258 in
3250 5221 3340 5260 ca-

1741 5281 1944 5334 minum
1992 5280 2129 5351 ignis
2177 5279 2413 5338 ardentis
2449 5282 2571 5354 quia
2596 5284 2711 5356 regi
2746 5284 2816 5342 ad
2863 5288 3197 5361 iniquitatem
3245 5296 3340 5349 ad-

1740 5373 1927 5430 orandi
1951 5373 2223 5431 simulacri
2249 5373 2272 5407 ³
2289 5376 2595 5435 consentire
2617 5378 2937 5451 noluerunt;
2969 5384 3071 5440 nisi
3103 5394 3160 5440 ut
3186 5389 3335 5456 cogi-

1803 5533 1985 5652 ;gzditi,
2245 5538 2420 5588 Verius
2450 5546 2578 5602 Mss,
2600 5538 2797 5593 noluisti
2824 5554 2841 5592 :
2865 5548 2919 5592 ut
2942 5548 3077 5604 patet
3099 5553 3245 5605 supra
3271 5557 3329 5595 ex

1737 5616 1787 5653 θ’
1801 5616 2048 5729 Flammas;
2074 5667 2171 5729 Ista
2191 5674 2308 5727 ergo
2327 5677 2439 5715 cum
2461 5663 2682 5729 cogitent.

1801 5728 1821 5759 ³
1845 5726 1980 5786 Editi,
2004 5722 2283 5776 simulacri.
2316 5729 2487 5777 verius
2510 5722 2614 5778 ᾖδε.
2630 5762 2645 5787 ,
2666 5724 2916 5778 simulacri
2938 5739 2954 5783 ;
2979 5727 3023 5775 id
3051 5734 3123 5776 est
3160 5736 3326 5782 statum

1742 5787 2185 5851 Nubuchodonosor,
2212 5801 2277 5838 ex
2300 5789 2509 5841 Danielis
2525 5803 2629 5852 cap.
2649 5791 2695 5840 ὅ.

2761 5870 3028 5952 (Οηιε.)
