3792 6132
27 303 139 368 ΒΞ

102 421 242 478 219.
270 419 421 477 Atro.
445 415 726 490 respondit
750 433 764 470 :
787 414 844 472 Si
885 412 1264 470 hereticorum
1308 412 1644 469 communiae-

31 528 163 570 nem
195 522 870 584 magnopere-caperemus
893 551 907 572 ,
935 506 1133 577 θωπίςί
1159 520 1258 560 res
1282 504 1351 560 ab
1389 505 1645 562 haretico

33 615 232 664 errore
263 608 537 663 nollemus
567 624 580 660 :
607 615 726 660 cum
755 612 934 658 autem
953 601 1064 656 lhoc
1092 599 1371 656 vobiscum
1395 612 1650 670 agamus,

36 717 102 759 ne
131 703 262 759 sitis
289 699 536 758 hmretici
557 743 572 768 ,
599 699 870 772 quomodo
899 698 1282 754 “haereticorum
1317 697 1654 753 comnio-

38 813 166 852 nem
213 803 554 867 magnopere
591 791 877 863 cupimus?
900 791 1176 847 Dissensio
1219 790 1416 860 quippe
1457 802 1556 844 vos
1597 796 1656 844 et

37 888 245 944 divisio
295 887 428 944 facit
469 886 755 942 haereticos
785 903 799 940 :
826 889 929 956 pax
960 897 1088 940 vero
1113 892 1174 939 et
1199 882 1375 938 unitas
1405 881 1528 937 facit
1559 894 1654 937 cs-

37 981 304 1037 tbolicos.
351 980 487 1036 Cum
525 994 660 1050 ergo
701 978 826 1034 inde
865 978 976 1033 huc
1003 976 1198 1032 venitis
1219 1019 1234 1043 ,
1257 976 1510 1032 desinitis
1531 983 1655 1031 esse

37 1073 189 1145 quod
222 1073 460 1140 odimus,
487 1081 542 1129 et
561 1072 802 1142 iitcipi‘tis
821 1077 953 1128 esse
977 1070 1122 1142 quod
1143 1079 1414 1125 laruarnus.

106 1161 354 1224 CAPUT
379 1162 639 1222 XCVI.—
656 1162 783 1221 220.
813 1164 998 1220 Ρῑτιι..
1032 1163 1168 1219 dixit
1184 1171 1203 1217 ':
1234 1161 1426 1235 Etigite
1449 1163 1654 1218 tandem

42 1261 100 1314 de
151 1259 364 1315 duobus
408 1260 628 1314 alterum
669 1257 792 1330 quid
833 1257 1018 1312 dicatis
1037 1258 1080 1311 ‘.
1113 1255 1178 1313 Si
1199 1256 1491 1312 innocentia
1518 1255 1656 1310 vobis

42 1361 133 1419 est,
163 1368 262 1407 cur
285 1369 380 1408 nos
407 1355 544 1424 ferro
579 1349 883 1408 sectamini?
908 1360 996 1406 aut
1015 1351 1060 1407 s'i
1078 1357 1188 1407 reos
1207 1365 1298 1406 nos
1322 1350 1512 1419 dicitis,
1533 1349 1658 1423 quid

39 1463 134 1501 nos
157 1446 394 1519 quarritis
423 1441 758 1502 innocentes?

111 1537 248 1595 ﬁl.
294 1541 434 1597 Aac.
487 1535 815 1612 respondit:
844 1537 890 1595 0
919 1537 1281 1596 acutissimam
1320 1538 1653 1610 complexio-

41 1648 205 1700 nem,
247 1647 320 1687 an
368 1625 546 1702 potius
583 1629 981 1703 ineptissimam
1024 1627 1655 1704 loquacitatemlﬁonn'e

41 1725 112 1781 ibi
147 1723 382 1796 proponi
412 1726 550 1781 solet
575 1732 637 1780 ut
657 1725 891 1796 eligatur
915 1723 1146 1781 alterum
1175 1723 1241 1780 de
1270 1724 1480 1781 duobus
1506 1724 1648 1795 Quod

37 1817 462 1889 respondeatur,
495 1817 586 1874 ubi
616 1825 904 1891 utrumque
927 1833 1036 1874 non
1070 1827 1244 1889 potest
1265 1816 1584 1890 eligi'ii‘lam
1605 1818 1653 1873 si

39 1907 177 1963 mihi
207 1917 565 1979 proponercs,
584 1915 649 1964 ut
666 1907 922 1980 eligerem
943 1908 1172 1965 aiterum
1199 1909 1269 1964 de
1293 1909 1502 1965 duobus
1517 1908 1652 1980 quid

43 2000 292 2057 dicerem
319 2044 333 2066 ,
382 2011 562 2057 utrum
604 2000 925 2058 innocentes
950 2017 1017 2056 an
1054 2005 1310 2057 nocentes
1333 2001 1502 2057 simus
1523 2042 1538 2066 ,
1569 2001 1652 2056 vel

41 2108 236 2147 rursus
264 2108 336 2148 ex
360 2093 481 2148 aliis
506 2091 716 2149 duobus
741 2094 856 2150 sive
883 2108 948 2150 ex
973 2090 1092 2148 istis
1114 2135 1131 2160 ,
1158 2099 1269 2149 non
1299 2099 1514 2163 possem
1542 2091 1651 2148 nisi

41 2193 217 2241 unum
268 2181 471 2256 eligere
518 2185 660 2258 quod
707 2186 947 2243 dicerem
981 2205 994 2242 :
1026 2195 1168 2242 nunc
1213 2193 1345 2242 vero
1395 2185 1651 2257 proponis

35 2277 161 2334 haec
190 2275 328 2342 duo,
361 2286 540 2334 utrum
567 2291 666 2335 nos
693 2278 1011 2336 innocentes
1036 2280 1224 2345 simus,
1255 2295 1324 2336 an
1351 2293 1447 2335 vos
1467 2279 1543 2336 rei
1572 2279 1650 2334 si-

43 2370 112 2424 tis
132 2413 149 2437 ,
171 2379 241 2424 ~et
262 2369 350 2425 vis
377 2378 437 2425 ut
463 2385 631 2425 unum
663 2387 731 2428 ex
757 2371 845 2426 his
888 2369 1098 2428 duobus
1138 2370 1336 2444 eligam
1372 2371 1515 2444 quod
1560 2375 1650 2428 re-

43 2461 371 2532 spondeam.
403 2464 473 2518 At
495 2477 596 2536 ego
619 2464 750 2520 nolo
775 2479 943 2521 unum
967 2459 1182 2530 dicere;
1199 2465 1328 2536 quia
1365 2473 1650 2540 utrumque

44 2553 189 2623 dico,
223 2563 281 2611 et
301 2570 407 2611 nos
433 2555 750 2613 innocentes
770 2599 785 2626 ,
814 2561 872 2614 e‘t
894 2563 1002 2614 'vos
1027 2572 1175 2613 reos.
1206 2556 1315 2612 Nos
1347 2573 1467 2613 esse
1493 2559 1649 2614 innoo

43 2655 230 2703 centes
255 2645 489 2703 dicimus
515 2663 545 2704 a
569 2647 722 2706 falsis
742 2645 798 2706 e't
817 2649 1163 2705 calumniosis
1185 2649 1648 2708 crimina-tionibus

44 2742 262 2807 vestris,
291 2741 618 2814 quicumque
643 2744 696 2798 in
727 2742 1001 2800 Catholica
1031 2758 1317 2814 possumus
1343 2743 1486 2798 salva
1513 2761 1648 2801 can-

43 2836 265 2892 sc'ientia
311 2836 495 2892 dicere
516 2878 530 2903 ,
565 2851 663 2892 nec
695 2846 915 2893 sanctos
939 2835 1154 2891 codices
1193 2845 1290 2891 nos
1329 2835 1646 2905 tradidisse,

39 2929 435 2986 necido'lorum
457 2927 936 3002 supplicationibus
956 2923 1317 2999 consensisse,
1340 2945 1442 2987 nec
1465 2947 1650 3003 quem-

44 3037 205 3092 quam
244 3021 544 3088 occidisse;
575 3024 661 3080 vel
689 3022 734 3078 si
773 3022 901 3094 quid
943 3023 1085 3078 aliud
1113 3023 1240 3079 mali
1273 3023 1468 3080 soletis
1510 3025 1649 3095 obji-

31 3129 168 3171 'cere
197 3133 210 3168 :
237 3129 343 3171 nec
369 3129 463 3170 eos
494 3115 584 3186 qui
603 3107 746 3171 forte
768 3157 784 3184 ,
826 3114 968 3186 quod
1007 3107 1222 3186 quidem
1270 3130 1373 3171 ncc
1415 3113 1483 3171 de
1519 3115 1648 3186 ipsis

46 3205 338 3279 probastis,
353 3209 458 3262 ista
487 3207 755 3276 fecerunt,
774 3213 959 3264 eontra
990 3221 1088 3262 nos
1114 3221 1338 3278 regnum
1361 3208 1642 3277 caelorum,

44 3297 137 3354 sed
162 3307 352 3355 contra
380 3311 439 3354 se
467 3299 615 3370 ipsos
653 3298 913 3354 clausisse
941 3315 954 3352 :
979 3299 1101 3368 quia
1142 3299 1510 3370 unusquisque
1546 3316 1644 3354 no-

44 3401 212 3447 strum
239 3392 510 3447 sarcinam
538 3404 687 3446 suam
709 3398 896 3462 portat
922 3381 1136 3461 (Calai.
1161 3405 1235 3456 v1,
1265 3387 1358 3461 5).
1381 3387 1646 3447 ‘Ecc'c‘ha-

33 3483 138 3540 'bes
162 3499 353 3540 unum.
371 3483 444 3539 Et
465 3497 562 3538 vos
590 3497 780 3540 omnes
791 3491 1057 3540 nocentes
1078 3491 1139 3538 et
1169 3479 1463 3538 sceleratos
1476 3496 1606 3536 'essc
1626 3523 1641 3548 ,

42 3593 147 3632 non
175 3575 317 3632 alios
341 3577 576 3633 aliorum
603 3569 915 3632 criminibus
943 3591 1062 3647 qua:
1085 3567 1223 3646 apud
1249 3590 1340 3629 vos
1369 3591 1397 3628 a
1421 3573 1649 3649 “quibus-

42 3672 163 3726 dam
194 3672 630 3737 committuntur,
655 3680 710 3726 et
744 3685 774 3725 a
802 3669 1118 3742 quibusdam
1154 3667 1642 3741 reprehenduntur,

42 3761 135 3819 sed
159 3762 390 3818 crimine
419 3763 743 3831 schismatis,
768 3779 796 3816 a
819 3779 926 3834 quo
948 3762 1342 3819 immanissimo
1363 3763 1646 3834 sacrilegio

43 3871 204 3912 nemo
230 3865 474 3911 vestrum
518 3869 578 3913 se
605 3864 784 3926 potest
821 3855 1002 3912 dicere
1029 3857 1323 3912 immunem
1345 3899 1360 3923 ,
1393 3855 1646 3926 quamdiu

41 3965 148 4003 non
179 3949 552 4004 communicat
575 3949 763 4004 unitati
790 3951 1029 4005 omnium
1061 3950 1322 4021 gentium,
1352 3947 1452 4003 nisi
1482 3963 1644 4020 coga-

43 4051 128 4096 tur
153 4041 344 4097 dicere
371 4041 438 4097 de
465 4039 705 4097 Ecclesia
733 4058 853 4114 quae
883 4058 976 4114 per
1009 4057 1197 4099 omnes
1239 4051 1423 4115 gentes
1449 4042 1646 4099 diﬁ‘u‘n-

43 4134 206 4200 ditur,
235 4134 502 4205 incipiens
531 4136 598 4192 ab
623 4123 922 4191 derusalem
942 4178 956 4202 ,
983 4136 1252 4192 Christum
1271 4135 1444 4193 fuisse
1491 4151 1645 4192 men-

43 4225 201 4281 titum
248 4225 420 4296 (‘Luc.
457 4241 616 4296 xxw,
644 4221 710 4284 d7
733 4226 777 4301 ).
820 4227 963 4284 Ecce
1003 4227 1173 4284 habes
1207 4228 1463 4284 alterum.
1509 4229 1646 4292 Ecce

43 4318 254 4374 reddidi
280 4318 374 4373 tibi
401 4318 509 4374 duo
528 4362 543 4387 ,
570 4333 794 4391 quorum
829 4329 885 4375 tu
917 4320 1134 4376 volebas
1163 4331 1216 4375 ut
1243 4320 1646 4376 unum.dicere-

44 4424 183 4464 mus.
223 4407 424 4481 Utique
467 4411 744 4468 attendere
783 4408 1012 4468 debuisti
1063 4426 1349 4484 utrumque
1400 4429 1432 4467 a
1489 4412 1646 4469 nobis

47 4517 204 4572 posse
232 4501 372 4570 dici;
411 4512 466 4558 et
508 4503 697 4560 saltem
718 4545 734 4572 ,
764 4503 810 4560 si
845 4502 946 4560 hoc
974 4503 1191 4560 volebas
1215 4544 1228 4570 ,
1273 4518 1467 4575 rogare
1507 4519 1608 4560 nos
1628 4547 1644 4575 ,

44 4607 98 4651 ut
126 4611 299 4652 unum
322 4595 620 4653 diceremus
636 4637 654 4666 ,
675 4611 798 4653 cum
823 4597 1034 4654 videres
1061 4597 1184 4668 quia
1212 4607 1496 4669 utrumque
1521 4611 1646 4670 pos-

45 4705 248 4746 scmus.

114 4781 246 4838 29.2.
282 4779 389 4838 Sed
428 4781 471 4836 si
513 4782 801 4838 innocentia
843 4781 980 4837 vobis
1026 4789 1131 4847 est,
1170 4780 1380 4854 inquis,
1422 4795 1513 4837 cur
1555 4796 1647 4838 nos

49 4877 182 4944 ferro
203 4873 510 4929 sectamini?
537 4873 805 4944 Respicite
830 4869 1106 4945 padiulum
1129 4882 1371 4929 catervas
1400 4883 1606 4931 vestras
1626 4917 1642 4944 ,

49 4984 165 5037 qum
195 4978 303 5022 non
329 4966 548 5037 antiquo
586 4981 734 5022 more
759 4975 1039 5037 parentum
1077 4981 1294 5022 suorum
1334 4966 1461 5022 solis
1497 4965 1648 5021 fusti-

48 5059 145 5116 bus
186 5067 486 5127 armantur,
529 5055 626 5116 sed
665 5069 720 5117 et
753 5076 968 5117 secures
1015 5069 1070 5117 et
1111 5060 1325 5116 lanceas
1354 5069 1408 5117 et
1443 5059 1646 5132 gladios
1681 5111 1686 5116 .

50 5152 370 5210 addiderunt
394 5170 406 5206 :
429 5161 486 5209 et
513 5153 787 5226 agnoscite
813 5168 1037 5224 quorum
1065 5154 1242 5226 potius
1267 5169 1368 5208 vox
1399 5168 1518 5210 esse
1546 5153 1644 5210 de-

51 5245 186 5313 beat,
211 5245 351 5315 Quid
375 5262 474 5302 nos
493 5245 635 5304 ferro
656 5247 969 5304 sectamini?
993 5248 1096 5303 Aut
1114 5250 1158 5303 si
1176 5265 1289 5304 reos
1313 5265 1421 5314 nos,
1437 5235 1642 5319 linquis,

54 5342 235 5406 dicitis,
264 5342 391 5412 quid
412 5358 505 5397 nos
543 5342 769 5415 quwritis
796 5343 1124 5398 innocentes?
1161 5341 1259 5398 Hic
1279 5342 1514 5398 breviter
1554 5355 1643 5396 re-

52 5436 287 5506 spondeo
312 5429 484 5493 :"ldeo
513 5435 810 5508 quatrimini
841 5436 917 5492 rei
946 5435 1012 5491 ab
1038 5435 1522 5500 innocentibus,'ut
1545 5433 1642 5490 de-

52 5530 232 5588 sinatis
261 5547 386 5588 esse
422 5531 538 5600 rei,
567 5538 624 5588 et
652 5530 917 5604 incipiatis
951 5535 1072 5588 esse
1113 5531 1455 5588 innocentes.
1487 5528 1643 5586 'Ecce

51 5633 337 5698 utrmque
377 5624 520 5698 elegi
567 5633 847 5695 nostrum,
879 5634 934 5682 et
973 5626 1041 5682 ad
1080 5629 1315 5683 vestrum
1361 5633 1643 5695 utrumque

52 5718 296 5792 respondi
328 5737 343 5773 :
377 5716 540 5775 modo
563 5719 784 5792 tu'eil'ge
812 5735 975 5775 unum
1006 5719 1072 5775 dc
1096 5719 1304 5776 duobus
1329 5735 1341 5772 :
1377 5717 1638 5774 Innocen-

112 5835 122 5864 '
151 5832 257 5885 Sola
281 5833 433 5886 editio
455 5839 585 5895 Lov.,
607 5832 734 5899 quod
751 5831 935 5886 dicatis.

1377 297 1586 356 LIBER
1621 298 2000 360 SECUNBUS.

1762 423 1842 470 tes
1867 415 2020 480 estis,
2041 428 2109 471 an
2133 417 2427 474 nocentes?
2452 415 2636 489 Neque
2653 426 2809 489 potes
2831 428 3115 496 utrumque
3140 425 3355 486 dicere:

1760 509 1858 566 sed
1897 509 1986 567 die
2032 519 2350 583 utrumque,
2396 513 2440 568 si
2488 513 2591 570 hoc
2625 515 2820 585 placet.
2853 517 3019 575 Certe
3061 520 3205 577 enim
3251 537 3360 579 non

1758 604 1986 673 potestis
2015 603 2068 659 in
2091 605 2282 661 eadem
2309 620 2468 660 causa
2495 621 2620 663 esse
2647 607 2991 676 iimooentes,
3019 613 3074 667 in
3101 629 3205 684 qua
3225 616 3360 672 estis

1759 705 2038 752 nocentes.
2057 695 2116 754 Si
2135 713 2271 769 ergo
2293 699 2606 758 innocentes
2625 701 2778 768 estis,
2804 704 2976 761 mlite
2998 706 3187 762 mira-ri
3214 708 3358 779 quod

1755 787 1829 842 ad
1853 795 2038 859 pubem
2068 790 2368 860 quierim-ini
2398 806 2429 846 ι
2461 790 2712 850 fratribus
2733 810 2750 846 :
2770 793 2819 848 si
2847 805 3036 854 autem
3061 809 3355 867 nocentes,

1755 880 1928 937 nolite
1972 881 2155 937 mutari
2189 882 2340 954 quod
2375 881 2450 938 ad
2501 897 2711 954 pinnam
2737 887 3036 955 querimini
3057 903 3093 943 a
3123 891 3356 962 regibus.

1751 971 1868 1030 'Sed
1889 974 2010 1045 quia
2031 973 2229 1030 borum
2251 975 2487 1032 deorum
2510 978 2738 1034 alterm
2769 979 2919 1036 vobis
2947 984 3214 1054 usurpatis
3235 1026 3249 1048 .
3273 987 3355 1042 al-

1755 1071 1934 1122 terum
1953 1081 1990 1120 -ι
2014 1065 2168 1123 nobis
2187 1066 2387 1124 auditis
2407 1085 2428 1122 ς
2459 1069 2726 1138 usurpatis
2751 1071 2897 1127 etum
2913 1072 3077 1129 vobis
3099 1074 3358 1133 ituioceu.

1759 1159 1912 1225 ﬁam,
1927 1176 1966 1216 a
1982 1160 2145 1216 nobis
2170 1170 2350 1218 autem
2368 1162 2568 1218 auditis
2585 1163 2731 1234 quod
2741 1164 2910 1234 inpie
2929 1165 3152 1224 vivatis:
3172 1171 3356 1240 accipe
3381 1241 3383 1243 ι

1755 1252 1952 1309 iterum
1992 1251 2070 1309 de
2113 1261 2343 1326 namque
2365 1254 2498 1325 Quid
2531 1255 2730 1313 dicam.
2753 1255 2816 1313 8i
2844 1256 3160 1318 innocentes
3185 1262 3316 1318 estis
3340 1305 3355 1329 ,

1751 1358 1925 1418 quare
1953 1345 2150 1403 Cimiin
2187 1349 2497 1405 bestiarum.
2535 1348 2937 1406 contradicitis?
2962 1351 3021 1408 Si
3043 1361 3226 1408 autem
3259 1371 3359 1411 no-

1749 1451 1964 1508 centes,
1989 1447 2161 1512 quare
2179 1441 2253 1497 ad
2281 1442 2402 1513 eius
2419 1443 2851 1500 misericordiam
2883 1460 2996 1501 non
3033 1446 3318 1519 confugitis
3334 1449 3359 1501 ἲ

1749 1524 1891 1590 Nam
1909 1542 1968 1588 et
1993 1534 2358 1589 testinmnium
2375 1534 2500 1604 ejus
2515 1535 2691 1591 estde
2717 1536 2864 1594 nobis
2885 1537 3129 1606 unitate,
3171 1547 3226 1595 et
3251 1540 3358 1596 mi-

1747 1625 2050 1682 sericordia
2071 1625 2193 1695 eius
2220 1625 2276 1681 in
2297 1625 2537 1682 fustem:
2563 1628 2848 1686 ditat-itam.

1817 1715 2056 1774 CAPUT
2083 1717 2289 1774 XCVII.
2306 1719 2518 1776 ~22?»
2547 1721 2744 1777 Ρετιι.
2771 1721 2916 1778 dixit
2937 1742 2956 1778 :
2983 1722 3276 1794 Postremo,
3300 1736 3359 1781 ut

1750 1821 1894 1885 κρυ
1912 1813 2027 1884 iam
2047 1812 2295 1871 dicimus.
2315 1813 2490 1882 ’φησει
2515 1823 2588 1868 est
2609 1821 2779 1869 me
2808 1817 3138 1888 prcsumptio
3153 1859 3171 1881 ,
3201 1826 3256 1872 ut
3285 1819 3352 1874 de

1753 1908 1956 1978 regibus
1997 1907 2322 1978 pratum-tis
2339 1948 2355 1973 ,
2379 1906 2578 1962 dicente
2615 1907 2802 1973 Dauid,
2837 1927 2856 1962 ι
2890 1907 3093 1964 Bonum
3125 1921 3203 1966 est
3240 1929 3356 1984 spe-

1741 2005 1871 2053 φατε
1895 2001 1951 2054 in
1985 1998 2209 2054 Domino
2232 2039 2248 2063 ,
2284 2011 2439 2069 quam
2477 2014 2688 2069 operare
2707 2001 2771 2054 in
2801 2000 3004 2056 homine
3025 2002 3255 2057 :ibamun
3279 2011 3356 2059 est

1749 2101 1959 2161 sperare
1973 2091 2032 2144 in
2045 2089 2286 2158 Domine,
2306 2105 2462 2161 quam
2483 2108 2690 2162 sperare
2708 2093 2759 2146 in
2775 2093 3096 2164 principibus
3117 2115 3144 2147 τ
3178 2094 3348 2168 (Psal.

1749 2194 1916 2250 enat,
1942 2183 2000 2249 8,
2027 2181 2105 2254 9).

1825 2275 1950 2332 ω.
1977 2273 2111 2334 λος.
2155 2275 2435 2349 respondit
2457 2295 2471 2332 :
2491 2277 2608 2335 Nos
2627 2295 2743 2335 non
2767 2294 3051 2350 speramus
3090 2282 3145 2338 in
3173 2283 3352 2340 homi-

1749 2379 1852 2436 ne;
1872 2369 1993 2436 sed,
2018 2379 2279 2441 quamam
2301 2382 2613 2441 possumus,
2643 2372 2890 2429 homines
2911 2373 3266 2431 admonemus
3291 2387 3358 2434 ut

1745 2461 1807 2518 in
1827 2462 2058 2519 Domino
2073 2471 2294 2533 sperent
2314 2481 2328 2518 :
2347 2480 2445 2520 nec
2454 2475 2748 2536 speramus
2768 2465 2826 2520 in
2854 2465 3351 2538 prittcipibns;sed,

1753 2562 2010 2627 quautam
2045 2563 2349 2627 pessumas,
2377 2559 2657 2629 principes
2683 2557 3041 2616 adth
3068 2571 3136 2616 ut
3163 2562 3215 2616 in
3237 2563 3355 2617 ¹Βο-

1745 2649 1902 2703 min'o
1920 2655 2146 2719 sperent
2164 2691 2177 2714 ,
2198 2653 2330 2707 etsi
2359 2650 2559 2720 aliquid
2582 2665 2619 2705 a
2647 2652 2978 2722 principibus
3003 2666 3100 2723 pro
3129 2655 3356 2711 utilitate

1746 2743 2010 2799 Ecclesia:
2035 2743 2288 2813 petimus,
2310 2755 2429 2797 non
2447 2737 2511 2798 litt
2534 2743 2614 2798 eis
2637 2751 2819 2800 tamen
2835 2756 3144 2815 speramus.
3169 2745 3356 2816 Neque

1751 2835 1897 2890 enim
1927 2843 1981 2890 et
2011 2833 2298 2904 Apostolus
2315 2835 2373 2888 in
2399 2834 2496 2889 illo
2517 2835 2732 2890 tribuno
2758 2837 2994 2906 speravit
3015 2845 3272 2908 tanquam
3293 2840 3351 2893 in

1754 2925 2026 2996 principe,
2058 2941 2088 2980 a
2117 2940 2224 2996 quo
2253 2925 2353 2981 sibi
2385 2925 2492 2997 egit
2532 2937 2588 2981 ut
2619 2925 2942 2984 deductorcs
2965 2927 3231 2984 darentur
3255 2946 3350 2985 or-

1753 3022 1918 3087 mati;
1962 3030 2054 3075 aut
2099 3021 2150 3076 in
2199 3017 2332 3090 ipsis
2375 3020 2600 3076 armatis
2642 3030 2890 3094 tanquam
2917 3025 2977 3078 i'n
3009 3023 3348 3092 hominibus,

1745 3121 1978 3184 quorum
2017 3113 2362 3170 multitudine
2405 3123 2590 3184 septas
2625 3115 2805 3172 "evasit
2848 3116 3066 3173 insidias
3108 3118 3353 3189 perdito-

1741 3211 1868 3262 'rum
1904 3207 2056 3276 (Act.
2079 3217 2228 3271 sinu,
2255 3205 2430 3262 12-53
2453 3205 2496 3279 -).
2519 3200 2628 3262 Sed
2659 3221 2758 3262 nec
2787 3219 2885 3264 vos
2911 3210 3084 3279 ipsos,
3115 3211 3256 3280 quod
3279 3212 3351 3267 ab

1749 3297 2078 3368 imperatore
2112 3298 2356 3354 basilicae
2407 3299 2565 3354 vobis
2603 3309 2668 3354 ut
2711 3300 3062 3356 redderentur
3109 3304 3346 3371 petistis,

1750 3392 2042 3463 arguimus,
2077 3401 2326 3462 tanquam
2357 3392 2410 3446 in
2437 3392 2652 3447 Juliauo
2682 3393 2923 3463 principe
2949 3396 3302 3465 speraveritis
3331 3415 3344 3450 :

1749 3485 1842 3540 sed
1876 3484 2171 3556 arguimus,
2205 3483 2346 3554 quod
2375 3483 2442 3539 de
2466 3483 2664 3539 Christi
2693 3484 2999 3540 testimonio
3025 3485 3350 3555 desperave-

1749 3577 1868 3634 ritis
1889 3621 1903 3645 ,
1943 3593 1974 3632 a
2012 3575 2168 3648 ‘cujus
2210 3577 2412 3632 unitate
2431 3577 2583 3649 ipsas
2607 3577 2860 3633 basilicas
2889 3578 3211 3649 separastis.
3239 3578 3348 3634 Eas

1737 3671 1891 3726 ‘enim
1929 3669 2157 3741 ‘ju'bctrte
2207 3669 2422 3724 inimico
2465 3667 2662 3725 Christi
2703 3670 3024 3740 accepistis,
3058 3669 3114 3725 in
3152 3670 3347 3740 Quibus

1745 3765 1896 3836 juss'a
1927 3761 2133 3820 “Cinis-ti
2167 3764 2585 3820 contemneretis
2607 3806 2622 3831 ,
2664 3762 3050 3817 dum'Vaiidum
3070 3771 3134 3817 et
3155 3775 3349 3818 verum

1747 3857 1904 3914 vobis
1929 3856 2144 3913 videtur
2169 3857 2312 3928 quod
2341 3855 2586 3912 Julianus
2603 3855 2893 3911 constituit
2921 3898 2934 3919 ,
2963 3854 3150 3911 dicens
3172 3898 3186 3920 ,
3232 3853 3348 3910 Hoc

1749 3969 1944 4026 quoque
1981 3950 2384 4024 supplicantibus
2413 3950 2729 4022 Rogat‘iano,
2761 3943 2968 4015 Pontio,
3000 3948 3275 4017 Cassiano,
3303 3957 3350 4003 et

1750 4043 1942 4101 caneris
1964 4043 2234 4115 episcopis,
2257 4042 2347 4098 sed
2360 4052 2416 4098 et
2440 4043 2655 4106 clericis,
2675 4041 2960 4096 accedit-ad
2981 4042 3261 4109 cumtum,
3295 4050 3351 4094 ut

1750 4137 1952 4193 abolitis
1981 4153 2094 4208 qua:
2119 4136 2357 4192 adversus
2383 4151 2466 4190 eos
2493 4137 2606 4190 sine
2635 4137 2883 4206 rescripto
2909 4150 3176 4206 perperam
3203 4145 3350 4205 gesta

1750 4239 1887 4296 sunt,
1913 4230 1972 4283 in
1988 4229 2259 4299 antiquum
2289 4236 2675 4281 statum‘ctmcta
2699 4235 2988 4281 revocentur
3011 4243 3028 4279 :
3051 4226 3349 4283 invalidum

1751 4333 1928 4380 autem
1957 4329 2012 4377 et
2041 4321 2240 4376 ‘l‘alsum
2282 4317 2424 4390 quod
2463 4318 2716 4374 Christus
2753 4313 3033 4372 "constituit
3058 4361 3072 4384 ,
3117 4317 3344 4373 dicens:

1751 4406 1911 4472 Eritis
1939 4413 2065 4468 mihi
2089 4421 2241 4467 testes
2259 4411 2322 4464 'in
2349 4410 2657 4475 Jerusalem,
2687 4417 2731 4462 et
2759 4409 2816 4462 in
2841 4417 3008 4461 statam
3033 4408 3277 4462 Judaeum
3300 4418 3349 4462 et

1753 4508 2078 4572 Samariam,
2119 4515 2165 4561 et
2194 4520 2351 4576 usque
2376 4504 2430 4557 in
2458 4504 2828 4557 totam'terrnm
2857 4501 2878 4574 (
2903 4499 2989 4555 Id.
3031 4517 3073 4566 1,
3104 4501 3197 4571 8).
3232 4500 3345 4556 0h-

1752 4611 2024 4658 secramus
2053 4611 2168 4664 vos,
2201 4595 2529 4667 carrig'imini
2555 4612 2569 4649 :
2591 4593 3026 4650 redite-adhunc
3049 4592 3344 4649 evidentis-

1753 4693 1942 4750 simam
1969 4691 2132 4747 totius
2159 4689 2304 4746 orbis
2328 4689 2588 4745 unitatem
2613 4731 2627 4756 ,
2649 4695 2717 4743 ut
2741 4697 2848 4744 non
2881 4687 3064 4743 verbis
3088 4695 3346 4758 apt)st

1751 4775 1977 4854 iuliani,
2019 4780 2114 4842 sed
2158 4783 2337 4840 verbis
2365 4781 2888 4840 Salvatori's-Olrristi
2911 4821 2926 4848 ,
2964 4780 3025 4835 in
3057 4779 3346 4850 antiquum

1752 4893 1947 4940 statum
1966 4889 2162 4938 cuncta
2191 4888 2527 4935 revocentur.
2543 4871 2875 4932 Miseremini
2915 4873 3342 4931 ammae‘vestrm.

1752 4977 1871 5033 Non
1893 4975 2003 5048 jam
2031 4963 2441 5031 Constantinum
2471 4967 2525 5027 dt
2547 4968 2820 5025 “Julianum
2847 4969 3255 5039 comparamus,
3291 4979 3349 5023 ut

1753 5087 1911 5144 quam
1942 5071 2050 5127 sint
2075 5071 2309 5141 impares
2336 5065 2788 5122 demonstremus.
2821 5058 2949 5118 'Noh
2978 5060 3250 5129 dieimus,
3291 5062 3345 5118 Si

1755 5181 1849 5222 vos
1873 5181 1980 5222 non
2011 5163 2269 5236 sperastis
2293 5159 2349 5216 in
2365 5153 2590 5214 'honiine
2625 5167 2680 5213 et
2707 5157 2759 5212 in
2783 5157 3032 5229 principe
3054 5200 3069 5225 ,
3095 5169 3217 5213 cum
3235 5155 3346 5210 ‘lto~

1754 5260 1883 5317 mini
1913 5259 2220 5331 imperatori
2259 5268 2468 5326 pagano
2516 5260 2571 5307 ct
2603 5247 2866 5322 ‘aposta‘ta:
2907 5245 3152 5315 dirisiis,
3203 5248 3348 5320 quod

1755 5352 1894 5426 apud
1914 5367 2028 5405 eum
2057 5350 2166 5404 sola
2185 5335 2586 5419 justitia'locum
2613 5337 2848 5410 haberet,
2867 5337 3070 5413 quibus
3099 5341 3348 5413 precibus

1754 5457 1809 5504 ct
1833 5445 2133 5515 Rescripto,
2163 5443 2301 5497 si’cut
2327 5439 2398 5494 ibi
2421 5438 2676 5510 scriptum
2709 5447 2810 5505 est,
2835 5435 2972 5492 sicut
3009 5433 3348 5506 allegationis

1753 5549 1900 5613 gesta
1930 5543 2209 5601 testantur,
2247 5547 2381 5610 pars
2420 5529 2615 5588 Donati
2660 5525 3027 5586 universaliter
3066 5541 3162 5582 usa
3220 5529 3343 5583 cSt:

1753 5631 1922 5689 multo
1951 5629 2126 5684 minus
2154 5641 2250 5682 nos
2271 5625 2544 5682 criminari
2568 5621 2770 5680 a‘vobis
2789 5615 3064 5687 debemus,
3088 5627 3344 5690 tanquam

1753 5739 2029 5798 speremus
2048 5723 2101 5778 in
2125 5721 2339 5777 homine
2365 5721 2492 5777 etin
2521 5717 2782 5790 principe,
2803 5715 2849 5771 si
2874 5713 3000 5786 quid
3025 5730 3056 5769 a
3077 5713 3342 5770 Constan-

1756 5822 1867 5875 tino
1897 5816 1978 5871 vel
2024 5834 2053 5871 ει
2098 5816 2305 5872 caeteris
2351 5812 2658 5870 Christianis
2707 5806 3115 5878 imperatoribus
3142 5850 3156 5876 ,
3201 5808 3346 5865 nulla

3256 319 3363 376 ssi
3389 397 3392 402 τ

3390 487 3409 539 ἑ
