  <div class='ocr_page' id='page_1' title='image "/cluster/home/n/w/nwhite01/storage/ocr_20150623/43/uva.x000827113/175.png"; bbox 0 0 3792 6140; ppageno 0'>
   <div class='ocr_carea' id='block_1_1' title="bbox 489 297 593 354">
    <p class='ocr_par' dir='ltr' id='par_1_1' title="bbox 489 297 593 354">
     <span class='ocr_line' id='line_1_1' title="bbox 489 297 593 354; baseline -0.01 0"><span class='ocrx_word' id='word_1_1' title='bbox 489 297 593 354; x_wconf 78' lang='lat'><strong>355</strong></span> 
     </span>
    </p>
   </div>
   <div class='ocr_carea' id='block_1_2' title="bbox 491 405 2064 484">
    <p class='ocr_par' dir='ltr' id='par_1_2' title="bbox 491 405 2064 484">
     <span class='ocr_line' id='line_1_2' title="bbox 491 405 2064 484; baseline -0.008 -13"><span class='ocrx_word' id='word_1_2' title='bbox 491 415 744 484; x_wconf 84' lang='lat' dir='ltr'><strong>sacrilega</strong></span> <span class='ocrx_word' id='word_1_3' title='bbox 767 410 1064 468; x_wconf 81' lang='lat' dir='ltr'><strong>adulatione</strong></span> <span class='ocrx_word' id='word_1_4' title='bbox 1093 407 1406 480; x_wconf 73' lang='lat' dir='ltr'><strong>petivimus;</strong></span> <span class='ocrx_word' id='word_1_5' title='bbox 1450 416 1543 463; x_wconf 89' lang='lat' dir='ltr'><strong>aut</strong></span> <span class='ocrx_word' id='word_1_6' title='bbox 1578 408 1623 464; x_wconf 90' lang='lat' dir='ltr'><strong>si</strong></span> <span class='ocrx_word' id='word_1_7' title='bbox 1657 405 1784 478; x_wconf 90' lang='lat' dir='ltr'><strong>quid</strong></span> <span class='ocrx_word' id='word_1_8' title='bbox 1815 405 1917 476; x_wconf 87' lang='lat' dir='ltr'><strong>ipsi</strong></span> <span class='ocrx_word' id='word_1_9' title='bbox 1955 419 2064 462; x_wconf 91' lang='lat' dir='ltr'><strong>non</strong></span> 
     </span>
    </p>
   </div>
   <div class='ocr_carea' id='block_1_3' title="bbox 489 497 2066 578">
    <p class='ocr_par' dir='ltr' id='par_1_3' title="bbox 489 497 2066 578">
     <span class='ocr_line' id='line_1_3' title="bbox 489 497 2066 578; baseline -0.007 -16"><span class='ocrx_word' id='word_1_10' title='bbox 489 505 790 578; x_wconf 88' lang='lat' dir='ltr'><strong>petentibus</strong></span> <span class='ocrx_word' id='word_1_11' title='bbox 828 501 1013 568; x_wconf 90' lang='lat' dir='ltr'><strong>nobis,</strong></span> <span class='ocrx_word' id='word_1_12' title='bbox 1057 515 1324 557; x_wconf 83' lang='lat' dir='ltr'><strong>memores</strong></span> <span class='ocrx_word' id='word_1_13' title='bbox 1368 499 1591 555; x_wconf 84' lang='lat' dir='ltr'><strong>rationis</strong></span> <span class='ocrx_word' id='word_1_14' title='bbox 1632 514 1790 571; x_wconf 89' lang='lat' dir='ltr'><strong>quam</strong></span> <span class='ocrx_word' id='word_1_15' title='bbox 1836 497 2066 554; x_wconf 87' lang='lat' dir='ltr'><strong>Domino</strong></span> 
     </span>
    </p>
   </div>
   <div class='ocr_carea' id='block_1_4' title="bbox 489 588 2072 660">
    <p class='ocr_par' dir='ltr' id='par_1_4' title="bbox 489 588 2072 660">
     <span class='ocr_line' id='line_1_4' title="bbox 489 588 2072 660; baseline -0.008 -6"><span class='ocrx_word' id='word_1_16' title='bbox 489 596 744 654; x_wconf 83' lang='lat' dir='ltr'><strong>reddituri</strong></span> <span class='ocrx_word' id='word_1_17' title='bbox 770 601 914 660; x_wconf 89' lang='lat' dir='ltr'><strong>sunt,</strong></span> <span class='ocrx_word' id='word_1_18' title='bbox 943 593 1042 648; x_wconf 89' lang='lat' dir='ltr'><strong>sub</strong></span> <span class='ocrx_word' id='word_1_19' title='bbox 1070 592 1221 660; x_wconf 84' lang='lat' dir='ltr'><strong>cujus</strong></span> <span class='ocrx_word' id='word_1_20' title='bbox 1245 591 1424 647; x_wconf 80' lang='lat' dir='ltr'><strong>verbis</strong></span> <span class='ocrx_word' id='word_1_21' title='bbox 1447 600 1681 646; x_wconf 91' lang='lat' dir='ltr'><strong>tremunt</strong></span> <span class='ocrx_word' id='word_1_22' title='bbox 1700 605 1822 646; x_wconf 91' lang='lat' dir='ltr'><strong>cum</strong></span> <span class='ocrx_word' id='word_1_23' title='bbox 1847 588 2072 645; x_wconf 89' lang='lat' dir='ltr'><strong>audiunt</strong></span> 
     </span>
    </p>
   </div>
   <div class='ocr_carea' id='block_1_5' title="bbox 488 679 2070 760">
    <p class='ocr_par' dir='ltr' id='par_1_5' title="bbox 488 679 2070 760">
     <span class='ocr_line' id='line_1_5' title="bbox 488 679 2070 760; baseline -0.006 -19"><span class='ocrx_word' id='word_1_24' title='bbox 488 705 606 760; x_wconf 70' lang='lat' dir='ltr'><strong>qua!</strong></span> <span class='ocrx_word' id='word_1_25' title='bbox 653 689 766 758; x_wconf 91' lang='lat' dir='ltr'><strong>ipse</strong></span> <span class='ocrx_word' id='word_1_26' title='bbox 809 684 1270 748; x_wconf 89' lang='lat' dir='ltr'><strong>commemorasti,</strong></span> <span class='ocrx_word' id='word_1_27' title='bbox 1319 681 1388 737; x_wconf 87' lang='lat' dir='ltr'><strong>Et</strong></span> <span class='ocrx_word' id='word_1_28' title='bbox 1429 698 1584 745; x_wconf 88' lang='lat' dir='ltr'><strong>nunc,</strong></span> <span class='ocrx_word' id='word_1_29' title='bbox 1623 697 1783 754; x_wconf 86' lang='lat' dir='ltr'><strong>reges,</strong></span> <span class='ocrx_word' id='word_1_30' title='bbox 1820 679 2070 754; x_wconf 80' lang='lat' dir='ltr'><strong>intelligi-</strong></span> 
     </span>
    </p>
   </div>
   <div class='ocr_carea' id='block_1_6' title="bbox 491 772 2070 846">
    <p class='ocr_par' dir='ltr' id='par_1_6' title="bbox 491 772 2070 846">
     <span class='ocr_line' id='line_1_6' title="bbox 491 772 2070 846; baseline -0.006 -12"><span class='ocrx_word' id='word_1_31' title='bbox 491 790 558 844; x_wconf 86' lang='lat' dir='ltr'><strong>te,</strong></span> <span class='ocrx_word' id='word_1_32' title='bbox 587 789 717 844; x_wconf 89' lang='lat' dir='ltr'><strong>etc.,</strong></span> <span class='ocrx_word' id='word_1_33' title='bbox 749 785 804 832; x_wconf 90' lang='lat' dir='ltr'><strong>et</strong></span> <span class='ocrx_word' id='word_1_34' title='bbox 827 777 930 832; x_wconf 86' lang='lat' dir='ltr'><strong>alia</strong></span> <span class='ocrx_word' id='word_1_35' title='bbox 959 776 1122 830; x_wconf 89' lang='lat' dir='ltr'><strong>multa</strong></span> <span class='ocrx_word' id='word_1_36' title='bbox 1143 816 1159 842; x_wconf 88' lang='lat'><strong>,</strong></span> <span class='ocrx_word' id='word_1_37' title='bbox 1194 775 1333 830; x_wconf 89' lang='lat' dir='ltr'><strong>ultro</strong></span> <span class='ocrx_word' id='word_1_38' title='bbox 1359 789 1456 846; x_wconf 93' lang='lat' dir='ltr'><strong>pro</strong></span> <span class='ocrx_word' id='word_1_39' title='bbox 1499 774 1751 830; x_wconf 78' lang='lat' dir='ltr'><strong>Ecclesiae</strong></span> <span class='ocrx_word' id='word_1_40' title='bbox 1791 772 2070 829; x_wconf 68' lang='lat' dir='ltr'><strong>catholicae</strong></span> 
     </span>
    </p>
   </div>
   <div class='ocr_carea' id='block_1_7' title="bbox 489 862 2068 929">
    <p class='ocr_par' dir='ltr' id='par_1_7' title="bbox 489 862 2068 929">
     <span class='ocr_line' id='line_1_7' title="bbox 489 862 2068 929; baseline -0.007 -1"><span class='ocrx_word' id='word_1_41' title='bbox 489 873 690 929; x_wconf 89' lang='lat' dir='ltr'><strong>unitate</strong></span> <span class='ocrx_word' id='word_1_42' title='bbox 716 872 1063 927; x_wconf 89' lang='lat' dir='ltr'><strong>constituunt.</strong></span> <span class='ocrx_word' id='word_1_43' title='bbox 1087 868 1192 926; x_wconf 88' lang='lat' dir='ltr'><strong>Sed</strong></span> <span class='ocrx_word' id='word_1_44' title='bbox 1219 877 1368 924; x_wconf 87' lang='lat' dir='ltr'><strong>taceo</strong></span> <span class='ocrx_word' id='word_1_45' title='bbox 1396 866 1464 923; x_wconf 90' lang='lat' dir='ltr'><strong>de</strong></span> <span class='ocrx_word' id='word_1_46' title='bbox 1483 865 1836 922; x_wconf 89' lang='lat' dir='ltr'><strong>Constantino</strong></span> <span class='ocrx_word' id='word_1_47' title='bbox 1863 880 1876 917; x_wconf 75' lang='grc' dir='ltr'><em>τ</em></span> <span class='ocrx_word' id='word_1_48' title='bbox 1905 862 2068 919; x_wconf 85' lang='lat' dir='ltr'><strong>Chri-</strong></span> 
     </span>
    </p>
   </div>
   <div class='ocr_carea' id='block_1_8' title="bbox 489 955 2070 1032">
    <p class='ocr_par' dir='ltr' id='par_1_8' title="bbox 489 955 2070 1032">
     <span class='ocr_line' id='line_1_8' title="bbox 489 955 2070 1032; baseline -0.009 -10"><span class='ocrx_word' id='word_1_49' title='bbox 489 973 630 1022; x_wconf 84' lang='lat' dir='ltr'><strong>stum</strong></span> <span class='ocrx_word' id='word_1_50' title='bbox 647 973 702 1020; x_wconf 92' lang='lat' dir='ltr'><strong>et</strong></span> <span class='ocrx_word' id='word_1_51' title='bbox 715 961 981 1020; x_wconf 72' lang='lat' dir='ltr'><strong>lulianum</strong></span> <span class='ocrx_word' id='word_1_52' title='bbox 997 959 1149 1017; x_wconf 80' lang='lat' dir='ltr'><strong>vobis</strong></span> <span class='ocrx_word' id='word_1_53' title='bbox 1167 959 1515 1032; x_wconf 91' lang='lat' dir='ltr'><strong>opponimus;</strong></span> <span class='ocrx_word' id='word_1_54' title='bbox 1535 973 1720 1028; x_wconf 88' lang='lat' dir='ltr'><strong>parum</strong></span> <span class='ocrx_word' id='word_1_55' title='bbox 1741 956 1881 1021; x_wconf 91' lang='lat' dir='ltr'><strong>dico,</strong></span> <span class='ocrx_word' id='word_1_56' title='bbox 1903 955 2070 1010; x_wconf 89' lang='lat' dir='ltr'><strong>Deum</strong></span> 
     </span>
    </p>
   </div>
   <div class='ocr_carea' id='block_1_9' title="bbox 489 1048 2072 1122">
    <p class='ocr_par' dir='ltr' id='par_1_9' title="bbox 489 1048 2072 1122">
     <span class='ocr_line' id='line_1_9' title="bbox 489 1048 2072 1122; baseline -0.008 -8"><span class='ocrx_word' id='word_1_57' title='bbox 489 1067 546 1114; x_wconf 88' lang='lat' dir='ltr'><strong>et</strong></span> <span class='ocrx_word' id='word_1_58' title='bbox 575 1056 869 1119; x_wconf 88' lang='lat' dir='ltr'><strong>hominem,</strong></span> <span class='ocrx_word' id='word_1_59' title='bbox 893 1053 1088 1110; x_wconf 87' lang='lat' dir='ltr'><strong>Filium</strong></span> <span class='ocrx_word' id='word_1_60' title='bbox 1116 1053 1214 1109; x_wconf 89' lang='lat' dir='ltr'><strong>Dei</strong></span> <span class='ocrx_word' id='word_1_61' title='bbox 1240 1061 1296 1108; x_wconf 88' lang='lat' dir='ltr'><strong>et</strong></span> <span class='ocrx_word' id='word_1_62' title='bbox 1321 1051 1486 1107; x_wconf 91' lang='lat' dir='ltr'><strong>filium</strong></span> <span class='ocrx_word' id='word_1_63' title='bbox 1515 1050 1796 1122; x_wconf 63' lang='lat' dir='ltr'><strong>gehennae,</strong></span> <span class='ocrx_word' id='word_1_64' title='bbox 1825 1048 2072 1104; x_wconf 90' lang='lat' dir='ltr'><strong>Salvato-</strong></span> 
     </span>
    </p>
   </div>
   <div class='ocr_carea' id='block_1_10' title="bbox 489 1139 2072 1205">
    <p class='ocr_par' dir='ltr' id='par_1_10' title="bbox 489 1139 2072 1205">
     <span class='ocr_line' id='line_1_10' title="bbox 489 1139 2072 1205; baseline -0.007 -1"><span class='ocrx_word' id='word_1_65' title='bbox 489 1163 606 1205; x_wconf 91' lang='lat' dir='ltr'><strong>rem</strong></span> <span class='ocrx_word' id='word_1_66' title='bbox 647 1147 944 1203; x_wconf 89' lang='lat' dir='ltr'><strong>animarum</strong></span> <span class='ocrx_word' id='word_1_67' title='bbox 985 1153 1289 1201; x_wconf 88' lang='lat' dir='ltr'><strong>nostrarum</strong></span> <span class='ocrx_word' id='word_1_68' title='bbox 1335 1152 1390 1198; x_wconf 91' lang='lat' dir='ltr'><strong>et</strong></span> <span class='ocrx_word' id='word_1_69' title='bbox 1435 1141 1837 1198; x_wconf 82' lang='lat' dir='ltr'><strong>interfectorem</strong></span> <span class='ocrx_word' id='word_1_70' title='bbox 1880 1139 2072 1194; x_wconf 68' lang='lat' dir='ltr'><strong>animae</strong></span> 
     </span>
    </p>
   </div>
   <div class='ocr_carea' id='block_1_11' title="bbox 489 1233 2072 1310">
    <p class='ocr_par' dir='ltr' id='par_1_11' title="bbox 489 1233 2072 1310">
     <span class='ocr_line' id='line_1_11' title="bbox 489 1233 2072 1310; baseline -0.006 -14"><span class='ocrx_word' id='word_1_71' title='bbox 489 1257 620 1297; x_wconf 75' lang='lat' dir='ltr'><strong>sum.</strong></span> <span class='ocrx_word' id='word_1_72' title='bbox 644 1241 756 1297; x_wconf 89' lang='lat' dir='ltr'><strong>Cur</strong></span> <span class='ocrx_word' id='word_1_73' title='bbox 786 1239 839 1296; x_wconf 93' lang='lat' dir='ltr'><strong>in</strong></span> <span class='ocrx_word' id='word_1_74' title='bbox 876 1239 1112 1296; x_wconf 84' lang='lat' dir='ltr'><strong>basilicis</strong></span> <span class='ocrx_word' id='word_1_75' title='bbox 1148 1236 1481 1310; x_wconf 85' lang='lat' dir='ltr'><strong>possidendis</strong></span> <span class='ocrx_word' id='word_1_76' title='bbox 1508 1234 1704 1292; x_wconf 79' lang='lat' dir='ltr'><strong>Juliani</strong></span> <span class='ocrx_word' id='word_1_77' title='bbox 1734 1233 2072 1301; x_wconf 77' lang='lat' dir='ltr'><strong>Rescriptum</strong></span> 
     </span>
    </p>
   </div>
   <div class='ocr_carea' id='block_1_12' title="bbox 493 1324 2074 1401">
    <p class='ocr_par' dir='ltr' id='par_1_12' title="bbox 493 1324 2074 1401">
     <span class='ocr_line' id='line_1_12' title="bbox 493 1324 2074 1401; baseline -0.006 -13"><span class='ocrx_word' id='word_1_78' title='bbox 493 1333 707 1398; x_wconf 89' lang='lat' dir='ltr'><strong>tenetis,</strong></span> <span class='ocrx_word' id='word_1_79' title='bbox 724 1341 778 1387; x_wconf 90' lang='lat' dir='ltr'><strong>et</strong></span> <span class='ocrx_word' id='word_1_80' title='bbox 800 1333 854 1388; x_wconf 92' lang='lat' dir='ltr'><strong>in</strong></span> <span class='ocrx_word' id='word_1_81' title='bbox 871 1331 1125 1388; x_wconf 84' lang='lat' dir='ltr'><strong>Ecclesiae</strong></span> <span class='ocrx_word' id='word_1_82' title='bbox 1146 1345 1278 1401; x_wconf 88' lang='lat' dir='ltr'><strong>pace</strong></span> <span class='ocrx_word' id='word_1_83' title='bbox 1296 1326 1662 1399; x_wconf 84' lang='lat' dir='ltr'><strong>amplectenda</strong></span> <span class='ocrx_word' id='word_1_84' title='bbox 1683 1325 1880 1382; x_wconf 88' lang='lat' dir='ltr'><strong>Christi</strong></span> <span class='ocrx_word' id='word_1_85' title='bbox 1901 1324 2074 1379; x_wconf 82' lang='lat' dir='ltr'><strong>Evan-</strong></span> 
     </span>
    </p>
   </div>
   <div class='ocr_carea' id='block_1_13' title="bbox 491 1417 2075 1497">
    <p class='ocr_par' dir='ltr' id='par_1_13' title="bbox 491 1417 2075 1497">
     <span class='ocr_line' id='line_1_13' title="bbox 491 1417 2075 1497; baseline -0.009 -16"><span class='ocrx_word' id='word_1_86' title='bbox 491 1425 689 1497; x_wconf 91' lang='lat' dir='ltr'><strong>gelium</strong></span> <span class='ocrx_word' id='word_1_87' title='bbox 716 1438 819 1480; x_wconf 92' lang='lat' dir='ltr'><strong>non</strong></span> <span class='ocrx_word' id='word_1_88' title='bbox 847 1421 1076 1479; x_wconf 87' lang='lat' dir='ltr'><strong>tenetis?</strong></span> <span class='ocrx_word' id='word_1_89' title='bbox 1099 1422 1404 1478; x_wconf 89' lang='lat' dir='ltr'><strong>Clamamus</strong></span> <span class='ocrx_word' id='word_1_90' title='bbox 1433 1427 1488 1476; x_wconf 89' lang='lat' dir='ltr'><strong>et</strong></span> <span class='ocrx_word' id='word_1_91' title='bbox 1516 1433 1635 1486; x_wconf 89' lang='lat' dir='ltr'><strong>nos,</strong></span> <span class='ocrx_word' id='word_1_92' title='bbox 1661 1417 1789 1484; x_wconf 73' lang='grc' dir='ltr'>ριιω</span> <span class='ocrx_word' id='word_1_93' title='bbox 1809 1429 2075 1486; x_wconf 80' lang='lat' dir='ltr'><strong>perperam</strong></span> 
     </span>
    </p>
   </div>
   <div class='ocr_carea' id='block_1_14' title="bbox 491 1505 2078 1588">
    <p class='ocr_par' dir='ltr' id='par_1_14' title="bbox 491 1505 2078 1588">
     <span class='ocr_line' id='line_1_14' title="bbox 491 1505 2078 1588; baseline -0.006 -18"><span class='ocrx_word' id='word_1_94' title='bbox 491 1527 631 1588; x_wconf 87' lang='lat' dir='ltr'><strong>gesta</strong></span> <span class='ocrx_word' id='word_1_95' title='bbox 655 1523 792 1580; x_wconf 89' lang='lat' dir='ltr'><strong>sunt,</strong></span> <span class='ocrx_word' id='word_1_96' title='bbox 810 1513 865 1569; x_wconf 89' lang='lat' dir='ltr'><strong>in</strong></span> <span class='ocrx_word' id='word_1_97' title='bbox 885 1514 1148 1584; x_wconf 86' lang='lat' dir='ltr'><strong>antiquum</strong></span> <span class='ocrx_word' id='word_1_98' title='bbox 1174 1521 1364 1567; x_wconf 81' lang='lat' dir='ltr'><strong>statuat</strong></span> <span class='ocrx_word' id='word_1_99' title='bbox 1383 1519 1566 1566; x_wconf 86' lang='lat' dir='ltr'><strong>cuncta</strong></span> <span class='ocrx_word' id='word_1_100' title='bbox 1589 1518 1904 1564; x_wconf 81' lang='lat' dir='ltr'><strong>revocentur.</strong></span> <span class='ocrx_word' id='word_1_101' title='bbox 1931 1505 2078 1562; x_wconf 74' lang='lat' dir='ltr'><strong>Antia</strong></span> 
     </span>
    </p>
   </div>
   <div class='ocr_carea' id='block_1_15' title="bbox 494 1599 2075 1678">
    <p class='ocr_par' dir='ltr' id='par_1_15' title="bbox 494 1599 2075 1678">
     <span class='ocr_line' id='line_1_15' title="bbox 494 1599 2075 1678; baseline -0.004 -16"><span class='ocrx_word' id='word_1_102' title='bbox 494 1608 653 1678; x_wconf 87' lang='lat' dir='ltr'><strong>quius</strong></span> <span class='ocrx_word' id='word_1_103' title='bbox 682 1615 764 1663; x_wconf 89' lang='lat' dir='ltr'><strong>est</strong></span> <span class='ocrx_word' id='word_1_104' title='bbox 791 1604 1137 1677; x_wconf 88' lang='lat' dir='ltr'><strong>Evangelium</strong></span> <span class='ocrx_word' id='word_1_105' title='bbox 1165 1603 1362 1660; x_wconf 88' lang='lat' dir='ltr'><strong>Christi</strong></span> <span class='ocrx_word' id='word_1_106' title='bbox 1387 1644 1401 1668; x_wconf 92' lang='lat'><strong>,</strong></span> <span class='ocrx_word' id='word_1_107' title='bbox 1433 1617 1592 1674; x_wconf 88' lang='lat' dir='ltr'><strong>quam</strong></span> <span class='ocrx_word' id='word_1_108' title='bbox 1615 1600 1948 1672; x_wconf 78' lang='lat' dir='ltr'><strong>Rescriptum</strong></span> <span class='ocrx_word' id='word_1_109' title='bbox 1975 1599 2075 1656; x_wconf 78' lang='lat' dir='ltr'><strong>Ju-</strong></span> 
     </span>
    </p>
   </div>
   <div class='ocr_carea' id='block_1_16' title="bbox 495 1691 2072 1768">
    <p class='ocr_par' dir='ltr' id='par_1_16' title="bbox 495 1691 2072 1768">
     <span class='ocr_line' id='line_1_16' title="bbox 495 1691 2072 1768; baseline -0.005 -15"><span class='ocrx_word' id='word_1_110' title='bbox 495 1698 622 1754; x_wconf 91' lang='lat' dir='ltr'><strong>liani</strong></span> <span class='ocrx_word' id='word_1_111' title='bbox 649 1715 662 1752; x_wconf 93' lang='lat'><strong>:</strong></span> <span class='ocrx_word' id='word_1_112' title='bbox 688 1696 962 1768; x_wconf 82' lang='lat' dir='ltr'><strong>antiquior</strong></span> <span class='ocrx_word' id='word_1_113' title='bbox 984 1705 1068 1752; x_wconf 91' lang='lat' dir='ltr'><strong>est</strong></span> <span class='ocrx_word' id='word_1_114' title='bbox 1090 1695 1264 1750; x_wconf 85' lang='lat' dir='ltr'><strong>unitas</strong></span> <span class='ocrx_word' id='word_1_115' title='bbox 1283 1694 1502 1761; x_wconf 86' lang='lat' dir='ltr'><strong>Christi,</strong></span> <span class='ocrx_word' id='word_1_116' title='bbox 1524 1707 1680 1764; x_wconf 90' lang='lat' dir='ltr'><strong>quam</strong></span> <span class='ocrx_word' id='word_1_117' title='bbox 1707 1708 1831 1763; x_wconf 90' lang='lat' dir='ltr'><strong>pars</strong></span> <span class='ocrx_word' id='word_1_118' title='bbox 1847 1691 2072 1748; x_wconf 89' lang='lat' dir='ltr'><strong>Donati:</strong></span> 
     </span>
    </p>
   </div>
   <div class='ocr_carea' id='block_1_17' title="bbox 493 1777 2076 1862">
    <p class='ocr_par' dir='ltr' id='par_1_17' title="bbox 493 1777 2076 1862">
     <span class='ocr_line' id='line_1_17' title="bbox 493 1777 2076 1862; baseline -0.004 -15"><span class='ocrx_word' id='word_1_119' title='bbox 493 1791 819 1862; x_wconf 89' lang='lat' dir='ltr'><strong>antiquiores</strong></span> <span class='ocrx_word' id='word_1_120' title='bbox 861 1797 990 1846; x_wconf 90' lang='lat' dir='ltr'><strong>sunt</strong></span> <span class='ocrx_word' id='word_1_121' title='bbox 1017 1788 1273 1845; x_wconf 64' lang='lat' dir='ltr'><strong>Ecclesiae</strong></span> <span class='ocrx_word' id='word_1_122' title='bbox 1318 1801 1506 1858; x_wconf 88' lang='lat' dir='ltr'><strong>preces</strong></span> <span class='ocrx_word' id='word_1_123' title='bbox 1554 1785 1623 1841; x_wconf 89' lang='lat' dir='ltr'><strong>ad</strong></span> <span class='ocrx_word' id='word_1_124' title='bbox 1668 1786 1950 1842; x_wconf 89' lang='lat' dir='ltr'><strong>Dominum</strong></span> <span class='ocrx_word' id='word_1_125' title='bbox 1980 1777 2076 1855; x_wconf 83' lang='lat' dir='ltr'><strong>pro</strong></span> 
     </span>
    </p>
   </div>
   <div class='ocr_carea' id='block_1_18' title="bbox 495 1875 2076 1952">
    <p class='ocr_par' dir='ltr' id='par_1_18' title="bbox 495 1875 2076 1952">
     <span class='ocr_line' id='line_1_18' title="bbox 495 1875 2076 1952; baseline -0.004 -15"><span class='ocrx_word' id='word_1_126' title='bbox 495 1883 699 1938; x_wconf 90' lang='lat' dir='ltr'><strong>unitate</strong></span> <span class='ocrx_word' id='word_1_127' title='bbox 720 1881 918 1938; x_wconf 88' lang='lat' dir='ltr'><strong>Christi</strong></span> <span class='ocrx_word' id='word_1_128' title='bbox 943 1923 958 1949; x_wconf 90' lang='lat'><strong>,</strong></span> <span class='ocrx_word' id='word_1_129' title='bbox 990 1896 1148 1952; x_wconf 88' lang='lat' dir='ltr'><strong>quam</strong></span> <span class='ocrx_word' id='word_1_130' title='bbox 1172 1878 1450 1949; x_wconf 83' lang='lat' dir='ltr'><strong>Rogatiani</strong></span> <span class='ocrx_word' id='word_1_131' title='bbox 1479 1885 1534 1932; x_wconf 89' lang='lat' dir='ltr'><strong>et</strong></span> <span class='ocrx_word' id='word_1_132' title='bbox 1556 1877 1732 1933; x_wconf 89' lang='lat' dir='ltr'><strong>Pontii</strong></span> <span class='ocrx_word' id='word_1_133' title='bbox 1759 1886 1815 1933; x_wconf 91' lang='lat' dir='ltr'><strong>et</strong></span> <span class='ocrx_word' id='word_1_134' title='bbox 1838 1875 2076 1933; x_wconf 86' lang='lat' dir='ltr'><strong>Cassiani</strong></span> 
     </span>
    </p>
   </div>
   <div class='ocr_carea' id='block_1_19' title="bbox 498 1971 2071 2046">
    <p class='ocr_par' dir='ltr' id='par_1_19' title="bbox 498 1971 2071 2046">
     <span class='ocr_line' id='line_1_19' title="bbox 498 1971 2071 2046; baseline -0.003 -16"><span class='ocrx_word' id='word_1_135' title='bbox 498 1974 566 2030; x_wconf 90' lang='lat' dir='ltr'><strong>ad</strong></span> <span class='ocrx_word' id='word_1_136' title='bbox 591 1973 862 2032; x_wconf 69' lang='lat' dir='ltr'><strong>lulianum</strong></span> <span class='ocrx_word' id='word_1_137' title='bbox 891 1989 988 2044; x_wconf 92' lang='lat' dir='ltr'><strong>pro</strong></span> <span class='ocrx_word' id='word_1_138' title='bbox 1013 1981 1166 2046; x_wconf 87' lang='lat' dir='ltr'><strong>parte</strong></span> <span class='ocrx_word' id='word_1_139' title='bbox 1188 1972 1397 2028; x_wconf 79' lang='lat' dir='ltr'><strong>Donati.</strong></span> <span class='ocrx_word' id='word_1_140' title='bbox 1439 1971 1522 2027; x_wconf 84' lang='lat' dir='ltr'><strong>An</strong></span> <span class='ocrx_word' id='word_1_141' title='bbox 1551 1987 1828 2042; x_wconf 89' lang='lat' dir='ltr'><strong>perperam</strong></span> <span class='ocrx_word' id='word_1_142' title='bbox 1855 1971 2071 2042; x_wconf 75' lang='lat' dir='ltr'><strong>geritur,</strong></span> 
     </span>
    </p>
   </div>
   <div class='ocr_carea' id='block_1_20' title="bbox 495 2064 2077 2137">
    <p class='ocr_par' dir='ltr' id='par_1_20' title="bbox 495 2064 2077 2137">
     <span class='ocr_line' id='line_1_20' title="bbox 495 2064 2077 2137; baseline -0.002 -16"><span class='ocrx_word' id='word_1_143' title='bbox 495 2081 621 2122; x_wconf 90' lang='lat' dir='ltr'><strong>cum</strong></span> <span class='ocrx_word' id='word_1_144' title='bbox 657 2080 810 2137; x_wconf 87' lang='lat' dir='ltr'><strong>reges</strong></span> <span class='ocrx_word' id='word_1_145' title='bbox 836 2065 1121 2137; x_wconf 90' lang='lat' dir='ltr'><strong>prohibent</strong></span> <span class='ocrx_word' id='word_1_146' title='bbox 1148 2064 1500 2128; x_wconf 85' lang='lat' dir='ltr'><strong>divisionem;</strong></span> <span class='ocrx_word' id='word_1_147' title='bbox 1545 2071 1602 2119; x_wconf 90' lang='lat' dir='ltr'><strong>et</strong></span> <span class='ocrx_word' id='word_1_148' title='bbox 1645 2078 1749 2117; x_wconf 92' lang='lat' dir='ltr'><strong>non</strong></span> <span class='ocrx_word' id='word_1_149' title='bbox 1797 2077 2077 2133; x_wconf 88' lang='lat' dir='ltr'><strong>perperam</strong></span> 
     </span>
    </p>
   </div>
   <div class='ocr_carea' id='block_1_21' title="bbox 495 2156 2075 2230">
    <p class='ocr_par' dir='ltr' id='par_1_21' title="bbox 495 2156 2075 2230">
     <span class='ocr_line' id='line_1_21' title="bbox 495 2156 2075 2230; baseline -0.002 -15"><span class='ocrx_word' id='word_1_150' title='bbox 495 2159 717 2230; x_wconf 85' lang='lat' dir='ltr'><strong>geritur,</strong></span> <span class='ocrx_word' id='word_1_151' title='bbox 743 2174 866 2214; x_wconf 91' lang='lat' dir='ltr'><strong>cum</strong></span> <span class='ocrx_word' id='word_1_152' title='bbox 899 2159 1135 2229; x_wconf 90' lang='lat' dir='ltr'><strong>episcopi</strong></span> <span class='ocrx_word' id='word_1_153' title='bbox 1173 2156 1419 2214; x_wconf 89' lang='lat' dir='ltr'><strong>dividunt</strong></span> <span class='ocrx_word' id='word_1_154' title='bbox 1457 2157 1751 2212; x_wconf 89' lang='lat' dir='ltr'><strong>unitatem?</strong></span> <span class='ocrx_word' id='word_1_155' title='bbox 1791 2157 2075 2227; x_wconf 85' lang='lat' dir='ltr'><strong>Perperam</strong></span> 
     </span>
    </p>
   </div>
   <div class='ocr_carea' id='block_1_22' title="bbox 493 2247 2078 2320">
    <p class='ocr_par' dir='ltr' id='par_1_22' title="bbox 493 2247 2078 2320">
     <span class='ocr_line' id='line_1_22' title="bbox 493 2247 2078 2320; baseline 0 -15"><span class='ocrx_word' id='word_1_156' title='bbox 493 2251 715 2320; x_wconf 88' lang='lat' dir='ltr'><strong>geritur,</strong></span> <span class='ocrx_word' id='word_1_157' title='bbox 745 2264 866 2306; x_wconf 88' lang='lat' dir='ltr'><strong>cum</strong></span> <span class='ocrx_word' id='word_1_158' title='bbox 893 2248 960 2305; x_wconf 90' lang='lat' dir='ltr'><strong>ad</strong></span> <span class='ocrx_word' id='word_1_159' title='bbox 988 2247 1377 2305; x_wconf 89' lang='lat' dir='ltr'><strong>defendendam</strong></span> <span class='ocrx_word' id='word_1_160' title='bbox 1405 2248 1697 2304; x_wconf 88' lang='lat' dir='ltr'><strong>Ecclesiam</strong></span> <span class='ocrx_word' id='word_1_161' title='bbox 1721 2290 1738 2314; x_wconf 99' lang='lat'><strong>,</strong></span> <span class='ocrx_word' id='word_1_162' title='bbox 1763 2248 1962 2305; x_wconf 90' lang='lat' dir='ltr'><strong>Christi</strong></span> <span class='ocrx_word' id='word_1_163' title='bbox 1999 2257 2078 2306; x_wconf 84' lang='lat' dir='ltr'><strong>te-</strong></span> 
     </span>
    </p>
   </div>
   <div class='ocr_carea' id='block_1_23' title="bbox 494 2339 2074 2412">
    <p class='ocr_par' dir='ltr' id='par_1_23' title="bbox 494 2339 2074 2412">
     <span class='ocr_line' id='line_1_23' title="bbox 494 2339 2074 2412; baseline 0.001 -17"><span class='ocrx_word' id='word_1_164' title='bbox 494 2340 746 2396; x_wconf 89' lang='lat' dir='ltr'><strong>stimonio</strong></span> <span class='ocrx_word' id='word_1_165' title='bbox 791 2355 944 2411; x_wconf 87' lang='lat' dir='ltr'><strong>reges</strong></span> <span class='ocrx_word' id='word_1_166' title='bbox 985 2339 1254 2406; x_wconf 89' lang='lat' dir='ltr'><strong>serviunt;</strong></span> <span class='ocrx_word' id='word_1_167' title='bbox 1299 2348 1356 2397; x_wconf 88' lang='lat' dir='ltr'><strong>et</strong></span> <span class='ocrx_word' id='word_1_168' title='bbox 1396 2354 1503 2395; x_wconf 91' lang='lat' dir='ltr'><strong>non</strong></span> <span class='ocrx_word' id='word_1_169' title='bbox 1544 2355 1824 2410; x_wconf 88' lang='lat' dir='ltr'><strong>perperam</strong></span> <span class='ocrx_word' id='word_1_170' title='bbox 1849 2340 2074 2412; x_wconf 77' lang='lat' dir='ltr'><strong>geritur,</strong></span> 
     </span>
    </p>
   </div>
   <div class='ocr_carea' id='block_1_24' title="bbox 494 2430 2076 2503">
    <p class='ocr_par' dir='ltr' id='par_1_24' title="bbox 494 2430 2076 2503">
     <span class='ocr_line' id='line_1_24' title="bbox 494 2430 2076 2503; baseline 0 -15"><span class='ocrx_word' id='word_1_171' title='bbox 494 2447 617 2488; x_wconf 90' lang='lat' dir='ltr'><strong>cum</strong></span> <span class='ocrx_word' id='word_1_172' title='bbox 646 2430 714 2488; x_wconf 91' lang='lat' dir='ltr'><strong>ad</strong></span> <span class='ocrx_word' id='word_1_173' title='bbox 742 2430 1036 2503; x_wconf 86' lang='lat' dir='ltr'><strong>negandam</strong></span> <span class='ocrx_word' id='word_1_174' title='bbox 1061 2431 1375 2498; x_wconf 86' lang='lat' dir='ltr'><strong>Eeclesiam,</strong></span> <span class='ocrx_word' id='word_1_175' title='bbox 1406 2431 1601 2488; x_wconf 90' lang='lat' dir='ltr'><strong>Christi</strong></span> <span class='ocrx_word' id='word_1_176' title='bbox 1631 2432 1936 2488; x_wconf 89' lang='lat' dir='ltr'><strong>testimonio</strong></span> <span class='ocrx_word' id='word_1_177' title='bbox 1960 2433 2076 2502; x_wconf 87' lang='lat' dir='ltr'><strong>epi-</strong></span> 
     </span>
    </p>
   </div>
   <div class='ocr_carea' id='block_1_25' title="bbox 495 2523 2076 2596">
    <p class='ocr_par' dir='ltr' id='par_1_25' title="bbox 495 2523 2076 2596">
     <span class='ocr_line' id='line_1_25' title="bbox 495 2523 2076 2596; baseline 0.001 -15"><span class='ocrx_word' id='word_1_178' title='bbox 495 2524 642 2594; x_wconf 79' lang='lat' dir='ltr'><strong>soOpi</strong></span> <span class='ocrx_word' id='word_1_179' title='bbox 669 2523 1080 2581; x_wconf 82' lang='lat' dir='ltr'><strong>contradicunt?</strong></span> <span class='ocrx_word' id='word_1_180' title='bbox 1103 2524 1460 2581; x_wconf 87' lang='lat' dir='ltr'><strong>Obsecramus</strong></span> <span class='ocrx_word' id='word_1_181' title='bbox 1483 2539 1643 2596; x_wconf 88' lang='lat' dir='ltr'><strong>ergo,</strong></span> <span class='ocrx_word' id='word_1_182' title='bbox 1676 2533 1736 2581; x_wconf 92' lang='lat' dir='ltr'><strong>ut</strong></span> <span class='ocrx_word' id='word_1_183' title='bbox 1759 2540 1864 2581; x_wconf 93' lang='lat' dir='ltr'><strong>non</strong></span> <span class='ocrx_word' id='word_1_184' title='bbox 1891 2535 2076 2582; x_wconf 90' lang='lat' dir='ltr'><strong>contra</strong></span> 
     </span>
    </p>
   </div>
   <div class='ocr_carea' id='block_1_26' title="bbox 495 2612 2077 2686">
    <p class='ocr_par' dir='ltr' id='par_1_26' title="bbox 495 2612 2077 2686">
     <span class='ocr_line' id='line_1_26' title="bbox 495 2612 2077 2686; baseline 0.002 -16"><span class='ocrx_word' id='word_1_185' title='bbox 495 2613 835 2686; x_wconf 88' lang='lat' dir='ltr'><strong>Evangelium</strong></span> <span class='ocrx_word' id='word_1_186' title='bbox 853 2655 868 2679; x_wconf 94' lang='lat'><strong>,</strong></span> <span class='ocrx_word' id='word_1_187' title='bbox 897 2614 991 2670; x_wconf 89' lang='lat' dir='ltr'><strong>sed</strong></span> <span class='ocrx_word' id='word_1_188' title='bbox 1031 2612 1323 2670; x_wconf 87' lang='lat' dir='ltr'><strong>secundum</strong></span> <span class='ocrx_word' id='word_1_189' title='bbox 1352 2615 1696 2686; x_wconf 87' lang='lat' dir='ltr'><strong>Evangelium</strong></span> <span class='ocrx_word' id='word_1_190' title='bbox 1725 2616 1886 2672; x_wconf 88' lang='lat' dir='ltr'><strong>etiam</strong></span> <span class='ocrx_word' id='word_1_191' title='bbox 1914 2615 2077 2673; x_wconf 90' lang='lat' dir='ltr'><strong>verba</strong></span> 
     </span>
    </p>
   </div>
   <div class='ocr_carea' id='block_1_27' title="bbox 493 2704 2077 2778">
    <p class='ocr_par' dir='ltr' id='par_1_27' title="bbox 493 2704 2077 2778">
     <span class='ocr_line' id='line_1_27' title="bbox 493 2704 2077 2778; baseline 0.003 -17"><span class='ocrx_word' id='word_1_192' title='bbox 493 2706 660 2778; x_wconf 90' lang='lat' dir='ltr'><strong>ipsius</strong></span> <span class='ocrx_word' id='word_1_193' title='bbox 693 2704 922 2772; x_wconf 83' lang='lat' dir='ltr'><strong>Juliani,</strong></span> <span class='ocrx_word' id='word_1_194' title='bbox 954 2705 1043 2762; x_wconf 89' lang='lat' dir='ltr'><strong>cui</strong></span> <span class='ocrx_word' id='word_1_195' title='bbox 1085 2706 1164 2763; x_wconf 90' lang='lat' dir='ltr'><strong>sic</strong></span> <span class='ocrx_word' id='word_1_196' title='bbox 1201 2706 1571 2778; x_wconf 90' lang='lat' dir='ltr'><strong>supplicastis,</strong></span> <span class='ocrx_word' id='word_1_197' title='bbox 1600 2707 1904 2777; x_wconf 91' lang='lat' dir='ltr'><strong>audiantur,</strong></span> <span class='ocrx_word' id='word_1_198' title='bbox 1933 2718 1988 2765; x_wconf 91' lang='lat' dir='ltr'><strong>et</strong></span> <span class='ocrx_word' id='word_1_199' title='bbox 2013 2725 2077 2766; x_wconf 91' lang='lat' dir='ltr'><strong>ea</strong></span> 
     </span>
    </p>
   </div>
   <div class='ocr_carea' id='block_1_28' title="bbox 491 2798 2074 2869">
    <p class='ocr_par' dir='ltr' id='par_1_28' title="bbox 491 2798 2074 2869">
     <span class='ocr_line' id='line_1_28' title="bbox 491 2798 2074 2869; baseline 0.004 -17"><span class='ocrx_word' id='word_1_200' title='bbox 491 2814 612 2869; x_wconf 73' lang='lat' dir='ltr'><strong>quae</strong></span> <span class='ocrx_word' id='word_1_201' title='bbox 640 2813 918 2869; x_wconf 89' lang='lat' dir='ltr'><strong>perperam</strong></span> <span class='ocrx_word' id='word_1_202' title='bbox 945 2807 1092 2869; x_wconf 88' lang='lat' dir='ltr'><strong>gesta</strong></span> <span class='ocrx_word' id='word_1_203' title='bbox 1117 2807 1261 2866; x_wconf 91' lang='lat' dir='ltr'><strong>sunt,</strong></span> <span class='ocrx_word' id='word_1_204' title='bbox 1291 2798 1346 2852; x_wconf 93' lang='lat' dir='ltr'><strong>in</strong></span> <span class='ocrx_word' id='word_1_205' title='bbox 1374 2798 1647 2869; x_wconf 89' lang='lat' dir='ltr'><strong>antiquum</strong></span> <span class='ocrx_word' id='word_1_206' title='bbox 1669 2807 1867 2856; x_wconf 91' lang='lat' dir='ltr'><strong>statum</strong></span> <span class='ocrx_word' id='word_1_207' title='bbox 1887 2809 2074 2858; x_wconf 89' lang='lat' dir='ltr'><strong>cuncta</strong></span> 
     </span>
    </p>
   </div>
   <div class='ocr_carea' id='block_1_29' title="bbox 496 2897 2002 2961">
    <p class='ocr_par' dir='ltr' id='par_1_29' title="bbox 496 2897 2002 2961">
     <span class='ocr_line' id='line_1_29' title="bbox 496 2897 2002 2961; baseline -0.003 -13"><span class='ocrx_word' id='word_1_208' title='bbox 496 2897 835 2948; x_wconf 83' lang='lat' dir='ltr'><strong>revocentur.</strong></span> <span class='ocrx_word' id='word_1_209' title='bbox 2000 2958 2002 2961; x_wconf 20' lang='grc' dir='ltr'>ι</span> 
     </span>
    </p>
   </div>
   <div class='ocr_carea' id='block_1_30' title="bbox 564 2981 2074 3056">
    <p class='ocr_par' dir='ltr' id='par_1_30' title="bbox 564 2981 2074 3056">
     <span class='ocr_line' id='line_1_30' title="bbox 564 2981 2074 3056; baseline 0.003 -18"><span class='ocrx_word' id='word_1_210' title='bbox 564 2981 790 3040; x_wconf 83' lang='lat' dir='ltr'><strong>CAPUT</strong></span> <span class='ocrx_word' id='word_1_211' title='bbox 830 2981 1294 3038; x_wconf 76' lang='lat' dir='ltr'><strong>XCVlll.—225.</strong></span> <span class='ocrx_word' id='word_1_212' title='bbox 1336 2981 1519 3038; x_wconf 78' lang='grc' dir='ltr'>Ριιτιι..</span> <span class='ocrx_word' id='word_1_213' title='bbox 1565 2981 1737 3038; x_wconf 81' lang='lat' dir='ltr'><strong>dixit:</strong></span> <span class='ocrx_word' id='word_1_214' title='bbox 1776 2983 1907 3051; x_wconf 86' lang='lat' dir='ltr'><strong>Vos,</strong></span> <span class='ocrx_word' id='word_1_215' title='bbox 1949 3001 2074 3056; x_wconf 79' lang='lat' dir='ltr'><strong>vos,</strong></span> 
     </span>
    </p>
   </div>
   <div class='ocr_carea' id='block_1_31' title="bbox 493 3075 2077 3148">
    <p class='ocr_par' dir='ltr' id='par_1_31' title="bbox 493 3075 2077 3148">
     <span class='ocr_line' id='line_1_31' title="bbox 493 3075 2077 3148; baseline 0.003 -17"><span class='ocrx_word' id='word_1_216' title='bbox 493 3077 682 3141; x_wconf 91' lang='lat' dir='ltr'><strong>miseri,</strong></span> <span class='ocrx_word' id='word_1_217' title='bbox 708 3075 927 3147; x_wconf 83' lang='lat' dir='ltr'><strong>appello,</strong></span> <span class='ocrx_word' id='word_1_218' title='bbox 954 3076 1042 3148; x_wconf 90' lang='lat' dir='ltr'><strong>qui</strong></span> <span class='ocrx_word' id='word_1_219' title='bbox 1067 3076 1469 3145; x_wconf 77' lang='lat' dir='ltr'><strong>persecutionum</strong></span> <span class='ocrx_word' id='word_1_220' title='bbox 1496 3085 1632 3131; x_wconf 88' lang='lat' dir='ltr'><strong>metu</strong></span> <span class='ocrx_word' id='word_1_221' title='bbox 1657 3079 1926 3146; x_wconf 84' lang='lat' dir='ltr'><strong>perterriti,</strong></span> <span class='ocrx_word' id='word_1_222' title='bbox 1953 3080 2077 3135; x_wconf 90' lang='lat' dir='ltr'><strong>dum</strong></span> 
     </span>
    </p>
   </div>
   <div class='ocr_carea' id='block_1_32' title="bbox 493 3166 2078 3241">
    <p class='ocr_par' dir='ltr' id='par_1_32' title="bbox 493 3166 2078 3241">
     <span class='ocr_line' id='line_1_32' title="bbox 493 3166 2078 3241; baseline 0.003 -19"><span class='ocrx_word' id='word_1_223' title='bbox 493 3177 684 3222; x_wconf 71' lang='lat' dir='ltr'><strong>vestras</strong></span> <span class='ocrx_word' id='word_1_224' title='bbox 711 3167 932 3234; x_wconf 77' lang='lat' dir='ltr'><strong>diuitias,</strong></span> <span class='ocrx_word' id='word_1_225' title='bbox 960 3182 1062 3221; x_wconf 86' lang='lat' dir='ltr'><strong>non</strong></span> <span class='ocrx_word' id='word_1_226' title='bbox 1099 3166 1294 3220; x_wconf 86' lang='lat' dir='ltr'><strong>animas</strong></span> <span class='ocrx_word' id='word_1_227' title='bbox 1332 3167 1554 3237; x_wconf 65' lang='lat' dir='ltr'><strong>quazritis</strong></span> <span class='ocrx_word' id='word_1_228' title='bbox 1573 3207 1588 3232; x_wconf 89' lang='lat'><strong>,</strong></span> <span class='ocrx_word' id='word_1_229' title='bbox 1630 3184 1730 3222; x_wconf 88' lang='lat' dir='ltr'><strong>non</strong></span> <span class='ocrx_word' id='word_1_230' title='bbox 1777 3179 1880 3224; x_wconf 89' lang='lat' dir='ltr'><strong>tam</strong></span> <span class='ocrx_word' id='word_1_231' title='bbox 1922 3171 2078 3241; x_wconf 81' lang='lat' dir='ltr'><strong>fidem</strong></span> 
     </span>
    </p>
   </div>
   <div class='ocr_carea' id='block_1_33' title="bbox 493 3258 2074 3333">
    <p class='ocr_par' dir='ltr' id='par_1_33' title="bbox 493 3258 2074 3333">
     <span class='ocr_line' id='line_1_33' title="bbox 493 3258 2074 3333; baseline 0 -17"><span class='ocrx_word' id='word_1_232' title='bbox 493 3259 744 3333; x_wconf 80' lang='lat' dir='ltr'><strong>perﬁdam</strong></span> <span class='ocrx_word' id='word_1_233' title='bbox 768 3260 1070 3314; x_wconf 86' lang='lat' dir='ltr'><strong>traditarum</strong></span> <span class='ocrx_word' id='word_1_234' title='bbox 1090 3258 1320 3330; x_wconf 88' lang='lat' dir='ltr'><strong>diligitis,</strong></span> <span class='ocrx_word' id='word_1_235' title='bbox 1341 3275 1494 3330; x_wconf 89' lang='lat' dir='ltr'><strong>quam</strong></span> <span class='ocrx_word' id='word_1_236' title='bbox 1513 3267 1688 3314; x_wconf 90' lang='lat' dir='ltr'><strong>contra</strong></span> <span class='ocrx_word' id='word_1_237' title='bbox 1707 3260 1933 3330; x_wconf 87' lang='lat' dir='ltr'><strong>ipsorum</strong></span> <span class='ocrx_word' id='word_1_238' title='bbox 1960 3279 2074 3317; x_wconf 85' lang='lat' dir='ltr'><strong>ma-</strong></span> 
     </span>
    </p>
   </div>
   <div class='ocr_carea' id='block_1_34' title="bbox 497 3350 2076 3424">
    <p class='ocr_par' dir='ltr' id='par_1_34' title="bbox 497 3350 2076 3424">
     <span class='ocr_line' id='line_1_34' title="bbox 497 3350 2076 3424; baseline 0.001 -17"><span class='ocrx_word' id='word_1_239' title='bbox 497 3353 679 3420; x_wconf 87' lang='lat' dir='ltr'><strong>litiam,</strong></span> <span class='ocrx_word' id='word_1_240' title='bbox 708 3368 922 3423; x_wconf 86' lang='lat' dir='ltr'><strong>quorum</strong></span> <span class='ocrx_word' id='word_1_241' title='bbox 946 3351 1083 3407; x_wconf 77' lang='lat' dir='ltr'><strong>vobis</strong></span> <span class='ocrx_word' id='word_1_242' title='bbox 1110 3350 1391 3422; x_wconf 88' lang='lat' dir='ltr'><strong>patrocinia</strong></span> <span class='ocrx_word' id='word_1_243' title='bbox 1417 3353 1746 3424; x_wconf 86' lang='lat' dir='ltr'><strong>comparastis</strong></span> <span class='ocrx_word' id='word_1_244' title='bbox 1771 3371 1786 3408; x_wconf 88' lang='lat'><strong>:</strong></span> <span class='ocrx_word' id='word_1_245' title='bbox 1807 3370 1908 3408; x_wconf 90' lang='lat' dir='ltr'><strong>non</strong></span> <span class='ocrx_word' id='word_1_246' title='bbox 1927 3356 2076 3409; x_wconf 82' lang='lat' dir='ltr'><strong>aliter</strong></span> 
     </span>
    </p>
   </div>
   <div class='ocr_carea' id='block_1_35' title="bbox 496 3443 2070 3517">
    <p class='ocr_par' dir='ltr' id='par_1_35' title="bbox 496 3443 2070 3517">
     <span class='ocr_line' id='line_1_35' title="bbox 496 3443 2070 3517; baseline 0.002 -18"><span class='ocrx_word' id='word_1_247' title='bbox 496 3461 648 3517; x_wconf 74' lang='grc' dir='ltr'>ιιιιαηι</span> <span class='ocrx_word' id='word_1_248' title='bbox 672 3453 729 3499; x_wconf 86' lang='lat' dir='ltr'><strong>ut</strong></span> <span class='ocrx_word' id='word_1_249' title='bbox 753 3444 996 3517; x_wconf 79' lang='lat' dir='ltr'><strong>naufragi</strong></span> <span class='ocrx_word' id='word_1_250' title='bbox 1021 3444 1074 3498; x_wconf 91' lang='lat' dir='ltr'><strong>in</strong></span> <span class='ocrx_word' id='word_1_251' title='bbox 1101 3443 1336 3516; x_wconf 80' lang='lat' dir='ltr'><strong>ﬂuctibus</strong></span> <span class='ocrx_word' id='word_1_252' title='bbox 1363 3444 1550 3514; x_wconf 82' lang='lat' dir='ltr'><strong>ﬂuctus</strong></span> <span class='ocrx_word' id='word_1_253' title='bbox 1583 3445 1794 3500; x_wconf 88' lang='lat' dir='ltr'><strong>subeunt</strong></span> <span class='ocrx_word' id='word_1_254' title='bbox 1821 3447 2070 3517; x_wconf 84' lang='lat' dir='ltr'><strong>ruituros,</strong></span> 
     </span>
    </p>
   </div>
   <div class='ocr_carea' id='block_1_36' title="bbox 492 3535 2073 3608">
    <p class='ocr_par' dir='ltr' id='par_1_36' title="bbox 492 3535 2073 3608">
     <span class='ocr_line' id='line_1_36' title="bbox 492 3535 2073 3608; baseline 0.001 -15"><span class='ocrx_word' id='word_1_255' title='bbox 492 3546 669 3608; x_wconf 85' lang='lat' dir='ltr'><strong>satque</strong></span> <span class='ocrx_word' id='word_1_256' title='bbox 687 3537 704 3568; x_wconf 88' lang='grc'>¹</span> <span class='ocrx_word' id='word_1_257' title='bbox 723 3535 777 3589; x_wconf 86' lang='lat' dir='ltr'><strong>in</strong></span> <span class='ocrx_word' id='word_1_258' title='bbox 803 3552 988 3607; x_wconf 87' lang='lat' dir='ltr'><strong>magno</strong></span> <span class='ocrx_word' id='word_1_259' title='bbox 1015 3537 1130 3591; x_wconf 74' lang='lat' dir='ltr'><strong>vita:</strong></span> <span class='ocrx_word' id='word_1_260' title='bbox 1150 3536 1376 3606; x_wconf 86' lang='lat' dir='ltr'><strong>periculo</strong></span> <span class='ocrx_word' id='word_1_261' title='bbox 1399 3545 1647 3606; x_wconf 85' lang='lat' dir='ltr'><strong>appetunt</strong></span> <span class='ocrx_word' id='word_1_262' title='bbox 1665 3538 1803 3608; x_wconf 90' lang='lat' dir='ltr'><strong>quod</strong></span> <span class='ocrx_word' id='word_1_263' title='bbox 1833 3540 2033 3595; x_wconf 85' lang='lat' dir='ltr'><strong>timetur</strong></span> <span class='ocrx_word' id='word_1_264' title='bbox 2053 3556 2073 3596; x_wconf 89' lang='lat'><strong><em>:</em></strong></span> 
     </span>
    </p>
   </div>
   <div class='ocr_carea' id='block_1_37' title="bbox 493 3629 2074 3702">
    <p class='ocr_par' dir='ltr' id='par_1_37' title="bbox 493 3629 2074 3702">
     <span class='ocr_line' id='line_1_37' title="bbox 493 3629 2074 3702; baseline 0.003 -18"><span class='ocrx_word' id='word_1_265' title='bbox 493 3629 626 3686; x_wconf 74' lang='lat' dir='ltr'><strong>velut</strong></span> <span class='ocrx_word' id='word_1_266' title='bbox 651 3633 946 3700; x_wconf 75' lang='lat' dir='ltr'><strong>tyrannicus</strong></span> <span class='ocrx_word' id='word_1_267' title='bbox 969 3631 1113 3702; x_wconf 88' lang='lat' dir='ltr'><strong>furor</strong></span> <span class='ocrx_word' id='word_1_268' title='bbox 1138 3639 1194 3682; x_wconf 91' lang='lat' dir='ltr'><strong>ut</strong></span> <span class='ocrx_word' id='word_1_269' title='bbox 1218 3629 1465 3683; x_wconf 86' lang='lat' dir='ltr'><strong>neminem</strong></span> <span class='ocrx_word' id='word_1_270' title='bbox 1488 3637 1692 3694; x_wconf 86' lang='lat' dir='ltr'><strong>metuat,</strong></span> <span class='ocrx_word' id='word_1_271' title='bbox 1724 3632 1829 3685; x_wconf 84' lang='lat' dir='ltr'><strong>vult</strong></span> <span class='ocrx_word' id='word_1_272' title='bbox 1851 3648 1965 3687; x_wconf 90' lang='lat' dir='ltr'><strong>cum</strong></span> <span class='ocrx_word' id='word_1_273' title='bbox 1981 3650 2074 3689; x_wconf 86' lang='lat' dir='ltr'><strong>suo</strong></span> 
     </span>
    </p>
   </div>
   <div class='ocr_carea' id='block_1_38' title="bbox 499 3719 2072 3796">
    <p class='ocr_par' dir='ltr' id='par_1_38' title="bbox 499 3719 2072 3796">
     <span class='ocr_line' id='line_1_38' title="bbox 499 3719 2072 3796; baseline 0.002 -22"><span class='ocrx_word' id='word_1_274' title='bbox 499 3719 722 3791; x_wconf 86' lang='lat' dir='ltr'><strong>periculo</strong></span> <span class='ocrx_word' id='word_1_275' title='bbox 746 3719 823 3773; x_wconf 80' lang='lat' dir='ltr'><strong>uel</strong></span> <span class='ocrx_word' id='word_1_276' title='bbox 841 3719 1005 3774; x_wconf 86' lang='lat' dir='ltr'><strong>timeri</strong></span> <span class='ocrx_word' id='word_1_277' title='bbox 1027 3735 1045 3774; x_wconf 92' lang='lat'><em>:</em></span> <span class='ocrx_word' id='word_1_278' title='bbox 1064 3719 1156 3783; x_wconf 83' lang='lat' dir='ltr'><strong>sic,</strong></span> <span class='ocrx_word' id='word_1_279' title='bbox 1187 3719 1260 3773; x_wconf 90' lang='lat' dir='ltr'><strong>sic</strong></span> <span class='ocrx_word' id='word_1_280' title='bbox 1275 3719 1343 3773; x_wconf 92' lang='lat' dir='ltr'><strong>ad</strong></span> <span class='ocrx_word' id='word_1_281' title='bbox 1366 3734 1535 3774; x_wconf 84' lang='lat' dir='ltr'><strong>arcem</strong></span> <span class='ocrx_word' id='word_1_282' title='bbox 1563 3721 1583 3750; x_wconf 84' lang='grc'>²</span> <span class='ocrx_word' id='word_1_283' title='bbox 1607 3721 1818 3776; x_wconf 80' lang='lat' dir='ltr'><strong>malitia:</strong></span> <span class='ocrx_word' id='word_1_284' title='bbox 1837 3724 2072 3796; x_wconf 85' lang='lat' dir='ltr'><strong>confugi-</strong></span> 
     </span>
    </p>
   </div>
   <div class='ocr_carea' id='block_1_39' title="bbox 498 3816 2072 3888">
    <p class='ocr_par' dir='ltr' id='par_1_39' title="bbox 498 3816 2072 3888">
     <span class='ocr_line' id='line_1_39' title="bbox 498 3816 2072 3888; baseline -0.001 -17"><span class='ocrx_word' id='word_1_285' title='bbox 498 3819 562 3873; x_wconf 88' lang='lat' dir='ltr'><strong>tis</strong></span> <span class='ocrx_word' id='word_1_286' title='bbox 585 3857 602 3882; x_wconf 96' lang='lat'><strong>,</strong></span> <span class='ocrx_word' id='word_1_287' title='bbox 655 3816 994 3871; x_wconf 85' lang='lat' dir='ltr'><strong>innocentium</strong></span> <span class='ocrx_word' id='word_1_288' title='bbox 1023 3816 1210 3870; x_wconf 89' lang='lat' dir='ltr'><strong>damna</strong></span> <span class='ocrx_word' id='word_1_289' title='bbox 1249 3816 1326 3871; x_wconf 81' lang='lat' dir='ltr'><strong>uel</strong></span> <span class='ocrx_word' id='word_1_290' title='bbox 1368 3832 1541 3886; x_wconf 64' lang='lat' dir='ltr'><strong>pinnas</strong></span> <span class='ocrx_word' id='word_1_291' title='bbox 1567 3816 1674 3871; x_wconf 87' lang='lat' dir='ltr'><strong>sine</strong></span> <span class='ocrx_word' id='word_1_292' title='bbox 1707 3826 1868 3872; x_wconf 81' lang='lat' dir='ltr'><strong>uestra</strong></span> <span class='ocrx_word' id='word_1_293' title='bbox 1890 3817 2072 3888; x_wconf 89' lang='lat' dir='ltr'><strong>formi-</strong></span> 
     </span>
    </p>
   </div>
   <div class='ocr_carea' id='block_1_40' title="bbox 496 3906 2072 3980">
    <p class='ocr_par' dir='ltr' id='par_1_40' title="bbox 496 3906 2072 3980">
     <span class='ocr_line' id='line_1_40' title="bbox 496 3906 2072 3980; baseline -0.001 -16"><span class='ocrx_word' id='word_1_294' title='bbox 496 3911 615 3964; x_wconf 84' lang='lat' dir='ltr'><strong>dine</strong></span> <span class='ocrx_word' id='word_1_295' title='bbox 637 3908 930 3980; x_wconf 89' lang='lat' dir='ltr'><strong>spectaturi.</strong></span> <span class='ocrx_word' id='word_1_296' title='bbox 956 3907 1018 3963; x_wconf 89' lang='lat' dir='ltr'><strong>Si</strong></span> <span class='ocrx_word' id='word_1_297' title='bbox 1037 3908 1132 3963; x_wconf 88' lang='lat' dir='ltr'><strong>hoc</strong></span> <span class='ocrx_word' id='word_1_298' title='bbox 1159 3916 1232 3963; x_wconf 89' lang='lat' dir='ltr'><strong>cst</strong></span> <span class='ocrx_word' id='word_1_299' title='bbox 1261 3907 1417 3962; x_wconf 80' lang='lat' dir='ltr'><strong>vitare</strong></span> <span class='ocrx_word' id='word_1_300' title='bbox 1441 3906 1740 3976; x_wconf 85' lang='lat' dir='ltr'><strong>periculum,</strong></span> <span class='ocrx_word' id='word_1_301' title='bbox 1773 3911 1946 3979; x_wconf 80' lang='lat' dir='ltr'><strong>fugere</strong></span> <span class='ocrx_word' id='word_1_302' title='bbox 1980 3908 2072 3963; x_wconf 90' lang='lat' dir='ltr'><strong>sub</strong></span> 
     </span>
    </p>
   </div>
   <div class='ocr_carea' id='block_1_41' title="bbox 495 3999 2075 4069">
    <p class='ocr_par' dir='ltr' id='par_1_41' title="bbox 495 3999 2075 4069">
     <span class='ocr_line' id='line_1_41' title="bbox 495 3999 2075 4069; baseline 0.001 -15"><span class='ocrx_word' id='word_1_303' title='bbox 495 4001 728 4063; x_wconf 88' lang='lat' dir='ltr'><strong>ruinam;</strong></span> <span class='ocrx_word' id='word_1_304' title='bbox 752 4016 946 4055; x_wconf 85' lang='lat' dir='ltr'><strong>necnon</strong></span> <span class='ocrx_word' id='word_1_305' title='bbox 973 3999 1120 4054; x_wconf 90' lang='lat' dir='ltr'><strong>etiam</strong></span> <span class='ocrx_word' id='word_1_306' title='bbox 1143 3999 1445 4054; x_wconf 81' lang='lat' dir='ltr'><strong>damnabilis</strong></span> <span class='ocrx_word' id='word_1_307' title='bbox 1473 3999 1598 4068; x_wconf 83' lang='lat' dir='ltr'><strong>fides</strong></span> <span class='ocrx_word' id='word_1_308' title='bbox 1621 4007 1714 4065; x_wconf 86' lang='lat' dir='ltr'><strong>est,</strong></span> <span class='ocrx_word' id='word_1_309' title='bbox 1737 3999 1892 4069; x_wconf 81' lang='lat' dir='ltr'><strong>fidem</strong></span> <span class='ocrx_word' id='word_1_310' title='bbox 1917 4000 2075 4055; x_wconf 81' lang='lat' dir='ltr'><strong>latro-</strong></span> 
     </span>
    </p>
   </div>
   <div class='ocr_carea' id='block_1_42' title="bbox 494 4092 2068 4160">
    <p class='ocr_par' dir='ltr' id='par_1_42' title="bbox 494 4092 2068 4160">
     <span class='ocr_line' id='line_1_42' title="bbox 494 4092 2068 4160; baseline -0.002 -10"><span class='ocrx_word' id='word_1_311' title='bbox 494 4097 548 4150; x_wconf 93' lang='lat' dir='ltr'><strong>ni</strong></span> <span class='ocrx_word' id='word_1_312' title='bbox 576 4110 790 4150; x_wconf 81' lang='lat' dir='ltr'><strong>seruare.</strong></span> <span class='ocrx_word' id='word_1_313' title='bbox 815 4092 1082 4149; x_wconf 90' lang='lat' dir='ltr'><strong>Postremo</strong></span> <span class='ocrx_word' id='word_1_314' title='bbox 1122 4093 1367 4147; x_wconf 87' lang='lat' dir='ltr'><strong>dementis</strong></span> <span class='ocrx_word' id='word_1_315' title='bbox 1410 4093 1539 4147; x_wconf 84' lang='lat' dir='ltr'><strong>lucri</strong></span> <span class='ocrx_word' id='word_1_316' title='bbox 1583 4094 1936 4148; x_wconf 87' lang='lat' dir='ltr'><strong>commercium</strong></span> <span class='ocrx_word' id='word_1_317' title='bbox 1975 4102 2068 4160; x_wconf 90' lang='lat' dir='ltr'><strong>est,</strong></span> 
     </span>
    </p>
   </div>
   <div class='ocr_carea' id='block_1_43' title="bbox 495 4183 2073 4258">
    <p class='ocr_par' dir='ltr' id='par_1_43' title="bbox 495 4183 2073 4258">
     <span class='ocr_line' id='line_1_43' title="bbox 495 4183 2073 4258; baseline -0.003 -14"><span class='ocrx_word' id='word_1_318' title='bbox 495 4199 682 4244; x_wconf 83' lang='lat' dir='ltr'><strong>uestras</strong></span> <span class='ocrx_word' id='word_1_319' title='bbox 703 4187 899 4242; x_wconf 90' lang='lat' dir='ltr'><strong>animas</strong></span> <span class='ocrx_word' id='word_1_320' title='bbox 927 4185 1155 4258; x_wconf 85' lang='lat' dir='ltr'><strong>perdere,</strong></span> <span class='ocrx_word' id='word_1_321' title='bbox 1186 4201 1250 4240; x_wconf 91' lang='lat' dir='ltr'><strong>ne</strong></span> <span class='ocrx_word' id='word_1_322' title='bbox 1274 4183 1474 4240; x_wconf 85' lang='lat' dir='ltr'><strong>divitias</strong></span> <span class='ocrx_word' id='word_1_323' title='bbox 1499 4185 1761 4240; x_wconf 88' lang='lat' dir='ltr'><strong>amittatis.</strong></span> <span class='ocrx_word' id='word_1_324' title='bbox 1783 4183 1921 4239; x_wconf 86' lang='lat' dir='ltr'><strong>Dicit</strong></span> <span class='ocrx_word' id='word_1_325' title='bbox 1940 4185 2073 4239; x_wconf 87' lang='lat' dir='ltr'><strong>enim</strong></span> 
     </span>
    </p>
   </div>
   <div class='ocr_carea' id='block_1_44' title="bbox 494 4274 2073 4346">
    <p class='ocr_par' dir='ltr' id='par_1_44' title="bbox 494 4274 2073 4346">
     <span class='ocr_line' id='line_1_44' title="bbox 494 4274 2073 4346; baseline -0.003 -13"><span class='ocrx_word' id='word_1_326' title='bbox 494 4279 742 4334; x_wconf 88' lang='lat' dir='ltr'><strong>Dominus</strong></span> <span class='ocrx_word' id='word_1_327' title='bbox 761 4275 989 4334; x_wconf 82' lang='lat' dir='ltr'><strong>Christus</strong></span> <span class='ocrx_word' id='word_1_328' title='bbox 1011 4291 1030 4330; x_wconf 90' lang='lat'><strong><em>:</em></strong></span> <span class='ocrx_word' id='word_1_329' title='bbox 1057 4293 1077 4329; x_wconf 76' lang='grc' dir='ltr'><strong>ι</strong></span> <span class='ocrx_word' id='word_1_330' title='bbox 1113 4274 1175 4332; x_wconf 91' lang='lat' dir='ltr'><strong>Si</strong></span> <span class='ocrx_word' id='word_1_331' title='bbox 1202 4291 1400 4330; x_wconf 88' lang='lat' dir='ltr'><strong>omnem</strong></span> <span class='ocrx_word' id='word_1_332' title='bbox 1425 4275 1669 4330; x_wconf 87' lang='lat' dir='ltr'><strong>mundum</strong></span> <span class='ocrx_word' id='word_1_333' title='bbox 1699 4275 2007 4346; x_wconf 87' lang='lat' dir='ltr'><strong>lucrifacias,</strong></span> <span class='ocrx_word' id='word_1_334' title='bbox 2025 4283 2073 4331; x_wconf 86' lang='lat' dir='ltr'><strong>et</strong></span> 
     </span>
    </p>
   </div>
   <div class='ocr_carea' id='block_1_45' title="bbox 490 4367 2070 4439">
    <p class='ocr_par' dir='ltr' id='par_1_45' title="bbox 490 4367 2070 4439">
     <span class='ocr_line' id='line_1_45' title="bbox 490 4367 2070 4439; baseline -0.002 -14"><span class='ocrx_word' id='word_1_335' title='bbox 490 4371 714 4425; x_wconf 84' lang='lat' dir='ltr'><strong>animum</strong></span> <span class='ocrx_word' id='word_1_336' title='bbox 742 4377 879 4423; x_wconf 89' lang='lat' dir='ltr'><strong>tuam</strong></span> <span class='ocrx_word' id='word_1_337' title='bbox 909 4367 1091 4439; x_wconf 86' lang='lat' dir='ltr'><strong>perdas</strong></span> <span class='ocrx_word' id='word_1_338' title='bbox 1110 4408 1125 4432; x_wconf 93' lang='lat'><strong>,</strong></span> <span class='ocrx_word' id='word_1_339' title='bbox 1157 4384 1310 4439; x_wconf 87' lang='lat' dir='ltr'><strong>quam</strong></span> <span class='ocrx_word' id='word_1_340' title='bbox 1337 4367 1480 4422; x_wconf 87' lang='lat' dir='ltr'><strong>dabis</strong></span> <span class='ocrx_word' id='word_1_341' title='bbox 1515 4367 1956 4423; x_wconf 86' lang='lat' dir='ltr'><strong>commutationem</strong></span> <span class='ocrx_word' id='word_1_342' title='bbox 1978 4383 2070 4439; x_wconf 90' lang='lat' dir='ltr'><strong>pro</strong></span> 
     </span>
    </p>
   </div>
   <div class='ocr_carea' id='block_1_46' title="bbox 491 4457 1366 4533">
    <p class='ocr_par' dir='ltr' id='par_1_46' title="bbox 491 4457 1366 4533">
     <span class='ocr_line' id='line_1_46' title="bbox 491 4457 1366 4533; baseline -0.003 -17"><span class='ocrx_word' id='word_1_343' title='bbox 491 4462 664 4517; x_wconf 88' lang='lat' dir='ltr'><strong>anima</strong></span> <span class='ocrx_word' id='word_1_344' title='bbox 683 4469 770 4514; x_wconf 90' lang='lat' dir='ltr'><strong>tua</strong></span> <span class='ocrx_word' id='word_1_345' title='bbox 804 4476 824 4512; x_wconf 81' lang='grc' dir='ltr'><strong>ι</strong></span> <span class='ocrx_word' id='word_1_346' title='bbox 851 4457 1064 4533; x_wconf 77' lang='lat' dir='ltr'><strong>(Matth.</strong></span> <span class='ocrx_word' id='word_1_347' title='bbox 1094 4474 1206 4526; x_wconf 77' lang='lat' dir='ltr'><strong>xVI,</strong></span> <span class='ocrx_word' id='word_1_348' title='bbox 1232 4458 1366 4531; x_wconf 83' lang='lat'><strong>26)?</strong></span> 
     </span>
    </p>
   </div>
   <div class='ocr_carea' id='block_1_47' title="bbox 560 4548 2067 4620">
    <p class='ocr_par' dir='ltr' id='par_1_47' title="bbox 560 4548 2067 4620">
     <span class='ocr_line' id='line_1_47' title="bbox 560 4548 2067 4620; baseline 0 -14"><span class='ocrx_word' id='word_1_349' title='bbox 560 4550 687 4608; x_wconf 84' lang='lat'><strong>226.</strong></span> <span class='ocrx_word' id='word_1_350' title='bbox 715 4553 849 4607; x_wconf 79' lang='lat' dir='ltr'><strong>Anc.</strong></span> <span class='ocrx_word' id='word_1_351' title='bbox 876 4549 1188 4620; x_wconf 85' lang='lat' dir='ltr'><strong>respondit:</strong></span> <span class='ocrx_word' id='word_1_352' title='bbox 1211 4549 1370 4606; x_wconf 86' lang='lat' dir='ltr'><strong>Utilis</strong></span> <span class='ocrx_word' id='word_1_353' title='bbox 1406 4557 1552 4606; x_wconf 86' lang='lat' dir='ltr'><strong>esset</strong></span> <span class='ocrx_word' id='word_1_354' title='bbox 1597 4549 1696 4605; x_wconf 87' lang='lat' dir='ltr'><strong>ista</strong></span> <span class='ocrx_word' id='word_1_355' title='bbox 1739 4548 2067 4619; x_wconf 82' lang='lat' dir='ltr'><strong>exhortatio,</strong></span> 
     </span>
    </p>
   </div>
   <div class='ocr_carea' id='block_1_48' title="bbox 488 4641 2073 4714">
    <p class='ocr_par' dir='ltr' id='par_1_48' title="bbox 488 4641 2073 4714">
     <span class='ocr_line' id='line_1_48' title="bbox 488 4641 2073 4714; baseline -0.003 -11"><span class='ocrx_word' id='word_1_356' title='bbox 488 4646 681 4712; x_wconf 82' lang='lat' dir='ltr'><strong>fateor,</strong></span> <span class='ocrx_word' id='word_1_357' title='bbox 710 4643 755 4700; x_wconf 90' lang='lat' dir='ltr'><strong>si</strong></span> <span class='ocrx_word' id='word_1_358' title='bbox 783 4657 846 4699; x_wconf 89' lang='lat' dir='ltr'><strong>ea</strong></span> <span class='ocrx_word' id='word_1_359' title='bbox 872 4643 1152 4714; x_wconf 85' lang='lat' dir='ltr'><strong>quisquam</strong></span> <span class='ocrx_word' id='word_1_360' title='bbox 1184 4642 1237 4696; x_wconf 94' lang='lat' dir='ltr'><strong>in</strong></span> <span class='ocrx_word' id='word_1_361' title='bbox 1263 4642 1400 4699; x_wconf 89' lang='lat' dir='ltr'><strong>bona</strong></span> <span class='ocrx_word' id='word_1_362' title='bbox 1425 4656 1582 4697; x_wconf 87' lang='lat' dir='ltr'><strong>causa</strong></span> <span class='ocrx_word' id='word_1_363' title='bbox 1612 4651 1869 4698; x_wconf 87' lang='lat' dir='ltr'><strong>uteretur.</strong></span> <span class='ocrx_word' id='word_1_364' title='bbox 1888 4641 2073 4698; x_wconf 89' lang='lat' dir='ltr'><strong>Omni-</strong></span> 
     </span>
    </p>
   </div>
   <div class='ocr_carea' id='block_1_49' title="bbox 490 4735 2072 4806">
    <p class='ocr_par' dir='ltr' id='par_1_49' title="bbox 490 4735 2072 4806">
     <span class='ocr_line' id='line_1_49' title="bbox 490 4735 2072 4806; baseline -0.003 -9"><span class='ocrx_word' id='word_1_365' title='bbox 490 4754 563 4797; x_wconf 88' lang='lat' dir='ltr'><strong>no</strong></span> <span class='ocrx_word' id='word_1_366' title='bbox 587 4740 726 4796; x_wconf 89' lang='lat' dir='ltr'><strong>bene</strong></span> <span class='ocrx_word' id='word_1_367' title='bbox 749 4736 1054 4793; x_wconf 91' lang='lat' dir='ltr'><strong>deterruisti</strong></span> <span class='ocrx_word' id='word_1_368' title='bbox 1087 4735 1352 4800; x_wconf 87' lang='lat' dir='ltr'><strong>homines,</strong></span> <span class='ocrx_word' id='word_1_369' title='bbox 1382 4735 1596 4792; x_wconf 88' lang='lat' dir='ltr'><strong>divitias</strong></span> <span class='ocrx_word' id='word_1_370' title='bbox 1621 4750 1933 4806; x_wconf 84' lang='lat' dir='ltr'><strong>praeponere</strong></span> <span class='ocrx_word' id='word_1_371' title='bbox 1957 4736 2072 4792; x_wconf 85' lang='lat' dir='ltr'><strong>ani-</strong></span> 
     </span>
    </p>
   </div>
   <div class='ocr_carea' id='block_1_50' title="bbox 487 4824 2067 4898">
    <p class='ocr_par' dir='ltr' id='par_1_50' title="bbox 487 4824 2067 4898">
     <span class='ocr_line' id='line_1_50' title="bbox 487 4824 2067 4898; baseline -0.001 -12"><span class='ocrx_word' id='word_1_372' title='bbox 487 4845 592 4886; x_wconf 73' lang='lat' dir='ltr'><strong>ma:</strong></span> <span class='ocrx_word' id='word_1_373' title='bbox 616 4843 746 4885; x_wconf 65' lang='lat' dir='ltr'><strong>suae.</strong></span> <span class='ocrx_word' id='word_1_374' title='bbox 773 4826 878 4885; x_wconf 87' lang='lat' dir='ltr'><strong>Sed</strong></span> <span class='ocrx_word' id='word_1_375' title='bbox 910 4842 1005 4883; x_wconf 88' lang='lat' dir='ltr'><strong>vos</strong></span> <span class='ocrx_word' id='word_1_376' title='bbox 1027 4825 1118 4898; x_wconf 91' lang='lat' dir='ltr'><strong>qui</strong></span> <span class='ocrx_word' id='word_1_377' title='bbox 1153 4824 1270 4882; x_wconf 81' lang='lat' dir='ltr'><strong>haec</strong></span> <span class='ocrx_word' id='word_1_378' title='bbox 1303 4824 1529 4881; x_wconf 88' lang='lat' dir='ltr'><strong>audistis</strong></span> <span class='ocrx_word' id='word_1_379' title='bbox 1551 4866 1564 4891; x_wconf 90' lang='lat'><strong>,</strong></span> <span class='ocrx_word' id='word_1_380' title='bbox 1591 4837 1640 4882; x_wconf 89' lang='lat' dir='ltr'><strong>et</strong></span> <span class='ocrx_word' id='word_1_381' title='bbox 1670 4842 1768 4882; x_wconf 92' lang='lat' dir='ltr'><strong>nos</strong></span> <span class='ocrx_word' id='word_1_382' title='bbox 1796 4827 2067 4897; x_wconf 90' lang='lat' dir='ltr'><strong>paululum</strong></span> 
     </span>
    </p>
   </div>
   <div class='ocr_carea' id='block_1_51' title="bbox 488 4916 2069 4990">
    <p class='ocr_par' dir='ltr' id='par_1_51' title="bbox 488 4916 2069 4990">
     <span class='ocr_line' id='line_1_51' title="bbox 488 4916 2069 4990; baseline -0.002 -12"><span class='ocrx_word' id='word_1_383' title='bbox 488 4921 706 4978; x_wconf 88' lang='lat' dir='ltr'><strong>audite:</strong></span> <span class='ocrx_word' id='word_1_384' title='bbox 729 4918 834 4975; x_wconf 89' lang='lat' dir='ltr'><strong>hoc</strong></span> <span class='ocrx_word' id='word_1_385' title='bbox 856 4919 998 4975; x_wconf 89' lang='lat' dir='ltr'><strong>enim</strong></span> <span class='ocrx_word' id='word_1_386' title='bbox 1022 4927 1078 4974; x_wconf 88' lang='lat' dir='ltr'><strong>et</strong></span> <span class='ocrx_word' id='word_1_387' title='bbox 1102 4931 1199 4973; x_wconf 89' lang='lat' dir='ltr'><strong>nos</strong></span> <span class='ocrx_word' id='word_1_388' title='bbox 1221 4916 1467 4982; x_wconf 89' lang='lat' dir='ltr'><strong>dicimus,</strong></span> <span class='ocrx_word' id='word_1_389' title='bbox 1488 4916 1584 4974; x_wconf 89' lang='lat' dir='ltr'><strong>sed</strong></span> <span class='ocrx_word' id='word_1_390' title='bbox 1607 4917 1863 4975; x_wconf 78' lang='lat' dir='ltr'><strong>attendite</strong></span> <span class='ocrx_word' id='word_1_391' title='bbox 1886 4935 2069 4990; x_wconf 88' lang='lat' dir='ltr'><strong>quem-</strong></span> 
     </span>
    </p>
   </div>
   <div class='ocr_carea' id='block_1_52' title="bbox 487 5008 2065 5081">
    <p class='ocr_par' dir='ltr' id='par_1_52' title="bbox 487 5008 2065 5081">
     <span class='ocr_line' id='line_1_52' title="bbox 487 5008 2065 5081; baseline -0.003 -11"><span class='ocrx_word' id='word_1_392' title='bbox 487 5011 796 5070; x_wconf 85' lang='lat' dir='ltr'><strong>admodum.</strong></span> <span class='ocrx_word' id='word_1_393' title='bbox 821 5009 879 5069; x_wconf 90' lang='lat' dir='ltr'><strong>Si</strong></span> <span class='ocrx_word' id='word_1_394' title='bbox 909 5009 1060 5065; x_wconf 86' lang='lat' dir='ltr'><strong>vobis</strong></span> <span class='ocrx_word' id='word_1_395' title='bbox 1087 5008 1358 5065; x_wconf 84' lang='lat' dir='ltr'><strong>minantur</strong></span> <span class='ocrx_word' id='word_1_396' title='bbox 1392 5023 1545 5081; x_wconf 89' lang='lat' dir='ltr'><strong>reges</strong></span> <span class='ocrx_word' id='word_1_397' title='bbox 1571 5008 1780 5066; x_wconf 90' lang='lat' dir='ltr'><strong>auferre</strong></span> <span class='ocrx_word' id='word_1_398' title='bbox 1819 5009 2028 5066; x_wconf 84' lang='lat' dir='ltr'><strong>divitias</strong></span> <span class='ocrx_word' id='word_1_399' title='bbox 2048 5053 2065 5079; x_wconf 97' lang='lat'><strong>,</strong></span> 
     </span>
    </p>
   </div>
   <div class='ocr_carea' id='block_1_53' title="bbox 486 5099 2066 5175">
    <p class='ocr_par' dir='ltr' id='par_1_53' title="bbox 486 5099 2066 5175">
     <span class='ocr_line' id='line_1_53' title="bbox 486 5099 2066 5175; baseline 0.001 -18"><span class='ocrx_word' id='word_1_400' title='bbox 486 5103 614 5175; x_wconf 84' lang='lat' dir='ltr'><strong>quia</strong></span> <span class='ocrx_word' id='word_1_401' title='bbox 634 5101 805 5158; x_wconf 70' lang='grc' dir='ltr'>ιιιόωί</span> <span class='ocrx_word' id='word_1_402' title='bbox 831 5099 1120 5158; x_wconf 88' lang='lat' dir='ltr'><strong>secundum</strong></span> <span class='ocrx_word' id='word_1_403' title='bbox 1139 5116 1354 5158; x_wconf 88' lang='lat' dir='ltr'><strong>carnem</strong></span> <span class='ocrx_word' id='word_1_404' title='bbox 1375 5116 1481 5156; x_wconf 92' lang='lat' dir='ltr'><strong>non</strong></span> <span class='ocrx_word' id='word_1_405' title='bbox 1501 5102 1650 5166; x_wconf 86' lang='lat' dir='ltr'><strong>estis,</strong></span> <span class='ocrx_word' id='word_1_406' title='bbox 1677 5110 1768 5157; x_wconf 91' lang='lat' dir='ltr'><strong>aut</strong></span> <span class='ocrx_word' id='word_1_407' title='bbox 1785 5103 1905 5173; x_wconf 88' lang='lat' dir='ltr'><strong>quia</strong></span> <span class='ocrx_word' id='word_1_408' title='bbox 1927 5102 2066 5159; x_wconf 91' lang='lat' dir='ltr'><strong>idola</strong></span> 
     </span>
    </p>
   </div>
   <div class='ocr_carea' id='block_1_54' title="bbox 487 5191 2068 5264">
    <p class='ocr_par' dir='ltr' id='par_1_54' title="bbox 487 5191 2068 5264">
     <span class='ocr_line' id='line_1_54' title="bbox 487 5191 2068 5264; baseline -0.001 -14"><span class='ocrx_word' id='word_1_409' title='bbox 487 5194 574 5251; x_wconf 90' lang='lat' dir='ltr'><strong>vel</strong></span> <span class='ocrx_word' id='word_1_410' title='bbox 599 5193 864 5249; x_wconf 60' lang='lat' dir='ltr'><strong>damonis</strong></span> <span class='ocrx_word' id='word_1_411' title='bbox 907 5206 1013 5248; x_wconf 92' lang='lat' dir='ltr'><strong>non</strong></span> <span class='ocrx_word' id='word_1_412' title='bbox 1049 5192 1258 5256; x_wconf 89' lang='lat' dir='ltr'><strong>colitis,</strong></span> <span class='ocrx_word' id='word_1_413' title='bbox 1289 5201 1382 5246; x_wconf 93' lang='lat' dir='ltr'><strong>aut</strong></span> <span class='ocrx_word' id='word_1_414' title='bbox 1404 5192 1525 5264; x_wconf 90' lang='lat' dir='ltr'><strong>quia</strong></span> <span class='ocrx_word' id='word_1_415' title='bbox 1556 5191 1611 5246; x_wconf 92' lang='lat' dir='ltr'><strong>in</strong></span> <span class='ocrx_word' id='word_1_416' title='bbox 1637 5192 1808 5248; x_wconf 90' lang='lat' dir='ltr'><strong>nullas</strong></span> <span class='ocrx_word' id='word_1_417' title='bbox 1838 5192 2068 5249; x_wconf 61' lang='lat' dir='ltr'><strong>haereses</strong></span> 
     </span>
    </p>
   </div>
   <div class='ocr_carea' id='block_1_55' title="bbox 485 5283 2062 5356">
    <p class='ocr_par' dir='ltr' id='par_1_55' title="bbox 485 5283 2062 5356">
     <span class='ocr_line' id='line_1_55' title="bbox 485 5283 2062 5356; baseline -0.001 -13"><span class='ocrx_word' id='word_1_418' title='bbox 485 5283 905 5351; x_wconf 81' lang='lat' dir='ltr'><strong>transierimini,</strong></span> <span class='ocrx_word' id='word_1_419' title='bbox 949 5283 1044 5340; x_wconf 86' lang='lat' dir='ltr'><strong>sed</strong></span> <span class='ocrx_word' id='word_1_420' title='bbox 1084 5285 1137 5340; x_wconf 93' lang='lat' dir='ltr'><strong>in</strong></span> <span class='ocrx_word' id='word_1_421' title='bbox 1167 5285 1368 5341; x_wconf 88' lang='lat' dir='ltr'><strong>unitate</strong></span> <span class='ocrx_word' id='word_1_422' title='bbox 1411 5283 1670 5342; x_wconf 86' lang='lat' dir='ltr'><strong>catholica</strong></span> <span class='ocrx_word' id='word_1_423' title='bbox 1709 5286 2062 5356; x_wconf 82' lang='lat' dir='ltr'><strong>permanetis;</strong></span> 
     </span>
    </p>
   </div>
   <div class='ocr_carea' id='block_1_56' title="bbox 484 5375 2060 5452">
    <p class='ocr_par' dir='ltr' id='par_1_56' title="bbox 484 5375 2060 5452">
     <span class='ocr_line' id='line_1_56' title="bbox 484 5375 2060 5452; baseline -0.002 -15"><span class='ocrx_word' id='word_1_424' title='bbox 484 5379 664 5452; x_wconf 84' lang='lat' dir='ltr'><strong>eligite</strong></span> <span class='ocrx_word' id='word_1_425' title='bbox 690 5378 866 5450; x_wconf 90' lang='lat' dir='ltr'><strong>potius</strong></span> <span class='ocrx_word' id='word_1_426' title='bbox 892 5377 1067 5448; x_wconf 91' lang='lat' dir='ltr'><strong>perire</strong></span> <span class='ocrx_word' id='word_1_427' title='bbox 1090 5375 1304 5432; x_wconf 86' lang='lat' dir='ltr'><strong>divitias</strong></span> <span class='ocrx_word' id='word_1_428' title='bbox 1331 5386 1556 5445; x_wconf 90' lang='lat' dir='ltr'><strong>vestras,</strong></span> <span class='ocrx_word' id='word_1_429' title='bbox 1584 5391 1651 5432; x_wconf 93' lang='lat' dir='ltr'><strong>ne</strong></span> <span class='ocrx_word' id='word_1_430' title='bbox 1676 5376 1772 5447; x_wconf 89' lang='lat' dir='ltr'><strong>ipsi</strong></span> <span class='ocrx_word' id='word_1_431' title='bbox 1798 5378 2060 5447; x_wconf 89' lang='lat' dir='ltr'><strong>pereatis:</strong></span> 
     </span>
    </p>
   </div>
   <div class='ocr_carea' id='block_1_57' title="bbox 483 5467 2058 5541">
    <p class='ocr_par' dir='ltr' id='par_1_57' title="bbox 483 5467 2058 5541">
     <span class='ocr_line' id='line_1_57' title="bbox 483 5467 2058 5541; baseline -0.003 -11"><span class='ocrx_word' id='word_1_432' title='bbox 483 5470 580 5530; x_wconf 82' lang='lat' dir='ltr'><strong>sed</strong></span> <span class='ocrx_word' id='word_1_433' title='bbox 605 5485 704 5528; x_wconf 90' lang='lat' dir='ltr'><strong>nec</strong></span> <span class='ocrx_word' id='word_1_434' title='bbox 725 5469 869 5525; x_wconf 84' lang='lat' dir='ltr'><strong>aliud</strong></span> <span class='ocrx_word' id='word_1_435' title='bbox 887 5467 1194 5541; x_wconf 84' lang='lat' dir='ltr'><strong>quidquam,</strong></span> <span class='ocrx_word' id='word_1_436' title='bbox 1215 5484 1315 5524; x_wconf 88' lang='lat' dir='ltr'><strong>nec</strong></span> <span class='ocrx_word' id='word_1_437' title='bbox 1337 5470 1504 5540; x_wconf 89' lang='lat' dir='ltr'><strong>ipsam</strong></span> <span class='ocrx_word' id='word_1_438' title='bbox 1533 5470 1878 5540; x_wconf 90' lang='lat' dir='ltr'><strong>temporalem</strong></span> <span class='ocrx_word' id='word_1_439' title='bbox 1899 5475 2058 5527; x_wconf 89' lang='lat' dir='ltr'><strong>vitam</strong></span> 
     </span>
    </p>
   </div>
   <div class='ocr_carea' id='block_1_58' title="bbox 483 5561 2061 5634">
    <p class='ocr_par' dir='ltr' id='par_1_58' title="bbox 483 5561 2061 5634">
     <span class='ocr_line' id='line_1_58' title="bbox 483 5561 2061 5634; baseline -0.001 -12"><span class='ocrx_word' id='word_1_440' title='bbox 483 5566 639 5622; x_wconf 88' lang='lat' dir='ltr'><strong>saluti</strong></span> <span class='ocrx_word' id='word_1_441' title='bbox 667 5571 880 5620; x_wconf 72' lang='lat' dir='ltr'><strong>tetemae</strong></span> <span class='ocrx_word' id='word_1_442' title='bbox 906 5577 1026 5634; x_wconf 72' lang='lat' dir='ltr'><strong>quae</strong></span> <span class='ocrx_word' id='word_1_443' title='bbox 1053 5561 1106 5616; x_wconf 92' lang='lat' dir='ltr'><strong>in</strong></span> <span class='ocrx_word' id='word_1_444' title='bbox 1129 5561 1344 5618; x_wconf 85' lang='lat' dir='ltr'><strong>Christo</strong></span> <span class='ocrx_word' id='word_1_445' title='bbox 1365 5572 1449 5620; x_wconf 90' lang='lat' dir='ltr'><strong>est</strong></span> <span class='ocrx_word' id='word_1_446' title='bbox 1475 5562 1790 5634; x_wconf 76' lang='lat' dir='ltr'><strong>praeferetis.</strong></span> <span class='ocrx_word' id='word_1_447' title='bbox 1809 5565 1862 5621; x_wconf 89' lang='lat' dir='ltr'><strong>Si</strong></span> <span class='ocrx_word' id='word_1_448' title='bbox 1886 5575 2061 5622; x_wconf 83' lang='lat' dir='ltr'><strong>autem</strong></span> 
     </span>
    </p>
   </div>
   <div class='ocr_carea' id='block_1_59' title="bbox 547 5693 1203 5756">
    <p class='ocr_par' dir='ltr' id='par_1_59' title="bbox 547 5693 1203 5756">
     <span class='ocr_line' id='line_1_59' title="bbox 547 5693 1203 5756; baseline -0.005 -13"><span class='ocrx_word' id='word_1_449' title='bbox 547 5698 559 5726; x_wconf 81' lang='grc'><em>³</em></span> <span class='ocrx_word' id='word_1_450' title='bbox 584 5698 655 5746; x_wconf 85' lang='lat' dir='ltr'><strong>sic</strong></span> <span class='ocrx_word' id='word_1_451' title='bbox 670 5703 774 5745; x_wconf 75' lang='lat' dir='ltr'><strong>Mss.</strong></span> <span class='ocrx_word' id='word_1_452' title='bbox 801 5703 853 5746; x_wconf 76' lang='lat' dir='ltr'><strong>At</strong></span> <span class='ocrx_word' id='word_1_453' title='bbox 873 5695 1008 5753; x_wconf 85' lang='lat' dir='ltr'><strong>editi,</strong></span> <span class='ocrx_word' id='word_1_454' title='bbox 1025 5693 1203 5756; x_wconf 81' lang='lat' dir='ltr'><strong>sicque.</strong></span> 
     </span>
    </p>
   </div>
   <div class='ocr_carea' id='block_1_60' title="bbox 544 5760 1058 5819">
    <p class='ocr_par' dir='ltr' id='par_1_60' title="bbox 544 5760 1058 5819">
     <span class='ocr_line' id='line_1_60' title="bbox 544 5760 1058 5819; baseline 0 -17"><span class='ocrx_word' id='word_1_455' title='bbox 544 5760 560 5787; x_wconf 88' lang='grc'>²</span> <span class='ocrx_word' id='word_1_456' title='bbox 586 5767 682 5806; x_wconf 68' lang='lat' dir='ltr'><strong>am.</strong></span> <span class='ocrx_word' id='word_1_457' title='bbox 711 5766 759 5807; x_wconf 89' lang='lat' dir='ltr'><strong>et</strong></span> <span class='ocrx_word' id='word_1_458' title='bbox 783 5763 1058 5819; x_wconf 76' lang='lat' dir='ltr'><strong>Er.,artcm.</strong></span> 
     </span>
    </p>
   </div>
   <div class='ocr_carea' id='block_1_61' title="bbox 1347 281 2895 353">
    <p class='ocr_par' dir='ltr' id='par_1_61' title="bbox 1347 281 2895 353">
     <span class='ocr_line' id='line_1_61' title="bbox 1347 281 2895 353; baseline -0.003 -5"><span class='ocrx_word' id='word_1_459' title='bbox 1347 288 1613 348; x_wconf 82' lang='lat' dir='ltr'><strong>CONTRA</strong></span> <span class='ocrx_word' id='word_1_460' title='bbox 1653 283 1992 345; x_wconf 75' lang='lat' dir='ltr'><strong>LITTERAS</strong></span> <span class='ocrx_word' id='word_1_461' title='bbox 2031 281 2386 353; x_wconf 83' lang='lat' dir='ltr'><strong>PETILIANI,</strong></span> <span class='ocrx_word' id='word_1_462' title='bbox 2427 285 2485 342; x_wconf 92' lang='lat' dir='ltr'><strong>S.</strong></span> <span class='ocrx_word' id='word_1_463' title='bbox 2526 284 2895 345; x_wconf 82' lang='lat' dir='ltr'><strong>AUGUSTINI</strong></span> 
     </span>
    </p>
   </div>
   <div class='ocr_carea' id='block_1_62' title="bbox 3666 296 3776 362">
    <p class='ocr_par' dir='ltr' id='par_1_62' title="bbox 3666 296 3776 362">
     <span class='ocr_line' id='line_1_62' title="bbox 3666 296 3776 362; baseline 0 0"><span class='ocrx_word' id='word_1_464' title='bbox 3666 296 3776 362; x_wconf 73' lang='lat'><strong>356.</strong></span> 
     </span>
    </p>
   </div>
   <div class='ocr_carea' id='block_1_63' title="bbox 2175 400 3764 474">
    <p class='ocr_par' dir='ltr' id='par_1_63' title="bbox 2175 400 3764 474">
     <span class='ocr_line' id='line_1_63' title="bbox 2175 400 3764 474; baseline 0.003 -17"><span class='ocrx_word' id='word_1_465' title='bbox 2175 415 2330 474; x_wconf 90' lang='lat' dir='ltr'><strong>reges</strong></span> <span class='ocrx_word' id='word_1_466' title='bbox 2353 400 2507 458; x_wconf 88' lang='lat' dir='ltr'><strong>vobis</strong></span> <span class='ocrx_word' id='word_1_467' title='bbox 2532 410 2814 474; x_wconf 89' lang='lat' dir='ltr'><strong>propterea</strong></span> <span class='ocrx_word' id='word_1_468' title='bbox 2859 402 3052 458; x_wconf 87' lang='lat' dir='ltr'><strong>damna</strong></span> <span class='ocrx_word' id='word_1_469' title='bbox 3098 403 3180 459; x_wconf 92' lang='lat' dir='ltr'><strong>vel</strong></span> <span class='ocrx_word' id='word_1_470' title='bbox 3223 403 3634 463; x_wconf 85' lang='lat' dir='ltr'><strong>damnationem</strong></span> <span class='ocrx_word' id='word_1_471' title='bbox 3676 410 3764 464; x_wconf 89' lang='lat' dir='ltr'><strong>mi-</strong></span> 
     </span>
    </p>
   </div>
   <div class='ocr_carea' id='block_1_64' title="bbox 2175 477 3792 614">
    <p class='ocr_par' dir='ltr' id='par_1_64' title="bbox 2175 477 3792 614">
     <span class='ocr_line' id='line_1_64' title="bbox 2175 477 3792 614; baseline 0.002 -64"><span class='ocrx_word' id='word_1_472' title='bbox 2175 503 2391 560; x_wconf 87' lang='lat' dir='ltr'><strong>nantur,</strong></span> <span class='ocrx_word' id='word_1_473' title='bbox 2421 495 2543 564; x_wconf 86' lang='lat' dir='ltr'><strong>quia</strong></span> <span class='ocrx_word' id='word_1_474' title='bbox 2570 495 2698 551; x_wconf 89' lang='lat' dir='ltr'><strong>estis</strong></span> <span class='ocrx_word' id='word_1_475' title='bbox 2728 493 2964 551; x_wconf 68' lang='lat' dir='ltr'><strong>haeretici</strong></span> <span class='ocrx_word' id='word_1_476' title='bbox 2989 511 3005 561; x_wconf 92' lang='lat'><strong>;</strong></span> <span class='ocrx_word' id='word_1_477' title='bbox 3039 503 3240 552; x_wconf 88' lang='lat' dir='ltr'><strong>terrent</strong></span> <span class='ocrx_word' id='word_1_478' title='bbox 3264 512 3358 552; x_wconf 87' lang='lat' dir='ltr'><strong>vos</strong></span> <span class='ocrx_word' id='word_1_479' title='bbox 3389 498 3486 564; x_wconf 90' lang='lat' dir='ltr'><strong>illi,</strong></span> <span class='ocrx_word' id='word_1_480' title='bbox 3512 514 3626 553; x_wconf 91' lang='lat' dir='ltr'><strong>non</strong></span> <span class='ocrx_word' id='word_1_481' title='bbox 3652 515 3764 554; x_wconf 82' lang='lat' dir='ltr'><strong>cru-</strong></span> 
     </span>
     <span class='ocr_line' id='line_1_65' title="bbox 2176 583 3745 614; baseline 0 0"><span class='ocrx_word' id='word_1_482' title='bbox 2176 583 2365 614; x_wconf 61' lang='lat' dir='ltr'><strong>Anne-..</strong></span> <span class='ocrx_word' id='word_1_483' title='bbox 2418 585 2510 614; x_wconf 58' lang='grc' dir='ltr'><strong>,ΑΛ</strong></span> <span class='ocrx_word' id='word_1_484' title='bbox 2556 585 2976 614; x_wconf 63' lang='grc' dir='ltr'><strong>ηέοΑ-Ξηηηιιῖιιι..</strong></span> <span class='ocrx_word' id='word_1_485' title='bbox 3000 603 3013 614; x_wconf 89' lang='grc'>.</span> <span class='ocrx_word' id='word_1_486' title='bbox 3039 600 3130 614; x_wconf 63' lang='grc' dir='ltr'><strong>..ηρ</strong></span> <span class='ocrx_word' id='word_1_487' title='bbox 3166 595 3341 614; x_wconf 66' lang='grc' dir='ltr'>-..ιιι-..ι</span> <span class='ocrx_word' id='word_1_488' title='bbox 3386 603 3494 614; x_wconf 67' lang='grc'><strong>..--</strong></span> <span class='ocrx_word' id='word_1_489' title='bbox 3539 589 3745 614; x_wconf 74' lang='lat' dir='ltr'><strong>l._.:.-_</strong></span> 
     </span>
    </p>
   </div>
   <div class='ocr_carea' id='block_1_65' title="bbox 2175 583 3764 656">
    <p class='ocr_par' dir='ltr' id='par_1_65' title="bbox 2175 583 3764 656">
     <span class='ocr_line' id='line_1_66' title="bbox 2175 583 3764 656; baseline 0.004 -17"><span class='ocrx_word' id='word_1_490' title='bbox 2175 583 2386 652; x_wconf 89' lang='lat' dir='ltr'><strong>deliter,</strong></span> <span class='ocrx_word' id='word_1_491' title='bbox 2417 585 2513 640; x_wconf 90' lang='lat' dir='ltr'><strong>sed</strong></span> <span class='ocrx_word' id='word_1_492' title='bbox 2556 585 3013 642; x_wconf 89' lang='lat' dir='ltr'><strong>misericorditer:</strong></span> <span class='ocrx_word' id='word_1_493' title='bbox 3039 600 3133 642; x_wconf 91' lang='lat' dir='ltr'><strong>vos</strong></span> <span class='ocrx_word' id='word_1_494' title='bbox 3165 595 3344 642; x_wconf 89' lang='lat' dir='ltr'><strong>autem</strong></span> <span class='ocrx_word' id='word_1_495' title='bbox 3385 603 3497 644; x_wconf 89' lang='lat' dir='ltr'><strong>non</strong></span> <span class='ocrx_word' id='word_1_496' title='bbox 3539 589 3764 656; x_wconf 84' lang='lat' dir='ltr'><strong>fortiter,</strong></span> 
     </span>
    </p>
   </div>
   <div class='ocr_carea' id='block_1_66' title="bbox 2172 655 3792 751">
    <p class='ocr_par' dir='ltr' id='par_1_66' title="bbox 2172 655 3792 751">
     <span class='ocr_line' id='line_1_67' title="bbox 2172 655 3792 751; baseline 0.006 -22"><span class='ocrx_word' id='word_1_497' title='bbox 2172 674 2270 730; x_wconf 86' lang='lat' dir='ltr'><strong>sed</strong></span> <span class='ocrx_word' id='word_1_498' title='bbox 2298 676 2638 746; x_wconf 89' lang='lat' dir='ltr'><strong>pertinaciter</strong></span> <span class='ocrx_word' id='word_1_499' title='bbox 2659 693 2765 732; x_wconf 92' lang='lat' dir='ltr'><strong>non</strong></span> <span class='ocrx_word' id='word_1_500' title='bbox 2793 677 3012 733; x_wconf 87' lang='lat' dir='ltr'><strong>timetis.</strong></span> <span class='ocrx_word' id='word_1_501' title='bbox 3045 677 3239 735; x_wconf 77' lang='lat' dir='ltr'><strong>Audite</strong></span> <span class='ocrx_word' id='word_1_502' title='bbox 3275 695 3406 751; x_wconf 89' lang='lat' dir='ltr'><strong>ergo</strong></span> <span class='ocrx_word' id='word_1_503' title='bbox 3434 680 3664 738; x_wconf 84' lang='lat' dir='ltr'><strong>Petrum</strong></span> <span class='ocrx_word' id='word_1_504' title='bbox 3694 655 3792 751; x_wconf 30' lang='lat' dir='ltr'><strong>di-i</strong></span> 
     </span>
    </p>
   </div>
   <div class='ocr_carea' id='block_1_67' title="bbox 2175 745 3792 844">
    <p class='ocr_par' dir='ltr' id='par_1_67' title="bbox 2175 745 3792 844">
     <span class='ocr_line' id='line_1_68' title="bbox 2175 745 3792 844; baseline 0.003 -22"><span class='ocrx_word' id='word_1_505' title='bbox 2175 745 2407 834; x_wconf 88' lang='lat' dir='ltr'><strong>centem,</strong></span> <span class='ocrx_word' id='word_1_506' title='bbox 2441 767 2568 833; x_wconf 67' lang='lat' dir='ltr'><strong>Qua</strong></span> <span class='ocrx_word' id='word_1_507' title='bbox 2586 778 2754 823; x_wconf 88' lang='lat' dir='ltr'><strong>autem</strong></span> <span class='ocrx_word' id='word_1_508' title='bbox 2776 767 2942 841; x_wconf 79' lang='lat' dir='ltr'><strong>gloria</strong></span> <span class='ocrx_word' id='word_1_509' title='bbox 2965 779 3056 835; x_wconf 87' lang='lat' dir='ltr'><strong>est,</strong></span> <span class='ocrx_word' id='word_1_510' title='bbox 3083 769 3130 826; x_wconf 90' lang='lat' dir='ltr'><strong>si</strong></span> <span class='ocrx_word' id='word_1_511' title='bbox 3154 745 3418 839; x_wconf 71' lang='lat' dir='ltr'><strong>peccantes</strong></span> <span class='ocrx_word' id='word_1_512' title='bbox 3438 789 3621 842; x_wconf 71' lang='lat' dir='ltr'><strong>poenas</strong></span> <span class='ocrx_word' id='word_1_513' title='bbox 3642 745 3792 844; x_wconf 80' lang='lat' dir='ltr'><strong>pati-</strong></span> 
     </span>
    </p>
   </div>
   <div class='ocr_carea' id='block_1_68' title="bbox 2176 859 3764 934">
    <p class='ocr_par' dir='ltr' id='par_1_68' title="bbox 2176 859 3764 934">
     <span class='ocr_line' id='line_1_69' title="bbox 2176 859 3764 934; baseline 0.004 -20"><span class='ocrx_word' id='word_1_514' title='bbox 2176 861 2300 914; x_wconf 86' lang='lat' dir='ltr'><strong>mini</strong></span> <span class='ocrx_word' id='word_1_515' title='bbox 2329 860 2387 934; x_wconf 98' lang='grc'><strong>(1</strong></span> <span class='ocrx_word' id='word_1_516' title='bbox 2420 859 2559 916; x_wconf 90' lang='lat' dir='ltr'><strong>Petr.</strong></span> <span class='ocrx_word' id='word_1_517' title='bbox 2583 877 2640 930; x_wconf 91' lang='grc' dir='ltr'>ιι,</span> <span class='ocrx_word' id='word_1_518' title='bbox 2670 861 2818 933; x_wconf 79' lang='lat'><strong>20)?</strong></span> <span class='ocrx_word' id='word_1_519' title='bbox 2859 869 2919 918; x_wconf 92' lang='lat' dir='ltr'><strong>ut</strong></span> <span class='ocrx_word' id='word_1_520' title='bbox 2957 878 3129 930; x_wconf 88' lang='lat' dir='ltr'><strong>neque</strong></span> <span class='ocrx_word' id='word_1_521' title='bbox 3167 863 3254 919; x_wconf 91' lang='lat' dir='ltr'><strong>hic</strong></span> <span class='ocrx_word' id='word_1_522' title='bbox 3282 863 3529 921; x_wconf 86' lang='lat' dir='ltr'><strong>habeatis</strong></span> <span class='ocrx_word' id='word_1_523' title='bbox 3559 874 3764 922; x_wconf 86' lang='lat' dir='ltr'><strong>terrena</strong></span> 
     </span>
    </p>
   </div>
   <div class='ocr_carea' id='block_1_69' title="bbox 2176 951 3792 1032">
    <p class='ocr_par' dir='ltr' id='par_1_69' title="bbox 2176 951 3792 1032">
     <span class='ocr_line' id='line_1_70' title="bbox 2176 951 3792 1032; baseline 0.005 -27"><span class='ocrx_word' id='word_1_524' title='bbox 2176 951 2385 1016; x_wconf 89' lang='lat' dir='ltr'><strong>solatia,</strong></span> <span class='ocrx_word' id='word_1_525' title='bbox 2419 967 2517 1008; x_wconf 88' lang='lat' dir='ltr'><strong>nec</strong></span> <span class='ocrx_word' id='word_1_526' title='bbox 2546 952 2600 1007; x_wconf 95' lang='lat' dir='ltr'><strong>in</strong></span> <span class='ocrx_word' id='word_1_527' title='bbox 2630 951 2810 1008; x_wconf 82' lang='lat' dir='ltr'><strong>futuro</strong></span> <span class='ocrx_word' id='word_1_528' title='bbox 2834 954 3034 1010; x_wconf 59' lang='lat' dir='ltr'><strong>saeculo</strong></span> <span class='ocrx_word' id='word_1_529' title='bbox 3065 954 3224 1009; x_wconf 92' lang='lat' dir='ltr'><strong>vitam</strong></span> <span class='ocrx_word' id='word_1_530' title='bbox 3265 964 3527 1011; x_wconf 67' lang='lat' dir='ltr'><strong>aeternam</strong></span> <span class='ocrx_word' id='word_1_531' title='bbox 3553 973 3569 1020; x_wconf 88' lang='lat'><strong>;</strong></span> <span class='ocrx_word' id='word_1_532' title='bbox 3600 957 3695 1012; x_wconf 89' lang='lat' dir='ltr'><strong>sed</strong></span> <span class='ocrx_word' id='word_1_533' title='bbox 3721 967 3764 1013; x_wconf 87' lang='lat' dir='ltr'><strong>et</strong></span> 
     </span>
    </p>
   </div>
   <div class='ocr_carea' id='block_1_70' title="bbox 2176 1040 3759 1118">
    <p class='ocr_par' dir='ltr' id='par_1_70' title="bbox 2176 1040 3759 1118">
     <span class='ocr_line' id='line_1_71' title="bbox 2176 1040 3759 1118; baseline 0.005 -21"><span class='ocrx_word' id='word_1_534' title='bbox 2176 1040 2264 1097; x_wconf 91' lang='lat' dir='ltr'><strong>hic</strong></span> <span class='ocrx_word' id='word_1_535' title='bbox 2309 1043 2578 1113; x_wconf 78' lang='lat' dir='ltr'><strong>angustias</strong></span> <span class='ocrx_word' id='word_1_536' title='bbox 2624 1043 2946 1110; x_wconf 83' lang='lat' dir='ltr'><strong>infelicium,</strong></span> <span class='ocrx_word' id='word_1_537' title='bbox 2979 1054 3035 1102; x_wconf 91' lang='lat' dir='ltr'><strong>et</strong></span> <span class='ocrx_word' id='word_1_538' title='bbox 3071 1044 3142 1100; x_wconf 85' lang='lat' dir='ltr'><strong>ibi</strong></span> <span class='ocrx_word' id='word_1_539' title='bbox 3177 1044 3452 1118; x_wconf 78' lang='lat' dir='ltr'><strong>gehennae</strong></span> <span class='ocrx_word' id='word_1_540' title='bbox 3483 1046 3759 1105; x_wconf 65' lang='lat' dir='ltr'><strong>haeretico-</strong></span> 
     </span>
    </p>
   </div>
   <div class='ocr_carea' id='block_1_71' title="bbox 2176 1134 3792 1216">
    <p class='ocr_par' dir='ltr' id='par_1_71' title="bbox 2176 1134 3792 1216">
     <span class='ocr_line' id='line_1_72' title="bbox 2176 1134 3792 1216; baseline 0.005 -28"><span class='ocrx_word' id='word_1_541' title='bbox 2176 1134 2340 1189; x_wconf 83' lang='lat' dir='ltr'><strong>rum?</strong></span> <span class='ocrx_word' id='word_1_542' title='bbox 2363 1135 2524 1190; x_wconf 82' lang='lat' dir='ltr'><strong>Vides</strong></span> <span class='ocrx_word' id='word_1_543' title='bbox 2548 1150 2675 1206; x_wconf 90' lang='lat' dir='ltr'><strong>ergo</strong></span> <span class='ocrx_word' id='word_1_544' title='bbox 2700 1143 2778 1202; x_wconf 91' lang='lat' dir='ltr'><strong>tu,</strong></span> <span class='ocrx_word' id='word_1_545' title='bbox 2811 1135 2998 1202; x_wconf 81' lang='lat' dir='ltr'><strong>frater,</strong></span> <span class='ocrx_word' id='word_1_546' title='bbox 3031 1152 3152 1192; x_wconf 91' lang='lat' dir='ltr'><strong>cum</strong></span> <span class='ocrx_word' id='word_1_547' title='bbox 3181 1153 3289 1209; x_wconf 90' lang='lat' dir='ltr'><strong>quo</strong></span> <span class='ocrx_word' id='word_1_548' title='bbox 3324 1139 3456 1194; x_wconf 90' lang='lat' dir='ltr'><strong>mihi</strong></span> <span class='ocrx_word' id='word_1_549' title='bbox 3507 1155 3655 1197; x_wconf 88' lang='lat' dir='ltr'><strong>nunc</strong></span> <span class='ocrx_word' id='word_1_550' title='bbox 3688 1157 3758 1198; x_wconf 73' lang='lat' dir='ltr'><strong>res</strong></span> 
     </span>
    </p>
   </div>
   <div class='ocr_carea' id='block_1_72' title="bbox 2176 1226 3756 1296">
    <p class='ocr_par' dir='ltr' id='par_1_72' title="bbox 2176 1226 3756 1296">
     <span class='ocr_line' id='line_1_73' title="bbox 2176 1226 3756 1296; baseline 0.005 -15"><span class='ocrx_word' id='word_1_551' title='bbox 2176 1233 2279 1291; x_wconf 90' lang='lat' dir='ltr'><strong>est,</strong></span> <span class='ocrx_word' id='word_1_552' title='bbox 2319 1226 2467 1296; x_wconf 90' lang='lat' dir='ltr'><strong>prius</strong></span> <span class='ocrx_word' id='word_1_553' title='bbox 2511 1235 2564 1282; x_wconf 87' lang='lat' dir='ltr'><strong>te</strong></span> <span class='ocrx_word' id='word_1_554' title='bbox 2599 1226 2797 1284; x_wconf 89' lang='lat' dir='ltr'><strong>debere</strong></span> <span class='ocrx_word' id='word_1_555' title='bbox 2839 1229 3126 1285; x_wconf 86' lang='lat' dir='ltr'><strong>ostendere</strong></span> <span class='ocrx_word' id='word_1_556' title='bbox 3172 1238 3351 1286; x_wconf 91' lang='lat' dir='ltr'><strong>utrum</strong></span> <span class='ocrx_word' id='word_1_557' title='bbox 3402 1241 3595 1289; x_wconf 88' lang='lat' dir='ltr'><strong>teneas</strong></span> <span class='ocrx_word' id='word_1_558' title='bbox 3634 1237 3756 1290; x_wconf 87' lang='lat' dir='ltr'><strong>veri-</strong></span> 
     </span>
    </p>
   </div>
   <div class='ocr_carea' id='block_1_73' title="bbox 2177 1319 3770 1395">
    <p class='ocr_par' dir='ltr' id='par_1_73' title="bbox 2177 1319 3770 1395">
     <span class='ocr_line' id='line_1_74' title="bbox 2177 1319 3770 1395; baseline 0.009 -25"><span class='ocrx_word' id='word_1_559' title='bbox 2177 1323 2362 1384; x_wconf 88' lang='lat' dir='ltr'><strong>tatem,</strong></span> <span class='ocrx_word' id='word_1_560' title='bbox 2386 1327 2443 1374; x_wconf 91' lang='lat' dir='ltr'><strong>et</strong></span> <span class='ocrx_word' id='word_1_561' title='bbox 2470 1326 2597 1376; x_wconf 87' lang='lat' dir='ltr'><strong>tunc</strong></span> <span class='ocrx_word' id='word_1_562' title='bbox 2623 1319 2892 1376; x_wconf 81' lang='lat' dir='ltr'><strong>exhortari</strong></span> <span class='ocrx_word' id='word_1_563' title='bbox 2925 1320 3169 1378; x_wconf 89' lang='lat' dir='ltr'><strong>homines</strong></span> <span class='ocrx_word' id='word_1_564' title='bbox 3187 1363 3205 1390; x_wconf 96' lang='lat'><strong>,</strong></span> <span class='ocrx_word' id='word_1_565' title='bbox 3236 1331 3296 1378; x_wconf 91' lang='lat' dir='ltr'><strong>ut</strong></span> <span class='ocrx_word' id='word_1_566' title='bbox 3323 1340 3422 1395; x_wconf 89' lang='lat' dir='ltr'><strong>pro</strong></span> <span class='ocrx_word' id='word_1_567' title='bbox 3443 1341 3512 1381; x_wconf 90' lang='lat' dir='ltr'><strong>ea</strong></span> <span class='ocrx_word' id='word_1_568' title='bbox 3544 1327 3770 1384; x_wconf 78' lang='lat' dir='ltr'><strong>tenenda</strong></span> 
     </span>
    </p>
   </div>
   <div class='ocr_carea' id='block_1_74' title="bbox 2177 1409 3766 1487">
    <p class='ocr_par' dir='ltr' id='par_1_74' title="bbox 2177 1409 3766 1487">
     <span class='ocr_line' id='line_1_75' title="bbox 2177 1409 3766 1487; baseline 0.006 -23"><span class='ocrx_word' id='word_1_569' title='bbox 2177 1409 2346 1480; x_wconf 90' lang='lat' dir='ltr'><strong>parati</strong></span> <span class='ocrx_word' id='word_1_570' title='bbox 2374 1409 2482 1465; x_wconf 84' lang='lat' dir='ltr'><strong>sint</strong></span> <span class='ocrx_word' id='word_1_571' title='bbox 2509 1425 2695 1468; x_wconf 86' lang='lat' dir='ltr'><strong>carere</strong></span> <span class='ocrx_word' id='word_1_572' title='bbox 2726 1413 2973 1469; x_wconf 90' lang='lat' dir='ltr'><strong>omnibus</strong></span> <span class='ocrx_word' id='word_1_573' title='bbox 3001 1430 3119 1484; x_wconf 72' lang='lat' dir='ltr'><strong>qute</strong></span> <span class='ocrx_word' id='word_1_574' title='bbox 3151 1418 3522 1487; x_wconf 88' lang='lat' dir='ltr'><strong>temporaliter</strong></span> <span class='ocrx_word' id='word_1_575' title='bbox 3544 1428 3728 1476; x_wconf 88' lang='lat' dir='ltr'><strong>tenent</strong></span> <span class='ocrx_word' id='word_1_576' title='bbox 3755 1440 3766 1473; x_wconf 93' lang='lat'>:</span> 
     </span>
    </p>
   </div>
   <div class='ocr_carea' id='block_1_75' title="bbox 2177 1503 3792 1584">
    <p class='ocr_par' dir='ltr' id='par_1_75' title="bbox 2177 1503 3792 1584">
     <span class='ocr_line' id='line_1_76' title="bbox 2177 1503 3792 1584; baseline 0.006 -25"><span class='ocrx_word' id='word_1_577' title='bbox 2177 1518 2299 1560; x_wconf 90' lang='lat' dir='ltr'><strong>cum</strong></span> <span class='ocrx_word' id='word_1_578' title='bbox 2325 1503 2429 1561; x_wconf 90' lang='lat' dir='ltr'><strong>hoc</strong></span> <span class='ocrx_word' id='word_1_579' title='bbox 2448 1519 2555 1560; x_wconf 92' lang='lat' dir='ltr'><strong>non</strong></span> <span class='ocrx_word' id='word_1_580' title='bbox 2579 1505 2864 1572; x_wconf 88' lang='lat' dir='ltr'><strong>ostendas;</strong></span> <span class='ocrx_word' id='word_1_581' title='bbox 2893 1507 3016 1578; x_wconf 90' lang='lat' dir='ltr'><strong>quia</strong></span> <span class='ocrx_word' id='word_1_582' title='bbox 3039 1523 3143 1563; x_wconf 93' lang='lat' dir='ltr'><strong>non</strong></span> <span class='ocrx_word' id='word_1_583' title='bbox 3189 1518 3376 1578; x_wconf 89' lang='lat' dir='ltr'><strong>potes;</strong></span> <span class='ocrx_word' id='word_1_584' title='bbox 3399 1527 3510 1567; x_wconf 92' lang='lat' dir='ltr'><strong>non</strong></span> <span class='ocrx_word' id='word_1_585' title='bbox 3541 1514 3666 1584; x_wconf 87' lang='lat' dir='ltr'><strong>quia</strong></span> <span class='ocrx_word' id='word_1_586' title='bbox 3693 1514 3766 1568; x_wconf 90' lang='lat' dir='ltr'><strong>in-</strong></span> 
     </span>
    </p>
   </div>
   <div class='ocr_carea' id='block_1_76' title="bbox 2177 1595 3768 1670">
    <p class='ocr_par' dir='ltr' id='par_1_76' title="bbox 2177 1595 3768 1670">
     <span class='ocr_line' id='line_1_77' title="bbox 2177 1595 3768 1670; baseline 0.008 -19"><span class='ocrx_word' id='word_1_587' title='bbox 2177 1596 2389 1667; x_wconf 88' lang='lat' dir='ltr'><strong>genium</strong></span> <span class='ocrx_word' id='word_1_588' title='bbox 2415 1595 2604 1663; x_wconf 89' lang='lat' dir='ltr'><strong>deest,</strong></span> <span class='ocrx_word' id='word_1_589' title='bbox 2631 1597 2727 1653; x_wconf 90' lang='lat' dir='ltr'><strong>sed</strong></span> <span class='ocrx_word' id='word_1_590' title='bbox 2757 1597 2881 1668; x_wconf 88' lang='lat' dir='ltr'><strong>quia</strong></span> <span class='ocrx_word' id='word_1_591' title='bbox 2907 1599 3047 1654; x_wconf 88' lang='lat' dir='ltr'><strong>mala</strong></span> <span class='ocrx_word' id='word_1_592' title='bbox 3074 1614 3234 1656; x_wconf 88' lang='lat' dir='ltr'><strong>causa</strong></span> <span class='ocrx_word' id='word_1_593' title='bbox 3269 1610 3386 1670; x_wconf 88' lang='lat' dir='ltr'><strong>est;</strong></span> <span class='ocrx_word' id='word_1_594' title='bbox 3417 1619 3520 1660; x_wconf 91' lang='lat' dir='ltr'><strong>cur</strong></span> <span class='ocrx_word' id='word_1_595' title='bbox 3546 1603 3768 1663; x_wconf 80' lang='lat' dir='ltr'><strong>festinas</strong></span> 
     </span>
    </p>
   </div>
   <div class='ocr_carea' id='block_1_77' title="bbox 2179 1689 3766 1755">
    <p class='ocr_par' dir='ltr' id='par_1_77' title="bbox 2179 1689 3766 1755">
     <span class='ocr_line' id='line_1_78' title="bbox 2179 1689 3766 1755; baseline 0.006 -9"><span class='ocrx_word' id='word_1_596' title='bbox 2179 1689 2640 1747; x_wconf 80' lang='lat' dir='ltr'><strong>exhortationibus</strong></span> <span class='ocrx_word' id='word_1_597' title='bbox 2661 1691 2765 1746; x_wconf 90' lang='lat' dir='ltr'><strong>tuis</strong></span> <span class='ocrx_word' id='word_1_598' title='bbox 2790 1691 2965 1748; x_wconf 90' lang='lat' dir='ltr'><strong>facere</strong></span> <span class='ocrx_word' id='word_1_599' title='bbox 2997 1692 3239 1749; x_wconf 90' lang='lat' dir='ltr'><strong>homines</strong></span> <span class='ocrx_word' id='word_1_600' title='bbox 3277 1704 3332 1750; x_wconf 90' lang='lat' dir='ltr'><strong>et</strong></span> <span class='ocrx_word' id='word_1_601' title='bbox 3356 1696 3646 1754; x_wconf 87' lang='lat' dir='ltr'><strong>mendicos</strong></span> <span class='ocrx_word' id='word_1_602' title='bbox 3672 1700 3688 1731; x_wconf 80' lang='grc'>⁸</span> <span class='ocrx_word' id='word_1_603' title='bbox 3718 1709 3766 1755; x_wconf 88' lang='lat' dir='ltr'><strong>et</strong></span> 
     </span>
    </p>
   </div>
   <div class='ocr_carea' id='block_1_78' title="bbox 2178 1775 3792 1858">
    <p class='ocr_par' dir='ltr' id='par_1_78' title="bbox 2178 1775 3792 1858">
     <span class='ocr_line' id='line_1_79' title="bbox 2178 1775 3792 1858; baseline 0.006 -17"><span class='ocrx_word' id='word_1_604' title='bbox 2178 1785 2474 1856; x_wconf 88' lang='lat' dir='ltr'><strong>imperitos,</strong></span> <span class='ocrx_word' id='word_1_605' title='bbox 2501 1794 2556 1842; x_wconf 89' lang='lat' dir='ltr'><strong>et</strong></span> <span class='ocrx_word' id='word_1_606' title='bbox 2579 1795 2799 1856; x_wconf 78' lang='lat' dir='ltr'><strong>egentes</strong></span> <span class='ocrx_word' id='word_1_607' title='bbox 2829 1794 2884 1842; x_wconf 88' lang='lat' dir='ltr'><strong>et</strong></span> <span class='ocrx_word' id='word_1_608' title='bbox 2907 1797 3169 1855; x_wconf 89' lang='lat' dir='ltr'><strong>errantes,</strong></span> <span class='ocrx_word' id='word_1_609' title='bbox 3192 1796 3246 1845; x_wconf 90' lang='lat' dir='ltr'><strong>et</strong></span> <span class='ocrx_word' id='word_1_610' title='bbox 3264 1804 3538 1858; x_wconf 87' lang='lat' dir='ltr'><strong>pannosos</strong></span> <span class='ocrx_word' id='word_1_611' title='bbox 3563 1801 3622 1849; x_wconf 92' lang='lat' dir='ltr'><strong>et</strong></span> <span class='ocrx_word' id='word_1_612' title='bbox 3639 1775 3792 1850; x_wconf 78' lang='lat' dir='ltr'><strong>con-I</strong></span> 
     </span>
    </p>
   </div>
   <div class='ocr_carea' id='block_1_79' title="bbox 2180 1869 3792 1945">
    <p class='ocr_par' dir='ltr' id='par_1_79' title="bbox 2180 1869 3792 1945">
     <span class='ocr_line' id='line_1_80' title="bbox 2180 1869 3792 1945; baseline 0.006 -14"><span class='ocrx_word' id='word_1_613' title='bbox 2180 1877 2461 1940; x_wconf 89' lang='lat' dir='ltr'><strong>tentiosos,</strong></span> <span class='ocrx_word' id='word_1_614' title='bbox 2491 1885 2546 1934; x_wconf 94' lang='lat' dir='ltr'><strong>et</strong></span> <span class='ocrx_word' id='word_1_615' title='bbox 2569 1877 2844 1934; x_wconf 82' lang='lat' dir='ltr'><strong>famelicos</strong></span> <span class='ocrx_word' id='word_1_616' title='bbox 2867 1888 2921 1934; x_wconf 93' lang='lat' dir='ltr'><strong>et</strong></span> <span class='ocrx_word' id='word_1_617' title='bbox 2944 1878 3257 1945; x_wconf 83' lang='lat' dir='ltr'><strong>haereticos,</strong></span> <span class='ocrx_word' id='word_1_618' title='bbox 3283 1881 3418 1938; x_wconf 90' lang='lat' dir='ltr'><strong>etin</strong></span> <span class='ocrx_word' id='word_1_619' title='bbox 3443 1882 3549 1940; x_wconf 86' lang='lat' dir='ltr'><strong>hoc</strong></span> <span class='ocrx_word' id='word_1_620' title='bbox 3569 1869 3792 1941; x_wconf 63' lang='lat' dir='ltr'><strong>seculoE</strong></span> 
     </span>
    </p>
   </div>
   <div class='ocr_carea' id='block_1_80' title="bbox 2180 1957 3792 2046">
    <p class='ocr_par' dir='ltr' id='par_1_80' title="bbox 2180 1957 3792 2046">
     <span class='ocr_line' id='line_1_81' title="bbox 2180 1957 3792 2046; baseline -0.012 3"><span class='ocrx_word' id='word_1_621' title='bbox 2180 1969 2319 2026; x_wconf 74' lang='lat' dir='ltr'><strong>bona</strong></span> <span class='ocrx_word' id='word_1_622' title='bbox 2350 1970 2661 2040; x_wconf 69' lang='lat' dir='ltr'><strong>temporalia</strong></span> <span class='ocrx_word' id='word_1_623' title='bbox 2690 1971 2980 2041; x_wconf 85' lang='lat' dir='ltr'><strong>perdentes</strong></span> <span class='ocrx_word' id='word_1_624' title='bbox 3008 1980 3062 2027; x_wconf 86' lang='lat' dir='ltr'><strong>et</strong></span> <span class='ocrx_word' id='word_1_625' title='bbox 3090 1969 3143 2026; x_wconf 94' lang='lat' dir='ltr'><strong>in</strong></span> <span class='ocrx_word' id='word_1_626' title='bbox 3179 1971 3373 2028; x_wconf 89' lang='lat' dir='ltr'><strong>Christi</strong></span> <span class='ocrx_word' id='word_1_627' title='bbox 3399 1973 3610 2045; x_wconf 88' lang='lat' dir='ltr'><strong>judicio</strong></span> <span class='ocrx_word' id='word_1_628' title='bbox 3636 1957 3792 2046; x_wconf 28' lang='lat' dir='ltr'><strong>mala?</strong></span> 
     </span>
    </p>
   </div>
   <div class='ocr_carea' id='block_1_81' title="bbox 2179 2059 3792 2136">
    <p class='ocr_par' dir='ltr' id='par_1_81' title="bbox 2179 2059 3792 2136">
     <span class='ocr_line' id='line_1_82' title="bbox 2179 2059 3792 2136; baseline 0.003 -19"><span class='ocrx_word' id='word_1_629' title='bbox 2179 2071 2379 2118; x_wconf 56' lang='lat' dir='ltr'><strong>aeterna</strong></span> <span class='ocrx_word' id='word_1_630' title='bbox 2405 2062 2773 2118; x_wconf 84' lang='lat' dir='ltr'><strong>invenientes?</strong></span> <span class='ocrx_word' id='word_1_631' title='bbox 2792 2060 2994 2118; x_wconf 90' lang='lat' dir='ltr'><strong>Cautus</strong></span> <span class='ocrx_word' id='word_1_632' title='bbox 3017 2072 3195 2119; x_wconf 89' lang='lat' dir='ltr'><strong>autem</strong></span> <span class='ocrx_word' id='word_1_633' title='bbox 3223 2063 3382 2130; x_wconf 85' lang='lat' dir='ltr'><strong>filius,</strong></span> <span class='ocrx_word' id='word_1_634' title='bbox 3409 2065 3501 2136; x_wconf 91' lang='lat' dir='ltr'><strong>qui</strong></span> <span class='ocrx_word' id='word_1_635' title='bbox 3533 2059 3792 2123; x_wconf 76' lang='lat' dir='ltr'><strong>timendoI</strong></span> 
     </span>
    </p>
   </div>
   <div class='ocr_carea' id='block_1_82' title="bbox 2179 2147 3792 2230">
    <p class='ocr_par' dir='ltr' id='par_1_82' title="bbox 2179 2147 3792 2230">
     <span class='ocr_line' id='line_1_83' title="bbox 2179 2147 3792 2230; baseline 0.002 -21"><span class='ocrx_word' id='word_1_636' title='bbox 2179 2153 2444 2225; x_wconf 83' lang='lat' dir='ltr'><strong>ﬂagellum</strong></span> <span class='ocrx_word' id='word_1_637' title='bbox 2476 2153 2642 2226; x_wconf 90' lang='lat' dir='ltr'><strong>patris</strong></span> <span class='ocrx_word' id='word_1_638' title='bbox 2662 2153 2866 2212; x_wconf 91' lang='lat' dir='ltr'><strong>recedit</strong></span> <span class='ocrx_word' id='word_1_639' title='bbox 2889 2169 2920 2210; x_wconf 91' lang='lat' dir='ltr'><strong>a</strong></span> <span class='ocrx_word' id='word_1_640' title='bbox 2944 2154 3107 2210; x_wconf 91' lang='lat' dir='ltr'><strong>cubili</strong></span> <span class='ocrx_word' id='word_1_641' title='bbox 3137 2157 3401 2226; x_wconf 86' lang='lat' dir='ltr'><strong>serpentis</strong></span> <span class='ocrx_word' id='word_1_642' title='bbox 3422 2199 3437 2220; x_wconf 88' lang='lat'><strong>,</strong></span> <span class='ocrx_word' id='word_1_643' title='bbox 3479 2173 3586 2214; x_wconf 92' lang='lat' dir='ltr'><strong>nec</strong></span> <span class='ocrx_word' id='word_1_644' title='bbox 3611 2147 3792 2230; x_wconf 45' lang='lat' dir='ltr'><strong>vapu-5</strong></span> 
     </span>
    </p>
   </div>
   <div class='ocr_carea' id='block_1_83' title="bbox 2180 2244 3768 2320">
    <p class='ocr_par' dir='ltr' id='par_1_83' title="bbox 2180 2244 3768 2320">
     <span class='ocr_line' id='line_1_84' title="bbox 2180 2244 3768 2320; baseline 0.003 -21"><span class='ocrx_word' id='word_1_645' title='bbox 2180 2245 2272 2308; x_wconf 89' lang='lat' dir='ltr'><strong>lat,</strong></span> <span class='ocrx_word' id='word_1_646' title='bbox 2302 2260 2404 2300; x_wconf 91' lang='lat' dir='ltr'><strong>nec</strong></span> <span class='ocrx_word' id='word_1_647' title='bbox 2431 2245 2588 2316; x_wconf 89' lang='lat' dir='ltr'><strong>perit.</strong></span> <span class='ocrx_word' id='word_1_648' title='bbox 2613 2244 2713 2312; x_wconf 87' lang='lat' dir='ltr'><strong>Qui</strong></span> <span class='ocrx_word' id='word_1_649' title='bbox 2739 2253 2917 2301; x_wconf 90' lang='lat' dir='ltr'><strong>autem</strong></span> <span class='ocrx_word' id='word_1_650' title='bbox 2944 2244 3160 2301; x_wconf 90' lang='lat' dir='ltr'><strong>dolores</strong></span> <span class='ocrx_word' id='word_1_651' title='bbox 3178 2244 3472 2316; x_wconf 67' lang='lat' dir='ltr'><strong>disciplina:</strong></span> <span class='ocrx_word' id='word_1_652' title='bbox 3491 2263 3610 2320; x_wconf 71' lang='lat' dir='ltr'><strong>pra:</strong></span> <span class='ocrx_word' id='word_1_653' title='bbox 3632 2251 3654 2280; x_wconf 82' lang='grc'>²</span> <span class='ocrx_word' id='word_1_654' title='bbox 3678 2265 3768 2304; x_wconf 88' lang='lat' dir='ltr'><strong>sua</strong></span> 
     </span>
    </p>
   </div>
   <div class='ocr_carea' id='block_1_84' title="bbox 2179 2337 3767 2414">
    <p class='ocr_par' dir='ltr' id='par_1_84' title="bbox 2179 2337 3767 2414">
     <span class='ocr_line' id='line_1_85' title="bbox 2179 2337 3767 2414; baseline 0.004 -22"><span class='ocrx_word' id='word_1_655' title='bbox 2179 2337 2476 2409; x_wconf 85' lang='lat' dir='ltr'><strong>perniciosa</strong></span> <span class='ocrx_word' id='word_1_656' title='bbox 2503 2337 2777 2394; x_wconf 89' lang='lat' dir='ltr'><strong>voluntate</strong></span> <span class='ocrx_word' id='word_1_657' title='bbox 2797 2337 3094 2395; x_wconf 87' lang='lat' dir='ltr'><strong>contemnit</strong></span> <span class='ocrx_word' id='word_1_658' title='bbox 3113 2379 3128 2404; x_wconf 87' lang='lat'><strong>,</strong></span> <span class='ocrx_word' id='word_1_659' title='bbox 3173 2346 3229 2394; x_wconf 91' lang='lat' dir='ltr'><strong>et</strong></span> <span class='ocrx_word' id='word_1_660' title='bbox 3255 2340 3492 2410; x_wconf 89' lang='lat' dir='ltr'><strong>vapulat,</strong></span> <span class='ocrx_word' id='word_1_661' title='bbox 3525 2350 3587 2398; x_wconf 87' lang='lat' dir='ltr'><strong>et</strong></span> <span class='ocrx_word' id='word_1_662' title='bbox 3613 2344 3767 2414; x_wconf 86' lang='lat' dir='ltr'><strong>perit.</strong></span> 
     </span>
    </p>
   </div>
   <div class='ocr_carea' id='block_1_85' title="bbox 2178 2427 3792 2506">
    <p class='ocr_par' dir='ltr' id='par_1_85' title="bbox 2178 2427 3792 2506">
     <span class='ocr_line' id='line_1_86' title="bbox 2178 2427 3792 2506; baseline 0.001 -22"><span class='ocrx_word' id='word_1_663' title='bbox 2178 2428 2294 2484; x_wconf 88' lang='lat' dir='ltr'><strong>Jam</strong></span> <span class='ocrx_word' id='word_1_664' title='bbox 2323 2443 2428 2485; x_wconf 91' lang='lat' dir='ltr'><strong>non</strong></span> <span class='ocrx_word' id='word_1_665' title='bbox 2459 2428 2731 2502; x_wconf 84' lang='lat' dir='ltr'><strong>intelligis,</strong></span> <span class='ocrx_word' id='word_1_666' title='bbox 2761 2429 2844 2484; x_wconf 89' lang='lat' dir='ltr'><strong>vir</strong></span> <span class='ocrx_word' id='word_1_667' title='bbox 2868 2429 3088 2496; x_wconf 90' lang='lat' dir='ltr'><strong>diserte,</strong></span> <span class='ocrx_word' id='word_1_668' title='bbox 3117 2430 3369 2502; x_wconf 90' lang='lat' dir='ltr'><strong>quoniam</strong></span> <span class='ocrx_word' id='word_1_669' title='bbox 3397 2433 3488 2504; x_wconf 87' lang='lat' dir='ltr'><strong>qui</strong></span> <span class='ocrx_word' id='word_1_670' title='bbox 3521 2449 3622 2504; x_wconf 91' lang='lat' dir='ltr'><strong>pro</strong></span> <span class='ocrx_word' id='word_1_671' title='bbox 3643 2427 3792 2506; x_wconf 63' lang='lat' dir='ltr'><strong>pace?</strong></span> 
     </span>
    </p>
   </div>
   <div class='ocr_carea' id='block_1_86' title="bbox 2179 2518 3792 2598">
    <p class='ocr_par' dir='ltr' id='par_1_86' title="bbox 2179 2518 3792 2598">
     <span class='ocr_line' id='line_1_87' title="bbox 2179 2518 3792 2598; baseline 0.004 -23"><span class='ocrx_word' id='word_1_672' title='bbox 2179 2518 2374 2575; x_wconf 90' lang='lat' dir='ltr'><strong>Christi</strong></span> <span class='ocrx_word' id='word_1_673' title='bbox 2402 2519 2652 2576; x_wconf 91' lang='lat' dir='ltr'><strong>omnibus</strong></span> <span class='ocrx_word' id='word_1_674' title='bbox 2683 2521 2910 2577; x_wconf 89' lang='lat' dir='ltr'><strong>terrenis</strong></span> <span class='ocrx_word' id='word_1_675' title='bbox 2945 2521 3199 2589; x_wconf 91' lang='lat' dir='ltr'><strong>caruerit,</strong></span> <span class='ocrx_word' id='word_1_676' title='bbox 3239 2521 3410 2580; x_wconf 87' lang='lat' dir='ltr'><strong>Deum</strong></span> <span class='ocrx_word' id='word_1_677' title='bbox 3449 2523 3655 2585; x_wconf 88' lang='lat' dir='ltr'><strong>habet:</strong></span> <span class='ocrx_word' id='word_1_678' title='bbox 3685 2523 3792 2598; x_wconf 41' lang='lat' dir='ltr'><strong>qui?</strong></span> 
     </span>
    </p>
   </div>
   <div class='ocr_carea' id='block_1_87' title="bbox 2178 2613 3792 2690">
    <p class='ocr_par' dir='ltr' id='par_1_87' title="bbox 2178 2613 3792 2690">
     <span class='ocr_line' id='line_1_88' title="bbox 2178 2613 3792 2690; baseline 0.007 -24"><span class='ocrx_word' id='word_1_679' title='bbox 2178 2618 2354 2667; x_wconf 89' lang='lat' dir='ltr'><strong>autem</strong></span> <span class='ocrx_word' id='word_1_680' title='bbox 2377 2625 2474 2681; x_wconf 92' lang='lat' dir='ltr'><strong>pro</strong></span> <span class='ocrx_word' id='word_1_681' title='bbox 2500 2620 2651 2682; x_wconf 90' lang='lat' dir='ltr'><strong>parte</strong></span> <span class='ocrx_word' id='word_1_682' title='bbox 2677 2613 2865 2669; x_wconf 89' lang='lat' dir='ltr'><strong>Donati</strong></span> <span class='ocrx_word' id='word_1_683' title='bbox 2888 2614 2973 2670; x_wconf 92' lang='lat' dir='ltr'><strong>vel</strong></span> <span class='ocrx_word' id='word_1_684' title='bbox 2997 2629 3200 2686; x_wconf 86' lang='lat' dir='ltr'><strong>paucos</strong></span> <span class='ocrx_word' id='word_1_685' title='bbox 3230 2631 3481 2675; x_wconf 90' lang='lat' dir='ltr'><strong>nummos</strong></span> <span class='ocrx_word' id='word_1_686' title='bbox 3518 2620 3792 2690; x_wconf 46' lang='lat' dir='ltr'><strong>perdides</strong></span> 
     </span>
    </p>
   </div>
   <div class='ocr_carea' id='block_1_88' title="bbox 2179 2702 3792 2770">
    <p class='ocr_par' dir='ltr' id='par_1_88' title="bbox 2179 2702 3792 2770">
     <span class='ocr_line' id='line_1_89' title="bbox 2179 2702 3792 2770; baseline 0.001 -12"><span class='ocrx_word' id='word_1_687' title='bbox 2179 2702 2267 2770; x_wconf 90' lang='lat' dir='ltr'><strong>rit,</strong></span> <span class='ocrx_word' id='word_1_688' title='bbox 2299 2717 2392 2760; x_wconf 91' lang='lat' dir='ltr'><strong>cor</strong></span> <span class='ocrx_word' id='word_1_689' title='bbox 2416 2719 2524 2760; x_wconf 90' lang='lat' dir='ltr'><strong>non</strong></span> <span class='ocrx_word' id='word_1_690' title='bbox 2553 2703 2716 2760; x_wconf 90' lang='lat' dir='ltr'><strong>habet</strong></span> <span class='ocrx_word' id='word_1_691' title='bbox 2737 2704 2778 2758; x_wconf 85' lang='grc'><strong>⁸.</strong></span> <span class='ocrx_word' id='word_1_692' title='bbox 3790 2703 3792 2740; x_wconf 72' lang='grc' dir='ltr'><em>τ</em></span> 
     </span>
    </p>
   </div>
   <div class='ocr_carea' id='block_1_89' title="bbox 2248 2794 3766 2862">
    <p class='ocr_par' dir='ltr' id='par_1_89' title="bbox 2248 2794 3766 2862">
     <span class='ocr_line' id='line_1_90' title="bbox 2248 2794 3766 2862; baseline 0.009 -12"><span class='ocrx_word' id='word_1_693' title='bbox 2248 2794 2475 2853; x_wconf 83' lang='lat' dir='ltr'><strong>CAPUT</strong></span> <span class='ocrx_word' id='word_1_694' title='bbox 2511 2795 2698 2853; x_wconf 78' lang='lat' dir='ltr'><strong>XCIX.</strong></span> <span class='ocrx_word' id='word_1_695' title='bbox 2734 2828 2796 2838; x_wconf 94' lang='lat'><em>—</em></span> <span class='ocrx_word' id='word_1_696' title='bbox 2831 2797 2957 2854; x_wconf 83' lang='lat'><strong>227.</strong></span> <span class='ocrx_word' id='word_1_697' title='bbox 2999 2799 3188 2856; x_wconf 77' lang='lat' dir='ltr'><strong>PETIL.</strong></span> <span class='ocrx_word' id='word_1_698' title='bbox 3237 2799 3374 2858; x_wconf 88' lang='lat' dir='ltr'><strong>dixit</strong></span> <span class='ocrx_word' id='word_1_699' title='bbox 3406 2820 3420 2856; x_wconf 92' lang='lat'><strong>:</strong></span> <span class='ocrx_word' id='word_1_700' title='bbox 3457 2803 3574 2861; x_wconf 87' lang='lat' dir='ltr'><strong>Nos</strong></span> <span class='ocrx_word' id='word_1_701' title='bbox 3603 2818 3766 2862; x_wconf 68' lang='lat' dir='ltr'><strong>unum</strong></span> 
     </span>
    </p>
   </div>
   <div class='ocr_carea' id='block_1_90' title="bbox 2179 2887 3764 2962">
    <p class='ocr_par' dir='ltr' id='par_1_90' title="bbox 2179 2887 3764 2962">
     <span class='ocr_line' id='line_1_91' title="bbox 2179 2887 3764 2962; baseline 0.009 -23"><span class='ocrx_word' id='word_1_702' title='bbox 2179 2902 2426 2958; x_wconf 85' lang='lat' dir='ltr'><strong>pauperes</strong></span> <span class='ocrx_word' id='word_1_703' title='bbox 2445 2887 2625 2958; x_wconf 86' lang='lat' dir='ltr'><strong>spiritu</strong></span> <span class='ocrx_word' id='word_1_704' title='bbox 2646 2887 2856 2958; x_wconf 79' lang='lat' dir='ltr'><strong>(Matth.</strong></span> <span class='ocrx_word' id='word_1_705' title='bbox 2881 2906 2939 2956; x_wconf 91' lang='lat' dir='ltr'><strong>v,</strong></span> <span class='ocrx_word' id='word_1_706' title='bbox 2969 2891 3003 2946; x_wconf 77' lang='grc'>5</span> <span class='ocrx_word' id='word_1_707' title='bbox 3023 2891 3064 2962; x_wconf 85' lang='grc'><strong>),</strong></span> <span class='ocrx_word' id='word_1_708' title='bbox 3093 2909 3196 2948; x_wconf 89' lang='lat' dir='ltr'><strong>non</strong></span> <span class='ocrx_word' id='word_1_709' title='bbox 3223 2893 3412 2949; x_wconf 79' lang='lat' dir='ltr'><strong>diuitiis</strong></span> <span class='ocrx_word' id='word_1_710' title='bbox 3436 2897 3707 2952; x_wconf 79' lang='lat' dir='ltr'><strong>metuimus</strong></span> <span class='ocrx_word' id='word_1_711' title='bbox 3729 2899 3764 2962; x_wconf 73' lang='grc'><strong>⁸.</strong></span> 
     </span>
    </p>
   </div>
   <div class='ocr_carea' id='block_1_91' title="bbox 2178 2977 3766 3054">
    <p class='ocr_par' dir='ltr' id='par_1_91' title="bbox 2178 2977 3766 3054">
     <span class='ocr_line' id='line_1_92' title="bbox 2178 2977 3766 3054; baseline 0.008 -23"><span class='ocrx_word' id='word_1_712' title='bbox 2178 2977 2267 3032; x_wconf 87' lang='lat' dir='ltr'><strong>sed</strong></span> <span class='ocrx_word' id='word_1_713' title='bbox 2291 2978 2490 3034; x_wconf 80' lang='lat' dir='ltr'><strong>divitias</strong></span> <span class='ocrx_word' id='word_1_714' title='bbox 2512 2981 2865 3052; x_wconf 87' lang='lat' dir='ltr'><strong>formidamus.</strong></span> <span class='ocrx_word' id='word_1_715' title='bbox 2897 2981 3009 3038; x_wconf 89' lang='lat' dir='ltr'><strong>Nos</strong></span> <span class='ocrx_word' id='word_1_716' title='bbox 3047 2983 3181 3038; x_wconf 80' lang='lat' dir='ltr'><strong>nihil</strong></span> <span class='ocrx_word' id='word_1_717' title='bbox 3206 2984 3445 3042; x_wconf 80' lang='lat' dir='ltr'><strong>habentes</strong></span> <span class='ocrx_word' id='word_1_718' title='bbox 3467 3030 3483 3054; x_wconf 91' lang='lat'><strong>,</strong></span> <span class='ocrx_word' id='word_1_719' title='bbox 3516 2999 3566 3044; x_wconf 89' lang='lat' dir='ltr'><strong>et</strong></span> <span class='ocrx_word' id='word_1_720' title='bbox 3597 2994 3766 3045; x_wconf 84' lang='lat' dir='ltr'><strong>omnia</strong></span> 
     </span>
    </p>
   </div>
   <div class='ocr_carea' id='block_1_92' title="bbox 2179 3069 3792 3150">
    <p class='ocr_par' dir='ltr' id='par_1_92' title="bbox 2179 3069 3792 3150">
     <span class='ocr_line' id='line_1_93' title="bbox 2179 3069 3792 3150; baseline 0.011 -28"><span class='ocrx_word' id='word_1_721' title='bbox 2179 3069 2485 3140; x_wconf 84' lang='lat' dir='ltr'><strong>possidentes</strong></span> <span class='ocrx_word' id='word_1_722' title='bbox 2507 3070 2587 3142; x_wconf 87' lang='grc' dir='ltr'><strong>(ΙΙ</strong></span> <span class='ocrx_word' id='word_1_723' title='bbox 2611 3069 2731 3128; x_wconf 83' lang='lat' dir='ltr'><strong>Cor.</strong></span> <span class='ocrx_word' id='word_1_724' title='bbox 2759 3088 2836 3141; x_wconf 84' lang='lat' dir='ltr'><strong>vt,</strong></span> <span class='ocrx_word' id='word_1_725' title='bbox 2861 3073 2929 3130; x_wconf 77' lang='grc'><strong>10</strong></span> <span class='ocrx_word' id='word_1_726' title='bbox 2946 3072 2989 3147; x_wconf 89' lang='grc'><strong>),</strong></span> <span class='ocrx_word' id='word_1_727' title='bbox 3012 3092 3218 3131; x_wconf 86' lang='lat' dir='ltr'><strong>censum</strong></span> <span class='ocrx_word' id='word_1_728' title='bbox 3242 3081 3467 3135; x_wconf 88' lang='lat' dir='ltr'><strong>animam</strong></span> <span class='ocrx_word' id='word_1_729' title='bbox 3486 3083 3764 3150; x_wconf 83' lang='lat' dir='ltr'><strong>credimus,</strong></span> <span class='ocrx_word' id='word_1_730' title='bbox 3790 3081 3792 3106; x_wconf 91' lang='lat'>&#39;</span> 
     </span>
    </p>
   </div>
   <div class='ocr_carea' id='block_1_93' title="bbox 2178 3164 3792 3239">
    <p class='ocr_par' dir='ltr' id='par_1_93' title="bbox 2178 3164 3792 3239">
     <span class='ocr_line' id='line_1_94' title="bbox 2178 3164 3792 3239; baseline 0.009 -23"><span class='ocrx_word' id='word_1_731' title='bbox 2178 3164 2456 3235; x_wconf 88' lang='lat' dir='ltr'><strong>nostrisque</strong></span> <span class='ocrx_word' id='word_1_732' title='bbox 2481 3165 2640 3235; x_wconf 71' lang='lat' dir='ltr'><strong>poenis</strong></span> <span class='ocrx_word' id='word_1_733' title='bbox 2663 3175 2709 3221; x_wconf 91' lang='lat' dir='ltr'><strong>et</strong></span> <span class='ocrx_word' id='word_1_734' title='bbox 2737 3168 2982 3239; x_wconf 86' lang='lat' dir='ltr'><strong>sanguine</strong></span> <span class='ocrx_word' id='word_1_735' title='bbox 3010 3178 3226 3226; x_wconf 75' lang='lat' dir='ltr'><strong>cateruas</strong></span> <span class='ocrx_word' id='word_1_736' title='bbox 3251 3170 3454 3228; x_wconf 79' lang='lat' dir='ltr'><strong>diuitias</strong></span> <span class='ocrx_word' id='word_1_737' title='bbox 3490 3173 3606 3229; x_wconf 71' lang='lat' dir='ltr'><strong>cali</strong></span> <span class='ocrx_word' id='word_1_738' title='bbox 3630 3193 3765 3230; x_wconf 84' lang='lat' dir='ltr'><strong>mer-</strong></span> <span class='ocrx_word' id='word_1_739' title='bbox 3790 3175 3792 3202; x_wconf 74' lang='grc'><em>⁵</em></span> 
     </span>
    </p>
   </div>
   <div class='ocr_carea' id='block_1_94' title="bbox 2177 3256 3792 3336">
    <p class='ocr_par' dir='ltr' id='par_1_94' title="bbox 2177 3256 3792 3336">
     <span class='ocr_line' id='line_1_95' title="bbox 2177 3256 3792 3336; baseline 0.009 -26"><span class='ocrx_word' id='word_1_740' title='bbox 2177 3273 2371 3310; x_wconf 88' lang='lat' dir='ltr'><strong>camur.</strong></span> <span class='ocrx_word' id='word_1_741' title='bbox 2403 3256 2492 3312; x_wconf 88' lang='lat' dir='ltr'><strong>Sic</strong></span> <span class='ocrx_word' id='word_1_742' title='bbox 2515 3258 2649 3313; x_wconf 87' lang='lat' dir='ltr'><strong>idem</strong></span> <span class='ocrx_word' id='word_1_743' title='bbox 2673 3258 2695 3290; x_wconf 84' lang='grc'><strong><em>⁸</em></strong></span> <span class='ocrx_word' id='word_1_744' title='bbox 2721 3257 2973 3315; x_wconf 86' lang='lat' dir='ltr'><strong>Dominus</strong></span> <span class='ocrx_word' id='word_1_745' title='bbox 2994 3261 3138 3329; x_wconf 84' lang='lat' dir='ltr'><strong>dicit,</strong></span> <span class='ocrx_word' id='word_1_746' title='bbox 3174 3281 3193 3314; x_wconf 78' lang='grc' dir='ltr'><strong>ι</strong></span> <span class='ocrx_word' id='word_1_747' title='bbox 3232 3262 3335 3332; x_wconf 84' lang='lat' dir='ltr'><strong>Qui</strong></span> <span class='ocrx_word' id='word_1_748' title='bbox 3359 3265 3640 3336; x_wconf 86' lang='lat' dir='ltr'><strong>perdiderit</strong></span> <span class='ocrx_word' id='word_1_749' title='bbox 3658 3257 3792 3323; x_wconf 38' lang='lat' dir='ltr'><strong>sub?</strong></span> 
     </span>
    </p>
   </div>
   <div class='ocr_carea' id='block_1_95' title="bbox 2175 3351 3376 3427">
    <p class='ocr_par' dir='ltr' id='par_1_95' title="bbox 2175 3351 3376 3427">
     <span class='ocr_line' id='line_1_96' title="bbox 2175 3351 3376 3427; baseline 0.004 -22"><span class='ocrx_word' id='word_1_750' title='bbox 2175 3351 2416 3406; x_wconf 89' lang='lat' dir='ltr'><strong>stantiam</strong></span> <span class='ocrx_word' id='word_1_751' title='bbox 2437 3367 2602 3418; x_wconf 88' lang='lat' dir='ltr'><strong>suam,</strong></span> <span class='ocrx_word' id='word_1_752' title='bbox 2634 3351 2930 3423; x_wconf 86' lang='lat' dir='ltr'><strong>centuplum</strong></span> <span class='ocrx_word' id='word_1_753' title='bbox 2954 3355 3160 3427; x_wconf 88' lang='lat' dir='ltr'><strong>recipiet</strong></span> <span class='ocrx_word' id='word_1_754' title='bbox 3188 3373 3320 3412; x_wconf 90' lang='lat' dir='ltr'><strong>eam.</strong></span> <span class='ocrx_word' id='word_1_755' title='bbox 3357 3377 3376 3410; x_wconf 81' lang='grc' dir='ltr'><strong>ι</strong></span> 
     </span>
    </p>
   </div>
   <div class='ocr_carea' id='block_1_96' title="bbox 2246 3441 3792 3522">
    <p class='ocr_par' dir='ltr' id='par_1_96' title="bbox 2246 3441 3792 3522">
     <span class='ocr_line' id='line_1_97' title="bbox 2246 3441 3792 3522; baseline 0.007 -24"><span class='ocrx_word' id='word_1_756' title='bbox 2246 3441 2373 3500; x_wconf 89' lang='lat'><strong>228.</strong></span> <span class='ocrx_word' id='word_1_757' title='bbox 2420 3445 2555 3502; x_wconf 80' lang='lat' dir='ltr'><strong>Auc.</strong></span> <span class='ocrx_word' id='word_1_758' title='bbox 2594 3444 2870 3514; x_wconf 89' lang='lat' dir='ltr'><strong>respondit</strong></span> <span class='ocrx_word' id='word_1_759' title='bbox 2921 3464 2935 3500; x_wconf 91' lang='lat'>:</span> <span class='ocrx_word' id='word_1_760' title='bbox 2985 3446 3055 3503; x_wconf 88' lang='lat' dir='ltr'><strong>Et</strong></span> <span class='ocrx_word' id='word_1_761' title='bbox 3099 3447 3201 3504; x_wconf 90' lang='lat' dir='ltr'><strong>hoc</strong></span> <span class='ocrx_word' id='word_1_762' title='bbox 3247 3449 3316 3505; x_wconf 92' lang='lat' dir='ltr'><strong>ad</strong></span> <span class='ocrx_word' id='word_1_763' title='bbox 3362 3465 3477 3507; x_wconf 90' lang='lat' dir='ltr'><strong>rem</strong></span> <span class='ocrx_word' id='word_1_764' title='bbox 3532 3455 3792 3522; x_wconf 74' lang='lat' dir='ltr'><strong>pertineti</strong></span> 
     </span>
    </p>
   </div>
   <div class='ocr_carea' id='block_1_97' title="bbox 2175 3535 3760 3610">
    <p class='ocr_par' dir='ltr' id='par_1_97' title="bbox 2175 3535 3760 3610">
     <span class='ocr_line' id='line_1_98' title="bbox 2175 3535 3760 3610; baseline 0.007 -21"><span class='ocrx_word' id='word_1_765' title='bbox 2175 3548 2518 3592; x_wconf 91' lang='lat' dir='ltr'><strong>commonere</strong></span> <span class='ocrx_word' id='word_1_766' title='bbox 2560 3535 3008 3607; x_wconf 85' lang='lat' dir='ltr'><strong>quemadmodum</strong></span> <span class='ocrx_word' id='word_1_767' title='bbox 3052 3539 3307 3610; x_wconf 88' lang='lat' dir='ltr'><strong>scripturn</strong></span> <span class='ocrx_word' id='word_1_768' title='bbox 3351 3549 3452 3597; x_wconf 90' lang='lat' dir='ltr'><strong>est.</strong></span> <span class='ocrx_word' id='word_1_769' title='bbox 3495 3542 3629 3599; x_wconf 82' lang='lat' dir='ltr'><strong>Nam</strong></span> <span class='ocrx_word' id='word_1_770' title='bbox 3677 3545 3760 3600; x_wconf 91' lang='lat' dir='ltr'><strong>ubi</strong></span> 
     </span>
    </p>
   </div>
   <div class='ocr_carea' id='block_1_98' title="bbox 2174 3626 3760 3708">
    <p class='ocr_par' dir='ltr' id='par_1_98' title="bbox 2174 3626 3760 3708">
     <span class='ocr_line' id='line_1_99' title="bbox 2174 3626 3760 3708; baseline 0.008 -27"><span class='ocrx_word' id='word_1_771' title='bbox 2174 3626 2310 3682; x_wconf 89' lang='lat' dir='ltr'><strong>nihil</strong></span> <span class='ocrx_word' id='word_1_772' title='bbox 2337 3626 2560 3698; x_wconf 89' lang='lat' dir='ltr'><strong>impedit</strong></span> <span class='ocrx_word' id='word_1_773' title='bbox 2585 3628 2936 3685; x_wconf 89' lang='lat' dir='ltr'><strong>intentionem</strong></span> <span class='ocrx_word' id='word_1_774' title='bbox 2969 3645 3163 3699; x_wconf 88' lang='lat' dir='ltr'><strong>meam,</strong></span> <span class='ocrx_word' id='word_1_775' title='bbox 3193 3633 3239 3687; x_wconf 89' lang='lat' dir='ltr'><strong>si</strong></span> <span class='ocrx_word' id='word_1_776' title='bbox 3268 3632 3394 3705; x_wconf 90' lang='lat' dir='ltr'><strong>quid</strong></span> <span class='ocrx_word' id='word_1_777' title='bbox 3423 3634 3491 3691; x_wconf 90' lang='lat' dir='ltr'><strong>de</strong></span> <span class='ocrx_word' id='word_1_778' title='bbox 3515 3636 3760 3708; x_wconf 83' lang='lat' dir='ltr'><strong>Scriptu-</strong></span> 
     </span>
    </p>
   </div>
   <div class='ocr_carea' id='block_1_99' title="bbox 2175 3717 3760 3801">
    <p class='ocr_par' dir='ltr' id='par_1_99' title="bbox 2175 3717 3760 3801">
     <span class='ocr_line' id='line_1_100' title="bbox 2175 3717 3760 3801; baseline 0.008 -27"><span class='ocrx_word' id='word_1_779' title='bbox 2175 3719 2249 3774; x_wconf 90' lang='lat' dir='ltr'><strong>ris</strong></span> <span class='ocrx_word' id='word_1_780' title='bbox 2289 3717 2426 3776; x_wconf 86' lang='lat' dir='ltr'><strong>fallis</strong></span> <span class='ocrx_word' id='word_1_781' title='bbox 2456 3729 2547 3776; x_wconf 91' lang='lat' dir='ltr'><strong>aut</strong></span> <span class='ocrx_word' id='word_1_782' title='bbox 2589 3721 2788 3778; x_wconf 86' lang='lat' dir='ltr'><strong>falleris</strong></span> <span class='ocrx_word' id='word_1_783' title='bbox 2813 3764 2827 3787; x_wconf 92' lang='lat'><strong>,</strong></span> <span class='ocrx_word' id='word_1_784' title='bbox 2861 3723 2995 3778; x_wconf 89' lang='lat' dir='ltr'><strong>nihil</strong></span> <span class='ocrx_word' id='word_1_785' title='bbox 3037 3740 3190 3780; x_wconf 92' lang='lat' dir='ltr'><strong>curo.</strong></span> <span class='ocrx_word' id='word_1_786' title='bbox 3223 3725 3341 3782; x_wconf 80' lang='lat' dir='ltr'><strong>Non</strong></span> <span class='ocrx_word' id='word_1_787' title='bbox 3369 3743 3497 3801; x_wconf 91' lang='lat' dir='ltr'><strong>ergo</strong></span> <span class='ocrx_word' id='word_1_788' title='bbox 3523 3731 3595 3786; x_wconf 86' lang='lat' dir='ltr'><strong>ita</strong></span> <span class='ocrx_word' id='word_1_789' title='bbox 3624 3734 3760 3789; x_wconf 88' lang='lat' dir='ltr'><strong>scri-</strong></span> 
     </span>
    </p>
   </div>
   <div class='ocr_carea' id='block_1_100' title="bbox 2175 3812 3754 3887">
    <p class='ocr_par' dir='ltr' id='par_1_100' title="bbox 2175 3812 3754 3887">
     <span class='ocr_line' id='line_1_101' title="bbox 2175 3812 3754 3887; baseline 0.008 -21"><span class='ocrx_word' id='word_1_790' title='bbox 2175 3820 2323 3882; x_wconf 89' lang='lat' dir='ltr'><strong>ptum</strong></span> <span class='ocrx_word' id='word_1_791' title='bbox 2353 3821 2475 3880; x_wconf 91' lang='lat' dir='ltr'><strong>est,</strong></span> <span class='ocrx_word' id='word_1_792' title='bbox 2506 3812 2607 3882; x_wconf 85' lang='lat' dir='ltr'><strong>Qui</strong></span> <span class='ocrx_word' id='word_1_793' title='bbox 2653 3812 2947 3884; x_wconf 87' lang='lat' dir='ltr'><strong>perdiderit</strong></span> <span class='ocrx_word' id='word_1_794' title='bbox 2988 3817 3340 3874; x_wconf 89' lang='lat' dir='ltr'><strong>substantiam</strong></span> <span class='ocrx_word' id='word_1_795' title='bbox 3389 3834 3575 3887; x_wconf 86' lang='lat' dir='ltr'><strong>suam;</strong></span> <span class='ocrx_word' id='word_1_796' title='bbox 3616 3823 3712 3878; x_wconf 87' lang='lat' dir='ltr'><strong>sed</strong></span> <span class='ocrx_word' id='word_1_797' title='bbox 3741 3865 3754 3886; x_wconf 86' lang='lat'><strong>.</strong></span> 
     </span>
    </p>
   </div>
   <div class='ocr_carea' id='block_1_101' title="bbox 2178 3903 3758 3983">
    <p class='ocr_par' dir='ltr' id='par_1_101' title="bbox 2178 3903 3758 3983">
     <span class='ocr_line' id='line_1_102' title="bbox 2178 3903 3758 3983; baseline 0.009 -28"><span class='ocrx_word' id='word_1_798' title='bbox 2178 3903 2277 3968; x_wconf 84' lang='lat' dir='ltr'><strong>Qui</strong></span> <span class='ocrx_word' id='word_1_799' title='bbox 2313 3903 2586 3974; x_wconf 88' lang='lat' dir='ltr'><strong>perdiderit</strong></span> <span class='ocrx_word' id='word_1_800' title='bbox 2612 3906 2834 3960; x_wconf 82' lang='lat' dir='ltr'><strong>animum</strong></span> <span class='ocrx_word' id='word_1_801' title='bbox 2870 3923 3016 3962; x_wconf 86' lang='lat' dir='ltr'><strong>suam</strong></span> <span class='ocrx_word' id='word_1_802' title='bbox 3047 3919 3255 3982; x_wconf 85' lang='lat' dir='ltr'><strong>prapter</strong></span> <span class='ocrx_word' id='word_1_803' title='bbox 3281 3928 3361 3966; x_wconf 89' lang='lat' dir='ltr'><strong>me</strong></span> <span class='ocrx_word' id='word_1_804' title='bbox 3386 3911 3598 3983; x_wconf 70' lang='lat' dir='ltr'><strong>(Hatth.</strong></span> <span class='ocrx_word' id='word_1_805' title='bbox 3641 3931 3758 3980; x_wconf 78' lang='lat' dir='ltr'><strong>xvi,</strong></span> 
     </span>
    </p>
   </div>
   <div class='ocr_carea' id='block_1_102' title="bbox 2172 3995 3758 4078">
    <p class='ocr_par' dir='ltr' id='par_1_102' title="bbox 2172 3995 3758 4078">
     <span class='ocr_line' id='line_1_103' title="bbox 2172 3995 3758 4078; baseline 0.009 -28"><span class='ocrx_word' id='word_1_806' title='bbox 2172 3995 2300 4066; x_wconf 83' lang='lat'><strong>25).</strong></span> <span class='ocrx_word' id='word_1_807' title='bbox 2336 3997 2411 4053; x_wconf 91' lang='lat' dir='ltr'><strong>De</strong></span> <span class='ocrx_word' id='word_1_808' title='bbox 2437 3998 2731 4055; x_wconf 90' lang='lat' dir='ltr'><strong>substantia</strong></span> <span class='ocrx_word' id='word_1_809' title='bbox 2754 4015 2886 4057; x_wconf 90' lang='lat' dir='ltr'><strong>vero</strong></span> <span class='ocrx_word' id='word_1_810' title='bbox 2912 4017 3018 4058; x_wconf 91' lang='lat' dir='ltr'><strong>non</strong></span> <span class='ocrx_word' id='word_1_811' title='bbox 3060 4002 3315 4074; x_wconf 90' lang='lat' dir='ltr'><strong>scriptum</strong></span> <span class='ocrx_word' id='word_1_812' title='bbox 3347 4014 3460 4074; x_wconf 90' lang='lat' dir='ltr'><strong>est,</strong></span> <span class='ocrx_word' id='word_1_813' title='bbox 3486 4006 3586 4075; x_wconf 88' lang='lat' dir='ltr'><strong>Qui</strong></span> <span class='ocrx_word' id='word_1_814' title='bbox 3631 4023 3758 4078; x_wconf 88' lang='lat' dir='ltr'><strong>per-</strong></span> 
     </span>
    </p>
   </div>
   <div class='ocr_carea' id='block_1_103' title="bbox 2173 4087 3754 4169">
    <p class='ocr_par' dir='ltr' id='par_1_103' title="bbox 2173 4087 3754 4169">
     <span class='ocr_line' id='line_1_104' title="bbox 2173 4087 3754 4169; baseline 0.008 -26"><span class='ocrx_word' id='word_1_815' title='bbox 2173 4087 2407 4156; x_wconf 85' lang='lat' dir='ltr'><strong>diderit;</strong></span> <span class='ocrx_word' id='word_1_816' title='bbox 2438 4089 2534 4147; x_wconf 86' lang='lat' dir='ltr'><strong>sed</strong></span> <span class='ocrx_word' id='word_1_817' title='bbox 2559 4131 2574 4157; x_wconf 92' lang='lat'><strong>,</strong></span> <span class='ocrx_word' id='word_1_818' title='bbox 2605 4091 2704 4159; x_wconf 86' lang='lat' dir='ltr'><strong>Qui</strong></span> <span class='ocrx_word' id='word_1_819' title='bbox 2728 4093 2974 4149; x_wconf 86' lang='lat' dir='ltr'><strong>dimiserit</strong></span> <span class='ocrx_word' id='word_1_820' title='bbox 3002 4095 3110 4166; x_wconf 88' lang='lat' dir='ltr'><strong>(Id.</strong></span> <span class='ocrx_word' id='word_1_821' title='bbox 3143 4113 3256 4162; x_wconf 77' lang='lat' dir='ltr'><strong>xrx,</strong></span> <span class='ocrx_word' id='word_1_822' title='bbox 3281 4096 3384 4169; x_wconf 78' lang='lat'><strong>29)</strong></span> <span class='ocrx_word' id='word_1_823' title='bbox 3422 4115 3434 4152; x_wconf 93' lang='lat'>:</span> <span class='ocrx_word' id='word_1_824' title='bbox 3463 4114 3563 4156; x_wconf 88' lang='lat' dir='ltr'><strong>nec</strong></span> <span class='ocrx_word' id='word_1_825' title='bbox 3587 4101 3754 4156; x_wconf 78' lang='lat' dir='ltr'><strong>solam</strong></span> 
     </span>
    </p>
   </div>
   <div class='ocr_carea' id='block_1_104' title="bbox 2172 4180 3752 4253">
    <p class='ocr_par' dir='ltr' id='par_1_104' title="bbox 2172 4180 3752 4253">
     <span class='ocr_line' id='line_1_105' title="bbox 2172 4180 3752 4253; baseline 0.009 -20"><span class='ocrx_word' id='word_1_826' title='bbox 2172 4180 2525 4236; x_wconf 90' lang='lat' dir='ltr'><strong>substantiam</strong></span> <span class='ocrx_word' id='word_1_827' title='bbox 2565 4184 2802 4253; x_wconf 63' lang='lat' dir='ltr'><strong>pecunia:</strong></span> <span class='ocrx_word' id='word_1_828' title='bbox 2825 4227 2841 4251; x_wconf 93' lang='lat'><strong>,</strong></span> <span class='ocrx_word' id='word_1_829' title='bbox 2871 4186 2965 4242; x_wconf 90' lang='lat' dir='ltr'><strong>sed</strong></span> <span class='ocrx_word' id='word_1_830' title='bbox 3009 4196 3064 4242; x_wconf 90' lang='lat' dir='ltr'><strong>et</strong></span> <span class='ocrx_word' id='word_1_831' title='bbox 3105 4187 3270 4244; x_wconf 86' lang='lat' dir='ltr'><strong>multa</strong></span> <span class='ocrx_word' id='word_1_832' title='bbox 3314 4190 3438 4246; x_wconf 88' lang='lat' dir='ltr'><strong>alia.</strong></span> <span class='ocrx_word' id='word_1_833' title='bbox 3471 4191 3550 4247; x_wconf 90' lang='lat' dir='ltr'><strong>Tu</strong></span> <span class='ocrx_word' id='word_1_834' title='bbox 3579 4203 3752 4249; x_wconf 89' lang='lat' dir='ltr'><strong>autem</strong></span> 
     </span>
    </p>
   </div>
   <div class='ocr_carea' id='block_1_105' title="bbox 2173 4273 3755 4357">
    <p class='ocr_par' dir='ltr' id='par_1_105' title="bbox 2173 4273 3755 4357">
     <span class='ocr_line' id='line_1_106' title="bbox 2173 4273 3755 4357; baseline 0.008 -28"><span class='ocrx_word' id='word_1_835' title='bbox 2173 4273 2384 4357; x_wconf 85' lang='lat' dir='ltr'><strong>interim</strong></span> <span class='ocrx_word' id='word_1_836' title='bbox 2424 4291 2528 4330; x_wconf 91' lang='lat' dir='ltr'><strong>non</strong></span> <span class='ocrx_word' id='word_1_837' title='bbox 2559 4275 2833 4348; x_wconf 89' lang='lat' dir='ltr'><strong>perdidisti</strong></span> <span class='ocrx_word' id='word_1_838' title='bbox 2880 4279 3230 4336; x_wconf 89' lang='lat' dir='ltr'><strong>substantiam</strong></span> <span class='ocrx_word' id='word_1_839' title='bbox 3265 4301 3280 4336; x_wconf 87' lang='lat'><strong>:</strong></span> <span class='ocrx_word' id='word_1_840' title='bbox 3313 4291 3490 4340; x_wconf 91' lang='lat' dir='ltr'><strong>utrum</strong></span> <span class='ocrx_word' id='word_1_841' title='bbox 3522 4301 3648 4342; x_wconf 89' lang='lat' dir='ltr'><strong>vero</strong></span> <span class='ocrx_word' id='word_1_842' title='bbox 3672 4286 3755 4341; x_wconf 61' lang='lat' dir='ltr'><strong>dic</strong></span> 
     </span>
    </p>
   </div>
   <div class='ocr_carea' id='block_1_106' title="bbox 2172 4366 3754 4444">
    <p class='ocr_par' dir='ltr' id='par_1_106' title="bbox 2172 4366 3754 4444">
     <span class='ocr_line' id='line_1_107' title="bbox 2172 4366 3754 4444; baseline 0.008 -24"><span class='ocrx_word' id='word_1_843' title='bbox 2172 4366 2381 4423; x_wconf 91' lang='lat' dir='ltr'><strong>miseris</strong></span> <span class='ocrx_word' id='word_1_844' title='bbox 2399 4409 2416 4434; x_wconf 97' lang='lat'><strong>,</strong></span> <span class='ocrx_word' id='word_1_845' title='bbox 2441 4368 2581 4442; x_wconf 90' lang='lat' dir='ltr'><strong>quod</strong></span> <span class='ocrx_word' id='word_1_846' title='bbox 2611 4369 2689 4425; x_wconf 88' lang='lat' dir='ltr'><strong>sic</strong></span> <span class='ocrx_word' id='word_1_847' title='bbox 2716 4369 2784 4426; x_wconf 90' lang='lat' dir='ltr'><strong>de</strong></span> <span class='ocrx_word' id='word_1_848' title='bbox 2813 4381 3122 4441; x_wconf 84' lang='lat' dir='ltr'><strong>paupertate</strong></span> <span class='ocrx_word' id='word_1_849' title='bbox 3145 4372 3390 4444; x_wconf 89' lang='lat' dir='ltr'><strong>gloriaris</strong></span> <span class='ocrx_word' id='word_1_850' title='bbox 3413 4417 3427 4438; x_wconf 87' lang='lat'><strong>.</strong></span> <span class='ocrx_word' id='word_1_851' title='bbox 3457 4377 3638 4432; x_wconf 88' lang='lat' dir='ltr'><strong>nescio</strong></span> <span class='ocrx_word' id='word_1_852' title='bbox 3665 4395 3677 4431; x_wconf 90' lang='lat'><strong>:</strong></span> <span class='ocrx_word' id='word_1_853' title='bbox 3708 4378 3754 4432; x_wconf 92' lang='lat' dir='ltr'><strong>si</strong></span> 
     </span>
    </p>
   </div>
   <div class='ocr_carea' id='block_1_107' title="bbox 2171 4457 3750 4541">
    <p class='ocr_par' dir='ltr' id='par_1_107' title="bbox 2171 4457 3750 4541">
     <span class='ocr_line' id='line_1_108' title="bbox 2171 4457 3750 4541; baseline 0.008 -27"><span class='ocrx_word' id='word_1_854' title='bbox 2171 4457 2310 4515; x_wconf 78' lang='lat' dir='ltr'><strong>forte</strong></span> <span class='ocrx_word' id='word_1_855' title='bbox 2337 4461 2437 4517; x_wconf 92' lang='lat' dir='ltr'><strong>scit</strong></span> <span class='ocrx_word' id='word_1_856' title='bbox 2476 4461 2578 4517; x_wconf 89' lang='lat' dir='ltr'><strong>hoc</strong></span> <span class='ocrx_word' id='word_1_857' title='bbox 2604 4462 2804 4535; x_wconf 86' lang='lat' dir='ltr'><strong>collega</strong></span> <span class='ocrx_word' id='word_1_858' title='bbox 2847 4479 3000 4521; x_wconf 88' lang='lat' dir='ltr'><strong>meus</strong></span> <span class='ocrx_word' id='word_1_859' title='bbox 3031 4465 3352 4522; x_wconf 84' lang='lat' dir='ltr'><strong>Fortunatus</strong></span> <span class='ocrx_word' id='word_1_860' title='bbox 3378 4509 3393 4531; x_wconf 88' lang='lat'><strong><em>.</em></strong></span> <span class='ocrx_word' id='word_1_861' title='bbox 3421 4469 3542 4541; x_wconf 88' lang='lat' dir='ltr'><strong>quia</strong></span> <span class='ocrx_word' id='word_1_862' title='bbox 3571 4470 3624 4526; x_wconf 92' lang='lat' dir='ltr'><strong>in</strong></span> <span class='ocrx_word' id='word_1_863' title='bbox 3656 4486 3750 4526; x_wconf 82' lang='lat' dir='ltr'><strong>ea-</strong></span> 
     </span>
    </p>
   </div>
   <div class='ocr_carea' id='block_1_108' title="bbox 2171 4551 3748 4632">
    <p class='ocr_par' dir='ltr' id='par_1_108' title="bbox 2171 4551 3748 4632">
     <span class='ocr_line' id='line_1_109' title="bbox 2171 4551 3748 4632; baseline 0.005 -24"><span class='ocrx_word' id='word_1_864' title='bbox 2171 4551 2294 4608; x_wconf 91' lang='lat' dir='ltr'><strong>dem</strong></span> <span class='ocrx_word' id='word_1_865' title='bbox 2338 4553 2552 4610; x_wconf 90' lang='lat' dir='ltr'><strong>civitate</strong></span> <span class='ocrx_word' id='word_1_866' title='bbox 2595 4555 2760 4623; x_wconf 90' lang='lat' dir='ltr'><strong>estis,</strong></span> <span class='ocrx_word' id='word_1_867' title='bbox 2800 4571 3069 4628; x_wconf 90' lang='lat' dir='ltr'><strong>nunquam</strong></span> <span class='ocrx_word' id='word_1_868' title='bbox 3121 4557 3249 4613; x_wconf 87' lang='lat' dir='ltr'><strong>mihi</strong></span> <span class='ocrx_word' id='word_1_869' title='bbox 3300 4558 3593 4626; x_wconf 85' lang='lat' dir='ltr'><strong>indicavit,</strong></span> <span class='ocrx_word' id='word_1_870' title='bbox 3631 4562 3748 4632; x_wconf 86' lang='lat' dir='ltr'><strong>quia</strong></span> 
     </span>
    </p>
   </div>
   <div class='ocr_carea' id='block_1_109' title="bbox 2170 4646 3752 4716">
    <p class='ocr_par' dir='ltr' id='par_1_109' title="bbox 2170 4646 3752 4716">
     <span class='ocr_line' id='line_1_110' title="bbox 2170 4646 3752 4716; baseline 0.008 -18"><span class='ocrx_word' id='word_1_871' title='bbox 2170 4659 2437 4715; x_wconf 86' lang='lat' dir='ltr'><strong>nunquam</strong></span> <span class='ocrx_word' id='word_1_872' title='bbox 2485 4646 2816 4716; x_wconf 71' lang='lat' dir='ltr'><strong>qumsieram.</strong></span> <span class='ocrx_word' id='word_1_873' title='bbox 2859 4647 3237 4705; x_wconf 82' lang='lat' dir='ltr'><strong>Verumtamen</strong></span> <span class='ocrx_word' id='word_1_874' title='bbox 3283 4651 3493 4708; x_wconf 85' lang='lat' dir='ltr'><strong>etiamsi</strong></span> <span class='ocrx_word' id='word_1_875' title='bbox 3541 4654 3638 4710; x_wconf 88' lang='lat' dir='ltr'><strong>hoc</strong></span> <span class='ocrx_word' id='word_1_876' title='bbox 3675 4652 3752 4710; x_wconf 84' lang='lat' dir='ltr'><strong>fe-</strong></span> 
     </span>
    </p>
   </div>
   <div class='ocr_carea' id='block_1_110' title="bbox 2170 4734 3749 4813">
    <p class='ocr_par' dir='ltr' id='par_1_110' title="bbox 2170 4734 3749 4813">
     <span class='ocr_line' id='line_1_111' title="bbox 2170 4734 3749 4813; baseline 0.004 -23"><span class='ocrx_word' id='word_1_877' title='bbox 2170 4734 2320 4803; x_wconf 89' lang='lat' dir='ltr'><strong>cisti,</strong></span> <span class='ocrx_word' id='word_1_878' title='bbox 2352 4747 2408 4792; x_wconf 91' lang='lat' dir='ltr'><strong>tu</strong></span> <span class='ocrx_word' id='word_1_879' title='bbox 2436 4738 2549 4808; x_wconf 91' lang='lat' dir='ltr'><strong>ipse</strong></span> <span class='ocrx_word' id='word_1_880' title='bbox 2572 4747 2756 4794; x_wconf 89' lang='lat' dir='ltr'><strong>contra</strong></span> <span class='ocrx_word' id='word_1_881' title='bbox 2801 4748 2853 4794; x_wconf 91' lang='lat' dir='ltr'><strong>te</strong></span> <span class='ocrx_word' id='word_1_882' title='bbox 2882 4738 2933 4794; x_wconf 93' lang='lat' dir='ltr'><strong>in</strong></span> <span class='ocrx_word' id='word_1_883' title='bbox 2972 4739 3073 4795; x_wconf 86' lang='lat' dir='ltr'><strong>hac</strong></span> <span class='ocrx_word' id='word_1_884' title='bbox 3099 4741 3209 4811; x_wconf 89' lang='lat' dir='ltr'><strong>ipsa</strong></span> <span class='ocrx_word' id='word_1_885' title='bbox 3238 4750 3325 4797; x_wconf 93' lang='lat' dir='ltr'><strong>tua</strong></span> <span class='ocrx_word' id='word_1_886' title='bbox 3353 4743 3576 4813; x_wconf 83' lang='lat' dir='ltr'><strong>epistola</strong></span> <span class='ocrx_word' id='word_1_887' title='bbox 3607 4760 3749 4798; x_wconf 87' lang='lat' dir='ltr'><strong>com-</strong></span> 
     </span>
    </p>
   </div>
   <div class='ocr_carea' id='block_1_111' title="bbox 2170 4828 3746 4900">
    <p class='ocr_par' dir='ltr' id='par_1_111' title="bbox 2170 4828 3746 4900">
     <span class='ocr_line' id='line_1_112' title="bbox 2170 4828 3746 4900; baseline 0.003 -18"><span class='ocrx_word' id='word_1_888' title='bbox 2170 4828 2478 4883; x_wconf 86' lang='lat' dir='ltr'><strong>mcmorasti</strong></span> <span class='ocrx_word' id='word_1_889' title='bbox 2505 4829 2852 4900; x_wconf 89' lang='lat' dir='ltr'><strong>apostolicum</strong></span> <span class='ocrx_word' id='word_1_890' title='bbox 2899 4831 3260 4888; x_wconf 89' lang='lat' dir='ltr'><strong>testimonium</strong></span> <span class='ocrx_word' id='word_1_891' title='bbox 3305 4850 3320 4886; x_wconf 88' lang='lat'>:</span> <span class='ocrx_word' id='word_1_892' title='bbox 3364 4833 3428 4889; x_wconf 90' lang='lat' dir='ltr'><strong>Si</strong></span> <span class='ocrx_word' id='word_1_893' title='bbox 3457 4835 3746 4889; x_wconf 69' lang='lat' dir='ltr'><strong>distribuero</strong></span> 
     </span>
    </p>
   </div>
   <div class='ocr_carea' id='block_1_112' title="bbox 2169 4917 3746 4995">
    <p class='ocr_par' dir='ltr' id='par_1_112' title="bbox 2169 4917 3746 4995">
     <span class='ocr_line' id='line_1_113' title="bbox 2169 4917 3746 4995; baseline 0.003 -23"><span class='ocrx_word' id='word_1_894' title='bbox 2169 4917 2338 4973; x_wconf 88' lang='lat' dir='ltr'><strong>omnia</strong></span> <span class='ocrx_word' id='word_1_895' title='bbox 2373 4935 2485 4973; x_wconf 92' lang='lat' dir='ltr'><strong>mea</strong></span> <span class='ocrx_word' id='word_1_896' title='bbox 2531 4921 2834 4990; x_wconf 86' lang='lat' dir='ltr'><strong>pauperibus</strong></span> <span class='ocrx_word' id='word_1_897' title='bbox 2852 4962 2866 4986; x_wconf 91' lang='lat'><strong>,</strong></span> <span class='ocrx_word' id='word_1_898' title='bbox 2897 4930 2945 4976; x_wconf 88' lang='lat' dir='ltr'><strong>et</strong></span> <span class='ocrx_word' id='word_1_899' title='bbox 2987 4921 3245 4978; x_wconf 87' lang='lat' dir='ltr'><strong>tradidero</strong></span> <span class='ocrx_word' id='word_1_900' title='bbox 3282 4940 3467 4995; x_wconf 88' lang='lat' dir='ltr'><strong>corpus</strong></span> <span class='ocrx_word' id='word_1_901' title='bbox 3510 4943 3666 4982; x_wconf 69' lang='lat' dir='ltr'><strong>narum</strong></span> <span class='ocrx_word' id='word_1_902' title='bbox 3692 4934 3746 4978; x_wconf 81' lang='lat' dir='ltr'><strong>at</strong></span> 
     </span>
    </p>
   </div>
   <div class='ocr_carea' id='block_1_113' title="bbox 2169 5012 3744 5083">
    <p class='ocr_par' dir='ltr' id='par_1_113' title="bbox 2169 5012 3744 5083">
     <span class='ocr_line' id='line_1_114' title="bbox 2169 5012 3744 5083; baseline 0.001 -17"><span class='ocrx_word' id='word_1_903' title='bbox 2169 5012 2414 5077; x_wconf 88' lang='lat' dir='ltr'><strong>ardeam,</strong></span> <span class='ocrx_word' id='word_1_904' title='bbox 2458 5012 2752 5068; x_wconf 86' lang='lat' dir='ltr'><strong>charitatem</strong></span> <span class='ocrx_word' id='word_1_905' title='bbox 2799 5024 2968 5068; x_wconf 87' lang='lat' dir='ltr'><strong>autem</strong></span> <span class='ocrx_word' id='word_1_906' title='bbox 3018 5031 3120 5069; x_wconf 86' lang='lat' dir='ltr'><strong>non</strong></span> <span class='ocrx_word' id='word_1_907' title='bbox 3168 5014 3378 5070; x_wconf 86' lang='lat' dir='ltr'><strong>habeam</strong></span> <span class='ocrx_word' id='word_1_908' title='bbox 3401 5058 3417 5083; x_wconf 90' lang='lat'><strong>,</strong></span> <span class='ocrx_word' id='word_1_909' title='bbox 3460 5015 3590 5071; x_wconf 83' lang='lat' dir='ltr'><strong>nihil</strong></span> <span class='ocrx_word' id='word_1_910' title='bbox 3629 5016 3744 5068; x_wconf 81' lang='lat' dir='ltr'><strong>mihi</strong></span> 
     </span>
    </p>
   </div>
   <div class='ocr_carea' id='block_1_114' title="bbox 2171 5103 3739 5178">
    <p class='ocr_par' dir='ltr' id='par_1_114' title="bbox 2171 5103 3739 5178">
     <span class='ocr_line' id='line_1_115' title="bbox 2171 5103 3739 5178; baseline 0.001 -20"><span class='ocrx_word' id='word_1_911' title='bbox 2171 5103 2371 5174; x_wconf 89' lang='lat' dir='ltr'><strong>prodest</strong></span> <span class='ocrx_word' id='word_1_912' title='bbox 2395 5103 2449 5177; x_wconf 91' lang='lat' dir='ltr'><strong>(l</strong></span> <span class='ocrx_word' id='word_1_913' title='bbox 2476 5103 2594 5160; x_wconf 85' lang='lat' dir='ltr'><strong>Cor.</strong></span> <span class='ocrx_word' id='word_1_914' title='bbox 2621 5120 2734 5170; x_wconf 85' lang='lat' dir='ltr'><strong>xm,</strong></span> <span class='ocrx_word' id='word_1_915' title='bbox 2759 5105 2851 5178; x_wconf 79' lang='lat'><strong>3).</strong></span> <span class='ocrx_word' id='word_1_916' title='bbox 2879 5105 2936 5162; x_wconf 93' lang='lat' dir='ltr'><strong>Si</strong></span> <span class='ocrx_word' id='word_1_917' title='bbox 2957 5106 3098 5162; x_wconf 93' lang='lat' dir='ltr'><strong>enim</strong></span> <span class='ocrx_word' id='word_1_918' title='bbox 3124 5105 3391 5163; x_wconf 84' lang='lat' dir='ltr'><strong>haberetis</strong></span> <span class='ocrx_word' id='word_1_919' title='bbox 3411 5108 3739 5169; x_wconf 86' lang='lat' dir='ltr'><strong>charitatem,</strong></span> 
     </span>
    </p>
   </div>
   <div class='ocr_carea' id='block_1_115' title="bbox 2169 5193 3739 5271">
    <p class='ocr_par' dir='ltr' id='par_1_115' title="bbox 2169 5193 3739 5271">
     <span class='ocr_line' id='line_1_116' title="bbox 2169 5193 3739 5271; baseline 0 -22"><span class='ocrx_word' id='word_1_920' title='bbox 2169 5208 2274 5250; x_wconf 93' lang='lat' dir='ltr'><strong>non</strong></span> <span class='ocrx_word' id='word_1_921' title='bbox 2301 5193 2604 5264; x_wconf 87' lang='lat' dir='ltr'><strong>objiceretis</strong></span> <span class='ocrx_word' id='word_1_922' title='bbox 2631 5196 2814 5267; x_wconf 88' lang='lat' dir='ltr'><strong>ignaro</strong></span> <span class='ocrx_word' id='word_1_923' title='bbox 2835 5238 2852 5265; x_wconf 93' lang='lat'><strong>,</strong></span> <span class='ocrx_word' id='word_1_924' title='bbox 2880 5205 2935 5252; x_wconf 92' lang='lat' dir='ltr'><strong>et</strong></span> <span class='ocrx_word' id='word_1_925' title='bbox 2959 5197 3110 5254; x_wconf 88' lang='lat' dir='ltr'><strong>vobis</strong></span> <span class='ocrx_word' id='word_1_926' title='bbox 3139 5196 3410 5271; x_wconf 88' lang='lat' dir='ltr'><strong>incognito</strong></span> <span class='ocrx_word' id='word_1_927' title='bbox 3437 5199 3550 5255; x_wconf 88' lang='lat' dir='ltr'><strong>orbi</strong></span> <span class='ocrx_word' id='word_1_928' title='bbox 3579 5205 3739 5252; x_wconf 82' lang='lat' dir='ltr'><strong>terra—</strong></span> 
     </span>
    </p>
   </div>
   <div class='ocr_carea' id='block_1_116' title="bbox 2230 5387 3471 5512">
    <p class='ocr_par' dir='ltr' id='par_1_116' title="bbox 2230 5387 3471 5512">
     <span class='ocr_line' id='line_1_117' title="bbox 2234 5387 3471 5458; baseline 0.004 -19"><span class='ocrx_word' id='word_1_929' title='bbox 2234 5389 2250 5420; x_wconf 79' lang='grc' dir='ltr'><strong>ι</strong></span> <span class='ocrx_word' id='word_1_930' title='bbox 2271 5388 2406 5447; x_wconf 83' lang='lat' dir='ltr'><strong>Editi,</strong></span> <span class='ocrx_word' id='word_1_931' title='bbox 2426 5387 2682 5442; x_wconf 72' lang='lat' dir='ltr'><strong>&#39;merutaces</strong></span> <span class='ocrx_word' id='word_1_932' title='bbox 2709 5403 2727 5441; x_wconf 91' lang='lat'><strong><em>:</em></strong></span> <span class='ocrx_word' id='word_1_933' title='bbox 2750 5391 3014 5456; x_wconf 85' lang='lat' dir='ltr'><strong>castigandi</strong></span> <span class='ocrx_word' id='word_1_934' title='bbox 3033 5405 3098 5444; x_wconf 83' lang='lat' dir='ltr'><strong>ex</strong></span> <span class='ocrx_word' id='word_1_935' title='bbox 3119 5393 3471 5458; x_wconf 64' lang='lat' dir='ltr'><strong>manusaiptis.</strong></span> 
     </span>
     <span class='ocr_line' id='line_1_118' title="bbox 2230 5451 2637 5512; baseline 0.005 -11"><span class='ocrx_word' id='word_1_936' title='bbox 2230 5452 2250 5482; x_wconf 76' lang='grc'>³</span> <span class='ocrx_word' id='word_1_937' title='bbox 2273 5456 2324 5501; x_wconf 85' lang='lat' dir='ltr'><strong>tn</strong></span> <span class='ocrx_word' id='word_1_938' title='bbox 2350 5451 2509 5512; x_wconf 88' lang='lat' dir='ltr'><strong>editis,</strong></span> <span class='ocrx_word' id='word_1_939' title='bbox 2533 5464 2637 5512; x_wconf 89' lang='lat' dir='ltr'><strong>pro.</strong></span> 
     </span>
    </p>
   </div>
   <div class='ocr_carea' id='block_1_117' title="bbox 2230 5464 3080 5574">
    <p class='ocr_par' dir='ltr' id='par_1_117' title="bbox 2230 5464 3080 5574">
     <span class='ocr_line' id='line_1_119' title="bbox 2230 5464 2637 5515; baseline 0.005 -14"><span class='ocrx_word' id='word_1_940' title='bbox 2230 5464 2250 5482; x_wconf 78' lang='grc' dir='ltr'><strong>ι</strong></span> <span class='ocrx_word' id='word_1_941' title='bbox 2273 5464 2324 5501; x_wconf 84' lang='grc' dir='ltr'><strong>ιιι</strong></span> <span class='ocrx_word' id='word_1_942' title='bbox 2350 5464 2509 5512; x_wconf 79' lang='lat' dir='ltr'><strong>emus,</strong></span> <span class='ocrx_word' id='word_1_943' title='bbox 2533 5464 2637 5515; x_wconf 88' lang='lat' dir='ltr'><strong>pro.</strong></span> 
     </span>
     <span class='ocr_line' id='line_1_120' title="bbox 2230 5513 3080 5574; baseline 0.007 -13"><span class='ocrx_word' id='word_1_944' title='bbox 2230 5513 2252 5544; x_wconf 81' lang='grc'>³</span> <span class='ocrx_word' id='word_1_945' title='bbox 2275 5517 2323 5562; x_wconf 82' lang='grc' dir='ltr'><strong>ιιι</strong></span> <span class='ocrx_word' id='word_1_946' title='bbox 2342 5520 2482 5574; x_wconf 81' lang='lat' dir='ltr'><strong>Ven.,</strong></span> <span class='ocrx_word' id='word_1_947' title='bbox 2506 5526 2593 5564; x_wconf 88' lang='lat' dir='ltr'><strong>cur</strong></span> <span class='ocrx_word' id='word_1_948' title='bbox 2609 5527 2704 5566; x_wconf 85' lang='lat' dir='ltr'><strong>non</strong></span> <span class='ocrx_word' id='word_1_949' title='bbox 2722 5514 2902 5568; x_wconf 82' lang='lat' dir='ltr'><strong>habet?</strong></span> <span class='ocrx_word' id='word_1_950' title='bbox 3023 5523 3080 5566; x_wconf 72' lang='grc' dir='ltr'><strong>Μ.</strong></span> 
     </span>
    </p>
   </div>
   <div class='ocr_carea' id='block_1_118' title="bbox 2231 5573 3536 5639">
    <p class='ocr_par' dir='ltr' id='par_1_118' title="bbox 2231 5573 3536 5639">
     <span class='ocr_line' id='line_1_121' title="bbox 2231 5573 3536 5639; baseline 0.005 -16"><span class='ocrx_word' id='word_1_951' title='bbox 2231 5573 2253 5639; x_wconf 53' lang='grc' dir='ltr'><strong><em>ἓ</em></strong></span> <span class='ocrx_word' id='word_1_952' title='bbox 2273 5575 2345 5625; x_wconf 86' lang='lat' dir='ltr'><strong>sic</strong></span> <span class='ocrx_word' id='word_1_953' title='bbox 2365 5587 2537 5639; x_wconf 75' lang='lat' dir='ltr'><strong>omnes</strong></span> <span class='ocrx_word' id='word_1_954' title='bbox 2560 5583 2663 5627; x_wconf 81' lang='lat' dir='ltr'><strong>Mss.</strong></span> <span class='ocrx_word' id='word_1_955' title='bbox 2688 5579 2806 5628; x_wconf 71' lang='grc' dir='ltr'><strong>Ε’Δίιί</strong></span> <span class='ocrx_word' id='word_1_956' title='bbox 2829 5592 2964 5639; x_wconf 89' lang='lat' dir='ltr'><strong>vero,</strong></span> <span class='ocrx_word' id='word_1_957' title='bbox 2989 5590 3080 5630; x_wconf 88' lang='lat' dir='ltr'><strong>non</strong></span> <span class='ocrx_word' id='word_1_958' title='bbox 3100 5579 3292 5632; x_wconf 81' lang='lat' dir='ltr'><strong>divitias</strong></span> <span class='ocrx_word' id='word_1_959' title='bbox 3308 5594 3536 5632; x_wconf 84' lang='lat' dir='ltr'><strong>amamus.</strong></span> 
     </span>
    </p>
   </div>
   <div class='ocr_carea' id='block_1_119' title="bbox 2227 5635 3732 5702">
    <p class='ocr_par' dir='ltr' id='par_1_119' title="bbox 2227 5635 3732 5702">
     <span class='ocr_line' id='line_1_122' title="bbox 2227 5635 3732 5702; baseline 0.002 -16"><span class='ocrx_word' id='word_1_960' title='bbox 2227 5637 2248 5668; x_wconf 85' lang='grc'><strong><em>⁸</em></strong></span> <span class='ocrx_word' id='word_1_961' title='bbox 2271 5643 2336 5702; x_wconf 76' lang='lat' dir='ltr'><strong>tta</strong></span> <span class='ocrx_word' id='word_1_962' title='bbox 2363 5635 2626 5702; x_wconf 84' lang='lat' dir='ltr'><strong>_Petilianus</strong></span> <span class='ocrx_word' id='word_1_963' title='bbox 2655 5640 2703 5689; x_wconf 91' lang='lat' dir='ltr'><strong>in</strong></span> <span class='ocrx_word' id='word_1_964' title='bbox 2724 5647 2829 5702; x_wconf 76' lang='lat' dir='ltr'><strong>Mss.</strong></span> <span class='ocrx_word' id='word_1_965' title='bbox 2857 5649 2911 5691; x_wconf 80' lang='lat' dir='ltr'><strong>At</strong></span> <span class='ocrx_word' id='word_1_966' title='bbox 2934 5635 2982 5689; x_wconf 82' lang='lat' dir='ltr'><strong>in</strong></span> <span class='ocrx_word' id='word_1_967' title='bbox 3006 5641 3170 5702; x_wconf 86' lang='lat' dir='ltr'><strong>editis,</strong></span> <span class='ocrx_word' id='word_1_968' title='bbox 3195 5641 3319 5692; x_wconf 84' lang='lat' dir='ltr'><strong>sicut</strong></span> <span class='ocrx_word' id='word_1_969' title='bbox 3342 5643 3489 5694; x_wconf 81' lang='lat' dir='ltr'><strong>idem.</strong></span> <span class='ocrx_word' id='word_1_970' title='bbox 3514 5669 3572 5680; x_wconf 82' lang='lat'><strong>-</strong></span> <span class='ocrx_word' id='word_1_971' title='bbox 3603 5647 3732 5690; x_wconf 69' lang='lat' dir='ltr'><strong>Juxta</strong></span> 
     </span>
    </p>
   </div>
   <div class='ocr_carea' id='block_1_120' title="bbox 2168 5697 3726 5816">
    <p class='ocr_par' dir='ltr' id='par_1_120' title="bbox 2168 5697 3726 5816">
     <span class='ocr_line' id='line_1_123' title="bbox 2168 5697 3726 5816; baseline 0.002 -69"><span class='ocrx_word' id='word_1_972' title='bbox 2168 5697 2308 5748; x_wconf 79' lang='lat' dir='ltr'><strong>Morel</strong></span> <span class='ocrx_word' id='word_1_973' title='bbox 2329 5697 2475 5750; x_wconf 76' lang='lat' dir='ltr'><strong>Eletn.</strong></span> <span class='ocrx_word' id='word_1_974' title='bbox 2498 5700 2674 5763; x_wconf 86' lang='lat' dir='ltr'><strong>Critic.,</strong></span> <span class='ocrx_word' id='word_1_975' title='bbox 2699 5716 2746 5763; x_wconf 74' lang='grc' dir='ltr'><strong>ι).</strong></span> <span class='ocrx_word' id='word_1_976' title='bbox 2772 5700 2850 5763; x_wconf 88' lang='grc'><strong>87,</strong></span> <span class='ocrx_word' id='word_1_977' title='bbox 2876 5702 2984 5754; x_wconf 73' lang='lat' dir='ltr'><strong>ctuti</strong></span> <span class='ocrx_word' id='word_1_978' title='bbox 3021 5697 3288 5754; x_wconf 80' lang='lat' dir='ltr'><strong>mereamur</strong></span> <span class='ocrx_word' id='word_1_979' title='bbox 3319 5719 3333 5753; x_wconf 89' lang='lat'><em>:</em></span> <span class='ocrx_word' id='word_1_980' title='bbox 3364 5704 3620 5816; x_wconf 41' lang='lat' dir='ltr'><strong>auaritiam,</strong></span> <span class='ocrx_word' id='word_1_981' title='bbox 3640 5711 3726 5752; x_wconf 76' lang='lat' dir='ltr'><strong>&#39;ctc.</strong></span> 
     </span>
    </p>
   </div>
  </div>
