3792 6130
0 349 68 406 ὖἿ

0 484 90 525 um
117 510 134 534 ,
167 478 270 520 nec
299 462 418 532 ipsa
461 457 654 513 saltem
685 451 896 523 probata
927 442 1148 501 crimina
1178 439 1424 492 Afrorum
1456 432 1494 481 ί.
1524 426 1581 482 Si

0 557 258 617 taberetis
285 552 613 609 charitatcm
636 587 651 610 ,
679 558 783 599 non
807 542 862 596 in
891 535 1080 594 veStris
1106 527 1385 587 calumniis
1415 525 1583 592 linge-

0 655 132 721 etis,
159 650 260 707 sed
285 649 343 704 in
364 643 548 700 verbis
573 635 783 696 Domini
801 627 1232 690 manifestissime
1251 629 1582 691 expressain,

0 763 137 819 isque
157 745 217 799 in
248 751 410 796 totam
433 746 619 793 terram
644 730 791 805 (Aet.
811 744 852 795 ι,
882 725 974 796 8),
999 714 1391 794 cognosceretis
1406 709 1585 766 unita—

0 861 112 900 ειη.
137 841 203 897 Si
215 851 401 896 autem
420 839 522 892 hoc
540 849 643 889 non
661 828 854 894 fecisti,
868 822 994 896 quid
1011 815 1257 893 gloriaris
1274 809 1425 884 quasi
1442 807 1584 863 lece-

0 935 96 990 is?
121 932 280 987 Itane
310 944 440 985 vero
463 924 674 982 divitias
717 915 1012 975 formidatis
1036 954 1051 977 ,
1086 918 1143 965 ut
1167 905 1300 962 nihil
1330 901 1587 958 habentes

0 1027 170 1081 nnnia
220 1017 576 1094 possideatis?
607 1015 702 1071 Dic
753 1013 852 1068 ista
897 1006 1119 1075 collega:
1168 1009 1262 1056 tuo
1316 993 1584 1063 Crispino,

0 1120 73 1190 pii
107 1115 280 1171 modo
315 1113 466 1185 juxta
511 1109 803 1179 Hipponem
845 1109 1082 1156 nostram
1117 1087 1447 1162 comparavit
1469 1081 1590 1138 fun-

0 1172 140 1272 ium,
175 1205 273 1262 ubi
307 1172 848 1273 mergeret-homines
877 1192 929 1246 in
954 1183 1274 1261 profundum
1304 1177 1406 1252 (a).
1437 1172 1590 1233 Unde

0 1302 92 1355 hoc
123 1307 181 1355 et
211 1310 316 1368 ego
361 1266 582 1348 nimium
608 1290 631 1322 ¹
679 1285 804 1342 novi
834 1301 848 1338 :
881 1293 936 1338 tu
985 1280 1120 1334 forte
1149 1273 1326 1330 nescis
1349 1312 1362 1334 ,
1393 1277 1447 1324 et
1471 1266 1592 1322 ideo

0 1408 223 1452 secvrus
273 1391 512 1456 clamas,
561 1383 775 1439 Divitias
825 1375 1178 1452 formidamus.
1221 1366 1377 1425 Unde
1428 1362 1594 1418 miror

0 1484 135 1558 quod
153 1486 259 1540 ista
271 1497 377 1537 vos
393 1453 505 1547 tua,
523 1475 656 1533 utad
672 1487 770 1530 nos
789 1467 1113 1542 perveniret,
1131 1463 1304 1534 ipsum
1322 1453 1590 1512 transiliit.

0 1549 140 1635 Inter
165 1573 580 1634 Constantinam
623 1567 818 1638 quippe
858 1561 950 1618 ubi
997 1567 1054 1614 tu
1082 1571 1142 1611 es
1162 1595 1176 1621 ,
1214 1561 1268 1609 et
1297 1549 1592 1620 Hipponem

0 1671 83 1726 ubi
129 1683 238 1740 ego
283 1680 440 1729 sum,
469 1637 686 1717 Calama
729 1655 820 1711 ulti
863 1653 952 1708 ille
980 1657 1101 1715 est,
1134 1642 1356 1700 vicinior
1380 1637 1594 1712 quidem

0 1729 199 1822 nobis:
199 1758 299 1815 sed
328 1766 505 1812 tamen
531 1747 844 1820 interposita
870 1751 971 1799 est.
1002 1739 1165 1796 Miror
1183 1749 1310 1806 ergo
1330 1729 1599 1804 quomodo

0 1872 106 1912 non
134 1853 234 1909 ille
261 1849 411 1921 prior
439 1844 652 1915 excepit
682 1833 1074 1898 hanc'vocem,
1103 1839 1158 1886 et
1179 1826 1504 1896 repercusslt
1530 1834 1600 1875 ne

1 1945 260 2002 transiret
305 1938 373 1994 ad
413 1950 544 2001 nos,
578 1911 640 1989 et
684 1929 940 1986 adversus
985 1934 1038 1979 te
1078 1919 1379 1976 divitiarum
1418 1911 1600 1968 laudes

1 2041 173 2096 multo
203 2029 481 2104 copiosius
519 2023 781 2082 recitavit.
813 2019 930 2075 Non
960 2014 1134 2071 solum
1163 2009 1303 2066 enim
1345 2020 1452 2061 non
1487 2002 1601 2058 for-

4 2132 174 2188 midat
206 2098 297 2183 ille
324 2123 535 2179 divitias
558 2159 574 2184 ,
614 2116 709 2173 sed
734 2123 791 2170 et
831 2118 993 2166 amat.
1042 2106 1109 2162 Et
1145 2110 1290 2159 certe
1316 2098 1384 2155 de
1406 2104 1602 2152 cancro

9 2224 326 2295 priusquam
351 2214 503 2280 edas,
525 2209 692 2266 recita
720 2205 796 2261 illi
822 2203 946 2260 talia
977 2217 992 2254 :
1020 2199 1065 2254 si
1088 2211 1193 2251 non
1218 2186 1600 2251 emendaverit,

8 2281 425 2384 respondemus.
457 2303 538 2359 Tu
577 2307 755 2355 autem
776 2336 794 2365 ,
821 2294 870 2350 si
894 2303 1081 2348 verum
1128 2294 1211 2342 est
1236 2281 1378 2355 quod
1403 2291 1606 2350 pauper

9 2409 81 2463 sis
103 2449 121 2474 ,
152 2402 231 2459 ibi
274 2398 445 2455 babes
471 2395 691 2450 fratrem
735 2399 914 2443 meum
958 2381 1310 2439 Fortunatum
1348 2389 1364 2427 :
1401 2368 1608 2426 facilius

11 2461 134 2560 inde
185 2498 401 2568 placere
444 2487 648 2562 poteris
691 2482 772 2540 illi
816 2478 1035 2549 collegae
1078 2485 1239 2535 meo,
1283 2480 1441 2539 quam
1485 2461 1608 2518 huic

17 2606 123 2649 ωο.

83 2643 321 2741 carni
359 2675 423 2732 c.
449 2703 522 2715 —
556 2668 683 2727 229.
710 2666 898 2723 PB‘I‘IL.
932 2657 1067 2717 dixit
1111 2674 1124 2710 ;
1172 2651 1286 2708 Νοε
1312 2651 1488 2705 timore
1516 2643 1612 2699 Dei

17 2795 111 2852 quo
133 2776 372 2839 vivimus,
401 2782 576 2840 prunas
602 2773 647 2819 et
673 2769 858 2816 mortes
885 2770 1011 2827 quas
1039 2749 1209 2828 gladio
1236 2744 1400 2818 facitis
1419 2757 1522 2795 non
1543 2739 1610 2792 ti-

18 2836 215 2928 memus
240 2885 260 2923 :
282 2836 372 2924 sed
399 2836 454 2918 id
492 2860 656 2915 solum
698 2853 906 2922 denique
946 2845 1166 2919 fugimus
1187 2883 1201 2907 ,
1231 2836 1366 2903 quod
1389 2848 1612 2888 continu-

21 2969 170 3022 nione
189 2959 496 3033 nequissima
520 2953 716 3008 animas
733 2941 1004 3018 jugulatis,
1028 2935 1246 2992 Domino
1267 2933 1378 3002 ipso
1397 2928 1613 2992 dicente,

28 3079 44 3111 t
93 3055 273 3112 Nolite
305 3052 478 3104 timere
505 3061 589 3100 eos
613 3041 700 3112 qui
728 3051 910 3108 corpus
937 3027 1170 3086 occidunt
1187 3065 1204 3090 ,
1236 3022 1459 3077 animum
1483 3017 1617 3072 enim

28 3149 251 3204 occidere
278 3159 382 3197 non
413 3109 661 3208 possunt;
702 3130 788 3186 sed
828 3128 992 3180 timete
1018 3120 1181 3193 potius
1217 3131 1334 3170 eum
1360 3113 1443 3184 qui
1473 3109 1618 3164 habet

31 3247 326 3313 potestatem
355 3231 377 3264 ³
424 3243 606 3298 corpus
651 3235 697 3282 et
738 3220 962 3275 animam
1003 3214 1196 3267 mittere
1231 3207 1284 3261 in
1341 3204 1620 3276 gehennam

30 3334 157 3406 ignis
195 3351 214 3384 ι
262 3325 493 3400 (Matth.
521 3338 575 3387 Χ,
602 3316 732 3388 28).

268 3385 408 3477 λης.
476 3385 750 3484 respondit
800 3424 815 3461 :
863 3403 1015 3474 Quod
1068 3397 1242 3459 dicis,
1295 3405 1392 3446 vos
1447 3385 1622 3442 facitis

31 3475 618 3588 nor—ivgladio'visibili,
647 3500 740 3558 sed
772 3498 864 3553 illo
891 3496 959 3550 de
1000 3505 1107 3564 quo
1135 3488 1332 3543 dictum
1369 3488 1470 3547 est,
1500 3475 1626 3531 Filii

35 3612 299 3668 hominum
324 3604 498 3658 dentes
518 3612 691 3653 eorum
714 3608 858 3646 arnta
883 3598 928 3643 et
958 3585 1176 3655 sagittis,
1194 3587 1240 3633 et
1261 3578 1435 3646 lingua
1454 3583 1627 3625 eorum

35 3659 442 3779 ﬁdei-tidem
468 3689 648 3766 (Psal.
679 3682 882 3752 Lvi,5).
913 3679 1026 3734 Hoc
1047 3675 1192 3731 enim
1233 3666 1410 3741 gladio
1443 3659 1628 3719 crimi-

476 3757 488 3766 .

37 3811 222 3856 natore
249 3804 307 3850 et
332 3786 718 3847 calumniatore
747 3777 891 3832 orbis
934 3766 1187 3840 incogniti
1212 3808 1226 3830 ,
1260 3757 1630 3831 imperitorum

37 3893 246 3948 animas
270 3879 568 3940 trucidatis.
599 3873 658 3930 Si
700 3877 875 3925 autem
905 3859 1333 3920 communionem
1363 3844 1631 3918 nequissi-

43 3998 181 4038 mam
209 3988 459 4039 accusas,
491 3983 617 4025 ecce
645 3979 759 4026 ore,
787 3974 892 4015 non
921 3969 1063 4020 meo,
1090 3951 1185 4006 sed
1212 3959 1324 4015 tuo,
1351 3942 1631 4007 ascendas,

44 4071 345 4131 descendas
365 4109 380 4134 ,
428 4064 596 4118 intres
617 4102 632 4128 ,
662 4053 893 4112 verseris
919 4093 934 4118 ,
977 4041 1342 4117 tergiverseris
1366 4080 1381 4104 ,
1415 4037 1537 4093 talis
1575 4049 1636 4090 es

45 4169 215 4241 qualis
245 4130 498 4232 Optatus.
529 4155 586 4210 Si
616 4161 790 4207 autem
816 4144 960 4202 redis
983 4141 1050 4197 ad
1077 4154 1170 4195 cor
1193 4179 1208 4202 ,
1236 4145 1292 4191 et
1315 4130 1554 4188 invenies
1582 4135 1638 4182 te

47 4280 148 4320 non
171 4273 299 4316 esse
322 4255 506 4318 talem,
525 4264 631 4305 non
659 4243 782 4316 quia
803 4250 976 4296 tecum
997 4235 1339 4292 Sacramenta
1364 4240 1471 4280 non
1490 4236 1640 4279 com-

49 4350 384 4414 municavit,
414 4315 508 4401 sed
551 4336 794 4413 quiatibi
838 4327 1138 4401 displicuit;
1178 4320 1426 4376 absolves
1454 4315 1640 4370 orbem

54 4459 323 4506 terrarum
366 4435 682 4496 criminibus
723 4427 912 4485 alienis
933 4467 947 4492 ,
977 4431 1032 4478 et
1072 4413 1310 4474 invenies
1337 4425 1434 4466 vos
1467 4406 1642 4477 impli-

56 4555 199 4600 catos
225 4536 455 4596 crimine
476 4525 799 4587 schismatis.

405 4623 488 4680 CI.
543 4651 614 4662 ——
662 4616 790 4673 2'51.
831 4612 1015 4668 PB’I‘IL.
1058 4603 1233 4659 dixit:
1273 4597 1374 4651 Vos
1413 4609 1530 4665 ergo
1558 4591 1646 4662 qui

62 4725 337 4801 falsissimo
363 4716 611 4786 baptismo
639 4707 790 4764 vultis
811 4701 969 4759 lavari
992 4711 1146 4769 quam
1170 4690 1329 4754 nasci,
1358 4701 1460 4741 non
1480 4681 1647 4738 solum

60 4826 220 4873 vestra
238 4812 426 4868 delicta
451 4823 551 4861 non
579 4799 786 4874 ponitis,
812 4808 982 4849 verum
1008 4788 1202 4843 animas
1228 4789 1416 4837 vestras
1444 4788 1649 4830 reorum

64 4906 357 4964 criminibus
383 4897 622 4955 oneratis.
669 4891 733 4947 Ut
774 4888 906 4944 enim
941 4898 1073 4954 aqua
1108 4874 1390 4932 nocentium
1415 4886 1449 4924 a
1476 4875 1650 4923 sancto

69 5000 267 5071 Spiritu
307 5000 520 5049 vacuata
557 4994 668 5050 est,
707 4983 779 5037 ita
823 4979 974 5050 plane
1018 4971 1204 5040 referta
1243 4975 1314 5020 est
1355 4959 1651 5018 criminibus

848 5069 854 5071 Α
1031 5065 1040 5071 -
1193 5058 1202 5071 -
1253 5057 1264 5071 ι
1324 5055 1334 5066 -
1383 5049 1620 5071 “-4”-

75 5362 253 5418 dente"
281 5355 584 5414 conscientia
608 5347 850 5423 percipies
876 5351 922 5398 et
947 5348 1160 5395 reatum.
1191 5332 1253 5388 Si
1268 5328 1490 5384 avaritia:
1505 5326 1656 5397 ﬂam-

222 5451 422 5506 votebas
437 5415 772 5513 exstinguere,
793 5429 1109 5508 perfunderis
1125 5423 1324 5496 fraude,
1340 5415 1659 5493 perfunderis

137 5593 156 5624 ¹
179 5589 233 5641 ιιι
258 5585 408 5637 editis
419 5582 562 5648 loco,
577 5576 833 5648 λίβη-ατη,
844 5573 1075 5648 corrupte
1096 5561 1378 5625 legebatur,
1396 5555 1626 5619 patrum.

136 5655 160 5686 ⁸
181 5653 253 5702 sic
270 5655 380 5700 MSS.
407 5653 464 5696 At
487 5641 622 5700 editi,
953 5700 960 5702 _
992 5688 1002 5699 ο

141 5717 162 5748 ³
179 5688 514 5764 Fata-Tutia
524 5688 654 5753 dies.
667 5700 800 5764 citat,
824 5693 964 5745 habet
985 5688 1046 5764 in.

140 5779 163 5813 δ
179 5749 651 5828 nﬁiio'éiitﬁvéuis
669 5749 844 5828 codex,
866 5749 1169 5812 accendente.

139 5826 349 5910 (aliide
374 5847 516 5892 supra
559 5843 657 5882 ean.
689 5826 750 5875 81

1318 310 1519 371 LIBER
1555 300 1929 362 SECUNDUS.

3163 284 3268 348 338.

1688 423 1892 490 scelere,
1925 421 2245 493 perfunderis
2270 428 2316 472 et
2345 421 2537 489 furore.
2574 411 2837 465 Postremo
2863 407 2905 460 si
2935 404 3115 467 cred-is,
3147 401 3267 470 quia

1687 514 1980 585 accipientis
2017 523 2064 567 et
2088 511 2256 566 dantis
2279 519 2350 563 est
2376 507 2522 577 ﬁdes,
2553 505 2617 558 ab
2643 519 2700 557 eo
2721 501 2809 572 qui
2830 496 3069 566 inter/icit
3108 493 3275 548 homi-

1689 583 1823 674 nem,
1851 604 2098 678 sanguine
2123 600 2437 674 perfunderis
2464 595 2656 666 fratris.
2691 592 2773 647 Ita
2801 590 2988 661 agitur,
3016 595 3072 640 ut
3096 585 3182 658 qui
3206 583 3275 638 ad

1691 703 2010 775 Baptismum
2033 701 2272 754 innocens
2296 709 2522 760 veneras,
2545 707 2578 744 a
2603 686 2863 760 Baptismo
2888 681 3066 738 redeas
3100 677 3272 751 parri-

1691 795 1826 850 cida.

1761 885 1888 943 252.
1919 885 2056 940 Anc.
2087 878 2401 952 respondit:
2425 875 2631 932 Vellem
2655 884 2778 928 cum
2803 869 2883 925 eis
2902 861 3272 930 sermocinari,

1693 980 1783 1052 qui
1804 977 1981 1034 verbis
2001 975 2116 1030 istis
2139 972 2294 1030 lectis
2319 970 2405 1026 vel
2429 966 2625 1024 auditis
2649 962 3095 1020 acclamaverunt.
3117 955 3279 1012 Tales

1693 1073 1836 1129 enim
1867 1085 1972 1126 non
2004 1067 2199 1124 habent
2219 1078 2378 1120 aures
2401 1062 2454 1117 in
2483 1057 2647 1116 corde
2670 1099 2683 1120 ,
2711 1053 2808 1112 sed
2835 1067 2930 1109 cor
2953 1051 3007 1107 in
3034 1047 3275 1105 auribus.
3329 1083 3351 1116 .,

1694 1165 1898 1236 Legant
1921 1172 2100 1218 tamen
2135 1159 2329 1214 iterum
2354 1164 2409 1210 et
2437 1154 2627 1209 iterum
2647 1190 2663 1216 ,
2691 1156 2750 1204 et
2771 1143 3007 1215 cogitent
3028 1181 3046 1210 ,
3068 1147 3126 1197 et
3151 1153 3278 1194 sen-

1695 1230 1830 1316 tiant
1859 1258 1876 1289 ¹
1903 1270 1987 1320 ea,
2021 1268 2126 1309 non
2154 1248 2281 1323 quid
2311 1251 2537 1313 sonent,
2566 1240 2661 1298 sed
2687 1237 2816 1312 quid
2839 1234 3070 1306 sapiant.
3099 1230 3282 1286 Primo

1697 1362 1757 1408 ut
1780 1351 1882 1405 hoc
1906 1319 2150 1403 ultimum
2173 1319 2442 1398 excutiam
2471 1353 2486 1390 :
2515 1335 2603 1392 Ita
2631 1348 2751 1404 ergo
2778 1329 2857 1400 ﬁt,
2884 1323 3080 1396 inquis,
3109 1329 3167 1376 ut
3193 1319 3283 1391 qui

1698 1444 1766 1498 ad
1789 1440 2107 1512 Baptismum
2123 1437 2364 1490 innocens
2383 1444 2610 1494 veneras,
2628 1441 2660 1480 a
2679 1421 2943 1495 Baptismo
2966 1414 3142 1472 redeas
3165 1429 3287 1485 par-

1697 1506 1896 1591 ricida:
1921 1528 2188 1601 responde
2212 1525 2360 1596 prius
2379 1563 2395 1587 ,
2425 1521 2546 1593 quis
2574 1516 2643 1574 ad
2667 1511 2998 1584 Baptismum
3027 1506 3288 1563 innocens

1700 1625 1880 1684 veniat
1907 1625 1962 1689 ³,
1989 1595 2330 1691 exceptoillo
2367 1613 2459 1685 qui
2487 1626 2593 1667 non
2620 1607 2742 1664 ideo
2766 1603 2912 1660 venit
2948 1595 3206 1670 baptizari
3231 1602 3292 1651 ut

1701 1721 1818 1792 ejus
1845 1687 2153 1774 ablueretur
2199 1708 2452 1781 iniquitas
2474 1746 2492 1773 ,
2531 1702 2631 1761 sed
2673 1709 2732 1756 ut
2779 1696 2934 1753 nobis
2974 1687 3292 1748 humilitatis

1703 1782 2032 1887 prabet-etut
2059 1801 2392 1863 auctoritas?
2435 1796 2572 1867 Quid
2617 1793 2762 1850 enim
2808 1788 3105 1846 dimittetur
3132 1782 3290 1839 inno-

1703 1875 1882 1964 centi?
1907 1906 2014 1960 Aut
2047 1912 2178 1956 vero
2213 1897 2290 1953 ita
2318 1909 2382 1951 es
2406 1892 2663 1963 eloquens
2687 1886 2709 1918 ³
2728 1927 2745 1953 ,
2773 1893 2833 1940 ut
2857 1879 3110 1938 ostendas
3137 1875 3295 1932 nobis

1705 1997 1991 2072 quamdam
2017 1989 2377 2050 innocentiam
2403 1981 2776 2057 peccatricem.
2801 1975 2992 2032 Nonne
3017 1969 3171 2027 audis
3213 1967 3294 2023 di-

1706 2061 1918 2148 dentem
1945 2085 2275 2156 Scripturam
2295 2121 2312 2146 ,
2350 2076 2518 2134 Nemo
2557 2070 2778 2127 mundus
2806 2084 2838 2122 a
2865 2073 3068 2138 peccato
3095 2061 3150 2116 in
3174 2074 3298 2115 con-

1708 2191 1882 2255 spectu
1905 2190 2027 2246 tuo,
2054 2153 2145 2232 nec
2173 2172 2346 2244 infans
2386 2168 2536 2240 cujus
2568 2172 2644 2220 est
2685 2159 2788 2215 diei
2821 2157 2973 2212 unius
3014 2153 3116 2208 vita
3147 2165 3299 2221 super

1709 2241 1897 2330 terram
1921 2241 2054 2341 (Job
2082 2280 2198 2335 nv,
2223 2241 2326 2319 sec.
2357 2254 2575 2331 LXX)?
2600 2253 2735 2311 Nam
2759 2247 2904 2306 unde
2930 2245 2999 2302 ad
3022 2241 3298 2301 remissio-

1710 2380 1835 2423 nem
1860 2333 2203 2436 peccatorum
2245 2365 2452 2412 etcum
2481 2345 2772 2406 infantibus
2805 2335 3072 2398 curritur?
3111 2333 3304 2391 Nonne

1712 2425 2048 2517 audis-aliam
2077 2471 2092 2509 :
2123 2450 2239 2524 Ego
2278 2449 2333 2503 in
2370 2444 2636 2516 iniquitate
2674 2442 2942 2507 conceptus
2977 2446 3090 2488 sum
3115 2425 3301 2501 (Psal.

1714 2570 1747 2610 ι.
1765 2595 1780 2621 ,
1809 2549 1910 2624 7)?
1938 2545 2143 2605 Deinde
2174 2518 2228 2600 si
2267 2549 2550 2614 propterea
2595 2531 2737 2590 redit
2780 2523 3043 2600 parricida
3070 2519 3161 2594 qui
3188 2518 3308 2575 sine

1715 2619 2004 2718 parricidio
2021 2645 2262 2704 venerat,
2283 2633 2408 2706 quia
2433 2644 2560 2688 eum
2582 2622 2845 2696 parricida
2865 2620 3125 2690 baptizat;
3146 2619 3307 2684 quot-

1716 2706 1849 2810 quot
1876 2735 1944 2790 ab
1971 2731 2166 2804 Optato
2195 2723 2448 2798 baptizati
2475 2718 2774 2783 redierunt,
2805 2713 2982 2784 Optati
3008 2706 3132 2764 facti
3161 2711 3304 2761 sunt.

1717 2797 1810 2890 lto
1828 2843 1970 2887 nunc
1988 2870 2004 2897 ,
2021 2797 2088 2883 et
2112 2797 2513 2890 nobisiobjicite
2535 2854 2551 2881 ,
2577 2809 2722 2884 quod
2749 2812 2803 2865 in
2828 2819 2924 2862 vos
2974 2814 3160 2873 regum
3205 2797 3312 2853 ira-

1720 2924 1970 2984 cundiam
1991 2892 2360 2976 concitemus.
2404 2909 2523 2966 Non
2575 2901 2814 2961 metuitis
2853 2913 2925 2956 ne
2972 2911 3003 2950 a
3029 2892 3182 2951 vobis
3230 2897 3316 2946 tot

1720 3017 1962 3079 Gildonis
1977 3013 2233 3071 satellites
2248 3004 2606 3078 inquirantur,
2623 3004 2754 3069 quot
2769 2991 3016 3049 homines
3034 2987 3103 3043 ab
3116 2984 3314 3056 Optato

1721 3111 1982 3184 baptizari
2007 3101 2330 3179 potuerunt?
2358 3097 2595 3155 Videsne
2621 3090 2838 3148 tandem
2863 3079 3314 3158 quemadmodum

1725 3208 1825 3263 ista
1862 3214 1951 3260 tua
2006 3196 2270 3258 sententia
2290 3235 2306 3261 ,
2354 3192 2493 3247 sicut
2516 3187 2696 3243 vesica
2719 3181 2773 3249 ⁸,
2803 3194 2916 3238 non
2953 3175 3130 3233 solum
3172 3169 3320 3227 inani

1726 3314 1880 3362 sono,
1910 3295 2006 3352 sed
2035 3293 2197 3349 etiam
2225 3289 2280 3343 in
2307 3286 2484 3355 capite
2507 3285 2688 3336 vestro
2709 3269 3010 3344 crepuerit?

1797 3355 1925 3446 253.
1965 3387 2082 3443 Jam
2109 3390 2306 3439 caetera
2349 3373 2629 3446 superiora
2647 3409 2663 3435 ,
2695 3381 2815 3439 quin
2858 3377 3002 3420 nunc
3023 3355 3316 3417 refellenda

1727 3477 2127 3556 proposuimus,
2158 3470 2283 3528 talia
2309 3445 2455 3534 sunt,
2484 3472 2544 3519 ut
2569 3459 2791 3516 omnino
2824 3453 2946 3512 talis
2969 3451 3194 3522 quisque
3218 3445 3318 3502 ba-

1729 3539 1960 3646 ptizatus
1988 3539 2163 3625 redire
2190 3561 2418 3625 dicatur,
2436 3552 2613 3627 qualis
2631 3548 2792 3607 fuerit
2811 3562 2843 3602 a
2861 3559 2968 3617 quo
2995 3539 3318 3612 baptizatur.

1731 3630 1839 3725 Sed
1863 3663 2004 3719 absit
2029 3667 2268 3729 utquam
2297 3651 2530 3708 delirans
2558 3646 2660 3702 ista
2689 3639 2826 3698 dicis
2847 3681 2863 3707 ,
2891 3645 3002 3694 tam
3027 3630 3183 3690 deliri
3208 3643 3240 3684 a
3266 3636 3324 3684 te

1735 3718 1958 3816 redeant
1995 3718 2141 3824 quos.
2174 3743 2432 3817 baptizas.
2477 3738 2549 3795 Et
2597 3749 2757 3806 quam
2799 3729 2940 3788 belle
2967 3727 2990 3760 ⁸
3018 3724 3116 3782 tibi
3144 3718 3328 3779 sonuit

1736 3848 1879 3924 quod
1907 3817 2107 3910 dixisti,
2140 3835 2475 3912 Perfunderis
2504 3828 2690 3904 fraude
2706 3867 2722 3894 ,
2749 3821 3069 3897 perfunderis
3093 3817 3280 3875 scelere
3303 3855 3321 3882 ,

1737 3938 2058 4018 perfunderis
2077 3945 2123 3991 et
2136 3908 2334 4009 furore!
2347 3929 2428 3983 Tu
2438 3939 2570 3982 vero
2589 3921 2691 3979 nisi
2712 3918 2914 3982 lurore,
2931 3929 3038 3971 non
3055 3908 3326 3984 perfusus,

1741 3999 1845 4094 sed.
1862 4033 2095 4105 repletus
2119 3999 2300 4092 esses,
2329 4022 2430 4076 ista
2456 4032 2564 4073 non
2592 4011 2916 4072 effunderes.
2944 4007 3110 4070 Itane,
3143 4010 3204 4058 ut
3225 3999 3332 4055 alia

1741 4139 1970 4190 taceam,
1996 4120 2318 4192 quicumque
2338 4126 2446 4166 non
2474 4105 2620 4162 avari
2646 4102 2712 4158 ad
2737 4113 2928 4157 avaros
2950 4096 3184 4164 collegas
3211 4100 3331 4145 tuos

1744 4222 1826 4277 vel
1854 4215 2197 4289 presbyteros
2242 4214 2454 4260 vestros
2478 4192 2780 4268 baptizandi
2809 4189 3050 4252 veniunt,
3080 4182 3224 4239 avari
3246 4195 3332 4236 re.

1745 4272 1944 4373 deuiit;
1975 4272 2037 4362 ei
2067 4300 2390 4373 quicumque
2434 4287 2602 4347 sobrii
2646 4283 2715 4340 ad
2762 4283 2880 4338 illas
2909 4276 3017 4332 vini
3044 4272 3333 4342 voragines

1747 4411 1967 4466 currunt
1985 4409 2044 4456 ut
2066 4394 2429 4466 baptizentur,
2458 4379 2654 4440 ebriosi
2675 4367 3052 4433 revertuntur?
3077 4366 3179 4423 Ista
3210 4378 3336 4418 sen-

1748 4503 1943 4556 tientes
1968 4503 2021 4549 ct
2053 4454 2160 4546 ista
2191 4482 2478 4540 suadentes
2496 4516 2513 4544 ,
2541 4470 2748 4528 audetis
2772 4467 2932 4524 etiam
2959 4471 3211 4532 tanquam
3241 4454 3336 4509 ad-

1749 4605 1938 4650 versus
1966 4601 2064 4642 nos
2092 4585 2514 4638 commemorare
2531 4608 2548 4637 ,
2577 4563 2720 4638 quod
2747 4560 2906 4634 paulo
2934 4565 3060 4612 ante
3089 4549 3338 4622 superius

1750 4681 1974 4758 posuisti
1999 4719 2014 4745 ,
2043 4675 2245 4730 Bonum
2267 4676 2339 4723 est
2360 4677 2565 4737 sperare
2590 4660 2646 4716 in
2670 4655 2925 4719 Domino,
2951 4662 3104 4720 quam
3135 4655 3341 4714 sperare

1753 4783 1808 4835 in
1833 4768 2258 4831 homine:bonum
2282 4770 2355 4818 est
2378 4770 2584 4830 sperare
2609 4754 2664 4807 in
2691 4747 2931 4812 Domino,
2955 4755 3107 4812 quam
3134 4750 3341 4809 sperare

1754 4827 1808 4928 ;-;;
1833 4827 2146 4942 ῥὲίηείρίιηω
2173 4854 2359 4932 (Psal.
2382 4827 2549 4915 cxvn,
2579 4845 2634 4911 s,
2664 4840 2753 4914 9).
2781 4837 2920 4908 Quid
2947 4833 3089 4891 aliud
3111 4827 3340 4895 docetis,

1756 4977 1960 5037 quaeso,
1985 4971 2146 5031 quam
2172 4966 2279 5008 non
2303 4949 2358 5005 in
2383 4942 2628 5006 Domino,
2655 4935 2750 4991 sed
2777 4933 2830 4987 in
2857 4927 3076 4986 homine
3095 4937 3340 4996 sperare,
3367 4983 3376 5006 ί

2489 5036 2495 5037 ⁷
2573 5032 2586 5037 ·
2702 5027 2714 5037 ⁵
2788 5035 2797 5037 Α
3009 5018 3138 5037 -ς-ιε-
3185 5013 3342 5037 ’.η-ε.

1758 5013 1972 5131 quando
1994 5013 2157 5106 ialem
2198 5041 2314 5099 tieri
2353 5036 2531 5096 dicitis
2573 5027 2897 5100 baptizatum
2921 5064 2940 5092 ,
2969 5018 3143 5092 qualis
3185 5013 3345 5072 fuerit

1618 5142 1654 5195 ῖ⁶
2129 5147 2185 5197 et
2210 5135 2333 5209 quia
2375 5133 2535 5187 istum
2563 5123 2718 5181 vobis
2743 5112 3047 5190 baptizandi
3075 5107 3351 5166 assumitis

1760 5198 2112 5314 principatum
2135 5273 2153 5300 ,
2181 5198 2403 5286 credant
2425 5218 2579 5276 vobis
2605 5213 2884 5273 homines;
2911 5216 2967 5262 et
2990 5203 3080 5275 qui
3110 5211 3265 5258 erant
3292 5198 3350 5254 in

1765 5293 1994 5389 θελξίίὶᾹο
2017 5293 2280 5398 speraturi
2301 5359 2316 5384 ,
2351 5319 2570 5386 sperent
2610 5307 2665 5364 in
2688 5295 3060 5378 principibus?
3085 5293 3199 5350 Iino
3222 5303 3354 5347 vero

1828 5544 1849 5568 ⁸
1872 5544 2008 5591 Εαιιι,
2032 5544 2240 5579 Wal-
2265 5544 2395 5575 ιω..
2419 5544 2590 5563 πων..

1827 5598 1855 5632 ³
1874 5606 1978 5648 ωηο
2002 5599 2055 5643 et
2074 5584 2440 5658 uasa!!!”
2452 5567 2859 5658 29ft?sz

1830 5611 3102 5712 ἶΐὲὐέζᾛξί⁶ξέεέῖζ’ίῖςε“αῆιῑῑῖῶ“εεηισιωα,
3141 5611 3229 5664 κα
3269 5619 3351 5661 σε.

1766 5724 1934 5845 “fit!
1954 5788 2069 5842 sate
2091 5777 2257 5842 editis,
2282 5770 2412 5827 bene.
