3792 6136
44 240 130 294 ut
1371 217 1577 275 LIBER
1617 217 1992 278 SECUNDUS.

43 351 322 408 satellitem
352 350 623 411 clamant,
652 359 757 400 non
784 343 882 398 fuit
903 339 990 398 vel
1017 338 1420 411 qualiscumque
1448 349 1639 406 pecca-

43 446 155 500 tor?
181 441 340 512 Quid
357 455 496 512 ergo
517 438 743 504 incitans,
769 433 963 508 quibus
994 431 1156 488 unxit
1179 425 1351 502 capita
1381 441 1508 485 reus
1531 427 1642 482 cri-

42 537 192 595 minis
209 533 514 608 capitalis?
525 531 713 590 Nonne
731 538 787 587 et
811 529 920 600 ipsi
936 525 1091 583 vobis
1112 523 1287 595 capita
1312 521 1642 588 osculantur,

42 632 103 687 de
127 645 365 701 quorum
398 626 658 698 capitibus
682 639 779 696 per
804 621 948 678 hunc
969 618 1301 676 intellectum
1323 616 1343 650 ί
1371 626 1479 672 tam
1505 613 1647 670 male

39 721 332 796 judicans?
344 721 547 778 Saltem
595 717 803 791 prodite
825 715 970 783 illos,
990 725 1047 770 et
1069 711 1354 768 admonete
1373 717 1434 766 ut
1453 723 1649 766 sanen-

48 829 141 872 tur.
169 817 256 872 An
279 815 440 870 vobis
464 811 640 884 potius
663 819 822 881 caput
847 806 1143 864 sanandum
1168 813 1253 862 est
1278 804 1350 860 ita
1373 801 1650 860 deliranti-

45 911 137 966 bus
153 910 184 963 ?
203 908 362 979 Quid
383 922 530 980 ergo,
558 905 788 977 inquies,
812 903 947 959 dixit
970 899 1134 956 David
1150 897 1178 954 ἲ
1200 897 1340 966 Quid
1365 913 1453 954 me
1484 896 1650 952 inter-

46 999 231 1072 rogas?
259 999 448 1070 ipsum
473 998 742 1067 interroga
767 1011 782 1062 ;
812 994 1091 1066 superiore
1115 1006 1273 1047 versu
1298 988 1393 1044 tibi
1424 1003 1648 1058 respon-

47 1092 128 1147 det
155 1111 168 1146 :
201 1089 548 1155 Emendabit,
581 1089 782 1161 inquit,
811 1103 892 1142 me
908 1087 1084 1160 justus
1111 1085 1166 1139 in
1191 1081 1538 1138 misericordia
1555 1121 1573 1150 ,
1600 1090 1650 1136 et

50 1193 216 1256 arguet
241 1197 368 1246 me;
391 1183 556 1239 oleum
579 1190 749 1236 autem
772 1179 1054 1250 peccatoris
1077 1192 1180 1232 non
1203 1172 1540 1260 impinguabit
1559 1189 1649 1227 ca-

50 1289 136 1350 put-
148 1294 318 1333 meum
341 1276 514 1351 (Ptol.
540 1291 668 1343 cn,
694 1275 771 1346 5).
795 1273 931 1343 Quid
951 1271 1202 1346 planius?
1223 1269 1360 1338 Quid
1377 1265 1650 1339 apertius?

53 1372 212 1427 Malim
233 1413 250 1438 ,
289 1371 501 1441 inquit,
540 1385 629 1425 me
666 1364 1004 1424 misericordi
1035 1363 1406 1436 objurgatione
1433 1361 1647 1428 sanari,

52 1479 196 1535 quam
222 1463 430 1520 blanda
451 1461 757 1518 adulatione
781 1470 1033 1531 tanquam
1060 1457 1192 1513 mihi
1216 1466 1376 1527 caput
1399 1463 1647 1527 ungatur,

55 1557 212 1627 decipi
237 1568 410 1628 omne
431 1555 686 1627 perverti.
727 1552 840 1611 Sub
876 1553 996 1608 aliis
1028 1551 1207 1608 verbis
1241 1551 1353 1621 ipsa
1384 1550 1652 1605 sententia

54 1658 128 1704 est
159 1648 289 1704 alibi
328 1648 731 1718 Sesipturarum
761 1664 777 1702 :
807 1643 1026 1701 Meliora
1063 1654 1182 1698 sunt
1215 1642 1430 1697 vulnera
1464 1641 1648 1709 amici,

55 1757 194 1811 quam
216 1741 510 1796 voluntaria
536 1739 714 1795 oscula
739 1738 932 1794 inimici
965 1735 1146 1810 (Prov.
1176 1751 1351 1802 xxv",
1379 1733 1461 1807 ϐ).

116 1833 348 1891 CAPUT
368 1833 506 1891 CW.
526 1862 603 1876 ——
617 1831 749 1888 258'.
779 1830 964 1887 Ρετιι..
989 1828 1123 1885 dixit
1149 1845 1162 1882 :
1189 1825 1513 1900 Unguentum
1536 1841 1652 1882 vero

59 1928 332 1983 concordiae
358 1929 434 1984 sic
461 1928 515 1983 in
543 1925 786 1999 fratribus
812 1923 988 1979 laudat
1018 1938 1040 1978 :
1067 1941 1090 1976 ι
1124 1921 1260 1977 Ecce
1285 1937 1438 1992 quam
1467 1920 1653 1974 bonum

59 2029 100 2072 et
119 2036 266 2090 nam
283 2019 604 2090 jucundum,
637 2018 864 2072 Habitare
889 2024 1074 2089 patres
1096 2015 1149 2069 in
1179 2029 1357 2069 unum.
1390 2011 1654 2082 Tanquam

58 2123 359 2184 unguentum
386 2113 442 2168 in
464 2114 650 2184 capite,
677 2110 816 2182 quod
835 2109 1094 2166 descendit
1116 2109 1171 2163 in
1195 2106 1423 2174 barbam,
1447 2106 1654 2161 barbam

61 2207 234 2266 Aaron.
257 2206 408 2276 quod
422 2205 682 2260 descendit
703 2205 764 2259 in
776 2219 920 2259 oram
936 2200 1219 2256 vestimenti
1238 2200 1349 2272 ejus
1377 2214 1397 2254 :
1419 2200 1546 2253 sicut
1569 2214 1654 2254 ros

68 2295 306 2362 Harmon,
348 2299 442 2370 qui
476 2297 733 2352 descendit
769 2297 828 2350 in
855 2303 1077 2349 montem
1111 2292 1261 2350 Sion.
1298 2291 1550 2357 Quoniam
1584 2289 1656 2345 ibi

64 2391 310 2446 mandavit
339 2391 591 2445 Dominus
615 2389 1029 2453 benedictionem,
1053 2395 1101 2441 et
1118 2385 1274 2440 vitam
1300 2401 1457 2455 usque
1479 2385 1534 2439 in
1558 2401 1655 2440 ste-

65 2481 217 2537 caluru
247 2501 270 2536 ι
296 2482 477 2556 (Ρεαι.
503 2483 733 2554 cxxxn).
765 2481 875 2549 Sic,
903 2479 1085 2550 inquit,
1108 2477 1318 2548 ungitur
1339 2475 1529 2544 unitas,
1555 2476 1654 2530 sic-

69 2583 113 2626 ut
137 2576 272 2630 uncti
298 2585 430 2631 sunt"
446 2574 754 2630 sacerdotes.

123 2667 243 2724 259.
269 2669 408 2725 Aac.
429 2667 710 2739 respondit
731 2685 746 2723 :
767 2665 966 2722 Verum
988 2663 1144 2720 dicis.
1163 2660 1298 2719 Nam
1319 2661 1454 2717 illud
1472 2675 1652 2717 sacer-

71 2760 259 2817 dotum
281 2762 336 2817 in
370 2762 546 2834 ﬁgura
559 2760 800 2832 corporis
823 2757 1024 2815 Christi
1052 2755 1284 2812 habebat
1309 2754 1614 2811 unctionem
1634 2795 1650 2822 ,

72 2853 196 2923 quod
221 2853 443 2909 unitatis
467 2866 728 2923 compage
751 2850 812 2906 iit
839 2849 1067 2908 salvum.
1095 2847 1229 2904 Nam
1268 2855 1326 2904 et
1357 2847 1470 2918 ipse
1495 2845 1654 2901 Chri-

74 2954 172 3002 stus
191 2961 224 3003 ε
244 2948 548 3003 chrismate:
562 2945 878 3017 appellatur,
899 2943 954 2998 id
979 2951 1084 3009 est,
1111 2941 1181 2997 ab
1203 2939 1474 2996 unctione.
1502 2938 1656 2995 Hunc

77 3034 262 3093 Hebraei
286 3038 480 3096 dicunt
505 3037 750 3093 Moesiam
767 3079 783 3105 ,
811 3034 954 3108 quod
977 3033 1199 3090 verbum
1227 3033 1437 3104 punicae
1465 3032 1657 3103 linguae

78 3141 352 3185 consonum
391 3139 510 3195 est,
554 3129 694 3185 sicut
731 3127 836 3183 alia
876 3127 1087 3183 habt-tea
1130 3126 1393 3196 permulta
1430 3131 1486 3180 et
1520 3137 1659 3194 pene

78 3221 234 3277 omnia
256 3222 360 3295 (a).
384 3221 628 3292 Quid-est
646 3235 776 3291 ergo
802 3219 857 3276 in
884 3220 975 3276 illo
1000 3217 1302 3275 sacerdotio
1323 3223 1503 3287 caput,
1530 3214 1658 3286 quid

81 3311 237 3378 barba,
265 3314 400 3387 quid
423 3329 518 3370 ora
543 3313 894 3370 vestimenti?
909 3312 1180 3381 Quantum
1204 3309 1372 3366 donat
1401 3307 1656 3363 Dominus

80 3415 129 3460 ut
149 3408 458 3480 intelligam,
480 3416 642 3479 caput
665 3417 749 3464 est
773 3406 887 3478 ipse
909 3406 1156 3463 Salvator
1174 3403 1438 3474 corporis,
1460 3401 1528 3458 de
1551 3415 1657 3473 quo

81 3501 347 3568 Apostolus
366 3501 498 3557 dicit
519 3520 534 3556 :
555 3499 627 3555 Et
645 3501 754 3572 ipse
771 3509 852 3555 est
863 3507 1026 3571 caput
1037 3498 1265 3569 corporis
1286 3495 1528 3552 Ecclesia
1547 3492 1660 3568 (Coo

82 3593 182 3648 loss.
202 3610 241 3661 ι,
266 3595 384 3667 18).
407 3594 510 3652 Per
531 3595 750 3651 barbam
774 3607 881 3649 non
908 3594 1206 3664 incongrue
1227 3588 1482 3645 fortitudo
1504 3589 1660 3645 intel-

83 3682 259 3756 ligitur.
290 3689 436 3759 Ergo
459 3687 528 3743 ad
553 3701 647 3743 eos
675 3686 766 3758 qui
803 3695 928 3742 sunt
955 3684 1122 3740 fortes
1149 3683 1212 3739 in
1233 3682 1473 3738 Ecclesia
1504 3681 1621 3750 ejus
1641 3723 1656 3746 ,

84 3783 129 3829 et
147 3777 417 3835 adhaerent
444 3779 524 3833 ori
550 3779 668 3848 ejus
685 3778 731 3844 ',
760 3786 820 3832 ut
843 3777 960 3832 sine
987 3776 1182 3832 timore
1211 3773 1498 3846 pradicant
1520 3771 1661 3826 veri-

86 3875 246 3935 tatem,
273 3871 347 3927 ab
376 3871 492 3941 ipso
516 3869 732 3926 Christo
755 3877 1014 3941 tanquam:
1031 3881 1066 3922 a-
1086 3866 1263 3937 capite
1291 3874 1534 3922 sanctum
1561 3863 1658 3919 ἀει

87 3961 267 4017 scendit
301 3971 670 4034 unguentum,
705 3962 762 4017 id
793 3970 906 4028 est,
953 3958 1308 4032 sanctificatio
1347 3955 1658 4027 spiritualis.

89 4053 174 4110 Ora
197 4059 500 4117 vestinnnti
522 4058 639 4114 haec
663 4059 824 4114 datur
851 4056 1105 4127 intelligi,
1133 4069 1253 4126 qua:
1283 4055 1336 4109 in
1364 4052 1541 4124 capite
1564 4067 1659 4106 ve-

90 4151 298 4210 stimenti
317 4163 424 4223 est,
451 4167 556 4224 qua
576 4151 852 4209 vestientis
870 4159 1028 4220 caput
1052 4148 1382 4220 ingreditur:
1409 4161 1506 4218 per
1526 4145 1664 4202 hanc

91 4242 436 4312 SiSltilicantaar
469 4244 693 4317 perfecti
721 4243 906 4300 ﬁdeles
936 4243 987 4298 iu
1018 4241 1276 4298 Ecclesia.
1305 4240 1362 4295 In
1389 4253 1484 4319 ora
1515 4252 1668 4292 nam-

92 4349 178 4404 que
211 4338 474 4409 perl'eetio.
505 4346 588 4394 est
617 4355 632 4391 :
663 4345 723 4393 et
759 4337 942 4407 utique
984 4332 1274 4391 meministi
1311 4331 1514 4386 dictum
1547 4343 1668 4385 esse

93 4428 274 4487 cuidam
298 4431 473 4498 diviti,
501 4431 564 4487 Si
591 4432 666 4486 vis
694 4447 802 4486 esse
827 4432 1096 4499 perfectus,
1130 4425 1278 4490 vade,
1310 4424 1470 4478 vende
1497 4423 1669 4477 omnia

94 4534 187 4588 quo
211 4523 454 4595 possides,
482 4532 530 4579 et
552 4523 620 4580 d‘a
646 4521 966 4593 pauperibus,
997 4528 1042 4574 el
1071 4517 1274 4573 habebis
1299 4515 1590 4570 thesaurum
1615 4515 1669 4568 in

99 4615 212 4671 talis
224 4633 242 4682 ;
261 4628 308 4673 et
327 4619 466 4682 veni,
484 4632 688 4688 sequere
712 4631 810 4670 me.
835 4613 1027 4670 Tristis
1046 4610 1262 4683 quidem
1289 4609 1378 4663 ille
1402 4606 1666 4670 discessit,

99 4708 343 4776 neglector
359 4707 716 4778 perfectionis,
745 4705 946 4761 eloctor
970 4701 1286 4759 deiectionis
1315 4698 1528 4772 (Matth.
1555 4713 1666 4765 ιιι,

97 4794 174 4862 Et,
194 4799 278 4873 22)
305 4820 321 4856 :
350 4801 446 4857 sed
467 4799 722 4870 numquid
748 4798 868 4854 ideo
887 4796 1190 4862 demerunt,
1214 4795 1268 4849 in
1295 4807 1432 4864 quos
1455 4790 1672 4846 unitatis

101 4905 400 4964 unguentum
439 4893 531 4948 tali
571 4907 752 4948 rerum
788 4900 1122 4946 terrenarum
1148 4886 1460 4942 dimissione
1489 4880 1671 4954 perfe-

101 4990 196 5038 ctos
211 5027 228 5052 ,
252 4995 500 5056 tanquam
527 4985 582 5040 in
609 4998 760 5039 oram
783 4978 1085 5038 vestimenti
1116 4994 1148 5032 a-
1171 4977 1347 5048 capite
1373 4972 1672 5031 descende-

103 5078 201 5132 ret?
237 5079 368 5136 Nam
407 5078 646 5148 exceptis
683 5074 954 5146 Apostolis
977 5115 993 5142 ,
1028 5081 1082 5130 et
1119 5071 1210 5143 qui
1245 5085 1368 5128 cum
1406 5069 1486 5124 eis
1520 5073 1676 5124 erant

104 5172 375 5241 impositis
419 5180 581 5242 atque
624 5167 935 5225 doctoribus
957 5209 972 5232 ,
1011 5180 1152 5237 quos
1198 5161 1580 5220 eminentiores
1621 5164 1676 5213 et

107 5257 330 5325 fortiores
348 5267 405 5323 in
430 5265 602 5326 barba
626 5263 972 5334 inteiligimus
990 5301 1008 5330 ,
1034 5260 1154 5332 lege
1178 5259 1233 5314 in
1268 5256 1490 5314 Actibus
1526 5255 1674 5324 Apo-

161 5461 179 5529 ξ
196 5469 240 5514 tu
259 5472 385 5526 llas,
409 5474 502 5529 per
519 5473 693 5529 conm
704 5457 1013 5512 intellectura.

163 5526 182 5591 ξ
204 5529 324 5591 Apud
340 5521 424 5580 Er:
440 5525 589 5590 Lugd.
626 5532 678 5576 et
701 5533 845 5591 rem,
865 5535 968 5575 ora:
998 5521 1121 5586 ejus.
1203 5526 1307 5591 “ill.

159 5584 223 5649 (al
236 5580 330 5643 liae
348 5591 415 5641 de
436 5580 692 5648 νεξττεει.
716 5587 775 5637 15
797 5580 844 5634 in
865 5580 1114 5649 Joannem,
1135 5597 1183 5633 n.
1203 5581 1263 5649 27
1287 5597 1306 5649 εἱ
1325 5600 1348 5629 ‹‹
1362 5582 1572 5649 Messias,
1589 5580 1674 5649 ait,

118 5643 298 5702 sitnatus
330 5660 439 5713 est;
486 5643 662 5700 unctus
677 5661 840 5713 graece
859 5647 1072 5713 Christus
1097 5653 1190 5705 est,
1229 5645 1460 5695 ltebraice
1485 5643 1678 5713 Messias

118 5725 136 5754 ι
152 5720 242 5763 est:
262 5718 390 5766 unde
412 5705 463 5764 ει
479 5705 850 5777 puttice,"t\tesse
873 5709 1222 5777 dici_tur_unge.
1247 5713 1470 5777 Cpgnatte
1492 5705 1674 5768 quippe

120 5787 140 5818 ι
155 5785 249 5828 sunt
278 5777 453 5842 linguae
479 5771 595 5829 ista:
619 5771 670 5827 et
688 5775 872 5832 vicinae,
897 5771 1143 5830 bebraica,
1165 5771 1336 5833 punica
1361 5777 1557 5831 et
1581 5783 1605 5813 ι

3242 225 3347 280 542

1752 336 2033 406 stolorum,
2061 346 2115 393 et
2143 339 2260 394 vide
2288 339 2374 410 qui
2411 356 2578 394 rerum
2607 356 2813 399 suarum
2846 341 3159 394 venditarum
3188 345 3350 412 pretia

1750 427 1819 482 ad
1843 429 1992 500 pedes
2017 430 2371 501 Apostolorum
2397 432 2668 502 ponebant,
2694 443 2739 486 et
2767 449 2911 486 nemo
2935 432 3128 486 diccbat
3153 433 3349 504 aliquid

1753 522 2046 592 proprium,
2090 524 2179 578 sed
2220 534 2362 578 erant
2407 528 2479 578 eis
2515 526 2686 580 omnia
2727 528 3046 592 communia,
3086 538 3132 580 et
3172 526 3379 596 dish-is”;

1752 611 1994 670 buebatur
2027 617 2294 687 unicuique
2329 618 2457 673 sicut
2487 620 2665 688 cuique
2694 636 2822 691 opus
2856 631 2998 684 erat,
3028 630 3073 673 et
3102 631 3208 684 erat
3245 623 3351 678 illis

1753 705 1926 760 anima
1961 723 2064 761 una
2105 718 2152 761 et
2187 724 2276 762 cor
2312 725 2466 764 unum
2503 711 2557 764 in
2600 709 2761 765 Deum
2803 709 2949 781 (Act.
2996 727 3072 774 tv,
3119 712 3350 783 52-55).
3391 761 3396 766 .

1753 798 1958 872 Nempe
2009 800 2081 857 ita
2109 803 2365 873 scriptum
2415 818 2536 860 esse
2584 805 2880 876 cognoscis.
2931 808 3176 878 Agnosco
3216 824 3348 878 ergo
3389 797 3394 802 ’

1751 891 1951 948 bonum
2001 902 2056 948 et
2099 891 2417 963 jucundum,
2466 894 2659 952 fratres
2710 896 3011 954 habitantes
3063 901 3113 953 in
3159 916 3347 965 unum.

1757 987 2002 1057 Agnosco
2045 987 2267 1043 barbam
2315 991 2538 1046 Aaron:
2571 1005 2802 1061 agnosce
2843 1007 2992 1049 oram
3042 995 3350 1052 vestimenti
3395 1033 3404 1042 -

1756 1077 2067 1148 spiritualis.
2091 1077 2362 1152 interroga
2392 1082 2560 1152 ipsam
2592 1082 2948 1154 Scripturam,
2974 1084 3059 1141 ubi
3085 1087 3352 1156 coeperint

1756 1171 1857 1227 ista
1886 1171 2000 1228 ﬁeri
2027 1189 2040 1226 :
2070 1172 2311 1229 invenies
2352 1175 2406 1228 in
2453 1175 2774 1232 Jerusalem.
2809 1177 2886 1234 De
2927 1177 3026 1233 hac
3056 1194 3150 1234 ora
3179 1182 3349 1240 vestis

1759 1279 1856 1335 per
1875 1280 2065 1320 omnes
2101 1275 2288 1337 gentes
2312 1267 2488 1321 unitas
2515 1277 2621 1323 tota
2648 1269 2968 1324 contexitur.
2997 1270 3107 1326 Hac
3135 1271 3355 1329 intravit

1755 1366 1916 1428 caput
1941 1358 1993 1412 in
2009 1366 2234 1426 vestem,
2259 1367 2319 1414 ut
2339 1358 2651 1416 indueretur
2665 1360 2913 1418 Christus
2932 1364 3191 1420 varietate
3205 1365 3352 1422 orbis

1756 1459 2049 1520 terrarum;
2079 1455 2200 1525 quia
2233 1454 2284 1510 in
2323 1454 2424 1512 ltac
2451 1471 2544 1510 ora
2575 1458 2879 1516 vestimenti
2908 1462 3154 1532 apparuit
3179 1463 3354 1520 varie-

1756 1551 1839 1598 tas
1867 1543 1979 1614 ipsa
2016 1545 2340 1617 linguarum.
2376 1549 2484 1604 Cur
2513 1565 2642 1622 ergo
2681 1551 2783 1622 ipsi
2832 1553 3013 1622 capiti,
3046 1554 3186 1611 unde
3221 1555 3356 1612 illud

1758 1635 1976 1691 unitatis
2002 1637 2279 1695 descendit
2300 1651 2652 1710 unguentum,
2685 1644 2736 1698 id
2764 1654 2863 1708 est,
2884 1647 3084 1702 amoris
3111 1646 3354 1720 fragran-

1756 1726 1826 1781 tia
1850 1727 2174 1799 spiritualis;
2206 1747 2336 1800 cur,
2368 1732 2605 1802 inquam,
2639 1735 2739 1805 ipsi
2781 1737 2940 1804 capiti
2973 1738 3226 1794 resistitis
3267 1749 3351 1799 te.-

1755 1823 1916 1878 stanti
1942 1833 1995 1880 et
2021 1824 2240 1891 dicenti,
2271 1825 2644 1883 Prwdicabitur
2669 1830 2721 1884 in
2741 1830 2944 1888 nomine
2971 1833 3080 1903 ejus
3104 1834 3352 1900 paeniten-

1758 1916 1829 1969 tia
1844 1925 1888 1970 et
1909 1918 2136 1973 remissio
2154 1928 2471 1990 peccatorum
2492 1939 2583 1992 per
2600 1940 2770 1978 omnes
2786 1934 2974 1995 gentes,
2994 1925 3353 1998 incipientibus

1756 2009 1819 2064 ab
1845 2009 2131 2067 Jerusalem
2150 2012 2298 2084 (Luc.
2322 2031 2474 2081 xxnv,
2503 2016 2632 2086 47)?
2665 2017 2729 2072 Et
2757 2017 2808 2073 in
2838 2017 2940 2074 hoc
2966 2029 3235 2090 unguento
3262 2036 3354 2077 sa-

1757 2115 2092 2162 cramentum
2138 2105 2453 2165 Cbrismatis
2501 2111 2658 2166 vultis
2691 2112 2708 2143 ¹
2756 2112 3095 2182 interpretari
3151 2133 3163 2169 :
3205 2115 3354 2186 quod

1758 2197 1974 2268 quidem
2005 2200 2055 2253 in
2084 2215 2281 2271 genere
2322 2201 2607 2256 visibilium
2647 2204 3039 2274 signaculorum
3067 2221 3356 2263 sacrosan-

1755 2301 1900 2346 ctum
1932 2299 2034 2359 est,
2067 2291 2204 2348 sicut
2234 2293 2347 2364 ipse
2376 2293 2680 2365 Baptismus
2714 2296 2844 2351 :sed
2874 2305 3046 2366 potest
3074 2313 3195 2354 esse
3216 2308 3271 2353 et
3295 2298 3352 2354 in

1758 2383 2065 2440 hominibus
2088 2386 2354 2456 pessimis,
2391 2387 2443 2440 in
2474 2387 2724 2456 operibus
2763 2388 2938 2443 carnis
2967 2389 3126 2444 vitam
3154 2405 3351 2450 consu-

1757 2480 2059 2548 mentibus,
2093 2490 2146 2537 et
2189 2495 2412 2552 regnum
2456 2482 2712 2537 ccelorum
2758 2497 2868 2537 non
2907 2483 3266 2553 possessoris;
3297 2493 3356 2542 et

1758 2572 1878 2628 ideo
1917 2589 2016 2628 nec
2045 2573 2110 2628 ad
2137 2573 2357 2629 barbam
2388 2574 2587 2642 Aaron,
2622 2591 2722 2630 nec
2759 2575 2823 2630 ad
2868 2590 3021 2630 oram
3048 2577 3356 2634 vestimenti

1758 2664 1874 2734 ejus
1892 2708 1906 2731 ,
1957 2680 2056 2720 nec
2084 2664 2151 2720 ad
2191 2666 2355 2721 ullam
2387 2667 2784 2721 contextionem
2812 2669 2978 2723 veStis
3003 2669 3353 2726 sacerdotalis

1761 2756 2170 2826 pertinentibus.
2202 2757 2304 2814 Ubi
2335 2757 2476 2813 enim
2511 2759 2778 2828 positurus
2808 2773 2867 2814 es
2896 2775 3016 2830 quae
3058 2761 3348 2830 Apostolus

1760 2858 2038 2906 enumerat
2075 2851 2346 2924 manifesta
2388 2868 2544 2920 opera
2591 2852 2778 2919 carnis,
2817 2868 2932 2922 qua:
2977 2863 3114 2919 sunt,
3155 2854 3347 2923 inquit,

1761 2944 2142 3020 fornicationes,
2171 2944 2526 3009 immunditiar,
2561 2945 2802 3012 luxuriat,
2829 2945 3082 2999 idolorum
3111 2946 3348 3014 servitus,

1760 3038 2018 3106 vene/icio,
2050 3038 2347 3103 inimicitus,
2371 3039 2732 3103 contentiones,
2760 3038 3129 3103 azmulationes,
3154 3039 3355 3094 animo-

1761 3132 1954 3198 sitates,
2005 3131 2361 3198 dissensiones,
2411 3131 2645 3196 lnereses,
2684 3131 2909 3197 incidite,
2941 3131 3220 3199 ebrietates,
3263 3148 3354 3186 co-

1762 3223 2109 3288 messationes,
2157 3233 2202 3276 et
2247 3223 2324 3278 his
2352 3223 2538 3277 similia
2569 3238 2723 3293 :qua:
2764 3222 2984 3293 prazdico
3021 3224 3181 3291 vobis,
3225 3225 3355 3280 sicut

1763 3317 1995 3389 praedixi,
2030 3317 2268 3386 quoniam
2297 3318 2382 3390 qui
2409 3316 2531 3371 talia
2552 3328 2729 3389 agunt,
2757 3333 2966 3387 regnum
2991 3315 3090 3370 Dei
3114 3333 3212 3371 non
3234 3335 3356 3387 pos-

1762 3412 1991 3470 sidebunt
2018 3411 2037 3485 (
2061 3411 2229 3467 Galat.
2257 3428 2310 3476 v,
2337 3411 2502 3468 19-21
2542 3411 2601 3482 )?
2629 3411 2920 3481 Sequestro
2946 3411 3348 3477 fornicationes,

1763 3523 1884 3580 quae
1906 3506 2136 3562 latenter
2155 3504 2510 3561 admittuntur
2545 3523 2558 3558 :
2597 3501 2960 3558 immunditias
2987 3503 3351 3571 interpretare

1763 3608 1823 3655 ut
1854 3598 2108 3666 volueris,
2137 3604 2422 3668 sequestro
2452 3602 2508 3652 ει
2536 3595 2678 3666 ipsas
2709 3613 2721 3647 :
2751 3593 2859 3650 illic
2883 3607 3144 3664 ponamus
3168 3600 3224 3648 et.
3252 3609 3350 3648 ve-

1764 3695 1977 3762 neficia,
2009 3694 2132 3767 quia
2161 3708 2319 3749 nemo
2349 3700 2432 3747 est
2456 3692 2629 3762 palam
2669 3687 2938 3745 coniector
2963 3686 3224 3756 daturque
3248 3700 3345 3741 ve-

1765 3803 2024 3845 nenorum
2060 3805 2075 3841 :
2107 3793 2386 3856 sequestro
2414 3779 2880 3851 ethmreses,quia
2901 3779 3002 3835 hoc
3016 3777 3176 3834 vultis
3209 3777 3353 3833 :ido-

1766 3883 1942 3938 lorum
1971 3879 2284 3936 servitutem
2316 3879 2498 3936 nescio
2519 3889 2695 3934 utrum
2733 3875 2954 3930 debeam
2987 3882 3347 3946 sequestrare,

1766 3973 2192 4048 quandoquidem
2221 3971 2504 4044 Apostolus
2529 3970 2598 4026 ibi
2626 3968 2775 4040 ponit
2793 3965 3090 4032 avaritiam,
3113 3979 3232 4034 qua}
3249 3979 3350 4034 pn-

1766 4069 1904 4127 blice
1931 4068 2146 4123 insanit.
2174 4065 2268 4121 His
2297 4081 2425 4136 ergo
2450 4061 2816 4134 sequestratis,
2861 4059 3062 4116 nulline
3088 4055 3228 4128 apud
3259 4071 3353 4108 vos

1769 4162 2064 4228 luxuriosi,
2105 4160 2233 4214 nulli
2283 4158 2449 4221 avari,
2498 4157 2627 4212 nttlli
2676 4152 3020 4225 pertinaciter
3045 4151 3354 4204 inimicitias

1770 4263 2104 4320 exercentes,
2149 4253 2277 4307 nulli
2325 4249 2664 4311 contentiosi,
2706 4245 2902 4307 aemuli,
2951 4241 3197 4306 animosi,
3237 4240 3350 4294 dis-

1770 4345 2110 4405 sensionibus
2155 4342 2452 4407 studentes,
2505 4339 2688 4404 invidi,
2738 4336 2954 4399 ebriosi,
2999 4332 3352 4388 comessatio-

1772 4439 1932 4496 nibus
1962 4435 2250 4493 vacantes?
2275 4433 2484 4490 Nulline
2513 4430 2652 4500 apud
2685 4445 2778 4485 vos
2803 4428 2937 4483 tales
2966 4434 3234 4494 unguntur
3254 4465 3268 4490 ,
3301 4434 3358 4478 ct

1773 4535 1825 4590 in
1872 4531 1955 4587 bis
1997 4531 2142 4585 intus
2175 4528 2284 4582 neti
2323 4524 2691 4593 manilcstiquc
2732 4516 3071 4575 moriuntur?
3098 4515 3152 4573 Si
3181 4515 3356 4570 nullos

1773 4625 1936 4690 dicis;
1969 4620 2219 4694 quoniam
2269 4617 2444 4674 studio
2480 4613 2838 4670 contentionis
2873 4621 3055 4682 aperte
3086 4608 3347 4674 mentiris

1773 4715 1895 4771 vide
1943 4729 2009 4768 ne
2037 4712 2106 4768 de
2144 4708 2339 4774 talibus
2379 4707 2493 4777 ipse
2536 4706 2628 4760 sis.
2669 4705 2722 4761 Si
2751 4711 2928 4756 autem
2958 4701 3024 4753 ab
3051 4699 3355 4770 ltujusmodi

1774 4817 2014 4864 remotus
2041 4819 2119 4869 es,
2146 4819 2251 4858 non
2279 4799 2520 4870 corporis
2551 4794 2904 4867 separatione,
2924 4793 3020 4847 sed
3043 4792 3165 4846 vitae
3199 4791 3357 4846 dissi-

1774 4898 2094 4962 militudine,
2142 4905 2196 4951 et
2223 4895 2356 4950 tales
2393 4891 2578 4947 turbas
2612 4889 2812 4943 circum
2854 4885 3042 4940 altaria
3066 4893 3240 4940 vestra
3265 4899 3361 4954 ge-

1778 5009 1931 5052 mens
1957 4989 2252 5061 conspicis;
2280 4986 2408 5059 quid
2437 4984 2701 5046 dicemus,
2724 4981 2846 5052 quia
2867 4979 2986 5035 oleo
3006 4987 3191 5036 Sancto
3219 4977 3363 5032 uncti

1777 5099 1937 5157 sunt,
1968 5097 2041 5152 et,
2073 5079 2516 5152 sicutApostolus
2544 5074 2745 5145 liquida
2792 5072 3017 5128 veritate
3058 5073 3362 5137 conﬁrmat,

1778 5196 2003 5254 regnum
2030 5178 2122 5233 Dei
2149 5191 2256 5232 non
2283 5169 2627 5244 possidebunt
2661 5184 2673 5220 :
2707 5164 2961 5236 numquid
2979 5164 3159 5220 barbae
3188 5164 3366 5218 Aaron

1779 5253 1971 5334 ctione
2000 5269 2300 5328 vestimenti
2330 5266 2446 5335 ejus
2473 5259 2731 5330 sacrilega
2775 5258 2964 5329 injuria
2991 5253 3232 5312 facienda
3260 5263 3367 5323 est,

1780 5380 1838 5426 ut
1869 5368 1941 5423 ibi
1962 5379 2055 5421 eos
2078 5361 2356 5434 ponendos
2383 5353 2742 5413 arbitremur?
2773 5351 2945 5408 Absit.
2965 5349 3224 5406 Discerne
3239 5361 3370 5418 ergo

1780 5460 1988 5518 visibile
2017 5467 2259 5513 sanctum
2285 5453 2714 5514 Sacramentum,
2744 5443 2888 5518 quod
2911 5457 3030 5499 esse
3049 5450 3104 5498 et
3134 5442 3186 5496 in
3214 5439 3373 5498 bonis

1783 5568 1836 5616 et
1856 5558 1909 5614 in
1937 5553 2092 5610 malis
2115 5555 2313 5622 potest,
2333 5547 2438 5606 illis
2457 5543 2522 5602 ad
2549 5541 2850 5614 praemium,
2871 5537 2977 5596 illis
2999 5535 3064 5591 ad
3088 5533 3370 5606 judicium,

1851 5764 1867 5796 ι
1895 5770 1991 5813 Am.
2016 5765 2091 5811 Er.
2108 5762 2161 5808 et
2183 5762 2311 5818 Mss.,
2335 5749 2452 5803 vult.
