3812 6136
449 250 555 307 M3
641 258 651 267 .

449 468 552 515 est.
609 457 864 514 Discerne
912 458 1034 523 ista,
1079 457 1324 514 discerne
1356 474 1370 512 :
1400 457 1672 516 discernat
1719 471 1773 518 te
1825 462 1972 518 Deus
2012 479 2043 518 a

447 560 602 623 parte
630 549 843 618 Donati,
873 559 929 607 et
972 550 1026 606 in
1074 550 1406 608 Catholicam
1434 563 1684 624 revocet,
1715 557 1859 613 unde
1888 567 1942 637 te
1967 558 2045 615 illi

448 643 892 701 catechumenum
939 644 1216 716 abreptum
1262 647 1524 704 mortiferi
1569 648 1791 705 honoris
1828 651 2043 709 vinculo

446 738 767 810 ligaverunt.
820 736 940 793 Jam
992 751 1083 793 ros
1126 738 1365 795 Hertnon
1412 755 1576 810 super
1621 753 1833 798 montes
1885 742 2039 813 Sion,

443 829 847 902 quomodolibet
875 830 972 886 abs
993 840 1044 885 te
1060 831 1368 902 accipiatur,
1401 847 1507 889 non
1529 833 1659 889 estis
1687 836 1740 890 in
1770 835 2044 893 montibus

440 921 604 989 Sion;
627 922 749 993 quia
782 937 889 977 non
920 922 1052 977 estis
1096 923 1148 977 in
1192 924 1408 979 civitate
1446 940 1609 995 super
1647 934 1884 982 montem
1911 944 2043 983 con-

365 1018 380 1031 ‘
442 1015 651 1081 stituta,
686 1029 806 1085 qua:
832 1022 1038 1069 certum
1068 1014 1275 1086 signum
1302 1015 1402 1072 hoc
1423 1015 1606 1084 habet,
1624 1018 1767 1089 quod
1782 1019 2040 1076 abscondi

443 1125 552 1165 non
604 1116 798 1179 potest.
851 1105 983 1162 Nota
1030 1117 1113 1163 est
1157 1123 1287 1180 ergo
1314 1109 1567 1165 omnibus
1593 1112 1842 1181 gentibus
1873 1131 1888 1169 :
1918 1129 2041 1185 pars

442 1210 623 1256 autem
650 1200 840 1257 Donati
870 1200 1048 1273 ignota
1073 1210 1156 1258 est
1200 1202 1442 1273 pluribus
1474 1204 1722 1276 gentibus
1761 1224 1775 1261 :
1821 1223 1929 1264 non
1956 1216 2041 1265 est

437 1307 571 1365 ergo
591 1293 725 1362 ipsa.

514 1381 743 1440 CAPUT
764 1381 873 1439 CV.
903 1415 974 1426 -
994 1383 1120 1441 240.
1153 1386 1340 1444 PtmL.
1370 1387 1505 1444 dixit
1537 1407 1550 1445 :
1590 1388 1681 1445 Va:
1703 1392 1860 1463 igitur
1877 1392 2033 1462 vobis,

437 1474 527 1545 qui
582 1474 818 1530 violando
865 1476 1000 1546 quod
1047 1486 1275 1532 sanctum
1313 1489 1406 1545 est,
1447 1482 1726 1537 rescinditis
1772 1484 2035 1554 unitatem,

439 1565 705 1637 Propheta
724 1566 936 1634 dicente,
964 1587 984 1621 ι
1018 1566 1083 1624 Si
1110 1572 1385 1640 peccaverit
1407 1571 1648 1643 populus,
1678 1575 1839 1629 orabit
1865 1592 1957 1645 pro
1978 1593 2036 1631 eo

437 1660 711 1727 sacerdos;
748 1660 795 1716 si
832 1672 1001 1717 autem
1043 1665 1320 1733 peccaverit
1384 1668 1618 1722 sacerdos
1639 1709 1653 1735 ,
1696 1669 1808 1736 quis
1872 1669 2036 1745 orabit

442 1767 538 1821 pro
567 1768 625 1807 eo
645 1752 673 1807 ?
698 1771 718 1805 ι

508 1845 635 1902 241.
666 1847 799 1905 Avo.
830 1848 1108 1919 respondit
1133 1868 1147 1905 :
1181 1849 1248 1905 Et
1274 1850 1495 1907 videbar
1534 1854 1693 1925 paulo
1732 1864 1878 1922 ante,
1906 1871 2031 1911 cum

433 1940 502 1995 de
532 1940 651 1996 oleo
679 1943 977 2012 peccatoris
1002 1942 1416 2015 disputaremus,
1437 1962 1635 2017 ungere
1664 1948 1755 2004 tibi
1777 1947 2027 2016 frontem,

430 2042 495 2087 ut
522 2032 752 2101 diceres,
781 2034 825 2089 si
847 2033 1097 2101 auderes,
1122 2046 1299 2092 utrum
1330 2036 1444 2108 ipse
1466 2049 1715 2109 peccator
1735 2055 1842 2095 non
1858 2055 2027 2098 esses.

432 2123 579 2181 Ecce
603 2125 784 2181 dixisti
815 2126 967 2182 illud.
996 2127 1041 2182 0
1062 2128 1272 2184 scelus!
1297 2144 1331 2184 ο
1357 2132 1690 2185 monstrum!
1723 2132 1855 2199 Quia
1885 2134 2029 2188 enirn

431 2228 486 2273 te
506 2218 840 2277 sacerdotem
862 2221 1077 2286 asseris,
1110 2221 1235 2292 quid
1255 2222 1396 2278 aliud
1415 2238 1510 2293 per
1535 2224 1635 2279 hoc
1657 2226 2027 2296 propheticum

430 2310 823 2378 testimonium,
853 2311 954 2366 nisi
977 2320 1029 2367 te
1048 2313 1268 2369 omnino
1292 2314 1408 2369 sine
1430 2324 1647 2384 peccato
1668 2331 1789 2373 esse
1806 2316 2026 2372 dixisti?

430 2399 565 2457 Nam
595 2403 638 2456 si
667 2401 833 2458 habes
865 2415 1162 2474 peccatum,
1186 2406 1304 2476 quis
1334 2398 1432 2479 pro
1458 2416 1509 2463 te
1539 2408 1713 2464 orabit
1731 2410 2026 2466 secundum

429 2493 760 2549 intellectum
790 2496 971 2549 tuum?
996 2495 1071 2551 ita
1100 2499 1242 2552 enim
1274 2514 1369 2554 vos
1399 2500 1610 2556 miseris
1634 2500 1878 2571 plebibus
1898 2518 2028 2559 ven-

430 2587 634 2651 ditatis,
683 2601 1164 2646 commemorantes
1208 2608 1273 2647 ex
1313 2593 1602 2663 Propheta,
1649 2594 1712 2650 Si
1749 2598 2026 2667 peccaverit

428 2680 672 2751 populus,
697 2681 858 2736 orabit
882 2700 974 2753 pro
1002 2700 1059 2738 eo
1084 2686 1356 2751 sacerdos;
1381 2686 1425 2740 si
1448 2698 1617 2741 autem
1644 2689 1880 2744 sacerdos
1909 2706 2027 2759 pec-

427 2775 631 2838 caverit,
671 2776 783 2846 quis
813 2776 975 2830 orabit
1006 2792 1098 2847 pro
1118 2793 1175 2831 eo
1202 2776 1253 2849 (I
1281 2777 1405 2850 Reg.
1425 2794 1483 2845 ll,
1514 2779 1585 2834 25
1612 2778 1672 2849 )?
1706 2790 1762 2834 ut
1790 2796 1884 2837 \‘os
1907 2782 2024 2839 sine

425 2872 647 2935 peccato
676 2880 796 2921 esse
819 2866 1059 2935 credant,
1088 2877 1143 2922 et
1168 2879 1387 2938 peccata
1417 2885 1512 2925 sua
1542 2872 1734 2926 vestris
1762 2874 2023 2929 orationi-

424 2955 527 3011 bus
550 2957 822 3028 purganda
863 2959 1217 3014 committant.
1266 2961 1438 3033 Magni
1484 2963 1726 3019 homines
1770 2981 1887 3031 vos,
1928 2982 2028 3022 ex-

424 3045 578 3111 celsi,
608 3047 873 3113 coelestes,
909 3048 1107 3117 divini,
1143 3065 1241 3106 nec
1252 3051 1362 3120 jam
1400 3053 1665 3119 homines,
1697 3054 1791 3110 sed
1822 3058 2018 3128 angeli,

427 3136 517 3207 qui
545 3152 642 3207 pro
666 3137 908 3207 plebibus
933 3140 1119 3207 oratis,
1144 3150 1199 3197 et
1228 3157 1324 3214 pro
1354 3142 1505 3199 vobis
1527 3144 1707 3214 plebes
1733 3162 1890 3204 orare
1914 3165 2020 3205 non

425 3231 620 3289 vultis!
649 3233 799 3289 Tune
833 3235 1028 3305 justior
1070 3236 1254 3304 Paulo,
1297 3246 1353 3292 tu
1381 3239 1666 3308 perfectior
1702 3251 1851 3298 tanto
1876 3247 2020 3314 Apo-

421 3324 582 3390 stole,
614 3325 702 3395 qui
730 3339 913 3380 eorum
943 3342 1079 3397 quos
1118 3327 1346 3384 docebat
1388 3328 1722 3387 orationibus
1770 3349 1829 3389 se
1872 3350 2019 3390 com-

421 3415 751 3472 mendabat?
784 3416 1043 3488 Orationi,
1074 3420 1261 3491 inquit,
1299 3422 1502 3492 instate,
1534 3425 1801 3496 vigilantes
1824 3429 1876 3483 in
1903 3430 2011 3497 illa,

418 3509 472 3562 in
497 3511 775 3581 gratiarum
800 3512 1026 3578 actione;
1051 3522 1249 3568 orantes
1266 3516 1484 3569 simulet
1506 3533 1601 3586 pro
1623 3518 1784 3588 nobis,
1802 3530 1860 3574 ut
1884 3520 2018 3577 Deus

419 3602 616 3670 aperiat
658 3601 799 3656 nobis
842 3604 1025 3657 ostium
1067 3603 1201 3658 verbi
1250 3605 1319 3658 ad
1370 3606 1678 3675 loquendum
1721 3613 2014 3681 mysterium

420 3693 628 3758 Christi,
660 3707 865 3765 propter
906 3697 1041 3767 quod
1087 3707 1134 3751 et
1171 3698 1364 3752 vinctus
1412 3716 1545 3765 sum,
1598 3710 1652 3755 ut
1697 3704 2015 3774 manifestem

417 3782 572 3851 illud,
600 3787 672 3839 ita
700 3794 753 3839 ut
779 3795 975 3849 oportet
1022 3804 1102 3840 me
1138 3788 1276 3858 loqui
1305 3788 1325 3861 (
1349 3787 1544 3845 Coloss.
1572 3808 1644 3858 tv,
1681 3795 1782 3849 2-4
1803 3793 1843 3866 ).
1877 3797 2013 3855 Ecce

419 3883 607 3929 oratur
634 3890 732 3947 pro
752 3877 1029 3946 Apostolo,
1049 3878 1188 3948 quod
1221 3877 1333 3935 fieri
1365 3895 1469 3936 non
1498 3882 1578 3937 vis
1609 3899 1704 3953 pro
1732 3887 2010 3959 episcopo.

418 3966 657 4024 Videsne
681 3984 841 4039 quam
869 3970 937 4024 sit
972 3970 1068 4025 ista
1098 3970 1360 4027 diabolica
1386 3974 1675 4044 superbia?
1700 3978 1894 4035 Oratur
1917 3996 2013 4051 pro

418 4059 698 4128 Apostolo,
726 4069 782 4115 ut
802 4060 1103 4117 manifestat
1132 4064 1443 4135 mysterium
1465 4065 1682 4135 Christi,
1705 4071 1835 4127 sicut
1853 4088 2013 4145 opor-

419 4158 499 4205 tet
524 4150 687 4221 loqui.
736 4151 968 4208 Proinde
1012 4153 1058 4208 si
1101 4155 1216 4224 pias
1264 4155 1451 4227 plebes
1486 4156 1777 4232 haberetis,
1809 4163 2009 4223 hortari

417 4243 648 4299 debuisti
680 4253 737 4299 ut
768 4260 862 4316 pro
905 4253 960 4301 te
1002 4255 1255 4313 orarent,
1299 4263 1367 4304 ne
1403 4249 1700 4321 loquereris
1727 4255 1864 4312 sicut
1904 4273 2009 4315 non

416 4343 649 4405 oportet.
693 4336 771 4391 Tu
805 4337 998 4408 iustior
1033 4339 1242 4397 Joanne
1281 4343 1627 4415 evangelista,
1675 4349 1766 4419 qui
1806 4350 1880 4405 ait
1908 4369 1921 4406 :
1948 4350 2009 4406 Si

415 4427 692 4482 dixerimus
730 4430 851 4499 quia
879 4443 1136 4501 peccatum
1181 4449 1281 4488 non
1310 4432 1550 4491 habemus
1570 4478 1582 4501 ,
1626 4455 1717 4493 nos
1754 4441 1890 4511 ipsos
1918 4443 2007 4497 de-

415 4521 659 4590 cipimus,
692 4532 739 4575 et
777 4523 957 4578 veritas
994 4525 1048 4578 in
1072 4526 1214 4580 nobis
1235 4544 1337 4583 non
1364 4539 1437 4584 est
1464 4529 1695 4598 (lJoan.
1723 4551 1760 4599 ι,
1792 4535 1902 4607 8)?
1929 4537 2006 4593 Tu

415 4623 686 4683 postremo
720 4614 914 4684 justior
960 4614 1197 4685 Daniele,
1227 4634 1386 4688 quem
1417 4631 1473 4675 tu
1520 4623 1635 4693 ipse
1663 4626 1715 4680 in
1758 4626 1859 4683 hac
1894 4629 2007 4699 ipsa

413 4707 639 4778 epistola
682 4708 752 4762 ita
793 4712 1246 4777 commemorasti,
1278 4722 1337 4767 ut
1377 4713 1600 4783 diceres,
1634 4716 1750 4774 Rea;
1776 4722 2005 4791 justissi-

414 4816 556 4853 mum
592 4798 862 4856 Danielem
891 4802 1067 4872 ferinis
1100 4805 1367 4871 morsibus,
1410 4818 1465 4862 ut
1518 4812 1743 4880 putabat,
1785 4815 2006 4886 objecit?

415 4891 567 4958 Quod
614 4892 700 4947 ille
731 4909 835 4950 non
885 4904 1196 4964 putaverat;
1226 4900 1651 4971 quandoquidem
1678 4908 2003 4965 amicissimo

412 4983 615 5051 animo,
637 4985 775 5040 sicut
802 4986 1046 5041 lectionis
1073 4989 1471 5047 circumstantia
1496 4995 1703 5064 probat,
1727 4998 1862 5055 dixit
1903 5002 1999 5072 ipsi

412 5072 617 5128 Dauieli
639 5116 656 5142 ,
683 5073 822 5130 Deus
866 5084 982 5131 tuus
1023 5080 1105 5133 cui
1130 5081 1347 5138 deseruis
1373 5084 1593 5155 assidue,
1625 5088 1734 5159 ipse
1757 5093 1930 5163 eripiet
1956 5109 2004 5149 te

416 5164 576 5237 (Dan.
612 5166 831 5237 νι,16).
877 5167 980 5224 Sed
1020 5170 1145 5227 hinc
1184 5172 1293 5243 jam
1348 5176 1511 5231 multa
1553 5178 1826 5238 diximus:
1859 5201 2000 5243 nunc

409 5255 552 5327 quod
581 5256 775 5328 agitur,
796 5274 988 5330 nempe
1006 5262 1332 5332 justissimus
1352 5277 1468 5323 erat
1487 5269 1701 5339 Daniel;
1728 5290 1832 5330 non
1854 5279 2001 5334 testi-

408 5350 598 5406 monio
620 5358 729 5415 tuo,
752 5365 1053 5422 quanquam
1093 5355 1195 5411 hoc
1221 5357 1349 5412 mihi
1378 5360 1445 5415 ad
1484 5376 1697 5419 causam
1742 5383 1896 5437 quam
1923 5379 2000 5426 te-

407 5456 529 5497 cum
558 5457 660 5513 ago
682 5442 943 5511 sufﬁciat;
966 5447 1059 5503 sed
1082 5450 1385 5507 testimonio
1411 5452 1639 5525 Spiritus
1658 5457 1753 5514 Dei
1774 5461 1997 5533 loquen-

409 5534 477 5589 tis
514 5536 673 5591 etiam
720 5552 819 5609 per
860 5537 1231 5611 Ezechielem',
1273 5546 1362 5602 ubi
1410 5556 1518 5604 tres
1562 5554 1997 5615 eminentissima;

404 5627 625 5696 iustitiae
650 5632 962 5701 nominavit,
991 5634 1120 5701 Noe,
1161 5636 1430 5695 Daniel'em
1472 5652 1526 5697 et
1554 5643 1675 5712 Job,
1707 5662 1839 5717 quos
1862 5650 1996 5707 dixit

409 5720 554 5778 solos
585 5738 613 5778 a
640 5725 866 5797 quadam
895 5728 1355 5788 vehementissima
1386 5734 1461 5791 ira
1490 5736 1600 5802 Dei,
1629 5755 1746 5813 qum
1786 5745 1995 5804 caneris

1293 249 1566 305 CONTRA
1605 250 1947 309 LITTERAS
1987 252 2349 329 PETILIANI,
2390 262 2452 321 S.
2492 266 2865 333 AUGUSTINI

449 367 519 421 ab
547 365 794 420 invisibili
825 367 1075 421 unctione
1087 365 1383 433 charitatis,
1408 381 1528 435 quae
1548 368 1763 438 propria
1778 366 2044 426 bonorum
2076 419 2080 422 .

3651 302 3750 360 3N

2153 374 2505 497 impenderet,
2533 402 2691 457 posse
2717 392 2936 455 liberari
2968 401 3179 474 (Emit.
3211 423 3327 478 xiv,
3358 415 3470 486 14).
3506 418 3602 475 Vir
3622 437 3748 497 ergo

2149 466 2512 545 iustissimus,
2542 495 2679 538 unus
2714 501 2780 543 ex
2827 466 2998 549 tribus
3037 466 3473 565 memorabilibds
3514 526 3660 579 orat,
3687 466 3747 574 aet
3788 542 3789 579 ξ

2155 559 2303 629 dicit,
2327 563 2458 622 Cum
2488 586 2687 629 orarem
2711 589 2759 632 et
2786 584 3057 653 conﬁterer
3098 603 3305 660 peccata
3328 559 3747 675 meavel—peck;

2151 655 2332 773 populi
2357 661 2454 715 mei
2479 662 2533 717 in
2556 680 2823 740 conspectu
2839 672 3047 734 Domini
3063 655 3161 739 Dei
3177 688 3276 743 mei
3302 691 3322 763 (
3347 655 3486 749 Dan.
3507 655 3743 773 uigil"):

2152 746 2223 852 lit
2249 758 2304 804 tu
2332 762 2384 808 te
2404 754 2538 813 dicis
2562 774 2685 819 esse
2703 765 2821 824 sine
2849 784 3105 844 peccato;
3137 782 3262 850 quia
3290 746 3537 846 videlicet

2151 839 2251 897 dos
2271 858 2351 910 es,
2379 856 2436 902 et
2472 850 2516 904 si
2546 861 2849 921 peccaverit
2880 868 3139 937 populus,
3171 887 3294 930 oras
3322 892 3420 947 pro
3448 897 3552 950 eo;
3579 886 3626 940 si
3652 903 3743 941 an-

2151 939 2259 989 tem
2285 944 2342 992 tu
2373 953 2582 1009 peccas,
2621 949 2741 1017 quis
2766 966 2864 1021 pro
2897 964 2949 1011 te
2991 959 3208 1018 orabit?
3236 939 3375 1024 Vere
3401 939 3742 1050 quia'impie-

2148 1032 2259 1083 tate
2304 1036 2464 1087 tantm
2508 1042 2827 1110 arrogantiae
2857 1045 3131 1121 indignum
3161 1064 3213 1111 te
3240 1032 3478 1133 praebes,
3511 1083 3616 1137 pro
3634 1032 3744 1141 'quo

2149 1120 2402 1179 sacerdos
2428 1124 2520 1182 ille
2558 1129 2880 1205 interpellet,
2913 1120 3072 1212 quem
3106 1120 3374 1220 Propheta
3414 1120 3740 1231 his'verbis‘,

2147 1226 2268 1317 qua:
2289 1229 2393 1271 non
2425 1217 2698 1296 intelligis,
2732 1229 2897 1288 voluit
2922 1234 3164 1311 intelligi.
3193 1217 3311 1300 iam
3337 1250 3480 1306 enim
3520 1270 3595 1312 ne
3788 1217 3789 1281 1

2146 1305 2379 1379 inquirat
2403 1329 2501 1371 cur
2521 1316 2622 1375 hoc
2643 1320 2842 1381 dictum
2871 1329 2960 1398 sit,
2984 1305 3241 1403 quantum
3271 1339 3531 1404 Dominus
3558 1305 3739 1420 dabat,
3788 1346 3789 1353 “

2145 1403 2446 1521 :xpediam.
2492 1410 2836 1483 Przeparabat
2873 1421 3017 1480 Deus
3059 1429 3267 1488 animos
3317 1403 3741 1518 hominum'per
3788 1468 3789 1521 ξ

2143 1490 2489 1609 Prpphetam,
2511 1513 2568 1560 ut
2588 1506 2746 1565 talem
2767 1510 3136 1576 desiderarent
3162 1490 3499 1589 sacerdoth

2143 1588 2323 1702 nullus
2342 1606 2525 1664 posset
2547 1614 2720 1658 orare.
2745 1604 2864 1675 Ipse
2888 1609 3213 1681 figurabatur
3233 1588 3739 1702 temporibus
3788 1588 3789 1643 ᾖ

2141 1683 2407 1795 populiIet
2437 1690 2592 1757 primi
2622 1696 2828 1766 templi,
2862 1700 2950 1756 ubi
2976 1707 3156 1764 omnia
3187 1683 3368 1782 ﬁgurae
3393 1683 3739 1781 ιιοειιέιεᾟιῐξἒ
3788 1760 3789 1795 ;

2141 1785 2288 1830 runt.
2318 1776 2444 1836 ideo
2481 1784 2631 1841 solus
2672 1802 2916 1849 summus
2940 1798 3191 1857 sacerdos
3217 1776 3451 1863 intrabat
3475 1809 3530 1867 in
3558 1776 3737 1871 saneta

2141 1881 2471 1941 sanctorum,
2504 1886 2562 1933 ut
2582 1892 2762 1939 oraret
2786 1900 2884 1956 pro
2906 1891 3125 1961 populo,
3168 1896 3258 1966 qui
3294 1914 3416 1956 cum
3455 1906 3736 1967 sacerdote

2138 1964 2194 2019 in
2228 1966 2339 2036 ipsa
2366 1967 2620 2029 interiora
2657 1988 2842 2033 saneta
2872 1995 2979 2038 non
3021 1964 3275 2045 introibat
3313 1991 3522 2066 (Leuit.
3549 2015 3663 2066 xvi,
3693 2016 3735 2057 et
3788 1984 3789 2066 ἱ

2140 2054 2299 2112 Hebr.
2328 2075 2409 2129 1x,
2436 2063 2467 2116 7
2491 2064 2547 2135 );
2573 2066 2713 2124 sicut
2752 2070 2845 2126 ille
2892 2078 3145 2135 sacerdos
3177 2054 3393 2141 intravit
3429 2088 3483 2144 in
3529 2054 3731 2150 secreta

2136 2150 2419 2221 cmlorum,
2475 2154 2529 2212 in
2582 2157 2673 2215 illa
2714 2163 2927 2222 veriora
2961 2181 3143 2226 sancta
3187 2185 3517 2250 sanctorum,
3564 2185 3732 2242 adhuc

2136 2244 2291 2301 nobis
2340 2247 2428 2304 hic
2467 2252 2658 2320 positis
2692 2271 2790 2325 pro
2827 2260 3021 2329 quibus
3066 2264 3390 2337 interpellat.
3436 2244 3568 2331 Ideo
3606 2278 3731 2335 dixit

2134 2337 2420 2411 Propheta,
2445 2342 2509 2400 Si
2535 2352 2812 2416 peccaverit
2836 2356 3077 2425 populus,
3094 2362 3256 2416 orabit
3269 2381 3363 2435 pro
3378 2382 3438 2421 eo
3457 2374 3729 2439 sacerdos;

2131 2431 2178 2485 si
2202 2443 2369 2489 autem
2387 2440 2623 2494 sacerdos
2651 2449 2947 2515 peccauerit,
2972 2451 3087 2521 quis
3109 2431 3280 2511 orabit.
3298 2474 3392 2528 pro
3419 2477 3478 2515 eo
3496 2463 3524 2515 ?
3552 2463 3605 2519 id
3630 2478 3726 2529 est.

2133 2523 2314 2582 Talem
2338 2527 2638 2589 desiderate
2660 2538 3017 2610 sacerdotem,
3043 2547 3132 2615 qui
3156 2523 3384 2618 peccare
3403 2567 3513 2610 non
3538 2523 3723 2626 possit,

2130 2632 2199 2673 ne
2225 2618 2455 2693 indigeat
2480 2628 2622 2681 orari
2647 2644 2744 2698 pro
2770 2646 2846 2687 se.
2877 2633 2943 2689 Et
2969 2635 3091 2703 ideo
3115 2654 3213 2710 pro
3238 2642 3518 2713 Apostolis
3538 2618 3727 2708 bratur

2129 2725 2159 2765 a
2191 2715 2398 2783 populis
2432 2717 2454 2790 (
2479 2720 2593 2780 Act.
2624 2738 2749 2788 xiv,
2792 2724 2909 2798 22)
2943 2747 2957 2784 :
2984 2744 3081 2800 pro
3111 2734 3202 2789 illo
3226 2746 3403 2795 autem
3444 2744 3723 2802 sacerdote

2128 2804 2507 2876 Apostolorum
2555 2815 2810 2885 magistro
2850 2828 2906 2875 et
2940 2821 3168 2882 Domino
3205 2844 3311 2886 non
3344 2843 3553 2891 oratur.
3591 2837 3720 2893 Audi

2127 2895 2232 2953 hoc
2253 2899 2514 2960 Joannem
2543 2906 2817 2979 fatentem,
2846 2921 2901 2968 et
2924 2913 3192 2975 dicentem
3224 2939 3237 2975 :
3268 2922 3496 2992 Fratres,
3531 2928 3717 3000 inquit,

2127 2995 2235 3047 [nec
2259 2995 2420 3050 scribo
2446 3000 2602 3063 vobis,
2641 3010 2695 3056 ut
2719 3020 2821 3067 non
2864 3011 3076 3077 peccetis
3102 3028 3124 3068 :
3149 3022 3197 3068 et
3218 3016 3263 3071 si
3288 3018 3399 3088 quis
3422 2995 3716 3090 peccauerit,

2126 3088 2424 3145 advocatum
2450 3092 2690 3151 habemus
2708 3101 2850 3169 apud
2890 3100 3116 3172 Patrem,
3145 3106 3323 3164 Jesum
3341 3088 3609 3168 Christum
3626 3088 3715 3186 jus

2125 3188 2299 3248 stum;
2329 3184 2437 3253 ipse
2464 3195 2537 3241 est
2560 3191 2791 3246 exoratio
2819 3210 2913 3265 pro
2945 3200 3162 3265 peccatis
3189 3205 3373 3259 nostris
3399 3205 3442 3276 (Ι
3470 3184 3638 3262 Joan.
3661 3225 3710 3276 n,

2126 3273 2179 3337 1,
2206 3271 2241 3326 2
2265 3272 2307 3345 ).
2340 3274 2616 3346 Habemus,
2663 3281 2796 3339 dixit
2824 3302 2838 3339 :
2872 3291 3090 3356 peccatis
3120 3295 3336 3361 nostris,
3373 3271 3531 3354 dixit.
3563 3271 3713 3357 Disce

2124 3363 2500 3437 humilitatem,
2556 3388 2625 3429 ne
2668 3375 2864 3445 cadas;
2910 3380 3022 3438 imo
3072 3395 3132 3439 ut
3167 3387 3456 3459 aliquando
3507 3408 3707 3465 surgas.

2122 3456 2306 3530 Neque
2329 3463 2470 3517 enim
2498 3464 2596 3520 ista
2620 3466 2872 3540 dixisses,
2898 3474 3001 3529 nisi
3028 3456 3334 3538 cecidisses.
3602 3456 3629 3465 ”
3788 3480 3789 3540 ;

2193 3549 2420 3610 GAPUT
2447 3553 2676 3612 (Νι.-
2699 3561 2827 3619 242.
2855 3564 3038 3624 Parit.
3070 3569 3204 3626 dixit
3235 3589 3247 3626 :
3280 3575 3355 3628 Ac
3380 3592 3446 3631 ne
3472 3582 3492 3610 ι
3528 3597 3583 3634 se
3609 3582 3709 3635 vin-

2122 3644 2252 3700 dicet
2288 3663 2321 3701 a
2346 3648 2527 3707 delicto
2559 3654 2648 3724 qui
2675 3654 2838 3712 laicus
2883 3668 2987 3726 est,
3031 3662 3127 3718 hoc
3174 3665 3441 3724 interdicto
3483 3682 3705 3728 tenetur:

2127 3756 2147 3789 ‹
2184 3737 2268 3793 Ne
2291 3746 2628 3802 communica
2651 3752 3080 3819 peccatisalienis.
3121 3778 3141 3810 ι

2190 3827 2314 3888 245.
2356 3835 2494 3897 Aac.
2523 3841 2799 3909 respondit
2829 3862 2844 3900 :
2875 3846 3055 3916 Erras,
3085 3860 3143 3906 ut
3173 3852 3397 3925 dicitur,
3437 3869 3552 3915 toto
3575 3862 3704 3917 caelo

2119 3938 2217 3995 per
2241 3928 2566 3999 superbiam,
2593 3931 2720 3990 dum
2746 3950 2852 3992 non
2884 3939 2962 3995 vis
2983 3946 3377 4003 communicare
3402 3950 3522 4007 orbi
3556 3964 3704 4009 terra:

2118 4034 2216 4090 per
2235 4020 2609 4081 humilitatem.
2631 4028 2762 4085 Nam
2785 4046 2960 4105 neque
2999 4036 3100 4094 hoc
3136 4039 3268 4097 laico
3292 4042 3495 4100 dictum
3526 4060 3624 4115 est,
3653 4061 3701 4103 et
3788 4038 3789 4043 “

2117 4114 2294 4169 nescis
2342 4118 2791 4187 quemadmodum
2833 4126 3032 4184 dictum
3086 4131 3175 4188 sit.
3226 4136 3308 4192 Ad
3362 4114 3698 4197 Timouteuin

2116 4206 2406 4275 Apostolus
2430 4224 2550 4266 cum
2571 4214 2849 4284 scriberet,
2870 4219 2970 4276 hoc
2986 4224 3240 4283 monebat
3257 4231 3507 4297 eumdem
3534 4236 3696 4305 ipsum

2116 4297 2455 4358 Timotheum
2489 4321 2503 4358 :
2532 4306 2617 4361 cui
2641 4308 2750 4364 alio
2769 4310 2887 4368 loco
2914 4312 3064 4381 dicit,
3100 4317 3224 4374 Noli
3253 4297 3571 4382 contemnere
3588 4346 3700 4401 gra-

2113 4392 2244 4448 tiam“
2273 4412 2389 4466 quia
2422 4399 2476 4453 in
2504 4410 2552 4454 te
2573 4411 2675 4469 est,
2699 4419 2815 4474 qua:
2836 4406 2926 4461 tibi
2952 4409 3073 4465 data
3101 4422 3173 4466 est
3210 4430 3301 4483 per
3333 4392 3695 4487 impositionem

2113 4503 2354 4544 manuum
2393 4493 2688 4566 presbyterii
2712 4498 2732 4528 ²
2769 4498 2787 4567 (
2813 4497 2833 4552 Ι
2863 4498 2996 4555 Tim.
3025 4520 3098 4571 tv,
3134 4506 3246 4578 14).
3279 4509 3349 4564 Et
3376 4512 3557 4569 multis
3584 4514 3694 4569 aliis

2113 4580 2450 4640 documentis
2477 4588 2775 4645 ostenditur
2796 4633 2812 4657 ,
2842 4594 2982 4663 quod
3013 4611 3119 4652 non
3148 4610 3265 4656 erat
3306 4602 3494 4659 laicus.
3542 4606 3686 4674 Quod

2110 4683 2288 4730 autem
2323 4676 2418 4745 ait,
2446 4675 2527 4732 Ne
2551 4683 2888 4739 communica
2914 4689 3133 4756 peccatis
3175 4692 3391 4762 alienis;
3430 4710 3690 4752 consensu

2110 4774 2166 4820 et
2180 4767 2375 4837 placito
2399 4769 2622 4843 intelligi
2644 4776 2828 4831 voluit.
2855 4777 3006 4836 Unde
3031 4784 3210 4839 statim
3241 4787 3528 4858 subjiciens
3555 4808 3683 4862 quo-

2108 4857 2271 4913 modo
2291 4859 2346 4914 id
2370 4871 2508 4932 agat,
2533 4862 2606 4919 Te
2625 4867 2814 4935 ipsum,
2846 4870 3037 4942 inquit,
3068 4886 3260 4932 castum
3278 4857 3475 4937 custodi
3499 4857 3608 4953 (ld.
3639 4901 3685 4949 ν,

2108 4950 2221 5021 22).
2244 4950 2428 5023 Neque
2456 4957 2599 5011 enim
2626 4968 2681 5014 et
2700 4959 2816 5030 ipse
2844 4962 3042 5021 Patrlus
3062 4973 3489 5031 communicabat
3507 4950 3686 5047 pecca-

2111 5042 2177 5097 tis
2220 5044 2431 5111 alienis,
2459 5049 2584 5118 quia
2631 5049 2793 5108 falsos
2834 5054 3047 5125 fratres,
3082 5059 3150 5116 de
3188 5063 3382 5132 quibus
3409 5042 3593 5138 gemit,
3636 5073 3682 5123 in

2109 5134 2311 5192 unitate
2369 5141 2635 5210 corporali
2685 5145 2981 5215 tolerabat;
3030 5160 3123 5205 aut
3163 5134 3679 5215 communicaverunt

2105 5227 2249 5288 furto
2273 5242 2328 5287 et
2354 5235 2544 5292 sceleri
2569 5236 2721 5294 Judae
2750 5255 3107 5312 praecessores
3135 5247 3250 5319 ejus
3277 5253 3536 5322 Apostoli,
3566 5255 3677 5325 quia

2106 5338 2226 5379 cum
2252 5340 2318 5381 eo
2336 5326 2445 5396 jam
2473 5329 2683 5386 Domini
2711 5333 3008 5405 venditore,
3049 5347 3105 5395 et
3141 5356 3171 5395 a
3213 5342 3439 5400 Domino
3462 5348 3672 5403 demon-

2104 5427 2293 5486 strato,
2320 5434 2714 5481 sacrosanctam
2740 5442 2950 5489 canam
2976 5437 3522 5498 communicaverunt.

2174 5511 2398 5571 CAPUT
2440 5515 2597 5574 CVII.
2644 5551 2714 5561 --
2748 5523 2871 5579 244.
2928 5525 3111 5582 Ρετιι..
3148 5528 3322 5587 dixit:
3359 5533 3469 5588 Hae
3513 5537 3675 5590 iterum

2170 5700 2185 5728 ι
2211 5697 2284 5745 sic
2306 5703 2409 5747 Mss.
2436 5700 2552 5752 Editi
2577 5714 2711 5757 vero.
2749 5710 2793 5754 4:
2810 5718 2883 5754 ne.

2169 5760 2189 5792 ³
2212 5758 2348 5819 Fditi,
2368 5762 2649 5830 presbyteri.
2667 5771 2966 5835 castigantur
2991 5783 3051 5825 ex
3078 5775 3429 5842 manuscriptts.

3787 356 3789 451 1

3788 542 3789 631 γ

3788 838 3789 919 ι

3788 926 3789 1003 l

3787 356 3789 451 1

3788 542 3789 631 γ

3788 838 3789 919 ι

3788 926 3789 1003 l
