3792 6132
53 312 151 368 388

52 433 300 488 sementia
327 443 344 474 ι
374 433 490 504 ipse
539 431 810 502 Apostolus
852 436 1112 501 comparat
1158 427 1477 483 conscientia:
1504 426 1656 480 malle

52 536 331 582 consortes.
364 544 385 579 ι
420 522 493 579 Et
521 525 613 597 qui
637 525 830 597 faciunt
853 539 936 591 ea,
985 521 1177 590 inquit,
1209 530 1260 577 et
1306 521 1395 592 qui
1438 536 1653 575 consert-

53 622 180 674 tiunt
237 618 369 673 talia
401 617 743 690 facientibus,
770 617 914 690 digni
967 625 1085 671 sunt
1136 624 1298 670 morte
1330 633 1348 666 ι
1383 614 1403 683 (
1431 612 1583 669 Rom.
1613 629 1650 681 ι,

52 710 116 765 se
138 710 180 780 ).

116 800 251 858 9J5.
294 802 431 859 Anc.
480 799 797 874 respondit:
831 797 1246 867 Quomodolibet
1296 812 1359 853 ea
1412 796 1648 864 dixeris,

52 908 157 950 non
201 909 372 960 curo;
404 909 533 950 vera
558 902 683 950 sunt
711 894 848 962 haec,
879 894 1062 950 ethoc
1091 900 1175 949 est
1198 891 1340 963 quod
1376 890 1653 948 Catholica

51 986 226 1054 docet,
276 985 507 1042 multum
545 987 809 1044 interesse
853 985 996 1044 inter
1035 986 1435 1043 consentientes
1460 985 1651 1056 quibus

53 1077 162 1133 haec
187 1077 431 1149 placent,
462 1088 521 1135 et
545 1079 835 1136 tolerantes
863 1079 1059 1151 quibus
1090 1081 1206 1134 haec
1232 1078 1532 1149 displicent.
1568 1077 1651 1134 Illi

54 1173 189 1228 enim
221 1172 381 1244 palea
410 1154 566 1239 ﬁunt,
598 1173 726 1231 dum
756 1175 922 1246 palea!
951 1184 1246 1246 sequuntur
1269 1174 1603 1230 sterilitatem
1630 1190 1648 1230 :

52 1265 128 1321 illi
153 1265 398 1322 triticum
438 1274 585 1336 sunt,
629 1276 966 1341 exspectent,
989 1276 1049 1324 ut
1087 1275 1462 1339 segregentur,
1488 1266 1651 1323 Chri-

54 1366 186 1415 stum
215 1358 595 1414 ventilatorem
616 1360 665 1412 ’.

114 1448 349 1508 CAPUT
378 1450 786 1527 (Win—246.
812 1451 1002 1508 PB'I'IL.
1033 1450 1164 1506 dixit
1192 1469 1206 1506 :
1243 1448 1419 1506 Venite
1441 1467 1559 1524 ergo
1584 1452 1653 1507 ad

53 1540 357 1612 Ecclesium,
387 1544 588 1616 populi,
616 1551 665 1599 et
692 1544 924 1615 aufugite
951 1542 1238 1609 traditam,
1271 1542 1316 1596 si
1340 1559 1453 1597 cum
1474 1543 1652 1598 iisdem

51 1634 209 1703 perire
252 1649 359 1688 non
400 1635 573 1689 uultis.
603 1632 745 1689 Nam
771 1643 828 1688 ut
854 1632 1008 1703 facile
1032 1634 1348 1705 cognoscatis
1373 1634 1509 1704 quod
1537 1650 1653 1688 runt

50 1726 142 1797 ipsi
167 1725 275 1780 sint
301 1742 377 1781 ret
392 1768 405 1791 ,
429 1727 495 1780 de
519 1725 623 1795 ﬁde
647 1734 820 1780 nostra
839 1725 1025 1798 optime
1038 1708 1270 1796 judicent
1299 1740 1319 1780 :
1337 1741 1428 1797 ego
1445 1724 1652 1780 illorum

53 1818 263 1887 infectos
291 1815 495 1889 baptizo
515 1832 539 1883 ;
561 1816 641 1872 illi
665 1833 800 1872 meos
825 1858 838 1882 ,
859 1816 998 1887 quod
1021 1816 1149 1872 absit
1167 1858 1183 1885 ,
1213 1816 1463 1888 recipiunt
1489 1817 1652 1888 bapti-

52 1920 223 1975 satos;
250 1925 373 1983 quc
396 1910 602 1965 omnino
637 1926 739 1965 non
765 1914 1017 1982 facerem,
1048 1909 1094 1964 si
1115 1909 1169 1964 in
1192 1906 1457 1979 Baptismo
1483 1919 1652 1965 nostra

51 2007 220 2076 culpas
257 2004 463 2078 aliquas
503 2005 841 2076 agnovissent.
888 2002 1065 2058 Videte
1088 2019 1238 2075 ergo,
1266 2003 1402 2074 quod
1427 2004 1608 2058 damus
1632 2044 1647 2058 .

52 2114 195 2168 quam
218 2098 292 2153 sit
314 2105 545 2153 sanctum
561 2138 576 2165 ,
608 2096 745 2168 quod
766 2096 1022 2152 destruere
1049 2095 1225 2150 metuit
1250 2096 1527 2168 sacrilegus
1548 2095 1651 2150 ini-

54 2191 225 2245 iniens.

114 2282 241 2339 247.
291 2283 427 2340 Anc.
471 2281 749 2353 respondit
788 2299 802 2336 :
840 2279 1044 2338 Contra
1069 2279 1231 2336 istum
1256 2279 1474 2352 quidem
1503 2296 1654 2337 erro-

56 2392 160 2430 rem
206 2375 382 2431 multa
421 2375 534 2447 jam
577 2375 843 2443 diximus,
885 2384 941 2431 et
980 2374 1038 2430 in
1067 2374 1169 2431 hoc
1193 2389 1358 2446 opere
1382 2416 1398 2443 ,
1422 2382 1476 2430 et
1503 2374 1651 2432 alibi.

58 2466 157 2521 Sed
183 2467 315 2538 quia
357 2466 429 2522 ita
471 2481 720 2538 magnum
762 2466 1158 2523 ﬁrmamentum
1188 2466 1438 2522 vanitatis
1463 2475 1656 2524 vestrae

58 2559 107 2613 in
131 2557 233 2614 hac
264 2558 531 2615 sententia
560 2573 681 2615 esse
708 2558 1083 2626 arbitramini,
1113 2566 1175 2613 ut
1201 2558 1270 2613 ad
1296 2558 1400 2614 hoc
1423 2558 1518 2614 tibi
1540 2567 1653 2615 ter-

60 2647 359 2704 minandam
394 2656 615 2719 putares
647 2650 927 2720 epistolam
947 2691 962 2716 ,
991 2665 1100 2721 quo
1120 2650 1274 2722 quasi
1302 2651 1572 2707 recentius
1601 2651 1655 2708 in

62 2739 244 2795 animis
274 2740 567 2811 legentium
596 2749 929 2807 remaneret,
962 2740 1196 2797 breviter
1218 2741 1539 2812 respondeo.
1565 2742 1657 2800 Sic

62 2830 411 2903 approbamus
451 2832 507 2887 in
543 2831 808 2888 haereticis
840 2831 1169 2903 Baptismum
1191 2873 1210 2902 ,
1236 2847 1343 2888 non
1372 2831 1656 2890 haeretico-

63 2938 167 2979 rum
192 2966 207 2991 ,
235 2923 336 2979 sed
364 2921 600 2989 Christi,
630 2923 769 2979 sicut
794 2924 849 2978 in
875 2923 1315 3005 fornicatoribus,
1344 2925 1653 2995 immundis,

64 3015 364 3082 luxuriosis,
380 3016 680 3072 idololatris
697 3057 713 3085 ,
730 3015 982 3072 veneficis
1001 3057 1017 3084 ,
1048 3015 1445 3074 inimicitiarum
1470 3028 1652 3075 reten—

65 3108 276 3175 toribus,
308 3104 677 3175 conténtiosis,
709 3109 936 3177 aemulis,
964 3110 1242 3177 animosis,
1261 3110 1656 3168 dissensionum

65 3198 342 3268 studiosis,
386 3199 616 3270 invidis,
657 3201 918 3268 ebriosis,
959 3204 1448 3270 comessatoribus,
1492 3214 1548 3261 et
1576 3204 1659 3262 his

67 3294 316 3350 similibus
348 3292 712 3365 approbamus
747 3294 1113 3364 Baptismum,
1155 3310 1262 3352 non
1298 3311 1484 3354 eorum
1507 3339 1523 3365 ,
1562 3298 1660 3355 sed

66 3384 272 3440 ChriSti.
311 3385 515 3443 Omnes
541 3387 685 3442 enim
714 3386 804 3443 isti
830 3388 972 3444 inter
996 3404 1133 3459 quos
1157 3399 1211 3445 et
1240 3389 1473 3447 baaretici
1500 3392 1661 3463 positi

68 3486 180 3533 sunt
197 3521 213 3546 ,
238 3480 381 3534 sicut
404 3478 536 3534 dicit
558 3478 850 3549 Apostolus
867 3521 883 3547 ,
914 3494 1137 3549 regnum
1167 3481 1261 3537 Dei
1286 3497 1394 3537 non
1420 3483 1662 3552 posside-

68 3570 188 3626 bunt
226 3570 428 3643 (Galat.
468 3586 534 3638 ν,
568 3569 762 3644 19-21)
791 3587 807 3639 ;
838 3579 893 3627 et
916 3570 1039 3627 ideo
1061 3571 1129 3627 ad
1153 3572 1421 3629 sinistram
1453 3586 1660 3643 partem

68 3675 177 3716 cum
208 3661 427 3719 diabolo
453 3662 812 3733 pertinebunt.
849 3661 958 3719 Nec
987 3663 1109 3720 ideo
1135 3665 1354 3734 putandi
1379 3676 1505 3722 sunt
1535 3682 1658 3724 esse

70 3752 116 3807 in
158 3751 356 3810 Christi
398 3768 664 3824 corpore,
709 3755 853 3827 quod
895 3765 980 3812 est
1017 3756 1257 3813 Ecclesia
1280 3800 1296 3826 ,
1324 3760 1445 3830 quia
1472 3759 1662 3817 Sacra—

71 3855 361 3902 mentorum
390 3846 509 3918 ejus
528 3848 883 3918 corporaliter
912 3850 1197 3920 participes
1222 3850 1375 3907 ﬁunt.
1401 3852 1493 3908 illa
1519 3855 1663 3911 enim

74 3949 119 3993 et
155 3940 207 3994 in
254 3939 451 3995 talibus
488 3949 671 3996 sancta
696 3949 948 4008 sunt,.et
973 3942 1055 3999 eis
1081 3942 1296 4015 indigne
1316 3947 1662 4005 tractantibus

73 4044 119 4089 et
154 4035 491 4092 sumentibus
531 4036 599 4092 ad
643 4035 814 4108 majus
852 4035 1108 4107 judicium
1135 4038 1408 4095 valebunt.
1436 4039 1543 4111 Ipsi
1570 4057 1664 4098 au-

75 4135 169 4182 tem
193 4143 299 4184 non
329 4136 460 4184 sunt
488 4128 542 4184 in
574 4128 661 4185 illa
683 4128 936 4185 Ecclesiae
965 4143 1221 4201 compage
1240 4172 1257 4199 ,
1285 4147 1403 4202 quae
1423 4132 1479 4188 in
1495 4149 1667 4190 mem-

72 4216 170 4275 bris
193 4220 399 4278 Christi
422 4236 522 4293 per
541 4236 844 4278 connexum
863 4231 919 4278 et
936 4232 1238 4279 contactum
1288 4230 1484 4282 crescit
1503 4227 1557 4284 in
1580 4228 1665 4283 in-

74 4324 391 4370 crementum
442 4314 557 4368 Dei.
609 4313 703 4369 Illa
744 4314 941 4385 quippe
987 4315 1227 4373 Ecclesia
1264 4315 1317 4371 in
1365 4326 1514 4387 petra
1540 4328 1661 4387 est,

88 4403 201 4461 ticut
225 4404 492 4462 Dominus
510 4404 643 4461 dicit
672 4422 686 4458 :
720 4405 888 4476 Super
911 4408 1040 4462 hanc
1057 4418 1248 4479 petram
1272 4408 1535 4479 mdiﬁcabo
1557 4410 1662 4465 Ec-

130 4562 149 4655 ξ
170 4566 219 4611 ιιι
239 4567 348 4614 Mss.
369 4575 383 4611 :
408 4570 513 4613 Hac
761 4562 1012 4633 sententia.

169 4625 367 4674 Sicllss.
392 4630 450 4674 At
470 4630 605 4674 Lov..
669 4623 704 4674 lt
734 4630 946 4674 triticum
981 4638 1012 4674 si

128 4624 367 4696 fSicllss.
392 4630 450 4674 At
470 4630 616 4696 tot},
630 4623 707 4696 illi
734 4623 957 4696 triticum
981 4631 1117 4687 sunt,
1151 4624 1268 4676 dum
1310 4634 1590 4691 exspectant
1613 4635 1664 4679 ut

77 4692 372 4751 κατερεικτῶν
392 4698 483 4750 per
498 4684 746 4738 Christum
763 4684 1109 4738 ventilatorem.

1391 306 1596 362 LIBER
1634 306 1944 372 TERTIUS.

3220 321 3320 353 ου

1752 430 1955 483 clesiam
1982 443 2143 482 meam
2172 425 2383 499 (Matth.
2426 440 2540 492 xvi,
2585 422 2696 496 18).
2730 420 2809 478 llli
2847 429 3024 476 autem
3075 418 3127 474 in
3174 431 3334 473 arena

1754 521 2035 587 aedificant,
2069 520 2206 575 sicut
2235 519 2373 575 idem
2411 518 2665 573 Dominus
2694 516 2859 572 dicit:
2891 514 2993 583 Qui
3017 512 3159 568 audit
3190 512 3338 567 verba

1752 629 1865 667 mea
1890 621 1937 665 et
1961 628 2059 666 non
2081 611 2202 681 facit
2241 602 2318 675 ea,
2349 609 2575 663 similabo
2605 625 2717 663 eum
2748 608 2855 662 viro
2892 605 3067 669 stulto,
3099 608 3187 674 qui
3208 603 3339 658 trdi-

1755 708 1878 777 ficat
1901 706 2105 760 domum
2131 721 2274 761 suam
2301 720 2451 773 super
2490 718 2694 756 arenam
2726 700 2834 775 (ld.
2868 715 2959 766 vn,
2987 698 3102 770 26).
3140 696 3245 754 Sed
3274 713 3341 752 ne

1755 807 1910 870 putes
1942 798 2234 853 Ecclesiam
2265 810 2381 867 qua:
2408 796 2458 849 in
2492 805 2638 864 petra
2664 803 2764 858 est,
2813 795 2867 848 in
2913 808 3015 848 una
3047 801 3195 862 parte
3220 803 3341 847 esse

1759 902 2044 955 terrarum,
2074 900 2129 945 et
2156 904 2259 945 non
2289 887 2512 944 diffundi
2543 902 2708 956 usque
2735 886 2800 940 ad
2831 884 2964 941 ﬁnes
2998 895 3186 940 terra):
3218 882 3341 938 audi

1757 985 1875 1055 ejus
1895 1000 2079 1039 vocem
2109 983 2175 1038 de
2198 982 2413 1038 Psalmo
2433 981 2694 1052 gementis
2722 980 2859 1034 inter
2879 978 3012 1033 mala
3039 976 3344 1048 peregrina-

1760 1079 1918 1133 tionis
1943 1093 2074 1133 suze.
2101 1077 2191 1131 Ait
2221 1077 2401 1133 enim:
2429 1075 2474 1129 A
2509 1074 2696 1143 ﬁnibus
2722 1082 2867 1128 terra:
2894 1072 2960 1125 ad
3004 1083 3051 1124 te
3091 1070 3302 1125 clamari
3326 1084 3341 1135 ;

1759 1188 1871 1226 cam
1899 1179 2166 1242 angeretur
2209 1186 2297 1224 cor
2326 1186 2511 1233 meum,
2556 1170 2609 1223 in
2659 1177 2802 1239 petra
2840 1165 3074 1221 exaltasti
3111 1180 3224 1219 me:
3253 1165 3345 1218 de-

1760 1262 1953 1316 duxisti
1992 1279 2090 1328 me,
2123 1262 2240 1332 quia
2282 1263 2443 1333 factus
2485 1277 2537 1314 es
2588 1276 2702 1329 spes
2746 1274 2878 1324 mea,
2930 1256 3084 1311 turris
3138 1255 3344 1323 fortitu-

1761 1355 1894 1411 dinis
1930 1374 1963 1410 α
2008 1356 2141 1426 [acie
2182 1354 2374 1409 inimici
2412 1352 2586 1426 (Psal.
2631 1369 2718 1418 LX,
2751 1353 2806 1418 '5,
2833 1353 2910 1420 4).
2940 1347 3131 1405 Videte
3158 1363 3333 1419 quem.

1761 1446 2048 1502 admodum
2079 1463 2107 1500 a
2142 1447 2334 1502 finibus
2377 1455 2532 1503 terra:
2579 1446 2790 1500 clamat.
2838 1442 2953 1498 Non
3002 1450 3084 1498 est
3128 1456 3255 1513 ergo
3292 1441 3346 1495 in

1761 1539 1875 1595 sola
1904 1538 2098 1606 Africa,
2135 1538 2215 1594 vel
2241 1540 2369 1594 solis
2396 1538 2556 1604 Afris,
2591 1537 2899 1608 episcOpum
2947 1534 3169 1589 Romam
3218 1548 3348 1604 pau-

1761 1632 1841 1687 cis
1887 1632 2251 1692 Montensibus
2301 1632 2401 1705 (a),
2445 1640 2500 1686 et
2548 1630 2600 1685 in
2647 1629 2955 1699 Hispaniam
2982 1626 3160 1682 domui
3190 1624 3349 1681 unius

1758 1718 1993 1774 mulieris
2027 1720 2098 1794 (b)
2119 1736 2186 1778 ex
2212 1722 2389 1779 Africa
2415 1724 2765 1781 mittentibus.
2794 1724 2979 1784 Videte
2998 1728 3353 1800 quemadmo-

1755 1810 1883 1867 dum
1937 1813 1988 1867 in
2038 1824 2185 1884 petra
2227 1815 2514 1871 exaltetur.
2564 1817 2679 1872 Non
2721 1833 2848 1889 ergo
2893 1819 2944 1874 in
2974 1834 3038 1876 ea
3064 1821 3353 1893 deputandi

1756 1914 1879 1959 sunt
1920 1920 2107 1962 omnes
2150 1908 2240 1978 qui
2284 1906 2551 1965 aediﬁcant
2591 1910 2641 1965 in
2689 1926 2884 1977 arena,
2915 1910 2967 1968 id
2993 1923 3112 1984 est,
3141 1915 3231 1987 qui
3257 1930 3352 1972 au-

1756 1998 1912 2054 diunt
1940 2001 2098 2056 verba
2120 1999 2318 2056 Christi
2347 2011 2401 2056 et
2427 2016 2533 2056 non
2560 2001 2758 2058 faciunt
2788 2005 2910 2075 :qni
2938 2013 3113 2060 tamen
3137 2015 3191 2062 et
3210 2007 3352 2078 apud

1756 2106 1855 2146 nos
1902 2099 1957 2146 et
2003 2091 2143 2161 apud
2191 2106 2285 2147 vos
2328 2092 2528 2150 habent
2565 2104 2620 2149 et
2649 2094 3140 2167 traduntBaptismi
3169 2112 3350 2154 sacra-

1756 2191 2016 2238 mentum.
2062 2183 2253 2240 Videte
2295 2184 2743 2257 quemadmodum
2784 2202 2907 2258 spes
2950 2189 3065 2258 cjus
3107 2189 3248 2245 Deus
3284 2191 3354 2247 sit

1756 2274 1915 2331 Pater
1958 2286 2014 2330 et
2059 2274 2224 2332 Filius
2268 2285 2323 2331 et
2371 2276 2603 2348 Spiritus
2646 2287 2862 2334 sanctus
2892 2321 2907 2345 ,
2958 2295 3064 2335 non
3116 2280 3303 2337 Petrus
3333 2324 3351 2351 ,

1759 2383 1863 2424 non
1892 2368 2085 2425 Paulus
2116 2387 2131 2435 ;
2155 2379 2354 2440 quanto
2383 2371 2558 2426 minus
2588 2370 2824 2428 Donatus
2848 2413 2864 2437 ,
2893 2382 2983 2428 aut
3008 2372 3347 2430 Petilianus?

1756 2458 1875 2516 Non
1902 2475 2030 2532 ergo
2061 2471 2295 2517 vestrum
2327 2471 2409 2518 est
2435 2462 2577 2534 quod
2604 2463 2881 2520 destruere
2910 2466 3226 2533 metuimus,
3258 2466 3355 2524 sed

1757 2552 1955 2609 Christi
1984 2570 2003 2608 :
2028 2556 2170 2626 quod
2200 2565 2255 2612 et
2274 2556 2324 2610 in
2354 2556 2626 2627 sacrilegis
2647 2571 2742 2629 per
2761 2572 2820 2613 se
2842 2567 3082 2614 sanctum
3098 2569 3200 2614 est.
3223 2558 3354 2616 Nam

1758 2647 2033 2703 venientes
2074 2662 2102 2701 a
2142 2647 2291 2703 vobis
2328 2648 2570 2718 recipere
2606 2664 2710 2703 non
2744 2664 3053 2719 possumus,
3084 2650 3183 2707 nisi
3213 2653 3355 2721 quod

1758 2748 1994 2795 vestrum
2038 2748 2121 2795 est
2153 2739 2505 2796 destrnamus.
2544 2740 2875 2796 Destruimus
2903 2742 3045 2797 enim
3075 2743 3353 2814 perfidiam

1759 2830 2075 2899 desertoris,
2115 2846 2220 2887 non
2259 2832 2583 2889 destruimus
2606 2833 2970 2890 characterem
2996 2834 3353 2905 imperatoris.

1758 2923 1992 2981 Proinde
2027 2933 2082 2980 tu
2126 2926 2238 2996 ipse
2274 2926 2551 2981 considera
2574 2966 2591 2995 ,
2626 2936 2682 2982 et
2709 2926 2927 2983 destrue
2954 2925 3096 2998 quod
3125 2926 3305 2985 dixisti
3339 2947 3355 2986 :

1761 3015 1873 3088 Ego
1897 3058 1911 3083 ,
1948 3016 2155 3087 inquis,
2195 3017 2400 3072 illorum
2428 3018 2639 3090 infectos
2661 3018 2859 3091 ὀαριὶιο
2880 3036 2901 3085 ;
2923 3019 3004 3074 illi
3026 3036 3159 3076 meos
3178 3062 3195 3089 ,
3221 3022 3358 3093 quod

1761 3111 1911 3176 absit,
1943 3112 2189 3181 recipiunt
2217 3109 2519 3182 baptizatos.
2546 3111 2627 3167 Tu
2646 3113 2787 3168 enim
2809 3128 2916 3168 non
2939 3111 3160 3170 infectos
3183 3113 3361 3185 bapti-

1762 3218 1882 3271 zas,
1927 3203 2055 3269 sed,
2102 3213 2160 3258 ut
2198 3205 2275 3260 tui
2316 3189 2515 3261 erroris
2558 3206 2740 3261 fraude
2768 3205 3005 3275 inﬁcias,
3037 3206 3357 3279 rebaptizas.

1762 3293 1871 3351 Nos
1890 3304 2064 3350 autem
2092 3312 2196 3351 non
2220 3305 2337 3352 tuos
2364 3297 2651 3367 recipimus
2671 3298 2987 3368 baptizatos,
3009 3297 3105 3355 sed
3124 3298 3360 3355 destrui-

1764 3404 1884 3444 mus
1931 3403 2171 3444 errorem
2218 3398 2366 3445 tuum
2417 3389 2558 3445 unde
2606 3400 2729 3445 sunt
2776 3390 2895 3453 tui,
2941 3398 2997 3446 et
3039 3392 3359 3463 suscipimus

1762 3479 1961 3536 Christi
1986 3480 2309 3550 Baptismum
2338 3480 2478 3536 unde
2506 3491 2629 3536 sunt
2654 3481 2923 3551 baptizati.
2953 3481 3133 3554 Itaque
3158 3497 3360 3555 oppor-

1764 3582 1892 3627 tune
1922 3573 1972 3627 in
2004 3571 2180 3628 medio
2208 3572 2305 3629 abs
2332 3583 2386 3629 te
2414 3575 2648 3644 positum
2673 3584 2755 3629 est
2775 3616 2789 3640 ,
2820 3573 2970 3642 Quod
2994 3574 3141 3630 absit.
3166 3575 3360 3634 Dixisti

1765 3670 1907 3725 enim
1930 3710 1944 3732 ,
1976 3667 2054 3720 illi
2080 3682 2242 3730 meos,
2274 3665 2409 3735 quod
2434 3666 2562 3719 absit
2586 3707 2601 3730 ,
2628 3665 2877 3736 recipiunt
2902 3665 3200 3738 baptizatos.
3223 3665 3360 3724 Nam

1764 3769 1885 3816 eum
1929 3769 1987 3815 tu
2026 3758 2189 3812 velles
2229 3756 2447 3828 intelligi
2490 3756 2640 3825 Quod
2667 3757 2828 3825 absit,
2857 3758 3131 3829 recipiunt,
3165 3758 3360 3817 timens

1767 3871 1834 3909 ne
1872 3863 1993 3909 tuos
2027 3851 2381 3921 recipiamus;
2412 3865 2512 3922 ego
2539 3851 2862 3907 nescientem
2893 3850 3093 3908 dixisse
3116 3852 3320 3926 accipio
3339 3895 3359 3923 ,

1769 3945 1913 4000 Meos
1933 3986 1948 4011 ,
1992 3944 2124 4014 quod
2157 3942 2305 3997 absit.
2345 3941 2553 3997 Revera
2577 3942 2719 3998 enim
2747 3943 2887 4001 absit
2916 3952 2972 3998 ut
2998 3943 3071 3998 tui
3098 3945 3237 4011 sint,
3267 3945 3361 4017 qui

1764 4039 1877 4109 jam
1912 4036 1976 4090 ad
2022 4034 2349 4090 Catholicam
2382 4043 2657 4089 transeunt
2688 4052 2701 4086 :
2734 4050 2832 4090 nec
2857 4035 2932 4089 sic
2961 4043 3271 4102 transeunt,
3303 4046 3362 4092 ut

1768 4128 2020 4200 haptizati
2050 4126 2216 4182 nostri
2244 4127 2351 4180 sint
2369 4169 2383 4190 ,
2407 4126 2499 4181 sed
2524 4136 2582 4181 ut
2600 4127 2730 4181 socii
2755 4128 2920 4182 nostri
2943 4128 3049 4182 sint
3072 4145 3086 4194 ;
3111 4128 3362 4200 baptizati

1767 4232 1946 4279 autem
1975 4220 2169 4278 Chrisﬁ
2197 4221 2469 4274 nobiscum
2498 4219 2623 4274 sint.

1831 4378 1904 4450 (α)
1924 4376 2361 4450 υρμτλιίεὲἓεέΨῖῖὲἓ
2369 4371 3119 4450 Ηῗὲίίθὲοίξιὶὲηῗῗὲ.⁰¹ἓεξῖἳθ“ἰὲ
3141 4377 3361 4450 Αέλεὲδιῗῖ

1769 4431 1861 4490 nus
1884 4431 1930 4489 in
1956 4438 2078 4487 libro
2098 4436 2162 4486 de
2185 4436 2477 4494 Haeresibus,
2501 4445 2607 4494 cap.
2633 4431 2712 4489 69,
2733 4438 2785 4482 et
2808 4432 2857 4481 in
2887 4432 3028 4494 epist.
3053 4433 3146 4494 53,
3168 4431 3285 4492 n3,
3307 4443 3361 4488 et

1768 4469 2489 4566 si;a'pgn's"a‘;sisgii‘6.“§;_
2502 4469 2712 4566 saga;
2729 4469 2878 4566 arsi".
2888 4469 3362 4566 mnsam;

1803 4554 1974 4621 uanos,
1992 4562 2097 4611 sive
2123 4554 2418 4621 'Cutzupitas,
2445 4556 2671 4621 discimus
2701 4568 2767 4607 ex
2788 4554 2915 4605 dicta
2937 4556 3079 4618 epist.
3107 4556 3195 4618 53,
3221 4564 3273 4608 et
3297 4572 3361 4611 ex

1789 4628 1893 4675 ibro
1913 4619 1977 4673 de
2001 4624 2187 4672 Unitate
2203 4619 2441 4680 Ecclesiae,
2468 4631 2575 4682 cap.
2600 4619 2648 4668 5.

1833 4687 1907 4751 (b)
1929 4683 2137 4735 Lucillze.

95 4803 3359 4830 Mm

1053 4877 1523 4997 LIBER
1594 4882 2317 4999 TERTIUS.

178 5055 698 5130 Befemweetirss
716 5051 1271 5130 eminereun
1297 5065 1426 5130 quas.
1439 5067 1492 5130 tn
1509 5054 1967 5130 iusseramus:
1993 5046 3370 5130 egeriessuamutrumsensifeslsdictis

135 5117 322 5190 plenas;
349 5125 403 5167 et
424 5109 659 5190 n‘égleeta
682 5114 877 5178 propria
899 5127 987 5166 sua
1029 5109 1332 5166 defensioue
1355 5109 1568 5167 ostendit
1599 5116 1883 5169 Petilianum
1920 5109 1972 5165 in
2002 5109 2147 5162 causa
2167 5109 2428 5171 defecisse,
2450 5122 2615 5172 neque
2637 5110 2696 5159 ad
2718 5124 2827 5160 rem
2849 5112 2913 5162 de
2934 5109 3033 5176 qua
3053 5115 3241 5179 agitur,
3282 5129 3366 5166 re-

1545 5240 1916 5299 W99

136 5176 372 5245 spondere
390 5176 626 5229 valuisse.

146 5369 363 5427 CAPUT
405 5365 695 5426 PRIMUM.
731 5393 804 5408 -—-
844 5365 897 5420 1.
944 5363 1100 5435 Legi,
1140 5362 1431 5432 Petiliane,
1467 5362 1672 5418 litteras

90 5470 225 5531 tuas,
269 5463 490 5534 quando
534 5461 715 5531 legere
754 5457 937 5528 potui,
969 5456 1160 5528 quibus
1194 5463 1246 5511 te
1274 5454 1403 5510 satis
1428 5452 1674 5509 indicasti

88 5554 323 5610 adversus
368 5553 692 5611 catholicam
742 5549 1069 5616 Ecclesiam,
1122 5561 1218 5618 pro
1259 5557 1409 5618 parte
1437 5545 1668 5613 Donati,

92 5661 180 5703 nec
215 5645 410 5720 aliquid
438 5644 673 5700 valuisse
699 5642 880 5699 dicere
906 5640 1153 5698 idoneum
1180 5681 1194 5707 ,
1222 5654 1324 5696 nec
1349 5648 1524 5694 tacere
1547 5652 1674 5709 per-

1782 5360 2023 5414 missum.
2053 5356 2198 5425 Quos
2217 5364 2378 5412 aestus
2404 5370 2591 5427 passus
2627 5372 2688 5413 es
2705 5398 2721 5423 ,
2746 5370 2941 5428 quanta
2962 5361 3140 5417 cordis
3162 5371 3367 5432 tempe-

1779 5461 1917 5510 state
1939 5451 2204 5508 ﬁuctuasti
2223 5493 2239 5518 ,
2268 5464 2389 5505 cum
2420 5450 2641 5522 legisses
2663 5467 2724 5508 ea
2753 5453 2944 5523 quibus
2970 5454 3105 5526 parti
3131 5455 3371 5525 epistola:

1779 5554 1885 5600 tua:
1907 5585 1923 5611 ,
1951 5560 2069 5615 qua:
2097 5543 2150 5598 in
2177 5554 2367 5598 manus
2393 5557 2541 5598 meas
2568 5552 2691 5598 tunc
2720 5554 2968 5609 venerat,
2998 5554 3194 5617 quanta
3223 5548 3372 5616 potui

1782 5638 2042 5694 brevitate
2061 5650 2123 5691 ac
2145 5635 2518 5707 perspicuitate
2542 5636 2825 5706 respondi?
2846 5635 3036 5692 Vidisti
3058 5638 3198 5693 enim
3220 5645 3369 5694 tanta

145 5764 211 5827 (a)
233 5764 472 5816 Possidius
503 5764 559 5813 in
581 5758 818 5822 lodicula,
856 5769 960 5826 cap.
1005 5757 1068 5822 5,
1105 5754 1281 5808 librum
1325 5753 1453 5808 hunc
1487 5750 1688 5806 tertium
1727 5752 1894 5807 verbis
1937 5749 2032 5806 illis
2071 5755 2240 5805 notat:
2274 5766 2296 5797 ιι
2319 5755 2487 5804 contra
2524 5747 2782 5804 secundam
2819 5747 3071 5815 Epistolam
3103 5750 3358 5821 ejusdem,

101 5842 118 5875 ι
138 5824 251 5884 liber
270 5840 413 5883 “[1115.
436 5843 459 5873 υ
