3792 6138
461 315 554 373 δδί
1293 309 1564 368 CONTRA
1604 309 1940 365 LITTERAS
1977 309 2335 383 PE'l‘lLIANl,
2377 313 2436 372 S.
2477 317 2841 376 AUGUSTINI

461 428 670 484 trahere
697 425 918 483 voluerit
943 433 1061 496 post
1086 438 1145 480 se
1172 423 1344 494 ipsum
1365 463 1382 491 ,
1423 431 1747 478 mementote
1771 421 1912 494 quod
1945 423 2030 479 illa

459 520 650 576 mulier
676 519 826 574 fortis
854 527 908 574 et
940 533 1044 573 una
1081 517 1170 572 uni
1205 515 1448 573 amabilis
1472 516 1588 572 viro
1616 531 1715 572 suo
1735 558 1749 582 ,
1791 532 1948 587 quam
1981 516 2033 570 in

459 613 643 668 ultimo
667 611 1075 667 Proverbiorum
1103 618 1286 666 sancta
1311 608 1581 681 Scriptura
1608 609 1880 678 describit,
1911 625 2033 680 pre-

461 705 644 760 tiosior
669 713 750 760 est
776 703 1036 775 lapidibus
1063 703 1330 774 pretiosis.
1358 701 1526 759 Nemo
1553 702 1693 759 dicat
1717 745 1732 770 ,
1765 703 1912 758 Illum
1942 719 2034 758 se-

458 811 611 866 quar,
639 795 886 867 quoniam
919 796 1032 868 ipse
1057 811 1144 852 me
1167 795 1514 852 christianum
1536 795 1697 862 fecit;
1728 805 1818 852 aut
1837 837 1851 861 ,
1884 795 2033 852 Illum

456 900 671 956 sequar,
700 886 952 956 quoniam
979 886 1092 957 ipse
1116 901 1202 943 me
1227 885 1533 959 baptizavit.
1559 885 1740 958 Neque
1763 887 1854 959 qui
1884 887 2034 957 plan-

455 985 531 1032 tat
560 987 644 1033 est
664 977 882 1048 aliquid,
912 993 1084 1048 neque
1105 979 1196 1048 qui
1225 978 1381 1049 rigat,
1404 977 1497 1034 sed
1527 978 1616 1048 qui
1647 977 2030 1033 incrementum

452 1064 541 1122 dat
559 1066 699 1123 Deus
714 1067 758 1137 (Ι
773 1065 892 1124 Cor.
918 1083 996 1136 ιιι,
1010 1068 1085 1139 7).
1106 1068 1171 1123 Et
1192 1070 1328 1124 Deus
1346 1068 1578 1124 charitas
1598 1077 1699 1136 est,
1726 1078 1781 1125 et
1803 1069 1893 1141 qui
1915 1085 2030 1124 ma-

459 1168 550 1213 net
576 1160 629 1214 in
657 1159 937 1227 charitate,
964 1159 1017 1214 in
1045 1159 1153 1214 Deo
1177 1170 1387 1226 manet,
1420 1168 1474 1216 et
1497 1159 1635 1216 Deus
1656 1161 1707 1215 in
1739 1161 1827 1216 illo
1852 1169 2031 1218 manet

461 1245 502 1318 (l
522 1245 678 1302 Joan.
703 1263 777 1316 tv,
808 1248 922 1319 16).
948 1247 1136 1304 Nullus
1156 1249 1316 1305 etiam
1345 1249 1642 1328 praedicans
1663 1266 1854 1307 nomen
1874 1251 2030 1308 Citri-

459 1337 526 1392 sti
553 1379 568 1404 ,
594 1349 648 1393 et
675 1347 892 1408 gestans
919 1353 982 1395 ac
1017 1339 1325 1396 ministrans
1356 1339 1754 1397 Sacramentum
1792 1341 2025 1411 Christi,

454 1431 761 1502 sequendus
797 1441 880 1488 est
913 1443 1096 1488 contra
1135 1433 1392 1489 unitatem
1431 1432 1651 1489 Christi.
1694 1433 1836 1504 Opus
1873 1450 2026 1491 suum

458 1523 648 1593 probet
669 1527 1057 1598 unusquisque;
1083 1537 1136 1582 et
1159 1536 1282 1583 tunc
1301 1528 1351 1582 in
1373 1543 1431 1583 se
1453 1527 1566 1600 ipso
1588 1538 1786 1584 tantum
1806 1530 2026 1601 gloriam

455 1611 706 1683 habebit,
743 1626 798 1673 et
847 1632 951 1673 non
997 1619 1050 1674 in
1091 1619 1279 1675 altero.
1313 1618 1684 1693 Unusquisque
1723 1624 1862 1678 enim
1898 1639 2024 1694 pro-

457 1705 627 1774 prium
657 1721 794 1762 onus
821 1709 1052 1778 portabit
1075 1707 1272 1782 (Gatat.
1299 1725 1380 1777 Vl,
1404 1711 1457 1778 4,
1486 1711 1589 1780 5),
1617 1727 1753 1767 onus
1783 1711 2027 1770 videlicet

452 1795 739 1853 reddenda:
764 1800 983 1856 rationis
1012 1818 1027 1856 ;
1052 1802 1172 1872 quia
1198 1802 1556 1872 unusquisque
1581 1812 1820 1858 nostrum
1849 1819 1946 1875 pro
1965 1820 2024 1861 se

447 1886 706 1944 rationem
730 1890 938 1946 reddet.
967 1889 1083 1947 Non
1114 1891 1292 1964 itaque
1317 1894 1545 1966 amplius
1570 1894 1793 1950 invicem
1818 1895 2024 1966 judice-

449 1993 568 2036 mus
598 1978 794 2052 (Rom.
827 1997 948 2049 xtv,
981 1984 1049 2039 12
1070 2026 1087 2051 ,
1119 1983 1244 2055 15).
1288 1983 1421 2040 Nam
1461 1995 1714 2056 quantum
1743 1987 1930 2043 attinet
1953 1987 2021 2044 ad

449 2083 615 2126 onera
641 2082 836 2128 mutua:
857 2073 1149 2141 charitatis,
1173 2076 1395 2133 invicem
1416 2092 1577 2134 onera
1598 2089 1772 2135 vestra
1792 2089 2018 2150 portate,

446 2171 501 2216 et
528 2161 606 2217 sic
633 2163 992 2235 adimplebitis
1029 2165 1196 2236 legem
1231 2165 1448 2224 Christi.
1481 2167 1581 2236 Qui
1615 2170 1758 2225 enim
1788 2181 1936 2242 putat
1962 2188 2021 2229 se

449 2265 569 2308 esse
592 2253 792 2324 aliquid
811 2295 826 2320 ,
857 2270 978 2310 cum
1009 2256 1136 2312 nihil
1164 2257 1265 2325 sit,
1296 2273 1356 2315 se
1383 2260 1554 2330 ipsum
1578 2261 1782 2318 seducit
1807 2263 1827 2332 (
1845 2260 2017 2319 Galat.

444 2359 521 2410 vr,
536 2344 634 2400 Ωιι
649 2345 728 2416 5).
751 2346 1077 2404 Suﬂ'eramus
1102 2365 1230 2422 ergo
1253 2351 1478 2407 invicem
1500 2353 1552 2408 in
1572 2354 1871 2424 dilectione,
1890 2357 2020 2413 satis

447 2446 665 2508 agentes
704 2452 919 2497 servare
963 2442 1218 2498 unitatem
1267 2443 1484 2514 spiritus
1529 2446 1584 2501 in
1624 2446 1834 2504 vinculo
1874 2450 2018 2518 pacis

445 2525 659 2598 (Ep/tes.
690 2545 763 2596 tv,
787 2529 846 2602 2)
877 2549 891 2586 :
924 2542 1073 2588 extra
1091 2548 1248 2604 quam
1269 2535 1506 2607 quisquis
1529 2537 1747 2609 colligit,
1773 2554 1875 2594 non
1897 2555 2016 2596 cum

443 2617 658 2676 Christo
684 2621 884 2695 colligit
911 2640 925 2677 :
951 2625 1192 2696 quisquis
1214 2634 1390 2682 autem
1411 2641 1516 2684 non
1536 2643 1654 2684 cum
1679 2626 1890 2687 Christo
1907 2632 2017 2688 col-

437 2711 586 2784 ligit,
612 2715 811 2786 Spargit
834 2714 1044 2786 (Matth.
1071 2733 1178 2782 xu,
1210 2717 1333 2791 30).

517 2803 744 2862 CAPUT
774 2805 859 2861 Vl.
884 2836 958 2848 —
985 2807 1037 2862 7.
1059 2809 1289 2866 Proinde
1312 2811 1424 2866 sive
1460 2811 1528 2868 de
1547 2811 1778 2880 Christo,
1805 2814 1916 2870 sive
1946 2816 2016 2872 de

434 2897 551 2966 ejus
577 2895 836 2965 Ecclesia,
861 2899 972 2954 sive
993 2899 1061 2955 de
1083 2915 1414 2973 quacumque
1433 2904 1534 2959 alia
1561 2921 1620 2960 re
1644 2921 1763 2976 quae
1784 2907 2014 2976 pertinet

433 2986 502 3042 ad
523 2986 680 3042 ﬁdem
710 2987 976 3059 vitamque
992 2993 1288 3058 N'estram‘,
1315 3007 1418 3046 non
1449 2992 1620 3049 dicam
1651 3010 1770 3062 nos,
1815 3011 2014 3068 nequa-

435 3091 592 3148 quam
618 3077 959 3150 comparandi
987 3080 1034 3136 ei
1063 3081 1151 3152 qui
1172 3082 1323 3150 dixit,
1347 3081 1486 3137 Licet
1503 3084 1549 3138 si
1569 3100 1697 3149 nos;
1723 3085 1818 3142 sed
1840 3089 2013 3143 omni-

434 3183 505 3223 no
524 3167 665 3240 quod
693 3179 906 3226 secutus
933 3170 1145 3243 adjecit,
1179 3171 1241 3228 Si
1259 3175 1468 3245 angelus
1493 3175 1558 3230 de
1583 3178 1707 3232 creto
1735 3178 1871 3233 vobis
1912 3196 2009 3235 an-

433 3262 733 3318 nuntiauerit
774 3274 960 3336 praeter
997 3282 1148 3334 quam
1183 3267 1320 3339 quod
1345 3267 1398 3324 in
1439 3268 1724 3341 Scripturis
1754 3271 2010 3344 legalibus

430 3361 488 3408 et
527 3354 844 3425 evangelicis
879 3356 1158 3428 accepistis,
1198 3361 1469 3414 anathema
1500 3362 1565 3416 sit
1611 3361 1810 3433 (Colat.
1841 3380 1878 3434 ι,
1924 3364 2006 3438 8).

437 3444 561 3501 Haec
586 3445 880 3516 vobiscum,
925 3458 978 3505 et
1003 3465 1123 3505 cum
1150 3453 1393 3509 omnibus
1413 3469 1547 3525 quos
1571 3454 1782 3513 Christo
1814 3457 2007 3514 lucrari

430 3537 694 3607 cupimus,
721 3538 1020 3606 actitantes,
1063 3551 1221 3612 atque
1248 3543 1385 3599 inter
1410 3553 1605 3600 caetera
1631 3555 1866 3602 sanctam
1907 3547 2008 3603 Ec-

435 3627 651 3684 clesiam
677 3644 834 3699 quam
874 3629 927 3686 in
957 3631 1048 3686 Dei
1091 3631 1306 3688 Litteris
1346 3635 1659 3704 promissam
1683 3636 1924 3707 legimus,
1952 3647 2007 3694 et

437 3717 575 3772 sicut
600 3719 859 3789 promissa
905 3728 988 3775 est
1016 3721 1069 3776 in
1093 3722 1338 3777 omnibus
1361 3724 1606 3795 gentibus
1652 3725 1802 3781 reddi
1831 3728 2006 3782 cerui-

427 3823 548 3864 mus
578 3808 945 3879 przedicautes,
984 3809 1054 3866 ab
1091 3812 1156 3868 iis
1180 3828 1311 3884 quos
1337 3813 1402 3868 ad
1420 3815 1534 3884 ejus
1564 3817 1836 3885 paciﬁcum
1882 3833 2005 3888 gre-

427 3897 591 3954 mium
615 3898 806 3954 attrahi
823 3901 1085 3970 cupimus,
1114 3918 1208 3972 pro
1225 3904 1433 3960 actione
1450 3905 1737 3976 gratiarum
1763 3906 2002 3965 ﬂammas

427 3991 717 4048 meruimus
746 3991 988 4048 odiorum
1008 4011 1023 4049 :
1041 3995 1188 4065 quasi
1205 4009 1303 4050 nos
1319 4010 1409 4050 eos
1422 3996 1473 4052 in
1490 4011 1550 4053 ea
1579 4005 1727 4066 parte
1756 3998 2001 4070 ligaveri-

428 4097 570 4151 mus,
601 4098 699 4156 pro
725 4098 828 4156 qua
849 4097 955 4141 non
982 4085 1259 4142 inveniunt
1291 4086 1415 4158 quid
1440 4087 1753 4159 loquantur;
1784 4099 1876 4145 aut
1903 4106 2004 4148 nos

423 4174 853 4232 mandaverimus
879 4185 1027 4233 tanto
1063 4186 1186 4233 ante
1222 4177 1505 4249 Prophetis
1531 4189 1586 4236 et
1611 4180 1903 4252 Apostolis,
1941 4192 2001 4239 ut

425 4266 482 4322 in
510 4265 657 4322 libris
683 4267 794 4322 suis
835 4267 980 4323 nulla
1009 4269 1311 4324 testimonia
1344 4281 1619 4340 ponerent,
1656 4273 1850 4343 quibus
1878 4289 2000 4344 pars

423 4360 612 4416 Donati
641 4360 875 4418 Ecclesia
893 4360 1220 4419 Christiesse
1246 4362 1520 4418 doceatur.
1552 4363 1617 4419 Et
1643 4379 1742 4421 nos
1761 4365 1996 4435 quidem,

428 4451 744 4517 charissimi,
771 4468 892 4509 cum
938 4453 1067 4510 falsa
1111 4455 1336 4511 crimina
1381 4455 1628 4512 audimus
1655 4458 1723 4514 ab
1760 4458 1838 4514 eis
1863 4473 1999 4529 quos

423 4545 739 4604 oﬂ'endimus
782 4546 1119 4617 praedicando
1155 4547 1364 4618 eloquia
1405 4549 1661 4614 veritatis,
1708 4560 1764 4604 et
1799 4551 1998 4605 erroris

421 4637 721 4709 vaniloquia
744 4636 1125 4704 convincendo,
1153 4637 1430 4706 habemus,
1457 4638 1795 4706 sicutnostis,
1826 4639 2020 4696 abun-.

422 4725 787 4787 dantissimam
806 4728 1244 4786 consolationem.
1283 4728 1414 4784 Nam
1444 4729 1490 4784 si
1517 4731 1570 4784 in
1599 4729 1678 4784 eis
1700 4730 1890 4800 quibus
1911 4745 1998 4787 me

422 4821 791 4888 criminantur,
823 4821 1182 4879 testimonium
1204 4819 1549 4877 conscientia:
1575 4835 1707 4876 mea:
1739 4835 1844 4876 non
1892 4832 1999 4877 stat

421 4921 609 4970 contra
636 4929 724 4971 me
750 4915 804 4971 in
833 4924 1120 4986 conspectu
1146 4914 1263 4979 Dei,
1289 4928 1397 4984 quo
1416 4913 1593 4968 nullus
1620 4912 1809 4969 oculus
1854 4928 1999 4969 mor-

428 5007 550 5062 talis
586 5005 911 5072 intenditur;
967 5019 1070 5061 non
1118 5006 1291 5061 solum
1334 5005 1634 5060 contristari
1669 5019 1773 5060 non
1801 5004 1992 5071 debeo,

419 5114 601 5155 verum
627 5099 785 5154 etiam
812 5099 984 5155 debeo
1009 5099 1240 5171 gaudere
1262 5108 1316 5155 et
1336 5099 1620 5164 exsultare,
1643 5099 1763 5169 quia
1790 5113 1998 5155 merces

418 5207 534 5250 mea
565 5192 728 5249 multa
771 5202 855 5250 est
892 5194 944 5249 in
979 5192 1150 5250 caelis.
1197 5191 1378 5264 Neque
1403 5192 1548 5248 enim
1578 5191 1892 5248 intuendum
1915 5199 1999 5247 est

413 5298 574 5355 quam
631 5284 700 5340 sit
758 5299 999 5342 amarum
1023 5327 1038 5353 ,
1075 5285 1171 5342 sed
1207 5300 1363 5356 quam
1395 5283 1586 5340 falsum
1625 5284 1766 5355 quod
1804 5283 1993 5351 audio,

419 5385 475 5431 et
515 5390 674 5447 quam
720 5392 880 5432 verax
929 5391 1026 5447 pro
1079 5377 1231 5446 cujus
1283 5377 1498 5432 nomine
1552 5376 1654 5432 hoc
1699 5375 1888 5443 audio,
1942 5384 1998 5432 et

415 5470 500 5523 cui
526 5469 741 5536 dicitur,
769 5467 1091 5540 Unguentum
1118 5466 1334 5537 effusum
1361 5478 1433 5524 est
1458 5483 1638 5524 nomen
1661 5477 1800 5522 tuum
1823 5466 1994 5538 (Cant.

427 5574 465 5624 ι,
492 5558 574 5630 2).
601 5559 666 5618 Et
707 5561 896 5616 merito
936 5559 1132 5630 fragrat
1171 5559 1227 5618 in
1269 5559 1514 5617 omnibus
1537 5559 1806 5636 gentibus,
1845 5559 1996 5628 cujus

423 5651 641 5709 odorem
686 5654 792 5719 isti,
823 5655 912 5725 qui
955 5653 1106 5710 nobis
1148 5653 1489 5722 maledicunt,
1540 5656 1591 5710 iu
1637 5670 1742 5711 una
1794 5652 1994 5711 Africae

483 5787 498 5826 ⁸
525 5788 596 5844 sic
611 5787 658 5843 in
681 5793 783 5840 uss.
814 5795 864 5842 Αι
887 5789 933 5844 in
958 5787 1112 5851 editis,
1140 5792 1365 5843 nostram.

2629 203 2695 223 ..ἡ

3609 330 3730 388 55!

2144 430 2398 497 particula
2435 444 2694 491 conantur
2719 438 3008 497 includere.
3040 441 3149 498 Cur
3175 444 3352 516 itaque
3374 445 3608 503 feramus
3641 450 3738 504 in-

2142 521 2302 595 digne
2328 527 2471 597 quod
2503 543 2600 584 uos
2627 529 2903 599 infamant,
2931 534 3020 604 qui
3057 534 3240 606 gloriae
3281 535 3485 593 Christi
3529 540 3604 594 sic
3621 540 3734 595 de-

2141 617 2377 685 trahunt,
2417 635 2640 690 quorum
2682 624 2818 693 parti
2852 627 3282 698 contentionique
3311 627 3589 686 inimicum
3613 641 3731 698 est,

2139 708 2280 781 quod
2307 710 2377 767 de
2397 711 2538 768 illius
2556 713 2622 769 ad
2643 715 2808 771 caelos
2827 718 3162 787 ascensione,
3189 729 3242 776 et
3259 719 3327 775 de
3349 721 3584 777 nominis
3605 721 3735 793 ejus

2139 809 2387 873 tanquam
2438 805 2688 876 unguenti
2722 806 3012 878 eifttsione,
3047 818 3196 866 tanto
3240 821 3365 869 ante
3402 813 3728 884 praedictum

2137 905 2263 949 est:
2297 894 2544 952 Emattare
2586 914 2737 970 super
2781 899 2962 969 caelos,
3009 900 3180 968 Deus;
3225 912 3271 958 et
3318 920 3472 976 super
3520 921 3732 960 omnem

2139 991 2325 1038 terram
2342 984 2507 1056 gloria
2533 997 2619 1041 tua
2640 987 2809 1060 (Psat.
2842 1006 2948 1058 LVI,
2982 991 3070 1063 12)
3101 993 3127 1046 t

2226 1075 2451 1133 CAPUT
2503 1077 2614 1133 VII.
2674 1109 2746 1122 —-
2805 1081 2858 1138 8.
2893 1083 3017 1140 Haec
3042 1095 3093 1140 et
3116 1085 3237 1142 talia
3265 1086 3450 1143 divina
3473 1091 3728 1146 testimo-

2135 1165 2222 1220 nia
2261 1181 2358 1222 nos
2399 1167 2656 1226 adversus
2682 1170 2911 1228 humana
2940 1175 3235 1246 vaniloquia
3259 1179 3615 1247 proferentes,
3651 1181 3726 1235 ab

2133 1257 2363 1315 inimicis
2387 1260 2568 1331 gloriae
2603 1261 2801 1319 Christi
2842 1267 3032 1322 acerba
3058 1271 3337 1340 opprobria
3359 1274 3716 1330 sustinemus.

2134 1350 2478 1424 Dicantquod
2505 1356 2708 1424 volunt,
2730 1357 2854 1414 dum
2882 1360 2972 1416 ille
3007 1377 3103 1418 nos
3121 1363 3450 1427 exbortetur.
3482 1369 3676 1425 dicens
3705 1389 3720 1424 :

2133 1440 2277 1497 Beati
2324 1445 2410 1514 qui
2447 1448 2838 1517 persecutione»:
2875 1453 3136 1522 patiuntur
3178 1467 3384 1528 prapter
3418 1459 3718 1528 justitiam,

2131 1535 2252 1603 quia
2279 1535 2508 1606 ipsorum
2533 1550 2606 1593 est
2626 1557 2836 1612 regnum
2860 1544 3117 1600 caelorum.
3149 1545 3292 1602 Beati
3312 1549 3452 1606 eritis
3477 1568 3597 1606 cum
3627 1571 3719 1609 vos

2132 1629 2378 1697 persecuti
2396 1630 2604 1698 fuerint,
2639 1641 2686 1686 et
2703 1634 3053 1692 maledixerint
3076 1638 3234 1705 vobis,
3249 1650 3296 1695 et
3323 1642 3546 1697 dixerint
3564 1662 3720 1700 omne

2129 1720 2318 1774 malum
2347 1723 2611 1778 aduersum
2635 1741 2740 1792 vos,
2770 1728 3061 1786 mentientes
3081 1744 3285 1803 propter
3305 1750 3404 1789 me.
3447 1735 3609 1806 Quod
3641 1739 3718 1792 ait

2127 1814 2393 1885 superius,
2445 1829 2650 1889 propter
2685 1821 2979 1890 justitiam;
3008 1823 3112 1881 hoc
3129 1827 3395 1895 repetivit,
3449 1827 3595 1898 quod
3644 1831 3720 1884 ait

2128 1915 2330 1977 postea,
2365 1918 2569 1980 prapter
2591 1928 2710 1966 me:
2737 1913 2862 1985 quia
2891 1918 3059 1986 factus
3088 1927 3162 1971 est
3184 1917 3330 1973 nobis
3368 1919 3626 1988 sapientia
3669 1933 3717 1975 et

2120 1996 2320 2065 iustitia
2339 2010 2387 2053 et
2404 2001 2739 2070 sanctificatio
2777 2014 2826 2060 et
2852 2005 3160 2078 redemptio;
3180 2018 3253 2075 ut,
3286 2011 3717 2080 quemadmodum

2124 2091 2368 2160 scriptum
2385 2101 2476 2161 est,
2507 2092 2607 2159 Qui
2628 2093 2897 2167 gloriatur,
2932 2099 2986 2153 in
3010 2097 3229 2154 Domino
3251 2100 3492 2172 glorietur
3520 2103 3564 2175 (Ι
3583 2103 3715 2158 Cor.

2126 2197 2165 2250 ι,
2192 2181 2306 2254 51).
2334 2182 2437 2250 Qui
2474 2201 2594 2240 cum
2638 2185 2800 2255 dicat,
2830 2189 3047 2261 gaudete
3091 2200 3140 2244 et
3191 2193 3460 2261 exsultate,
3519 2211 3718 2249 merces

2124 2275 2254 2329 enim
2281 2285 2444 2330 vestra
2485 2277 2644 2332 multa
2694 2287 2766 2333 est
2803 2280 2856 2334 in
2883 2279 3020 2336 melis
3049 2281 3261 2353 (Matth.
3289 2299 3342 2350 ν,
3373 2284 3604 2356 10-12);
3671 2288 3715 2341 si

2122 2364 2263 2436 quod
2292 2366 2488 2422 dictum
2527 2378 2629 2436 est,
2674 2381 2880 2443 pr0pter
2915 2373 3171 2444 justitiam
3209 2384 3264 2430 et
3287 2385 3492 2446 propter
3519 2393 3628 2444 me,
3661 2379 3712 2432 in

2122 2457 2259 2513 bona
2279 2461 2602 2517 conscientia
2624 2471 2798 2529 teneo,
2821 2466 3060 2537 quisquis
3083 2466 3266 2523 volens
3291 2467 3526 2524 detrahit
3550 2468 3712 2524 fama:

2120 2565 2277 2616 meae,
2303 2552 2492 2608 nolens
2509 2554 2656 2610 addit
2681 2557 2911 2612 mercedi
2941 2573 3092 2613 mea).
3124 2557 3306 2630 Neque
3324 2560 3469 2615 enim
3501 2577 3596 2617 me
3621 2563 3710 2618 ille

2121 2655 2219 2696 suo
2249 2643 2410 2698 verbo
2439 2646 2807 2702 tantummodo
2835 2647 3066 2716 edocuit,
3095 2657 3149 2704 et
3177 2665 3282 2704 non
3307 2651 3467 2706 etiam
3492 2665 3600 2708 suo
3627 2654 3707 2708 lir-

2120 2735 2283 2789 mavit
2307 2737 2571 2807 exemplo.
2611 2737 2847 2809 Sequere
2879 2749 3181 2796 sanctarum
3211 2743 3614 2814 Scripturarum
3639 2746 3704 2801 li-

2118 2822 2262 2892 dem,
2288 2825 2525 2882 invenies
2545 2827 2811 2884 Christum
2831 2833 3188 2888 resurrexisse
3204 2848 3234 2887 a
3257 2834 3504 2902 mortuis,
3521 2851 3705 2893 ascen-

2117 2914 2264 2972 disse
2292 2917 2343 2970 in
2371 2918 2590 2986 coelum,
2621 2919 2809 2976 sedere
2849 2921 2916 2976 ad
2942 2921 3213 2979 dexteram
3242 2923 3434 2980 Patris.
3463 2926 3705 2996 Sequere

2116 3007 2513 3064 criminationes
2535 3009 2887 3080 inimicorum,
2907 3012 3015 3083 jam
3047 3015 3253 3084 putabis
3281 3031 3402 3072 eum
3422 3016 3493 3072 de
3517 3019 3704 3090 sepul-

2115 3116 2208 3156 cro
2233 3099 2462 3156 furatum
2482 3117 2600 3158 esse
2625 3119 2656 3158 a
2672 3104 2963 3176 discipulis.
2986 3106 3122 3175 Quid
3146 3123 3274 3180 ergo
3295 3123 3415 3178 nos,
3437 3121 3700 3181 quantum

2114 3193 2230 3262 ipse
2258 3193 2442 3261 donat,
2466 3193 2812 3251 defendentes
2835 3195 3051 3252 domum
3079 3198 3215 3269 ejus,
3237 3199 3306 3255 ab
3324 3199 3557 3258 inimicis
3583 3205 3700 3273 ejus

2115 3286 2257 3341 aliud
2284 3302 2499 3358 sperare
2545 3288 2838 3345 debemus?
2867 3289 2928 3345 Si
2961 3290 3380 3363 patremfamilias
3417 3291 3700 3350 Beelzebub

2113 3389 2432 3446 vocaverunt,
2478 3391 2665 3451 quanto
2698 3383 2859 3453 magis
2883 3382 3177 3437 domesticos
3203 3384 3314 3453 ejus
3339 3382 3452 3457 (Id.
3478 3400 3537 3452 x,
3569 3386 3700 3457 25)?

2110 3470 2166 3528 Si
2197 3487 2324 3543 ergo
2347 3474 2651 3541 toleramus,
2683 3483 2738 3530 et
2771 3476 3231 3546 conregnabimus.
3277 3475 3334 3532 Si
3376 3487 3558 3534 autem
3590 3496 3697 3536 non

2110 3579 2294 3620 aurem
2341 3565 2508 3620 solam
2555 3569 2780 3634 percutit
2822 3567 3092 3624 iracundia
3136 3569 3487 3639 criminantis,
3510 3587 3696 3628 verum

2110 3656 2268 3710 etiam
2320 3658 2698 3714 conscientiam
2741 3659 2948 3715 mordet
2988 3661 3182 3716 veritas
3228 3661 3509 3728 criminis,
3567 3665 3694 3736 quid

2110 3746 2240 3801 mihi
2266 3748 2482 3818 prodest
2514 3751 2558 3804 si
2599 3766 2684 3806 me
2727 3752 2992 3808 continuis
3022 3752 3264 3809 laudibus
3290 3763 3432 3811 totus
3459 3760 3694 3815 mundus

2107 3841 2353 3896 attollat?
2381 3841 2455 3897 Ita
2484 3858 2583 3898 nec
2607 3845 2802 3900 malam
2841 3846 3218 3902 conscientiam
3244 3857 3400 3902 sanat
3429 3849 3691 3905 laudantis

2107 3935 2453 4004 prmconium,
2481 3950 2579 3991 nec
2604 3935 2799 3991 bonam
2821 3937 3068 3992 vulnerat
3089 3939 3440 3995 conviciantis
3489 3954 3688 4012 oppro-

2105 4024 2301 4081 brium.
2335 4025 2443 4082 Nec
2467 4027 2543 4081 sic
2576 4036 2750 4083 tamen
2782 4028 3043 4099 decipitur
3094 4045 3218 4100 spes
3261 4042 3440 4087 vestra
3487 4049 3610 4103 quae
3637 4035 3686 4088 iu

2108 4117 2332 4173 Domino
2351 4126 2452 4183 est,
2481 4118 2687 4173 etiamsi
2710 4118 2846 4175 forte
2874 4120 2929 4175 in
2954 4121 3163 4177 occulto
3191 4123 3322 4176 tales
3346 4123 3537 4189 simus,
3560 4139 3687 4195 qua.

2107 4212 2185 4267 les
2205 4227 2301 4267 nos
2330 4212 2502 4283 putari
2531 4212 2973 4281 cupitinimicus:
3005 4214 3128 4284 quia
3155 4229 3261 4270 non
3288 4229 3408 4270 eam
3437 4217 3686 4286 posuistis

2106 4305 2159 4358 in
2190 4305 2362 4372 nobis,
2403 4321 2501 4361 nec
2550 4321 2782 4376 unquam
2829 4307 2931 4362 hoc
2959 4308 3179 4363 audistis
3216 4324 3248 4364 a
3289 4309 3464 4364 nobis.
3500 4310 3685 4367 Securi

2105 4411 2232 4466 ergo
2256 4397 2405 4460 estis,
2435 4397 2844 4468 qualescumque
2865 4412 2963 4454 nos
2991 4398 3177 4467 simus,
3210 4400 3300 4470 qui
3341 4399 3526 4456 dicere
3545 4401 3684 4457 didi-

2103 4487 2270 4552 cistis,
2295 4487 2360 4542 In
2384 4488 2602 4544 Domino
2617 4507 2826 4560 sperans
2851 4507 2952 4546 non
2976 4493 3206 4547 movebar
3221 4493 3238 4524 ‘
3253 4491 3424 4566 (Psat.
3447 4496 3618 4561 xxv,l
3634 4494 3682 4563 )?

2103 4586 2173 4642 et,
2203 4577 2270 4632 In
2302 4577 2406 4634 Deo
2431 4579 2660 4650 sperabo,
2684 4597 2784 4635 non
2811 4582 2993 4636 timebo
3020 4584 3141 4653 quid
3172 4583 3327 4653 faciat
3366 4585 3492 4638 mihi
3538 4587 3683 4640 homo

2104 4669 2276 4741 (Psal.
2306 4687 2388 4735 LV,
2413 4671 2526 4743 12).
2583 4672 2649 4727 Et
2682 4673 2760 4728 eis
2787 4675 2878 4744 qui
2908 4689 3004 4728 vos
3022 4673 3089 4729 ad
3116 4675 3391 4730 hominum
3417 4677 3680 4747 superbo-

2103 4777 2219 4816 rum
2250 4769 2487 4816 terrenas
2513 4761 2814 4818 altitudines
2843 4763 3099 4820 seducere
3127 4765 3443 4832 moliuntur,
3462 4781 3682 4837 respon-

2102 4852 2228 4908 dere
2257 4854 2442 4920 nostis,
2465 4853 2528 4907 In
2542 4853 2758 4909 Domino
2774 4855 2975 4924 confido
2995 4874 3007 4910 :
3026 4856 3278 4926 quomodo
3303 4857 3472 4912 dicitis
3497 4861 3683 4912 anima:

2104 4961 2246 5010 mete,
2269 4945 2600 5016 Transmigra
2627 4947 2679 4999 iu
2705 4957 2924 5002 montem
2967 4948 3095 5003 sicut
3125 4961 3296 5019 passer
3323 4947 3497 5018 (Psal.
3523 4965 3580 5018 x,
3604 4950 3680 5022 ε).

2171 5037 2396 5093 CAPUT
2417 5037 2546 5092 Vlll.
2569 5069 2636 5078 —
2659 5041 2713 5094 9.
2736 5037 2845 5093 Nec
2872 5047 3074 5093 tantum
3094 5054 3210 5105 vos,
3238 5040 3428 5111 quibus
3457 5041 3509 5096 in
3534 5041 3683 5096 nobis

2101 5128 2215 5198 ipsa
2241 5128 2436 5184 Christi
2482 5130 2680 5185 veritas
2725 5129 2915 5201 placet,
2940 5140 3426 5201 quantumcumque
3458 5145 3559 5204 per
3589 5145 3682 5187 nos

2101 5229 2154 5276 et
2173 5221 2492 5290 ubicumque
2530 5221 2865 5288 praedicatur,
2898 5231 2953 5276 et
2977 5224 3098 5291 quia
3130 5236 3248 5276 eam
3279 5223 3679 5292 quantulocum-

2101 5329 2203 5383 que
2247 5321 2445 5368 nostrte
2482 5313 2674 5384 linguae
2701 5313 2994 5368 ministerio
3026 5313 3256 5370 libenter
3281 5313 3494 5377 auditis,
3525 5314 3677 5369 etiam

2101 5404 2168 5460 de
2193 5405 2344 5460 nobis
2372 5405 2506 5461 bene
2535 5404 2864 5475 benigneque
2896 5405 3125 5468 sentitis,
3153 5403 3326 5460 securi
3370 5405 3522 5470 estis,
3551 5416 3675 5473 qua-

2101 5499 2406 5569 lescumque
2455 5512 2552 5553 nos
2602 5497 2804 5564 simus;
2837 5498 2960 5569 quia
3001 5500 3054 5552 in
3099 5497 3190 5554 illo
3228 5512 3352 5569 spes
3375 5506 3552 5553 vestra
3581 5503 3676 5559 est,

2166 5662 2184 5694 ι
2210 5659 2328 5709 Editl
2345 5693 2364 5721 ι
2400 5670 2495 5708 non
2536 5653 2834 5721 inﬁrmabor.
2875 5664 2931 5708 At
2966 5655 3280 5721 Floriacensis
3316 5660 3468 5721 vetus
3510 5649 3673 5721 codex,

2099 5737 2194 5788 non
2215 5710 2446 5779 movebar.
2472 5721 2543 5775 sic
2578 5710 2890 5788 Augustinus,
2917 5725 3078 5775 Enarr.
3106 5719 3156 5770 in
3189 5714 3417 5770 enuidem
3452 5710 3677 5768 miluum

2104 5786 2176 5845 25.
