3792 6138
41 285 135 343 558

43 411 192 471 quem
214 393 380 452 vobis
403 405 470 450 ex
497 388 640 448 illius
661 399 822 460 super
856 398 955 441 vos
979 379 1346 440 misericordia
1369 378 1632 452 pradica-

43 509 152 550 mus
179 509 195 558 ;
223 504 418 547 verum
461 487 621 544 etiam
659 483 978 556 quicumque
1008 488 1190 535 nostra
1234 474 1638 547 dispensatione
1671 541 1677 545 ‘

45 586 198 641 etiam
218 587 616 638 sacramentum
636 574 806 633 sancti
830 570 1085 644 Baptismi
1102 565 1635 641 percepistis,eadem

47 676 327 733 securitate
365 671 622 746 gaudete;
666 667 918 741 quoniam
965 680 1073 720 non
1103 664 1159 718 in
1204 661 1381 724 nobis,
1434 659 1528 716 sed
1581 657 1636 714 in

47 769 253 826 Christo
278 764 532 838 baptizati
562 762 713 819 estis.
740 759 859 816 Non
886 758 1065 829 itaque
1089 769 1209 819 nos,
1241 752 1337 809 sed
1365 751 1638 807 Christum

49 860 323 927 induistis;
367 873 468 915 nec
507 871 605 912 vos
633 851 956 924 interrogavi
987 859 1165 906 utrum
1196 845 1265 903 ad
1295 861 1382 903 me
1410 859 1640 902 conver-

51 952 324 1019 teremini,
368 949 552 1007 sedad
601 949 770 1005 Deum
814 946 1032 1011 vivum;
1085 957 1187 999 nec
1229 951 1406 997 utrum
1452 938 1507 995 in
1554 953 1644 994 me

51 1044 399 1109 credideritis,
417 1041 510 1099 sed
535 1043 587 1097 in
616 1041 826 1096 Patrem
846 1045 902 1094 et
925 1036 1121 1093 Filium
1141 1043 1196 1090 et
1232 1033 1488 1105 Spiritum
1519 1045 1642 1085 san-

53 1149 204 1196 ctum.
245 1136 404 1206 Quod
429 1135 476 1191 si
518 1133 697 1191 veraci
741 1132 922 1187 animo
950 1126 1323 1201 respondistis,
1356 1127 1534 1182 salvos
1547 1138 1643 1179 vos

54 1231 187 1299 fecit,
216 1244 330 1286 non
370 1228 548 1286 carnis
573 1225 841 1297 depositio
870 1222 1132 1290 sordium,
1160 1218 1254 1278 sed
1296 1218 1642 1275 conscientize

58 1325 195 1381 bona:
220 1321 572 1393 interrogatio
601 1319 825 1393 (lPetr.
841 1334 918 1382 ιιι,
936 1315 1054 1388 21);
1077 1330 1184 1371 non
1210 1326 1524 1378 conservus,
1547 1309 1645 1368 sed

60 1417 342 1480 Dominus;
377 1430 481 1471 non
520 1427 719 1486 praeco,
745 1411 841 1468 sed
881 1409 1068 1482 iudex.
1097 1407 1280 1478 Neque
1307 1407 1449 1461 enim
1495 1417 1640 1470 vere,

59 1513 180 1567 sicut
209 1509 506 1566 Petilianus
524 1506 920 1564 inconsiderate
939 1503 1094 1567 dixit,
1111 1498 1434 1557 Conscientia
1449 1497 1641 1562 dantis,

61 1606 132 1662 vel
149 1603 288 1677 quod
315 1602 546 1669 addidit,
574 1599 895 1657 Conscientia
930 1605 1104 1652 sancte
1133 1594 1304 1648 dantis
1342 1591 1642 1659 attenditur,

59 1714 157 1769 qua:
165 1698 338 1752 abluat
351 1695 666 1766 accipientis.
681 1691 814 1749 Cum
833 1690 975 1747 enim
991 1688 1096 1744 hoc
1107 1687 1266 1744 datur
1275 1685 1418 1757 quod
1434 1683 1526 1741 Dei
1539 1693 1642 1750 est,

62 1800 286 1846 sanctum
307 1789 401 1844 dat
426 1789 588 1844 etiam
616 1800 722 1841 non
744 1793 929 1841 sancta
955 1780 1304 1838 conscientia.
1334 1778 1466 1846 Quae
1494 1784 1645 1833 certe

63 1885 158 1941 sive
183 1884 252 1940 sit
275 1891 486 1946 sancta,
515 1880 630 1937 sive
658 1893 764 1935 non
795 1885 1000 1940 sancta,
1031 1873 1100 1930 ab
1128 1873 1424 1944 accipiente
1449 1869 1640 1939 inspici

67 1991 154 2032 non
199 1983 412 2048 potest;
441 1972 538 2030 sed
568 1971 728 2044 plane
750 1969 881 2025 illud
902 1967 1048 2041 quod
1071 1966 1228 2023 datur
1271 1973 1466 2036 potest,
1497 1961 1644 2035 quod

64 2068 315 2142 cognitum
348 2067 400 2124 ei
426 2065 518 2138 qui
540 2079 758 2136 semper
783 2069 870 2120 est
905 2071 1145 2127 sanctus,
1174 2074 1272 2130 per
1299 2057 1648 2129 qualemlibet

67 2162 347 2219 ministrum
413 2159 741 2231 accipiatur,
788 2154 1133 2214 securissime
1195 2151 1478 2223 accipitur.
1533 2148 1646 2205 Nisi

67 2253 191 2308 enim
238 2261 426 2310 sancta
471 2250 636 2309 verba
674 2257 860 2306 essent
903 2264 970 2304 ex
1014 2243 1271 2302 cathedra
1313 2243 1504 2316 Moysi,
1538 2257 1644 2298 non

70 2345 250 2402 diceret
272 2345 508 2411 Veritas,
539 2342 669 2412 Quae
695 2342 874 2396 dicunt
893 2381 910 2408 ,
932 2339 1105 2410 facite.
1138 2337 1195 2394 Si
1231 2345 1408 2392 autem
1438 2333 1538 2407 ipsi
1555 2333 1647 2406 qui

72 2439 212 2495 verba
235 2446 424 2495 sancta
453 2437 655 2494 dabant
692 2435 864 2491 sancti
894 2439 1095 2499 essent,
1125 2445 1230 2487 non
1260 2429 1484 2496 diceret,
1518 2427 1648 2496 Qua:

75 2532 261 2603 facient,
278 2531 449 2602 facere
463 2530 656 2593 nolite;
684 2529 859 2583 dicunt
879 2526 1012 2582 enim
1031 2534 1078 2580 et
1098 2541 1198 2580 non
1217 2524 1412 2595 faciunt
1427 2520 1641 2598 (Matth.

76 2640 209 2691 χχιιι,
224 2621 680 2697 3).Nulloquippe
701 2620 860 2676 modo
882 2618 1073 2691 legitur
1090 2634 1188 2673 uva
1215 2617 1281 2674 de
1306 2617 1476 2688 spinis
1493 2614 1648 2688 ;quia

78 2730 319 2786 nunquam
343 2714 418 2773 de
441 2714 716 2785 spinarum
743 2711 1013 2768 radicibus
1049 2710 1223 2766 oritur
1251 2726 1267 2763 τ
1296 2708 1392 2765 sed
1438 2724 1558 2765 eum
1583 2723 1644 2764 se

78 2807 280 2878 spinosis
306 2807 528 2880 sepibus
557 2804 760 2876 palmes
785 2803 908 2859 vitis
932 2802 1214 2873 implicuit,
1247 2815 1351 2857 non
1374 2799 1496 2857 ideo
1534 2801 1646 2856 fru-

81 2908 179 2956 ctus
217 2900 302 2973 qui
361 2898 475 2956 illic
502 2897 699 2972 pendet
737 2896 1022 2964 horretur;
1075 2893 1172 2952 sed
1222 2893 1375 2966 spina
1407 2902 1647 2962 cavetur,

81 3007 164 3048 uva
186 2992 505 3064 decerpitur.

139 3085 348 3144 CAPUT
374 3085 472 3143 ιχ.
502 3115 573 3126 -
598 3083 688 3140 10.
716 3082 918 3154 Itaque,
954 3089 1013 3138 ut
1055 3094 1202 3152 saepe
1228 3079 1359 3147 dixi,
1391 3089 1444 3136 et
1480 3078 1648 3135 vehe-

86 3188 264 3236 menter
288 3178 522 3243 inculco,
541 3177 957 3249 qualescumque
981 3188 1078 3230 nos
1094 3173 1282 3238 simus,
1299 3173 1477 3229 securi
1498 3173 1649 3239 estis,

87 3273 160 3344 qui
183 3273 340 3329 Deum
368 3273 587 3328 Patrem
614 3277 669 3324 et
694 3267 811 3339 ejus
833 3266 1124 3323 Ecclesiam
1159 3274 1382 3321 matrem
1417 3264 1648 3321 habetis.

88 3364 308 3433 Quamvis
328 3366 475 3425 enim
507 3362 668 3421 simul
695 3360 835 3418 haedi
851 3375 972 3416 cum
998 3359 1187 3415 ovibus
1206 3366 1511 3431 pascantur,
1544 3373 1650 3413 non

90 3460 274 3519 stabunt
310 3461 380 3518 ad
409 3461 708 3518 dexteram.
735 3455 989 3527 Quamvis
1015 3454 1174 3511 simul
1199 3453 1347 3524 palea
1401 3467 1522 3509 cum
1555 3452 1653 3508 tri-

92 3553 180 3611 tico
222 3558 520 3622 trituretur,
553 3569 660 3610 non
707 3549 929 3607 intrabit
971 3547 1025 3604 in
1072 3547 1362 3603 horreum.
1398 3544 1654 3613 Quamvis

93 3648 230 3707 simul
267 3652 448 3724 pisces
475 3648 603 3706 mali
644 3661 764 3703 cum
817 3644 974 3700 bonis
1023 3643 1160 3698 intra
1207 3641 1340 3697 retia
1388 3638 1655 3696 dominica

96 3750 269 3812 natent,
286 3760 393 3801 non
423 3742 699 3798 mittentur
719 3739 772 3794 in
802 3736 1039 3793 vascula.
1063 3733 1232 3790 Nemo
1255 3732 1532 3804 glorietur,
1557 3745 1658 3787 nec

96 3836 139 3889 in
164 3835 364 3894 homine
406 3835 585 3900 bono;
618 3846 778 3889 nemo
806 3829 946 3886 bona
993 3827 1086 3884 Dei
1126 3825 1310 3899 fugiat,
1339 3839 1439 3882 uec
1464 3823 1517 3880 in
1561 3822 1658 3880 ho-

99 3922 217 3978 mine
235 3923 393 3978 malo.

154 4014 359 4072 CAPUT
386 4013 460 4070 Χ.
489 4043 562 4053 --
591 4012 677 4067 ll.
704 4009 828 4065 Haec
857 4007 1008 4064 vobis
1035 4047 1050 4074 ,
1073 4004 1361 4062 Christiani
1408 4002 1656 4059 catholici

101 4107 264 4166 lratres
288 4107 612 4173 charissimi,
639 4120 739 4177 pro
770 4102 986 4175 negotio
1026 4102 1272 4172 praesenti
1308 4098 1615 4155 suffecerint
1643 4114 1655 4152 :

101 4216 200 4271 quze
224 4203 267 4258 si
305 4201 569 4260 catholica
600 4197 892 4256 dilectione
935 4193 1200 4259 retinetis,
1231 4207 1353 4247 cum
1378 4192 1495 4247 sitis
1523 4205 1662 4245 unus

104 4309 210 4366 grex
234 4297 298 4354 de
336 4312 446 4355 uno
487 4303 701 4368 pastore
750 4302 995 4355 securus,
1025 4302 1132 4343 non
1159 4287 1319 4342 nimis
1354 4299 1490 4340 curo
1517 4282 1662 4355 quod

105 4389 215 4446 mihi
270 4393 353 4450 vel
389 4387 693 4462 congregali
731 4394 932 4450 vestro,
978 4381 1064 4438 vel
1106 4388 1253 4437 certe
1295 4377 1414 4433 cani
1459 4385 1659 4445 vestro,

109 4482 403 4540 conviciator
446 4481 669 4554 quilibet
717 4477 996 4541 inimicus;
1028 4470 1318 4529 dummodo
1364 4484 1452 4525 me
1493 4468 1664 4540 magis

109 4585 189 4640 pro
209 4583 396 4644 vestra,
429 4587 592 4647 quam
635 4585 732 4643 pro
760 4583 881 4625 mea
918 4565 1230 4623 defensione
1271 4564 1466 4618 latrare
1511 4575 1664 4616 com-

112 4665 249 4732 pellat
275 4684 289 4722 :
314 4683 416 4739 qua
441 4675 622 4723 tamen
649 4663 695 4718 si
738 4674 875 4732 opus
903 4665 1047 4716 esset
1086 4654 1153 4711 ad
1195 4669 1433 4721 causam,
1463 4651 1667 4709 brevis-

111 4756 223 4814 sima
265 4759 614 4831 facillimaque
653 4765 866 4821 uterer,
913 4760 1079 4807 totum
1124 4747 1331 4805 scilicet
1373 4747 1495 4802 vita:
1531 4759 1665 4801 mea:

115 4859 294 4926 tempus
336 4863 619 4926 antequam
665 4847 1001 4921 perciperem
1052 4841 1380 4914 Baptismum
1440 4838 1664 4904 Christi,

114 4953 334 5012 quantum
360 4946 428 5003 ad
470 4957 616 5001 meas
634 4939 952 5012 cupiditates
966 4949 1282 5005 erroresque
1307 4932 1516 5000 attinet,
1543 4945 1667 4988 cum

117 5036 332 5096 omnibus
355 5036 665 5110 improbans
689 5045 742 5091 et
763 5032 1056 5096 detestans,
1085 5043 1153 5084 ne
1178 5027 1230 5082 in
1258 5025 1376 5095 eius
1411 5023 1669 5094 temporis

118 5125 392 5189 defensione
414 5145 590 5188 meam
615 5126 841 5201 gloriam
865 5135 1108 5196 quaerere
1131 5118 1363 5186 viderer,
1396 5131 1502 5172 non
1526 5116 1668 5172 illius

119 5220 195 5288 (illi
228 5239 307 5282 me
351 5241 444 5296 per
491 5222 716 5296 gratiam
760 5233 914 5275 suam
943 5225 1002 5273 et
1039 5230 1070 5270 a
1100 5228 1187 5269 me
1239 5212 1356 5283 ipso
1397 5210 1665 5267 liberavit.

123 5313 250 5376 Unde
270 5320 406 5378 illam
428 5322 590 5378 vitam
618 5331 795 5374 meam
819 5328 942 5371 eum
973 5309 1259 5381 vituperari
1285 5305 1464 5368 audio,
1491 5304 1669 5377 quoli-

122 5405 198 5466 bet
217 5415 380 5473 animo
402 5415 455 5473 id
482 5415 640 5472 iaciat
664 5411 754 5484 qui
777 5409 881 5466 hoc
909 5405 1056 5473 facit,
1073 5418 1178 5460 non
1206 5417 1376 5474 usque
1400 5400 1536 5456 adeo
1549 5413 1667 5455 sum

130 5500 333 5575 ingratus
350 5507 628 5565 utdoleam
660 5520 679 5560 :
708 5509 967 5576 quantum
996 5498 1192 5570 quippe
1217 5494 1306 5550 ille
1329 5501 1545 5550 accusat
1585 5492 1670 5546 vi-

22 5591 24 5600 ⁷
126 5592 234 5652 tium
259 5615 445 5669 meum,
477 5607 680 5656 tantum
713 5609 814 5668 ego
842 5590 1002 5650 laudo
1035 5588 1300 5646 medicum
1326 5583 1672 5652 meum.Quid

127 5699 233 5758 ergo
247 5689 347 5761 iam
371 5692 438 5751 de
461 5693 565 5751 illis
589 5688 875 5764 przeteritis
909 5695 1071 5756 atque
1101 5682 1312 5739 abolitis
1343 5681 1496 5736 malis
1534 5679 1673 5735 meis

130 5774 434 5842 defendendis
458 5785 718 5851 laborem,
736 5781 804 5839 de
833 5779 1024 5851 quibus
1049 5775 1335 5833 Petilianus
1367 5774 1528 5832 multa
1552 5772 1668 5843 qui-

1386 259 1591 320 LlBER
1629 254 1954 314 TERTIUS.

1745 372 1867 432 dem
1893 371 2027 431 falsa
2068 373 2225 442 dixit,
2253 373 2348 430 sed
2399 374 2550 446 plura
2574 387 2699 432 vera
2730 389 2836 433 non
2861 375 3042 434 dixit?
3087 377 3162 437 De
3187 388 3328 438 tem-

1745 481 1877 538 pore
1903 477 2081 524 autem
2110 468 2233 525 vita:
2259 484 2396 526 mea:
2424 468 2565 540 quod
2593 479 2675 526 est
2715 479 2834 541 post
2862 471 3216 544 Baptismum,
3244 490 3337 528 vo-

1745 561 1828 618 bis
1853 562 2178 635 quicumque
2209 578 2296 619 me
2321 563 2510 629 nostis,
2534 562 2803 634 superﬂuo
2819 563 3010 636 loquor
3033 581 3098 622 ex
3127 566 3194 622 iis
3217 581 3338 639 qua:

1746 663 1874 712 nota
1924 670 2044 712 esse
2067 655 2374 712 hominibus
2423 665 2648 726 possunt
2679 674 2692 713 :
2725 655 2779 714 hi
2824 673 2955 714 vero
2978 659 3069 730 qui
3092 675 3180 715 me
3229 675 3338 715 non

1747 757 2032 817 noverunt,
2065 765 2170 805 non
2198 749 2269 805 ita
2312 748 2478 820 iniqui
2500 765 2620 805 esse
2645 749 2843 807 debent
2870 750 2923 806 in
2948 767 3054 818 me,
3082 761 3140 807 ut
3169 752 3337 824 magis

1747 842 1816 900 de
1851 859 1940 900 me
1975 841 2197 900 credant
2221 842 2482 899 Petiliano
2502 859 2658 915 quam
2685 843 2855 900 vobis.
2885 843 3016 900 Nam
3043 846 3088 901 si
3118 845 3341 902 laudan-

1749 937 1789 992 ti
1812 936 1985 993 amico
2022 935 2346 993 credendum
2373 952 2482 991 non
2509 944 2611 1003 est,
2638 951 2740 992 nec
2767 936 2982 993 inimico
3010 937 3334 995 detrahenti.

1750 1029 1975 1088 Restant
2002 1045 2065 1087 ea
2094 1046 2212 1101 qum
2237 1030 2446 1086 occulta
2483 1039 2610 1085 sunt
2637 1028 2889 1095 hominis,
2919 1030 3007 1086 ubi
3037 1031 3149 1086 sola
3202 1046 3338 1088 con-

1752 1125 1974 1182 scientia
1999 1125 2150 1181 testis
2167 1132 2251 1181 est
2268 1125 2440 1196 ‘,quae
2473 1124 2626 1180 testis
2650 1139 2772 1180 esse
2799 1123 2939 1195 apud
2957 1125 3203 1182 homines
3230 1141 3339 1182 non

1749 1226 1947 1290 potest.
1991 1219 2048 1275 In
2078 1219 2160 1274 his
2189 1233 2279 1275 me
2327 1217 2622 1274 Petilianus
2652 1217 3002 1274 manichznum
3031 1234 3152 1276 esse
3181 1219 3330 1286 dicit,

1750 1313 1974 1386 loquens
2001 1313 2071 1369 de
2096 1313 2269 1370 aliena
2319 1305 2640 1369 conscientia
2676 1330 2689 1366 :
2724 1311 2828 1369 hoc
2853 1328 2952 1384 ego
2979 1329 3067 1369 me
3091 1328 3198 1368 non
3223 1328 3344 1370 esse

1749 1405 1892 1472 dico,
1925 1406 2149 1476 loquens
2177 1405 2244 1460 de
2265 1419 2383 1460 mea
2410 1403 2762 1460 conscientia.
2789 1403 2984 1475 Eligite
3033 1405 3120 1460 cui
3149 1405 3341 1462 creda-

1750 1498 2228 1556 tis.Verumtamen
2258 1497 2513 1569 quoniam
2547 1513 2644 1552 nec
2671 1497 2770 1553 ista
2799 1497 2945 1552 brevi
2973 1511 3035 1552 ac
3061 1496 3199 1552 facili
3223 1513 3342 1554 mea

1749 1591 2066 1649 defensione
2089 1605 2226 1660 opus
2253 1599 2358 1654 est,
2393 1589 2480 1646 ubi
2510 1590 2736 1660 quaestio
2769 1604 2873 1644 non
2911 1588 2978 1644 de
3022 1588 3346 1660 qualiscum-

1749 1702 1855 1758 que
1881 1686 2039 1741 unius
2088 1683 2325 1740 hominis
2374 1683 2586 1748 merito,
2615 1682 2710 1738 sed
2741 1681 2809 1738 de
2848 1689 3048 1738 sanctae
3087 1681 3344 1739 Ecclesia:

1750 1779 2010 1835 veritate'I
2042 1785 2320 1844 versatur;
2350 1775 2418 1831 ad
2444 1788 2542 1830 vos
2566 1775 2726 1830 etiam
2757 1771 2888 1828 mihi
2931 1773 3078 1844 plura
3119 1773 3347 1830 dicenda

1750 1879 1896 1938 sunt,
1927 1870 2250 1942 quicumque
2305 1868 2360 1922 in
2407 1874 2560 1938 parte
2604 1866 2812 1929 Donati,
2845 1864 3092 1920 Petiliani
3144 1880 3263 1936 qua:
3291 1865 3345 1920 in

1750 1979 1838 2020 me
1860 1963 2074 2034 scripsit
2118 1960 2402 2018 maledicta
2433 1959 2660 2031 legistis,
2691 1973 2810 2029 qua:
2838 1957 2905 2013 ab
2935 1957 3027 2012 illo
3056 1973 3161 2014 non
3189 1957 3344 2014 audi-

1751 2071 1904 2123 rem,
1952 2054 1996 2110 si
2049 2062 2285 2110 vestram
2337 2051 2688 2123 perditionem
2751 2058 3197 2108 contemnerem:
3251 2051 3346 2108 sed

1750 2147 2026 2207 cbaritatis
2053 2145 2360 2202 christiana;
2390 2143 2594 2199 viscera
2626 2158 2731 2198 non
2765 2141 3042 2198 haberem.

1821 2260 2049 2319 CAPUT
2072 2259 2162 2316 Xl.
2179 2289 2251 2301 —
2279 2260 2367 2317 12.
2397 2258 2535 2328 Quid
2563 2273 2691 2330 ergo
2719 2257 2935 2326 mirum,
2963 2257 3008 2314 si
3029 2273 3152 2315 cum
3179 2273 3343 2331 grana

1751 2353 1820 2412 de
1847 2370 1976 2411 area
2012 2353 2278 2410 dominica
2303 2365 2536 2408 excussa
2560 2391 2577 2418 ,
2603 2350 2763 2407 simul
2799 2365 2921 2406 cum
2948 2357 3090 2405 terra
3119 2361 3174 2406 et
3195 2351 3347 2422 palea

1751 2446 2044 2502 introrsum
2067 2445 2242 2511 traho,
2263 2443 2512 2514 iniuriam
2537 2441 2827 2499 resilientis
2850 2441 3082 2514 pulveris
3104 2442 3304 2500 sull‘ero
3330 2461 3345 2500 :

1752 2540 1837 2597 vel
1865 2555 1987 2596 cum
2015 2537 2228 2595 Domini
2257 2538 2364 2594 mei
2393 2551 2522 2592 oves
2546 2535 2783 2608 perditas
2810 2535 3094 2608 diligenter
3114 2537 3348 2610 inquiro,

1752 2633 2088 2704 Spinosarum
2112 2631 2412 2702 linguarum
2432 2629 2686 2702 vepribus
2705 2629 2953 2686 laceror?
2975 2629 3212 2686 Obsecro
3231 2645 3345 2697 vos,

1752 2727 2004 2799 deponite
2029 2725 2302 2799 paululum
2328 2723 2501 2781 studia
2529 2724 2756 2796 partium
2779 2765 2797 2791 ,
2828 2733 2990 2796 atque
3014 2725 3156 2780 inter
3180 2741 3266 2781 me
3289 2733 3350 2783 et

1753 2822 2074 2880 Petilianum
2095 2835 2217 2877 cum
2243 2819 2418 2891 aliqua
2445 2818 2696 2890 aequitate
2722 2817 2980 2890 iudicate.
3007 2817 3125 2890 Ego
3153 2819 3347 2876 Eccle-

1753 2917 1849 2974 sia:
1875 2929 2091 2972 causam
2130 2913 2253 2969 volo
2281 2921 2339 2968 ut
2367 2911 2646 2978 noveritis,
2678 2911 2767 2968 ille
2793 2918 2852 2968 ut
2873 2927 3049 2969 meam
3081 2930 3096 2967 :
3124 2911 3190 2968 ad
3218 2911 3350 2986 quid

1753 3007 1918 3076 aliud,
1951 3007 2052 3062 nisi
2071 3007 2195 3078 quia
2218 3006 2444 3064 testibus
2467 3005 2624 3068 meis,
2652 3019 2789 3078 quos
2815 3005 2870 3061 in
2905 3019 3066 3061 causa
3092 3005 3353 3064 Ecclesiae

1755 3107 2065 3156 constanter
2106 3097 2368 3164 adhibeo,
2411 3113 2519 3152 non
2559 3096 2717 3153 audet
2763 3096 2942 3154 dicere
2988 3112 3058 3154 ne
3082 3097 3350 3168 credatis;

1755 3192 2038 3265 Prophetae
2078 3193 2222 3249 enim
2258 3201 2415 3260 sunt,
2437 3201 2491 3248 et
2519 3191 2760 3260 Apostoli
2785 3233 2800 3258 ,
2825 3200 2879 3246 et
2907 3191 3023 3263 ipse
3050 3191 3352 3263 Pr0pheta-

1755 3303 1874 3344 rum
1897 3295 1953 3342 et
1976 3287 2352 3358 Apostolorum
2383 3284 2640 3340 Dominus
2663 3282 2946 3340 Christus:
2975 3283 3044 3340 de
3065 3300 3151 3341 me
3171 3293 3352 3341 autem

1757 3378 2010 3451 quidquid
2036 3377 2217 3434 dicere
2243 3376 2469 3432 voluerit
2489 3375 2530 3441 ³,
2562 3375 2764 3431 homini
2785 3375 3040 3432 adversus
3056 3374 3350 3446 hominem,

1757 3479 1812 3528 et
1853 3477 2033 3526 vestro
2075 3468 2337 3525 adversus
2383 3467 2650 3532 alienum,
2697 3465 2851 3522 facile
2895 3465 3153 3523 creditis?
3193 3466 3260 3523 Et
3306 3468 3354 3524 si

1758 3579 1895 3636 quos
1939 3562 2065 3618 vita:
2105 3577 2240 3618 mea:
2269 3569 2438 3618 testes
2466 3560 2794 3626 adhibuero,
2826 3559 2954 3631 quid
2994 3576 3244 3633 magnum
3271 3569 3356 3618 est

1759 3666 1820 3713 ut
1841 3657 1979 3714 dicat
2000 3698 2016 3723 ,
2045 3671 2150 3712 non
2194 3655 2274 3711 eis
2293 3669 2414 3711 esse
2437 3652 2765 3710 credendum
2790 3694 2805 3719 ,
2834 3663 2888 3710 et
2908 3653 3010 3710 hoc
3051 3654 3207 3710 vobis
3242 3655 3351 3713 cito

1760 3749 2119 3822 persuadeat:
2152 3747 2451 3821 praesertim
2492 3746 2706 3820 quando
2745 3746 2988 3820 quisquis
3028 3762 3125 3818 pro
3151 3762 3241 3805 me
3268 3749 3354 3805 ul-

1761 3843 1874 3899 lum
1923 3843 2147 3898 verbum
2188 3841 2410 3908 fecerit,
2443 3839 2692 3896 inimicus
2729 3838 2868 3910 parti
2896 3839 3126 3908 Donati,
3156 3855 3221 3896 ac
3261 3855 3358 3911 per

1763 3937 1867 3994 hoc
1893 3944 2069 3993 vester
2103 3935 2358 3992 continuo
2403 3932 2790 4005 deputabitur?
2817 3932 3026 4006 Regnat
3053 3933 3232 4005 itaque
3252 3932 3358 3990 Pe-

1764 4029 1979 4085 tilianus
2005 4046 2018 4084 :
2049 4026 2264 4099 quando
2289 4027 2342 4082 in
2381 4040 2469 4082 me
2493 4023 2745 4098 quaelibet
2770 4025 3012 4082 convicia
3051 4024 3316 4097 iaculatur
3339 4067 3357 4094 ,

1765 4121 1816 4177 ei
1870 4135 2059 4176 omnes
2097 4117 2405 4175 acclamatis
2429 4125 2485 4172 et
2518 4117 2792 4188 plauditis.
2828 4117 2978 4173 Hane
3009 4117 3112 4175 sibi
3159 4118 3362 4175 invenit

1766 4211 2071 4268 vincibilem
2102 4225 2317 4267 causam
2343 4251 2360 4277 ,
2389 4208 2485 4265 sed
2523 4208 2793 4279 iudicibus
2819 4208 3010 4266 vobis:
3039 4225 3140 4267 nec
3167 4219 3360 4267 testem

1767 4319 1868 4361 nec
1892 4310 2262 4374 argumentum
2293 4300 2559 4372 requiret,
2583 4299 2669 4356 cui
2691 4300 2794 4356 hoc
2817 4301 2990 4356 solum
3015 4309 3098 4357 est
3132 4300 3363 4372 probare

1767 4396 1909 4470 quod
1931 4395 2079 4463 dicit,
2110 4395 2230 4464 quia
2253 4393 2304 4450 ei
2320 4407 2478 4465 quem
2501 4392 2734 4448 maxime
2759 4391 2968 4461 odistis,
2987 4393 3364 4464 copiosissime

1769 4487 2057 4545 maledicit.
2103 4485 2238 4542 Nam
2265 4483 2518 4557 quoniam
2561 4483 2758 4541 divinae
2783 4484 3077 4558 Scriptura:
3114 4485 3363 4544 testimo-

1771 4582 1856 4638 nia
1882 4623 1897 4648 ,
1921 4595 2040 4637 cum
2065 4593 2166 4652 pro
2206 4577 2444 4636 Ecclesia
2484 4578 2744 4635 catholica
2790 4587 2899 4635 tam
2939 4579 3104 4636 densa
3151 4589 3209 4638 et
3255 4588 3364 4639 tam

1771 4675 1911 4730 clara
1963 4673 2260 4730 recitantur
2283 4669 2474 4739 ,vobis
2513 4671 2822 4729 dolentibus
2864 4681 3109 4729 remanet
3149 4681 3363 4742 mutus;

1772 4767 1935 4839 elegit
1957 4766 2259 4832 materiam,
2290 4763 2379 4820 ubi
2399 4763 2551 4822 vobis
2571 4763 2871 4821 faventibus
2891 4765 3139 4837 loquatur
3161 4805 3176 4830 ,
3206 4775 3262 4823 et
3281 4767 3365 4821 vi-

1771 4867 1888 4914 ctus
1924 4874 2107 4914 verum
2145 4858 2404 4915 simulans
2437 4866 2635 4913 statum
2657 4856 2698 4924 ’⁵,
2733 4857 2856 4913 talia
2887 4859 2971 4915 vel
2996 4862 3157 4916 etiam
3198 4860 3368 4918 scele-

1772 4951 1972 5008 ratiora
2017 4950 2163 5007 dicat
2199 4951 2256 5006 in
2300 4964 2407 5007 me.
2455 4949 2582 5006 Mihi
2627 4958 2710 5005 sat
2733 4958 2817 5008 est
2837 4951 2916 5023 (a)
2937 4951 3004 5008 ad
3045 4967 3161 5010 rem
3203 4968 3366 5026 quam

1839 5178 2031 5246 deiti,
2054 5173 2165 5246 talis
2185 5171 2480 5246 est.._1tleliu_s
2512 5179 2637 5232 Mss,
2677 5172 2916 5246 “aliaest.

1837 5243 1859 5273 ³
1881 5247 1955 5291 Er.
1981 5248 2033 5292 et
2054 5245 2185 5296 t.ov.,
2209 5237 2404 5286 unitate.
2441 5243 2542 5298 Am.
2575 5248 2696 5298 vero
2724 5243 2783 5298 et
2804 5243 2934 5298 Mss,
2973 5237 3186 5290 ueritate.
3222 5244 3371 5290 Favet

1774 5303 1894 5357 illud
1916 5304 2056 5360 intra,
2081 5314 2132 5349 ιι.
2154 5295 2298 5364 28,4:
2319 5298 2384 5348 de
2407 5295 2632 5364 Eeclgsim
2655 5295 2988 5364 velABaptis'mi
3025 5303 3250 5364 veritate.
3269 5319 3291 5348 ιι
3316 5309 3370 5352 Et

1777 5369 1862 5418 lib.
1885 5365 1951 5415 de
1975 5357 2117 5414 Unico
2139 5357 2401 5424 Baptismo,
2427 5373 2476 5410 ιι.
2501 5357 2588 5422 22,
2620 5377 2644 5407 (ι
2665 5357 3023 5412 ambulantibus
3058 5363 3106 5411 in
3140 5363 3365 5414 Ecclesia:

1775 5431 2004 5480 veritate.
2023 5443 2046 5472 ιι

1841 5492 1864 5524 ³
1886 5488 2018 5554 Apud
2040 5493 2115 5554 Er.
2138 5494 2190 5554 et
2212 5493 2320 5538 ων.
2340 5520 2356 5545 ,
2380 5483 2590 5538 libuerit.

1844 5555 1866 5587 ι
1887 5547 2016 5620 M'ss._,
2038 5549 2464 5620 sitnilmts‘statum.
2491 5554 2557 5599 Ex
2602 5547 2679 5599 his
2715 5561 2842 5600 unus
2870 5550 3240 5613 Cygiianuensis
3259 5562 3366 5613 pro,

1777 5622 1969 5676 statum,
1989 5614 2158 5674 habet,
2179 5614 2357 5663 statim.

1844 5703 1916 5766 (a)
1941 5705 2083 5768 Juxta
2098 5696 2264 5768 Morel,
2276 5694 2426 5768 Pleni.
2437 5697 2615 5768 Critiq,
2632 5709 2750 5768 pgg.
2762 5694 2994 5768 396:328,
3003 5695 3077 5768 sic
3091 5695 3269 5768 melius
3279 5695 3367 5768 lc-

1785 5755 1988 5830 geretur
2012 5762 2096 5814 ille
2120 5760 2272 5822 locus,
2297 5757 2377 5810 ubi
2407 5757 2535 5810 vobis
2557 5755 2820 5821 fauentibus
2857 5755 3075 5820 loquatur
3119 5763 3164 5808 et
3198 5757 3366 5811 victus.
