3812 6134
491 355 620 410 tiam
671 356 855 408 sancte
906 347 1100 415 dantis,
1145 347 1242 405 sed
1290 349 1613 404 maculosam
1663 359 1717 404 et
1767 348 2071 403 occultam:

496 443 637 500 unde
655 457 785 514 ergo
828 441 1099 497 abluitur?
1152 440 1292 495 unde
1335 455 1463 510 ergo
1508 441 1731 511 percipit
1781 439 1982 495 ﬁdem?
2018 438 2074 495 Si

491 536 633 592 enim
661 550 760 590 nec
787 543 912 589 tunc
936 533 1187 598 abluitur,
1212 547 1311 588 nec
1337 541 1462 588 tunc
1494 532 1716 603 percipit
1739 530 1921 597 ﬁdem,
1952 546 2075 587 cum

494 627 792 698 baptizator
812 623 1045 695 perﬁdus
1068 633 1124 680 et
1149 624 1450 679 maculosus
1477 624 1718 679 occultus
1741 632 1857 689 est;
1889 637 1985 678 cur
2009 637 2076 679 eo

493 726 676 788 postea
699 715 908 786 prodito
933 723 1092 785 atque
1118 714 1392 780 damnato,
1423 729 1528 769 non
1558 713 1733 769 denuo
1754 714 2073 783 baptizatur,

489 818 547 864 ut
566 806 810 863 abluatur
839 805 1103 876 ﬁdemque
1127 805 1429 878 percipiat?
1452 804 1505 860 Si
1541 815 1720 861 autem
1755 805 1844 860 illo
1869 804 2074 874 perfido

489 911 546 957 et
580 901 852 957 maculoso
879 899 1091 956 occulto
1133 900 1232 954 iste
1271 899 1502 953 abluitur
1534 907 1588 953 et
1623 898 1846 967 percipit
1876 898 2070 962 ﬁdem;

489 991 630 1048 unde
654 992 906 1056 abluitur,
938 991 1079 1047 unde
1108 990 1352 1061 percipit,
1386 989 1472 1043 ubi
1500 1003 1605 1043 non
1636 997 1718 1044 est
1745 988 2074 1044 conscientia

489 1093 672 1142 sancte
714 1083 910 1149 dantis,
957 1099 1075 1152 qua:
1103 1083 1281 1138 abluat
1311 1081 1652 1152 accipientis?
1679 1081 1789 1136 Hoc
1820 1081 1980 1146 dicat,
2007 1081 2073 1136 ad

489 1179 594 1234 hoc
649 1175 1011 1248 respondeat:
1041 1175 1191 1232 Unde
1233 1173 1482 1242 abluitur,
1536 1174 1679 1230 unde
1730 1174 1974 1244 percipit,
2026 1175 2070 1230 si

487 1269 794 1324 conscientia
812 1277 984 1324 sancte
1007 1267 1174 1321 dantis
1193 1267 1487 1332 attenditur,
1504 1283 1618 1336 quae
1634 1265 1804 1320 abluat
1816 1267 2070 1336 accipien-

487 1361 592 1424 tis;
621 1369 677 1416 et
700 1359 816 1415 huic
843 1358 915 1414 ibi
940 1373 1044 1413 non
1072 1367 1174 1424 est,
1205 1357 1417 1428 quando
1453 1357 1744 1428 baptizator
1767 1358 2072 1412 maculosus

485 1462 540 1507 et
591 1451 826 1523 perﬁdus
876 1448 1066 1506 latuit?
1117 1448 1255 1504 Nihil
1320 1448 1403 1520 ad;
1440 1448 1542 1503 hoc
1585 1448 1950 1518 responsum‘
1988 1456 2072 1502 est

484 1545 725 1600 omnino.

553 1636 781 1694 CAPUT
819 1634 964 1691 XXI.
1018 1663 1070 1675 —
1109 1633 1200 1689 24.
1240 1631 1347 1689 Sed
1371 1646 1496 1689 ecce
1532 1639 1839 1703 angustatus
1865 1631 1917 1686 in
1946 1645 2070 1686 cau-

490 1745 564 1796 sa,
593 1743 804 1784 rursum
833 1729 887 1784 in
926 1741 1014 1783 me
1063 1727 1319 1797 impetum
1371 1724 1495 1779 facit
1550 1723 1865 1779 nebulosum
1911 1732 2069 1793 atque

489 1832 782 1884 ventosum,
812 1828 872 1874 ut
911 1819 1151 1875 veritatis
1203 1817 1462 1872 serenitas
1515 1815 1865 1880 obscuretur;
1907 1823 1960 1870 et
2011 1814 2068 1868 fit

488 1931 691 1972 summa
719 1913 896 1986 inopia
917 1912 1185 1980 copiosus,
1219 1925 1323 1966 non
1361 1925 1485 1963 vera
1531 1907 1756 1964 dicendo
1776 1950 1791 1975 ,
1825 1907 1919 1962 sed
1950 1922 2066 1962 ma-

489 2006 680 2062 ledicta
709 2005 882 2060 inania
908 2018 1014 2060 non
1037 2002 1262 2057 emendo
1284 2002 1325 2052 ².
1350 2000 1546 2054 Tenetc
1568 2014 1696 2054 sane
1718 1998 2068 2054 intentissime

482 2107 644 2168 atque
691 2095 980 2152 fortissrme
1009 2093 1136 2164 quid
1181 2092 1376 2147 debeat
1407 2091 1428 2121 ³
1474 2089 1822 2160 respondere,
1871 2089 1921 2144 id
1961 2101 2063 2157 est,

481 2188 624 2244 unde
649 2187 898 2243 abluatur
922 2183 1231 2254 accipientis
1259 2181 1584 2238 conscientia
1602 2223 1618 2246 ,
1646 2196 1767 2236 cum
1797 2181 2066 2236 maculosa

477 2279 656 2335 dantis
681 2276 888 2334 occulta
914 2284 998 2332 est
1023 2291 1036 2327 :
1067 2289 1132 2328 ne
1157 2272 1292 2328 forte
1311 2272 1412 2326 hoc
1429 2272 1579 2327 vobis
1595 2286 1624 2325 e
1642 2271 1886 2327 manibus
1907 2271 2065 2326 ﬂatus

479 2373 596 2444 ejus
621 2371 868 2436 excutiat,
909 2383 1108 2439 vosque
1137 2368 1235 2436 ipsi
1262 2365 1525 2422 sermonis
1554 2363 1747 2419 turbidi
1777 2365 2064 2434 caliginosa

479 2472 794 2535 tempestate
820 2460 1117 2532 rapiamini,
1152 2468 1211 2514 ut
1242 2458 1322 2512 vel
1361 2457 1653 2512 discessum
1693 2455 1776 2510 vel
1805 2469 1911 2525 quo
1933 2454 2064 2509 red-

477 2557 710 2614 eundum
761 2557 828 2611 sit
883 2553 1102 2610 omnino
1141 2550 1408 2606 nesciatis.
1461 2549 1527 2603 Et
1575 2548 1748 2603 videte
1793 2547 2063 2603 hominem

481 2647 662 2721 vagari
687 2663 787 2718 qua
821 2651 1026 2716 potest,
1059 2641 1187 2698 dum
1221 2656 1316 2710 pro
1361 2640 1575 2709 negotio
1622 2639 1763 2709 quod
1808 2637 2060 2708 suscepit,

477 2751 619 2798 stare
645 2755 750 2796 non
777 2745 971 2810 potest.
1000 2735 1189 2792 Videte
1215 2749 1370 2804 quam
1401 2732 1564 2788 multa
1602 2733 1779 2796 dicat,
1811 2747 1914 2788 non
1963 2732 2061 2786 ha-

478 2832 656 2890 bendo
683 2829 821 2903 quod
847 2829 1009 2885 dicat.
1038 2827 1178 2883 Dicit
1203 2841 1280 2880 me
1306 2823 1406 2879 labi
1437 2824 1721 2892 lubricum,
1748 2825 1836 2879 sed
1860 2825 2014 2878 teneri
2045 2841 2059 2878 :

476 2944 566 2982 nec
595 2925 865 2988 destruere,
894 2939 985 2977 nec
1011 2920 1313 2990 conﬁrmare
1336 2917 1469 2988 quod
1496 2918 1678 2988 objicio
1708 2961 1723 2984 ,
1749 2919 1940 2972 incerta
1971 2935 2062 2988 pro

476 3017 622 3072 certis
641 3014 954 3087 excogitare,
992 3027 1094 3065 non
1126 3009 1409 3081 permittere
1432 3006 1647 3079 legentes
1671 3024 1782 3076 qua:
1802 3025 1916 3062 vera
1946 3015 2063 3062 sunt

476 3107 697 3173 credere,
725 3104 813 3160 sed
835 3108 1003 3176 facere
1022 3112 1077 3155 ut
1102 3100 1257 3154 altius
1281 3099 1436 3152 dubia
1455 3100 1789 3169 suspicentur.
1827 3099 1960 3154 Dicit
1983 3117 2062 3155 me

476 3195 765 3252 Academici
793 3192 1080 3248 damnabile
1117 3191 1374 3262 ingenium
1405 3189 1585 3244 habere
1628 3189 1904 3246 Carneadis
1960 3189 2057 3262 (a).

475 3288 712 3347 Conatur
738 3287 898 3343 etiam
934 3284 1208 3340 insinuare
1237 3281 1363 3353 quid
1389 3280 1692 3336 Academici
1726 3284 1958 3336 sentiant
1994 3281 2062 3337 de

475 3381 702 3437 falsitate
722 3380 804 3436 vel
832 3377 1044 3433 fallacia
1072 3389 1260 3432 sensus
1298 3374 1536 3442 humani,
1559 3374 1717 3429 etiam
1749 3374 1801 3428 in
1833 3373 1916 3428 his
1941 3389 2061 3428 om-

474 3477 603 3533 nino
633 3473 758 3544 quid
780 3474 1028 3544 loquatur
1068 3472 1339 3542 ignorans.
1372 3466 1488 3521 Dici
1520 3467 1581 3521 ab
1602 3468 1673 3521 eis
1694 3467 1900 3531 asserit,
1925 3468 2061 3521 nives

480 3571 653 3640 nigras
680 3583 784 3623 esse
809 3581 923 3620 cum
947 3564 1079 3620 alba:
1092 3564 1210 3624 sint,
1243 3562 1539 3632 nigrumque
1563 3569 1844 3630 argentum,
1875 3569 2060 3612 turrem

475 3659 746 3716 rotundam
787 3657 862 3712 uel
883 3665 1084 3711 teretem
1109 3653 1267 3709 videri
1297 3669 1410 3706 cum
1433 3652 1679 3723 angulosa
1714 3651 1776 3704 sit
1801 3650 1842 3715 ⁸,
1866 3667 2060 3704 remum

477 3752 533 3806 in
559 3768 690 3821 aqua
717 3755 934 3822 fractum
962 3763 1076 3801 cum
1092 3747 1156 3800 sit
1182 3745 1389 3816 integer.
1417 3743 1481 3796 Et
1503 3742 1602 3796 hoc
1628 3750 1792 3796 totum
1812 3749 2058 3811 propter-

477 3861 578 3909 ea,
630 3843 880 3915 quoniam
936 3855 1058 3896 cum
1102 3838 1348 3904 dixisset,
1399 3835 1712 3891 Conscientia
1765 3837 1930 3890 dantis
1977 3836 2059 3890 vel

477 3947 647 3993 sancte
665 3935 831 3990 dantis
850 3933 1142 3998 attenditur,
1165 3946 1276 4003 qua:
1300 3930 1470 3984 abluat
1494 3929 1782 3999 accipientis
1807 3944 1821 3991 ;
1871 3937 2056 3984 contra

476 4044 576 4101 ego
603 4027 734 4096 dixi,
769 4026 923 4095 Quid,
953 4027 996 4080 si
1026 4026 1179 4080 lateat
1212 4024 1377 4078 dantis
1408 4021 1733 4085 conscientia,
1763 4029 1808 4076 et
1847 4021 2060 4090 fortasse

479 4120 734 4176 maculosa
753 4119 860 4174 sit?
888 4118 1008 4174 Istae
1035 4126 1159 4172 sunt
1182 4115 1332 4172 nives
1357 4116 1520 4186 nigrae
1542 4156 1558 4181 ,
1589 4122 1642 4169 et
1669 4123 1944 4186 argentum
1979 4113 2059 4168 ni-

475 4230 651 4288 grum,
683 4221 738 4269 et
761 4214 924 4268 turris
965 4209 1190 4267 rotunda
1222 4225 1320 4280 pro
1364 4209 1635 4280 angulosa,
1677 4217 1732 4264 et
1777 4225 1956 4265 remus
2004 4209 2057 4264 in

476 4321 609 4378 aqua
637 4304 834 4360 fractus
853 4318 951 4376 pro
976 4303 1184 4374 integro
1213 4301 1226 4355 l
1250 4316 1361 4356 rem
1390 4302 1586 4373 quippe
1614 4299 1722 4356 dixi
1748 4317 1866 4372 qua:
1886 4302 2056 4372 putari

473 4397 662 4470 possit,
685 4405 742 4452 et
768 4411 887 4452 esse
917 4411 1022 4451 non
1064 4394 1250 4465 possit,
1279 4402 1340 4448 ut
1377 4393 1540 4449 lateat
1565 4393 1743 4448 dantis
1783 4393 2059 4449 conscien-

477 4491 571 4556 tia,
602 4500 656 4547 et
685 4489 912 4546 fortasse
939 4488 1210 4543 maculosa
1236 4487 1326 4541 sit.

544 4582 634 4638 25.
676 4581 743 4637 Et
768 4581 1012 4652 sequitur
1042 4593 1121 4643 se,
1145 4587 1199 4634 et
1233 4577 1426 4632 clamat
1458 4595 1471 4631 :
1501 4575 1636 4642 Quid
1661 4585 1774 4644 est,
1805 4575 1940 4644 Quid
1967 4577 2010 4633 si
2038 4593 2054 4643 ;

472 4675 593 4746 quid
615 4682 710 4738 est,
737 4670 1000 4729 Fortassis
1018 4670 1044 4724 ?
1073 4669 1168 4724 nisi
1194 4669 1380 4723 incerta
1407 4678 1454 4723 et
1479 4669 1767 4724 inconstans
1810 4669 2057 4724 haesitatio

475 4767 768 4831 dubitantis,
798 4767 862 4822 de
885 4781 983 4834 qua
1002 4764 1089 4819 ille
1108 4773 1220 4816 tuus
1248 4762 1360 4814 ait:

544 4877 569 4909 ι
590 4859 708 4920 Quid
729 4859 770 4910 sl
792 4869 922 4908 nunc
942 4857 963 4920 ξ
986 4854 1139 4906 redeo
1155 4852 1215 4902 ad
1237 4849 1344 4902 illos
1358 4851 1441 4915 qui
1467 4851 1615 4912 aiunt,
1635 4850 1750 4911 Quid
1773 4853 1815 4902 si
1837 4864 1965 4902 nunc

627 4921 804 4973 coelum
817 4917 958 4969 ruat?
979 4934 1002 4962 ι

842 4981 1050 5043 (terant.
1076 4980 1248 5029 Heaut.
1268 4979 1361 5026 act.
1386 4973 1436 5038 4,
1453 4987 1581 5026 scen.
1604 4975 1654 5036 3,
1671 4986 1795 5027 vers.
1812 4973 1913 5038 41).

537 5142 554 5173 ⁸
589 5147 687 5189 Αιιι.
712 5141 785 5187 Er.
813 5143 867 5186 et
885 5134 1035 5185 nostri
1058 5141 1184 5194 Mss,
1210 5127 1611 5195 respondendum.

538 5205 558 5234 ί
582 5203 656 5252 sic
677 5207 782 5250 Mss.
811 5205 865 5247 At
888 5197 1026 5262 editi,
1041 5208 1142 5262 Anon
1162 5191 1464 5262 emendando
1491 5203 1512 5262 ί
1533 5191 1699 5262 minus
1711 5197 1863 5262 recte.

536 5265 559 5298 ³
582 5249 679 5319 λιιι.
694 5249 746 5313 et
761 5249 1229 5324 Er..debeatis.Lo_v.,
1244 5253 1469 5324 habeatis.
1482 5251 1704 5324 gallicani
1732 5249 2052 5324 _Mss.,deb_eat.

534 5325 556 5356 ⁸
579 5313 679 5375 Am.
705 5330 779 5373 Er.
805 5313 858 5372 et
881 5329 1008 5381 Mss,
1031 5331 1141 5370 cum
1156 5313 1294 5382 longa
1318 5314 1395 5366 sit.
1422 5321 1476 5365 Et
1499 5313 1638 5375 infra,
1657 5320 1705 5364 et
1725 5313 1876 5365 turris
1896 5320 2056 5364 rotun-

472 5386 834 5516 dafqgrmt‘is
855 5458 952 5516 non
973 5443 1086 5516 fert,
1108 5453 1252 5516 nunc,
1276 5411 1590 5516 etmerito.‘
1605 5444 1660 5516 tt;

532 5513 606 5576 (α)
626 5499 700 5562 be
721 5507 978 5576 Carneadis
997 5499 1512 5576 insaniens-tamtam.
1532 5500 1619 5576 ιίιξτ
1640 5502 1695 5562 ⁵»
1718 5499 1951 5576 can-.412
1973 5500 2058 5576 (ιω

532 5517 606 5576 (a)
631 5518 700 5562 De
712 5517 978 5623 mersans
997 5517 1194 5569 ingenio
1217 5517 1483 5575 Lactantius
1498 5536 1512 5560 ,
1533 5517 1615 5573 un.
1640 5517 1695 5562 ε),
1727 5517 1948 5574 σξιρηιι,
1973 5517 2055 5573 qui

473 5575 692 5639 legatum.
855 5577 1043 5639 Romam
1059 5567 1122 5639 ab
1145 5565 1522 5639 Atheniensibus,
1536 5563 2055 5639 ιιιξξιιωδμριρφιιξ·

472 5623 604 5688 stitia
626 5636 847 5700 primum.
869 5638 971 5700 tum
990 5637 1184 5700 postera
1204 5627 1467 5700 discentia
1484 5625 1723 5700 iustitiam
1745 5623 1935 5700 sese.
1951 5623 2056 5700 me:

474 5684 652 5756 morat',
671 5684 844 5756 sicque
879 5694 928 5741 in
959 5684 1216 5750 u'tramque
1250 5693 1436 5756 partem
1460 5684 1714 5756 disserere
1749 5684 1967 5745 solitum,
2001 5691 2058 5733 ut

474 5709 712 5756 morat,ss
775 5709 840 5745 ue
879 5709 928 5741 ιιι
959 5709 1216 5750 Utramque
1251 5709 1436 5749 pill'lCUl
1466 5709 1575 5735 υιδδι

473 5760 592 5810 alios
613 5709 848 5820 quidclibct
869 5757 1151 5804 asserentes
1169 5754 1330 5812 posset
1343 5746 1575 5797 refutare.

1343 233 1610 292 CONTRA
1655 233 1990 290 LITTERAS
2029 231 2390 299 PETILIANI,
2431 235 2487 290 S.
2530 233 2895 292 AUGUSTlNl

3699 243 3800 302 δῡι

2186 345 2418 404 Hoccine
2446 349 2588 419 quod
2610 349 2739 414 dixi,
2774 351 2909 418 Quid
2927 352 2971 407 si
2994 353 3149 407 lateat
3167 354 3337 411 dantis
3363 357 3732 426 conscientia,
3770 379 3800 414 ε

2186 440 2421 510 fortassis
2447 443 2704 497 maculosa
2728 446 2828 508 sit;
2857 445 2964 500 tale
2994 455 3076 500 est
3120 460 3184 501 ac
3235 448 3279 502 si
3327 449 3585 516 dixerim,
3662 452 3800 516 Quit

2182 533 2228 586 si
2250 549 2386 586 nunc
2410 535 2588 588 caelum
2615 536 2773 589 ruat?
2804 536 3008 590 Dictum
3041 545 3124 592 est
3151 539 3351 607 utique,
3385 539 3526 605 Quid
3541 542 3594 596 si
3610 559 3635 607 ;
3674 544 3800 611 qui:

2182 625 2296 681 ﬁeri
2323 635 2499 696 potest
2523 637 2582 683 ut
2610 629 2803 694 lateat,
2829 628 2940 684 ﬁeri
2981 639 3157 699 potest
3185 640 3244 685 ut
3283 646 3390 686 non
3419 633 3634 688 lateat:
3674 650 3800 688 nan

2181 717 2396 785 quando
2442 719 2715 790 ignoratur
2755 719 2881 790 quid
2919 720 3134 790 cogitet.
3165 722 3249 776 vel
3297 722 3424 792 quid
3471 723 3799 786 admiserit.

2181 808 2313 864 latet
2340 811 2522 880 utique
2547 811 2899 882 accipientem
2934 810 3110 866 dantis
3153 813 3508 878 conscientia;
3562 817 3800 886 quand:

2179 909 2356 956 autem
2389 910 2660 971 peccatum
2687 902 2805 972 ejus
2832 902 3217 970 manifestatur,
3250 918 3356 958 non
3381 903 3532 961 latet.
3566 907 3800 963 Dictum

2182 1001 2287 1060 est,
2315 1003 2361 1046 et
2389 993 2606 1063 fortasse
2627 993 2887 1049 maculosa
2902 993 2967 1048 sit
2983 1011 3004 1061 ;
3025 994 3146 1065 quia
3169 994 3284 1051 ﬁeri
3319 1005 3493 1067 potest
3520 1007 3586 1052 ut
3619 998 3800 1054 lateat

2178 1093 2236 1141 et
2262 1086 2458 1142 munda
2483 1087 2570 1152 sit,
2597 1097 2653 1142 et
2677 1103 2862 1143 rursus
2889 1088 3001 1143 ﬁeri
3038 1096 3231 1158 potest.
3269 1099 3327 1144 ut
3359 1089 3521 1146 lateat
3558 1100 3623 1148 et
3674 1108 3800 1147 ma-

2177 1177 2361 1232 culosa
2387 1178 2476 1232 sit.
2530 1177 2678 1246 Ideo,
2709 1178 2845 1244 Quid
2872 1180 2957 1245 si;
2996 1179 3138 1246 ideo,
3184 1179 3444 1238 Fortasse.
3495 1183 3799 1256 Numquid

2177 1268 2300 1326 huic
2327 1271 2499 1327 simile
2523 1280 2628 1339 est,
2659 1271 2796 1340 Quid
2824 1273 2867 1328 si
2902 1289 3036 1328 nunc
3063 1275 3242 1328 emtum
3267 1275 3425 1329 ruat?
3464 1275 3508 1332 0
3556 1281 3795 1348 quoties

2175 1370 2228 1418 et
2247 1363 2476 1418 convicti
2504 1373 2558 1420 et
2585 1361 2819 1420 confessi
2846 1372 2972 1420 sunt
3009 1363 3250 1420 homines
3277 1379 3335 1420 se
3364 1367 3691 1422 maculosas
3739 1377 3796 1422 et

2175 1456 2503 1512 adulterinas
2528 1457 2777 1513 habuisse
2805 1457 3161 1514 conscientias
3180 1499 3195 1523 ,
3224 1473 3343 1514 cum
3372 1459 3440 1515 ab
3462 1459 3547 1516 eis
3591 1459 3792 1531 baptio

2173 1557 2423 1603 zarentur
2447 1548 2647 1619 ignari,
2678 1557 3020 1621 posteaquam
3056 1549 3394 1606 manifestato
3417 1551 3634 1609 scelere
3679 1552 3788 1608 de-

2171 1641 2378 1711 gradati
2401 1651 2545 1710 sunt,
2573 1651 2628 1698 et
2656 1651 2834 1698 tamen
2853 1642 3048 1700 caelum
3074 1658 3181 1698 non
3211 1643 3351 1699 ruit!
3370 1643 3504 1712 Quid
3526 1643 3625 1700 hic
3647 1645 3787 1701 facit

2171 1731 2317 1788 Pilus
2341 1741 2395 1788 et
2419 1732 2610 1787 Furins
2639 1733 2712 1804 (a)
2747 1774 2761 1796 ,
2790 1734 2879 1803 qui
2919 1744 3102 1790 contra
3142 1733 3398 1803 justitiam
3443 1734 3783 1806 iniustitiam

2171 1822 2561 1879 defenderunt?
2590 1825 2728 1893 Quid
2775 1825 2860 1880 hic
2898 1823 3024 1881 facit
3055 1824 3246 1882 atheus
3292 1825 3550 1898 Diagoras
3597 1829 3640 1893 ⁸,
3683 1830 3782 1900 qui

2169 1931 2290 1972 esse
2318 1918 2485 1973 Deum
2518 1919 2751 1988 negavit,
2796 1926 2853 1972 ut
2895 1917 2962 1973 de
3017 1917 3108 1972 illo
3156 1917 3397 1972 videatur
3442 1919 3784 1986 praedixisse

2171 2008 2449 2080 propheta.
2467 2008 2608 2063 Dixit
2626 2008 2869 2063 stultusin
2884 2008 3035 2062 corde
3052 2023 3165 2074 suo,
3190 2006 3312 2062 Non
3331 2017 3404 2063 est
3425 2006 3568 2063 Deus
3581 2007 3780 2080 (Psal.

2169 2115 2283 2167 χιιι,
2312 2097 2408 2173 l)?
2431 2099 2568 2169 Quid
2595 2099 2681 2155 hic
2705 2099 2793 2155 isti
2823 2098 3065 2154 faciunt?
3095 2099 3288 2169 thuid
3313 2100 3576 2155 nominati
3608 2112 3777 2165 sunt,

2169 2191 2270 2246 nisi
2297 2201 2354 2246 ut
2387 2190 2771 2247 intervenirent
2818 2207 2913 2260 pro
2943 2189 3159 2245 homine
3202 2205 3306 2244 non
3344 2190 3579 2246 habente
3630 2192 3780 2262 quid

2169 2282 2342 2347 dicat;
2368 2291 2427 2338 ut
2445 2282 2572 2338 dum
2600 2281 2670 2338 de
2695 2282 2782 2337 his
2809 2282 2998 2337 saltem
3023 2280 3222 2352 aliquid
3264 2281 3378 2336 sine
3417 2297 3581 2338 causa
3619 2282 3775 2339 dici-

2169 2380 2271 2439 tur,
2305 2375 2389 2446 agi
2417 2389 2576 2430 causa
2620 2373 2880 2439 videatur,
2908 2383 2964 2429 et
3003 2372 3069 2428 ad
3117 2371 3260 2443 quod
3303 2388 3410 2428 non
3432 2388 3770 2445 responsum

2167 2474 2270 2530 est,
2301 2480 2618 2535 responsum
2641 2481 2762 2521 esse
2788 2463 3078 2520 credatur?

2238 2555 2464 2612 CAPUT
2503 2555 2668 2612 XXII.
2709 2586 2781 2597 —
2815 2556 2905 2611 26.
2947 2556 3226 2612 Postremo
3268 2557 3312 2611 si
3357 2555 3464 2612 duo
3520 2557 3607 2612 vel
3655 2559 3769 2612 tria

2167 2648 2328 2705 verba
2353 2649 2474 2714 ista,
2512 2648 2648 2716 Quid
2673 2649 2738 2715 si,
2767 2657 2822 2703 et
2846 2647 3108 2711 Fortasse,
3137 2663 3307 2719 usque
3335 2647 3472 2704 adeo
3496 2658 3628 2704 sunt
3673 2651 3769 2704 in-

2167 2740 2489 2806 tolerabilia,
2515 2748 2574 2794 ut
2594 2749 2812 2810 propter
2833 2740 2920 2793 illa
2946 2739 3304 2795 excitarentur
3331 2739 3455 2794 olim
3482 2739 3771 2795 dormien-

2165 2841 2248 2890 tes
2278 2832 2602 2898 Academici,
2629 2841 2684 2886 et
2717 2829 3042 2899 Carneades,
3067 2839 3124 2886 et
3160 2832 3326 2898 Pilus,
3363 2841 3418 2889 et
3453 2833 3676 2901 Furius,
3708 2844 3769 2890 et

2167 2925 2444 2996 Diagoras,
2472 2932 2528 2979 et
2551 2924 2700 2979 nives
2746 2923 2928 2993 nigrae,
2984 2932 3038 2978 et
3069 2924 3222 2978 ruina
3262 2925 3407 2990 coeli,
3446 2934 3503 2980 et
3550 2935 3764 2982 extera

2166 3015 2416 3072 similiter
2457 3014 2641 3070 insana
2673 3023 2727 3069 et
2746 3012 3012 3080 absurda;
3042 3023 3418 3070 removeantur
3449 3015 3518 3072 de
3545 3017 3760 3074 medio.

2164 3108 2349 3178 Neque
2374 3108 2514 3163 cnim
2544 3121 2728 3163 revera
2755 3107 2873 3162 sine
2905 3106 2985 3161 his
3015 3121 3118 3162 non
3150 3118 3325 3177 potest
3351 3109 3456 3164 dici
3481 3109 3627 3179 quod
3661 3127 3765 3165 vo-

2164 3202 2360 3258 lumus.
2389 3202 2528 3257 Ecce
2559 3199 2755 3256 sufﬁcit
2778 3199 2918 3270 quod
2944 3200 3100 3270 paulo
3135 3211 3255 3271 post
3283 3202 3352 3257 ita
3384 3203 3618 3273 positum
3642 3212 3760 3269 est,

2165 3295 2308 3350 etab
2339 3296 2452 3364 ipso
2481 3311 2547 3349 ex
2577 3295 2709 3349 meis
2750 3295 2940 3350 litteris
2969 3295 3375 3365 interpositum:
3412 3295 3558 3351 Unde
3594 3298 3763 3369 igitur

2165 3387 2450 3444 abluendus
2470 3398 2542 3442 est
2563 3389 2647 3462 qui
2675 3389 2857 3457 accipit
2886 3387 3224 3459 Baptismum,
3249 3405 3360 3443 ειιηι
3378 3389 3544 3443 dantis
3571 3391 3760 3460 palla-

2165 3492 2216 3535 ta
2241 3481 2542 3536 conscientia
2561 3490 2668 3547 est,
2689 3492 2738 3534 et
2759 3481 2854 3535 hoc
2879 3481 2968 3535 ille
3000 3482 3086 3550 qui
3113 3491 3187 3535 est
3210 3491 3506 3552 accepturus
3544 3482 3759 3552 ignorat

2164 3572 2376 3644 (Supra,
2407 3572 2494 3626 lib.
2524 3573 2576 3639 1,
2594 3589 2710 3642 cap.
2727 3572 2780 3636 2,
2803 3589 2854 3626 η.
2873 3571 2972 3642 5)?
3002 3570 3204 3641 Nempe
3233 3572 3318 3628 hic
3344 3588 3448 3627 non
3470 3573 3588 3628 est?
3612 3575 3758 3641 Quid

2163 3666 2225 3729 si,
2255 3675 2307 3721 et
2330 3665 2587 3720 Fortasse.
2612 3665 3014 3735 Respondeatur
3037 3679 3182 3735 ergo.
3211 3664 3501 3732 Attendite,
3519 3681 3589 3721 ne
3611 3667 3755 3724 forte

2163 3759 2214 3813 in
2233 3774 2296 3814 eo
2311 3757 2452 3829 quod
2476 3759 2732 3829 sequitur,
2754 3757 2819 3812 ad
2843 3759 2941 3812 hoc
2965 3755 3305 3828 respondeat.
3326 3755 3430 3812 Sed
3449 3773 3536 3827 ego
3563 3765 3631 3823 te,
3663 3759 3754 3812 in-

2162 3852 2294 3922 quit,
2316 3851 2628 3906 cauillantem
2641 3852 2708 3904 ad
2723 3851 2874 3920 fidem
2894 3850 3124 3906 credendi
3141 3851 3448 3923 constringo,
3466 3868 3527 3905 ne
3538 3852 3752 3908 ulterius

2160 3945 2402 4015 congeris.
2429 3943 2564 4012 Quid
2581 3945 2887 4014 argumentis
2905 3943 3133 3998 stultitiae
3167 3943 3348 3997 avertis
3375 3942 3628 3998 erroribus
3663 3946 3748 3998 vi-

2164 4046 2266 4089 tam
2295 4035 2321 4088 ?
2353 4035 2475 4105 quid
2515 4034 2634 4103 ﬁdei
2652 4034 2897 4088 rationem
2915 4034 2979 4088 de
2992 4033 3137 4088 rebus
3155 4033 3527 4087 irrationalibus
3544 4035 3750 4088 turbas?

2164 4127 2278 4182 Hoc
2301 4142 2401 4181 uno
2437 4125 2584 4181 verbo
2617 4136 2663 4180 te
2690 4135 2831 4181 teneo
2875 4136 2921 4179 et
2972 4126 3234 4180 convinco.
3287 4124 3414 4180 Haec
3453 4124 3747 4181 Petilianus

2159 4220 2312 4287 dixit,
2357 4234 2461 4274 non
2490 4235 2609 4291 ego.
2661 4218 2764 4274 Ista
2813 4235 2878 4274 ex
2911 4219 3136 4288 epistola
3173 4217 3418 4274 Petiliani
3459 4225 3612 4282 sunt;
3644 4218 3742 4272 sed

2159 4315 2242 4370 cui
2265 4313 2423 4368 verba
2449 4312 2470 4346 ³
2495 4313 2605 4383 jam
2631 4312 2738 4367 duo
2765 4312 2854 4367 illa
2877 4353 2894 4378 ,
2926 4327 3044 4380 qua:
3075 4326 3160 4365 me
3195 4310 3481 4367 abstulisse
3514 4311 3740 4366 insimu-

2160 4407 2254 4470 lat.
2285 4405 2487 4470 addidi,
2515 4415 2568 4461 et
2595 4405 2937 4460 nihilominus
2963 4403 3170 4460 ostendi
3197 4404 3554 4476 inquisitionis
3581 4420 3734 4470 mem,

2159 4501 2243 4556 cui
2269 4488 2374 4555 non
2392 4497 2700 4570 reapondet,
2735 4497 2903 4553 multo
2933 4496 3147 4552 brevius
3171 4504 3226 4553 et
3263 4495 3542 4552 enodatius
3581 4494 3738 4550 ﬁxam

2158 4601 2300 4648 stare
2325 4591 2666 4649 sententiam.
2712 4589 2870 4647 Certe
2913 4589 3028 4645 haac
3069 4590 3158 4645 illa
3207 4589 3314 4645 duo
3355 4598 3500 4654 sunt,
3545 4598 3735 4656 sancte,

2159 4695 2212 4740 et
2235 4684 2436 4739 sciens:
2465 4693 2522 4737 ut
2549 4697 2653 4738 non
2694 4682 2762 4737 sit
2789 4680 3037 4737 videlicet
3065 4679 3373 4735 conscientia
3411 4679 3599 4741 dantis.
3641 4680 3740 4734 sed

2157 4776 2458 4831 conscientia
2477 4784 2648 4830 sancte
2666 4773 2868 4837 dantis;
2885 4782 2939 4828 et
2959 4787 3061 4828 non
3090 4773 3178 4839 sit,
3206 4772 3294 4843 qui
3319 4771 3472 4842 ﬁdem
3493 4789 3524 4825 a
3545 4771 3739 4842 perﬁdo

2157 4869 2446 4938 sumpserit,
2463 4868 2551 4923 sed
2574 4869 2660 4939 qui
2681 4867 2834 4937 ﬁdem
2857 4867 3017 4921 sciens
3031 4883 3062 4920 a
3091 4865 3285 4935 perfido
3302 4864 3587 4936 sumpserit.
3603 4865 3732 4934 Quae

2158 4963 2372 5035 quidem
2397 4961 2557 5018 verba
2605 4975 2712 5016 non
2751 4961 3140 5023 subtraxeram,
3183 4958 3276 5013 sed
3323 4959 3377 5013 in
3423 4956 3606 5013 codice
3647 4958 3735 5028 qui

2157 5057 2288 5112 mihi
2331 5055 2485 5111 datus
2528 5062 2645 5110 erat
2696 5067 2800 5108 non
2847 5053 3177 5107 inveneram.
3233 5048 3374 5105 Fieri
3422 5056 3597 5104 autem
3645 5065 3735 5119 po.

2160 5154 2265 5203 test
2291 5155 2352 5202 ut
2384 5145 2674 5202 mendosus
2719 5143 2877 5199 fuerit
2927 5159 2943 5195 :
2984 5156 3157 5212 neque
3211 5140 3353 5196 enim
3400 5148 3458 5196 et
3508 5138 3608 5195 hoc
3657 5142 3735 5194 in-

2224 5354 2241 5384 ι
2266 5355 2316 5399 In
2337 5355 2465 5408 Mss,
2481 5347 2560 5398 hic
2583 5353 2635 5408 et
2649 5344 2789 5404 infra,
2813 5342 2936 5408 loco,
2958 5340 3427 5408 Dtagoras,_legitur,
3440 5346 3728 5404 Protagoras.

2162 5419 2370 5476 Uterque
2387 5401 2562 5459 atticus
2583 5401 2843 5476 fuit,__tes_te
2863 5401 3096 5476 Ciceroue
3121 5404 3171 5453 in
3192 5401 3318 5454 libro
3339 5402 3405 5453 de
3428 5401 3601 5454 saturi
3625 5409 3733 5452 Deo-

2159 5467 2304 5536 rum;
2321 5480 2373 5524 et
2391 5472 2647 5536 lacunae,
2673 5469 2755 5518 lib.
2781 5469 2826 5527 1,
2849 5479 2959 5536 cap.
2980 5467 3026 5516 1.
3076 5525 3088 5536 .

2224 5537 2245 5568 ³
2269 5533 2378 5585 [.ov.
2404 5533 2461 5583 ad
2486 5533 2752 5587 marginem
2777 5542 2789 5578 :
2816 5548 2840 5575 ι
2860 5535 3019 5587 Forte,
3042 5533 3183 5578 vtam.
3207 5543 3229 5573 κ
3313 5535 3366 5575 ιι.

2224 5599 2245 5630 ³
2265 5599 2339 5647 Sic
2361 5604 2464 5646 Mss.
2484 5603 2541 5645 At.
2557 5588 2693 5648 editi.
2714 5590 2799 5643 sed
2822 5596 3006 5640 tantum
3025 5588 3184 5640 verba.

2223 5680 2295 5744 (a)
2317 5679 2486 5730 Confer
2507 5677 2592 5744 lib.
2614 5675 2725 5744 2de
2740 5675 2939 5744 civitate
2957 5675 3059 5744 Dei,
3079 5686 3186 5744 cap.
3212 5673 3264 5723 Si
3275 5686 3408 5744 ,Αριιο
3429 5670 3536 5723 loco
3555 5673 3730 5724 Ludovi-

2161 5735 2247 5794 cus
2268 5735 2410 5792 Vives
2433 5754 2494 5791 ex
2514 5739 2610 5789 Pilo
2626 5745 2676 5788 et
2696 5738 2833 5787 Furio
2855 5750 3004 5787 unum
3023 5735 3271 5787 hominem
3295 5735 3419 5785 facit.
