3792 6170
119 339 208 400 365
1440 315 1648 372 LIBER
1685 315 2002 374 TERTIUS.

123 459 260 516 ﬁdem
289 449 548 525 percipit,
595 445 690 504 sed
717 449 921 501 reatum
956 455 968 492 :
1002 445 1058 494 et
1102 433 1191 492 ille
1234 432 1366 490 mihi
1397 431 1686 504 respondet

123 523 488 603 discutiendum
533 553 653 597 esse
680 545 736 594 et
774 532 1159 606 baptizatcrem
1190 536 1245 582 et
1282 523 1685 597 baptizandum.

123 643 179 696 Et
202 639 261 694 ad
286 638 385 692 hoc
405 631 735 706 prehendunt
755 669 772 696 ,
803 626 944 683 unde
969 622 1194 696 quzestio
1218 619 1368 674 nulla
1393 625 1474 674 est
1493 658 1508 683 ,
1540 615 1687 671 adbi-

123 733 204 786 bet
227 705 522 798 exentplum
545 721 804 788 Joannis,
844 715 988 790 quod
1031 730 1154 771 eum
1180 709 1568 776 discusserint,
1603 705 1694 778 qui

123 823 183 878 ab
205 835 266 878 eo
291 818 618 890 quaesierunt
641 827 803 886 quem
830 825 892 870 se
917 822 1039 866 esse
1065 805 1268 862 diceret
1293 800 1470 874 (Joan.
1498 817 1541 869 ι,
1560 798 1693 870 22);

125 911 250 985 quod
274 911 389 982 ipse
417 923 626 981 quoque
645 901 962 962 discusserit
993 914 1090 956 eos
1111 897 1305 969 quibus
1328 895 1439 962 ait,
1471 890 1695 947 Genera-

127 1005 188 1059 tio
212 1003 522 1074 viperarum,
555 999 664 1068 quis
706 995 842 1051 vobis
865 991 1082 1048 ostendit
1107 990 1281 1062 fugere
1303 985 1366 1040 ab
1389 985 1470 1039 ira
1490 992 1699 1039 ventura

127 1094 320 1168 (Matth.
365 1097 456 1161 ιιι,
486 1091 584 1162 7)?
613 1087 750 1158 Quid
779 1085 883 1142 hoc
907 1083 974 1140 ad
997 1081 1152 1139 rem?-
1177 1077 1305 1154 quid
1331 1077 1434 1132 hoc
1462 1075 1530 1132 ad
1570 1089 1689 1131 cau-

126 1186 264 1244 sam?
287 1186 432 1242 Deus
455 1183 644 1240 Joanni
673 1178 1018 1252 perbibuerat
1040 1171 1403 1230 testimonium
1429 1167 1699 1226 excellen-

128 1283 328 1339 tissima:
372 1277 672 1336 sanctitatis
715 1272 994 1346 prophetia
1035 1266 1446 1340 praeclarissima
1495 1277 1700 1336 praece-

127 1378 292 1444 dente,
311 1385 366 1432 et
387 1372 602 1446 quando
618 1377 930 1439 conceptus,
949 1374 1003 1422 et
1027 1361 1239 1434 quando
1256 1367 1410 1416 natus
1437 1366 1537 1414 est.
1555 1356 1703 1424 Qua:-

127 1471 302 1527 rebant
322 1475 506 1524 autem
534 1465 611 1520 illi
629 1464 742 1536 jam
767 1459 1051 1518 credentes
1075 1470 1199 1512 esse
1224 1461 1489 1517 sanctum,
1517 1463 1704 1519 quem-

128 1580 236 1622 nam
260 1579 320 1620 se
341 1561 548 1618 diceret
587 1571 710 1615 esse
731 1561 1040 1614 sanctorum
1061 1591 1074 1615 ,
1104 1548 1190 1604 vel
1222 1556 1398 1602 utrum
1425 1544 1539 1615 ipse
1562 1548 1704 1599 esset

129 1664 326 1713 sanctus
341 1662 647 1710 sanctorqu
665 1647 809 1720 quod
823 1655 907 1702 est
922 1642 1169 1701 Christus
1183 1640 1358 1696 Jesus.
1379 1637 1544 1693 Tanta
1560 1634 1705 1708 quip-

131 1767 189 1823 pe
208 1751 374 1823 gratia
394 1751 410 1780 ¹
435 1747 511 1804 illi
535 1745 853 1810 habebatur,
868 1749 927 1796 ut
949 1738 1204 1796 continuo
1231 1733 1540 1790 crederetur
1555 1723 1707 1802 quid-

129 1844 243 1915 quid
265 1843 333 1899 de
356 1841 559 1911 seipse
588 1836 830 1894 dixisset.
858 1833 916 1890 Si
955 1839 1132 1888 autem
1159 1827 1262 1884 hoc
1287 1824 1534 1895 exemplo
1557 1836 1706 1883 asse.-

130 1913 251 1992 ritur
275 1934 501 2006 quilibet
529 1943 670 1986 nunc
694 1923 1062 1983 discutiendus
1081 1936 1202 1979 esse
1243 1917 1470 1989 baptista
1495 1956 1510 1983 ,
1555 1913 1711 1986 quid-

130 2028 242 2098 quid
264 2027 331 2083 de
358 2039 421 2082 se
445 2023 673 2095 quisque
714 2017 943 2084 dixerit,
974 2011 1274 2072 credendus
1300 2010 1427 2066 erit.
1456 2007 1590 2077 Quis
1628 2013 1711 2063 est

130 2129 291 2177 autem
318 2120 480 2176 ﬁctus
497 2159 514 2187 ,
540 2130 700 2187 quem
733 2111 869 2182 fugit
895 2109 1079 2180 utique
1097 2147 1114 2175 ,
1143 2104 1282 2161 sicut
1305 2101 1563 2172 scriptum
1588 2107 1674 2156 est
1691 2139 1707 2165 ,

130 2214 343 2286 Spiritus
363 2221 584 2270 sanctus
599 2208 756 2280 (Sap.
779 2222 818 2272 ι,
836 2204 916 2276 5),
935 2196 1064 2274 quin
1078 2200 1147 2258 de
1166 2215 1225 2255 se
1239 2197 1440 2269 optime
1460 2193 1602 2250 credi
1621 2207 1712 2248 ve-

131 2309 200 2376 lit,
216 2317 368 2378 atque
389 2305 448 2361 id
471 2312 594 2375 agat
617 2301 808 2373 quibus
826 2297 1006 2354 verbis
1031 2291 1294 2366 potuerit?
1311 2289 1428 2345 iam
1445 2301 1574 2358 ergo
1590 2300 1710 2342 cum

133 2403 276 2457 fuerit
300 2402 666 2470 interrogatus
689 2394 934 2466 quisnam
957 2391 1050 2456 sit,
1070 2396 1127 2444 et
1148 2381 1489 2456 responderit
1512 2395 1574 2436 se
1591 2392 1714 2442 esse

133 2495 217 2551 Dei
254 2493 469 2550 ﬁdelem
495 2469 922 2561 dispensatorem
941 2524 956 2550 ,
989 2493 1090 2538 nec
1132 2477 1446 2548 cujusquam
1475 2469 1713 2528 criminis

134 2596 320 2652 macula
357 2593 620 2666 pollutam
658 2587 858 2643 habere
882 2578 1300 2641 conscientiam;
1334 2573 1450 2628 Ιιωο
1477 2569 1580 2626 erit
1605 2576 1715 2624 tota

133 2660 378 2744 discessio
398 2727 415 2753 ,
447 2699 516 2740 an
540 2682 700 2738 etiam
727 2691 904 2734 mores
927 2674 1048 2744 ejus
1085 2678 1140 2726 et
1165 2669 1273 2726 vita
1295 2662 1602 2736 diligentius
1630 2660 1714 2714 in-

133 2782 312 2839 tuentla
349 2751 475 2838 est?
501 2777 579 2833 lta
603 2787 738 2831 sane
765 2789 780 2826 :
813 2769 909 2828 sed
935 2782 1043 2823 non
1072 2765 1176 2820 hoc
1196 2764 1218 2795 '
1248 2759 1507 2830 scriptum
1530 2763 1613 2810 est
1639 2751 1718 2809 le-

135 2877 258 2932 cisse
281 2876 424 2942 illos,
446 2871 540 2944 qui
553 2869 816 2926 Joamem
840 2864 896 2920 in
920 2861 1137 2918 deserto
1153 2852 1401 2913 iordanis
1426 2850 1714 2918 interroga-

137 2977 311 3025 verunt
336 2965 463 3038 quis
487 2969 650 3020 esset.

195 3032 416 3118 CAPllT
459 3050 632 3112 XXX.
652 3077 724 3094 --
743 3051 832 3108 '55.
863 3044 1019 3105 Unde
1035 3043 1140 3099 hoc
1167 3038 1470 3108 eromnlum
1495 3032 1563 3090 ad
1585 3046 1700 3088 rem

137 3158 197 3214 de
220 3171 320 3229 qua
347 3154 527 3228 agitur
553 3148 776 3206 omnino
812 3157 922 3200 non
947 3138 1198 3212 pertinet.
1231 3131 1396 3203 Magis
1423 3125 1715 3229 apostolica

139 3252 219 3308 illa
237 3219 509 3308 senteiitia
537 3245 670 3303 satis
689 3242 830 3297 hanc
855 3235 1045 3293 incutit
1071 3245 1288 3295 curam;
1315 3226 1409 3284 ubi
1437 3224 1514 3280 ait
1544 3240 1555 3276 :
1583 3219 1718 3276 Pro-

138 3346 297 3401 benttrr
315 3344 564 3416 primum,
585 3346 632 3393 et
650 3338 721 3392 sic
746 3332 1031 3388 ministrent
1049 3325 1251 3382 unum
1272 3320 1462 3377 crimen
1487 3315 1721 3370 habentes

140 3439 176 3512 (1
198 3415 326 3494 Tim.
359 3453 442 3504 ιιι,
464 3431 576 3506 10).
607 3428 759 3500 Quod
787 3437 912 3484 cum
935 3421 1160 3480 sollicite
1181 3432 1246 3472 ac
1291 3415 1358 3472 de
1385 3426 1537 3469 more
1575 3417 1723 3465 utro-

137 3501 281 3603 bique
309 3501 454 3602 pene
574 3523 824 3581 omnibus
851 3519 976 3583 ﬂat;
1019 3513 1164 3572 unde
1190 3520 1296 3567 tam
1329 3506 1484 3563 multi
1509 3501 1723 3574 reprobi

140 3598 247 3695 post
269 3598 487 3694 tempus
533 3625 697 3690 gesta:
725 3607 1140 3684 dispensationis
1166 3603 1325 3674 hujus
1349 3598 1556 3656 inventi
1575 3602 1720 3664 sunt,

139 3691 231 3774 nisi
253 3691 464 3790 quia—et
507 3713 738 3768 humana
784 3703 1054 3776 diligentia
1079 3699 1390 3771 plerumque
1421 3691 1638 3754 lallitur,
1665 3695 1722 3744 et

141 3777 370 3864 nonnulli
433 3804 668 3876 primum
715 3795 845 3854 boni
899 3796 955 3851 in
1009 3790 1244 3848 deterius
1285 3777 1723 3842 commutantur?

141 3899 259 3969 Quae
295 3874 562 3956 cum-tam
607 3891 796 3949 crebro
846 3885 1111 3951 accidant,
1163 3891 1225 3937 ut
1269 3874 1606 3935 dissimulare
1638 3879 1729 3927 aut

142 3965 373 4050 oblivisci
399 3989 672 4046 neminem
692 3985 869 4039 sinant
893 3997 907 4047 ;
933 3976 1060 4050 quid
1075 3983 1158 4032 est
1183 3971 1324 4045 quod
1345 3965 1730 4027 contumeliose

144 4099 234 4141 nos
257 4082 496 4140 breviter
517 4077 677 4134 docet
698 4073 1010 4136 Petiliauus,
1037 4083 1070 4122 a
1093 4061 1411 4136 baptizando
1436 4057 1731 4116 discutien-

145 4175 262 4230 dum
306 4189 432 4231 esse
461 4170 783 4242 baptistatn,
842 4161 1092 4235 quoniam
1136 4155 1428 4229 quatrimus
1473 4149 1614 4208 unde
1660 4147 1732 4204 sit

146 4268 451 4342 accipientis
521 4241 783 4318 abluenda
851 4251 1216 4317 conscientia,
1277 4262 1402 4304 cum
1463 4241 1730 4302 maculosa

146 4379 244 4419 non
271 4369 462 4419 sancte
507 4355 681 4411 dantis
726 4349 932 4407 occulta
971 4354 1072 4412 est,
1100 4343 1147 4400 si
1175 4337 1500 4398 conscientia
1547 4340 1732 4391 sancte

148 4458 311 4514 dantis
368 4453 692 4518 attenditur,
757 4461 877 4519 quae
942 4443 1122 4500 abluat
1187 4430 1534 4506 accipientis?
1599 4427 1734 4496 Quia

150 4553 362 4623 intelligo
420 4559 507 4615 te,
554 4545 757 4616 inquit,
805 4541 1042 4611 ignorare
1098 4533 1346 4590 ordinem‘
1377 4521 1729 4589 Sacramenti,

151 4643 235 4697 hoc
255 4615 340 4697 tibi
371 4641 584 4696 breviter
604 4615 739 4703 dico,
764 4641 809 4688 et
839 4641 893 4684 tu
921 4627 1193 4700 baptistam
1220 4623 1489 4684 discutere,
1517 4625 1564 4672 et
1593 4615 1654 4669 ab
1676 4629 1733 4669 eo

153 4736 322 4790 discuti
353 4731 593 4787 debuisti.
641 4728 686 4783 0
728 4719 1093 4794 responde-re!
1137 4717 1467 4772 Circumstat
1486 4708 1646 4765 eum3
1676 4707 1733 4763 in

153 4836 248 4881 tam
277 4825 463 4880 multis
486 4822 617 4877 locis
643 4827 784 4874 tanta
812 4813 1090 4871 hominum
1108 4804 1414 4871 multitudo,
1436 4817 1554 4873 quae
1573 4797 1737 4869 bapti-

152 4929 257 4974 zata
286 4928 371 4975 est
402 4915 473 4971 ab
493 4915 572 4971 eis
592 4912 684 4985 qui
710 4925 833 4967 cum
856 4907 1006 4979 prius
1021 4903 1150 4975 justi
1174 4910 1230 4958 et
1255 4898 1386 4956 casti
1408 4895 1732 4960 viderentur,

154 5019 329 5081 postea
356 5007 570 5064 nudatis
588 5001 903 5060 criminibus
927 4995 1159 5054 convicti
1182 5001 1342 5063 atque
1362 4985 1554 5059 deiecti
1580 4991 1733 5050 sunt;

154 5076 203 5154 ct
227 5117 284 5157 se
309 5107 464 5172 putat
483 5095 712 5154 evadere
740 5091 900 5164 hujus
948 5083 1379 5158 interrogationis
1406 5076 1732 5143 violentiam,

155 5210 248 5264 qua
275 5171 567 5266 quaerimus
591 5188 734 5245 unde
762 5186 1008 5242 abluatur
1037 5178 1350 5251 accipientis
1389 5171 1735 5240 conscientia,

157 5262 360 5360 quando
413 5284 742 5343 maculosam
796 5294 908 5336 non
952 5283 1139 5334 sancte
1193 5270 1369 5328 dantis
1422 5268 1650 5338 ignorat,
1689 5262 1739 5318 si

158 5357 482 5442 conscientia
506 5385 694 5438 sancte
716 5372 896 5433 dantis
920 5367 1235 5436 attenditur,
1252 5379 1371 5436 quae
1385 5361 1569 5419 abluat
1595 5357 1736 5417 acci-

219 5585 234 5617 ¹
260 5585 461 5648 Optimze
497 5586 628 5648 uotae
665 5573 978 5648 Floriacertsis
1014 5566 1173 5621 codex
1191 5567 1326 5617 caret
1364 5571 1504 5621 voce,
1544 5555 1740 5623 gratia:

160 5633 287 5709 cujus
298 5633 416 5696 rloco
429 5633 554 5696 ferte
577 5638 861 5709 legendﬁlmi
883 5633 1023 5709 βάεὲξ

219 5689 411 5760 HTd-ivli;
424 5689 491 5758 ita
505 5689 748 5756 animo.
765 5689 894 5758 hoc}
905 5697 1097 5760 eruisse,
1115 5689 1218 5743 sed.

220 5773 240 5804 ³
765 5740 1198 5829 attigi—{itii
1206 5759 1306 5829 nec
1322 5740 1744 5829 W‘rWd‘:

161 5813 429 5907 attigisti}
449 5813 654 5884 eui-min
682 5832 781 5877 tam
818 5813 1008 5885 inultis,
1034 5823 1129 5872 etc.
1166 5813 1464 5878 castigantur
1490 5822 1556 5864 ex
1577 5817 1746 5864 mann-

161 5904 356 5960 M‘lplts.

3273 322 3382 382 566

1803 432 2035 503 pientis;
2077 431 2196 502 quia
2245 428 2477 486 breviter
2531 423 2894 490 discutiendus
2950 440 3093 492 esset
3130 434 3382 510 baptista.

1801 524 1940 584 Nihil
1967 523 2247 590 infelicius,
2275 539 2432 596 quam
2461 539 2565 580 non
2597 527 2901 584 consentire
2928 528 3154 597 veritati,
3185 547 3286 604 qua
3316 534 3384 588 ita

1801 618 2027 690 quisque
2053 617 2406 683 concluditur,
2456 628 2514 672 ut
2539 619 2737 678 exitum
2784 623 3025 678 invenire
3063 639 3168 679 non
3198 627 3385 695 possit.

1804 709 2102 778 Quaerimus
2130 724 2162 763 a
2193 724 2298 781 quo
2324 710 2550 779 accipiat
2574 711 2754 779 fnlem,
2786 714 2876 785 qui
2903 715 3148 772 nesciens
3171 732 3200 770 τι
3231 721 3391 788 perli-

1803 804 1874 862 do
1900 804 2217 878 baptizatur.
2241 804 2640 878 Respondetur,
2666 805 2927 864 Discutere
2947 809 3116 865 debuit
3157 811 3388 885 baptiza-

1805 910 1962 960 torcm
2002 918 2171 957 suum.
2224 900 2370 972 Ergo
2415 892 2543 974 quia
2577 917 2686 958 non
2729 903 2945 960 discutit
2989 921 3111 963 cum
3139 918 3192 962 ct
3231 908 3389 964 ﬁdem

1805 995 1966 1052 etiam
1991 993 2236 1052 nesciens
2275 993 2439 1050 sumit
2463 1009 2496 1050 a
2542 995 2769 1067 perﬁdo,
2800 1013 2909 1053 non
2941 997 3099 1056 ﬁdem
3139 1002 3391 1073 percipit,

1807 1087 1904 1145 sed
1928 1088 2174 1146 reatum?
2203 1087 2310 1145 Cur
2331 1088 2512 1164 itaque
2539 1104 2650 1148 non
2663 1090 2840 1148 denuo
2885 1091 3237 1164 baptizantur,
3262 1111 3396 1165 quos

1806 1200 1838 1242 a
1860 1183 2082 1256 proditis
2101 1191 2260 1256 atque
2279 1184 2558 1254 convictis,
2587 1201 2712 1244 cum
2739 1185 2914 1246 adhuc
2937 1186 3188 1257 laterent,
3219 1188 3398 1260 bapti-

1807 1286 1956 1334 zatos
1979 1291 2098 1337 esse
2120 1277 2454 1338 constiterit?

1880 1373 2105 1432 CAPUT
2133 1373 2330 1434 XXXI.
2349 1375 2526 1434 ~55.
2552 1375 2626 1431 Et
2652 1377 2741 1434 ubi
2766 1387 2864 1447 est,
2879 1377 3066 1450 inquit,
3093 1381 3228 1452 quod
3246 1380 3399 1435 addi-

1811 1467 1886 1536 di,
1908 1469 2107 1535 sciens;
2137 1477 2312 1526 utnon
2331 1469 2568 1538 dicerem,
2604 1470 2703 1538 Qui
2723 1472 2878 1541 ﬁdem
2897 1490 2932 1527 a
2951 1473 3148 1544 perﬁdo
3174 1487 3402 1547 atmpseo

1807 1563 1877 1618 rit
1907 1579 1922 1618 :
1949 1562 2062 1630 sed,
2108 1561 2212 1628 Qui
2246 1562 2402 1633 [idem
2436 1565 2599 1622 sciens
2642 1581 2676 1618 a-
2711 1565 2910 1635 perﬁdo
2947 1567 3254 1636 santpserit,
3297 1583 3401 1623 non

1811 1655 1966 1727 ﬁdem
1993 1657 2236 1728 percipit,
2259 1657 2350 1712 sed
2376 1658 2607 1712 reatum?
2635 1658 2882 1728 Percepit
2907 1673 3038 1730 ergo
3080 1659 3263 1728 ﬁdem,
3292 1674 3402 1715 non

1811 1759 2045 1817 reatum,
2069 1748 2162 1821 qui
2189 1749 2432 1807 nesciens
2459 1751 2684 1820 sumpsit
2703 1765 2732 1804 a
2748 1748 2957 1821 perﬁdo
2984 1767 2998 1805 ε
3025 1758 3080 1805 et
3101 1750 3227 1808 ideo
3249 1765 3402 1821 qua.

1811 1857 1880 1898 ro
1905 1841 2044 1898 unde
2069 1844 2390 1914 perceperit.
2412 1841 2513 1899 Ubi
2541 1850 2844 1900 coarctatae
2865 1842 3154 1913 respondet
3173 1883 3192 1909 ,
3217 1842 3404 1899 Discu-

1813 1944 1915 1992 tcre
1937 1936 2128 1992 deberit.
2177 1936 2333 2004 Esto,
2367 1935 2552 1994 debuit
2581 1955 2594 1990 :
2625 1948 2736 1992 non
2759 1935 3018 2004 fcdt,a-ut
3045 1951 3157 1992 non
3198 1936 3400 2002 valuit;

1815 2029 1944 2101 quid
1968 2029 2036 2086 de
2062 2030 2154 2085 illo
2180 2029 2455 2086 cometis?
2482 2028 2710 2085 Ablutns
2747 2036 2852 2096 est,
2877 2043 2946 2084 an
2995 2029 3146 2087 non?
3171 2029 3228 2086 Si
3252 2028 3404 2084 ablu-

1817 2132 1902 2180 tus
1923 2133 2028 2192 est,
2054 2139 2236 2196 qurere
2277 2123 2464 2180 unde?
2511 2123 2627 2180 Non
2665 2123 2811 2180 enim
2831 2136 2956 2178 eum
2999 2124 3269 2180 articulosa
3296 2137 3403 2179 non

1818 2227 2006 2273 aucte
2060 2216 2237 2273 dantis
2287 2216 2638 2282 conscientia,
2675 2230 2836 2287 quam
2879 2215 3136 2283 nescivit,
3185 2214 3406 2271 abluere

1818 2311 2008 2382 potuit.
2039 2309 2097 2366 Si
2119 2319 2296 2366 autem
2325 2325 2431 2367 non
2471 2315 2560 2366 est
2582 2309 2820 2376 nbilitas,
2842 2309 3027 2379 iubete
3053 2315 3114 2364 ιιι
3135 2307 3404 2364 abluatur.

1817 2379 1935 2460 Non
1960 2401 2160 2475 iubetis
2188 2421 2201 2460 :
2231 2419 2366 2476 ergo
2404 2403 2615 2462 ablutus
2659 2410 2762 2458 est.
2791 2401 2984 2469 Dicite,
3012 2400 3190 2456 unde?
3237 2379 3416 2457 Dicite~

1818 2498 2010 2559 saltem
2039 2513 2154 2565 vos,
2180 2497 2324 2569 quod
2355 2498 2446 2553 ille
2468 2512 2576 2556 non
2603 2496 2756 2553 dixit.
2786 2494 2988 2552 Eadem
3020 2495 3218 2567 quippe
3242 2495 3410 2552 verba

1820 2604 2086 2662 propono,
2124 2590 2316 2660 quibus
2353 2589 2683 2660 respondere
2736 2603 2846 2645 non
2893 2589 3082 2660 potuit.
3132 2587 3268 2644 Ecce
3309 2597 3412 2644 stat

1821 2682 2046 2755 perﬁdus
2072 2681 2417 2754 baptizatum;
2436 2699 2453 2746 ;
2475 2691 2528 2736 at
2553 2682 2642 2738 ille
2670 2682 2757 2751 qui
2786 2681 3123 2752 baptizandus
3149 2689 3242 2748 est,
3289 2697 3410 2752 per-

1821 2776 2000 2846 ﬁdiam
2027 2778 2139 2847 ejus
2159 2776 2358 2848 ignorat
2389 2791 2407 2830 .'
2430 2774 2553 2844 quid
2573 2790 2686 2830 eum
2713 2783 3039 2843 accepturum
3058 2789 3164 2828 esse
3191 2771 3412 2826 arbitra-

1823 2868 1968 2934 mini,
1995 2877 2166 2922 utrum
2186 2867 2363 2937 ﬁdem,
2388 2884 2458 2924 an
2484 2875 2680 2920 reatum
2723 2865 2740 2937 (
2769 2863 2967 2936 Supra,
2999 2865 3091 2920 lib.
3127 2866 3186 2933 l,
3203 2881 3321 2936 cap.
3347 2864 3407 2932 2,

1823 2979 1878 3016 ιι.
1898 2959 1992 3031 2)?
2023 2959 2308 3016 Sufﬁciunt
2335 2959 2440 3014 huc
2477 2973 2642 3030 usque
2670 2958 2942 3028 proposita
2966 2958 2981 2989 ι
3007 2974 3023 3012 :
3067 2957 3409 3028 respondete,

1823 3062 1917 3112 aut
1943 3054 2163 3124 qttaarite
2191 3051 2471 3122 diligenter
2490 3051 2616 3122 quid
2644 3050 2732 3106 ille
2755 3049 3110 3120 responderit.
3126 3048 3415 3106 invenietis

1820 3148 1984 3204 etiam
2009 3147 2251 3204 convicta
2278 3144 2515 3202 con-vicia
2533 3145 2578 3196 '.
2607 3142 2795 3214 Culpat
2819 3143 2961 3198 enim
2980 3158 3086 3211 me,
3100 3142 3253 3214 quasi
3278 3141 3414 3198 deri-

1824 3241 1986 3305 dens,
2012 3239 2146 3311 quod
2171 3238 2461 3294 verisimilia
2510 3253 2813 3308 proponam,
2845 3238 2932 3307 qui
2959 3254 3062 3292 non
3087 3237 3284 3292 videam
3327 3253 3413 3296 ve-

1826 3336 2046 3390 ritatem.
2075 3332 2336 3402 Repetitis
2361 3331 2522 3388 etiam
2552 3331 2732 3387 verbis
2753 3330 2886 3387 meis
2915 3339 2970 3387 ct
2992 3330 3265 3386 dimidiata
3281 3346 3414 3387 scu-

1829 3427 2014 3493 tentia,
2044 3423 2415 3495 Dicis,inquit,
2448 3422 2583 3478 Ecce
2625 3431 2725 3476 stat
2767 3421 2991 3493 perﬁdus
3038 3420 3410 3491 baptizatwrus,

1828 3529 1881 3576 ot
1927 3518 2015 3574 ille
2063 3517 2148 3588 qui
2196 3515 2531 3587 baptiaandus
2571 3524 2644 3572 est
2702 3514 2970 3585 perﬁdiam
3021 3514 3134 3584 ejus
3187 3514 3412 3585 ignorat.

1829 3615 2033 3674 Deinde
2081 3612 2371 3683 annungn,
2411 3610 2538 3677 Quia
2584 3618 2657 3666 est
2693 3610 2805 3674 ne,
2837 3617 2925 3662 aut
2964 3607 3096 3663 unde
3131 3605 3407 3678 prosiluit?

1830 3707 1996 3779 Quasi
2029 3721 2165 3764 unus
2185 3707 2258 3763 sit
2284 3713 2378 3761 aut
2395 3703 2528 3772 duo,
2553 3711 2610 3760 et
2636 3717 2744 3760 non
2777 3701 2972 3759 talibus
2991 3700 3274 3772 utrobique
3297 3701 3414 3771 ple—

1833 3821 1900 3862 na
1925 3809 2034 3862 sint
2070 3801 2268 3858 omnia.
2299 3799 2440 3869 Quid
2482 3815 2552 3856 ex
2601 3813 2689 3855 me
2715 3797 2906 3870 (μω-ιι
2929 3797 3174 3868 quisnam
3202 3797 3270 3852 sit
3295 3796 3416 3864 iste,

1833 3910 1926 3956 aut
1947 3898 2091 3955 unde
2109 3896 2388 3968 prosiliat;
2416 3908 2480 3950 ac
2513 3909 2622 3950 non
2644 3893 2822 3964 potius
2845 3891 3230 3963 circumspicit,
3253 3898 3310 3946 et
3332 3890 3416 3948 vi-

1834 3995 1927 4050 det
1951 4007 2102 4048 raras
2126 4005 2252 4046 esse
2276 3988 2570 4052 Ecclesiae,
2601 3987 2686 4042 vel
2721 3987 2773 4041 in
2804 3985 3046 4052 urbi-bus,
3089 3984 3173 4039 vel
3205 3983 3260 4038 in
3278 3983 3422 4038 ruri-

1836 4086 1956 4154 bus,
1981 4099 2101 4156 qum
2129 4097 2236 4138 non
2278 4081 2506 4137 habeant
2541 4080 2595 4134 in
2643 4077 2954 4133 criminibus
2999 4077 3260 4143 detectas,
3297 4084 3353 4130 et
3389 4092 3422 4130 a

1803 4209 1806 4212 ι
1835 4179 2088 4237 clericatu
2121 4177 2360 4247 deiectos
2385 4171 2670 4228 homines?
2709 4169 2842 4225 Cum
2870 4169 3114 4233 laterent,
3147 4167 3424 4237 bonosque

1837 4288 1896 4329 se
1919 4270 2086 4327 videri
2131 4269 2332 4325 vellent
2377 4281 2498 4321 cum
2543 4263 2667 4318 mnli
2710 4269 2912 4327 essent,
2942 4270 2996 4316 et
3042 4269 3219 4316 castos
3245 4261 3421 4330 putari

1836 4381 1962 4423 cum
1987 4372 2168 4420 essent
2186 4359 2432 4423 adulteri,
2457 4369 2648 4426 ncntpc
2673 4354 2784 4409 ﬁcti
2810 4362 2990 4418 erant;
3017 4367 3208 4423 nempe
3247 4352 3422 4423 spari-

1841 4470 1922 4516 tus
1943 4465 2156 4514 sanctus
2181 4466 2295 4518 eos,
2329 4451 2467 4506 sicut
2486 4448 2744 4517 scriptum
2768 4455 2870 4512 est,
2894 4443 3148 4515 fugiebat.
3181 4443 3262 4498 Ex
3288 4445 3425 4501 isto-

1840 4568 1958 4610 rum
1989 4563 2116 4621 ergo
2139 4545 2314 4603 adhuc
2341 4541 2662 4598 [nutantium
2696 4538 2849 4594 turbo
2877 4535 3120 4607 prosiluit
3138 4535 3230 4592 ille
3258 4537 3423 4606 peri-

1841 4647 1940 4703 dus
1978 4657 2140 4714 quem
2185 4634 2436 4710 proposui
2470 4651 2482 4688 :
2511 4631 2637 4705 quid
2660 4647 2724 4688 ex
2753 4645 2839 4686 me
2862 4629 3052 4700 quaerit
3088 4627 3231 4684 unde
3253 4630 3427 4699 prosi-

1842 4739 2019 4808 luerit,
2048 4734 2299 4793 claudens
2319 4731 2502 4788 oculos
2530 4727 2788 4783 adversus
2810 4731 3012 4778 tantum
3031 4722 3260 4790 turbam,
3285 4723 3429 4780 unde

1842 4837 1887 4893 si
1906 4835 2005 4892 soli
2031 4831 2431 4888 considerentur
2455 4826 2541 4896 qui
2559 4821 2799 4880 convinci
2827 4817 3090 4890 dejicique
3112 4827 3425 4889 potuerunt,

1843 4929 2049 4988 sonitus
2076 4939 2260 4982 eorum
2282 4918 2476 4978 sufﬁcit
2499 4916 2656 4973 caecis
2679 4914 2702 4968 ἲ

1913 5017 2140 5079 CAPUT
2173 5012 2385 5072 XXXII.
2415 5042 2485 5053 -—
2511 5009 2601 5065 57.
2629 5005 2787 5073 Quid,
2817 5001 2960 5076 quod
2997 5001 3160 5059 etiam
3190 5003 3304 5074 ipse
3333 5018 3431 5074 po-

1845 5117 1952 5174 suit
1980 5115 2032 5170 in
2062 5107 2296 5182 Epistola
2335 5120 2450 5172 sua,
2495 5098 2905 5170 Qtrodvtttttletm
2928 5096 2992 5150 de
3015 5093 3210 5150 duobus
3233 5095 3431 5149 adulte-

1845 5213 1936 5267 riis
1963 5207 2101 5281 apud
2128 5219 2214 5260 vos
2239 5201 2516 5256 convictum
2543 5207 2588 5251 et
2616 5195 2884 5264 abicerent,
2915 5207 2951 5245 tt
2973 5190 3156 5246 nostris
3180 5203 3287 5245 esse
3313 5199 3428 5244 sits-

1847 5315 2048 5378 ceptum
2078 5299 2185 5372 (tt)?
2211 5293 2348 5364 Quid
2401 5305 2528 5362 ergo
2574 5289 2710 5362 (sine
2739 5287 2894 5357 hujus
2923 5284 3234 5378 prtejudieio
3273 5283 3426 5338 dixe-

1847 5371 1971 5465 rim,
2022 5371 2112 5465 qui
2159 5400 2372 5445 causam
2419 5397 2568 5439 suam
2621 5380 2815 5436 bonam
2859 5377 2942 5433 vel
3016 5371 3291 5447 probavit,
3343 5374 3430 5429 vel

1851 5485 2166 5564 persuasit),
2212 5479 2367 5547 talcs_
2390 5475 2528 5548 apud
2578 5487 2676 5530 vos
2724 5469 2964 5527 nondum
3007 5466 3206 5525 detecti
3235 5507 3251 5534 ,
3307 5479 3428 5522 cum

1916 5608 1931 5640 ι
1957 5603 2029 5655 sic
2051 5609 2154 5650 Mss.
2182 5602 2236 5646 At
2261 5592 2396 5654 editi,
2421 5589 2580 5655 adhuc
2604 5585 2860 5655 proposita.

1915 5670 1936 5702 ι
1957 5644 2157 5717 {alii
2182 5644 2434 5708 invenietis
2456 5653 2561 5716 ejus
2581 5644 2792 5717 convicta

1917 5708 2432 5793 (ej-uew'necipicndis
2463 5708 2817 5793 bonatistarun‘t
2859 5708 3081 5793 clericis.
3091 5710 3295 5793 1servato
3334 5719 3436 5793 Eua

1855 5766 2619 5870 cuiﬁigjfodoi-Liretaining.
2653 5771 2905 5826 concilium
2942 5769 3024 5820 die
3051 5767 3122 5837 13
3141 5766 3439 5833 septcmbns

1855 5853 1968 5912 anni
1991 5853 2095 5906 401.
