3812 6142
355 351 473 418 367

1207 332 1484 395 CONTRA
1519 314 1860 389 LITTERAS
1897 311 2261 384 PETILIANI,
2302 312 2362 371 S.
2393 305 2766 370 AUGUSTINI

3557 297 3678 359 369

362 467 655 540 baptizant,
701 458 830 534 quid
858 457 926 514 ab
966 454 1045 512 eis
1093 451 1372 522 accipitur,
1423 445 1580 511 fides,
1633 457 1702 498 an
1731 433 1951 496 reatus?
2063 430 2224 487 verba
2255 430 2307 485 in
2333 426 2521 486 eodem
2550 425 2754 498 psalmo
2781 421 3060 496 praemissa
3085 419 3353 494 superius.
3381 419 3475 478 Sic
3507 420 3678 478 enim

1544 538 1552 540 _
1654 535 1666 540 -
1909 536 1917 540 .
2070 523 2134 540 -ο.
2162 539 2167 540 ,
2206 519 2292 540 ελ--
2310 518 2500 540 ___.s-L:.
2524 534 2600 540 ..4-
2629 517 2790 540 .‘-.-a-.-
2809 516 2861 540 2..
2887 513 3235 540 ...2--..2--...Ιέ-
3281 523 3324 540 ,ο
3355 522 3531 540 -..ηηιι
3554 528 3640 540 ...Α
3659 525 3678 539 ε

363 513 482 620 Noli)
508 561 690 630 utique
705 513 866 617 fides;
894 549 1016 622 quia
1037 561 1143 604 non
1164 513 1366 601 habent
1376 535 1758 597 conscientiam
1773 536 1959 588 sancte
2064 523 2172 578 ait:
2197 518 2500 576 Emendabit
2521 534 2601 573 me
2616 517 2790 588 justus
2807 516 2863 570 in
2887 513 3254 582 misericordia,
3276 523 3324 570 et
3350 522 3531 585 arguet
3553 528 3640 567 me
3654 525 3682 578 ;

367 608 928 722 dan-tis,'quieabluatl
934 639 1264 712 accipientis.
1281 634 1388 692 Sed
1409 647 1508 688 nec
1523 638 1725 694 reatus,
1744 633 1960 697 propter
2066 617 2122 672 ot.

2143 631 2233 670 um
2276 622 2446 668 autem
2493 610 2770 684 peccatoris
2820 624 2922 664 non
2970 608 3250 680 impinguet
3296 615 3449 677 caput
3496 619 3684 659 meum

2143 706 2160 722 ι
2227 707 2240 722 ι
2296 721 2301 722 ,
2360 721 2367 722 κ
2427 705 2458 722 ν
2486 702 2502 722 \
2555 702 2690 722 .\__9J
2722 701 2818 722 ι--
2850 701 3105 722 --_.-_.:-
3144 698 3378 722 -I-_2---O
3402 697 3525 722 ...ΞΔ
3559 695 3651 722 Α..ρὲ

1106 732 1248 790 Nam
1271 729 1356 802 qui
1385 727 1539 798 ﬁdem
1561 695 1771 779 sciensa
1799 715 1959 810 ρπβ·
2067 706 2258 810 (Paci.
2280 721 2403 810 cat-1:,
2425 705 2460 762 5
2553 702 2693 808 Quid
2722 701 2824 760 hac
2848 701 3110 758 sententia
3139 698 3378 756 clarius?
3397 697 3528 769 quid
3556 695 3686 752 evi-

1097 788 1330 900 percipit,
1376 788 1464 876 bed
1489 826 1706 874 reatum.
1733 788 1815 868 Ab
1843 808 1962 866 istis
2067 799 2318 859 dentius?
2341 797 2539 855 Mavult
2565 795 2711 852 enim
2736 809 2796 851 se
2817 807 3008 865 aspera
3032 789 3408 849 emendatione
3426 788 3562 860 justi
3585 803 3688 844 ar-

1617 908 1628 912 -
1743 904 1763 912 -
1798 905 1812 912 -
1948 909 1957 912 _
2079 895 2160 912 μη·
2188 888 2612 912 __9_-_:--_.|:.-_
2634 896 2690 912 ..ι
2717 894 2936 912 ---ιιιη-
2980 897 3138 912 ιιι-ΑΜ
3167 880 3374 912 ιιι-ιιιηο
3396 878 3688 912 λιι-,δίεπε

370 946 553 993 autem
581 904 719 989 tcum
762 926 1160 998 baptizarentur
1200 916 1466 982 homines,
1510 908 1696 983 quales
1738 904 1966 961 fuissent

370 1031 557 1102 utique
583 994 910 1084 nescierunt.
940 1015 1170 1075 Proinde
1189 1027 1294 1069 non
1321 1008 1390 1066 ab
1421 1007 1500 1064 eis
1544 997 1856 1102 accipiendo
1902 994 1967 1050 fi-

373 1090 523 1190 dem,
551 1120 676 1192 quia
697 1132 807 1174 non
852 1110 1120 1170 habebant
1149 1102 1533 1164 conscientiam
1553 1104 1736 1154 sancte
1757 1090 1966 1155 dantis;

373 1231 483 1272 non
508 1181 825 1282 accipiendo
849 1205 1013 1262 etiam
1039 1210 1269 1268 reatum,
1298 1195 1422 1269 quia
1452 1207 1558 1249 non
1581 1191 1834 1250 scientes,
1872 1181 1967 1239 sed

375 1273 682 1363 nescientes
705 1312 893 1358 eorum
921 1294 1168 1358 crimina,
1199 1284 1454 1360 baptizati
1483 1289 1627 1348 sunt,
1645 1278 1761 1335 sine
1787 1273 1891 1332 fide
1918 1280 1974 1330 et

376 1398 498 1452 sine
523 1401 672 1449 reatu
698 1392 1092 1447 remanserunt.
1120 1380 1237 1438 Non
1265 1385 1392 1436 sunt
1404 1389 1534 1447 ergo
1563 1373 1618 1428 in
1641 1381 1869 1426 numero
1894 1373 1975 1420 ta-

379 1487 510 1544 lium
554 1483 957 1556 Ilagitiosorum.
987 1473 1094 1534 Sed
1138 1485 1240 1529 nec
1279 1472 1334 1526 in
1353 1479 1580 1524 numero
1603 1467 1826 1535 possunt
1854 1471 1976 1514 esse

380 1547 656 1642 fidelium';
687 1573 810 1645 quia
841 1570 982 1626 sicut
1005 1579 1106 1623 nec
1134 1571 1368 1627 reatum,
1397 1559 1471 1615 ita
1491 1569 1592 1612 nec
1616 1552 1778 1608 fidem
1800 1548 1868 1605 ab
1896 1547 1977 1603 eis

370 1670 629 1739 accipere
652 1643 962 1737 potuerunt.
993 1660 1064 1714 At
1083 1670 1177 1712 eos
1221 1652 1276 1709 in
1311 1663 1536 1707 numero
1557 1643 1793 1702 fidelium
1819 1655 1851 1696 a
1877 1653 1977 1694 vo-

384 1764 468 1821 bis
484 1760 753 1818 cernimus
764 1752 1029 1827 deputari,
1054 1762 1155 1806 nec
1165 1759 1388 1804 censere
1401 1751 1725 1815 quemquam
1741 1741 1980 1790 vestrum

385 1866 447 1912 ut
494 1823 860 1925 baptizentur,
907 1843 1005 1902 sed
1061 1851 1236 1900 ratum
1269 1839 1288 1872 ⁸
1313 1835 1513 1893 habere
1561 1828 1702 1902 quod
1731 1823 1981 1897 baptizati
2051 1878 2060 1885 ,

376 1957 534 2006 sunt.
558 1919 894 2015 Acceperunt
913 1939 1092 2009 itaque
1119 1933 1317 1998 ﬁdem;
1358 1943 1459 1984 nec
1485 1935 1661 1981 tamen
1691 1919 1760 1976 ab
1784 1920 1862 1975 eis
1893 1929 1982 1972 ac-

391 2047 674 2110 ceperunt,
703 2007 795 2107 qui
821 2047 928 2088 non
953 2007 1221 2084 habebant
1243 2017 1624 2080 conscientiam
1653 2019 1834 2069 sancte
1853 2007 1985 2064 dan-

391 2099 481 2196 tis,
507 2099 898 2202 qum-ablueret
919 2117 1250 2192 accipientis.
1279 2112 1435 2170 Unde
1474 2121 1604 2180 ergo
1628 2099 1986 2176 acceperunt?

392 2199 537 2281 Hinc
570 2229 776 2291 satago,
809 2216 914 2271 hoc
936 2219 1188 2284 urgenter
1217 2208 1510 2274 interrogo,
1551 2199 1654 2255 hoc
1679 2204 1738 2252 ut
1757 2206 1986 2265 respon-

394 2316 588 2373 deatur
610 2305 1084 2369 vehementissime
1113 2301 1314 2374 flagito.

469 2424 696 2484 CAPUT
721 2419 964 2479 XXXIII.
992 2447 1064 2461 -—
1088 2416 1179 2474 '58.
1207 2412 1458 2485 Inspicite
1483 2422 1626 2465 nunc
1649 2404 1985 2469 Petilianum,

396 2537 468 2578 ne
495 2521 598 2576 hoc
625 2513 979 2587 respondeat,
1015 2511 1103 2567 vel
1141 2522 1212 2566 ne
1250 2506 1355 2563 hoc
1391 2500 1717 2573 respondere
1744 2512 1850 2554 non
1887 2509 1990 2567 po-

399 2614 568 2671 tuisse
587 2586 956 2680 deprehensus
981 2607 1254 2675 appareat,
1277 2612 1374 2670 per
1397 2603 1612 2652 nostras
1635 2586 1992 2647 contumelias

379 2704 632 2763 inaniter
671 2699 905 2771 evagari,
937 2694 1332 2754 criminantem,
1373 2695 1432 2744 et
1469 2683 1601 2742 nihil
1635 2681 1990 2755 probantem;

401 2811 453 2857 et
481 2798 572 2855 ubi
613 2797 752 2851 forte
778 2769 1003 2848 conatur
1024 2801 1124 2859 pro
1145 2797 1304 2842 causa
1335 2779 1487 2853 quasi
1514 2774 1827 2849 pugnaciter
1852 2769 1990 2828 resi-

400 2903 567 2957 stere,
592 2889 789 2959 ubique
818 2883 1071 2941 facillime
1095 2876 1338 2950 superari
1367 2891 1381 2930 :
1407 2872 1474 2928 ad
1499 2872 1602 2927 hoc
1631 2879 1807 2925 tamen
1829 2878 1994 2922 unum

402 2955 626 3040 omnino
653 2955 784 3035 nihil
812 2970 1138 3044 respondere
1166 2965 1308 3040 quod
1332 2963 1641 3036 quaerimus,
1668 2959 1728 3014 Si
1747 2955 1997 3013 conscien-

405 3077 477 3130 tia
500 3081 671 3129 sancte
695 3068 864 3123 dantis
882 3063 1178 3127 attenditur,
1202 3073 1316 3131 quat
1335 3057 1508 3111 abluat
1531 3049 1842 3123 accipientis,
1860 3046 1996 3101 unde

380 3164 690 3222 'abluendus
730 3162 796 3216 sit
833 3158 920 3232 qui
966 3151 1242 3225 accipiebat
1277 3147 1635 3219 Baptismum,
1665 3159 1779 3197 cum
1828 3138 1997 3194 dantis

407 3258 606 3335 polluta
647 3249 953 3310 conscientia
989 3254 1092 3314 est,
1121 3253 1168 3300 et
1205 3245 1300 3298 hoc
1343 3241 1431 3296 ille
1471 3237 1560 3311 qui
1593 3243 1666 3292 est
1702 3241 1997 3306 accepturus

407 3332 629 3425 ignorat.
662 3347 759 3404 llis
785 3344 930 3402 enim
959 3339 1137 3397 verbis
1161 3352 1227 3392 cx
1249 3332 1486 3406 Epistola
1515 3345 1632 3388 mea
1665 3339 1997 3385 commemo-

409 3419 564 3512 ratis,
606 3439 886 3513 proposuit
927 3449 1016 3492 me
1063 3433 1518 3501 interrogantem,
1563 3432 1620 3481 et
1662 3438 1722 3480 se
1767 3419 2001 3478 ostendit

411 3536 547 3595 nihil
567 3512 999 3605 respondentem.
1016 3524 1150 3582 Cum
1166 3521 1308 3579 enim
1329 3518 1552 3576 dixisset
1570 3531 1632 3572 ea
1649 3529 1768 3586 qua:
1787 3512 1896 3584 jam
1916 3525 2002 3568 re-

411 3628 579 3695 colui,
605 3601 736 3682 et—in
758 3620 954 3692 quibus
975 3631 1097 3673 cum
1118 3612 1330 3671 ostendi
1353 3610 1421 3666 ad
1445 3609 1496 3665 id
1517 3607 1658 3678 quod
1680 3601 2003 3675 interrogavi

412 3736 528 3777 non
562 3713 946 3785 respondisse;
973 3720 1204 3776 cumque
1230 3702 1436 3774 magnis
1464 3697 1723 3770 angustiis
1756 3703 2001 3752 coarcta-

414 3821 526 3875 tus,
550 3814 768 3864 coactus
795 3808 939 3859 esset
955 3799 1134 3854 dicere
1156 3791 1545 3851 discutiendum
1573 3805 1693 3846 esse
1721 3788 2018 3858 haptistam'

417 3919 451 3959 a
493 3894 834 3970 baptizando,
874 3886 1250 3960 baptizandum
1291 3899 1321 3939 a
1364 3882 1630 3951 baptista;
1675 3893 1904 3949 cumque
1951 3877 2003 3933 id

419 3969 671 4061 exemplo
696 3983 937 4048 Joannis,
969 3981 1014 4036 si
1053 3980 1188 4035 forte
1226 3974 1488 4032 inveniret
1525 3969 2007 4043 negligentissimos

419 4085 506 4140 vel
537 4060 963 4152 imperitissimos
980 4071 1272 4136 auditores,
1294 4075 1538 4123 astruere
1557 4064 1865 4121 tentavisset
1883 4078 1899 4129 ;
1919 4060 2007 4117 ad.

424 4174 597 4234 hibuit
616 4173 717 4229 alia
747 4165 1050 4226 testimonia
1075 4162 1142 4220 de
1162 4158 1453 4232 Scripturis
1474 4156 1543 4213 ad
1573 4171 1687 4212 rem
1715 4168 1822 4210 non
1848 4153 2010 4224 perti-

422 4266 628 4331 nentia,
655 4261 796 4334 quod
833 4259 1078 4328 Philippo
1114 4252 1404 4310 Eunuchus
1435 4249 1652 4315 dixerit,
1689 4245 1821 4302 Ecce
1855 4261 2005 4316 aqua,

423 4360 537 4432 quis
566 4353 792 4433 prohibet
818 4367 897 4406 me
921 4348 1166 4420 baptizari
1197 4344 1332 4417 (Act.
1359 4357 1475 4410 vm,
1505 4340 1636 4412 56)?
1659 4339 1778 4410 quia
1805 4337 2008 4406 sciebat,

428 4425 622 4523 inquit,
642 4429 868 4518 perditos
897 4438 1148 4513 prohiberi
1169 4452 1188 4492 :
1209 4445 1264 4492 et
1286 4433 1428 4506 quod
1455 4434 1575 4489 ideo
1595 4425 2010 4501 Philippns'eum

395 4577 398 4580 ~
427 4539 684 4615 baptizari
728 4552 834 4594 non
874 4533 1064 4600 vetuit,
1089 4531 1213 4602 quia
1241 4544 1364 4586 eum
1394 4527 1656 4598 legentem
1697 4523 2016 4594 probaverat

429 4612 701 4708 quomodo
721 4626 966 4685 ’crederet
988 4621 1257 4678 Christum
1283 4637 1297 4674 :
1318 4617 1470 4690 quasi
1493 4614 1825 4687 prohibuerit
1842 4612 2016 4668 Simo-

431 4702 557 4784 nem
582 4723 815 4794 Magum.
841 4717 912 4773 Et
938 4712 1081 4786 quod
1107 4710 1386 4782 Prophetas
1416 4707 1548 4763 falso
1577 4705 1895 4774 baptismate
1923 4702 2018 4760 de-

430 4817 540 4888 cipi
579 4815 916 4870 timuerunt:
943 4815 999 4863 et
1022 4803 1144 4860 ideo
1167 4800 1361 4858 dixerit
1388 4797 1571 4865 lsaias,
1603 4795 1746 4865 Aqua
1774 4794 2014 4862 mendax,

434 4885 541 4965 non
581 4904 768 4960 habens
806 4900 955 4972 ﬁdem
981 4897 1000 4969 (
1024 4895 1214 4952 Jerem.
1244 4907 1340 4960 xv,
1372 4890 1440 4947 i8
1471 4890 1513 4962 ),
1553 4888 1698 4944 velut
1731 4885 2018 4943 ostendens

437 4998 578 5072 apud
605 4995 839 5069 perfidos
863 4991 1108 5048 homines
1142 5001 1334 5058 aquam
1372 4997 1494 5040 esse
1518 4980 1827 5038 mendacem
1854 4997 1868 5035 :
1895 4993 2020 5034 cum

438 5071 544 5149 hoc
559 5105 666 5147 non
685 5087 872 5152 lsaias,
889 5082 983 5140 sed
997 5080 1256 5138 Jeremias
1269 5078 1339 5134 de
1359 5073 1662 5133 hominibus
1678 5071 2020 5128 mendacibus

439 5183 657 5248 dixerit,
697 5179 922 5252 figurate
957 5188 1147 5245 aquam
1187 5169 1443 5243 populum
1476 5165 1768 5237 appellans,
1798 5162 1939 5235 quod
1966 5163 2020 5218 in

439 5273 766 5350 Apocalypsi
790 5266 1224 5326 manifestissime
1241 5263 1639 5321 demonstratur
1655 5259 1676 5331 (
1695 5257 1853 5330 Apoc.
1888 5270 2018 5322 xvn,

442 5368 557 5442 i5).
585 5367 655 5424 Et
679 5366 820 5437 quod
847 5360 1008 5416 David
1037 5357 1252 5423 dixerit,
1283 5355 1463 5411 Oleum
1494 5351 1766 5424 peccatoris
1795 5367 1894 5405 non
1921 5366 2021 5405 un-

441 5474 528 5537 gat
555 5469 705 5533 caput
734 5471 902 5511 meum
925 5469 944 5509 :
971 5467 1092 5509 cum
1135 5450 1228 5506 ille
1267 5449 1368 5505 hoc
1401 5446 1594 5503 dixerit
1617 5444 1684 5501 de
1721 5443 2026 5500 adulatione

444 5531 791 5611 assentatoris
816 5546 989 5604 fallaci
1016 5543 1173 5601 laude
1196 5531 1530 5613 decipientis,
1554 5537 1694 5595 unde
1723 5534 1916 5592 laudati
1937 5550 2026 5591 ca-

448 5655 540 5718 put
571 5647 622 5700 in
651 5640 954 5713 superbiam
981 5643 1208 5693 crescat.
1231 5635 1400 5701 Quem
1431 5631 1755 5688 intellectum
1781 5625 2025 5704 aperiunt

557 5819 677 5868 aditi
701 5825 799 5866 am.
823 5819 900 5864 Er.
925 5819 978 5864 et
1010 5817 1149 5870 Lov.,
1184 5809 1267 5860 sed
1301 5812 1485 5859 reatum
1522 5818 1538 5856 :
1561 5805 1816 5857 manifesto
1839 5815 2024 5856 errore.

2070 895 2163 967 gui
2187 888 2612 950 misericorditer
2634 896 2694 943 ut
2716 894 2955 953 sanetur,
2979 897 3140 956 quam
3167 880 3377 939 lenibus
3395 878 3692 936 blanditiis

2070 985 2364 1043 adulatoris
2389 981 2514 1053 ungi
2543 989 2604 1036 ut
2629 979 2846 1036 infletur
2871 979 2913 1033 ⁸.

2144 1075 2374 1136 CAPUT
2410 1071 2654 1131 XXXIV.
2678 1102 2748 1113 —
2775 1069 2865 1127 59.
2883 1069 3281 1127 Commemorat
3302 1064 3603 1123 Petilianus
3623 1072 3692 1119 es

2074 1170 2372 1244 apostolum
2398 1167 2659 1224 Joannem
2686 1163 2982 1228 monuisse,
3023 1175 3093 1217 ne
3129 1159 3275 1216 omni
3303 1157 3509 1229 spiritui
3539 1170 3683 1211 cre-

2077 1262 2255 1329 datur,
2280 1259 2374 1317 sed
2406 1257 2698 1331 probentur
2722 1255 2966 1326 spiritus,
2987 1251 3033 1308 si
3059 1267 3124 1308 ex
3151 1251 3260 1307 Deo
3287 1259 3411 1306 sunt
3437 1247 3482 1322 (l
3505 1246 3688 1302 locis.

2077 1369 2150 1422 tv,
2176 1353 2232 1426 1)
2258 1371 2272 1409 :
2294 1351 2445 1424 quasi
2467 1349 2537 1406 ad
2556 1348 2659 1405 hoc
2679 1346 2994 1403 adhibeatur
3017 1344 3118 1401 ista
3137 1342 3430 1414 diligentia,
3449 1347 3509 1396 ut
3529 1355 3691 1396 nunc

2079 1455 2204 1504 ante
2230 1455 2440 1517 tempus
2465 1441 2793 1499 frumentum
2813 1453 2844 1494 a
2868 1437 3020 1510 palea
3044 1444 3341 1508 separetur,
3361 1448 3426 1490 ac
3449 1448 3558 1489 non
3580 1445 3692 1504 po-

2081 1539 2188 1596 tius
2209 1553 2276 1595 ne
2303 1536 2627 1593 frumentum
2653 1548 2682 1589 a
2707 1531 2858 1603 palea
2883 1529 3178 1602 decipiatur
3203 1545 3216 1582 :
3241 1535 3334 1583 aut
3357 1541 3486 1582 vero
3509 1525 3691 1582 etiam

2081 1632 2301 1705 spiritus
2329 1627 2558 1686 mendax
2589 1627 2635 1682 si
2678 1621 2876 1696 aliquid
2914 1621 3027 1677 veri
3062 1619 3280 1686 dixerit,
3322 1618 3442 1674 ideo
3472 1632 3692 1689 negan-

2082 1724 2210 1781 dum
2250 1731 2354 1790 est,
2390 1722 2513 1794 quia
2557 1719 2663 1776 hoc
2697 1714 3047 1774 detestandus
3085 1713 3305 1785 spiritus
3339 1711 3492 1766 dixit.
3517 1707 3691 1778 Quod

2084 1813 2326 1887 quisquis
2354 1813 2659 1877 arbitratur,
2684 1817 2794 1866 tam
2823 1808 3047 1865 demens
3073 1813 3178 1872 est,
3203 1812 3260 1859 ut
3284 1802 3422 1860 forte
3447 1811 3691 1858 conten-

2085 1905 2178 1963 dat
2195 1906 2412 1963 Petrum
2442 1919 2550 1960 non
2571 1900 2824 1959 debuisse
2847 1898 3048 1964 dicere,
3075 1894 3153 1952 Tu
3177 1911 3230 1951 es
3259 1894 3488 1951 Christus
3506 1892 3692 1949 Filius

2088 1997 2187 2055 Dei
2213 1999 2312 2054 vici
2337 1997 2357 2071 (
2381 1996 2569 2051 Matth.
2593 2010 2706 2064 xvr,
2730 1993 2799 2050 16
2825 1992 2843 2064 )
2876 2009 2890 2046 :
2919 1990 3042 2062 quia
3071 1990 3180 2045 tale
3204 1986 3404 2059 aliquid
3428 1986 3537 2058 jam
3567 1984 3695 2042 ds-

2089 2107 2277 2151 mones
2302 2091 2546 2148 dixerant
2570 2087 2681 2160 (Id.
2703 2101 2818 2155 vm,
2843 2084 2934 2150 29,
2959 2081 3128 2138 Marc.
3153 2096 3192 2150 I,
3221 2079 3314 2146 24,
3338 2089 3386 2134 et
3407 2077 3534 2133 Luc.
3560 2092 3688 2146 vus,

2089 2187 2161 2244 28
2184 2188 2227 2257 ).
2263 2185 2396 2241 Cum
2439 2196 2566 2253 ergo
2596 2179 2900 2251 Baptismns
2927 2173 3148 2241 Christi,
3179 2171 3295 2229 sive
3321 2185 3416 2243 per
3439 2169 3694 2240 iniquum

2091 2281 2206 2339 sive
2252 2295 2349 2352 per
2385 2277 2590 2350 justum
2637 2273 2990 2337 ministratus,
3041 2265 3174 2324 nihil
3220 2263 3366 2321 aliud
3408 2263 3480 2320 sit
3519 2275 3693 2334 quam

2091 2372 2396 2445 Baptismns
2424 2367 2660 2429 Christi:
2701 2365 2771 2422 ab
2808 2363 3026 2420 homine
3065 2369 3225 2418 cauto
3261 2367 3319 2415 et
3358 2357 3500 2414 bono
3535 2355 3694 2413 fideli

2093 2464 2348 2536 iniquitas
2389 2459 2625 2518 hominis
2667 2465 2753 2515 est
2787 2452 3022 2521 vitanda,
3065 2465 3172 2508 non
3204 2449 3299 2506 Dei
3340 2447 3695 2506 Sacramenta

2093 2556 2414 2615 damnanda.

2165 2647 2255 2704 40.
2279 2647 2338 2702 In
2368 2645 2452 2702 his
2475 2650 2622 2701 certe
2649 2638 2897 2699 omnibus
2925 2651 3033 2693 non
3061 2632 3351 2706 respondet
3369 2630 3691 2698 Petilianus,

2095 2740 2144 2798 si
2185 2737 2514 2798 conscientia
2557 2739 2743 2791 sancte
2783 2729 2961 2788 dantis
2999 2726 3312 2794 attenditur,
3344 2739 3464 2795 qua:
3505 2722 3696 2779 abluat

2096 2831 2429 2904 accipientis,
2445 2827 2585 2884 unde
2605 2825 2674 2882 sit
2691 2820 2990 2880 abiuendus
3009 2819 3101 2890 qui
3121 2816 3316 2888 accipit
3334 2813 3692 2886 Baptismum,

2097 2941 2220 2983 cum
2243 2924 2422 2981 dantis
2446 2921 2644 2994 polluta
2669 2914 2994 2975 conscientia
3023 2918 3127 2978 est,
3154 2917 3211 2966 et
3238 2907 3342 2964 hoc
3369 2907 3458 2962 ille
3486 2905 3576 2976 qui
3606 2912 3700 2962 est

2098 3026 2415 3089 accepturus
2458 3012 2698 3086 ignorat?
2735 3007 2953 3078 Collega
2991 3004 3109 3074 ejus
3145 3017 3177 3057 a
3215 2996 3698 3058 Thubursicubure

2102 3087 2322 3185 quidam
2345 3107 2645 3181 Cyprianus
2669 3117 2791 3159 cum
2819 3096 3125 3170 turpissima
3153 3093 3347 3152 femina
3373 3092 3428 3148 in
3447 3087 3698 3161 lupanari

2100 3203 2487 3276 deprehensus,
2521 3207 2577 3256 et
2611 3195 2882 3254 Primiano
2912 3188 3248 3260 Carthaginis
3283 3185 3495 3242 oblatus
3528 3192 3700 3254 atque

2101 3275 2383 3354 damnatus
2408 3302 2510 3351 est.
2531 3292 2636 3349 Iste
2661 3287 2874 3362 quando
2901 3287 2923 3319 ¹
2943 3282 3264 3355 baptizabat,
3279 3289 3566 3350 antequam
3592 3275 3697 3332 de-

2102 3397 2274 3446 tectus
2294 3396 2346 3444 et
2366 3385 2604 3458 abiectus
2632 3387 2798 3448 esset,
2823 3391 2931 3435 non
2951 3375 3134 3446 utique
3158 3371 3388 3428 habebat
3412 3367 3700 3425 conscien—

2103 3486 2232 3543 tiam
2279 3488 2461 3538 sancte
2498 3477 2697 3544 dantis,
2733 3488 2854 3545 qua:
2893 3470 3136 3527 ablueret
3177 3463 3511 3537 accipientis.
3537 3460 3699 3519 Unde

2104 3577 2265 3650 igitur
2292 3571 2460 3630 abluti
2487 3578 2635 3637 sunt,
2661 3566 2751 3638 qui
2779 3563 2941 3620 hodie
2968 3561 3065 3617 illo
3096 3559 3348 3616 damnato
3377 3570 3486 3612 non
3509 3553 3699 3625 utique

2103 3649 2294 3731 rursus
2317 3661 2642 3724 abluuntur?
2661 3660 2778 3717 Non
2803 3665 2919 3716 erat
2943 3668 3168 3712 necesse
3194 3660 3256 3708 ut
3288 3649 3556 3707 hominem
3591 3661 3698 3703 no-

2104 3765 2389 3829 minarem,
2412 3758 2514 3814 nisi
2538 3773 2608 3814 ne
2633 3753 2924 3811 Petilianus
2953 3749 3146 3806 iterum
3175 3747 3382 3802 diceret
3401 3744 3444 3812 ³,
3471 3743 3600 3811 Quis
3623 3749 3700 3797 est

2106 3859 2218 3924 iste,
2259 3864 2346 3910 aut
2389 3851 2522 3908 unde
2567 3846 2838 3922 prosiluit?
2861 3844 2971 3900 Cur
3012 3841 3173 3897 istum
3217 3838 3506 3910 baptistam
3531 3833 3701 3893 vestri

2109 3967 2215 4008 non
2237 3949 2626 4008 discusserunt,
2650 3941 2790 3996 sicut
2808 3937 3041 3994 Joannes
3059 3932 3320 3990 Petiliano
3341 3929 3414 3985 ita
3435 3929 3702 3986 sentiente

2109 4045 2382 4102 discussus
2411 4040 2528 4095 est?
2562 4037 2648 4091 An
2684 4040 2740 4089 et
2766 4029 3134 4088 discusserunt
3169 4031 3426 4096 quantum
3456 4019 3703 4076 [nomines

2112 4135 2387 4194 hominem
2432 4134 2740 4201 potuerunt,
2785 4121 2879 4179 sed
2925 4127 3102 4176 astuta
3149 4116 3366 4173 fictione
3404 4111 3699 4172 latitantem

2112 4227 2204 4284 diu
2233 4239 2340 4280 non
2369 4215 2723 4277 invenerunt?

2185 4315 2412 4377 CAPUT
2451 4311 2670 4370 XXXV.
2710 4339 2782 4351 —
2818 4305 3058 4377 Hujusnc
3091 4316 3228 4373 aqua
3265 4313 3372 4356 non
3405 4305 3522 4354 erat
3548 4311 3701 4354 men-

2114 4415 2239 4480 dax,
2269 4420 2363 4468 aut
2390 4409 2566 4465 oleum
2610 4400 2946 4460 fornicatoris
2975 4413 3081 4453 non
3123 4405 3206 4452 est
3242 4393 3420 4449 oleum
3451 4398 3700 4464 peccato-

2119 4507 2233 4564 ris?
2273 4506 2352 4560 An
2397 4497 2536 4572 quod
2574 4493 2849 4552 Catholica
2887 4489 3036 4554 dicit,
3076 4496 3129 4543 et
3161 4502 3344 4542 verum
3381 4493 3485 4550 est,
3521 4491 3576 4539 et
3620 4483 3701 4536 illa

2117 4612 2255 4670 aqua
2281 4603 2335 4651 et
2363 4591 2490 4648 illud
2519 4589 2696 4644 oleum
2734 4601 2840 4642 non
2871 4584 2988 4652 ejus
3015 4590 3129 4636 erat
3156 4594 3187 4633 a
3223 4594 3328 4649 quo
3367 4577 3694 4632 ministraba-

2119 4667 2226 4758 ιιιίι,
2257 4687 2352 4745 sed
2377 4685 2529 4757 cujus
2555 4683 2625 4739 ibi
2651 4694 2850 4737 nomen
2879 4671 3265 4734 invocabatur?
3289 4671 3396 4728 Cur
3421 4669 3498 4725 illi
3524 4669 3610 4738 qui
3640 4667 3705 4722 ab

2121 4788 2226 4844 isto
2273 4783 2398 4839 ficto
2445 4788 2501 4836 et
2544 4776 2752 4834 occulto
2791 4769 3214 4845 baptizabantur,
3256 4780 3360 4822 non
3407 4761 3705 4835 probabant

2121 4876 2387 4950 spiritum,
2407 4872 2530 4945 quia
2549 4885 2616 4926 ex
2639 4868 2748 4924 Deo
2767 4881 2873 4922 non
2895 4862 3047 4921 erat?
3066 4861 3295 4933 Spiritus
3323 4857 3467 4913 enim
3493 4862 3704 4910 sanctus

2122 4946 2420 5041 disciplina:
2465 4966 2649 5021 fictum
2697 4959 2932 5032 fugiebat
2959 4957 2978 5030 (
3005 4955 3136 5025 Sap.
3162 4969 3201 5018 I,
3230 4952 3264 5007 5
3289 4952 3342 5023 )?
3369 4950 3452 5005 An
3480 4955 3536 5004 et
3561 4946 3703 5001 illum

2126 5038 2378 5137 fugiebat,
2419 5067 2474 5117 et
2514 5071 2609 5114 sua
2636 5055 2980 5112 Sacramenta
3008 5046 3255 5120 quamvis
3285 5060 3379 5116 per
3404 5057 3526 5100 eum
3551 5038 3703 5095 mini-

2125 5133 2293 5214 strata
2329 5168 2434 5210 non
2474 5146 2796 5206 deserebat?
2833 5143 3111 5199 Postremo
3153 5136 3402 5210 quoniam
3449 5133 3563 5188 illos
3603 5143 3705 5185 non

2125 5247 2333 5320 negatis
2355 5244 2588 5310 ablutos,
2609 5254 2745 5313 quos
2767 5236 2859 5293 illo
2877 5235 3129 5292 damnato
3153 5246 3259 5286 non
3279 5225 3480 5285 curatis
3498 5223 3706 5280 ablueno

2126 5312 2266 5408 dos;
2296 5335 2474 5395 videte
2514 5333 2561 5392 si
2601 5312 2682 5390 tet
2722 5326 2933 5388 nebulis
2971 5321 3332 5396 multipliciter
3368 5315 3575 5385 offusis,
3605 5312 3707 5370 ullo

2198 5613 2215 5644 ί
2241 5617 2367 5671 uss,
2390 5602 2674 5671 neinﬂetur.

2195 5653 2367 5742 εῖσῑίξ
2382 5653 2977 5742 ζ”ᾱέεῦὲῐέὺὲρηετηδεεθὲἱιέἱ.
2990 5653 3354 5742 suam;

2238 5707 2397 5744 “"31?
2441 5707 2731 5742 ‘J‘:“"‘v:':""
2780 5707 2943 5734 "'.""'
2996 5707 3001 5708 *
3046 5719 3056 5728 .
3104 5707 3116 5717 ι
3155 5707 3166 5719 -
3319 5715 3330 5724 .

2202 5737 2224 5769 ³
2245 5735 2382 5792 Editt,
2406 5745 2511 5805 mss
2522 5728 2978 5805 .I’eitititt‘tttit‘l‘et’ttm
3002 5719 3216 5781 diceret;
3237 5723 3416 5766 omisso
3431 5745 3450 5775 ,
3471 5722 3532 5762 tte
3547 5748 3562 5774 ,
3585 5707 3708 5774 quod

2136 5813 2201 5852 ex
2226 5795 2563 5860 manuscriptis
2580 5791 2870 5844 restituitur.
