3792 6132
103 215 202 278 569

105 336 219 394 loco
233 318 849 394 Petilianusrespondet
867 315 1009 374 unde
1029 313 1118 372 isti
1144 311 1310 370 abluti
1339 311 1467 377 sint,
1493 310 1542 366 si
1565 324 1696 366 con-

109 424 325 484 scientia
349 428 540 478 sancte
560 415 738 473 dantis
761 409 1074 476 attenditur,
1091 422 1211 480 quae
1235 405 1415 462 abluat
1432 403 1707 476 accipien-

111 519 203 582 tis,
229 529 393 586 quam
423 512 597 567 latens
624 503 927 563 immundus
948 501 1145 558 habere
1166 514 1272 556 non
1302 497 1493 570 potuit.

175 610 265 665 bl.
304 603 460 662 Nihil
484 615 612 671 ergo
636 599 704 654 ad
733 597 836 654 hoc
859 593 1212 665 respondens,
1242 589 1386 663 quod
1411 589 1478 646 ab
1505 603 1573 645 eo
1600 597 1709 643 tam

113 704 374 757 instanter
403 693 726 767 inquiritur;
753 688 1009 758 deinceps
1034 684 1196 742 etiam
1223 681 1325 738 sibi
1352 680 1603 753 loquendi
1633 679 1716 734 la-

116 793 396 851 titudinem
444 797 784 857 comparans,
815 779 944 836 Cum
972 778 1100 842 hac,
1129 775 1321 847 inquit,
1355 781 1403 828 et
1442 769 1716 844 Propheta

113 899 159 944 et
190 883 474 958 Apostolus
509 887 654 934 caute
689 873 970 939 timuerint,
1006 887 1107 942 qua
1142 869 1308 939 fronte
1336 875 1390 922 tu
1414 865 1542 921 dicis
1580 863 1715 937 quod

123 986 234 1037 bene
250 976 577 1035 credentibus
594 979 827 1027 sanctum
850 976 922 1022 est
939 964 1205 1036 Baptism
1224 960 1537 1035 peccatoris?
1553 958 1717 1029 Quasi

129 1088 214 1144 ego
231 1073 317 1128 vel
338 1070 628 1141 quisquam
648 1061 966 1126 catholicus,
990 1056 1284 1130 peccatoris
1304 1054 1577 1124 Baptisma
1597 1067 1719 1108 esse

130 1143 278 1228 dicat,
303 1160 459 1234 quod
490 1165 768 1230 peccatore
798 1152 1136 1208 ministrante
1162 1146 1388 1203 traditur
1412 1145 1495 1201 vel
1519 1143 1720 1214 accipi-

127 1269 225 1325 tur,
254 1265 310 1312 et
337 1269 452 1310 non
481 1251 625 1307 illius
654 1248 709 1305 in
739 1245 894 1317 cujus
912 1242 1140 1308 credens
1167 1241 1383 1296 nomine
1403 1238 1718 1310 baptizatur.

129 1349 246 1406 Inde
284 1348 399 1420 jam
447 1341 684 1400 excurrit
723 1341 777 1394 in
817 1336 1010 1394 ludam
1050 1332 1394 1398 traditorem,
1427 1339 1484 1388 et
1511 1329 1641 1386 dicit
1668 1331 1723 1385 in

124 1455 242 1496 eum
266 1419 536 1510 quidquid
562 1440 757 1503 potest,
772 1428 1032 1485 adhibens
1057 1422 1360 1481 testimonia
1389 1419 1721 1493 prophetica,

127 1547 238 1605 qua:
260 1531 332 1586 de
361 1529 464 1585 illo
491 1534 638 1582 tanto
673 1531 801 1578 ante
837 1519 1112 1592 praemissa
1142 1524 1267 1572 sunt
1294 1533 1308 1571 :
1339 1522 1588 1584 tanquam
1620 1512 1726 1568 Ec-

131 1603 344 1680 clesiam
372 1619 576 1676 Christi
606 1625 719 1672 toto
743 1613 876 1670 orbe
901 1610 1168 1675 diffusam,
1192 1607 1343 1679 cujus
1362 1619 1523 1662 causa
1546 1606 1602 1660 in
1627 1603 1728 1658 hac

129 1713 424 1789 quaestione
445 1717 714 1772 versatur,
737 1705 889 1763 Juda:
917 1701 1191 1759 traditoris
1219 1697 1492 1769 impietate
1513 1693 1730 1766 perfun-

130 1787 374 1865 dat:non
405 1801 762 1860 considerans
788 1795 932 1868 quod
962 1795 1047 1850 vel
1072 1793 1199 1848 hinc
1219 1790 1404 1847 debuit
1427 1787 1727 1856 admoneri,

132 1908 232 1954 tam
255 1911 366 1954 non
388 1908 518 1952 esse
543 1888 891 1948 dubitandum
912 1886 1054 1943 illam
1076 1898 1198 1940 esse
1220 1881 1511 1939 Eeclesiam
1535 1879 1731 1936 Christi

133 2007 244 2063 qua:
293 1990 350 2045 in
403 1985 661 2043 omnibus
704 1980 955 2052 gentibus
1001 1977 1276 2043 dilatatur,
1322 1973 1573 2045 quoniam
1629 1970 1733 2026 hoc

133 2092 275 2140 tanto
304 2090 437 2137 ante
463 2077 730 2134 veraciter
757 2070 1128 2145 prophetatum
1158 2074 1259 2133 est,
1301 2079 1461 2136 quam
1503 2079 1610 2118 non
1650 2069 1734 2118 est

137 2171 488 2230 dubitandum
542 2167 610 2222 ab
657 2180 768 2220 uno
808 2178 878 2219 ex
923 2158 1198 2230 discipulis
1247 2155 1382 2212 tradi
1429 2153 1734 2226 oportuisse

135 2267 402 2324 Christum
430 2306 450 2333 ,
505 2261 758 2334 quoniam
807 2264 863 2312 et
916 2252 1019 2310 hoc
1070 2250 1316 2308 similiter
1360 2247 1736 2320 prophetatum

141 2369 236 2416 εοι.

203 2448 436 2508 CAPUT
485 2442 733 2503 XXXVI.
759 2470 832 2483 —
859 2439 950 2497 42.
982 2435 1092 2495 Sed
1121 2435 1279 2507 plane
1304 2431 1565 2505 posthaec
1588 2429 1734 2486 Peti-

144 2547 308 2601 lianus
356 2543 452 2599 ubi
497 2540 566 2595 ad
613 2545 855 2593 nostrum
900 2530 1031 2588 illud
1078 2529 1224 2584 venit
1263 2526 1553 2596 objectum,
1595 2521 1738 2593 quod

143 2635 651 2694 Maximianistarum
693 2627 1022 2700 Baptismum
1063 2637 1198 2694 quos
1222 2620 1604 2678 damnaverant
1621 2630 1743 2673 sus-

154 2736 408 2801 ceperunt
459 2724 686 2798 (Supra,
712 2721 800 2777 lib.
827 2718 884 2784 2,
913 2733 1030 2788 cap.
1056 2713 1147 2783 10,
1168 2730 1260 2769 nn.
1285 2713 1374 2780 II,
1398 2709 1489 2784 12)
1516 2727 1530 2762 :
1553 2723 1743 2781 quam-

154 2823 232 2878 vis
257 2823 311 2878 in
340 2821 506 2890 hujus
529 2813 842 2888 quaestionis
864 2807 1228 2883 propositione
1250 2805 1363 2861 suis
1383 2801 1562 2860 verbis
1581 2815 1740 2872 quam

152 2913 277 2970 meis
298 2912 374 2968 uti
396 2907 650 2966 maluerit
671 2921 687 2960 :
708 2917 884 2975 neque
906 2900 1048 2958 enim
1075 2911 1177 2953 nos
1204 2895 1451 2963 dicimus,
1481 2891 1744 2965 prodesse

157 3005 302 3062 nobis
327 3004 535 3062 debere
562 2999 892 3071 Baptismum
919 2999 1278 3066 peccatorum,
1311 3003 1472 3059 quem
1509 3001 1618 3042 non
1656 2999 1746 3041 so-

157 3097 258 3155 lum
280 3103 652 3171 peccatorum,
673 3089 768 3146 sed
790 3087 1060 3145 nullorum
1081 3080 1300 3138 omnino
1320 3078 1592 3135 hominum
1609 3075 1744 3132 dici-

157 3169 296 3260 mus,
327 3190 459 3265 quia
481 3203 608 3246 eum
637 3181 835 3241 Christi
862 3193 984 3236 esse
1009 3174 1382 3249 cognoscimus
1408 3189 1422 3265 ς
1449 3171 1521 3226 ita
1539 3169 1746 3265 quippe

161 3261 429 3358 proposuit
458 3301 474 3339 τ
502 3280 570 3336 At
595 3277 730 3333 enim
753 3272 1076 3347 pertinaciter
1101 3281 1376 3331 asseveras,
1408 3263 1598 3334 inquit,
1629 3261 1746 3332 quia

162 3379 292 3434 debet
314 3376 454 3432 uobis
484 3373 721 3446 prodesse
750 3367 1072 3438 Baptismum
1107 3367 1447 3434 peccatorum,
1480 3363 1749 3428 prapterea

166 3472 277 3540 quia
303 3479 352 3525 et
376 3484 495 3535 nos,
525 3473 580 3520 ut
609 3461 803 3527 dixisti,
833 3473 1036 3514 reorum
1074 3469 1198 3526 quos
1226 3452 1366 3523 juste
1399 3447 1749 3502 damnavimus

167 3539 480 3634 Baptismum
502 3567 875 3612 conservemus.
898 3547 999 3606 Ubi
1023 3544 1090 3601 ad
1119 3544 1258 3600 hanc
1280 3539 1630 3612 quaestionem
1657 3549 1751 3592 ve-

168 3627 259 3720 nit,
279 3663 339 3710 ut
359 3651 495 3716 dixi,
523 3646 702 3705 omnis
725 3657 848 3700 eum
874 3640 1034 3698 etiam
1061 3634 1305 3693 simulata
1331 3645 1504 3702 pugna
1534 3627 1747 3684 defecit.

171 3717 280 3814 Quo
302 3745 429 3811 iret,
451 3754 556 3811 qua
586 3737 778 3802 exiret,
800 3745 906 3805 quo
926 3730 1072 3786 aditu
1091 3731 1426 3798 perscrutato
1450 3727 1542 3775 aut
1566 3717 1753 3774 molito

172 3810 250 3894 vel
277 3810 526 3893 clanculo
551 3828 824 3890 evaderet,
849 3824 936 3879 vel
964 3822 1015 3877 vi
1041 3825 1365 3888 erumperet,
1397 3829 1500 3868 non
1529 3810 1751 3867 invenit.

173 3928 304 3985 Licet
335 3930 453 3993 hoc,
493 3922 687 3994 inquit,
721 3914 941 3974 secundo
974 3911 1102 3968 libro
1137 3910 1492 3970 demonstrem,
1513 3910 1756 3973 quantum

175 4023 298 4078 inter
318 4029 523 4077 nostros
550 4013 746 4071 intersit
773 4021 821 4066 et
844 4017 1032 4064 vestros
1063 4019 1188 4076 quos
1227 3999 1392 4056 dicitis
1428 3998 1715 4052 innocentes
1735 4008 1756 4050 :

179 4127 337 4172 tamen
367 4112 574 4170 interim
606 4125 693 4165 vos
726 4107 870 4180 prius
891 4121 925 4158 a
952 4101 1259 4173 collegarum
1282 4104 1557 4151 vestrorum
1587 4089 1758 4145 crimi-

179 4209 316 4264 nibus
351 4221 468 4278 qua
507 4201 667 4258 nostis
704 4197 896 4268 eripite,
926 4202 974 4250 et
999 4193 1074 4248 sic
1101 4191 1163 4244 de
1188 4189 1252 4245 iis
1288 4203 1412 4259 quos
1448 4183 1712 4255 abjicimus
1738 4181 1756 4213 ⁸

179 4275 418 4372 exquirite
430 4296 698 4353 rationem.
716 4289 808 4347 Sic
822 4283 1144 4358 reapondeat
1157 4281 1434 4372 quisquam
1458 4275 1757 4341 hominum,

181 4371 257 4448 sic
293 4386 648 4462 respondeat,
692 4382 792 4438 nisi
833 4378 923 4451 qui
960 4374 1172 4431 veritati
1215 4371 1548 4433 adversatur,
1575 4373 1759 4422 contra

184 4499 332 4555 quam
356 4461 465 4539 nun
494 4475 698 4536 invenit
719 4471 847 4545 quid
868 4466 1253 4540 reSpondeatur
1272 4461 1328 4515 ’ἰν
1348 4461 1404 4517 Si
1430 4473 1562 4530 ergo
1584 4467 1638 4513 et
1663 4472 1762 4512 nos

185 4549 362 4631 eadem
395 4571 562 4629 verba
603 4567 866 4631 dicamus,
908 4559 1124 4616 Interim
1163 4570 1260 4611 vos
1297 4552 1447 4626 prius
1473 4566 1504 4606 a
1529 4549 1761 4620 collega-

187 4681 296 4722 rum
324 4675 623 4723 vestrorum
651 4654 964 4715 criminibus
991 4665 1110 4724 qum
1145 4647 1315 4704 nostis
1357 4642 1578 4715 eripite,
1605 4651 1658 4696 et
1685 4639 1763 4695 sic

189 4759 334 4815 nobis
364 4757 433 4814 de
469 4755 554 4811 his
586 4765 723 4826 quos
748 4746 948 4822 putatis
972 4741 1115 4815 apud
1142 4754 1241 4796 nos
1268 4737 1440 4794 malos
1468 4734 1632 4790 ullum
1660 4730 1766 4826 eri:-

192 4867 304 4909 Iucn
325 4851 538 4925 objicite
559 4867 572 4905 :
593 4823 805 4918 utrique
822 4839 1067 4907 vicimus,
1084 4850 1154 4892 an
1180 4831 1390 4904 utrique
1404 4828 1529 4885 victi
1547 4823 1765 4883 sumus?

249 5012 428 5076 ίεάίιί,
732 5015 873 5076 m9
907 4994 1368 5076 remeasse.
1386 4982 1767 5076 mare“

193 5074 276 5142 sibi
293 5049 1160 5142 ῖθΐὲἷιᾶἷίιιῗῖόῖῖίείιίὲξὶιξ
1179 5058 1393 5142 Et”:
1411 5049 1682 5142 “ﬂmﬁ'
1698 5103 1740 5142 ,ε

251 5110 276 5170 ῖ

630 5179 728 5256 qui
753 5179 943 5241 veritati
975 5179 1287 5253 adversatur,
1311 5179 1477 5226 contra
1497 5183 1644 5241 quam
1675 5179 1771 5217 non

197 5259 359 5324 ίηυεηίι
393 5259 512 5324 quid
530 5253 893 5324 νεεροηαιξαιιςνο
918 5235 1773 5324 nitiaegsmﬂﬁjrsqm

201 5366 537 5450 iiiiﬁ’nbﬁ
762 5366 880 5439 quid
909 5366 1193 5434 respondeo!
1209 5366 1234 5415 ει
1267 5366 1564 5436 Praetulimus
1600 5366 1770 5406 tectio-

203 5457 306 5496 nem
334 5454 413 5498 Ms.
431 5441 814 5512 Cygirauuensis.
831 5463 890 5476 ——
911 5427 1232 5492 Morel,Elem.
1244 5431 1376 5512 erit,
1395 5434 1509 5487 pgg.
1526 5418 1638 5512 .155,
1658 5413 1771 5512 asc,

203 5505 527 5596 πιαιιιιξαὶρίίέ
562 5505 1772 5596 adseratur;E'E‘ﬁ.£‘l“£3“2‘}°.§3m‘13‘

306 5623 386 5719 3:.-
396 5623 1286 5719 maf'rwrf'sazmaquam
1309 5644 1404 5696 ηοη
1441 5623 1620 5701 iis"?!
1653 5623 1771 5694 πιλία

205 5714 530 5785 mandentur
557 5714 581 5772 3’
765 5717 823 5771 διο

1419 187 1623 247 LIBER
1657 186 1983 248 TERTIUS.

2414 146 2539 164 ...τ

3278 182 3388 241 370

1815 304 1929 362 Imo
1949 316 2080 359 vero
2105 299 2198 358 ille
2216 300 2343 358 vicit
2362 314 2461 372 pro
2479 299 2722 358 Ecclesia
2745 313 2842 358 sua
2862 307 2916 357 et
2942 298 2998 355 in
3017 297 3257 356 Ecclesia
3281 313 3402 369 sua,

1812 395 1905 469 qui
1933 410 2031 452 nos
2059 394 2241 451 docuit
2269 394 2321 449 in
2349 392 2623 465 Scriptura
2653 407 2771 460 sua,
2796 399 2856 448 ut
2882 405 3044 448 nemo
3067 391 3324 463 glorietur
3347 391 3407 447 in

1815 489 2052 556 homine,
2074 498 2128 546 et
2146 497 2204 543 ut
2222 488 2312 560 qui
2331 487 2607 558 gloriatur,
2627 487 2681 542 in
2699 485 2926 542 Domino
2943 484 3203 557 glorietur
3218 484 3263 556 (I
3280 482 3402 540 Cor.

1817 599 1895 649 tn,
1922 583 2014 648 2i,
2043 590 2092 637 et
2117 597 2156 647 ι,
2179 581 2295 653 51).
2338 580 2476 637 Ecce
2519 581 2662 637 enim
2711 594 2831 648 nos,
2879 578 2971 651 qui
3016 594 3139 636 cum
3167 580 3408 636 veritatis

1817 676 2031 748 eloquio
2059 675 2310 740 dicimus,
2335 687 2442 730 non
2463 672 2743 744 iustiﬁcari
2762 670 3071 728 credentem
3095 671 3166 726 ab
3190 671 3410 727 homine

1819 784 1850 825 a
1891 783 1998 842 quo
2038 767 2354 838 baptizatur,
2391 765 2487 822 sed
2522 766 2590 821 ab
2623 765 2716 821 illo
2748 764 2816 820 de
2853 779 2960 835 quo
2999 764 3258 835 scriptum
3301 775 3407 822 est.

1820 859 2056 916 Credcnti
2077 860 2131 914 in
2149 875 2263 914 eum
2282 858 2368 929 qui
2377 857 2630 930 justiﬁcat
2651 857 2883 928 impium,
2901 857 3173 928 deputatur
3190 857 3320 926 ﬁdes
3337 857 3406 908 ad

1811 953 2066 1025 justitiam
2093 950 2268 1026 (Rom.
2295 966 2366 1017 tv,
2390 951 2488 1023 5);
2513 949 2764 1021 quoniam
2789 963 2892 1004 non
2925 948 3215 1019 gloriamur
3241 949 3290 1003 in
3314 948 3411 1003 Ito-

1822 1047 1985 1112 mine,
2033 1046 2360 1114 nitimurque
2402 1041 2639 1098 donante
2683 1041 2820 1112 ipso,
2857 1056 2978 1097 cum
3013 1041 3323 1112 gloriamur,
3356 1040 3412 1096 in

1826 1137 2055 1194 Domino
2101 1135 2350 1207 gloriari;
2378 1149 2536 1206 quam
2584 1133 2758 1189 securi
2806 1147 3010 1199 sumus,
3053 1133 3306 1204 quidquid
3345 1132 3414 1187 dc

1825 1227 2144 1302 quibusdam
2191 1236 2388 1283 nostra:
2430 1224 2823 1282 communionis
2865 1223 3170 1279 hominibus
3215 1224 3415 1279 erroris

1827 1331 1918 1376 aut
1949 1319 2189 1376 criminis
2226 1318 2459 1391 probare
2499 1315 2767 1387 potuerit?
2795 1315 2949 1386 Apud
2987 1330 3084 1370 nos
3119 1315 3260 1372 enim
3300 1316 3419 1385 (ιυί-

1827 1429 2058 1485 cumque
2099 1412 2225 1468 mali
2263 1411 2350 1468 vel
2387 1411 2598 1481 penitus
2628 1409 2815 1475 latent,
2842 1408 2929 1464 vel
2961 1407 3276 1480 quibusdam
3306 1409 3418 1462 noti

1828 1515 2047 1579 propter
2083 1505 2252 1562 bonos
2279 1503 2474 1575 quibus
2519 1502 2684 1573 ignoti
2717 1510 2860 1568 sunt,
2883 1509 2939 1556 et
2963 1501 3102 1571 apud
3135 1515 3270 1570 quos
3292 1515 3421 1556 con-

1829 1600 1968 1656 vinci
1997 1615 2102 1656 non
2133 1606 2377 1670 possunt,
2404 1605 2623 1669 propter
2651 1595 2870 1652 unitatis
2898 1604 2952 1650 et
2979 1594 3127 1666 pacis
3151 1594 3421 1650 vinculum

1832 1694 2149 1758 tolerantur,
2173 1707 2240 1748 ne
2264 1706 2387 1748 cum
2415 1690 2634 1746 zizaniis
2663 1690 2965 1747 eradicetur
2985 1697 3041 1745 et
3065 1688 3326 1755 triticum;
3350 1689 3422 1743 ita

1833 1803 1944 1844 sua:
1970 1788 2185 1843 malitiae
2210 1786 2474 1842 sarcinam
2507 1791 2740 1854 portant,
2767 1791 2826 1838 ut
2852 1795 2972 1838 eam
3010 1796 3133 1838 cum
3157 1781 3236 1840 eis
3263 1795 3425 1836 nemo

1833 1880 2213 1945 communicet,
2246 1877 2348 1934 nisi
2377 1876 2572 1949 quibus
2597 1889 2784 1932 eorum
2815 1863 3066 1946 iniquitas
3093 1873 3286 1944 placet.
3313 1871 3423 1927 Ne-

1834 1988 1939 2046 que
1958 1973 2101 2029 enim
2129 1971 2438 2037 metuimus,
2461 1983 2530 2025 ne
2561 1981 2695 2040 quos
2719 1966 2988 2038 baptizant
3012 1965 3290 2036 iustiﬁcari
3316 1978 3424 2020 non

1836 2064 2076 2138 possint;
2105 2079 2227 2120 cum
2255 2063 2327 2118 illi
2354 2062 2406 2118 in
2437 2076 2558 2118 eum
2579 2057 2800 2116 credant
2817 2057 2908 2130 qui
2933 2055 3190 2128 justiﬁcat
3210 2056 3424 2128 impios,

1836 2167 1894 2212 ut
1918 2156 2204 2226 deputetur
2230 2154 2364 2209 ﬁdes
2389 2167 2574 2210 eorum
2602 2151 2670 2207 ad
2695 2150 2956 2222 justitiam
2983 2148 3172 2221 (Ibid.,
3200 2147 3278 2212 5).

1906 2246 2134 2305 CAPUT
2180 2243 2447 2302 XXXVII.
2473 2273 2544 2284 —
2575 2243 2665 2300 45.
2707 2241 2942 2298 Proinde
2983 2241 3124 2312 apud
3162 2255 3284 2307 nos,
3328 2254 3429 2296 nec

1838 2343 1931 2400 ille
1955 2357 2114 2414 quem
2142 2339 2275 2396 dixit
2321 2355 2352 2394 a
2391 2338 2545 2396 nobis
2583 2339 2600 2370 ¹
2643 2345 2862 2408 propter
2899 2333 3293 2392 Sodomitarum
3319 2334 3430 2390 eri-

1841 2452 1963 2493 men
1989 2436 2275 2506 objectum,
2299 2441 2354 2488 et
2376 2432 2428 2486 in
2458 2431 2635 2488 locum
2663 2428 2783 2501 ejus
2806 2428 3032 2484 alterum
3061 2427 3430 2493 constitutum,

1840 2536 1896 2585 et
1917 2540 2103 2583 rursus
2131 2525 2231 2596 ipsi
2257 2533 2440 2580 nostro
2465 2521 2692 2592 collegio
2716 2519 3006 2588 redditum,
3035 2519 3279 2576 nesciens
3304 2516 3433 2588 quid

1840 2619 2121 2689 loquatur;
2167 2630 2265 2670 nec
2299 2614 2387 2669 ille
2419 2627 2576 2684 quem
2605 2611 2744 2683 apud
2769 2626 2866 2667 vos
2890 2610 3239 2682 pmnitentem
3266 2608 3434 2664 fuisse

1842 2717 2248 2776 commemorat,
2276 2720 2611 2778 quocumque
2641 2702 2998 2760 modoeorum
3012 2717 3189 2758 causae
3216 2700 3434 2758 defendi

1843 2807 1956 2862 sive
1985 2803 2193 2876 possint
2216 2802 2332 2857 sive
2360 2814 2464 2855 non
2495 2797 2724 2871 possint,
2745 2794 2944 2867 aliquid
2965 2793 3314 2868 praeiudicant
3332 2792 3436 2848 Ec-

1843 2896 2021 2954 clesiaa
2051 2896 2168 2960 Dei,
2218 2909 2338 2966 quae
2384 2907 2481 2964 per
2521 2905 2710 2947 omnes
2754 2896 2941 2961 gentes
2979 2886 3331 2953 diffunditur,
3381 2893 3438 2939 et

1844 2987 2037 3046 crescit
2063 2989 2117 3044 in
2145 2984 2344 3043 mundo
2375 2999 2543 3055 usque
2569 2982 2634 3038 ad
2666 2996 2896 3038 messem
2928 2998 2942 3035 :
2972 2979 3026 3035 in
3071 2994 3174 3051 qua
3217 2979 3264 3034 si
3309 2993 3438 3032 vero

1847 3084 1970 3140 mali
2003 3090 2126 3138 sunt
2149 3095 2284 3153 quos
2307 3077 2590 3142 accusatis,
2622 3089 2728 3132 non
2751 3074 2862 3146 jam
2903 3073 2958 3129 in
2998 3071 3112 3141 illa,
3141 3071 3239 3127 sed
3266 3071 3318 3126 in
3347 3085 3440 3141 pa—

1849 3179 1944 3234 leis
1973 3177 2088 3246 ejus
2117 3183 2275 3240 sunt;
2319 3174 2365 3229 si
2404 3181 2580 3227 autem
2621 3168 2748 3225 boni
2792 3176 2938 3235 sunt,
2977 3181 3098 3224 cum
3125 3180 3222 3222 eos
3245 3165 3440 3236 iniquis

1849 3269 2311 3328 criminationibus
2324 3264 2611 3330 infamatis,
2633 3263 2736 3335 ipsi
2749 3261 2898 3318 velut
2913 3275 3102 3316 aurum
3123 3258 3438 3331 probantur.

1849 3361 2002 3418 vobis
2027 3362 2078 3415 in
2111 3359 2278 3430 paleae
2307 3355 2708 3414 similitudinem
2731 3352 3041 3408 ardentibus
3082 3369 3097 3406 :
3141 3350 3332 3406 alienis
3357 3359 3443 3404 ta-

1850 3469 1972 3511 men
2001 3452 2234 3524 peccatis
2259 3465 2364 3506 non
2393 3448 2689 3504 maculatur
2712 3443 2974 3512 Ecclesia,
3002 3459 3121 3515 quae
3144 3441 3442 3499 secundum

1854 3545 2191 3604 ﬁdelissimas
2239 3541 2548 3614 prophetias
2583 3547 2696 3595 toto
2734 3545 2996 3594 terrarum
3027 3535 3160 3593 orbe
3200 3535 3440 3601 dilatata,

1854 3641 2014 3697 ﬁnem
2045 3637 2223 3694 smculi
2252 3644 2500 3707 tanquam
2527 3633 2675 3689 littus
2701 3638 2999 3701 exspectat,
3038 3642 3146 3700 quo
3187 3625 3447 3699 perducta

1855 3738 2036 3787 careat
2061 3727 2295 3801 piscibus
2320 3725 2492 3792 malis,
2520 3738 2642 3781 cum
2668 3721 2859 3794 quibus
2883 3720 3022 3777 intra
3046 3719 3234 3777 eadem
3265 3717 3414 3775 domi
3430 3751 3445 3759 -

1857 3824 1976 3881 nica
2001 3822 2156 3889 retia,
2188 3817 2438 3890 quamdiu
2467 3814 2710 3888 separari
2737 3814 2806 3870 ab
2839 3812 2919 3870 eis
2958 3811 3303 3884 impatienter
3337 3825 3448 3866 non

1857 3913 2064 3980 debuit,
2093 3921 2297 3968 natura:
2327 3907 2736 3966 incommoditas
2761 3903 2888 3962 ferri
2916 3903 3088 3976 potuit
3113 3903 3446 3959 innocenter.

1857 4006 1969 4064 Nec
1993 4013 2276 4078 propterea
2307 4011 2483 4058 tamen
2526 3996 2886 4056 ecclesiastica
2913 3995 3193 4067 disciplina
3223 3991 3451 4064 negligi—

1860 4109 1950 4157 tur
1975 4114 2006 4155 a
2030 4094 2401 4154 constantibus
2425 4101 2481 4149 et
2507 4089 2848 4162 diligentibus
2873 4097 2930 4144 et
2953 4085 3304 4158 prudentibus
3333 4084 3447 4140 dis-

1864 4189 2234 4264 pensatoribus
2258 4184 2477 4251 Christi,
2507 4182 2597 4236 ubi
2627 4180 2851 4236 crimina
2907 4178 2979 4234 ita
3018 4177 3448 4242 manifestantur,

1861 4295 1921 4342 ut
1946 4284 2088 4340 nulla
2119 4280 2324 4353 possint
2348 4275 2606 4349 probabili
2635 4272 2842 4328 ratione
2858 4268 3096 4326 defendi.
3122 4269 3349 4324 Exstant
3371 4269 3456 4324 in-

1863 4375 2212 4439 numerabilia
2239 4374 2556 4430 documenta
2581 4369 2634 4423 in
2660 4366 2742 4424 eis
2765 4365 2854 4436 qui
2883 4363 2967 4420 vel
2995 4361 3233 4434 episcopi
3259 4361 3345 4418 vel
3369 4362 3452 4417 al-

1864 4471 2030 4530 terius
2059 4461 2423 4537 hujuscemodi
2445 4459 2642 4532 gradus
2661 4455 2845 4513 clerici
2870 4453 3103 4518 fuerunt,
3126 4459 3182 4507 ct
3205 4466 3348 4508 nunc
3369 4451 3456 4507 de.

1866 4563 2070 4638 gradati
2111 4559 2197 4616 vel
2245 4554 2447 4629 pudore
2493 4555 2547 4609 in
2590 4549 2729 4606 alias
2765 4556 2938 4604 terras
2977 4543 3246 4608 abierunt,
3275 4541 3363 4598 vel
3387 4543 3456 4597 ad

1867 4634 1968 4712 vos
1993 4655 2137 4724 ipsos
2164 4657 2256 4706 aut
2280 4646 2347 4703 ad
2367 4645 2500 4701 alias
2525 4643 2760 4700 haereses
2784 4637 3132 4704 transierunt,
3151 4634 3240 4690 vel
3265 4634 3319 4689 in
3344 4635 3429 4690 sui
3455 4652 3466 4689 ἱ

1865 4747 2170 4821 regionibus
2217 4741 2329 4800 noti
2375 4747 2502 4796 sunt
2541 4755 2555 4792 :
2599 4746 2830 4808 quorum
2875 4736 3023 4786 tanta
3052 4735 3138 4783 est
3172 4725 3466 4784 multitudn

1869 4815 2107 4913 dispersa
2137 4852 2233 4910 per
2275 4843 2468 4899 terras,
2522 4837 2582 4884 ut
2622 4827 2668 4883 si
2714 4838 2833 4881 eam
2872 4820 3164 4878 Petilianus
3191 4815 3465 4875 refrenatu

1870 4911 2139 5008 paululum
2190 4921 2542 4986 maledicendi
2587 4915 2890 4975 temeritate
2927 4911 3208 4983 cogitaret,
3254 4924 3464 4981 nequa"

1870 5005 2032 5101 quam
2059 5021 2274 5080 caderet
2315 5018 2369 5074 in
2405 5023 2514 5072 tam
2557 5017 2743 5082 aperte
2789 5005 2976 5062 falsam
3002 5014 3306 5072 vanamque
3333 5015 3461 5055 sen-

1873 5092 2115 5183 tentiam,
2146 5128 2249 5186 qua
2277 5105 2560 5167 dicendum
2584 5101 2740 5157 nobis
2763 5105 2979 5172 putaret
3007 5113 3020 5152 :
3049 5092 3218 5150 Nemo
3243 5101 3459 5149 vestrum

1874 5221 1946 5269 est
1965 5212 2218 5271 innocens,
2242 5203 2328 5259 ubi
2353 5216 2468 5257 reus
2488 5211 2635 5251 nemo
2653 5193 2944 5248 damnatur.

1946 5299 2172 5361 CAPUT
2195 5290 2484 5353 XXXVIII.
2511 5319 2584 5332 —
2611 5287 2703 5344 ιι.
2729 5284 2802 5343 Ut
2820 5283 2965 5340 enim
2990 5279 3124 5335 alios
3141 5276 3386 5333 omittam
3409 5275 3462 5328 in

1876 5393 2102 5455 diversis
2127 5388 2288 5445 terris
2315 5383 2648 5446 habitantes;
2675 5377 2766 5434 vix
2791 5373 2935 5433 enim
2965 5368 3157 5426 alicubi
3185 5366 3337 5422 deest
3361 5363 3464 5420 hoc

2735 5541 2798 5591 st,
2821 5542 2908 5580 nec
2943 5524 3029 5577 ille
3050 5533 3193 5591 quem
3211 5518 3345 5583 apud
3381 5531 3466 5589 nos

1944 5555 1960 5587 ³
1987 5547 2126 5604 Fditi,
2149 5557 2181 5593 a
2210 5539 2339 5592 vobis
2366 5552 2384 5590 :
2411 5544 2464 5588 et
2485 5532 2630 5598 paulo
2667 5541 2798 5644 Post,
2821 5542 2908 5580 nec
2943 5532 3029 5577 ille
3050 5533 3193 5593 quem
3211 5532 3345 5583 apua
3381 5532 3466 5589 nos

1944 5612 2199 5646 ηιειηιιρω,
2217 5611 2434 5646 ιιιιιοσιιε
2455 5597 2562 5646 loco
2581 5595 2664 5646 Gal
2685 5606 2846 5646 tcanos
2868 5597 3069 5646 Veteres
3089 5584 3282 5646 codices
3302 5594 3467 5646 sequi-

1879 5595 2199 5682 pwttitetttem.
2217 5611 2434 5676 Utroque
2455 5595 2562 5648 loco
2581 5595 2846 5661 callis-auos
2868 5597 3069 5647 veteres

1885 5690 2008 5745 mur.
