3792 6138
345 147 442 208 571

347 265 518 326 genus
541 249 838 318 hominum,
869 261 973 320 quo
1000 253 1255 318 appareat
1275 245 1492 318 iniquos
1514 242 1834 314 praepositos
1870 255 1935 296 ac

346 345 644 416 ministros,
673 351 730 400 et
768 342 819 402 in
859 339 1116 400 catholica
1159 336 1399 396 Ecclesia
1437 336 1612 394 solere
1649 334 1889 390 damnari
1921 352 1935 388 :

347 439 709 500 aliisvitanum
733 435 1025 500 Honorium
1050 432 1118 496 de
1143 431 1386 502 proximo
1413 430 1584 504 potuit
1614 429 1828 484 intueri.
1860 427 1940 482 De

349 529 676 606 Splendonio
715 542 861 600 vero,
894 539 1051 597 quem
1081 524 1363 582 diaconum
1395 523 1448 584 in
1482 519 1757 584 Catholica
1783 518 1939 576 dam-

347 633 556 689 natum,
577 630 638 677 et
659 636 689 683 a
716 634 776 682 se
798 618 1186 690 rebaptizatnm
1214 615 1584 696 presbyterum
1613 612 1755 678 fecit,
1786 611 1941 686 cujus

347 732 404 772 in
447 715 614 778 Callia
653 712 1054 776 damnationem
1097 710 1166 771 ad
1215 724 1315 770 nos
1355 724 1386 768 a
1426 707 1678 770 fratribus
1721 706 1941 766 missam

347 811 551 880 collega
582 816 764 866 noster
785 807 1111 870 Fortunatus
1147 803 1346 870 ibidem
1369 801 1512 878 apud
1538 801 1944 864 Constantinam

348 901 562 972 publice
603 898 880 972 legendam
931 898 1228 980 proposuit,
1273 905 1328 958 et
1357 911 1519 978 quem
1568 904 1752 968 postea
1795 893 1944 952 idem

349 993 642 1052 Petilianus
671 990 964 1050 horrendas
1009 989 1127 1070 ejus
1165 986 1386 1048 insidias
1424 995 1676 1060 expertus
1699 986 1894 1057 abjecit
1925 1004 1942 1044 :

245 1081 248 1087 ’
347 1087 417 1146 de
442 1087 547 1148 hoc
570 1101 697 1162 ergo
720 1083 1046 1156 Splendonio
1088 1082 1303 1156 quando
1342 1096 1450 1138 non
1497 1081 1674 1152 potuit
1699 1094 1942 1136 commo-

246 1187 260 1254 ξ
347 1179 467 1236 neri
488 1176 941 1251 quemadmodum
963 1175 1087 1238 mali
1114 1185 1170 1232 et
1189 1175 1243 1231 in
1266 1172 1537 1234 Catholica
1559 1172 1943 1247 degradentur?

258 1264 274 1339 i:
348 1274 510 1332 Miror
535 1273 589 1330 in
617 1287 722 1344 quo
751 1271 1071 1331 temeritatis
1094 1266 1388 1346 praecipitio
1415 1283 1510 1326 cor
1539 1268 1792 1337 habebat,
1819 1282 1943 1324 cum

260 1434 269 1442 ,
348 1368 451 1426 ista
479 1367 728 1438 dictaret,
759 1365 848 1428 ubi
875 1379 1040 1424 ausus
1065 1371 1148 1422 est
1171 1363 1352 1420 dicere
1377 1381 1392 1418 :
1427 1361 1590 1422 Nemo
1621 1371 1832 1418 vestrum
1870 1370 1945 1417 est

262 1453 268 1460 ’
344 1474 609 1530 innocens,
657 1457 742 1518 ubi
773 1474 888 1516 reus
932 1472 1076 1514 nemo
1105 1456 1397 1516 damnatur.
1428 1453 1785 1524 Quamobrem
1816 1468 1943 1524 per-

255 1602 262 1633 ,
350 1552 503 1610 mixti
546 1551 913 1623 corporaliter,
945 1549 1180 1626 separati
1220 1547 1567 1620 spiritualiter
1595 1547 1649 1608 in
1679 1546 1944 1610 catholica

351 1647 591 1708 Ecclesia
612 1645 760 1718 mali,
789 1654 844 1702 et
861 1644 1074 1720 quando
1103 1644 1334 1708 humana
1362 1643 1668 1704 conditione
1691 1643 1946 1716 ignorans

352 1748 458 1804 tur,
481 1746 534 1798 et
573 1737 787 1810 quando
823 1736 1117 1814 disciplina:
1147 1735 1576 1796 consideratione
1599 1735 1942 1806 damnantur,

351 1845 478 1893 suas
505 1829 741 1892 sarcinas
765 1836 999 1902 portant.
1032 1828 1111 1888 Ac
1146 1842 1243 1899 per
1265 1826 1368 1884 hoc
1409 1827 1483 1882 illi
1513 1827 1687 1886 securi
1727 1836 1872 1895 sunt,
1898 1826 1946 1890 si

351 1937 537 1984 eorum
579 1922 810 1995 peccatis
848 1920 1144 1984 imitatione
1176 1928 1234 1976 et
1271 1918 1624 1980 consensione
1651 1933 1761 1982 non
1799 1933 1948 1974 com-

352 2017 648 2086 municant,
686 2015 1008 2092 quicumque
1045 2029 1141 2092 per
1177 2026 1273 2072 eos
1297 2010 1495 2072 Christi
1539 2010 1810 2088 Baptismo
1847 2011 1946 2067 ba-

353 2109 617 2180 ptizantur
651 2127 664 2166 ;
695 2107 818 2183 quia
857 2115 911 2164 et
934 2107 978 2162 si
1005 2120 1106 2181 per
1131 2103 1364 2176 optimos
1390 2102 1806 2174 baptizarcntur,
1840 2116 1946 2162 non

353 2201 458 2259 nisi
483 2202 550 2260 ab
580 2201 669 2262 illo
697 2200 787 2272 qui
814 2198 1070 2270 justiﬁcat
1104 2197 1324 2270 impium
1345 2196 1780 2270 justiﬁearentur.
1807 2195 1947 2260 Cre-

357 2295 604 2358 dentibns
629 2293 827 2366 quippe
847 2293 900 2348 in
937 2307 1060 2350 eum
1081 2291 1172 2365 qui
1196 2289 1452 2360 justiﬁeat
1492 2290 1735 2360 impium,
1777 2290 1948 2362 depu-

360 2395 499 2448 tatur
523 2385 654 2444 tides
671 2385 736 2442 ad
761 2385 1045 2458 justitiam.

429 2477 656 2536 CAPUT
686 2476 930 2540 XXXIX.
963 2505 1032 2528 -τ
1059 2475 1149 2542 45.
1179 2474 1289 2534 Vos
1313 2485 1512 2544 autem,
1540 2489 1663 2538 cum
1690 2474 1952 2545 objiciun-

359 2583 448 2639 tur
472 2572 621 2630 vobis
660 2571 1082 2640 Maximianistte,
1121 2578 1479 2634 trecentorum
1519 2578 1578 2634 et
1601 2567 1788 2627 decem
1815 2585 1949 2632 con-

360 2663 468 2720 cilii
499 2660 576 2736 (a)
607 2661 870 2726 sententia
911 2659 1180 2726 damnati;
1226 2659 1414 2720 eodem
1453 2660 1680 2718 concilio
1717 2669 1794 2718 tot
1822 2675 1950 2734 pro-

362 2755 690 2821 consulibus,
724 2762 800 2818 tot
839 2753 1015 2814 Gestis
1059 2750 1467 2824 municipalibus
1511 2751 1738 2828 allegato
1778 2766 1950 2822 oppu-

361 2847 509 2920 gnati
528 2847 544 2878 ⁸
566 2862 582 2913 ;
608 2846 677 2904 de
705 2844 941 2908 basilicis
965 2859 1099 2915 quas
1128 2843 1400 2912 tenebant,
1431 2858 1526 2913 per
1547 2843 1694 2916 jussa
1712 2843 1952 2914 judicum

363 2951 419 2998 et
445 2941 717 2998 civitatum
748 2939 941 2996 auxilia
972 2937 1268 3012 proturbati
1288 2938 1344 3006 ’ς
1387 2951 1570 3000 rursus
1595 2953 1628 2996 a
1652 2937 1804 2996 vobis
1829 2952 1952 2996 cum

366 3034 446 3092 eis
478 3046 614 3106 quos
643 3040 790 3092 extra
817 3030 1246 3092 communionem
1275 3038 1507 3086 vestram
1533 3031 1951 3102 baptizaverant,

367 3128 485 3193 sine
524 3126 630 3186 ulla
661 3124 917 3198 Baptismi
961 3124 1255 3196 quaestione
1295 3124 1530 3194 Suscepti
1578 3134 1631 3190 et
1675 3123 1950 3192 honorati;

367 3219 492 3292 quid
543 3219 910 3292 respondeatis
953 3231 1062 3276 non
1110 3217 1379 3284 invenitis.
1429 3216 1705 3280 Sententia
1759 3218 1955 3292 quippe

367 3313 659 3380 vincintini,
713 3327 816 3372 non
859 3325 1008 3380 vero,
1045 3309 1142 3370 sed
1184 3319 1381 3378 vestra,
1423 3326 1526 3383 qua
1553 3312 1873 3376 contenditis
1900 3312 1954 3370 in

365 3408 554 3476 eadem
581 3406 961 3475 communione
1001 3404 1494 3472 Sacramentorum,
1544 3407 1679 3470 alios
1726 3407 1955 3468 aliorum

368 3499 542 3572 perire
569 3498 904 3568 criminibus,
935 3505 990 3558 et
1011 3497 1171 3564 talem
1197 3512 1463 3569 quemque
1492 3511 1631 3566 esse,
1675 3499 1846 3572 qualis
1874 3507 1958 3556 est

366 3593 532 3662 homo
559 3608 589 3656 a
627 3607 732 3664 quo
762 3591 922 3658 fuerit
951 3591 1280 3666 baptizatus;
1317 3591 1363 3648 si
1390 3605 1612 3666 nocens,
1642 3601 1957 3660 nocentem;

367 3687 414 3744 si
439 3688 716 3754 innocens,
744 3684 1102 3752 innocentem.
1143 3682 1273 3754 Quae
1315 3684 1361 3740 si
1385 3699 1509 3742 vera
1537 3693 1682 3752 sunt,
1723 3696 1782 3744 ut
1824 3687 1959 3748 alios

369 3777 786 3844 innumerabiles
814 3777 1079 3844 omittam,
1101 3776 1608 3844 Maximianistarum
1636 3788 1801 3847 certe,
1825 3795 1960 3852 quo-

369 3887 488 3934 ,ψη
515 3869 691 3934 melus
717 3883 883 3940 usque
902 3868 969 3934 aq
993 3868 1204 3935 illorum
1227 3867 1627 3930 similitudinem
1655 3886 1789 3944 quos
1809 3873 1960 3932 vivos

371 3971 512 4032 terra
540 3960 767 4027 sorbuit,
801 3961 853 4024 in
888 3969 994 4026 tam
1021 3975 1309 4026 numeroso
1345 3961 1577 4028 concilio
1601 3965 1763 4024 veStri
1793 3981 1958 4039 exag-

368 4061 638 4126 geraruni.
683 4066 778 4110 vos
819 4052 1042 4118 crimina
1080 4051 1445 4123 perdiderunt,
1489 4051 1546 4122 Si
1571 4064 1750 4118 autem
1786 4057 1958 4124 Maxi-

370 4148 735 4210 mianistarum
765 4145 990 4204 crimina
1017 4160 1114 4212 vos
1143 4162 1247 4204 non
1280 4146 1655 4218 perdiderunt;
1683 4147 1815 4216 falsa
1838 4161 1959 4214 sunt

365 4257 488 4313 qum
516 4240 586 4305 ita
615 4239 846 4305 sentitis,
875 4247 929 4300 ot
959 4239 1129 4306 multo
1153 4240 1329 4304 minus
1356 4239 1536 4302 nescio
1562 4255 1678 4314 qum
1706 4258 1810 4310 non
1838 4257 1961 4314 pro-

369 4333 492 4396 bata
522 4333 748 4396 crimina
784 4330 1030 4396 Afrorum
1076 4332 1262 4388 orbem
1307 4341 1569 4396 terrarum
1615 4334 1838 4406 perdere
1867 4350 1962 4408 po-

369 4436 605 4488 tuerunt.
624 4427 698 4488 Ac
719 4441 818 4498 per
839 4425 962 4493 hoc,
985 4426 1123 4493 sicut
1141 4425 1326 4492 scribit
1349 4425 1655 4496 Apostolus,
1681 4425 1962 4498 Unusquis-

369 4536 466 4591 que
506 4535 651 4584 suam
695 4517 948 4578 sarcinam
995 4523 1163 4588 portat
1210 4514 1407 4588 (Colat.
1436 4532 1510 4584 vr,
1542 4516 1598 4588 5)
1630 4536 1642 4572 :
1670 4526 1726 4574 et
1763 4517 1961 4574 nullius

371 4621 457 4671 est
482 4613 790 4684 Baptismtts
831 4609 1052 4677 Christi,
1090 4609 1194 4672 nisi
1233 4609 1471 4668 Christi:
1501 4619 1558 4668 et
1601 4608 1794 4668 frustra
1833 4625 1960 4684 pro-

285 4708 296 4718 '
373 4706 537 4764 mittit
562 4706 853 4765 Petilianus
880 4720 948 4764 ex
975 4703 1079 4766 hoc
1102 4703 1246 4774 quod
1266 4702 1334 4767 de
1362 4702 1762 4766 Maximianistis
1787 4707 1960 4764 inten-

375 4802 571 4867 dimus,
613 4801 665 4856 in
709 4799 945 4856 secundo
974 4798 1112 4859 libro
1138 4811 1258 4854 esse
1283 4795 1570 4864 dicturum,
1618 4797 1778 4854 nimis
1820 4799 1961 4858 male

373 4892 610 4948 sentiens
634 4891 702 4946 do
731 4889 978 4947 cordibus
1021 4887 1301 4956 humanis,
1330 4887 1484 4959 quasi
1517 4901 1624 4946 non
1667 4887 1961 4964 intelligant

374 5001 498 5041 cum
524 4999 630 5040 non
660 4983 858 5039 habere
887 4982 1013 5054 quid
1036 4981 1196 5042 dicat.

444 5075 670 5132 CAPUT
693 5075 805 5132 XL.
828 5105 896 5116 --
915 5075 1004 5134 46.
1035 5074 1168 5134 Nam
1195 5075 1242 5136 si
1277 5075 1600 5148 Baptismus,
1627 5091 1783 5147 quem
1816 5075 1961 5133 Prte-

375 5179 607 5226 tcxtatus
636 5178 690 5225 ct
716 5167 1012 5226 Felicianns
1040 5169 1092 5226 in
1133 5169 1436 5232 Maximiani
1461 5170 1833 5234 communione
1860 5171 1956 5236 mi-

437 5392 453 5424 ι
479 5397 556 5440 Er.
601 5389 748 5452 Lugd.
784 5395 1050 5453 Ven._t.ov.
1089 5390 1160 5438 sic
1194 5389 1367 5453 legunt
1386 5388 1516 5453 hunc
1539 5387 1706 5453 locum
1740 5403 1752 5440 :
1781 5389 1960 5453 Eodem

374 5453 576 5510 concilio
590 5458 654 5518 tot
675 5450 1038 5518 proconsulibus
1051 5457 1096 5502 et
1114 5457 1177 5501 tot
1198 5450 1346 5503 Ge'stis
1367 5450 1736 5517 municipalibus
1755 5451 1958 5518 allegato

370 5522 919 5652 herilium“.
940 5578 1239 5640 castigantur
1265 5591 1326 5630 ex
1351 5579 1706 5645 manuscripits.

434 5639 509 5701 (α)
532 5639 787 5703 Bagaitani.

1233 126 1504 184 CONTRA
1545 123 1886 182 LITTERAS
1921 121 2301 188 PETILIANI,
2344 123 2403 180 S.
2448 123 2814 183 AUGUSTINI

3549 133 3672 202 572

2055 241 2436 310 nistraverunt,
2486 242 2700 300 illorum
2735 243 2874 318 fuit;
2908 260 3004 308 cur
3026 263 3058 304 a
3083 250 3258 322 vobis,
3299 252 3357 309 in
3393 253 3475 316 eis
3510 271 3669 328 quos

2049 333 2474 404 baptizaverunt,
2507 345 2760 410 tanquam
2785 337 2985 397 Christi
3011 355 3294 416 susceptus
3329 347 3452 404 est?
3471 347 3528 406 Si
3559 365 3670 408 au-

2052 436 2164 482 tem
2185 443 2308 484 vere
2329 427 2527 484 Christi
2553 438 2656 498 est,
2688 431 2843 490 sicuti
2868 443 2971 504 est,
3004 451 3104 492 nec
3128 437 3205 494 eis
3235 438 3494 510 prodesse
3519 458 3662 514 pos-

2051 531 2153 590 set,
2186 522 2273 600 qui
2302 537 2423 580 eum
2447 537 2569 578 cum
2601 527 2806 582 scelere
2827 529 3132 586 schismatis
3154 531 3500 603 habuissent;
3523 537 3662 609 quid

2050 627 2147 672 vos
2172 615 2412 686 potuisse
2437 616 2613 672 dicitis
2644 629 2902 690 prtestare
2940 622 3070 695 illis,
3117 639 3251 698 quos
3295 641 3420 683 cum
3457 628 3658 685 eodem

2050 704 2324 778 Baptismo
2353 708 2682 779 suscepistis,
2713 711 2814 770 nisi
2845 722 2903 768 ut
2933 730 3029 784 per
3065 714 3338 773 vinculum
3382 720 3530 792 pacis
3559 721 3662 776 de-

2050 797 2159 858 leto
2205 799 2430 856 crimine
2474 800 2752 866 sceleratae
2793 802 3073 862 divisionis
3101 848 3116 874 ,
3163 823 3272 864 non
3326 824 3654 884 cogerentur

2050 892 2218 948 Sancti
2240 889 2435 947 lavacri
2465 891 2870 952 Sacramentum
2901 897 3142 972 accipere
3170 901 3321 971 quasi
3353 917 3460 958 non
3491 903 3665 961 habe-

2050 991 2193 1050 rent,
2225 982 2320 1040 sed
2347 984 2484 1042 sicut
2510 994 2628 1042 erat
2669 997 2827 1044 antea
2869 990 3253 1062 perniciosum,
3301 994 3373 1049 ita
3410 995 3519 1052 illis
3539 997 3660 1068 jam

2051 1078 2184 1136 utile
2213 1094 2336 1138 esse
2362 1080 2623 1154 inciperet
2648 1082 2792 1156 quod
2817 1082 3116 1141 haberent?
3151 1088 3258 1143 Aut
3286 1089 3334 1146 si
3363 1089 3468 1146 hoc
3496 1093 3577 1148 eis
3604 1093 3662 1148 in

2051 1181 2230 1228 vestra
2257 1173 2634 1230 communione
2663 1175 2961 1246 praestitum
2991 1193 3095 1233 non
3119 1187 3222 1250 est,
3248 1181 3372 1252 quia
3394 1197 3497 1239 nec
3516 1200 3662 1254 prae-

2050 1262 2181 1318 stari
2212 1263 2566 1320 schismaticis
2586 1267 2726 1336 apud
2756 1265 3127 1324 schismaticos
3175 1280 3393 1342 posset;
3434 1273 3537 1330 hoc
3569 1286 3658 1332 ta-

2050 1372 2175 1414 men
2201 1357 2354 1414 vobis
2401 1358 2456 1414 in
2495 1359 2755 1415 catholica
2799 1361 3174 1418 communione
3202 1373 3508 1434 praestatur,
3543 1384 3659 1424 non

2050 1459 2110 1506 ut
2134 1450 2465 1522 Baptismum
2492 1453 2764 1525 accipiatis
2785 1455 2934 1528 quasi
2963 1454 3102 1510 desit
3127 1455 3303 1523 vobis,
3329 1459 3424 1515 sed
3454 1469 3513 1515 ut
3536 1461 3660 1534 ipse

2050 1559 2208 1624 quem
2254 1544 2534 1616 accepistis
2565 1546 2733 1616 prosit
2771 1546 2944 1604 vobis.
2995 1546 3182 1605 Omnia
3225 1551 3424 1624 quippe
3455 1551 3658 1608 Sacra-

2051 1645 2230 1700 menta
2254 1636 2476 1705 Christi,
2508 1653 2615 1694 non
2647 1638 2714 1696 ad
2748 1639 2998 1707 salutem,
3043 1641 3138 1697 sed
3168 1641 3234 1697 ad
3262 1642 3520 1714 judicium
3552 1646 3659 1699 ba-

2049 1730 2244 1788 bentur
2273 1731 2390 1788 sine
2429 1728 2691 1788 ebaritate
2731 1733 2950 1792 unitatis
2979 1732 3198 1790 Christi.
3225 1735 3333 1792 Sed
3359 1739 3505 1808 quia,
3545 1755 3659 1797 non

2050 1837 2199 1890 vera,
2227 1822 2324 1878 sed
2350 1831 2526 1879 vestra
2545 1823 2814 1880 sententia
2834 1833 2936 1894 est,
2959 1842 3049 1898 per
3070 1828 3233 1881 nescio
3262 1845 3478 1901 quorum
3502 1832 3518 1862 ¹
3547 1830 3662 1886 Ba-

2050 1917 2290 1989 ptismum
2314 1915 2618 1972 traditarum
2646 1917 2856 1990 periisse
2880 1917 3065 1980 Christi
3095 1919 3413 1994 Baptismum
3443 1926 3506 1980 de
3534 1926 3664 1982 orbe

2050 2018 2337 2076 terrarum;
2367 2009 2562 2068 merito
2591 2025 2700 2066 non
2734 2010 2985 2070 invenitis
3013 2013 3140 2084 quid
3172 2017 3544 2090 respondeatis
3587 2020 3663 2084 de

2049 2108 2268 2174 recepto
2296 2099 2570 2172 Baptismo
2605 2099 3138 2168 Maximianistarum.

2123 2194 2213 2250 47.
2245 2193 2436 2250 Videte
2483 2194 2664 2266 itaque
2712 2203 2769 2251 et
2831 2196 3236 2268 vigilantissime
3278 2212 3660 2278 mementote,

2053 2284 2504 2356 quemadmodum
2532 2286 2824 2344 Petilianus
2849 2303 2948 2345 nec
2967 2289 3034 2346 ad
3056 2306 3122 2346 ea
3152 2293 3265 2362 ipsa
3289 2296 3660 2372 responderit,

2054 2393 2174 2460 quat
2202 2377 2303 2439 sibi
2349 2378 2420 2435 ita
2461 2382 2731 2451 proponit,
2763 2381 2908 2444 unde
2948 2382 3151 2454 aliquid
3197 2386 3341 2460 loqui
3384 2389 3658 2448 videatur.

2053 2468 2191 2532 Illud
2232 2479 2412 2528 autem
2455 2472 2585 2528 olim
2631 2471 2836 2532 dimisit
2874 2476 3117 2547 omnino,
3148 2494 3248 2536 nec
3292 2481 3448 2539 nobis
3474 2483 3665 2544 dicere

2056 2563 2246 2632 voluit,
2277 2563 2397 2635 quia
2441 2565 2625 2640 utique
2661 2580 2771 2628 non
2800 2567 2994 2640 potuit,
3031 2584 3133 2626 nec
3169 2586 3337 2644 usque
3376 2574 3446 2629 ad
3491 2575 3661 2635 tinem

2057 2656 2343 2718 voluminis
2377 2657 2461 2718 sui
2478 2657 2772 2732 aliquando
2797 2659 3039 2722 dicturus
3067 2670 3170 2732 est,
3199 2664 3342 2736 quod
3367 2681 3436 2724 ex
3464 2670 3666 2740 primis

2056 2749 2298 2830 partibus
2322 2749 2578 2826 Epistolte
2599 2767 2752 2819 mete,
2781 2754 2929 2830 quasi
2949 2754 3302 2814 refellendum
3325 2774 3667 2826 commemo-

2055 2841 2217 2904 ravit.
2259 2841 2469 2902 Additis
2509 2844 2706 2916 quippe
2753 2845 2918 2902 etiam
2953 2845 3161 2908 duobus
3191 2850 3390 2918 verbis,
3418 2869 3542 2926 qua:
3569 2871 3667 2918 me

2059 2934 2410 3002 subtraxisse,
2441 2937 2593 3008 quasi
2621 2936 2912 3000 fortissima
2933 2954 3028 3001 sna
3054 2942 3384 3006 mammeata
3405 2946 3662 3020 iactavit,

2062 3025 2412 3090 nihilominus
2460 3027 2774 3090 imtnunitus
2820 3029 3030 3110 iacens,
3073 3049 3180 3092 non
3223 3036 3502 3101 inveniens
3529 3043 3666 3116 quid

2055 3118 2400 3190 respondeat,
2431 3135 2552 3180 cum
2593 3124 2868 3198 qumritur,
2906 3123 2968 3182 Si
2999 3129 3302 3188 conscientia
3325 3142 3500 3188 sancte
3528 3135 3668 3200 dan-

2060 3209 2124 3272 ti;
2173 3211 2448 3268 attenditur
2477 3253 2494 3280 ,
2537 3229 2649 3284 qua:
2693 3215 2868 3276 abluat
2903 3217 3218 3289 accipientis,
3261 3221 3395 3286 unde
3432 3225 3498 3280 sit
3547 3229 3667 3299 ejus

2059 3305 2313 3368 abluenda
2352 3308 2677 3378 conscientia,
2733 3309 2818 3382 qui
2855 3309 3108 3386 pollutam
3152 3318 3510 3376 conscientiam
3554 3337 3667 3378 non

2061 3406 2232 3456 sancte
2266 3395 2434 3460 dantis
2462 3398 2699 3476 ignorat;
2726 3403 2840 3463 etsi
2879 3403 2993 3476 quis
3017 3404 3171 3474 [idem
3199 3407 3362 3468 sciens
3400 3426 3432 3462 a
3459 3411 3666 3482 perﬁdo

2062 3492 2352 3562 sumpserit,
2390 3508 2492 3548 non
2521 3492 2674 3563 ﬁdem
2707 3495 2942 3570 percipit,
2966 3496 3057 3554 sed
3085 3508 3301 3568 reatum,
3341 3503 3479 3556 unde
3502 3504 3667 3574 ﬁdem

2061 3595 2357 3660 accepturus
2382 3587 2468 3652 sit,
2519 3603 2620 3650 non
2661 3596 2875 3660 reatum,
2919 3593 3007 3664 qui
3049 3593 3274 3658 nesciens
3309 3595 3604 3668 baptizatur
3631 3619 3668 3656 a

2064 3678 2260 3749 perﬁdo
2279 3678 2380 3740 :ad
2405 3678 2510 3737 hoc
2531 3694 2652 3738 eum
2675 3681 2784 3756 jam
2805 3683 2895 3746 diu
2919 3698 2986 3742 ex
3007 3701 3113 3762 quo
3128 3687 3383 3758 loquitur,
3409 3691 3546 3752 nihil
3569 3711 3664 3754 re-

2061 3771 2344 3842 spondisse
2368 3771 2709 3834 manifestum
2738 3784 2842 3832 est.

2134 3863 2224 3920 48.
2255 3863 2516 3935 Deinceps
2556 3866 2790 3937 perrexit
2831 3882 2926 3930 ore
2969 3870 3231 3932 maledico
3276 3873 3328 3936 in
3378 3877 3661 3952 -ιῑιιιροι-θ-

2064 3955 2263 4020 tionem
2319 3958 2768 4026 monasteriorum
2820 3969 2875 4015 et
2940 3963 3320 4028 monachorum
3355 4010 3370 4040 ,
3424 3985 3663 4042 arguens

2063 4047 2224 4108 etiam
2253 4063 2358 4113 me,
2387 4048 2527 4121 quod
2550 4049 2654 4108 hoc
2672 4065 2840 4128 genus
2863 4051 2984 4110 vita:
3009 4068 3038 4110 a
3067 4071 3153 4112 me
3176 4055 3334 4120 fuerit
3356 4059 3661 4120 institutum

2065 4137 2160 4213 (a).
2188 4139 2342 4212 Quod
2388 4154 2559 4212 genus
2602 4141 2726 4198 vitae
2767 4144 2986 4203 omnino
3013 4147 3173 4222 quale
3211 4149 3300 4217 sit,
3333 4153 3540 4221 nescit;
3574 4158 3662 4214 vel

2063 4231 2240 4304 potius
2268 4239 2381 4292 toto
2422 4231 2553 4290 orbe
2596 4233 2932 4294 notissimum
2978 4237 3187 4296 nescire
3228 4255 3288 4300 se
3333 4241 3502 4314 ﬁngit.
3533 4246 3664 4304 Inde

2062 4341 2314 4388 asserens
2337 4341 2424 4386 me
2460 4325 2682 4402 dixisse,
2729 4327 3000 4388 Christum
3029 4347 3147 4394 esse
3187 4334 3496 4412 baptistam,
3535 4343 3664 4404 sub-

2059 4418 2193 4490 jecit
2233 4419 2396 4480 etiam
2442 4419 2690 4491 qundam
2717 4421 2876 4482 verba
2926 4438 2990 4482 es
3022 4423 3260 4494 Epistola
3313 4443 3454 4496 mea,
3506 4436 3662 4502 quasi

2065 4511 2168 4568 hoc
2186 4527 2254 4576 ex
2279 4527 2398 4578 mea
2417 4514 2679 4576 sententia
2705 4514 2952 4584 dixerim,
2975 4517 3115 4590 quod
3135 4534 3200 4576 ex
3217 4531 3392 4578 vestra
3415 4533 3471 4581 et
3492 4526 3664 4598 ipsius

2063 4606 2198 4675 dixi,
2230 4615 2286 4669 et
2307 4607 2676 4679 copiosissima
2704 4610 2982 4668 atrocitate
3012 4611 3256 4672 invectus
3281 4626 3384 4684 est,
3416 4621 3572 4689 quasi
3607 4622 3662 4676 in

2065 4713 2152 4754 me
2178 4697 2270 4769 qui
2289 4697 2393 4764 hoc
2417 4697 2681 4766 dixerim;
2705 4714 2826 4756 cum
2849 4701 2938 4758 illa
2973 4717 3132 4772 quam
3159 4706 3527 4776 reprehendit,
3554 4726 3662 4767 non

2064 4791 2136 4848 sit
2176 4805 2318 4860 mea,
2349 4791 2442 4848 sed
2473 4791 2639 4863 ipsius
2665 4801 2721 4848 et
2757 4801 2933 4850 vestra
2980 4799 3273 4863 sententia;
3314 4798 3458 4869 quod
3500 4803 3660 4872 paulo

2066 4893 2187 4956 post
2241 4883 2492 4953 dilucide,
2542 4893 2799 4956 quantum
2851 4885 3107 4956 valuere,
3151 4888 3661 4966 demonstrabo(b).

2067 4979 2268 5036 Deinde
2294 4987 2516 5035 conatus
2547 4987 2633 5035 est
2674 4994 2774 5036 nos
2812 4979 3010 5038 docere
3048 4982 3234 5039 multis
3271 4993 3328 5040 et
3373 4988 3664 5057 supernuis

2063 5070 2265 5138 verbis,
2293 5069 2436 5142 quod
2468 5085 2575 5130 non
2605 5069 2849 5128 Christus
2889 5072 3140 5146 baptizce,
3173 5075 3266 5130 sed
3311 5075 3363 5132 in
3395 5078 3515 5149 ejus
3561 5096 3664 5138 no-

2065 5163 2210 5218 mine
2235 5162 2553 5246 baptizetur,
2584 5163 2743 5219 simul
2789 5170 2845 5218 et
2893 5163 3068 5220 Patris
3094 5175 3150 5221 et
3188 5164 3306 5222 Filii
3338 5177 3393 5224 ct
3428 5169 3662 5240 Spiritus

2065 5259 2254 5326 sancti,
2285 5257 2352 5314 de
2375 5273 2476 5329 qua
2507 5258 2620 5330 ipsa
2645 5257 2907 5324 Trinitate
2937 5259 3071 5318 dixit
3095 5261 3182 5318 vel
3207 5263 3348 5334 quod
3378 5265 3550 5322 voluit
3571 5267 3658 5323 vel

2064 5352 2204 5428 quod
2238 5351 2429 5426 potuit,
2457 5348 2714 5408 Christum
2737 5367 2844 5407 esse
2876 5353 3095 5408 modium
3129 5349 3412 5410 Trinitatis.
3445 5356 3576 5414 Inde
3595 5358 3661 5416 de

2129 5517 2148 5588 ξ
2171 5517 2448 5588 iisiiss-At
2810 5527 2900 5588 μεθ’

2129 5578 2203 5701 δαὶ
2225 5578 2342 5652 vide
2359 5577 2620 5650 tjossldium
2643 5579 2692 5627 in
2714 5577 2822 5628 vita
2835 5577 3101 5644 Augustini,
3125 5591 3263 5645 capp.
3288 5579 3338 5646 Β,
3360 5580 3438 5633 η.

2153 5641 2181 5687 b
2227 5639 2341 5692 Vide
2366 5640 2506 5701 Infra,
2531 5651 2634 5701 cap.
2656 5639 2734 5701 45,
2761 5654 2811 5690 n.
2831 5640 2909 5693 54.

2153 5639 2203 5701 tt)
2227 5639 2341 5692 Vide
2366 5640 2506 5701 infra,
2531 5651 2634 5703 cap.
2656 5639 2734 5704 45,
2761 5654 2811 5690 n.
2831 5639 2909 5693 54.
