3792 6132
76 187 177 252 57⁸5

83 303 288 362 nomine
314 298 559 360 Simonis
586 304 642 353 et
667 291 887 365 Barjesu
912 290 930 324 ι
958 300 1237 361 magorum
1269 284 1494 360 ingessit
1518 284 1674 340 nobis

83 412 204 472 quas
232 409 358 451 eum
385 391 539 448 libuit
571 385 942 446 contumelias.
971 379 1105 445 Inde
1148 365 1346 452 Optati‘
1370 377 1681 450 Thamuga-

83 471 254 548 densis
282 501 506 544 causam
544 480 872 558 pedetentim
901 474 1258 549 suspendens,
1286 488 1355 528 ne
1385 471 1530 527 illius
1555 485 1679 543 per-

88 582 394 641 funderetur
424 573 644 645 invidia,
674 589 781 629 non
813 587 893 639 se,
935 583 1035 625 nec
1059 580 1185 622 suos
1224 564 1292 621 de
1319 563 1412 621 illo
1435 561 1680 633 judicare

85 674 351 748 potuisse;
379 670 514 727 etin
543 683 610 725 eo
633 668 752 738 ipso
781 678 879 720 nos
907 657 1244 727 insimulatis,
1267 653 1411 729 quod
1435 653 1570 710 meis
1588 651 1682 709 ille

86 762 512 842 suggestionibus
535 774 756 834 pressus
775 759 867 814 sit.

149 837 379 916 CAPUT
407 853 549 913 XLI.
577 884 648 894 —
670 849 760 908 49.
791 849 1072 906 Postremo
1091 839 1356 901 conclusit
1376 837 1674 912 Epistoiam

89 972 203 1014 suos
230 953 529 1011 exhortans
554 957 609 1005 et
644 959 872 1003 monens
899 956 968 998 ne
993 937 1327 1011 decipiantur
1364 949 1395 990 a
1421 932 1597 1000 nobis,
1625 938 1684 988 et

90 1057 292 1104 nostros
317 1043 515 1100 dolens
537 1038 678 1114 quod
704 1052 797 1094 eos
817 1035 1028 1110 pejores
1049 1047 1207 1105 quam
1247 1030 1455 1086 fuerant
1491 1025 1680 1084 feceri-

91 1155 216 1197 mus.
244 1137 342 1196 Ilis
369 1136 536 1209 igitur
555 1133 837 1204 diligenter
854 1124 1206 1191 consideratis
1216 1131 1375 1196 atque
1401 1118 1680 1186 discussis,

91 1231 216 1308 quod
246 1247 315 1289 ex
346 1244 413 1287 ea
443 1229 560 1302 ipsa
586 1224 828 1298 Epistola
847 1238 1005 1296 quam
1036 1219 1270 1292 scripsit,
1301 1215 1430 1273 satis
1452 1213 1685 1271 dilucide

92 1303 318 1398 apparet,
344 1318 644 1378 Petilianus
661 1333 766 1374 non
794 1312 1072 1388 respondit
1092 1308 1310 1368 omnino
1329 1305 1397 1363 ad
1418 1307 1520 1363 hoc
1540 1303 1686 1379 quod

93 1396 137 1474 in
158 1396 398 1489 Epistola
426 1429 548 1470 mea
585 1411 833 1483 primitus
858 1406 1034 1481 posui,
1063 1404 1110 1460 si
1135 1398 1585 1476 quemadmodum
1605 1396 1688 1453 di-

92 1509 172 1579 cit,
195 1507 508 1564 conscientia
537 1504 724 1573 dantis,
748 1502 832 1558 vel
860 1499 1059 1574 potius,
1082 1505 1142 1552 ut
1165 1494 1355 1550 addam
1394 1489 1535 1565 quod
1567 1504 1684 1547 ma-

92 1619 238 1676 gnum
269 1602 676 1657 ﬁrmamentum
707 1601 875 1666 putat,
911 1590 958 1647 si
993 1585 1296 1645 conscientia
1318 1593 1492 1640 sancte
1517 1582 1686 1638 dantis

93 1675 377 1766 attenditur,
418 1707 535 1765 quw
561 1689 733 1746 abluat
761 1683 1072 1757 accipientis,
1114 1679 1259 1736 unde
1296 1675 1593 1735 abluendus
1617 1675 1689 1731 sit

94 1791 172 1861 qui
197 1772 396 1861 accipit
426 1784 778 1856 Baptismum,
812 1792 934 1834 cum
953 1776 1000 1832 si
1029 1772 1206 1830 dantis
1227 1767 1556 1826 conscientia
1578 1766 1687 1838 pol-

95 1883 189 1938 inta
213 1888 316 1955 est,
344 1885 670 1948 accepturus
696 1875 922 1946 ignorat.
952 1863 1108 1926 Unde
1134 1881 1242 1922 non
1278 1861 1580 1920 mirandum
1603 1869 1686 1918 est

98 1974 354 2030 hominem
407 1984 511 2056 pro
555 1967 789 2024 falsitate
839 1959 1178 2020 resistentem
1207 1998 1224 2026 ,
1267 1969 1517 2029 pressum
1553 1968 1684 2010 con-

97 2046 437 2124 travenientis
465 2059 700 2120 veritatis
728 2051 1010 2131 angustiis,
1054 2055 1243 2109 insana
1288 2047 1464 2122 potius
1515 2046 1684 2102 anhe-

99 2164 223 2219 iasse
249 2159 523 2228 convicia,
553 2171 714 2232 quam
757 2167 880 2210 cum
909 2149 1002 2208 illa
1026 2163 1146 2221 quae
1174 2143 1316 2202 vinci
1360 2159 1466 2199 non
1508 2148 1688 2214 potest

96 2251 358 2310 ambulare
387 2248 650 2306 voluisse.

159 2343 242 2400 50.
272 2341 430 2400 Nunc
447 2340 585 2412 jam,
613 2337 859 2403 obsecro,
891 2331 1074 2407 paucis
1103 2329 1339 2414 animum
1365 2318 1628 2382 intendite
1660 2364 1676 2389 ,

101 2443 148 2492 ut
171 2435 317 2491 vobis
343 2430 479 2505 quid
507 2428 765 2494 timuerit,
799 2436 856 2482 ut
883 2424 951 2492 ad
997 2424 1099 2478 hoc
1135 2434 1243 2476 non
1288 2414 1682 2502 responderet,

103 2499 687 2590 evidenter-ostendam,
719 2529 775 2578 et
816 2515 960 2592 quod
987 2514 1280 2574 obscurare
1309 2499 1533 2568 conatus
1557 2515 1640 2564 est
1669 2549 1684 2576 ,

103 2622 149 2680 in
170 2622 338 2678 lucem
355 2617 653 2692 proferam.
676 2613 894 2670 Poterat
919 2607 1103 2682 utique
1125 2603 1279 2661 nobis
1300 2596 1681 2675 qumrentibus,

107 2714 229 2770 unde
255 2687 558 2769 abldendus
583 2709 651 2764 sit
675 2704 766 2777 qui
786 2700 978 2774 accipit
1003 2695 1335 2770 Baptismum
1362 2710 1483 2750 cum
1513 2687 1688 2748 dantis

107 2805 284 2876 polluta
314 2799 648 2870 conscientia
674 2805 778 2866 est,
806 2802 862 2850 et
890 2789 992 2847 hoc
1029 2789 1117 2844 ille
1143 2786 1234 2860 qui
1259 2793 1343 2842 est
1369 2791 1688 2856 accepturus

110 2899 334 2969 ignorat,
388 2894 649 2957 facillime
695 2883 1022 2961 respondere
1047 2925 1065 2954 ,
1108 2879 1156 2938 Α
1184 2879 1411 2937 1)οωὶηο
1439 2878 1590 2944 Deo;
1632 2886 1686 2933 et

111 2994 308 3051 omnino
341 2987 701 3048 ﬁdentissime
729 2984 912 3040 dicere
933 3022 951 3051 ,
982 2979 1210 3036 Prorsus
1238 2973 1379 3032 Deus
1406 2969 1572 3029 abluit
1599 2987 1688 3034 ac-

113 3088 336 3160 cipientis
354 3081 768 3154 conscientiam,
791 3075 1007 3160 quando
1030 3073 1356 3132 maculosam
1378 3086 1485 3128 non
1506 3077 1690 3126 sancte

111 3155 267 3235 dantis
297 3179 532 3250 ignorat.
563 3172 668 3230 Sed
709 3155 871 3228 homo
899 3167 990 3240 qui
1018 3166 1132 3239 jam
1169 3172 1330 3222 secta:
1370 3172 1564 3219 vestrae
1601 3161 1690 3217 in-

30 3321 32 3324 .
115 3275 327 3332 tentione
349 3279 573 3330 coactus
610 3267 788 3334 fuerat
832 3262 1234 3322 mundationem
1281 3255 1592 3328 accipientis
1635 3255 1691 3310 in

115 3365 422 3423 conscientia
449 3360 626 3426 dantis
655 3371 890 3432 ponere;
922 3353 1118 3428 quippe
1154 3350 1245 3424 qui
1283 3348 1512 3412 dixerat,
1551 3345 1690 3401 Con-

115 3459 298 3516 scientia
341 3472 566 3529 namque
606 3452 810 3518 dantis,
852 3448 938 3506 vel
977 3457 1149 3502 sancte
1173 3441 1341 3498 dantis
1367 3440 1643 3496 attenditur
1670 3483 1686 3508 ,

116 3569 212 3628 qua
232 3553 404 3618 abluat
438 3545 767 3624 accipientis;
796 3541 974 3599 timuit
999 3553 1068 3595 ne
1093 3537 1288 3593 melius
1317 3535 1480 3590 homo
1517 3532 1693 3615 bapti-

119 3625 212 3702 zari
231 3645 504 3718 videretur
517 3640 586 3697 ab
609 3637 818 3698 occulto
845 3633 1066 3692 homine
1093 3630 1255 3698 malo,
1277 3642 1434 3702 quam
1462 3640 1493 3680 a
1519 3613 1692 3691 mani-

118 3736 237 3795 festo
273 3736 493 3794 homine
530 3733 671 3790 bono
717 3749 730 3787 :
777 3738 902 3784 tunc
947 3724 1089 3781 enim
1143 3737 1253 3776 non
1296 3736 1325 3774 a
1367 3717 1690 3775 conscientia

119 3840 279 3887 sancte
318 3827 499 3886 dantis
541 3821 777 3881 hominis
803 3863 818 3888 ,
863 3817 960 3875 sed
986 3815 1054 3871 ab
1080 3814 1195 3892 ipsa
1238 3808 1694 3868 excellentissima

123 3923 201 3980 Dei
221 3924 501 3982 sanctitate
535 3925 680 3978 esset
704 3909 1020 3971 abluendus.
1045 3895 1160 3964 Hoc
1178 3918 1307 3978 ergo
1335 3913 1599 3972 metuens,
1627 3915 1695 3956 ne

122 4025 248 4072 tanta
276 4031 399 4075 eum
429 4018 744 4084 sequeretur
781 4002 1108 4068 absurditas,
1140 3998 1226 4056 vel
1268 3996 1445 4070 potius
1471 3993 1694 4059 demen-

125 4109 203 4178 tia,
229 4118 286 4166 ut
307 4124 412 4181 qua
457 4105 665 4178 fugeret
707 4098 958 4161 nesciret,
1004 4093 1176 4150 noluit
1223 4091 1402 4158 dicere
1449 4086 1590 4144 unde
1627 4086 1698 4142 sit

124 4200 410 4272 accipientis
439 4193 702 4254 abluenda
732 4188 1081 4255 conscientia,
1109 4182 1321 4257 quando
1361 4181 1689 4238 maculosam

126 4271 486 4351 conscientiam
533 4305 638 4346 non
687 4293 872 4343 sancte
900 4281 1075 4339 dantis
1106 4279 1348 4351 ignorat;
1378 4285 1432 4332 et
1461 4271 1692 4346 litigioso

126 4387 324 4458 strepitu
347 4392 541 4443 cuncta
567 4379 886 4454 perturbans
913 4372 1184 4444 occultare
1226 4368 1416 4424 maluit
1458 4363 1584 4444 quid
1629 4365 1697 4422 ab

132 4491 188 4532 eo
210 4455 553 4550 quaereretur,
574 4486 732 4545 quam
764 4467 867 4525 hoc
886 4457 1212 4544 respondere
1238 4457 1520 4531 qumrenti,
1553 4455 1696 4512 unde

128 4545 285 4624 statim
309 4567 662 4624 suﬁ‘ocaretur
686 4581 699 4618 :
723 4545 994 4634 nunquam
1017 4564 1193 4610 tamen
1217 4559 1407 4624 putans
1432 4545 1499 4604 ab
1524 4547 1697 4603 homi-

133 4659 267 4716 nibus
303 4661 444 4718 bene
483 4654 720 4724 cordatis
759 4652 863 4724 legi
888 4663 1049 4722 posse
1073 4646 1284 4701 litteras
1326 4651 1561 4710 nostras,
1605 4648 1698 4696 aut

134 4753 186 4808 ll)
205 4755 274 4810 eis
298 4755 401 4828 legi
427 4767 555 4810 suas
576 4749 669 4824 qui
689 4747 941 4820 legissent
969 4749 1021 4816 et
1047 4753 1215 4806 meas,
1248 4733 1440 4812 quibus
1467 4747 1697 4806 respon-

144 4846 240 4904 lcre
263 4865 316 4905 se
345 4847 517 4904 ﬁnxit.

191 4937 402 4998 CAPUT
438 4935 597 4996 XLII.
625 4966 698 4978 —
725 4934 815 4991 51.
857 4929 992 4988 Nam
1020 4927 1124 4984 hoc
1152 4923 1294 5000 quod
1338 4921 1497 4979 modo
1522 4917 1641 4978 dixi
1674 4961 1691 4988 ,

139 5030 179 5088 in
202 5033 283 5090 illa
306 5036 419 5107 ipsa
448 5031 690 5107 Epistola
709 5044 848 5096 mea,
865 5033 1052 5084 contra
1070 5036 1230 5096 quam
1255 5015 1541 5076 scribendo
1563 5013 1699 5074 nihil

137 5124 265 5197 dixit,
294 5126 694 5186 evidentissime
718 5121 952 5198 positum
980 5126 1066 5175 est
1099 5134 1112 5172 :
1139 5122 1195 5173 et
1235 5111 1364 5186 quid
1401 5111 1474 5168 ibi
1503 5110 1693 5186 egerit,

137 5235 313 5296 (iusso,
339 5237 625 5298 parumper
643 5215 945 5282 advertite;
976 5221 1031 5270 et
1069 5207 1314 5284 quamvis
1341 5205 1417 5262 illi
1438 5205 1656 5263 faveatis
1679 5247 1695 5272 ,

137 5327 312 5388 nosque
335 5315 576 5385 oderitis,
603 5313 648 5371 si
669 5308 895 5386 potestis
914 5320 1070 5380 sequo
1090 5301 1270 5360 animo
1295 5299 1536 5358 tolerate.
1561 5299 1695 5369 Quia

139 5409 257 5466 enim
292 5412 344 5468 in
385 5411 550 5484 priori
571 5405 836 5479 ‘Epistoia
887 5416 983 5460 sua
1005 5443 1020 5468 ,
1062 5397 1214 5471 cujus
1241 5395 1428 5468 primis
1455 5391 1695 5468 partibus

189 5549 204 5579 ¹
227 5556 316 5600 Non
337 5550 662 5602 dubitavimus
682 5545 763 5596 hic
783 5543 1048 5595 restituere
1067 5548 1284 5602 nomen,
1332 5534 1567 5602 Bariesu;
1606 5544 1696 5602 pro

139 5595 281 5688 99955
287 5595 503 5688 ξιιιῖιᾟιῖίῖ
783 5595 1696 5688 “iiii-liti}:

137 5659 573 5780 {laurel—iambi,—
592 5659 756 5723 rm
778 5679 898 5720 suae.
942 5671 994 5715 In
1017 5661 1231 5721 excusis,
1264 5659 1423 5712 Varia:
1439 5659 1692 5723 ;’omisso,

1440 164 1644 229 LIBER
1680 163 2000 234 TERTIUS,

3267 177 3377 238 574

1791 298 1910 356 quae
1952 281 2083 339 solae
2125 282 2178 361 in
2228 297 2420 352 manus
2469 294 2676 345 nostras
2702 294 2829 346 tunc
2861 298 3165 368 venerant,
3203 295 3380 364 primo

1791 376 2192 457 responderant,
2214 371 2288 434 ita
2317 385 2470 450 spem
2493 378 2794 452 baptizandi
2823 375 3057 440 hominis
3080 383 3135 441 in
3160 373 3382 447 hOmine

1789 469 2096 554 baptizante
2122 469 2390 555 posuerat,
2415 480 2472 530 ut
2490 462 2709 545 diceret,
2732 475 2907 534 Omnis
2927 495 3004 534 res
3032 479 3166 535 enim
3187 482 3383 553 origine

1791 575 1839 621 et
1865 567 2034 623 radice
2058 567 2302 636 consistit,
2335 576 2382 624 et
2409 569 2451 624 si
2479 575 2630 643 caput
2668 588 2771 628 non
2810 572 2957 628 habet
2991 574 3222 646 aliquid,
3250 577 3383 634 nihil

1790 665 1864 726 est
1890 657 2113 742 (Supra,
2133 660 2220 725 lib.
2251 661 2306 732 ‘l,
2336 679 2451 735 cap.
2479 663 2535 732 4,
2561 681 2612 719 η.
2644 663 2708 733 5,
2738 682 2869 738 sqq.;
2893 674 2938 721 et
2967 667 3056 722 lib.
3076 653 3131 736 2,
3164 685 3280 742 cap.
3302 672 3338 728 5
3361 714 3379 738 ,

1790 765 1880 806 nn.
1902 739 2004 820 ’10,
2035 739 2125 826 li)
2151 769 2164 807 :
2193 751 2317 825 quia
2341 765 2470 827 ergo
2501 747 2607 813 hoc
2644 745 2940 815 Petilianus
2970 758 3186 817 dixerat
3207 739 3236 829 ,⁷
3271 779 3380 821 non

1790 837 1932 900 aliud
1955 843 2145 900 volens
2179 841 2401 918 intelligi
2448 844 2706 920 originem
2746 857 2800 905 et
2843 849 3078 908 radicem
3128 860 3184 909 et
3221 866 3384 926 caput

1791 927 2094 1008 baptizandi
2130 932 2385 1007 hominis,
2435 938 2539 996 nisi
2583 937 2850 998 hominem
2881 957 2912 999 a
2937 957 3045 1015 quo
3080 943 3380 1018 baptizare

1793 1039 1900 1102 tttr,
1928 1029 2134 1104 subieci
2181 1045 2281 1105 ego
2318 1039 2374 1090 et
2409 1031 2559 1090 dixi:
2586 1034 2874 1104 Quaerimus
2911 1037 3078 1108 itaque
3111 1055 3221 1105 nos,
3265 1057 3380 1097 cum

1790 1126 1879 1182 ille
1905 1123 2186 1197 baptizator
2213 1125 2442 1200 perﬁdus
2467 1123 2608 1196 latet,
2635 1128 2682 1184 si
2709 1138 2825 1184 tunc
2851 1129 2940 1185 ille
2965 1146 3109 1196 quem
3135 1131 3379 1204 baptizat,

1793 1221 1946 1290 ﬁdem
1963 1220 2193 1292 percipit,
2224 1233 2326 1276 non
2353 1228 2568 1290 reatum,
2588 1221 2633 1277 si
2656 1231 2776 1278 tunc
2801 1225 2845 1279 ei
2873 1239 2974 1278 non
3003 1233 3074 1279 est
3100 1225 3382 1297 baptizatur

1793 1314 1904 1386 ejus
1928 1315 2070 1386 origo
2090 1319 2138 1370 et
2159 1314 2312 1369 radix
2339 1323 2385 1370 et
2413 1323 2586 1388 caput,
2612 1318 2724 1390 quis
2743 1325 2819 1372 est
2836 1331 2868 1371 a
2884 1333 2982 1388 quo
3003 1318 3183 1390 accipit
3205 1320 3382 1390 ﬁdem?

1797 1404 1898 1462 Ubi
1923 1417 1997 1463 est
2022 1408 2164 1488 origo
2199 1408 2261 1464 de
2282 1425 2383 1480 qua
2408 1409 2605 1472 oritur?
2633 1409 2718 1476 ubi
2742 1411 2894 1478 radice
2919 1411 3054 1482 unde
3081 1413 3325 1485 germinat
3356 1415 3406 1470 ."

1792 1498 1878 1554 ubi
1903 1509 2054 1572 caput
2080 1500 2214 1556 unde
2239 1501 2456 1573 incipit?
2481 1501 2561 1558 An
2603 1504 2735 1575 forte
2761 1521 2874 1559 cum
2903 1504 3240 1577 baptizantem
3265 1514 3404 1580 per-1

1793 1590 1952 1662 ﬁdum
1977 1592 2066 1648 ille
2092 1593 2177 1667 qui
2203 1593 2491 1664 baptizatur
2511 1595 2714 1666 ignorat
2742 1638 2756 1662 ,
2801 1604 2922 1651 tunc
2947 1597 3177 1653 Christus
3203 1600 3290 1655 dat
3317 1603 3386 1672 ﬁ-

1793 1685 1927 1752 dem,
1962 1695 2078 1741 tunc
2114 1685 2342 1742 Christus
2390 1696 2466 1742 est
2498 1687 2639 1760 origo
2681 1689 2729 1754 el
2770 1689 2922 1746 radix
2951 1701 2997 1745 et
3036 1696 3232 1764 caput?
3273 1693 3388 1758 IIoc

1793 1795 1922 1854 ergo
1946 1789 2163 1846 einunc
2190 1780 2312 1837 dico
2338 1790 2392 1837 et
2417 1781 2679 1848 exclamo,
2708 1782 2845 1838 sicut
2877 1784 3039 1840 etiam
3073 1785 3180 1842 illic
3205 1788 3389 1844 excia-

1793 1874 1936 1931 mavi
1971 1892 1984 1928 :
2020 1873 2064 1929 0
2089 1871 2311 1928 humana
2339 1874 2593 1938 temeritas
2631 1884 2678 1929 et
2710 1875 2980 1948 superbia!
3007 1895 3098 1932 cur
3137 1896 3237 1933 non
3263 1880 3389 1935 sinis

1795 1969 1962 2041 potius
1989 1979 2042 2024 ut
2067 1986 2265 2040 semper
2287 1966 2518 2034 Christus
2542 1968 2624 2034 det
2655 1968 2828 2039 Iidem,
2856 1971 3185 2032 christianum
3214 1973 3387 2028 dando

1793 2055 2062 2134 facturus?
2102 2079 2194 2118 cur
2234 2079 2336 2118 non
2382 2061 2508 2119 sinis
2544 2070 2600 2116 ut
2636 2079 2831 2136 semper
2867 2063 2933 2119 sit
2971 2064 3199 2121 Christus
3245 2067 3389 2140 origo

1794 2157 2078 2226 christiani,
2107 2156 2161 2222 in
2183 2155 2381 2226 Christo
2407 2155 2632 2226 radicem
2675 2155 2982 2232 christianus
3007 2159 3208 2231 inﬁgat,
3237 2158 3388 2215 Chri-

1796 2261 1903 2307 stus
1951 2250 2213 2319 christiani
2257 2251 2322 2308 sit
2363 2250 2556 2322 caput?
2606 2249 2785 2324 Neque
2820 2252 2952 2306 enim
2982 2252 3131 2307 etiam
3156 2269 3269 2308 cum
3297 2270 3392 2328 per

1794 2355 2024 2402 sanctum
2053 2355 2100 2400 et
2125 2341 2326 2416 ﬁdelem
2348 2343 2747 2422 dispensatorem
2775 2345 2943 2418 gratia
2977 2347 3261 2418 spiritualis
3281 2364 3392 2402 cre-

1795 2438 2025 2508 dentibus
2051 2437 2362 2509 impertitur,
2393 2436 2711 2508 dispensator
2748 2437 2858 2508 ipse
2888 2437 3162 2509 justi/icat,
3198 2455 3257 2492 ac
3287 2456 3392 2497 non

1794 2533 1884 2624 ille
1916 2550 2047 2588 unus
2076 2533 2139 2598 de
2173 2549 2271 2604 quo
2305 2531 2495 2587 dictum
2518 2542 2607 2599 est,
2638 2532 2776 2605 quod
2808 2550 2828 2586 r
2853 2532 3104 2604 justiﬁeat
3129 2534 3340 2606 impium
3361 2555 3384 2588 s

1798 2625 1975 2714 (Rom.
1999 2643 2071 2696 tv,
2104 2626 2185 2700 5).
2223 2627 2326 2682 Aut
2354 2643 2470 2682 vero
2500 2628 2759 2699 apostolus
2799 2625 2998 2682 Paulus
3026 2637 3132 2684 erat
3161 2639 3313 2702 caput
3341 2638 3392 2686 et

1796 2721 1938 2794 origo
1964 2736 2136 2784 eorum
2171 2736 2296 2806 quos
2333 2720 2676 2800 plautaverat,
2709 2729 2798 2796 aut
2825 2720 3010 2791 Apollo
3039 2722 3191 2779 radio:
3216 2741 3392 2780 eorum

1795 2829 1920 2888 quos
1949 2813 2216 2890 rigauerat,
2244 2829 2306 2877 ac
2329 2828 2432 2868 non
2457 2812 2546 2880 ille
2563 2813 2647 2894 qui
2668 2812 2740 2886 eis
2758 2812 3121 2870 incrementum
3143 2815 3396 2875 dederat:

1797 2885 1913 2960 cum
1959 2903 2093 2960 idem
2137 2885 2314 2974 dicat,
2355 2922 2390 2990 r
2413 2903 2523 2976 Ego
2551 2885 2794 2978 plantavi,
2843 2903 3029 2982 Apollo
3055 2906 3271 2980 rigavit;
3300 2908 3396 2972 sed
3474 2885 3478 2888 ⁵

1798 2996 1937 3064 Deus
1993 2997 2351 3062 incrementum
2399 2996 2534 3054 dedit
2578 3013 2600 3070 ξ
2642 2998 2814 3070 itaque
2856 3014 3015 3072 neque
3049 2999 3137 3070 qui
3193 3000 3396 3074 plantat

1796 3100 1870 3152 est
1894 3087 2122 3161 aliquid,
2164 3106 2322 3164 neque
2353 3090 2440 3161 qui
2474 3091 2638 3163 rigat;
2667 3091 2757 3146 sed
2783 3090 2871 3164 qui
2912 3089 3276 3150 incrementum
3303 3095 3396 3160 dat

1797 3183 1936 3258 Deus
1970 3201 1989 3235 ι
2025 3181 2084 3254 (ι
2109 3180 2228 3239 Cor.
2257 3198 2336 3250 ιιι.
2368 3179 2423 3252 6,
2453 3181 2554 3259 7)?
2581 3181 2693 3240 Nec
2716 3180 2869 3238 radis:
2897 3198 3072 3238 eorum
3102 3193 3209 3240 erat
3234 3184 3343 3258 ipse
3373 3228 3392 3256 ,

1795 3277 1886 3334 sed
1912 3276 1998 3332 ille
2025 3276 2193 3346 potius
2219 3275 2306 3348 qui
2339 3275 2441 3356 ait,
2475 3293 2495 3350 g
2536 3272 2647 3345 Ego
2676 3288 2788 3334 sum
2831 3273 2966 3340 vitis,
3010 3290 3098 3332 vos
3134 3277 3253 3332 estis
3273 3294 3392 3333 sar-

1797 3377 1965 3426 menta
1993 3387 2012 3422 s
2044 3367 2221 3448 (Joan.
2261 3383 2350 3444 xv,
2395 3365 2477 3440 5),
2521 3365 2684 3437 Caput
2725 3365 2876 3420 etiam
2917 3381 3092 3438 eorum
3139 3369 3394 3439 quomodo

1797 3480 1902 3542 esse
1931 3471 2146 3538 poterat,
2174 3478 2288 3518 cum
2315 3461 2470 3527 dicat,
2500 3476 2591 3518 nos
2612 3460 2793 3528 multos
2813 3476 2971 3515 unum
2996 3476 3102 3517 esse
3125 3477 3310 3533 corpus
3336 3464 3396 3522 in

1799 3561 2020 3632 Christo,
2047 3560 2309 3633 ipsumque
2331 3557 2587 3630 Christum
2614 3566 2767 3632 caput
2782 3573 2889 3620 esse
2903 3559 3126 3618 universi
3143 3563 3394 3634 corporis,

1798 3654 2028 3729 pluribus
2066 3653 2190 3723 locis
2232 3653 2546 3726 apertissime
2571 3651 2852 3726 praedicet?
2886 3652 3207 3728 Quapropter
3228 3656 3332 3712 sive
3359 3675 3395 3714 α

1799 3747 1943 3819 ﬁdeli
1967 3747 2070 3802 sive
2087 3762 2119 3800 a
2137 3745 2336 3818 perﬁdo
2359 3746 2706 3816 dispensatore
2738 3755 3110 3816 sacramentum
3142 3745 3396 3821 Baptismi

1800 3838 2006 3910 quisque
2025 3837 2289 3908 percipiat,
2316 3853 2430 3908 spes
2451 3836 2496 3890 ei
2515 3836 2678 3891 omnis
2704 3836 2756 3892 in
2782 3835 2980 3892 Christo
3006 3837 3088 3908 sit,
3117 3855 3180 3894 ne
3198 3839 3264 3896 sit
3284 3857 3396 3896 nta-

1797 3930 2016 3986 ledictus
2042 3929 2128 4002 qui
2152 3945 2292 4001 spent
2316 3945 2464 4004 suam
2490 3928 2630 4004 ponit
2656 3928 2708 4002 ia
2735 3928 2935 3994 homine
2955 3928 3183 4006 (Supra,
3217 3931 3304 3988 lib.
3337 3933 3392 4003 1,

1802 4040 1917 4096 cap.
1950 4022 2004 4096 5,
2028 4038 2117 4077 un.
2147 4020 2200 4096 6,
2231 4020 2310 4096 7).
3415 4041 3422 4083 ἡ

1873 4095 2101 4188 mpm
2141 4095 2322 4187 Χμιι.
2350 4144 2421 4155 -
2566 4111 2693 4188 nos;
2717 4127 2817 4184 ego
2843 4112 2896 4183 in
2920 4112 3158 4188 Epistola
3188 4117 3391 4189 priore,
3419 4095 3422 4112 ’

1803 4223 1926 4284 cum
1965 4206 2228 4276 Petiliano
2267 4205 2674 4279 respondemus,
2704 4214 2834 4278 puto
2857 4207 2979 4280 quia
3000 4216 3055 4263 et
3080 4207 3312 4265 dilucide
3340 4220 3398 4267 et

1804 4301 2066 4370 veraciter
2087 4298 2266 4372 posui.
2301 4297 2429 4369 limo
2451 4297 2613 4370 etiam
2633 4313 2778 4372 nunc
2797 4300 3233 4370 commemoravi,
3263 4301 3399 4361 illud

1802 4394 2079 4464 insinuans
2113 4399 2277 4464 atque
2300 4389 2704 4465 continendam,
2737 4398 2796 4463 ut
2819 4390 3039 4460 omnino
3066 4406 3190 4463 spes
3212 4402 3398 4454 nostra

1801 4503 1910 4548 non
1938 4488 2008 4549 sit
2031 4486 2087 4542 in
2115 4485 2362 4556 homine,
2391 4485 2670 4558 Deumque
2695 4483 2966 4548 Christum
2995 4484 3395 4556 mundatorem,

1800 4582 2208 4655 justiﬁcstorem
2237 4578 2515 4644 hominum
2538 4592 2659 4648 esse
2683 4577 2970 4649 credamus
2992 4618 3008 4646 ,
3055 4576 3396 4636 credentium

1805 4675 1859 4731 in
1880 4688 2004 4732 eum
2026 4673 2114 4744 qui
2127 4672 2382 4744 justiﬁcat
2401 4671 2642 4742 impium,
2662 4679 2722 4740 ut
2739 4670 3026 4742 deputetur
3049 4669 3184 4728 ﬁdes
3207 4685 3399 4728 eorum

1803 4767 1872 4826 ad
1895 4766 2179 4838 justitiam,
2217 4765 2332 4828 sive
2367 4764 2460 4824 ille
2486 4752 2647 4833 holus
2672 4764 2742 4834 sit
2765 4771 2985 4824 sanctus
3008 4761 3099 4834 qui
3125 4762 3401 4832 ministrat

1805 4860 2154 4932 Baptismutn,
2171 4858 2287 4916 sive
2303 4858 2499 4931 impius
2521 4866 2577 4924 et
2607 4857 2760 4920 ﬁctus
2784 4870 2944 4929 quem
2971 4856 3134 4932 fugiat
3159 4855 3404 4930 Spiritus

1804 4961 2040 5015 sanctus.
2069 4951 2204 5016 Tum
2233 4949 2428 5009 deinde
2451 4948 2682 5017 subdidi,
2721 4948 2770 5016 si
2809 4947 2968 5006 aliter
2999 4937 3165 5018 esset,
3197 4958 3405 5021 quanta

1805 5053 2224 5118 consequeretur
2241 5041 2564 5110 absurditas,
2591 5048 2646 5111 et
2670 5040 2783 5111 dixi
2811 5039 2953 5114 quod
2978 5049 3034 5098 et
3057 5056 3206 5112 nunc
3227 5041 3353 5110 dico
3387 5059 3401 5098 :

1806 5142 2046 5213 Alioquin
2073 5140 2117 5197 si
2141 5139 2258 5196 talis
2283 5139 2491 5210 quisque
2517 5137 2571 5192 in
2598 5136 2765 5208 gratia
2792 5137 3050 5209 spirituali
3073 5137 3356 5198 renascitur
3373 5181 3394 5206 ,

1804 5237 1970 5311 qualis
1997 5245 2072 5296 est
2097 5233 2189 5291 ille
2225 5250 2259 5288 α
2297 5249 2396 5305 quo
2436 5230 2745 5303 baptizatur,
2774 5239 2823 5288 et
2847 5247 2964 5286 cum
2993 5232 3295 5302 manifestus
3321 5240 3400 5294 est

1804 5329 1892 5402 qui
1917 5327 2139 5400 baptisat
2163 5326 2314 5384 homo
2339 5325 2518 5392 bonus,
2548 5323 2658 5395 ipse
2693 5323 2783 5380 dat
2813 5323 3006 5395 ﬁdem,
3041 5324 3152 5396 ipse
3174 5324 3320 5397 origo
3347 5333 3401 5380 et

1805 5424 1956 5480 radix
1980 5431 2226 5495 caputque
2249 5419 2498 5482 nascentis
2517 5428 2627 5484 est;
2665 5435 2782 5474 cum
2821 5426 2994 5484 autem
3025 5417 3148 5474 latet
3171 5417 3400 5490 perﬁdus

1805 5517 2087 5590 baptizator
2105 5556 2122 5585 ,
2150 5523 2268 5570 tunc
2286 5513 2494 5588 quisque
2517 5529 2549 5568 α
2575 5511 2774 5570 Christo
2816 5511 3030 5582 percipit
3068 5510 3246 5581 fidem,
3278 5520 3402 5568 tunc

1804 5631 1839 5670 a
1865 5611 2067 5670 Christo
2088 5607 2227 5666 ducit
2250 5607 2515 5682 originem,
2540 5615 2658 5662 tunc
2685 5605 2742 5662 in
2759 5603 2961 5666 Christo
2978 5602 3258 5674 radicatur,
3279 5611 3401 5660 tunc

1808 5706 2006 5764 Christo
2045 5706 2212 5777 capite
2251 5704 2538 5776 gloriatur:
2563 5701 2839 5773 aptandsun
2865 5709 2938 5755 est
2965 5697 3028 5754 ab
3053 5698 3284 5768 omnibus
3308 5699 3402 5770 qui
