3792 6136
494 229 602 288 575

492 347 835 418 baptizantur,
863 352 920 399 ut
943 343 1278 414 baptisatores
1304 337 1527 412 perﬁdos
1551 335 1766 391 habeant
1784 344 1831 388 et
1847 334 2078 405 ignorent

493 458 600 497 eos.
631 438 912 506 Quamlibet
940 438 1072 492 enint
1097 437 1250 490 bonos
1285 432 1585 496 habuerint,
1616 429 1849 486 Christus
1875 436 1948 482 est
1976 427 2079 479 uti-

491 549 590 603 que
629 529 1087 598 incomparabiliter
1129 525 1341 590 melior,
1391 525 1478 595 qui
1534 515 1652 578 tunc
1694 523 1787 577 erit
1839 519 2082 589 baptizati

489 633 662 694 caput,
684 623 729 677 si
753 621 978 693 per/idus
1003 620 1156 675 lateat
1181 618 1483 690 baptizatur.
1517 616 1667 685 Quod
1690 615 1734 670 si
1768 613 2080 669 dementissi-

487 709 628 772 mam
647 724 718 770 est
737 716 936 770 credere
952 714 1178 788 (semper
1192 712 1324 767 enim
1335 710 1567 768 Christus
1575 709 1826 781 justiﬁcat
1841 708 2075 779 impium,

486 812 720 884 faciendo
743 830 804 868 ex
825 813 983 881 impio
1007 811 1374 874 christianum,
1407 823 1605 878 semper
1629 823 1663 861 a
1683 804 1885 862 Christo
1915 803 2078 876 perci-

485 881 626 976 pitur
643 905 772 975 ﬁdes
793 947 805 969 ,
831 921 1027 976 semper
1060 902 1292 960 Christus
1319 911 1392 958 est
1422 901 1563 973 origo
1597 907 2003 972 regeneratomnt
2028 905 2080 952 et

429 1059 435 1067 ε
484 1006 640 1069 caput
669 998 957 1068 Ecclesitn),
987 998 1108 1069 quid
1138 997 1319 1052 habent
1365 995 1604 1066 ponderis
1638 995 1730 1050 illa
1759 995 1908 1049 verba
1926 1035 1940 1058 ,
1964 1008 2078 1063 quae

435 1080 438 1084 ’
484 1093 603 1146 vani
634 1092 842 1148 lectores
861 1108 961 1146 non
987 1091 1249 1147 attendunt
1270 1091 1392 1162 quid
1414 1091 1552 1145 intus
1574 1088 1810 1154 habeant,
1841 1087 1930 1144 sed
1959 1097 2074 1142 tan-

409 1174 424 1248 ,’
485 1196 591 1240 tum
615 1184 1033 1258 quemadmodum
1063 1195 1240 1240 sonent
1270 1184 1470 1257 (Supra
1489 1225 1504 1251 ,
1539 1182 1626 1237 lib.
1662 1185 1713 1248 l,
1737 1198 1852 1253 cap.
1882 1181 1948 1248 6,
1982 1197 2073 1235 nn.

415 1337 417 1339 .
484 1279 538 1346 6,
573 1279 626 1349 7)
651 1281 675 1332 ’ἐ
693 1279 816 1335 Haec
835 1288 958 1334 tunc
973 1278 1102 1346 dixi,
1135 1278 1250 1334 haec
1279 1277 1333 1333 in
1360 1277 1446 1333 illa
1473 1290 1596 1333 mea
1610 1273 1847 1347 Epistola
1877 1273 2072 1344 scripta

414 1419 431 1441 κ.
484 1380 630 1426 sunt.

417 1454 460 1537 ίέ
556 1461 781 1518 CAPUT
811 1461 996 1518 XLIV.
1021 1491 1094 1502 —
1120 1461 1208 1517 55.
1243 1459 1444 1516 Deinde
1469 1457 1628 1529 paulo
1652 1465 1792 1530 post,
1820 1456 2070 1526 quoniam

482 1555 574 1610 ille
599 1555 823 1621 dixerat,
853 1557 980 1622 Quae
1003 1571 1116 1609 cum
1145 1555 1219 1608 ita
1247 1554 1369 1616 sint,
1399 1555 1580 1623 fratres
1600 1593 1616 1619 ,
1643 1566 1758 1622 qua:
1781 1558 1940 1621 potest
1965 1565 2071 1604 esse

481 1649 800 1720 perversitas,
828 1657 882 1700 ut
911 1647 999 1717 qui
1026 1647 1132 1701 suis
1158 1643 1447 1699 criminibus
1472 1659 1588 1697 reus
1609 1651 1703 1708 est,
1730 1642 1886 1696 alium
1915 1641 2071 1713 faciat

479 1743 808 1805 innocentem,
829 1741 1023 1795 dicente
1047 1739 1262 1794 Domino
1283 1737 1408 1793 Jesn
1433 1735 1656 1803 Christo,
1686 1755 1704 1786 ι
1734 1735 1896 1789 Arbor
1917 1735 2066 1798 bona,

477 1833 636 1888 bonos
672 1837 866 1905 fructus
906 1833 1069 1904 facit;
1108 1830 1258 1886 arbor
1292 1829 1450 1895 mala,
1498 1829 1659 1882 malos
1684 1827 1880 1898 fructus
1901 1827 2022 1898 facit
2050 1841 2069 1880 :

475 1924 724 1994 numquid
743 1923 988 1995 colligunt
1015 1923 1078 1978 de
1103 1923 1265 1993 spinis
1285 1937 1436 1976 uvas:
1460 1920 1674 1994 (Matth.
1699 1934 1793 1984 vu,
1822 1919 1909 1985 i7,
1936 1917 2069 1990 16)?

474 2025 526 2072 et
552 2017 754 2084 iterum,
808 2036 827 2070 ‹
853 2015 1030 2071 Omnis
1047 2016 1195 2072 homo
1223 2017 1380 2070 bonus
1401 2015 1464 2069 de
1487 2014 1614 2069 bono
1641 2014 1874 2068 thesauro
1902 2011 2069 2067 cordis

474 2107 559 2162 sui
601 2112 794 2179 profert
829 2108 992 2172 bona,
1036 2115 1083 2161 et
1127 2107 1290 2161 omnis
1326 2105 1476 2161 homo
1525 2105 1690 2158 malus
1728 2103 1792 2158 de
1832 2105 2066 2158 thesauro

473 2199 643 2252 cordis
675 2200 754 2255 sui
788 2199 979 2270 profert
1010 2197 1146 2252 mala
1177 2217 1196 2250 ι
1227 2197 1336 2270 (Id.
1376 2213 1474 2262 xu,
1513 2197 1642 2268 35)?
1667 2196 1856 2268 quibus
1885 2195 2066 2250 verbis

472 2289 764 2347 Petilianus
791 2290 919 2344 satis
957 2289 1295 2360 apertissime
1323 2286 1576 2351 ostendit,
1609 2297 1861 2358 tanquam
1902 2284 2064 2341 arbo-

470 2395 590 2436 rem
617 2380 984 2450 accipiendum
1016 2395 1137 2436 eum
1159 2379 1432 2435 hominem
1462 2381 1552 2450 qui
1576 2379 1829 2450 baptizat,
1866 2386 1921 2434 et
1943 2385 2064 2432 tan-

472 2487 632 2542 quam
659 2471 888 2528 fructum
917 2487 1039 2527 eum
1069 2472 1160 2543 qui
1190 2471 1486 2543 baptizatur
1518 2489 1533 2526 :
1573 2471 1640 2526 ad
1681 2470 1794 2526 haec
1827 2484 1930 2542 ego
1971 2484 2061 2526 re-

470 2563 814 2635 sponderem,
864 2564 925 2620 Si
963 2565 1114 2620 arbor
1155 2565 1285 2620 bona
1331 2565 1488 2620 bonus
1529 2564 1808 2636 baptizator
1850 2573 1924 2619 est
1945 2605 1961 2629 ,
2005 2571 2064 2618 ut

471 2663 669 2729 fructus
687 2659 798 2729 ejus
819 2658 978 2713 bonus
1001 2659 1066 2714 sit
1091 2657 1180 2714 ille
1203 2675 1351 2729 quem
1377 2658 1737 2730 baptizauerit;
1762 2659 1984 2729 quisquis
1997 2658 2061 2713 ab

469 2749 673 2803 homine
713 2749 848 2802 malo
895 2749 1046 2803 etiam
1081 2765 1184 2804 non
1235 2749 1502 2821 manifesto
1540 2749 1690 2819 fuerit
1733 2749 2013 2820 baptizatus
2039 2790 2056 2816 ,

465 2839 628 2894 bonus
654 2856 760 2894 esse
786 2856 886 2894 non
916 2841 1097 2910 poterit
1125 2855 1146 2895 :
1173 2839 1237 2895 de
1261 2840 1398 2894 mala
1415 2841 1603 2911 quippe
1637 2840 1818 2895 arbore
1856 2848 2060 2896 exortus

467 2939 563 2985 est.
593 2930 745 2984 Aliud
773 2940 844 2985 est
874 2932 1006 2985 enim
1032 2930 1185 2986 arbor
1213 2931 1366 2998 bona,
1390 2931 1534 2985 aliud
1557 2931 1708 2986 arbor
1729 2932 1950 2999 occulta,
1969 2931 2060 2986 sed

467 3030 638 3076 tamen
663 3023 821 3075 mala.
852 3021 989 3090 Quid
1020 3021 1161 3077 aliud
1193 3021 1278 3076 his
1304 3021 1483 3077 verbis
1513 3022 1734 3093 intelligi
1763 3022 1927 3085 volui,
1956 3023 2056 3078 nisi

467 3112 608 3183 quod
637 3113 796 3184 paulo
823 3113 1068 3184 superius
1098 3127 1379 3184 posueram
1405 3154 1422 3182 ,
1447 3114 1695 3170 arborem
1733 3124 1788 3170 et
1827 3112 2057 3170 fructum

465 3205 605 3274 ejus,
659 3220 766 3261 non
819 3220 939 3261 eum
974 3205 1064 3277 qui
1105 3205 1339 3276 baptizat
1366 3215 1422 3262 et
1447 3221 1570 3262 eum
1601 3207 1692 3277 qui
1723 3206 2053 3276 baptizatur;

462 3297 560 3354 sed
610 3298 880 3356 hominem
933 3298 1179 3355 arborem
1205 3341 1221 3367 ,
1277 3298 1504 3355 fructum
1533 3314 1662 3355 vero
1687 3299 1804 3370 ejus
1830 3313 1965 3370 opus
1991 3313 2057 3355 ac

462 3391 627 3446 vitam
657 3391 774 3461 ejus
798 3391 964 3462 accipi
991 3390 1209 3457 debere,
1237 3405 1396 3462 quam
1420 3405 1635 3462 semper
1664 3391 1827 3447 habet
1861 3391 2054 3447 bonam

461 3485 637 3542 bonus
657 3525 673 3548 ,
704 3493 760 3539 et
793 3485 985 3539 malam
1016 3484 1187 3540 malus
1219 3499 1326 3539 :ne
1353 3482 1439 3538 illa
1463 3493 1715 3554 sequatur
1733 3483 2053 3550 absurditas,

462 3585 524 3632 ut
567 3577 738 3632 malus
779 3577 848 3632 sit
884 3576 1047 3631 homo
1083 3577 1244 3632 etiam
1286 3576 1355 3631 ab
1392 3575 1604 3632 occulto
1647 3576 1788 3632 malo
1838 3575 2056 3632 homine

462 3666 801 3737 baptizatus,
863 3675 1114 3737 tanquam
1174 3665 1378 3722 fructus
1431 3667 1639 3722 arboris
1677 3667 1921 3738 quamvis
1964 3681 2057 3723 oc-

464 3757 644 3823 cultae,
673 3758 767 3814 sed
797 3767 973 3814 tamen
993 3757 1386 3814 malas‘tcontra
1412 3757 1555 3829 quod
1575 3757 1664 3815 ille
1680 3759 1813 3814 nihil
1836 3759 2056 3816 omnino

462 3850 763 3920 respondit.

538 3942 766 4000 CAPUT
802 3942 965 3999 XLV.
1003 3973 1076 3986 —
1099 3945 1189 4002 54.
1223 3943 1329 4000 Sed
1345 3958 1412 4000 ne
1428 3943 1652 4012 diceret,
1673 3945 1785 4000 sive
1806 3945 1913 4011 ille,
1939 3947 2054 4004 sive

465 4034 658 4106 aliquis
686 4043 945 4104 vestrum,
975 4050 1098 4092 cum
1126 4036 1349 4108 quisque
1371 4035 1614 4092 occultus
1651 4037 1821 4092 malus
1852 4050 1936 4093 εει
1961 4039 2053 4109 qui

465 4125 722 4198 baptizat,
756 4135 881 4184 tunc
907 4142 1011 4184 non
1035 4142 1157 4184 esse
1186 4127 1415 4183 fructum
1441 4126 1558 4199 ejus
1585 4127 1736 4183 illum
1764 4143 1923 4200 quem
1954 4128 2051 4184 ba-

399 4251 402 4255 τ
464 4222 666 4292 ptizat,
713 4223 809 4278 sed
852 4221 1082 4278 fructum
1110 4220 1341 4288 Christi;
1385 4221 1638 4278 continuo
1661 4220 1864 4293 subieci
1894 4236 2052 4294 quam

404 4309 414 4349 λ
462 4328 696 4370 vesanus
721 4329 873 4370 error
899 4315 1062 4370 etiam
1100 4313 1256 4370 istam
1296 4313 1614 4370 sententiam
1653 4321 2048 4384 consequatur,

464 4414 522 4461 et
569 4406 790 4477 repetivi
829 4406 978 4471 illud,
1011 4407 1138 4463 licet
1166 4406 1285 4462 aliis
1317 4405 1496 4462 verbis
1518 4447 1532 4472 ,
1563 4404 1703 4476 quod
1733 4405 1891 4476 paulo
1929 4415 2052 4460 ante

401 4525 414 4542 ο
463 4499 706 4556 dixeram
741 4519 753 4554 :
784 4500 845 4556 Si
869 4517 984 4555 cum
1017 4500 1215 4556 occulta
1252 4509 1324 4555 est
1361 4500 1512 4554 arbor
1543 4502 1712 4566 mata,
1756 4500 2054 4570 quicumque

464 4593 529 4647 ab
548 4592 642 4647 illa
667 4593 818 4664 fuerit
844 4593 1146 4663 baptizatus,
1173 4607 1276 4646 non
1299 4592 1364 4645 de
1383 4590 1497 4657 illa,
1527 4593 1617 4645 sed
1642 4592 1705 4646 de
1728 4591 1929 4647 Christo
1954 4609 2049 4646 na-

463 4686 651 4749 scitur;
672 4685 894 4738 sanctius
904 4683 1274 4756 justiﬁcantur,
1303 4682 1392 4752 qui
1413 4682 1735 4749 baptizantur
1759 4685 1822 4738 ab
1842 4684 2052 4738 occultis

395 4769 406 4804 ³
463 4776 636 4840 malis,
661 4792 812 4846 quam
840 4776 927 4844 qui
953 4775 1272 4845 baptizantur
1290 4790 1323 4826 a
1347 4775 1628 4847 manifestis
1655 4775 1798 4830 bonis
1827 4776 2047 4846 (Supra,

464 4868 555 4921 lib.
590 4869 644 4932 1,
676 4883 827 4937 capp.
853 4868 906 4934 7,
937 4866 991 4932 8,
1020 4884 1106 4920 nn.
1149 4865 1204 4932 8,
1245 4865 1324 4936 9).
1353 4864 1642 4921 Petilianus
1671 4881 1800 4938 ergo
1829 4867 1912 4922 his
1944 4876 2049 4922 tam

464 4959 874 5015 vehementibus
915 4967 1214 5016 coarctatus
1259 4959 1540 5030 angustiis,
1581 4959 1746 5015 tacuit
1773 4961 2050 5030 superiora

461 5069 532 5109 ex
556 5052 748 5124 quibus
778 5053 874 5106 ista
905 5053 1238 5122 pendebant,
1266 5061 1322 5110 et
1349 5052 1465 5108 haec
1489 5053 1717 5109 absurda
1749 5069 1869 5125 quas
1909 5056 2049 5114 illius

464 5153 866 5215 consequuntur
889 5159 1147 5211 errorem,
1176 5146 1248 5202 ita
1274 5146 1711 5202 commemoravit
1737 5147 1792 5202 in
1820 5163 2045 5218 respon-

462 5238 618 5292 sione
646 5249 762 5303 sna,
803 5236 954 5306 quasi
990 5235 1104 5292 haec
1133 5252 1234 5309 ego
1261 5252 1326 5294 ex
1355 5251 1472 5294 mea
1499 5239 1764 5294 sententia
1789 5238 2046 5306 dixerim;

464 5345 585 5402 quae.
615 5328 734 5384 ideo
763 5326 900 5383 dicta
931 5338 1085 5397 sunt,
1114 5339 1172 5385 ut
1195 5330 1493 5386 attenderet
1520 5339 1774 5402 quantum
1809 5333 1934 5388 mali
1959 5347 2048 5388 se-

463 5432 718 5496 queretur
741 5421 858 5493 ejus
883 5424 1230 5491 sententiam,
1263 5434 1314 5480 et
1343 5440 1458 5479 eam
1504 5433 1710 5481 mutare
1746 5435 2046 5496 cogeretur.

464 5519 615 5572 Hanc
629 5532 755 5586 ergo
777 5515 1011 5570 fraudem
1031 5517 1366 5572 audientibus
1392 5518 1472 5572 vel
1505 5518 1804 5589 legentibus
1828 5519 2046 5584 faciens,

464 5621 520 5665 et
545 5610 763 5665 omnino
778 5608 1072 5679 desperans
1097 5610 1197 5680 legi
1227 5624 1384 5679 posse
1403 5627 1522 5681 qua:
1540 5613 1869 5682 scripsimus,
1889 5617 2051 5684 coepit

465 5701 518 5760 in
545 5717 629 5766 me
649 5702 882 5783 graviter
905 5711 960 5771 et
985 5703 1284 5787 petulanter
1308 5703 1505 5777 invehi,
1527 5713 1776 5792 tanquam
1801 5723 1900 5792 ego
1928 5725 2047 5774 sen-

1381 216 1658 275 CONTRA
1694 212 2034 274 LITTERAS
2071 211 2430 284 PETILIANI,
2458 214 2516 273 S.
2557 216 2925 276 AUGUSTINI
3691 225 3774 283 371

2192 331 2380 386 sissem
2407 333 2697 403 optandum
2737 351 2858 392 esse
2895 337 3144 393 omnibus
3183 337 3275 410 qui
3319 337 3706 410 baptizantur,
3734 333 3779 410 ni

2187 422 2544 494 baptizatores
2572 427 2801 496 perﬁdos
2832 427 3066 484 habeant
3093 438 3149 485 et
3176 431 3422 502 ignorent
3456 445 3569 487 eos
3593 473 3609 497 ,
3657 448 3773 502 quo-

2186 516 2329 571 niam
2359 518 2650 588 quamlibet
2677 520 2846 576 bonos
2876 521 3173 586 habuerint,
3193 521 3436 577 Christus
3460 533 3560 578 est
3587 525 3774 579 incom-

2185 608 2494 678 parabiliter
2521 612 2730 681 melior,
2777 614 2868 685 qui
2917 623 3043 669 tunc
3093 615 3197 670 erit
3238 615 3495 687 baptizati
3527 626 3709 686 caput,
3737 619 3779 673 si

2184 699 2422 771 perﬁdus
2449 701 2610 758 lateat
2641 704 2956 772 baptizatur.
3000 706 3128 761 ltem
3159 715 3409 777 tanquam
3437 723 3550 780 ego
3584 711 3771 764 sensis-

2184 808 2297 850 sem
2321 837 2338 864 ,
2383 798 2618 854 sanctius
2659 799 2937 868 justilicari
2980 816 3072 857 eos
3111 803 3198 873 qui
3226 802 3579 873 baptizantur
3602 807 3671 861 ab
3694 821 3779 860 oc;

2182 888 2341 946 cultis
2365 890 2540 957 malis,
2567 906 2725 961 quam
2754 891 2842 964 qui
2870 891 3241 964 baptizautura
3259 895 3569 952 manifestis
3591 895 3737 951 bonis
3761 917 3770 952 :

2182 995 2304 1035 cum
2347 980 2459 1037 hrec
2485 982 2741 1037 mirabilis
2786 983 2989 1039 insania
3019 984 3140 1041 ideo
3167 1002 3197 1040 a
3229 1002 3314 1041 me
3356 995 3779 1043 commemorata

2181 1071 2269 1137 sit,
2309 1071 2429 1142 quia
2461 1073 2580 1129 illos
2604 1075 2909 1131 necessario
2945 1077 3186 1148 sequitur
3227 1079 3315 1148 qui
3355 1095 3474 1134 cum
3522 1080 3770 1136 Petiliam

2180 1163 2438 1227 sentiunt,
2467 1165 2547 1221 sic
2585 1180 2704 1222 esse
2744 1166 3014 1223 hominem
3049 1170 3370 1239 baptizatum
3417 1171 3486 1226 ad
3538 1173 3767 1242 baptiza-

2181 1263 2350 1312 torem
2392 1271 2576 1324 suum,
2613 1259 3062 1329 quemadmodum
3088 1272 3171 1318 est
3193 1263 3395 1319 fruetus
3418 1266 3484 1320 ad
3520 1267 3760 1322 arborem

2177 1345 2246 1402 de
2292 1362 2394 1418 qua
2440 1351 2696 1419 nascitur,
2742 1352 2914 1409 bonus
2951 1354 3018 1409 de
3062 1355 3220 1422 bona,
3259 1357 3435 1413 malus
3475 1358 3553 1414 de
3602 1361 3764 1414 mala:

2177 1440 2370 1511 quibus
2397 1455 2518 1497 cum
2565 1443 2856 1500 dixerimus
2898 1454 2955 1500 ut
3005 1447 3402 1516 respondeant,
3447 1449 3616 1520 cujus
3643 1453 3746 1506 arhi

2177 1540 2386 1589 trentur
2410 1533 2638 1590 fructum
2659 1551 2780 1592 esse
2802 1537 3068 1594 hominem
3097 1539 3442 1608 baptizatum,
3458 1543 3686 1612 quando
3710 1545 3779 1598 ab.

2176 1629 2387 1680 occulto
2415 1627 2558 1682 malo
2599 1627 2897 1700 baptizatur
2921 1670 2937 1697 ,
2975 1630 3227 1700 quoniam
3274 1647 3380 1687 non
3409 1632 3621 1688 audent
3657 1650 3763 1689 eum

2176 1717 2525 1789 rebaptizare,
2555 1731 2816 1792 coguntur
2838 1722 3185 1793 reSpondere,
3215 1731 3344 1780 tunc
3371 1739 3497 1780 eum
3526 1741 3640 1781 non
3660 1742 3765 1783 esse

2174 1809 2402 1864 fructum
2433 1812 2622 1866 occulti
2653 1812 2794 1867 illius
2823 1813 2968 1881 mali,
2999 1814 3095 1870 sed
3125 1829 3246 1871 esse
3270 1814 3504 1872 fructum
3531 1815 3761 1872 Christi:

2173 1914 2237 1956 ac
2262 1916 2356 1970 per
2381 1900 2483 1958 hoc
2506 1903 2744 1974 sequitur
2767 1918 2861 1960 eos
2889 1903 3031 1976 quod
3061 1905 3252 1962 nolunt
3272 1948 3286 1973 ,
3315 1914 3370 1961 et
3394 1908 3544 1978 quod
3578 1910 3764 1964 sentire

2171 1991 2436 2049 dementis
2463 2003 2576 2060 est;
2605 1996 2728 2066 quia
2764 1996 2810 2051 si
2839 1995 3002 2052 homo
3025 2006 3149 2052 tunc
3185 2007 3269 2053 est
3295 1997 3504 2055 fructus
3536 1998 3759 2055 hominis

2173 2085 2519 2156 haptizatoris
2547 2089 2650 2154 sui,
2680 2089 2892 2160 quando
2915 2105 2943 2144 a
2967 2088 3251 2146 manifesto
3272 2091 3414 2146 bono
3440 2092 3755 2162 baptizatur,

2172 2193 2292 2233 cum
2320 2195 2447 2234 vero
2503 2181 2801 2250 baptizatur
2838 2181 2906 2237 ab
2934 2183 3144 2237 occulto
3189 2183 3408 2240 homine
3444 2186 3614 2251 malo,
3645 2194 3755 2240 tunc

2171 2285 2277 2326 non
2317 2271 2483 2342 ipsius
2513 2272 2746 2339 fructus,
2789 2272 2884 2330 sed
2927 2272 3124 2329 Christi
3154 2284 3275 2342 est,
3299 2276 3544 2332 sanctius
3567 2277 3754 2347 justiﬁ-

2169 2373 2357 2419 cantur
2381 2363 2472 2434 qui
2503 2363 2848 2434 baptizantur
2869 2365 2939 2421 ab
2965 2366 3190 2422 occultis
3227 2367 3417 2436 malis,
3467 2380 3634 2440 quam
3677 2368 3753 2440 qui

2167 2456 2504 2528 baptizantur
2527 2474 2558 2512 a
2589 2459 2886 2516 manifestis
2912 2459 3086 2516 bonis.

2218 2546 2469 2604 .CAPUT
2500 2546 2687 2603 XLVI.
2709 2578 2781 2589 —
2804 2549 2894 2606 55.
2915 2549 3068 2618 Quod
3094 2564 3218 2606 cum
3247 2549 3376 2606 mihi
3398 2550 3649 2608 tribuens
3672 2550 3750 2606 Pe

2167 2639 2386 2695 tilianus
2407 2647 2658 2710 tanquam
2685 2639 2788 2696 hoc
2816 2654 2919 2711 ego
2951 2641 3212 2697 senserim
3235 2681 3251 2708 ,
3285 2643 3418 2697 satis
3444 2642 3502 2698 in
3535 2658 3624 2698 me
3643 2658 3749 2713 gra-

2166 2733 2307 2790 viter
2345 2747 2410 2789 ac
2437 2733 2782 2790 vehementer
2823 2733 3130 2800 invehitur,
3169 2734 3283 2805 ipse
3323 2735 3510 2807 utique
3543 2735 3747 2792 demon-

2162 2833 2338 2892 strat,
2377 2840 2443 2882 ea
2486 2827 2601 2896 ipsa
2644 2825 2960 2897 gravissima
2991 2825 3292 2883 invectione
3316 2842 3412 2884 sua
3438 2869 3453 2894 ,
3505 2837 3747 2900 quantum

2163 2915 2316 2972 nefas
2356 2916 2428 2972 sit
2467 2917 2569 2972 ista
2614 2917 2858 2973 sentire:
2887 2932 2953 2973 ac
2982 2933 3078 2988 per
3102 2920 3204 2974 hoc
3245 2919 3506 2991 quidquid
3547 2931 3745 2993 propter

2163 3007 2302 3065 hanc
2345 3009 2661 3064 sententiam
2692 3008 2746 3064 in
2796 3023 2883 3065 me
2916 3009 3117 3066 dixisse
3156 3010 3326 3067 videri
3367 3013 3578 3081 voluit,
3626 3015 3674 3069 in
3697 3029 3744 3069 se

2162 3102 2334 3172 ipsum
2360 3101 2560 3157 dixisse
2581 3102 2849 3159 invenitur
2865 3145 2880 3171 ,
2911 3104 3001 3175 qui
3029 3104 3150 3159 talia
3174 3105 3375 3162 sentire
3401 3108 3740 3163 convincitur.

2163 3194 2237 3250 lbi
2266 3194 2408 3250 enim
2435 3193 2700 3261 ostendit,
2749 3207 2945 3266 quanta
2985 3196 3036 3252 vi
3079 3197 3316 3253 veritatis
3351 3209 3641 3270 superatus
3666 3200 3741 3265 sit,

2159 3286 2251 3342 ubi
2279 3287 2438 3341 alium
2466 3287 2664 3342 exitum
2691 3302 2798 3343 non
2824 3287 3049 3357 invenit,
3081 3289 3183 3346 nisi
3212 3300 3269 3346 ut
3293 3306 3380 3347 me
3402 3295 3643 3350 sensisse
3661 3296 3743 3346 tin-

2159 3390 2346 3452 geret,
2393 3381 2533 3452 quod
2580 3383 2693 3453 ipse
2735 3383 2912 3438 sentit.
2957 3383 3412 3453 Quemadmodum
3435 3391 3482 3442 si
3526 3389 3600 3444 illi
3625 3403 3743 3459 quos

2159 3475 2447 3546 Apostolus
2472 3475 2680 3546 arguit,
2707 3475 2828 3546 quia
2849 3475 3099 3532 dicebant
3131 3492 3236 3533 non
3258 3493 3377 3536 esse
3405 3481 3741 3537 resurrectio-

2160 3581 2282 3622 nem
2310 3576 2663 3636 mortuorum,
2683 3568 2927 3624 eumdem
2945 3571 3241 3641 apostolum
3257 3587 3514 3629 accusare
3536 3575 3738 3636 vellent,

2159 3659 2411 3729 quoniam
2451 3658 2621 3724 dixit,
2655 3658 2835 3731 Neque
2860 3660 3087 3717 Christus
3111 3665 3413 3732 resurrexit,
3449 3675 3507 3722 et
3543 3668 3737 3722 inanem

2159 3767 2279 3808 esse
2307 3751 2737 3822 praedicationem
2753 3754 3154 3825 Apostolorum,
3181 3757 3391 3816 inanem
3413 3761 3580 3818 etiam
3597 3761 3735 3817 tidem

2158 3846 2511 3918 credentium,
2540 3849 2804 3922 falsosque
2836 3852 3057 3908 inveniri
3085 3862 3246 3910 testes
3273 3855 3535 3914 adversus
3563 3858 3730 3920 Deum,

2157 3941 2249 4012 qui
2293 3941 2553 3998 dixissent
2595 3942 2737 4015 quod
2782 3945 3116 4002 suscitaverit
3143 3946 3434 4005 Christum.
3476 3951 3594 4008 Hoc
3622 3949 3734 4007 mihi

2158 4033 2452 4092 Petilianus
2491 4037 2668 4093 facere
2696 4038 2862 4093 voluit
2887 4079 2904 4105 ,
2947 4039 3238 4110 desperans
3287 4043 3388 4115 legi
3433 4059 3592 4115 posse
3630 4058 3735 4115 qua

2156 4128 2385 4199 scripsi,
2429 4129 2619 4200 quibus
2661 4129 2983 4201 respondere
3012 4149 3117 4189 non
3147 4135 3356 4204 potuit,
3395 4146 3450 4193 et
3494 4139 3732 4207 putarise

2157 4221 2500 4291 respondisse
2527 4237 2849 4294 magnopere
2875 4225 3200 4296 concupivit.
3255 4227 3360 4284 Sed
3395 4230 3730 4301 quemadmo-

2157 4311 2284 4369 dum
2330 4313 2375 4368 si
2421 4313 2699 4385 quisquam
2746 4315 2873 4371 illud
2913 4315 3130 4374 fecisset
3177 4319 3474 4393 Apostolo,
3525 4325 3728 4382 recitato

2157 4407 2408 4462 universo
2437 4407 2553 4478 ipso
2579 4407 2698 4463 loco
2717 4423 2783 4463 ex
2813 4407 2929 4478 ejus
2955 4409 3212 4480 Epistola,
3240 4413 3569 4486 redditisque
3591 4429 3729 4484 supe-

2156 4497 2388 4555 rioribus
2421 4499 2599 4554 verbis
2638 4515 2702 4556 ex
2747 4501 2938 4572 quibus
2967 4501 3064 4557 ista
3095 4504 3328 4574 pendere
3353 4508 3594 4580 quisquis
3621 4506 3727 4578 legit

2157 4591 2435 4662 intelligit,
2473 4592 2647 4647 omnis
2677 4591 2766 4647 illa
2791 4593 3119 4651 calumniosa
3145 4595 3489 4667 reprehensio
3516 4600 3568 4655 in
3598 4599 3726 4654 fron-

2157 4691 2264 4739 tem
2292 4682 2795 4754 reprehendentium
2820 4683 3136 4742 relideretur
3163 4705 3176 4742 :
3209 4688 3286 4744 sic
3306 4689 3525 4747 redditis
3550 4707 3613 4747 ex
3630 4688 3728 4759 Epi-

2155 4778 2294 4834 stola
2322 4793 2438 4834 mea
2463 4779 2857 4849 superioribus,
2895 4780 3020 4836 dum
3055 4797 3142 4838 me
3182 4783 3470 4841 Petilianus
3509 4794 3724 4842 accusat.

2157 4872 2211 4928 in
2241 4871 2356 4942 ejus
2373 4871 2578 4938 faciem,
2600 4873 2742 4929 unde
2772 4874 2860 4928 illa
2881 4888 3157 4932 removere
3181 4887 3402 4935 conatus
3423 4890 3527 4948 est,
3547 4881 3723 4950 majore

2156 4963 2355 5036 impetu
2379 4972 2776 5036 retorquentur.

2231 5059 2320 5116 56.
2353 5059 2640 5130 Apostolus
2685 5059 2828 5115 enim
2873 5058 3198 5130 redarguens
3225 5075 3319 5116 eos
3345 5061 3434 5132 qui
3485 5063 3721 5136 negabant

2157 5153 2599 5211 resurrectionem
2630 5161 2998 5220 mortuorum,
3040 5153 3138 5208 ista
3178 5153 3506 5212 absurditate
3533 5153 3721 5225 corrigit

2157 5262 2276 5318 qua:
2302 5246 2494 5302 invitos
2517 5245 2756 5316 sequitur
2784 5245 2906 5300 talia
2934 5245 3260 5313 sentientes,
3295 5255 3352 5302 ut
3383 5246 3509 5304 dum
3549 5248 3717 5304 exhoro

2157 5347 2278 5394 rent
2313 5337 2454 5408 quod
2499 5336 2649 5392 nefas
2677 5347 2760 5392 est
2795 5337 2992 5403 dicere,
3022 5338 3290 5409 corrigam
3316 5340 3458 5410 quod
3488 5341 3600 5396 ausi
3620 5346 3717 5393 sunt

2155 5432 2395 5489 credere.
2441 5430 2670 5486 Proinde
2700 5431 2769 5485 ita
2798 5431 2924 5486 dicit
2958 5449 2972 5485 :
3004 5430 3065 5486 Si
3094 5413 3390 5486 resurrectio
3435 5443 3715 5485 morlltorttm

2155 5532 2382 5587 nonest,
2429 5540 2586 5593 neque
2626 5521 2856 5578 Christus
2891 5526 3207 5578 resurrexit:
3236 5515 3476 5579 siautem
3515 5526 3714 5581 Christus

2157 5633 2259 5672 non
2301 5617 2606 5681 resurrexit,
2646 5617 2813 5671 inanis
2841 5627 2912 5672 est
2939 5618 3234 5690 prtedicatio
3262 5631 3472 5685 nostra,
3513 5635 3635 5675 uana
3659 5624 3714 5667 at

2157 5719 2205 5780 et
2243 5709 2366 5795 fides
2407 5717 2564 5782 vestra
2585 5725 2604 5790 ε
2645 5708 2926 5784 inveninmr
2971 5719 3136 5780 autem
3183 5719 3231 5772 ct
3269 5712 3388 5803 falsi
3437 5721 3582 5783 tester
3619 5704 3710 5786 ρςε,
