3792 6126
20 237 117 296 τη

21 351 243 420 quoniam
272 343 616 401 testimonium
641 341 861 397 diximus
877 338 1116 394 adversm
1143 335 1327 402 Deum,
1349 336 1468 406 quia
1485 349 1600 388 sus-

25 443 180 498 citavit
207 439 467 495 Christum
487 477 504 505 ,
546 453 692 508 quem
717 451 818 490 non
861 432 1119 489 suscitavit
1147 429 1192 503 (Ι
1213 430 1330 486 Cor.
1367 443 1438 483 xv
1461 468 1476 492 ,
1508 427 1603 483 I3-

27 535 106 602 15)
135 548 150 586 :
181 539 240 586 ut
263 530 392 585 dum
412 530 598 585 timent
612 527 789 582 dicere
803 523 1073 580 Christum
1093 536 1201 578 non
1222 518 1599 582 resurrexisse,

25 638 74 684 et
95 634 282 681 ca‘tera
313 622 448 677 mala
477 635 540 676 ac
564 618 765 675 nefaria
805 631 925 686 quae
962 622 1256 686 sequuntur
1279 653 1296 678 ,
1335 611 1606 680 corrigant

27 714 153 786 quod
185 712 352 768 stulte
391 709 780 780 inlideliterque
807 705 1104 771 dixerunt,
1137 718 1240 758 non
1278 716 1398 757 esse
1427 715 1605 756 resur-

31 809 305 866 rectionem
336 815 684 861 mortuorum.
733 800 791 857 Si
819 814 950 870 ergo
988 798 1143 853 tollas
1169 794 1311 867 quod
1351 795 1403 849 in
1432 792 1606 864 capite

32 896 434 955 ratiocinationis
471 895 630 965 hujus
663 901 747 949 est
772 893 1001 963 positum
1021 932 1038 957 ,
1066 889 1129 945 Si
1147 886 1447 943 resurrectio
1471 901 1608 941 mor-

37 1004 213 1048 tuorum
239 1006 346 1044 non
361 997 465 1052 est;
504 987 644 1042 male
669 992 861 1040 caetera
887 981 1026 1037 dicta
1055 987 1219 1047 sunt,
1268 987 1324 1035 et
1351 975 1607 1048 Apostolo

35 1079 296 1137 tribuenda
322 1087 468 1135 sunt.
499 1077 556 1132 Si
585 1084 766 1130 autem
797 1071 993 1130 reddas
1017 1069 1158 1126 unde
1182 1067 1440 1139 pendent,
1467 1074 1523 1123 et
1551 1067 1606 1121 in

40 1173 235 1230 exordio
279 1169 576 1226 constituas
601 1209 618 1235 ,
660 1165 984 1221 Resurrectio
1016 1171 1332 1218 mortuorum
1365 1176 1466 1215 non
1492 1169 1608 1224 est;

41 1274 161 1320 recte
200 1270 631 1332 consequentur,
685 1257 864 1327 Neque
912 1254 1139 1309 Christus
1182 1251 1490 1317 resurrexit,
1531 1257 1608 1316 et,

41 1357 184 1412 inanis
209 1364 280 1410 est
323 1352 619 1424 praedicatio
647 1358 821 1406 nostra
839 1389 855 1415 ,
899 1347 1067 1402 inanis
1091 1354 1164 1401 est
1200 1354 1248 1400 et
1271 1343 1399 1414 ﬁdes
1423 1350 1606 1406 uestra,

48 1457 85 1501 et
103 1454 285 1501 cetera
315 1459 438 1515 quae
458 1455 707 1498 connexa
733 1447 859 1495 sunt
887 1455 901 1492 :
929 1443 986 1492 et
1011 1436 1129 1492 haec
1157 1435 1336 1492 omnia
1374 1433 1442 1488 ab
1461 1433 1609 1502 Apo-

43 1541 158 1594 stolo
179 1537 314 1594 bene
341 1546 395 1592 et
421 1534 712 1607 prudenter
740 1531 880 1588 dicta
908 1537 1052 1596 sunt,
1079 1527 1329 1600 quoniam
1356 1523 1614 1598 quidquid

44 1630 148 1684 mali
172 1628 372 1683 habent
395 1668 411 1694 ,
463 1625 572 1682 illis
611 1621 977 1695 imputandum
1007 1629 1092 1677 est
1118 1619 1210 1690 qui
1236 1618 1498 1690 negabant
1524 1631 1612 1672 re-

46 1718 408 1774 surrectionem
437 1725 793 1772 mortuorum.
821 1713 910 1768 Sic
935 1711 1095 1766 etiam
1124 1710 1178 1764 in
1207 1708 1441 1780 Epistola
1471 1721 1610 1773 mea,

50 1812 151 1866 tolle
175 1807 315 1881 quod
349 1806 581 1878 positum
603 1813 687 1861 est
703 1845 718 1869 ,
747 1803 809 1859 Si
831 1803 948 1858 talis
967 1801 1174 1873 quisque
1195 1801 1249 1854 in
1277 1799 1440 1871 gratia
1465 1797 1614 1867 spiri-

49 1901 151 1954 ικαιὶ
173 1900 486 1963 renascitur,
514 1897 680 1969 qualis
700 1903 772 1950 est
799 1893 885 1948 ille
911 1909 944 1946 a
971 1908 1073 1964 quo
1093 1891 1398 1964 baptizatur,
1427 1899 1473 1944 et
1502 1904 1617 1942 cum

52 1996 316 2066 manifestus
345 2001 423 2047 est
448 1991 534 2062 qui
557 1990 776 2061 baptizat
799 1987 949 2042 homo
968 1986 1129 2041 bonus
1149 2026 1165 2052 ,
1193 1985 1302 2056 ipse
1325 1983 1413 2038 dat
1442 1982 1612 2051 ﬁdem,

51 2087 140 2156 ipse
171 2085 310 2157 origo
347 2091 394 2138 et
425 2081 576 2136 rudia:
602 2088 850 2150 caputque
877 2077 1125 2132 nascentis
1150 2084 1257 2139 est;
1302 2090 1418 2128 cum
1450 2081 1620 2126 autent

57 2181 151 2234 latet
171 2177 396 2249 perﬁdus
423 2174 727 2245 baptizatur,
746 2181 865 2226 tunc
891 2169 1099 2241 quisque
1120 2184 1153 2222 a
1177 2165 1378 2223 Christo
1408 2163 1622 2236 percipit

59 2270 184 2340 tidem
204 2311 220 2336 ,
265 2278 386 2322 tunc
413 2283 448 2320 a
471 2263 672 2321 Christo
707 2263 846 2318 ducit
888 2261 1161 2334 originem,
1203 2268 1322 2314 tunc
1345 2259 1399 2313 in
1423 2256 1622 2312 Christo

60 2363 312 2427 radientur,
336 2370 459 2413 tunc
484 2357 685 2415 Christo
711 2356 874 2426 capite
893 2353 1139 2426 gloriatur
1159 2370 1178 2408 :
1202 2352 1328 2407 tolle
1355 2351 1456 2406 ista
1485 2349 1625 2406 unde

61 2451 226 2522 pendet
253 2449 396 2520 quod
421 2448 693 2519 sequitur,
720 2454 775 2502 et
792 2444 947 2500 valde
977 2443 1210 2514 pessime
1238 2441 1439 2496 dictum
1469 2439 1626 2496 mihi-

65 2557 148 2613 que
170 2541 504 2597 tribuendum
534 2546 635 2603 est,
667 2535 962 2608 Optandum
988 2543 1058 2589 est
1091 2532 1322 2588 omnibus
1346 2532 1434 2597 qui
1458 2530 1627 2601 bapti-

65 2647 232 2702 santur,
259 2645 314 2690 ut
342 2634 683 2704 baptizatores
706 2628 925 2702 perﬁdos
953 2627 1171 2682 habeant
1195 2635 1241 2680 et
1265 2626 1494 2696 ignorent
1521 2639 1626 2678 eos.

72 2726 320 2792 Quamlibet
347 2726 486 2781 enim
510 2723 666 2778 bonos
688 2720 974 2786 habuerint,
1005 2718 1236 2775 Christus
1261 2726 1334 2772 est
1355 2717 1526 2788 utique
1550 2715 1631 2768 in-

71 2817 446 2888 comparabiliter
471 2815 651 2870 melior
674 2855 689 2879 ,
733 2812 822 2884 qui
847 2820 966 2865 tunc
992 2811 1086 2865 erit
1113 2809 1350 2881 baptizati
1377 2814 1527 2879 caput
1545 2846 1561 2870 ,
1586 2805 1631 2861 si

75 2909 266 2980 perﬁdus
287 2909 444 2963 lateat
467 2905 752 2976 baptizatur
776 2900 998 2976 (Supra,
1030 2899 1119 2954 lib.
1154 2899 1207 2964 l,
1235 2915 1350 2969 cap.
1380 2897 1436 2964 6,
1464 2913 1518 2950 n.
1549 2895 1630 2966 7).

75 2999 347 3055 Reddantur
382 3006 566 3054 autem
597 2995 685 3051 illa
713 3009 833 3066 qua:
869 3007 966 3048 vos
986 2991 1162 3047 dicitis
1184 3032 1201 3056 ,
1234 2999 1358 3046 tunc
1394 2988 1504 3060 jam
1532 2987 1634 3042 hoc

78 3092 192 3163 quod
228 3093 349 3149 inde
391 3089 596 3163 pendet
619 3097 674 3145 et
713 3087 991 3158 religatum
1039 3084 1309 3155 sequitur,
1350 3096 1458 3137 non
1491 3095 1522 3136 a
1547 3095 1636 3136 me

79 3185 231 3239 sentiri
259 3184 551 3250 invenitur,
570 3189 625 3235 et
642 3177 896 3251 quidquid
923 3176 1048 3232 mali
1076 3175 1235 3231 habet
1260 3175 1300 3240 ί,
1329 3175 1383 3229 in
1404 3180 1635 3228 vestram

83 3277 362 3332 sententiam
394 3281 757 3345 retorquetur.
789 3271 918 3327 Item
949 3270 1076 3325 tolle
1103 3268 1244 3340 quod
1273 3267 1503 3339 positum
1529 3272 1634 3330 est,

83 3367 131 3423 Si
154 3371 288 3424 arbor
305 3370 442 3423 bona
473 3367 636 3422 bonus
672 3364 952 3434 baptizatur
980 3371 1087 3424 est,
1116 3370 1174 3414 ut
1194 3362 1387 3431 [ructus
1412 3359 1520 3429 ejus
1545 3356 1637 3411 bo-

84 3475 160 3513 nus
182 3461 238 3515 sit
263 3460 350 3515 ille
371 3474 526 3530 quem
550 3455 894 3529 baptizauerit,
922 3463 967 3508 et
984 3453 1029 3507 si
1049 3468 1163 3506 cum
1186 3449 1381 3504 occulta
1400 3455 1470 3503 est
1489 3446 1641 3502 arbor

86 3552 196 3604 mala
212 3593 227 3616 ,
252 3551 553 3622 quicumque
578 3549 643 3602 ab
666 3548 759 3602 illa
788 3545 938 3620 fuerit
966 3544 1248 3616 baptizatus
1265 3583 1280 3608 ,
1310 3557 1412 3596 non
1437 3541 1501 3595 de
1525 3539 1637 3607 illa,

85 3641 154 3695 sed
170 3643 223 3696 de
242 3640 444 3697 Christo
467 3639 691 3694 nascitur
714 3657 732 3694 .'
761 3637 887 3694 tolle
917 3637 1036 3701 ista,
1073 3649 1194 3706 qua:
1221 3631 1471 3705 cogimiui
1491 3638 1546 3688 et
1570 3645 1638 3687 ex

89 3742 236 3788 vestra
254 3742 394 3789 secta
410 3741 467 3788 et
486 3747 553 3788 ex
575 3730 814 3786 Petilia‘ni
839 3727 1073 3799 Epistola
1095 3726 1358 3792 conﬁteri,
1381 3734 1436 3782 et
1463 3739 1641 3780 meum

90 3825 172 3878 erit
189 3839 246 3878 ac
271 3825 398 3880 mihi
420 3822 791 3893 imputandum
817 3820 944 3876 illud
965 3820 1210 3874 insanum
1223 3817 1364 3890 quod
1381 3815 1639 3886 sequitur,

93 3915 300 3972 Sanctius
317 3915 670 3988 justiﬁeantur
695 3913 779 3984 qui
808 3912 1128 3982 baptizantur
1148 3909 1212 3964 ab
1237 3909 1444 3964 occultis
1471 3907 1641 3974 malis,

92 4021 214 4074 quam
239 4009 322 4079 qui
351 4005 675 4078 baptizantur
703 4021 735 4058 a
759 4002 1039 4075 manifestis
1058 4000 1200 4055 bonis
1239 3998 1424 4072 (Ibid.,
1444 4015 1560 4070 cap.
1587 3997 1642 4063 8,

93 4115 137 4151 π.
160 4100 228 4169 9).
267 4097 460 4156 Redde
493 4107 672 4169 autem
700 4095 788 4152 illa
814 4097 881 4150 ei
919 4093 1112 4166 quibus
1139 4093 1244 4148 hoc
1271 4092 1484 4162 pendet,
1512 4106 1645 4148 con-

95 4190 219 4247 tinuo
237 4191 435 4248 videbis
459 4198 518 4247 et
541 4205 627 4246 me
660 4187 762 4244 hoc
797 4188 865 4243 ad
895 4203 988 4243 vos
1017 4184 1360 4256 corrigendos
1386 4193 1530 4240 recte
1555 4199 1650 4255 po-

97 4281 238 4338 suisse
255 4325 269 4347 ,
315 4293 371 4340 et
397 4291 567 4340 totum
607 4279 750 4352 quod
778 4279 929 4335 vobis
967 4278 1018 4334 in
1048 4277 1147 4332 hac
1169 4277 1433 4333 sententia
1458 4275 1650 4332 merito

98 4370 330 4444 displicet,
360 4376 414 4430 in
440 4382 674 4430 vestram
706 4371 896 4427 faciem
925 4368 1200 4426 recidisse.

157 4463 359 4522 CAPUT
396 4463 609 4521 XLVII.
636 4493 707 4504 —
734 4462 824 4518 57.
842 4459 1074 4517 Proinde
1100 4456 1545 4530 quemadmodum
1575 4456 1652 4514 illi

101 4555 172 4624 qui
201 4557 632 4613 resurrectionem
663 4563 994 4610 mortuorum
1012 4551 1297 4624 negabant,
1325 4550 1472 4606 nullo
1493 4549 1653 4606 modo

103 4659 150 4698 se
171 4645 502 4704 defenderent
527 4662 556 4701 a
584 4645 745 4701 tantis
774 4644 930 4700 malis
955 4658 1074 4715 quae
1096 4641 1164 4698 ad
1197 4657 1294 4700 eos
1325 4642 1653 4712 redarguen-

103 4733 184 4790 dos
201 4741 476 4796 connexnit
500 4738 784 4810 Apostolus
812 4736 994 4792 dicens
1018 4777 1034 4804 ,
1081 4731 1262 4802 Neque
1303 4733 1532 4790 Christus
1571 4751 1654 4788 re-

106 4835 325 4898 surrexit,
372 4831 675 4889 etuefanda
702 4831 948 4888 similiter
977 4839 1207 4896 caetera,
1247 4828 1349 4883 nisi
1389 4836 1658 4882 mutarent

108 4925 424 4992 sententiam,
463 4931 519 4981 ct
558 4924 850 4980 faterentur
881 4935 1001 4978 esse
1026 4921 1471 4976 resurrectionem
1511 4933 1658 4973 mor-

111 5018 288 5070 tuomm
321 5035 333 5070 :
363 5017 440 5073 sic
463 5017 623 5073 etiam
656 5031 754 5072 vos
796 5017 840 5072 si
872 5029 979 5070 non
1020 5014 1178 5069 vultis
1217 5012 1368 5068 vobis
1410 5010 1660 5082 imputari

112 5103 226 5170 quod
265 5106 328 5160 ad
369 5122 462 5162 vos
507 5105 898 5163 convincendos
926 5113 984 5161 et
1026 5102 1371 5174 corrigendos
1411 5101 1656 5166 dicimus,

118 5196 322 5252 sanctius
363 5199 640 5268 iustificari
682 5212 776 5254 eos
817 5196 908 5268 qui
954 5194 1288 5266 baptizantur
1327 5193 1394 5249 ab
1437 5192 1660 5248 occultis

117 5287 261 5352 malis,
287 5306 440 5362 quam
466 5293 554 5363 qui
580 5291 914 5362 baptizantur
939 5305 969 5344 a
999 5286 1295 5343 manifestis
1321 5285 1514 5353 bonis;
1542 5300 1661 5341 mu-

120 5383 207 5432 tate
227 5386 562 5451 sententiam,
606 5393 662 5440 et
684 5399 868 5439 eorum
897 5397 1045 5453 spem
1076 5379 1168 5451 qui
1199 5378 1532 5450 baptizantur
1561 5391 1662 5433 no-

121 5465 194 5524 lite
215 5472 262 5528 in
297 5475 504 5533 homine
532 5492 750 5550 ponere.
801 5474 932 5531 Nam
961 5476 1006 5530 si
1044 5474 1274 5546 ponitis,
1326 5472 1502 5528 videte
1537 5470 1662 5543 quid

345 5639 443 5702 Am-
468 5638 541 5682 ετ·
589 5637 642 5681 ει
836 5628 1012 5690 habent
1039 5640 1058 5684 :
1081 5640 1179 5692 non
1237 5633 1397 5692 recte,
1419 5627 1511 5691 nisi
1533 5623 1664 5686 refe-

252 5691 320 5760 a't,
337 5691 418 5764 illa
435 5708 540 5773 qmv
562 5707 641 5755 τρε
661 5691 835 5764 άξσῆίξδν

1351 218 1558 277 LIBER
1593 217 1912 276 TERTIUS.

3180 218 3286 279 378

1711 333 1882 390 dicam
1907 375 1922 400 ,
1964 349 2031 392 ne
2057 335 2160 392 hoc
2177 335 2373 409 aliquis
2401 334 2597 394 iterum
2616 336 2936 409 supprimat,
2965 343 3022 394 et
3043 334 3186 392 dicat
3211 348 3300 391 me

1708 426 1944 483 sensisse
1989 427 2131 498 quod
2174 426 2242 483 ad
2289 441 2387 485 vos
2426 429 2823 501 redarguendos
2850 427 3302 500 corrigendosque

1707 533 2088 576 commemoro.
2116 518 2305 576 Videte
2328 520 2455 592 quid
2481 521 2655 578 dicam
2674 564 2690 589 ,
2733 521 2877 577 undo
2902 520 3134 592 pendeat
3160 520 3301 591 quod

1709 611 1949 668 dicturus
1976 625 2094 666 sum
2125 627 2140 666 :
2169 612 2224 667 Si
2251 627 2436 667 eorum
2475 627 2624 683 spem
2668 613 2761 684 qui
2801 611 3104 684 baptizandi
3149 619 3299 679 sunt,

1709 705 1763 761 in
1793 705 2009 761 homine
2028 720 2059 761 a
2089 719 2196 777 quo
2214 705 2549 776 baptizantur
2577 706 2807 778 ponitis;
2839 706 2883 762 si
2913 706 3296 778 baptizatorem

1710 796 1978 854 hominem
1997 838 2014 864 ,
2064 799 2206 854 sicut
2231 799 2446 869 scripsit
2469 799 2758 856 Petilianus
2781 841 2796 864 ,
2841 799 3099 870 originem
3127 807 3184 855 et
3218 814 3304 854 ra-

1709 890 1885 947 dicem
1923 901 1977 948 et
2017 900 2178 962 caput
2221 891 2340 962 ejus
2364 891 2455 963 qui
2505 891 2803 963 baptizatur
2849 892 3208 959 constituitis;
3257 893 3303 947 si

1710 981 1957 1038 arborem
1986 981 2186 1038 bonam
2216 981 2414 1038 bonum
2453 981 2722 1038 hominem
2757 983 3111 1054 baptizantem
3131 1025 3147 1051 ,
3193 983 3302 1039 fru-

1711 1084 1860 1133 ctum
1883 1084 2062 1132 autem
2088 1077 2206 1147 ejus
2222 1076 2423 1133 bonum
2441 1091 2566 1132 eum
2593 1075 2685 1146 qui
2716 1073 2877 1130 fuerit
2899 1075 2967 1130 ab
2986 1076 3102 1146 ipso
3126 1075 3298 1146 bapti-

1712 1176 1862 1222 zatus
1887 1166 2160 1236 accipitis;
2190 1166 2493 1223 admonetis
2520 1175 2577 1221 ut
2605 1179 2906 1236 quaeramus
2931 1181 2964 1220 a
2991 1165 3164 1233 vobis,
3195 1181 3298 1236 qua

1713 1259 1918 1330 origine
1941 1259 2178 1325 oriatur,
2211 1273 2314 1330 qua
2343 1258 2524 1314 radice
2550 1257 2808 1329 pullulet,
2855 1257 2940 1313 cui
2972 1258 3128 1328 capiti
3171 1259 3302 1314 sub-

1713 1359 1990 1417 nectatur,
2037 1350 2105 1406 de
2130 1365 2233 1421 qua
2261 1350 2454 1406 arbore
2478 1360 2728 1406 nascatur
2753 1363 2910 1420 quem
2939 1348 3108 1404 malus
3135 1347 3306 1420 bapti-

1715 1452 1804 1499 zat
1829 1443 2092 1500 occultus.
2140 1443 2223 1498 Ad
2249 1444 2388 1498 hanc
2413 1443 2608 1514 quippe
2643 1441 3040 1514 inquisitionem
3079 1440 3308 1512 pertinet

1716 1537 1877 1592 etiam
1925 1535 2051 1592 illud
2075 1577 2092 1602 ,
2136 1536 2222 1592 cui
2267 1551 2372 1592 non
2401 1536 2742 1607 respondisse
2771 1535 3092 1592 Petilianum
3119 1535 3305 1606 saepis-

1716 1626 1852 1683 sime
1879 1627 2247 1683 commendavi
2281 1645 2295 1681 :
2325 1626 2478 1683 Unde
2503 1627 2748 1684 abluatur
2778 1627 2867 1699 qui
2910 1626 3102 1696 accipit
3125 1625 3307 1696 Bapti-

1719 1736 1913 1788 smum,
1945 1736 2066 1775 cum
2095 1721 2420 1778 maculosam
2440 1722 2822 1778 conscientiam
2843 1736 2950 1777 non
2975 1731 3159 1777 sancte
3174 1721 3309 1776 dan-

1719 1813 1789 1869 tis
1861 1813 2111 1884 ignorat:
2143 1813 2283 1869 banc
2329 1813 2473 1869 enim
2513 1814 2531 1846 ⁸
2571 1814 2954 1870 conscientiam
2997 1813 3174 1870 dantis
3220 1813 3306 1868 vel

1719 1915 1906 1963 sancte
1931 1907 2108 1963 dantis
2147 1906 2262 1963 vult
2303 1921 2426 1963 esse
2454 1907 2712 1979 originem
2735 1949 2751 1975 ,
2802 1908 3036 1964 radicem
3059 1948 3075 1972 ,
3125 1917 3307 1978 caput,

1720 2012 1905 2054 semen
1931 2038 1946 2062 ,
1990 1997 2239 2054 arborem
2263 2038 2280 2064 ,
2328 1997 2471 2054 unde
2513 1998 2744 2062 existat,
2789 1999 2930 2054 unde
2964 2007 3308 2070 propagetur,

1722 2091 1866 2148 unde
1891 2091 2142 2162 incipiat,
2170 2090 2314 2148 unde
2337 2091 2636 2164 germinet,
2666 2092 2808 2147 unde
2835 2101 3085 2148 nascatur
3109 2089 3311 2147 sancti-

1725 2182 1903 2239 ﬁcatio
1936 2182 2207 2252 baptizati.

1795 2283 2022 2342 CAPUT
2053 2283 2285 2340 XLVIII.
2314 2314 2388 2327 —
2415 2283 2506 2341 58.
2541 2283 2676 2341 Cum
2705 2297 2834 2353 ergo
2857 2282 3148 2354 quaerimus
3174 2280 3318 2338 unde

1726 2375 1942 2432 ablutus
1961 2377 2050 2444 sit,
2078 2392 2238 2448 quem
2270 2377 2324 2434 in
2353 2385 2530 2434 vestra
2556 2376 2932 2432 communione
2958 2389 3066 2431 non
3087 2374 3320 2444 rebapti-

1730 2469 1862 2526 zatis
1881 2511 1899 2538 ,
1939 2469 2100 2526 etiam
2128 2485 2251 2526 cum
2286 2485 2410 2527 eum
2438 2471 2738 2528 constiterit
2771 2469 2840 2525 ab
2867 2469 3046 2541 aliquo
3085 2468 3322 2539 baptiza-

1729 2570 1884 2626 tum,
1939 2562 2030 2632 qui
2079 2572 2297 2633 propter
2338 2562 2602 2619 occultam
2649 2561 2937 2632 nequitiam
2986 2561 3097 2631 jam
3137 2569 3324 2617 sancte

1732 2655 1915 2712 dantis
1951 2655 2336 2712 conscientiam
2383 2669 2490 2710 non
2537 2653 2797 2720 habebat;
2843 2653 2973 2724 quid
3015 2653 3321 2723 responsuri

1734 2749 1898 2816 estis,
1940 2747 2042 2804 nisi
2075 2762 2106 2802 a
2135 2746 2348 2803 Christo
2373 2754 2465 2802 aut
2488 2761 2519 2801 a
2545 2745 2658 2802 Deo
2676 2787 2694 2813 ,
2729 2745 2974 2816 quamvis
3000 2753 3056 2800 et
3077 2743 3325 2800 Christus

1737 2841 1881 2898 Deus
1903 2854 2068 2909 super
2097 2840 2276 2896 omnia
2298 2840 2370 2896 sit
2393 2838 2706 2896 benedictus
2724 2838 2778 2894 in
2807 2839 3002 2894 saecula
3029 2838 3208 2908 (Rom.
3239 2853 3323 2905 ιι,

1735 2932 1832 3003 5);
1857 2941 1947 2988 aut
1970 2933 2040 2987 ab
2066 2932 2266 3004 Spiritu
2293 2939 2480 2988 sancto
2502 2972 2518 2994 ,
2544 2946 2666 2987 cum
2691 2938 2747 2987 et
2767 2930 2881 3000 ipse
2903 2931 2976 2986 sit
2999 2929 3143 2986 Deus
3159 2970 3176 2996 ,
3203 2929 3326 3000 quia

1736 3024 1854 3082 haec
1880 3024 2117 3081 Trinitas
2141 3039 2278 3082 unus
2295 3025 2437 3082 Deus
2469 3025 2535 3080 ’ἓ
2563 3024 2718 3082 Unde
2742 3023 2932 3081 Petrus
2959 3037 3082 3081 cum
3105 3022 3331 3080 dixisset

1738 3115 1979 3184 homini,
2013 3119 2179 3173 Ausus
2212 3134 2263 3172 es
2310 3118 2513 3172 mentiri
2555 3116 2777 3188 Spiritui
2818 3125 3030 3182 sancto;
3075 3115 3330 3172 continuo

1739 3217 1956 3265 secutus
1984 3207 2225 3279 adjunxit
2247 3207 2375 3279 quid
2400 3214 2546 3263 esset
2571 3207 2802 3276 Spiritus
2829 3215 3047 3262 sanctus
3068 3247 3082 3270 ,
3125 3214 3181 3261 et
3207 3205 3282 3260 ait
3313 3222 3328 3259 :

1741 3297 1866 3354 Non
1890 3315 1944 3355 es
1968 3300 2201 3354 mentitus
2220 3297 2525 3366 hominibus,
2551 3298 2640 3353 sed
2660 3297 2766 3352 Deo
2793 3297 2931 3368 (Act.
2956 3313 3012 3364 v,
3040 3297 3094 3360 5.
3116 3296 3194 3369 4).
3225 3296 3332 3353 Ρο-

1740 3399 1944 3447 stremo
1989 3391 2197 3446 etiamsi
2246 3390 2439 3446 dicatis
2485 3405 2608 3445 eum
2647 3389 2717 3444 ab
2759 3389 2948 3460 angelo
2976 3389 3122 3445 ablui
3166 3397 3332 3460 atque

1741 3480 1989 3538 mundari
2013 3523 2028 3547 ,
2069 3479 2284 3552 quando
2322 3480 2576 3552 pollutam
2604 3479 2986 3536 conscientiam
3011 3494 3119 3535 non
3145 3489 3332 3535 sancte

1742 3574 1920 3631 dantis
1958 3575 2198 3645 ignorat;
2241 3572 2419 3630 videte
2461 3575 2584 3646 quia
2623 3572 2793 3628 sancti
2838 3571 3084 3629 homines
3127 3587 3246 3630 cum
3276 3573 3331 3628 in

1745 3678 2004 3725 aeternam
2033 3667 2194 3723 vitam
2220 3666 2634 3735 resurrexeriut,
2666 3674 2794 3722 tunc
2820 3665 2890 3722 de
2910 3665 3013 3721 illis
3027 3664 3227 3721 dictum
3250 3674 3334 3722 est

1749 3761 1892 3834 quod
1917 3769 2076 3818 erunt
2101 3761 2333 3832 :equales
2370 3759 2588 3830 Angelis
2633 3758 2727 3814 Dei
2782 3757 2994 3832 (Matth.
3035 3773 3189 3826 nu,
3217 3757 3334 3828 50).

1750 3853 2002 3924 Quisquis
2026 3866 2155 3924 ergo
2181 3863 2237 3907 et
2263 3851 2331 3907 ab
2349 3851 2540 3924 angelo
2562 3849 2812 3916 abluitur,
2844 3850 3082 3906 sanctius
3103 3848 3337 3906 abluitur

1747 3957 1908 4021 quam
1932 3948 1976 4003 si
2003 3947 2252 4002 abluatur
2272 3944 2342 4000 ab
2367 3943 2601 4000 hominis
2617 3943 2990 4014 qualicumque
3014 3942 3036 3974 ³
3053 3942 3337 3998 conscien-

1749 4043 1844 4099 tia.
1891 4042 1999 4098 Cur
2050 4054 2180 4112 ergo
2211 4054 2321 4096 non
2368 4039 2532 4094 vultis
2568 4045 2628 4094 ut
2667 4036 2876 4092 dicatur
2902 4035 3093 4104 vobis,
3125 4034 3184 4091 Si
3213 4045 3339 4091 tunc

1748 4134 1918 4191 abluit
1960 4133 2120 4187 homo
2147 4129 2360 4204 quando
2401 4128 2716 4186 manifestus
2744 4128 2917 4184 bonus
2947 4135 3032 4183 est
3049 4168 3067 4193 ,
3092 4141 3215 4182 cum
3239 4141 3341 4181 au-

1753 4236 1862 4282 tem
1903 4224 2145 4280 occultus
2181 4223 2344 4278 homo
2391 4221 2562 4276 malus
2587 4229 2706 4286 est,
2749 4218 3000 4289 quoniam
3041 4231 3146 4272 non
3179 4217 3341 4273 habet

1751 4316 2134 4374 conscientiam
2160 4322 2342 4370 sancte
2367 4311 2543 4368 dantis
2559 4352 2574 4377 ,
2628 4325 2733 4366 non
2756 4310 2866 4380 jam
2897 4309 3013 4380 ipse
3035 4347 3052 4374 ,
3077 4307 3172 4364 sed
3196 4308 3339 4364 Deus

1754 4419 1849 4466 aut
1873 4409 2092 4481 angelus
2119 4407 2326 4474 abluit,
2372 4405 2608 4460 sanctius
2642 4402 3001 4475 justilicantur
3037 4400 3126 4472 qui
3167 4400 3338 4472 bapti-

1756 4511 1944 4558 zantur
1970 4500 2038 4555 ab
2062 4498 2286 4555 occultis
2305 4497 2458 4552 malis
2476 4537 2492 4562 ,
2515 4510 2675 4567 quam
2695 4494 2784 4565 qui
2807 4493 3145 4564 baptizantur
3167 4509 3198 4548 a
3221 4507 3338 4547 ma-

1757 4594 1964 4651 nifestis
1985 4592 2178 4648 bonis?
2217 4587 2348 4660 Quaé
2372 4589 2634 4645 sententia
2662 4587 2708 4642 si
2734 4586 2886 4642 vobis
2910 4583 3172 4656 displicet,
3202 4600 3338 4654 quo-

1759 4692 1901 4747 niam
1929 4703 2112 4745 revera
2129 4686 2414 4758 displicere
2429 4683 2674 4740 omnibus
2691 4681 2851 4738 debet
2869 4698 2884 4746 ;
2916 4680 3002 4735 illa
3025 4679 3190 4734 tollite
3204 4679 3344 4734 unde

1761 4782 1995 4839 nascitur
2013 4821 2029 4845 ,
2057 4778 2147 4836 illa
2175 4778 2425 4850 corrigite
2458 4775 2600 4832 unde
2624 4774 2878 4846 religatur
2909 4771 3042 4827 :illa
3065 4771 3210 4828 enim
3235 4787 3340 4828 non

1762 4873 2086 4948 praecedant,
2117 4879 2172 4927 et
2197 4870 2297 4925 ista
2320 4885 2426 4924 non
2452 4867 2712 4939 sequitur.

1831 4963 2057 5022 CAPUT
2083 4961 2271 5018 XLIX.
2297 4990 2370 5002 —
2410 4959 2500 5016 59.
2540 4957 2716 5013 Nolite
2755 4955 2932 5026 itaque
2964 4952 3144 5010 dicere
3167 4996 3182 5020 ,
3212 4950 3346 5008 Con-

1761 5062 1971 5118 scientia
1996 5068 2168 5115 sancte
2185 5058 2353 5112 dantis
2371 5052 2662 5117 attenditur,
2680 5066 2796 5121 qua:
2813 5047 2988 5103 abluat
3011 5047 3305 5119 accipientis
3327 5061 3348 5101 :

1765 5170 1834 5211 ne
1879 5155 2087 5208 dicatur
2124 5149 2314 5215 vobis,
2359 5143 2582 5214 Quando
2609 5143 2737 5198 latet
2762 5141 2936 5196 dantis
2975 5138 3174 5211 polluta
3213 5152 3346 5193 con-

1766 5247 2026 5308 scientia,
2078 5243 2198 5314 quis
2241 5240 2408 5294 abluit
2458 5235 2767 5306 accipientis
2813 5231 3227 5288 conscientiam?
3283 5229 3353 5284 Et
3398 5287 3422 5310 ο

1767 5353 1888 5395 cum
1929 5332 2344 5406 responderitis,
2388 5328 2484 5384 Vel
2513 5327 2684 5394 Deus,
2711 5326 2795 5381 vel
2823 5325 3042 5397 angelus
3073 5320 3348 5393 (quoniam

1833 5497 1850 5529 ι
1881 5490 2196 5558 anes_libri
2212 5486 2497 5558 habebant,
2521 5483 2645 5534 hanc
2666 5481 2827 5534 etiam.
2872 5485 3198 5532 tovamenses
3216 5479 3357 5538 puts-

1767 5567 1882 5625 runt
1904 5554 2183 5625 legendum,
2205 5550 2328 5625 hanc

1835 5624 1856 5654 ⁸
1874 5627 1922 5672 tn
1946 5611 2076 5676 iss,
2099 5611 2214 5679 quia
2233 5611 2339 5664 hate
2359 5611 2566 5679 trinitas
2587 5611 2745 5662 unitas
2766 5615 2908 5665 Deus.

1839 5686 1859 5735 t.
1881 5691 2007 5752 uss,
2032 5673 2234 5748 tignariis
2253 5673 2628 5756 qualiscumque.
