3792 6142
488 171 596 237 519

489 266 613 362 quid
641 288 1009 367 respondeatis
1034 286 1177 344 aliud
1210 299 1317 342 non
1355 284 1630 357 habetis);
1678 291 1933 356 sequatur
1976 297 2076 339 vos

489 379 628 437 unde
653 378 1047 439 confundamini
1082 396 1096 435 :
1126 375 1372 434 Sanctius
1395 374 1756 449 justiﬁcantur
1784 374 1874 446 qui
1903 373 2079 445 bapti-

487 481 675 529 zantur
698 471 764 528 ab
801 469 1018 527 occultis
1046 468 1230 535 malis,
1279 477 1336 525 ut
1364 466 1452 523 vel
1479 483 1507 522 a
1540 458 1651 526 Deo
1677 466 1761 523 vel
1791 466 1859 523 ab
1887 464 2077 539 angelo

487 565 799 634 abluantur,
845 578 1001 639 quam
1033 560 1125 634 qui
1167 561 1506 633 baptizanlur
1524 575 1555 615 a
1580 556 1878 616 manifestis
1898 557 2072 625 bonis,

486 657 575 728 qui
607 656 712 715 Deo
736 648 819 710 vel
845 653 1048 726 angelis
1075 668 1183 709 non
1213 661 1610 724 comparantur.
1629 650 1735 707 Sed
1749 650 1910 713 dicite
1930 651 2074 725 quod

484 749 612 803 dicit
638 746 849 804 Veritas
892 754 946 803 et
970 742 1234 802 catholica
1272 743 1546 814 Ecclesia,
1597 745 1721 817 quia
1750 758 1857 800 non
1899 745 2074 805 solum

480 856 600 895 cum
629 838 801 904 malus
824 842 907 896 est
930 839 1172 895 minister
1210 837 1499 908 Baptismi,
1549 846 1734 893 verum
1761 836 1920 892 etiam
1950 851 2073 893 cum

478 942 696 991 sanctus
724 940 778 990 et
800 932 978 990 bonus
1001 939 1105 1001 est,
1140 946 1244 987 non
1273 937 1355 989 est
1383 930 1436 985 in
1465 924 1685 986 homine
1711 942 1834 1001 spes
1867 942 2074 1007 ponen-

474 1025 539 1080 da
562 1068 576 1094 ,
606 1026 701 1089 sed
727 1026 780 1083 in
813 1024 903 1081 illo
929 1026 1022 1099 qui
1057 1022 1317 1095 justiﬁcat
1362 1023 1583 1103 impium
1610 1065 1624 1091 ,
1669 1022 1724 1077 in
1764 1037 1922 1097 quem
1949 1037 2072 1079 cre-

475 1119 726 1177 dentibus
768 1112 899 1175 ﬁdes
943 1117 1009 1172 ad
1050 1114 1311 1190 justitiam
1340 1115 1625 1189 deputatur
1667 1115 1842 1193 (Rom.
1871 1131 1925 1170 IV
1947 1157 1962 1183 ,
1990 1112 2068 1189 5).

476 1211 608 1267 Cum
639 1211 782 1268 enim
824 1210 1050 1269 dicimus
1075 1253 1091 1283 ,
1142 1210 1388 1267 Christus
1433 1208 1703 1287 baptizat,
1743 1225 1849 1264 non
1873 1208 2071 1269 visibili

478 1304 777 1362 ministerio
804 1303 1049 1377 dicimus,
1075 1304 1211 1361 sicut
1233 1311 1381 1379 putat
1402 1300 1483 1361 vel
1502 1303 1674 1376 putari
1696 1303 1844 1376 cupit
1868 1319 1966 1361 nos
1988 1301 2071 1359 di-

475 1409 604 1453 cere
632 1392 952 1464 Petilianus;
1000 1394 1093 1452 sed
1124 1394 1330 1452 occulta
1360 1395 1529 1469 gratia
1552 1436 1567 1461 ,
1599 1396 1807 1451 occulta
1831 1394 2067 1469 potentia

474 1488 527 1544 in
567 1487 766 1560 Spiritu
812 1495 999 1546 sancto
1021 1530 1036 1557 ,
1084 1489 1224 1545 sicut
1250 1484 1318 1543 de
1357 1487 1450 1544 illo
1476 1486 1675 1544 dictum
1698 1497 1781 1544 est
1804 1504 1833 1543 a
1859 1486 2068 1545 Joanne

474 1578 708 1654 Baptista
732 1623 749 1650 ,
781 1578 883 1636 Hic
906 1591 978 1637 est
1011 1582 1096 1655 qui
1122 1582 1343 1654 baptizat
1373 1582 1427 1639 in
1458 1580 1660 1655 Spiritu
1683 1592 1855 1639 sancto
1884 1580 2063 1659 (Joan.

472 1689 510 1743 ι,
540 1670 654 1745 33).
684 1671 811 1742 Nec,
836 1674 974 1730 sicut
1002 1673 1293 1730 Petilianus
1318 1672 1481 1745 dicit,
1507 1674 1616 1747 jam
1646 1673 1919 1747 baptizare
1947 1689 2061 1732 ces-

470 1764 607 1820 savit
635 1782 649 1819 ι
680 1764 775 1823 sed
813 1764 988 1825 adhuc
1024 1763 1077 1821 id
1119 1767 1267 1841 agit,
1318 1781 1423 1825 non
1466 1766 1767 1823 ministerio
1801 1767 2060 1839 corporis,

468 1855 564 1911 sed
609 1856 859 1914 invisibili
883 1873 1045 1930 opere
1085 1858 1398 1931 majestatis.
1444 1858 1596 1929 Quod
1629 1862 1771 1915 enim
1811 1858 2059 1931 dicimus,

467 1942 585 2023 lpse
610 1944 878 2020 baptizat,
932 1954 1038 2006 no'n
1070 1949 1333 2021 dicimus,
1384 1947 1506 2023 ipse
1532 1958 1719 2025 tenet,
1756 1960 1811 2006 et
1846 1952 1899 2006 in
1925 1966 2063 2024 aqua

464 2055 658 2114 corpus
707 2040 1041 2099 credentium
1093 2042 1250 2116 tingit
1297 2062 1311 2098 :
1360 2042 1454 2098 sed
1483 2085 1498 2111 ,
1548 2036 1668 2114 ipse
1716 2043 2062 2101 invisibiliter

464 2132 710 2202 mundat,
742 2143 796 2190 et
824 2132 927 2190 hoc
947 2134 1251 2191 universam
1283 2146 1503 2205 prorsus
1527 2122 1846 2190 Ecclesium.
1875 2133 2061 2207 Neque

465 2227 611 2291 enim
638 2226 884 2298 apostolo
912 2226 1080 2282 Paulo
1109 2241 1216 2289 non
1248 2234 1331 2293 est
1359 2223 1687 2282 credendum
1708 2267 1723 2294 ,
1752 2226 1843 2298 qui
1873 2224 1939 2283 de
1965 2225 2059 2283 illo

469 2306 648 2373 dixit:
682 2314 812 2386 Viri,
855 2314 1053 2389 diligite
1095 2332 1282 2374 uxores
1326 2320 1536 2383 uestras,
1577 2316 1706 2372 sicut
1747 2322 1794 2372 et
1831 2314 2059 2376 Christus

463 2404 639 2464 dilexit
685 2407 987 2479 Ecclesium,
1028 2416 1074 2466 et
1096 2427 1150 2466 se
1175 2410 1341 2483 ipsum
1365 2404 1575 2465 tradidit
1608 2425 1702 2482 pro
1728 2426 1807 2480 ea,
1854 2418 1911 2466 ut
1946 2428 2058 2467 eam

460 2498 818 2574 sancti/iamet,
869 2504 1122 2562 mundana
1175 2512 1284 2560 eam
1341 2498 1542 2559 lavacro
1582 2518 1729 2577 aqua:
1771 2504 1826 2559 in
1856 2504 2005 2561 uerbo
2035 2506 2054 2537 ί

461 2590 677 2670 (Ephes.
726 2610 780 2664 v,
820 2592 914 2663 ΞΒ,
951 2594 1069 2669 26).
1099 2596 1238 2654 Ecce
1281 2597 1405 2668 quia
1443 2586 1687 2652 Christus
1724 2592 2052 2665 sanctiﬁcat;

459 2700 585 2745 ecce
614 2687 737 2762 quia
760 2687 1004 2747 Christus
1032 2690 1192 2748 etiam
1223 2692 1340 2767 ipso
1357 2686 1576 2745 lavacro
1597 2705 1748 2762 aqua;
1772 2692 1823 2747 in
1861 2688 2048 2761 verbo,

455 2781 546 2837 ubi
575 2780 803 2840 ministri
827 2784 1176 2857 corporaliter
1196 2785 1447 2851 videnlur
1466 2788 1696 2860 operari,
1716 2787 1831 2860 ipse
1856 2785 2048 2855 abluit,

454 2878 569 2965 ipse
605 2878 845 2965 mundat.
888 2878 1056 2940 Nemo
1093 2899 1221 2958 ergo
1248 2884 1349 2941 sibi
1377 2896 1590 2960 arroget
1619 2885 1761 2965 quod
1800 2884 1893 2943 Dei
1923 2894 2050 2949 est:

454 2970 531 3061 sic
554 2964 698 3039 certa
725 2988 848 3044 spes
875 2972 1173 3045 hominum,
1204 2990 1328 3037 cum
1354 2976 1408 3032 in
1438 2964 1533 3039 illo
1565 2976 1744 3050 ﬁgitur
1771 2979 1793 3010 ³
1824 2978 1915 3061 qui
1944 2976 2049 3049 fal-

458 3058 572 3125 lere
595 3078 700 3118 non
728 3072 942 3145 potest:
970 3067 1240 3138 quoniam,
1277 3062 1582 3124 Maledictus
1606 3069 1771 3124 omnis
1795 3058 1883 3142 qui
1908 3087 2051 3143 spem

454 3170 599 3210 suam
624 3157 763 3227 ponit
782 3157 834 3212 in
856 3155 1057 3215 homine
1076 3158 1289 3235 (Jerepz.
1315 3176 1443 3229 xvn,
1470 3160 1559 3233 5);
1584 3170 1659 3233 et,
1686 3160 1874 3218 Beatus
1899 3163 2050 3237 cujus

455 3254 528 3303 est
554 3244 803 3307 Dominus
831 3249 968 3307 Deus
1006 3268 1120 3321 spes
1148 3252 1307 3324 ipsius
1339 3248 1513 3331 (Psal.
1548 3269 1714 3309 χχχιχ
1737 3294 1752 3323 ,
1794 3253 1871 3329 5).
1912 3251 2050 3311 Nam

449 3338 786 3417 dispensator
806 3342 977 3403 ﬁdelis
993 3342 1293 3405 mercedem
1316 3346 1543 3421 accipiet
1558 3347 1720 3405 vitam
1746 3357 2003 3413 aeternam
2028 3366 2045 3407 :

451 3433 785 3508 dispensator
836 3447 1011 3495 autem
1064 3439 1312 3508 infidelis,
1361 3455 1483 3498 cum
1526 3438 1724 3499 cibaria
1779 3436 2047 3507 dominitia

451 3527 720 3585 distribuit
759 3532 1055 3602 conservis,
1097 3531 1235 3590 absit
1264 3542 1323 3590 ut
1361 3550 1455 3606 per
1493 3550 1643 3593 suam
1675 3536 2048 3597 inﬁdelitatem

449 3620 646 3677 cibaria
688 3622 890 3680 inutilia
916 3624 1091 3682 faciat.
1135 3626 1394 3697 Quoniam
1414 3671 1429 3698 ,
1460 3634 1573 3702 qtae
1606 3630 1817 3698 dicunt,
1846 3632 2042 3717 inquit,

449 3713 625 3786 facite;
646 3730 759 3797 qua:
778 3726 944 3773 autem
963 3718 1177 3793 faciunt,
1197 3721 1364 3793 facere
1383 3721 1536 3777 nolite
1558 3721 1768 3795 (Matth.
1791 3713 1940 3797 xxut,
1961 3726 2042 3802 5).

453 3805 604 3874 Quod
637 3808 756 3864 ideo
775 3820 960 3865 contra
983 3811 1153 3872 malos
1174 3812 1569 3884 dispensatores
1591 3805 2039 3888 praeceptum-est,

455 3904 516 3952 ut
539 3897 677 3954 bona
706 3898 798 3955 Dei
829 3916 926 3972 per
964 3901 1109 3975 ipsos
1131 3904 1479 3976 accipiantur,
1521 3907 1658 3963 mala
1684 3916 1862 3981 autem
1893 3910 2043 3987 ipso-

456 4006 574 4046 rum
608 3991 715 4049 vita
745 4008 810 4049 ex
835 3993 1265 4061 dissimilitudine
1290 4007 1555 4063 caveatur.

523 4080 749 4143 CAPUT
791 4085 853 4144 L.
907 4118 979 4129 —
1027 4089 1115 4145 60.
1158 4089 1214 4148 Si
1241 4100 1416 4150 autem
1446 4092 1514 4150 ad
1541 4094 1640 4151 ista
1666 4097 1837 4173 prima
1877 4100 2044 4171 verba

454 4175 704 4250 Epistula:
730 4195 863 4236 meae
879 4179 1193 4239 Petilianum
1210 4200 1314 4241 non
1337 4186 1676 4259 respondisse
1701 4192 2043 4259 manifestum

451 4276 554 4341 est,
583 4277 638 4326 et
688 4270 776 4328 ubi
823 4273 1151 4343 respondere
1199 4286 1421 4335 conatus
1454 4287 1564 4348 est,
1612 4283 1780 4354 magis
1810 4287 2045 4347 ostendit

454 4359 595 4434 quod
623 4377 727 4419 non
757 4364 989 4436 potuerit
1013 4368 1375 4439 respondere:
1421 4371 1545 4443 quid
1573 4369 1641 4430 de
1666 4374 1773 4431 illis
1803 4379 2044 4450 partibus

450 4471 692 4515 meorum
737 4458 1057 4531 scriptorum
1100 4461 1312 4537 loquar,
1341 4452 1535 4537 quibus
1572 4483 1672 4524 nec
1711 4472 2042 4541 respondere

452 4550 702 4621 tentavit,
730 4567 850 4625 quae
877 4554 1097 4613 omnino
1125 4570 1230 4613 non
1262 4558 1472 4633 attigit?
1511 4576 1631 4633 quae
1660 4570 1836 4621 tamen
1864 4567 2041 4639 qualia

448 4643 555 4698 sint
580 4645 623 4698 si
654 4657 935 4705 recensere
961 4646 1185 4721 quisque
1209 4650 1453 4719 voluerit,
1469 4653 1558 4724 qui
1580 4662 1634 4710 et
1658 4671 1776 4712 mea
1802 4666 1857 4715 et
1873 4658 2040 4731 ipsius

456 4734 614 4829 habet
643 4736 859 4829 scripta,
895 4748 1040 4829 puto
1080 4741 1222 4821 quod
1262 4741 1520 4816 intelligat
1548 4758 1741 4829 quanta
1787 4751 2042 4813 ﬁrmitate

450 4824 694 4881 roborata
720 4827 844 4883 sint.
877 4827 1029 4899 Quod
1062 4840 1121 4887 ut
1149 4830 1299 4891 vobis
1324 4824 1879 4909 breviter'ostcndam,
1923 4844 2039 4916 ipsa

451 4918 752 4976 testimonia
781 4920 848 4978 de
875 4920 1165 4995 Scripturis
1202 4925 1405 4981 sanctis
1438 4927 1642 4999 prolata
1676 4931 1919 5002 recolite,
1954 4935 2035 4989 vel

448 5007 671 5080 legendo
699 5022 994 5082 recensete,
1028 5030 1146 5097 qua:
1174 5016 1351 5087 posuit
1374 5016 1519 5073 velut
1539 5017 1797 5077 adversus
1824 5037 1920 5078 nos
1943 5066 1957 5091 ,
1982 5034 2039 5081 et

448 5102 500 5157 in
547 5118 664 5159 mea
712 5105 1060 5176 responsione
1102 5124 1222 5180 qum
1264 5108 1418 5181 posui
1455 5111 1612 5166 etiam
1645 5129 1743 5184 ego
1781 5113 2036 5173 adversus

457 5209 551 5255 vos
581 5212 594 5251 :
626 5202 680 5252 et
718 5196 892 5254 videte
917 5200 1363 5272 quemadmodum
1393 5219 1491 5276 ego
1518 5205 1605 5260 illa
1632 5220 1749 5278 quze
1780 5207 1894 5280 ipse
1934 5225 2032 5282 po-

336 5286 359 5311 °
449 5288 576 5358 suit,
610 5288 819 5345 ostendi
844 5306 949 5346 non
976 5292 1149 5361 nobis,
1180 5294 1272 5349 sed
1299 5296 1472 5366 potius
1497 5296 1645 5353 vobis
1667 5312 1788 5357 esse
1815 5309 2035 5358 contra-

447 5385 556 5452 ria;
603 5385 719 5456 ipse
762 5393 941 5441 autem
971 5386 1058 5442 illa
1100 5404 1219 5459 quae
1259 5391 1409 5460 posui
1440 5392 1671 5449 maxime
1710 5397 2031 5465 necessaria,

513 5524 603 5602 {to
620 5524 832 5602 tesquis,
853 5523 904 5602 in
923 5526 1068 5602 fuerit)?
1088 5526 1214 5579 vitaz.
1241 5527 1406 5592 abest.
1430 5530 1555 5599 vine,
1576 5547 1606 5588 a
1620 5537 1963 5602 manuscripus
1981 5544 2034 5591 et

444 5588 1069 5653 sgraecotextuApostoli.
1348 5588 1403 5592 "
1539 5588 1553 5599 '

460 5651 809 5727 JFWF‘M?
828 5657 962 5727 0?“?!
988 5664 1096 5727 si?“
1128 5650 1372 5707 ἰοηάηαή
1394 5671 1503 5710 cum
1541 5658 1627 5711 illo
1647 5658 1831 5727 ﬁoilur-
1856 5669 2028 5716 Emen-

448 5719 623 5764 alntur
642 5725 704 5762 ex
728 5719 1076 5775 manuscriptis.

1342 166 1614 228 CONTRA
1651 165 1988 235 umetis
2013 166 2376 238 remum,
2415 170 2473 229 s.
2514 170 2883 232 AUGUSTINI
3711 147 3784 258 ἠ

2191 286 2412 343 omnino
2434 301 2544 359 non
2566 288 2760 362 attigit,
2788 298 2843 351 et
2867 290 2924 347 in
2949 289 3041 363 illo
3063 306 3174 361 uno
3201 292 3469 368 Apostoli,
3499 294 3672 369 quod
3694 279 3784 369 Iani

2182 394 2349 450 quam
2375 394 2475 452 pro
2498 394 2559 439 se
2582 390 2915 455 pertractare
2940 393 3162 456 conatus
3190 395 3273 444 est
3298 428 3315 463 ε
3342 386 3622 446 videbitis
3651 379 3784 463 quad

2187 472 2389 529 nullum
2418 474 2617 530 exitum
2648 475 2931 534 invenerit.

3770 565 3784 615 ἐ

3636 615 3747 645 ανδ)

3636 691 3658 729 s
3696 672 3744 727 Ι)

3636 767 3735 822 lues
3758 766 3771 779 '

3760 900 3784 1166 ᾖ

3699 1166 3784 1270 ῖῗ]

3710 1270 3784 1535 ἒ

3729 1735 3784 1849 Il

2260 565 2348 622 61.
2389 564 2521 623 Pars
2545 567 2741 643 quippe
2762 569 3015 643 Epistolas
3044 588 3202 651 quam
3230 576 3452 652 scripsit
3479 575 3561 633 ad
3596 591 3747 645 suos,

2185 662 2358 733 capite
2381 676 2548 739 usque
2572 661 2639 719 ad
2667 680 2788 721 eum
2817 665 2995 725 locum
3020 656 3110 735 ubi
3134 668 3292 739 dicit,
3331 656 3452 729 Hoc
3488 673 3658 729 nobis
3696 672 3744 727 Ι)

2183 754 2352 810 minus
2376 755 2593 829 imperat
2622 773 2641 812 :
2671 776 2690 815 s
2721 757 2847 817 Cum
2881 777 2968 817 vos
2984 766 3234 834 persecuti
3260 766 3454 838 fuerint
3476 766 3771 823 honrinesi

2184 847 2382 905 civitate
2406 849 2523 919 ista,
2550 852 2712 925 fugite
2737 853 2789 909 in
2814 853 2971 910 alium
2992 874 3013 922 ;
3038 859 3175 927 quod
3200 860 3245 914 si
3266 868 3316 914 et
3339 860 3394 915 in
3419 876 3479 916 ea
3503 876 3608 917 vos

2181 947 2424 1013 quuntur,
2456 942 2618 1027 fugite
2633 943 2686 1001 in
2711 944 2868 1002 aliam
2892 945 3135 1023 .(Mauli.
3159 966 3214 1018 ι,
3241 950 3360 1024 25);
3380 952 3640 1027 primum
3664 970 3760 1013 ven

2183 1030 2252 1087 in‘
2268 1046 2457 1111 manus
2482 1043 2725 1117 nostras;
2747 1037 2871 1105 huic
2893 1040 3265 1121 respondimus
3293 1060 3451 1117 :quze
3479 1056 3693 1102 nostra
3716 1062 3767 1103 re

2181 1127 2400 1207 sponsio
2428 1142 2550 1186 cum
2580 1130 2740 1202 etiam
2772 1132 2829 1193 iu
2866 1133 3005 1205 illius
3035 1140 3271 1203 venisset
3297 1154 3490 1205 manus
3519 1183 3538 1205 ,
3577 1141 3695 1197 seri

2178 1216 2320 1287 hanc
2356 1228 2564 1299 contra,
2609 1238 2769 1299 quam
2797 1241 2941 1283 nunc
2983 1227 3294 1301 refellimus,
3334 1242 3390 1290 et
3428 1248 3567 1290 eum
3599 1251 3704 1290 nos

2180 1325 2289 1371 non
2343 1313 2689 1387 respondisse
2735 1327 3119 1391 monstramus.
3170 1322 3229 1381 1n
3278 1324 3374 1381 illa
3419 1341 3565 1400 ergo
3624 1329 3710 1400 pri

2176 1419 2333 1479 parte
2365 1409 2692 1485 scriptorum
2726 1412 2846 1485 ejus
2874 1414 3065 1487 quibus
3106 1418 3340 1489 primum
3374 1422 3707 1493 respondim

2177 1497 2294 1556 hmo
2321 1510 2446 1569 sunt
2483 1502 2787 1567 testimonia
2806 1504 3205 1580 Scripturarum
3229 1551 3245 1582 .
3284 1526 3411 1585 qna:
3440 1513 3615 1570 nobis
3642 1531 3717 1586 pu

2175 1591 2254 1647 vit
2278 1591 2504 1651 adversa
2547 1611 2564 1652 :
2606 1595 2772 1661 Arbor
2798 1597 2934 1669 bona
2957 1598 3115 1669 bonos
3153 1603 3351 1674 fructus
3375 1604 3527 1675 facit,
3558 1617 3614 1663 et
3643 1626 3705 1662 ar

2175 1682 2314 1739 mala
2342 1685 2507 1743 malos
2531 1687 2729 1759 fructus
2752 1691 2877 1762 facit
2905 1708 2929 1746 :
2968 1695 3213 1764 nuncquid
3234 1696 3488 1767 colligunt
3519 1699 3593 1754 de
3628 1701 3764 1770 spiui

2173 1789 2299 1830 uuas
2328 1774 2440 1849 (Id.
2473 1792 2562 1847 vlt,
2590 1780 2680 1851 i7,
2704 1781 2840 1853 ιδῃ
2862 1792 2918 1849 et
2944 1784 3158 1853 iterum,
3194 1786 3378 1845 Omnis
3424 1790 3589 1847 homo
3630 1792 3729 1847 bon

2170 1868 2238 1933 de
2281 1868 2518 1939 thesauro
2560 1873 2730 1941 sordis
2774 1875 2859 1937 sui
2894 1881 3090 1950 profert
3128 1879 3283 1953 bona,
3322 1891 3374 1938 et
3412 1885 3594 1941 omnis
3640 1868 3784 1953 haud

2172 1961 2339 2019 matus
2362 1963 2427 2023 de
2450 1964 2690 2036 thesauro
2711 1966 2881 2035 cordis
2896 1969 2979 2035 sui
2996 1974 3346 2042 prolatatum
3364 1973 3484 2045 (Id.
3515 1991 3625 2045 ιη,
3651 1975 3745 2045 35)
3768 1996 3779 2029 :

2167 2062 2227 2110 et
2247 2053 2439 2121 iterum
2464 2098 2479 2123 .
2514 2056 2614 2124 Qui
2636 2059 2930 2131 omni!
2947 2077 2982 2127 α
3002 2073 3205 2128 mortuo
3221 2106 3243 2133 .
3269 2082 3375 2127 non
3391 2068 3443 2123 ei
3467 2069 3691 2139 prodest
3714 2053 3784 2139 ut

2169 2148 2306 2211 vatio
2351 2150 2463 2215 eius
2500 2150 2690 2221 (Ecdi-
2717 2171 2880 2219 ἔδειν
2898 2194 2914 2223 ,
2955 2156 3070 2231 ὅθ).
3109 2159 3208 2221 His
3230 2161 3565 2221 teatimouiis
3594 2148 3784 2231 volens

2164 2242 2454 2307 ostendere
2477 2245 2641 2311 talem
2666 2247 2785 2311 ﬁeri
2808 2265 2938 2309 eum
2962 2252 3057 2324 qui
3083 2253 3407 2324 baptizatur,
3434 2256 3634 2328 qualis
3661 2257 3777 2313 tue-

2166 2332 2293 2399 rita
2314 2349 2423 2406 quo
2448 2335 2769 2409 baptizata».
2796 2340 2914 2421 Ego
2936 2352 3125 2405 contra
3145 2345 3615 2417 quemadmodum
3639 2349 3779 2407 acci-

2166 2427 2360 2498 pienda
2388 2441 2573 2491 essent
2594 2432 2709 2491 lucc
2738 2436 3041 2497 testimotlia
3062 2480 3080 2509 ο
3108 2446 3167 2496 et
3189 2439 3333 2511 quod
3356 2440 3480 2512 ejus
3514 2442 3777 2501 intentio—

2162 2538 2291 2581 nem
2317 2523 2449 2589 nihil
2470 2525 3036 2599 adjunrentosteudi.
3061 2531 3267 2592 [latera
3287 2551 3418 2593 vero
3435 2553 3572 2610 qum
3597 2542 3775 2611 posuit

2160 2616 2308 2673 dictu
2351 2618 2407 2674 in
2435 2619 2607 2687 malos
2632 2630 2692 2679 et
2730 2624 3021 2684 scelestam
3064 2626 3330 2697 homines,
3377 2643 3494 2686 non
3524 2646 3658 2689 esse
3680 2632 3773 2688 ad-

2164 2724 2353 2767 versus
2379 2711 2646 2770 frumenta
2662 2714 2953 2788 dominica,
2976 2719 3118 2776 siem
3134 2719 3391 2792 pudica
3410 2731 3470 2779 es
3497 2726 3769 2795 promissa

2157 2805 2888 2878 sunt,totoorbediﬁusu,
2922 2812 3768 2884 stpotiussnobiseontrasos

2161 2910 2323 2966 posse
2348 2897 2455 2956 diei
2479 2899 2613 2958 satis
2635 2900 2846 2958 edocui.
2876 2902 3193 2975 noscente,
3222 2914 3278 2963 et
3304 2907 3629 2967 invenietis.

2234 2990 2323 3046 62.
2364 2993 2437 3047 At
2472 3007 2606 3050 vero
2648 3008 2748 3067 ego
2796 3009 2920 3067 qua:
2960 2996 3117 3067 posui
3145 3011 3246 3069 pro
3273 2998 3543 3070 Ecclesia:
3582 3001 3767 3058 estho-

2158 3083 2279 3139 ηοω
2300 3085 2622 3154 assertione,
2654 3085 2756 3143 ista
2782 3095 2911 3144 sunt
2939 3105 2955 3143 :
2990 3089 3139 3161 quod
3161 3088 3231 3147 ad
3268 3090 3617 3164 Bsptismum
3644 3095 3763 3152 sui-

2159 3184 2252 3233 net
2268 3218 2283 3245 ,
2319 3191 2386 3234 ne
2415 3176 2468 3234 id
2494 3178 2635 3251 quod
2662 3180 2835 3252 gratia
2861 3178 2957 3238 Dei
2984 3194 3381 3255 regeneratum,
3407 3187 3762 3253 mandamus,

2155 3270 2533 3340 justiﬁeamur,
2561 3272 2709 3331 danti
2738 3271 2944 3331 homini
2976 3275 3239 3335 tribuatur
3263 3295 3281 3334 :
3305 3276 3516 3334 Bonan:
3547 3290 3630 3336 est
3652 3297 3765 3336 con-

2158 3362 2316 3432 fidens
2352 3364 2407 3419 in
2448 3363 2690 3432 Domino,
2738 3381 2892 3437 quam
2928 3367 3186 3438 conﬁdens
3220 3370 3282 3425 in
3327 3368 3539 3426 nomine
3587 3370 3759 3446 (Prol.

2153 3470 2326 3523 cxvn,
2359 3457 2416 3529 8)
2445 3473 2459 3511 :
2490 3466 2565 3524 et,
2609 3457 2918 3516 Maledicta“
2945 3460 3110 3516 omnis
3128 3461 3221 3534 qui
3245 3476 3385 3535 spem
3435 3478 3597 3520 suam
3624 3457 3784 3538 ponit]

2152 3550 2211 3604 in
2233 3550 2436 3606 nomine
2461 3550 2673 3623 (Jerem.
2700 3560 2808 3611 xvu
2835 3595 2849 3621 ,
2876 3554 2932 3625 Β)
2963 3572 2977 3611 :
3009 3556 3066 3610 et
3092 3556 3217 3627 quia
3236 3594 3253 3624 ,
3281 3554 3491 3613 Domini
3516 3567 3601 3614 est
3625 3560 3761 3616 solus

2156 3640 2329 3721 (Psol.
2356 3654 2433 3710 ut,
2457 3641 2517 3714 9)
2548 3659 2563 3698 :
2589 3651 2665 3713 et,
2703 3642 2847 3700 Vana
2866 3645 3007 3701 solus
3030 3645 3252 3702 hominis
3276 3646 3449 3720 (Prol.
3479 3664 3606 3720 ιιι,
3634 3650 3756 3721 15);

2153 3745 2211 3790 et
2237 3714 2382 3806 quin,
2416 3734 2596 3807 Neque
2613 3736 2702 3808 qui
2729 3737 2929 3809 plantat
2949 3746 3025 3794 est
3049 3738 3265 3811 aliquid,
3287 3714 3453 3810 neque
3472 3742 3574 3812 qui
3591 3714 3747 3815 rigat,

2152 3830 2243 3886 sed
2269 3832 2354 3902 qui
2382 3830 2745 3887 incrementum
2782 3832 2873 3889 dot
2912 3831 3051 3890 Deus
3081 3833 3130 3907 (l
3148 3831 3270 3892 Cur.
3296 3848 3376 3904 tu,
3405 3834 3514 3908 7)":
3549 3845 3615 3894 et
3636 3838 3755 3910 quia

2150 3924 2244 3981 ille
2272 3926 2325 3982 in
2353 3940 2511 4011 quem
2537 3927 3051 4001 crediturjustiﬁcat
3087 3930 3336 4004 impium,
3367 3934 3429 3988 ut
3455 3931 3749 4005 deputetur

2154 4019 2288 4077 ﬁdes
2334 4022 2451 4092 ejus
2477 4021 2545 4077 ad
2582 4021 2843 4093 justitiam
2868 4021 3060 4099 (Rom.
3094 4034 3168 4095 tv,
3198 4023 3290 4099 5).
3324 4024 3561 4097 Propter
3582 4028 3751 4103 ipsius
3782 4019 3783 4095 ἲ

2150 4127 2284 4170 vero
2308 4112 2565 4170 Ecclesia:
2593 4114 2853 4172 unitatem
2881 4130 2999 4193 quae
3024 4114 3082 4173 in
3106 4116 3358 4176 omnibus
3381 4121 3642 4192 gentibus
3669 4122 3751 4179 di-

2151 4205 2367 4275 latatur,
2403 4207 2488 4262 cui
2531 4220 2627 4264 vos
2673 4210 2779 4263 non
2822 4194 3250 4280 communicatis,
3293 4211 3411 4269 haec
3439 4214 3749 4274 testimonia
3782 4196 3783 4235 ἒ

2149 4301 2305 4374 posui
2335 4300 2403 4357 de
2424 4300 2658 4358 Christo
2685 4316 2805 4359 esse
2843 4300 3117 4375 praedicta,
3158 4304 3282 4377 quia
3326 4302 3694 4367 Dominabitur
3716 4328 3746 4365 α

2150 4394 2283 4449 mari
2300 4411 2456 4468 usque
2473 4395 2542 4450 ad
2560 4410 2719 4466 mare,
2745 4402 2794 4451 et
2807 4410 2839 4450 a
2852 4394 3065 4469 [lumine
3088 4414 3244 4469 usque
3265 4400 3336 4453 ad
3350 4401 3600 4458 terminos
3617 4405 3744 4459 orbis

2150 4500 2298 4548 terra:
2327 4488 2501 4566 (Psal.
2534 4506 2676 4558 uxr,
2704 4486 2760 4562 8)
2796 4508 2809 4547 :
2837 4500 2913 4562 et,
2932 4491 3076 4548 Dabo
3091 4492 3181 4547 tibi
3203 4503 3373 4565 gentes
3398 4494 3742 4554 town-editam:

2148 4594 2308 4652 tuam,
2321 4593 2370 4640 et
2381 4587 2741 4658 possessionem
2759 4568 3146 4641 tuantterminos
3158 4594 3305 4640 terra:
3318 4584 3491 4658 (Psat.
3508 4605 3570 4656 ιι,
3584 4590 3664 4663 8).
3681 4589 3743 4646 Et

2146 4680 2291 4752 quod
2310 4686 2679 4735 testamentum
2706 4674 2801 4734 Dei
2823 4676 3018 4735 factum
3038 4674 3106 4734 ad
3127 4677 3398 4736 Abraham
3419 4695 3520 4753 pro
3539 4693 3735 4748 nostra,
3782 4688 3783 4701 ‘

2147 4774 2250 4831 hoc
2295 4779 2396 4841 est,
2442 4770 2702 4831 catholica
2739 4773 3115 4829 communione
3156 4774 3431 4845 recitetur,
3474 4777 3568 4834 ubi
3610 4779 3735 4835 scri-

2147 4880 2292 4943 ptum
2311 4879 2411 4929 est.
2438 4867 2502 4922 In
2514 4866 2799 4923 seminetuo
2821 4864 3173 4923 benedicentur
3196 4884 3367 4924 omnes
3390 4876 3567 4941 gentes
3587 4869 3729 4944 (Cen.

2144 4978 2275 5030 χχιι,
2309 4960 2399 5033 l5)
2445 4979 2457 5015 :
2500 4958 2640 5032 quod
2684 4974 2866 5015 semen
2914 4958 3296 5029 interpretatur
3323 4960 3622 5033 Apostolus
3657 4963 3733 5019 di-

2144 5070 2291 5122 cens,
2322 5052 2395 5109 Et
2417 5053 2595 5111 semini
2615 5062 2720 5123 tuo,
2746 5046 2881 5122 quod
2910 5060 2984 5107 est
3018 5048 3245 5108 Christus
3274 5050 3475 5124 (Colat.
3508 5071 3589 5124 ut,
3622 5056 3727 5129 l6).

2143 5145 2298 5205 Unde
2323 5153 2546 5219 apparet
2582 5146 2637 5201 in
2672 5142 2903 5211 Christo,
2937 5159 3047 5201 nou
3077 5144 3248 5202 solum
3278 5143 3440 5202 Afros
3462 5156 3560 5203 aut
3586 5146 3725 5204 Afri-

2141 5254 2280 5312 cam,
2309 5237 2404 5297 sed
2426 5253 2614 5297 omnes
2632 5248 2821 5313 gentes
2847 5236 3118 5297 habituras
3156 5236 3609 5311 benedictionem,
3639 5258 3727 5315 per

2140 5350 2273 5410 quas
2301 5334 2567 5393 catholica
2590 5335 2844 5397 dilatatur
2864 5334 3104 5395 Ecclesia
3126 5378 3142 5409 ,
3174 5342 3322 5393 tanto
3346 5343 3474 5399 ante
3504 5337 3724 5410 promis-

2137 5444 2255 5486 sam
2290 5429 2329 5483 ί.
2358 5428 2430 5487 Ει
2449 5429 2593 5501 quod
2632 5429 2784 5503 palea
2811 5445 2934 5488 eum
2960 5429 3238 5487 frumentis
3267 5429 3336 5486 sit
3358 5445 3532 5503 usque
3550 5428 3618 5488 ad
3645 5431 3720 5488 ul-

2139 5523 2323 5581 timam
2345 5522 2766 5597 ventilationem,
2787 5540 2856 5584 ne
2874 5523 3156 5599 quisquam
3182 5538 3279 5598 per
3308 5521 3610 5583 calumnias
3627 5524 3719 5583 cri-

2135 5662 2662 5777 dglﬂi‘t'ihpromissa.
2709 5670 2766 5718 At
2807 5673 2936 5734 Mem,
2960 5668 3249 5735 mantissam
3282 5656 3568 5735 πεῦκαι,
3590 5666 3717 5724 bats-
