3792 6142
35 165 65 237 ι
1310 156 1518 221 LIBER
1554 156 1873 225 TERTIUS.

36 295 150 353 nam
173 278 490 343 alienorum
515 275 853 353 sacrilegium
877 286 989 330 suae
1016 270 1368 353 separationis
1393 286 1554 331 excu-

35 392 75 447 ι,
114 373 252 450 quod
281 372 577 449 reliquerit
602 368 690 427 vel
718 368 1013 431 deseruerit
1054 362 1291 425 omnium
1318 368 1555 443 gentium

35 467 406 527 mmunionem.
427 464 503 525 Et
518 480 587 520 ne
596 468 815 537 propter
833 462 1000 517 malos
1016 460 1435 533 dispensatores,
1452 458 1557 516 hoc

35 558 377 637 praepositos,
399 556 636 615 societas
646 553 933 613 christiana
947 551 1232 621 dividatur,
1252 552 1411 609 etiam
1426 546 1556 609 illud

35 653 308 713 limonium
340 650 528 724 posui,
551 649 677 718 Quae
701 649 893 714 dicunt,
930 647 1113 722 facite;
1143 662 1255 719 qua;
1280 654 1445 700 autem
1474 648 1557 720 [α.

35 760 106 815 till,
124 751 289 823 facere
308 744 481 801 nolite
500 758 521 799 :
547 742 721 797 dicunt
745 741 882 797 enim
908 748 955 797 et
984 756 1084 794 non
1111 738 1305 812 faciunt
1337 736 1551 810 (Matth.

36 860 119 911 tu,
146 835 225 911 3).
260 837 396 895 llaec
426 835 520 891 ille
551 833 853 891 testimonia
883 830 951 888 de
975 830 1265 905 Scripturis
1297 829 1494 884 sanctis
1525 844 1556 884 a

35 933 230 1007 :posita
257 974 274 1005 ,
309 944 419 985 nec
448 925 687 983 ostendit
710 920 1160 996 quemadmodum
1205 920 1358 979 aliter
1390 920 1558 993 accipi

36 1026 222 1092 herent,
246 1030 305 1081 ut
331 1036 456 1077 non
478 1035 542 1076 ea
566 1033 664 1097 pro
689 1016 843 1085 nobis
863 1031 1037 1089 neque
1059 1024 1243 1070 contra
1264 1030 1358 1071 vos
1388 1015 1403 1047 ⁸
1434 1028 1555 1070 esse

35 1117 271 1185 tenderet,
299 1128 408 1169 nec
441 1110 663 1171 omnino
688 1109 952 1180 attingere
976 1107 1144 1163 voluit
1187 1125 1200 1161 :
1230 1106 1337 1161 imo
1368 1102 1418 1161 id
1450 1105 1558 1177 egit

36 1210 175 1266 multo
199 1204 579 1263 conviciorum
609 1214 850 1268 suorum,
873 1207 932 1255 ut
954 1198 1000 1254 sl
1026 1196 1140 1254 ﬁeri
1163 1206 1362 1269 posset,
1387 1192 1502 1252 haec
1525 1212 1556 1251 a

35 1321 56 1363 e
82 1303 207 1359 dicta
249 1298 390 1355 nulli
438 1297 661 1352 omnino
700 1290 907 1350 veniret
936 1296 987 1347 in
1033 1299 1289 1359 mentem,
1318 1289 1407 1362 qui
1439 1294 1559 1360 post

35 1396 243 1475 pistulam
288 1407 476 1449 meam
522 1390 712 1446 lectam
739 1430 753 1455 ,
810 1388 971 1444 etiam
1016 1384 1185 1456 ipsius
1232 1384 1414 1457 legere
1458 1398 1557 1440 vo-

36 1490 154 1547 isset.

49 1579 243 1641 CAPUT
280 1577 373 1641 ιι.
412 1608 487 1619 -
526 1572 615 1633 6‘5.
656 1571 810 1645 Quod
845 1587 975 1628 vero
1019 1585 1085 1626 ex
1130 1566 1367 1642 apostoli
1404 1568 1558 1626 Pauli

35 1676 163 1747 riptis
198 1689 227 1728 a
272 1686 363 1726 me
409 1664 651 1743 positum
681 1680 780 1737 pro
826 1679 884 1719 se
926 1669 1157 1718 tractare
1201 1668 1423 1717 conatus
1452 1669 1553 1727 est,

35 1768 119 1833 uale
155 1765 222 1820 sit
256 1776 561 1836 parumper
596 1756 871 1814 attendite.
924 1753 1115 1809 Dixisti
1156 1753 1317 1819 enim,
1348 1752 1554 1826 inquit,

36 1860 223 1937 postulas
262 1855 476 1915 Paulus
517 1871 601 1910 eos
652 1853 740 1927 qui
776 1849 1006 1905 dicebant
1046 1864 1099 1903 se
1139 1846 1357 1919 apostoli
1401 1844 1559 1900 Pauli

35 1972 95 2019 se,
129 1953 373 2026 objurgat,
426 1958 477 2004 et
516 1947 657 2013 dicit,
712 1965 730 1997 ‹
762 1942 1028 2013 Numquid
1058 1939 1256 1995 Paulus
1298 1955 1393 2013 pro
1420 1939 1558 1994 vobis

35 2045 224 2113 adﬁxus
240 2051 313 2101 est
330 2042 355 2095 ἒ)
371 2048 465 2095 aut
480 2040 535 2094 in
554 2037 754 2092 nomine
771 2030 926 2088 Pauli
939 2030 1177 2104 baptizati
1192 2031 1309 2086 estis
1333 2051 1352 2083 ι
1377 2028 1423 2101 (ἰ
1434 2029 1553 2086 Cor.

36 2136 163 2208 ,l3)?
202 2137 535 2207 Quapmpter
575 2132 621 2186 si
668 2126 901 2184 errabant
946 2125 1069 2197 illi,
1110 2132 1157 2179 et
1200 2124 1299 2179 nisi
1333 2123 1558 2193 corrige-

35 2241 137 2284 ntur
157 2229 395 2301 perirent,
440 2225 529 2298 qui
577 2224 804 2279 volebant
831 2236 938 2275 esse
978 2217 1171 2284 Pauli;
1221 2233 1332 2292 qua:
1357 2217 1558 2272 tandem

35 2339 91 2393 pes
125 2337 281 2376 eorum
327 2328 424 2385 est,
474 2319 562 2390 qui
603 2317 867 2371 voluerunt
913 2329 1018 2368 esse
1062 2312 1299 2367 Donati?
1328 2308 1397 2364 Id
1425 2310 1558 2365 enim

35 2426 124 2491 grant
146 2415 241 2482 isti,
270 2424 325 2471 ut
354 2414 503 2489 origo
531 2420 577 2467 et
604 2408 757 2466 radix
784 2417 833 2464 et
859 2416 1012 2480 caput
1042 2406 1303 2478 baptizati,
1337 2420 1437 2459 non
1462 2402 1560 2458 nisi

35 2509 75 2564 llr
106 2511 159 2564 sit
196 2527 226 2562 a
264 2525 363 2589 quo
407 2506 698 2579 baptizatur
746 2502 964 2579 (Supra,
1000 2500 1087 2589 lib.
1125 2499 1179 2568 1,
1223 2516 1374 2571 capp.
1419 2499 1474 2569 '5,
1499 2498 1555 2569 4,

35 2618 78 2656 in.
98 2603 140 2667 l,
164 2600 233 2674 5).
255 2588 382 2661 llaec
405 2598 572 2656 verba
602 2595 783 2654 ethoc
820 2588 1062 2668 Apostoli
1104 2591 1463 2649 testimonium
1493 2608 1559 2649 ex

35 2692 203 2769 Epistula
223 2709 343 2753 mea
368 2689 849 2756 commemoravit,
878 2697 931 2744 et
954 2686 1057 2744 sibi
1081 2686 1359 2758 proposuit
1388 2683 1550 2741 refel-

36 2785 201 2843 tadum.
232 2783 466 2847 Proinde
495 2782 672 2840 videte
706 2781 751 2837 si
779 2779 847 2843 ad
903 2779 1235 2852 propositum
1263 2772 1554 2853 respondit.

35 2882 82 2947 iit
100 2884 253 2943 enim:
282 2882 452 2940 lnane
483 2882 578 2936 hoc
607 2880 795 2935 dictum
821 2884 914 2944 est,
944 2876 1182 2946 inflatum
1209 2881 1256 2933 et
1281 2871 1473 2947 puerile
1497 2880 1549 2927 et

35 2976 226 3047 suum,
262 2986 307 3031 et
340 2976 481 3049 quod
524 2974 672 3044 longe
708 2970 772 3026 sit
801 2968 1000 3043 penitus
1029 2983 1060 3021 a
1087 2962 1209 3038 ﬁdei
1242 2972 1427 3020 nostra:
1466 2980 1550 3019 ra-

36 3068 135 3126 ione.
169 3069 298 3127 Tunc
324 3070 460 3133 enim
498 3076 631 3123 recte
670 3066 763 3121 hoc
792 3063 1003 3130 diceres,
1051 3060 1097 3116 si
1136 3074 1227 3115 nos
1257 3057 1556 3124 diceremus,

35 3159 73 3219 in
88 3164 253 3223 nomine
276 3162 467 3221 Donati
490 3157 737 3235 baptizati
761 3172 936 3213 sumus
956 3160 1099 3221 :aut,
1129 3148 1362 3207 Donatus
1391 3149 1559 3206 cruci-

35 3256 199 3333 ﬂmest
225 3275 313 3332 pro
338 3258 485 3314 nobis
512 3261 657 3319 :aut,
680 3251 749 3308 In
775 3259 944 3311 nostra
971 3246 1172 3304 nomine
1206 3244 1447 3318 baptizati
1475 3262 1563 3300 su-

35 3362 123 3405 m.
162 3350 218 3407 At
253 3366 366 3411 sum
391 3350 502 3405 hac
529 3364 560 3401 a
585 3344 727 3401 nobis
753 3360 844 3398 nec
874 3340 1010 3396 dicta
1035 3339 1134 3395 sint
1176 3354 1267 3392 nec
1298 3335 1552 3402 dicantur,

35 3440 330 3513 piaret-inani
368 3440 556 3499 divina:
592 3436 849 3511 sequimur
870 3429 1170 3495 Trinitatis;
1213 3436 1277 3497 te,
1307 3426 1393 3500 qui
1418 3427 1561 3482 nobis

35 3531 121 3587 talia
145 3532 302 3605 objicis
324 3573 342 3605 ,
368 3541 563 3591 certum
590 3537 663 3585 est
688 3524 931 3583 insanire.
977 3522 1080 3579 Aut
1100 3522 1145 3577 si
1189 3528 1340 3594 putas
1364 3519 1484 3590 quia
1508 3518 1563 3573 in

35 3621 193 3695 Donati,
227 3627 299 3685 vel
336 3628 393 3682 in
438 3633 613 3681 nostra
639 3621 841 3678 nomine
868 3616 1109 3691 baptizati
1150 3613 1565 3688 sumus,.falleris

35 3717 194 3786 mlite,
214 3719 453 3794 simulque
471 3717 537 3773 de
567 3714 703 3771 vobis
726 3715 746 3745 ²
793 3711 1038 3785 sacrilege
1061 3709 1317 3781 conﬁteris
1336 3708 1454 3781 quia
1479 3722 1566 3762 vos

36 3806 73 3865 in
91 3812 258 3869 notitiae
280 3810 545 3870 Caeciliani
566 3810 775 3864 miseros
794 3804 1092 3879 inquinatis.
1123 3802 1249 3858 Haec
1274 3799 1566 3859 Petilianus

41 3910 176 3959 contra
199 3903 280 3961 illa
305 3920 423 3969 utea
448 3900 760 3977 respondit,
789 3912 897 3957 non
924 3894 1207 3952 intendens
1225 3936 1241 3965 ,
1265 3893 1349 3950 vel
1381 3892 1559 3966 potius

41 4007 87 4049 αθ
105 3994 158 4048 ab
172 3996 334 4075 aliqua
359 3996 687 4063 intendatur,
719 3992 1061 4063 obstrepens,
1096 3986 1316 4044 omnino
1345 3985 1478 4042 nihil
1508 4000 1569 4043 se

44 4087 337 4157 Mpondisse,
369 4088 510 4165 quod
535 4087 602 4143 ad
645 4101 760 4147 rem
789 4082 858 4140 de
896 4097 1000 4154 qua
1044 4079 1217 4157 agitur
1260 4077 1566 4149 pertineret.

43 4173 137 4243 Quis
154 4180 279 4241 enim
302 4197 408 4245 non
434 4179 634 4251 videat,
668 4177 787 4239 ideo
810 4175 977 4249 magis
1012 4189 1043 4229 a
1067 4173 1223 4230 nobis
1248 4180 1396 4228 recte
1422 4170 1569 4244 posi-

47 4276 126 4323 lum
154 4270 242 4329 hoc
263 4273 499 4347 Apostoli
537 4269 918 4343 testimonium,
947 4266 1069 4339 quia
1114 4280 1221 4321 non
1259 4279 1357 4321 vos
1396 4262 1573 4320 dicitis

48 4357 85 4413 in
103 4360 260 4421 Donati
285 4366 497 4422 nomine
521 4362 842 4437 baptizatos,
873 4373 1048 4435 neque
1083 4357 1349 4412 Donatum
1387 4353 1567 4411 cruci-

53 4450 172 4511 ﬁxum
201 4470 310 4523 esse
334 4473 431 4533 pro
462 4455 615 4513 vobis
634 4496 650 4524 ,
677 4462 733 4511 et
771 4462 949 4511 tamen
975 4456 1196 4525 propter
1222 4456 1427 4520 partem
1464 4447 1573 4503 Do-

54 4546 131 4601 nati
144 4562 224 4609 vos
241 4549 305 4611 ab
322 4551 574 4611 Ecclesiae
594 4545 869 4607 catholica:
888 4543 1264 4607 communione
1283 4538 1572 4621 separatis;

62 4635 161 4699 sicut
174 4642 314 4709 etiam
332 4643 405 4702 illi
429 4660 564 4724 quos
582 4640 778 4700 Paulus
802 4637 1078 4713 arguebat,
1097 4650 1207 4692 non
1224 4633 1405 4711 utique
1427 4629 1576 4688 dice-

59 4726 151 4787 bant
170 4733 217 4793 in
231 4739 434 4803 nomine
454 4735 604 4805 Pauli
629 4750 688 4801 se
712 4733 873 4795 fuisse
892 4730 1208 4805 baptizatos,
1231 4733 1322 4783 aut
1350 4723 1576 4781 Paulum

63 4836 200 4891 Diosc
233 4846 343 4895 esse
382 4831 714 4903 cruciﬁxum,
752 4837 809 4885 et
853 4836 1031 4884 tamen
1068 4823 1136 4880 de
1184 4819 1335 4880 Pauli
1363 4818 1581 4876 nomine

62 4916 236 4981 3611351113
259 4925 527 4987 iaciebant.
558 4925 708 4987 Sicut
734 4937 860 4997 ergo
886 4919 990 4977 illis
1014 4959 1031 4988 ,
1060 4932 1160 4990 pro
1187 4915 1379 4989 quibus
1421 4911 1579 4970 Chri-

67 5020 165 5081 sms.
197 5033 287 5083 non
318 5023 528 5101 Paulus,
578 5017 862 5083 cruciﬁxus
899 5023 1000 5080 est,
1044 5019 1102 5069 et
1138 5011 1230 5084 qui
1277 5009 1335 5101 in
1363 5005 1581 5101 nomine

69 5101 251 5181 Christi,
273 5130 372 5175 non
399 5118 455 5176 in
477 5098 693 5177 nomine
721 5108 871 5177 Pauli
897 5151 913 5181 ,
947 5106 1164 5164 fuerunt
1199 5098 1485 5174 baptizati,
1523 5105 1578 5155 et

73 5203 202 5266 “mea
224 5205 468 5283 dicebant,
510 5208 623 5285 Ego
648 5223 764 5263 sum
792 5199 983 5271 Pauli,
1014 5205 1231 5274 propter
1258 5195 1360 5250 hoc
1382 5190 1583 5248 rectius

72 5288 237 5369 dicitur,
258 5300 502 5377 Numquid
526 5301 725 5361 Paulus
754 5314 847 5377 pro
875 5294 1011 5353 vobis
1037 5289 1308 5362 cruciﬁxus
1337 5285 1449 5343 est?
1484 5292 1575 5339 aut

77 5383 115 5438 ⁵⁷³
133 5394 294 5455 tlmnino
314 5397 457 5463 Pauli
484 5394 726 5470 bapttzati
753 5390 871 5451 estis
893 5390 917 5445 ?
944 5396 1002 5446 ut
1024 5386 1268 5442 haereant
1299 5380 1347 5445 ei
1372 5379 1461 5455 qui
1484 5391 1584 5457 pro

124 5563 530 5642 inmuscum.
558 5572 770 5642 stetit",
786 5573 956 5642 castra
972 5576 1107 5642 δοες
1125 5563 1287 5642 eis}?
1306 5559 1460 5642 bene

84 5627 255 5749 πέντε*
514 5637 654 5702 editi,
685 5627 921 5689 donabis.
966 5628 1266 5697 castigantur
1312 5636 1379 5677 ex
1416 5630 1585 5679 manu-

3147 163 3256 225 38!

1666 273 1800 347 ipsis
1825 271 2112 331 cruciﬁxus
2133 281 2235 344 est,
2263 282 2320 332 et
2343 274 2396 333 in
2419 275 2572 351 cujus
2596 278 2812 335 nomine
2834 278 3084 361 baptizati
3103 288 3250 352 sunt,

1665 374 1721 422 et
1743 380 1852 423 non
1877 366 1943 422 ad
1972 381 2169 424 nomen
2191 367 2343 425 Pauli
2363 367 2667 426 dividantur
2694 388 2707 426 :
2736 371 2818 427 sic
2836 380 2892 428 et
2912 372 3065 430 Vobis
3082 373 3254 430 multo

1665 460 1834 533 magis
1862 458 1984 532 quia
2026 476 2132 517 non
2160 458 2335 518 dicitis
2357 505 2372 530 ,
2422 462 2480 519 In
2519 464 2738 522 nomine
2777 465 2966 522 Donati
3000 466 3254 539 baptizatl

1664 562 1870 621 sumus,
1901 562 1955 609 et
1991 561 2168 610 tamen
2216 554 2378 614 vultis
2412 570 2543 614 esse
2585 558 2653 615 de
2695 568 2846 631 parte
2880 557 3092 629 Donati,
3123 578 3253 619 con-

1665 652 1916 716 gruenter
1941 644 2135 702 dicitur
2153 689 2168 715 ,
2199 645 2466 720 Numquid
2506 650 2740 706 Donatus
2766 665 2862 722 pro
2891 651 3047 709 vobis
3074 655 3253 710 cruci-

1666 735 1802 793 ﬁxus
1831 739 1951 794 est?
1976 748 2066 795 aut
2085 742 2135 796 in
2158 741 2374 798 nomine
2400 742 2589 799 Donati
2616 742 2865 816 baptizatl
2884 746 3060 803 estis?
3094 746 3252 805 Scitis

1665 829 1809 884 enim
1838 826 2107 886 Christum
2134 847 2233 907 pro
2276 833 2431 889 vobis
2457 848 2577 891 esse
2604 836 2913 893 cruciﬁxum
2933 880 2948 905 ,
2979 848 3033 895 et
3059 838 3113 895 in
3145 853 3244 896 no—

1666 921 1811 978 mine
1834 918 2031 979 Christi
2056 938 2152 980 vos
2175 926 2485 996 baptizatos,
2519 935 2574 984 et
2600 936 2777 985 tamen
2801 936 3023 1002 propter
3045 945 3241 987 nomen

1665 1020 1720 1068 et
1742 1021 1946 1085 partem
1969 1014 2155 1071 Donati
2179 1012 2369 1072 unitati
2397 1016 2618 1087 Christi,
2646 1018 2736 1091 qui
2761 1035 2861 1093 pro
2888 1020 3041 1078 vobis
3069 1023 3248 1079 cruci-

1666 1103 1803 1160 ﬁxus
1832 1114 1934 1174 est,
1955 1116 2009 1163 et
2036 1106 2087 1163 in
2114 1107 2264 1181 cujus
2278 1109 2498 1167 nomine
2517 1110 2768 1182 baptizati
2791 1113 2942 1181 estis,
2967 1120 3109 1170 tanta
3128 1129 3253 1185 per.

1667 1196 1859 1255 tinacia
1882 1198 2207 1273 repugnatis.

1736 1288 1961 1346 CAPUT
1989 1290 2100 1347 Lli.
2146 1324 2216 1335 -—
2242 1293 2331 1350 64.
2371 1292 2508 1363 Quia
2545 1310 2674 1353 vero
2714 1296 2769 1353 id
2810 1297 2920 1370 egit
2958 1298 3253 1358 Petilianus

1665 1380 1879 1452 scriptis
1907 1383 2018 1438 suis
2040 1423 2055 1448 ,
2084 1391 2141 1438 ut
2166 1383 2308 1458 origo
2345 1392 2395 1442 et
2431 1384 2584 1442 radix
2620 1394 2670 1443 et
2710 1397 2863 1461 caput
2890 1389 3130 1463 baptizali
3153 1408 3254 1448 non

1664 1470 1763 1526 nisi
1790 1471 1878 1527 ille
1909 1473 1975 1527 sit
1993 1490 2025 1528 a
2045 1490 2144 1549 quo
2166 1473 2477 1549 baptizatur,
2506 1486 2561 1535 et
2583 1477 2688 1535 hoc
2709 1494 2740 1534 a
2760 1494 2847 1536 me
2869 1495 2977 1538 non
3002 1482 3251 1554 inaniter,

1665 1579 1765 1620 nec
1792 1566 2098 1636 pueriliter,
2133 1583 2232 1626 nec
2256 1569 2570 1643 insipienter
2595 1571 2795 1629 dictum
2827 1581 2931 1643 est,
2962 1576 3253 1652 primordia

1666 1655 1920 1729 Epistolze
1949 1659 2115 1729 ipsius
2139 1660 2332 1733 quibus
2366 1669 2494 1720 tunc
2538 1664 2814 1737 respondi,
2858 1677 3154 1735 recensete,
3198 1678 3255 1727 et

1664 1748 1910 1807 videbitis
1937 1796 1951 1820 ,
1980 1752 2090 1809 imo
2111 1770 2240 1811 vero
2265 1770 2351 1813 me
2370 1768 2822 1817 commemorante
2847 1759 3129 1834 diligenter
3152 1763 3252 1820 ad-

1665 1843 1873 1899 vertite.
1908 1843 2257 1916 Conscientia,
2297 1848 2504 1921 inquit,
2551 1859 2718 1908 sancte
2750 1853 2922 1909 dantis
2958 1854 3249 1924 attenditur,

1665 1949 1778 2004 quae
1799 1935 1969 1990 abluat
1998 1938 2289 2011 accipientis
2315 1956 2335 1995 .'
2360 1957 2478 1997 nam
2505 1944 2590 2013 qui
2614 1943 2766 2013 ﬁdem
2794 1945 2958 2001 sciens
2989 1963 3023 2001 a
3055 1946 3252 2020 perﬁdo

1665 2028 1955 2098 sumpserit,
1990 2046 2090 2085 non
2119 2030 2272 2102 fidem
2298 2033 2529 2105 percipit,
2551 2035 2640 2090 sed
2659 2046 2874 2093 reatum.
2903 2032 2972 2094 Et
3001 2047 3251 2111 tanquam

1665 2118 1938 2178 diceretur
1962 2121 2033 2191 ei,
2061 2120 2215 2180 Unde
2245 2123 2347 2181 hoc
2377 2124 2607 2196 probas?
2654 2124 2833 2183 Omnis
2856 2143 2939 2184 res
2979 2131 3111 2186 enim
3143 2131 3251 2186 ori-

1665 2210 1802 2282 gine,
1832 2211 2026 2284 inquit,
2071 2220 2119 2269 et
2145 2214 2315 2270 radice
2341 2215 2601 2283 consistit;
2627 2224 2673 2272 et
2699 2219 2744 2273 si
2780 2228 2933 2288 caput
2964 2235 3067 2275 non
3106 2220 3255 2277 habet

1665 2300 1862 2377 aliquid
1881 2346 1898 2373 ,
1938 2304 2068 2360 nihil
2094 2316 2201 2372 est;
2228 2321 2318 2361 nec
2354 2307 2630 2383 quidquam
2668 2306 2789 2365 bene
2821 2319 3081 2382 regenerat
3099 2353 3115 2377 ,
3155 2312 3254 2368 nisi

1667 2394 1797 2452 bona
1860 2389 2048 2453 semine
2124 2409 2442 2472 regeneretur
2483 2400 2525 2456 ⁸.
2598 2401 2728 2472 Qui:
2790 2418 2905 2459 cum
2965 2406 3037 2460 ita
3104 2406 3250 2474 sint,

1667 2488 1850 2559 fratres
1875 2531 1890 2556 ,
1959 2507 2072 2565 qua:
2133 2500 2298 2565 potest
2357 2508 2464 2549 esse
2515 2495 2812 2565 perversitas
2843 2537 2859 2564 ,
2905 2504 2961 2550 ut
3017 2496 3105 2569 qui
3149 2497 3255 2551 suis

1666 2581 1962 2638 criminibus
2029 2598 2145 2639 reus
2196 2593 2273 2640 est
2293 2626 2309 2653 ,
2361 2583 2521 2639 alium
2565 2586 2722 2660 faciat
2758 2586 3119 2657 innocentem,
3175 2587 3258 2643 di-

1661 2677 1807 2728 cente
1854 2672 2071 2729 Domino
2124 2672 2251 2730 Iesu
2303 2672 2506 2731 Christo
2530 2718 2547 2745 ,
2621 2692 2641 2730 α
2692 2677 2856 2734 Arbor
2912 2679 3043 2735 bona
3097 2680 3255 2736 bonos

1666 2769 1860 2838 fructus
1911 2768 2035 2840 facit
2066 2782 2086 2822 :
2129 2768 2375 2842 numquid
2416 2769 2660 2843 colligunt
2695 2772 2759 2828 de
2796 2773 2959 2846 spinis
3004 2777 3174 2831 uvas?
3218 2796 3237 2831 ι

1667 2866 1716 2912 et
1766 2859 1969 2925 iterum,
2004 2877 2025 2911 ι
2074 2857 2254 2951 Omnis
2281 2861 2433 2917 homo
2460 2861 2621 2919 bonus
2639 2863 2702 2919 de
2728 2864 2963 2921 thesauro
2989 2867 3157 2923 cordis
3173 2871 3255 2926 sui

1667 2951 1860 3025 profert
1910 2952 2060 3023 bona,
2081 2963 2132 3009 et
2174 2955 2337 3012 omnis
2373 2955 2525 3012 homo
2552 2957 2717 3014 malus
2742 2959 2806 3015 de
2829 2960 3064 3017 thesauro
3084 2964 3253 3020 cordis

1666 3048 1745 3102 sui
1792 3051 1986 3122 profert
2036 3049 2174 3105 mala
2218 3067 2239 3107 :
2286 3068 2305 3103 t
2333 3060 2381 3107 et
2423 3051 2606 3108 iterum
2630 3094 2647 3122 ,
2683 3072 2703 3108 ε
2751 3052 2853 3123 Qui
2899 3057 3184 3129 baptizatur
3223 3076 3257 3114 a

1667 3147 1886 3208 mortuo,
1941 3157 2043 3197 non
2093 3142 2140 3196 ei
2190 3143 2392 3212 prodest
2457 3144 2641 3201 lavatio
2703 3146 2832 3217 ejus.
2875 3165 2897 3201 ι
2922 3146 3049 3204 Haec
3077 3150 3257 3207 omnia

1668 3249 1774 3305 quo
1802 3237 2104 3306 pertineant
2141 3235 2352 3306 videtis,
2381 3244 2440 3292 ut
2465 3237 2673 3294 scilicet
2711 3247 2892 3296 sancte
2915 3239 3095 3297 dantis
3120 3257 3255 3298 con-

1668 3328 1890 3384 scientia
1935 3326 2040 3400 (ne
2067 3328 2348 3399 quisquam
2389 3327 2549 3384 ﬁdem
2578 3344 2794 3387 sumens
2831 3346 2863 3387 a
2887 3331 3116 3405 perﬁdo,
3146 3347 3257 3389 non

1669 3420 1826 3476 ﬁdem
1853 3420 2130 3497 percipiat,
2161 3417 2257 3475 sed
2283 3418 2526 3491 reatum)
2572 3421 2686 3495 ipsa
2710 3420 2778 3477 sit
2796 3422 2967 3495 origo,
3004 3430 3060 3480 et
3081 3424 3255 3493 radix,
3325 3450 3329 3454 -

1669 3522 1723 3569 et
1768 3521 1948 3587 caput,
1978 3518 2033 3567 et
2060 3525 2243 3568 semen
2290 3509 2563 3583 baptizati.
2595 3512 2793 3569 Volens
2840 3514 2983 3571 enim
3028 3516 3260 3587 probare

1670 3605 2049 3662 conscientiam
2089 3613 2272 3663 sancte
2297 3604 2475 3662 dantis
2502 3605 2727 3676 attendi,
2758 3622 2876 3676 quae
2903 3607 3082 3664 abluat
3118 3609 3261 3665 acci-

1672 3697 1905 3768 pientis;
1957 3703 2013 3753 et
2055 3712 2166 3754 non
2211 3696 2373 3754 ﬁdem
2421 3698 2720 3773 percipere,
2753 3699 2848 3755 sed
2901 3709 3130 3769 reatum,
3170 3703 3260 3773 qui

1673 3789 1834 3845 ﬁdem
1862 3788 2039 3845 sciens
2064 3789 2229 3846 sumit
2255 3803 2284 3844 a
2316 3787 2551 3860 perﬁdo;
2575 3790 2830 3848 continuo
2860 3790 3104 3863 subjecit,
3139 3791 3264 3848 0m-

1673 3882 1751 3936 nis
1793 3896 1874 3937 res
1913 3881 2047 3936 enim
2090 3881 2286 3955 origine
2329 3888 2377 3936 et
2420 3880 2594 3937 radice
2630 3882 2897 3950 consistit;
2939 3892 2986 3937 et
3031 3884 3076 3938 si
3111 3893 3265 3957 caput

1675 3991 1779 4029 non
1817 3974 1965 4031 habet
1997 3974 2213 4048 aliquid,
2245 3974 2374 4030 nihil
2417 3985 2533 4043 est;
2574 3993 2664 4032 nec
2701 3978 2975 4051 quidquam
3018 3978 3139 4036 bene
3179 3997 3263 4036 re-

1677 4077 1900 4142 generat,
1932 4068 2031 4124 nisi
2066 4069 2195 4124 bona
2228 4069 2417 4124 semine
2447 4080 2784 4140 regeneratum
2808 4069 2874 4125 Et
2897 4085 2966 4126 ne
2985 4071 3264 4144 quisquam

1681 4171 1785 4216 tam
1816 4160 2000 4217 tardus
2038 4169 2202 4229 esset,
2247 4169 2307 4216 ut
2347 4157 2523 4216 adhuc
2560 4175 2666 4216 non
2710 4161 3030 4233 intelligeret
3064 4163 3131 4219 de
3176 4164 3267 4220 illo

1678 4268 1800 4312 eum
1827 4252 2009 4310 dicere
2054 4268 2086 4308 a
2123 4266 2229 4324 quo
2269 4250 2495 4323 quisque
2538 4251 2856 4323 baptizatur,
2889 4253 3136 4323 explanat
3165 4254 3267 4311 hoc

1680 4340 2083 4419 subsequenter,
2129 4351 2186 4400 et
2224 4340 2399 4399 dicit:
2447 4340 2574 4408 Quae
2626 4357 2740 4396 cum
2782 4341 2855 4396 ita
2895 4343 3016 4411 sint,
3057 4348 3263 4415 fratres,

1680 4453 1792 4512 qua:
1820 4421 1983 4511 potest
2019 4452 2125 4492 esse
2166 4433 2486 4508 perversitas,
2526 4442 2582 4488 ut
2625 4433 2711 4509 qui
2738 4433 2844 4489 suis
2880 4432 3170 4489 criminibus
3195 4444 3269 4491 est

1681 4548 1816 4600 reus,
1846 4530 2006 4586 alium
2053 4530 2209 4602 faciat
2255 4528 2589 4594 innocentem,
2634 4522 2828 4581 dicente
2873 4523 3093 4581 Domino
3142 4524 3269 4582 Jesu

1685 4623 1906 4691 Christo,
1941 4641 1961 4676 ‹
2007 4618 2170 4676 Arbor
2212 4616 2344 4676 bona
2385 4617 2542 4675 bonos
2588 4619 2785 4691 fructus
2827 4618 2998 4689 facit:
3024 4618 3268 4689 numquid

1687 4719 1931 4794 colligunt
1980 4717 2045 4773 de
2088 4715 2248 4790 spinis
2290 4714 2456 4771 uvas?
2508 4730 2529 4769 ι
2569 4711 2639 4770 Et
2667 4728 2736 4770 ne
2762 4711 2936 4769 adhuc
2971 4711 3268 4767 incredibili

1686 4814 1969 4873 obtusitate
1992 4812 2013 4844 ¹
2028 4808 2203 4875 cordis
2232 4822 2406 4867 caecus
2431 4807 2642 4866 auditor
2664 4806 2747 4862 vel
2768 4805 2938 4862 lector
2958 4819 3065 4860 non
3091 4803 3271 4862 videat

1686 4911 1755 4967 de
1778 4907 1999 4965 homine
2038 4905 2341 4978 baptiz'antc
2375 4901 2593 4968 dicere;
2637 4899 2876 4971 adjungit
2916 4898 3058 4954 aliud
3086 4898 3178 4955 ubi
3217 4907 3274 4956 et

1688 5001 1961 5061 hominem
1989 4998 2228 5056 nominat
2257 5014 2270 5051 :
2313 4994 2382 5050 Et
2401 4995 2599 5060 iterum,
2625 4991 2812 5063 inquit,
2844 5009 2864 5045 α
2912 4989 3090 5046 Omnis
3123 4990 3273 5047 homo

1689 5092 1848 5157 bonus
1890 5092 1952 5147 de
2005 5090 2238 5149 thesauro
2302 5085 2470 5141 cordis
2511 5081 2594 5140 sui
2633 5084 2825 5155 profert
2853 5080 3004 5151 bona,
3032 5089 3080 5139 et
3111 5082 3275 5138 omnis

1692 5192 1840 5244 homo
1888 5184 2053 5241 malus
2101 5182 2164 5238 de
2204 5182 2441 5237 thesauro
2465 5176 2633 5234 cordis
2649 5176 2731 5233 sui
2746 5177 2938 5250 profert
2960 5176 3099 5232 mala
3122 5191 3143 5231 :
3177 5193 3198 5229 ι
3228 5182 3276 5231 et

1691 5285 1892 5349 iterum,
1937 5296 1957 5330 ‹
2007 5275 2108 5346 Qui
2130 5272 2413 5348 baptizatur
2435 5288 2469 5326 a
2493 5281 2714 5340 mortuo,
2736 5285 2840 5325 non
2878 5269 2924 5325 ei
2962 5267 3164 5341 prodest
3198 5266 3277 5323 la-

1692 5375 1824 5430 vatio
1876 5375 2004 5447 ejus.
2052 5390 2072 5424 »
2105 5368 2264 5425 Certe
2301 5365 2414 5445 jam
2456 5362 2798 5420 manifestum
2864 5370 2967 5431 est,
2996 5370 3143 5419 certe
3163 5360 3275 5430 jam

1694 5484 1802 5526 non
1845 5465 2045 5539 indiget
2085 5463 2372 5541 interprete
2416 5471 2517 5515 nec
2544 5455 2875 5514 disoutatore
2916 5462 3008 5512 aut
3051 5454 3277 5512 demon—

1758 5612 1777 5645 ί
1800 5615 1908 5659 uss.
1923 5604 2005 5657 hic
2025 5608 2079 5656 et
2096 5599 2223 5663 intra
2242 5602 2543 5662 constanter,
2572 5598 2849 5663 generetur.

1758 5676 1780 5708 ί
1796 5679 1844 5721 ιη
1867 5677 1996 5733 Μελ,
2023 5662 2323 5719 obtundam.
