3812 6132
537 204 648 268 383

540 328 790 385 stratore,
831 317 884 376 id
925 331 1085 390 agere
1123 317 1272 381 istos,
1303 323 1363 370 ut
1405 313 1557 384 origo
1583 319 1640 367 et
1684 308 1837 365 radix
1875 317 1928 362 et
1965 311 2129 376 caput

539 413 790 487 baptizati
832 412 1042 468 nonnisi
1085 409 1174 465 ille
1201 409 1328 464 sita
1348 421 1453 477 quo
1484 403 1818 474 baptizatur:
1847 409 1903 456 et
1947 405 2125 452 tamen

539 510 591 566 vi
620 507 857 564 veritatis
884 518 1195 576 oppressus,
1226 511 1281 556 et
1306 498 1461 572 quasi
1487 513 1606 570 quas
1643 495 1866 552 dixisset
1905 492 2121 558 oblitus,

537 599 785 659 concedit
813 597 940 654 mihi
968 603 1152 669 postea
1178 593 1488 658 Petilianus,
1521 598 1580 645 ut
1607 587 1851 644 Christus
1879 585 1950 642 sit
1974 585 2125 654 origo

536 700 594 749 et
663 690 812 746 radix
874 694 1308 760 regeneratorum
1357 692 1413 739 et
1461 690 1619 752 caput
1669 679 1924 736 Ecclesiae
1953 718 1970 744 ,
2019 690 2126 731 non

542 785 822 856 quisquam
845 783 1007 838 homo
1027 782 1364 852 dispensator
1385 777 1732 844 ministerque
1762 770 2124 842 Baptismatis.

540 876 676 930 Cum
706 874 849 930 enim
871 873 1100 929 dixisset
1124 871 1246 942 quia
1292 870 1346 925 in
1392 867 1608 923 nomine
1645 863 1845 920 Christi
1895 863 2130 933 baptiza-

542 966 671 1021 bant
714 965 975 1036 Apostoli,
1025 972 1078 1018 et
1104 961 1374 1018 Christum
1402 958 1803 1014 fundamentum
1836 954 2125 1027 ponebant,

541 1069 600 1114 ut
629 1057 864 1114 facerent
890 1055 1241 1120 Christianos,
1271 1062 1326 1108 et
1354 1053 1456 1108 hoc
1483 1049 1878 1120 Scripturarum
1917 1055 2129 1102 sancta-

538 1169 658 1209 rum
682 1152 999 1208 testimoniis
1022 1159 1078 1206 et
1113 1148 1394 1219 exemplis,
1425 1157 1673 1216 tauquam
1702 1157 1803 1199 nos
1837 1143 1938 1197 hoc
1964 1155 2126 1210 nega-

539 1262 741 1310 remus,
775 1244 1027 1315 probaret
1059 1261 1072 1297 :
1110 1242 1210 1298 Ubi
1236 1251 1307 1296 est
1337 1255 1492 1308 nunc,
1530 1238 1722 1309 inquit,
1753 1225 1846 1291 illa
1874 1251 1988 1301 vox,
2026 1251 2128 1305 qua

537 1339 746 1392 minutis
776 1347 822 1391 et
849 1337 1035 1392 crebris
1077 1333 1456 1406 quazstiunculis
1502 1331 1810 1402 crepitans‘,
1841 1329 2002 1382 multa
2049 1327 2130 1382 in-

540 1430 711 1484 voluta
744 1430 808 1483 de
847 1428 1047 1482 Christo
1083 1437 1131 1481 et
1175 1444 1267 1497 pro
1294 1425 1492 1481 Christo
1521 1431 1568 1478 et
1608 1424 1663 1477 in
1706 1420 1926 1488 Christo,
1953 1429 2128 1475 contra

540 1521 816 1574 humanam
862 1520 1187 1573 temeritatem
1228 1525 1274 1571 et
1310 1515 1596 1586 superbiam
1625 1513 1868 1568 invidiose
1910 1521 1956 1566 et
1998 1512 2131 1566 elate

536 1612 756 1667 dixisti?
799 1609 929 1664 Ecce
952 1609 1179 1663 Christus
1207 1616 1279 1662 est
1307 1607 1451 1677 origo
1479 1604 1764 1669 christiani,
1789 1602 2018 1658 Christus
2053 1610 2128 1656 est

539 1713 711 1774 caput,
735 1702 963 1759 Christus
1003 1710 1078 1757 est
1117 1701 1287 1755 radix.
1334 1699 1429 1754 llis
1475 1713 1603 1770 ergo
1631 1696 1846 1763 auditis,
1871 1695 1995 1766 quid
2025 1695 2126 1749 nisi

539 1795 640 1866 ipsi
670 1794 884 1850 Christo
917 1794 1114 1864 gratias
1139 1808 1315 1864 agam,
1341 1791 1432 1864 qui
1477 1791 1652 1862 coegit
1689 1789 1958 1845 hominem
1998 1803 2131 1844 con-

538 1888 717 1944 literi?
746 1887 900 1944 Falsa
917 1903 1046 1958 ergo
1072 1896 1196 1942 sunt
1223 1887 1313 1942 illa
1340 1901 1459 1956 qua:
1493 1885 1546 1940 in
1575 1883 1824 1956 Epistola:
1853 1899 1964 1938 sua:
1990 1881 2130 1937 dixit

535 1981 783 2048 exordio,
805 1995 925 2036 cum
962 1979 1121 2034 vellet
1167 1978 1492 2050 persuadere
1537 1976 1917 2033 conscientiam
1945 1985 2128 2030 sancte

538 2070 713 2128 dantis
751 2072 976 2140 attendi,
1004 2087 1124 2142 quae
1163 2071 1345 2127 abluat
1380 2070 1722 2140 accipientis;
1764 2078 1819 2124 et
1855 2083 1978 2124 cum
2007 2067 2127 2138 quis

535 2164 712 2221 sciens
741 2163 899 2220 iidem
941 2180 971 2218 a
1013 2163 1217 2234 perﬁdo
1264 2163 1574 2235 sumpserit,
1605 2178 1711 2218 non
1747 2162 1904 2217 ﬁdem
1954 2163 2127 2233 perci-

534 2268 685 2327 pere,
719 2255 814 2311 sed
843 2265 1066 2312 reatum.
1098 2255 1209 2311 Hoc
1246 2255 1389 2311 enim
1431 2255 1617 2310 volens
1646 2255 1789 2310 velut
1818 2253 2124 2322 ostendere,

535 2358 792 2418 quantum
836 2350 907 2404 sit
946 2350 997 2403 in
1044 2348 1261 2404 homine
1287 2348 1612 2419 baptizante,
1643 2356 1891 2418 tanquam
1933 2361 2124 2416 magna

534 2439 855 2496 documenta
885 2440 1187 2511 subjecerat
1211 2439 1418 2507 dicens,
1437 2439 1615 2493 Omnis
1647 2441 1780 2494 enim
1806 2455 1906 2505 res,
1927 2439 2124 2508 origine

536 2539 584 2585 et
621 2531 793 2586 radice
828 2533 1093 2599 consistit;
1122 2541 1170 2586 et
1203 2533 1246 2586 si
1284 2541 1438 2603 caput
1465 2547 1564 2585 non
1586 2531 1732 2585 habet
1757 2531 1971 2600 aliquid,
1997 2531 2126 2587 nihil

536 2632 631 2677 est.
663 2623 852 2678 Postea
876 2639 1010 2679 vero
1034 2639 1157 2679 cum
1185 2623 1315 2678 dicit
1344 2623 1485 2694 quod
1513 2631 1568 2678 et
1597 2638 1695 2678 nos
1721 2622 1971 2691 dicimus,
2000 2623 2128 2679 Ecce

538 2714 768 2771 Christus
797 2727 867 2772 est
896 2719 1038 2788 origo
1074 2718 1364 2782 christiani,
1395 2715 1625 2773 Christus
1654 2726 1727 2772 est
1767 2727 1939 2788 caput,
1980 2717 2128 2772 Chri-

534 2817 641 2862 stus
661 2816 732 2862 est
758 2809 943 2873 radix;
974 2809 1114 2865 delet
1133 2809 1272 2881 quod
1299 2818 1454 2864 antea
1478 2809 1707 2876 dixerat,
1727 2810 1846 2878 quia
1869 2809 2128 2864 conscien-

536 2898 608 2950 tia
633 2908 805 2954 sancte
831 2900 1000 2954 dontis
1029 2909 1102 2954 est
1126 2901 1268 2971 origo
1299 2909 1346 2954 et
1381 2900 1531 2954 radix
1559 2909 1605 2953 et
1633 2910 1785 2972 caput
1810 2900 2123 2970 accipientis.

537 2983 678 3046 Vicit
723 3006 849 3061 ergo
879 2992 1094 3058 veritas,
1131 3001 1187 3046 ut
1229 2994 1390 3046 homo
1427 2993 1515 3062 qui
1562 2991 1888 3063 Baptismum
1927 2990 2126 3047 Christi

535 3081 829 3149 desiderat,
867 3098 971 3137 non
1006 3083 1058 3136 in
1091 3082 1308 3138 homine
1337 3083 1583 3139 ministro
1626 3099 1776 3154 spem
1821 3091 2002 3154 ponat,
2030 3081 2127 3139 sed

537 3176 605 3232 ad
645 3177 816 3246 ipsum
850 3176 1118 3232 Christum
1169 3185 1418 3247 tanquam
1461 3176 1525 3232 ad
1571 3177 1830 3247 originem
1873 3192 1993 3248 qua:
2018 3192 2126 3231 non

537 3275 794 3334 mutatur,
839 3267 906 3322 ad
956 3267 1187 3322 radicem
1232 3283 1352 3337 quae
1401 3282 1506 3322 non
1550 3266 1813 3333 evellitur,
1860 3266 1927 3322 ad
1969 3276 2130 3337 caput

537 3358 680 3430 quod
710 3375 813 3414 non
844 3358 1111 3428 dejicitur,
1144 3373 1368 3414 securus
1394 3357 1635 3414 accedat.

611 3455 838 3512 CAPUT
879 3455 1098 3511 Llll.—
1138 3455 1227 3510 65.
1266 3454 1380 3509 iam
1415 3453 1544 3510 illud
1574 3454 1694 3526 quis
1721 3468 1826 3509 non
1859 3453 2126 3522 advertat,

539 3546 608 3604 de
644 3561 746 3618 qua
773 3545 952 3602 inﬂata
984 3561 1115 3600 vena
1146 3546 1345 3608 veniat,
1377 3543 1521 3615 quod
1567 3559 1688 3600 cum
1717 3544 1962 3614 'Apostoli
2001 3559 2129 3600 sen-

539 3639 760 3695 tentiam
790 3637 933 3692 velut
968 3646 1280 3707 exponeret,
1309 3637 1402 3698 ait,
1447 3636 1547 3702 Qui
1575 3636 1722 3699 dixit,
1759 3654 1779 3688 ι
1834 3635 1946 3708 Ego
1975 3635 2129 3706 plan-

540 3729 662 3792 tavi,
692 3727 878 3798 Apollo
926 3728 1142 3798 rigavit;
1193 3726 1283 3781 sed
1324 3725 1462 3779 Deus
1510 3727 1869 3780 incrementum
1899 3726 2075 3780 dedit:
2103 3745 2122 3778 s

538 3821 664 3892 quid
691 3820 834 3874 aliud
876 3820 1025 3884 dixit,
1057 3820 1176 3880 nisi.
1208 3817 1320 3890 Ego
1359 3820 1610 3872 hominem
1647 3821 1701 3872 in
1745 3817 1948 3874 Christo
1990 3831 2128 3874 catc-

540 3912 837 3967 chumenum
859 3911 974 3981 feci,
1007 3911 1188 3980 Apollo
1229 3910 1536 3979 baptizavit;
1565 3907 1700 3964 Deus
1743 3908 1880 3979 quod
1916 3909 2130 3979 fecimus

542 4003 904 4073 con/innavit?
953 4003 1127 4068 Quare
1156 4015 1285 4070 ergo
1313 4015 1419 4055 non
1441 3999 1647 4056 addidit
1672 4000 1963 4055 Petilianus
1983 4001 2125 4072 quod

545 4095 833 4166 Apostolus
877 4094 1100 4159 addidit,
1131 4102 1186 4150 et
1224 4108 1325 4165 ego
1363 4093 1592 4149 maxime
1639 4093 2030 4162 commendavi,
2073 4103 2131 4151 ut

541 4191 701 4246 etiam
731 4188 830 4244 hoc
857 4188 1010 4244 nobis
1036 4195 1350 4258 exponeret,
1390 4185 1569 4258 Neque
1591 4189 1678 4258 qui
1711 4187 1906 4257 plantat
1933 4197 2006 4244 est
2032 4188 2130 4243 oli-

540 4284 685 4356 quid,
727 4299 884 4353 neque
910 4284 994 4355 qui
1025 4282 1176 4354 rigat,
1216 4282 1304 4337 sed
1332 4283 1418 4353 qui
1454 4280 1816 4336 incrementum
1860 4282 1949 4335 dat
1991 4281 2131 4336 Deus

547 4377 603 4449 (ι
627 4375 745 4432 Cor.
775 4391 853 4440 ιιι,
878 4375 933 4437 6.
966 4375 1062 4444 7)?
1090 4373 1244 4444 Quod
1284 4374 1329 4430 si
1372 4375 1499 4431 velit
1525 4389 1795 4445 exponere
1835 4375 2127 4431 secundum

544 4486 607 4526 ea
647 4485 764 4541 qua:
793 4483 952 4540 supra
984 4469 1182 4540 posuit,
1213 4469 1330 4524 sine
1376 4467 1539 4524 dubio
1582 4469 1822 4540 sequitur
1864 4479 1921 4524 ut
1955 4485 2130 4541 neque

544 4562 637 4633 qui
676 4561 941 4631 baptizat'
982 4559 1177 4629 aliquid
1207 4560 1295 4627 sit,
1321 4559 1413 4615 sed
1447 4559 1587 4615 Deus
1615 4561 1704 4630 qui
1742 4561 2128 4617 incrementum

543 4654 654 4709 dat.
703 4651 841 4722 Quid
885 4651 1028 4707 enim
1077 4649 1143 4704 ad
1173 4666 1284 4707 rem
1318 4666 1458 4706 nunc
1499 4652 1727 4722 pertinet
1751 4652 2020 4724 quomodo
2048 4653 2131 4710 di-

545 4757 688 4802 ctum
715 4746 804 4813 sit,
835 4743 945 4817 Ego
975 4743 1218 4816 plantavi,
1251 4745 1434 4814 Apollo
1465 4746 1643 4816 rigavit
1672 4761 1692 4800 :
1725 4757 1902 4803 utrum
1941 4763 2129 4806 revera

545 4847 614 4892 ita
642 4836 1007 4908 accipiendum
1038 4836 1106 4890 sit
1143 4844 1392 4907 tauquam
1421 4835 1633 4899 dixerit,
1678 4836 1790 4908 Ego
1815 4841 2131 4896 catechume-

548 4944 669 4981 num
710 4929 827 4998 feci,
875 4927 1059 4997 Apollo
1106 4926 1416 4997 baptizavit;
1463 4941 1531 4982 an
1583 4929 1651 4982 sit
1693 4929 1827 4985 alius
1864 4934 2040 4986 verior
2076 4941 2132 4988 et

545 5019 924 5090 congruentior
977 5019 1316 5075 intellectus?
1380 5019 1521 5076 Ecce
1568 5020 1777 5076 interim
1835 5025 2130 5081 secundum

547 5110 714 5181 ipsius
741 5110 1150 5180 expositionem,
1191 5126 1362 5182 neque
1393 5111 1482 5181 qui
1509 5111 1952 5169 catechumenum
1983 5115 2128 5185 facit,

554 5219 727 5274 neque
757 5203 845 5274 qui
873 5204 1107 5272 baptizat
1143 5213 1223 5259 est
1249 5204 1468 5276 aliquid,
1509 5204 1602 5261 sed
1623 5206 1712 5277 qui
1743 5207 2130 5266 incrementum

548 5295 640 5350 dat
685 5296 841 5349 Deus.
875 5293 1095 5350 Multum
1142 5305 1318 5350 autem
1365 5296 1587 5353 interest
1628 5297 1766 5354 inter
1808 5300 2130 5358 conﬁrmare

549 5385 691 5445 quod
731 5386 870 5442 alius
898 5385 1042 5452 facit,
1068 5396 1122 5443 et
1165 5389 1358 5445 facere.
1389 5389 1492 5460 Qui
1534 5390 1676 5446 enim
1707 5390 1798 5448 dat
1827 5393 2130 5452 incremen-

548 5495 682 5546 αντη,
714 5493 822 5535 non
867 5478 1116 5535 arborem
1145 5482 1229 5538 vel
1276 5485 1439 5539 vitem
1465 5483 1766 5556 conﬁrmat,
1816 5486 1913 5545 sed
1962 5499 2125 5547 creat.

652 5613 1279 5749 stamen...

1389 195 1661 257 CONTRA
1689 186 2029 250 LITTERAS
2066 181 2428 253 PETlLlANI,
2469 187 2528 245 S.
2569 187 2940 248 AUGUSTINI
3711 198 3783 258 su

2239 300 2335 358 Illo
2362 305 2558 376 quippe
2599 307 2927 364 incremento
2966 307 3045 378 ﬁt,
3072 317 3133 366 ut
3167 310 3327 368 etiam
3371 299 3584 384 lignum
3614 314 3786 386 planta-

2238 401 2350 450 tnm
2377 396 2610 454 radicem
2641 399 2900 471 producat
2921 393 3186 473 et'ligat:
3227 403 3317 459 illo
3365 405 3692 463 incremento
3734 410 3787 478 ιιι,

2239 495 2298 542 ιιι
2318 502 2504 544 semen
2523 489 2724 559 jactum
2748 507 2970 563 germen
2998 494 3227 550 emittat.
3255 494 3361 552 Sed
3391 497 3516 568 quid
3551 497 3676 555 hinc
3703 500 3790 556 diu-

2237 578 2345 634 tius
2396 579 2769 638 disseramus?
2831 583 3042 641 Sul'ticit
3091 586 3234 656 quod
3285 589 3578 646 secundum
3627 591 3788 662 ipsum,

2237 685 2411 742 neque
2448 673 2538 744 qui
2564 677 3008 733 catechumenum
3057 676 3206 746 facit,
3237 695 3411 752 neque
3438 682 3528 752 qui
3571 683 3799 754 baptizat,‘

2235 763 2436 836 aliquid
2464 775 2574 832 est,
2606 767 2702 824 sed
2728 770 2818 840 qui
2859 770 3250 829 incrementum
3286 773 3378 830 dat
3413 775 3575 833 Deus.
3603 777 3788 846 Quando

2237 863 2416 910 autem
2452 857 2554 912 hoc
2579 857 2786 915 diceret
2826 860 3140 930 Petilianus,
3183 872 3242 919 ut
3267 879 3390 921 eum
3420 865 3602 923 dicere
3631 870 3799 924 intelli-t

2235 962 2506 1020 geremus,
2535 951 2720 1023 Neque
2747 953 2985 1010 Donatus
3011 955 3350 1028 Carthaginis
3379 969 3462 1014 est
3485 959 3701 1031 aliquid,
3725 979 3799 1020 nea

2234 1057 2338 1114 que
2365 1043 2649 1101 Januarius
2671 1048 2710 1115 ',
2737 1062 2913 1120 neque
2959 1049 3288 1106 Petilianns?
3328 1051 3552 1119 Quando
3599 1054 3696 1110 hoc
3733 1067 3782 1110 ta-

2234 1151 2355 1193 mor
2391 1138 2480 1194 ille
2518 1149 2809 1211 pateretur,
2844 1157 2953 1214 quo
2993 1158 3053 1199 se
3083 1153 3236 1214 putat
3276 1143 3437 1202 homo
3465 1147 3659 1218 aliquid
3698 1164 3799 1206 esse.

2233 1246 2357 1289 cum
2385 1233 2514 1288 nihil
2545 1236 2634 1302 sit,
2665 1245 2719 1292 et
2747 1250 2808 1292 se
2833 1237 3006 1307 ipsum
3028 1237 3234 1293 seducit
3261 1237 3457 1312 (Colat.
3481 1255 3554 1308 vi,
3584 1241 3662 1312 5).

2303 1324 2534 1383 CAPUT
2571 1327 2706 1383 LIV.
2747 1359 2818 1368 —
2855 1329 2944 1385 66.
2987 1329 3228 1402 Denique
3273 1331 3434 1387 etiam
3490 1332 3652 1402 paulo
3701 1344 3799 1403 post

2233 1431 2354 1473 cum
2382 1418 2705 1483 institueret,
2730 1427 2785 1474 et
2806 1419 3109 1478 intenderet
3130 1431 3381 1493 tanquam
3407 1436 3470 1477 ea
3497 1422 3659 1478 verba
3683 1425 3790 1493 Apo-

2233 1512 2378 1579 stoli,
2397 1528 2516 1584 quas
2541 1528 2639 1569 nos
2668 1514 3062 1585 objeceramus,
3087 1517 3278 1574 iterum
3309 1527 3628 1588 retractare,
3658 1521 3787 1574 noluit

2235 1605 2350 1661 haec
2386 1621 2586 1677 ponere
2628 1623 2749 1680 qua:
2794 1608 3034 1666 dixeram
3081 1625 3202 1680 ego,
3251 1611 3347 1667 sed
3392 1611 3494 1667 alia
3540 1612 3593 1667 in
3635 1613 3788 1682 quibus

2233 1708 2416 1769 posset
2442 1708 2731 1770 utcumque
2761 1699 2992 1757 humana
3023 1703 3227 1759 inﬂatio
3252 1705 3541 1775 respirare.
3589 1703 3718 1758 Nam
3752 1717 3790 1759 at

2233 1793 2400 1865 cjus',
2429 1793 2620 1863 inquit,
2649 1794 2878 1864 Apostoli
2922 1795 3077 1860 dicta,
3105 1811 3220 1866 qua
3258 1796 3401 1852 nobis
3428 1796 3698 1868 objeceros,
3721 1799 3789 1850 itc-

2231 1900 2346 1940 rum
2375 1885 2694 1956 replicemus,
2724 1887 2882 1954 dixit,
2916 1904 2936 1939 ι
2985 1887 3122 1954 Quid
3149 1896 3223 1942 est
3249 1889 3382 1944 enim
3420 1889 3628 1958 Apollo,
3649 1890 3793 1959 quidve

2235 1973 2476 2032 Paulus?
2523 1976 2746 2031 Ministri
2815 1979 2924 2050 ejus
2992 1979 3076 2032 cui
3113 1979 3399 2035 credidistis
3437 1999 3456 2033 ι
3505 1979 3560 2053 (1
3597 1978 3708 2036 Cor.
3733 1996 3787 2047 tu,

2232 2071 2288 2139 4,
2316 2071 2395 2144 5).
2429 2071 2566 2138 Quid
2593 2073 2756 2140 aliud,
2785 2073 2921 2128 verbi
2966 2075 3154 2146 gratio,
3196 2075 3318 2129 dicit
3341 2075 3574 2131 omnibus
3619 2077 3787 2138 nostris,

2232 2163 2354 2229 nisi,
2399 2163 2537 2230 Quid
2576 2173 2650 2219 est
2701 2164 2936 2220 Donatus
2973 2166 3315 2238 Carthaginis,
3359 2167 3483 2235 quid
3523 2167 3788 2232 Ianuarias,

2230 2255 2356 2326 quid
2398 2254 2708 2326 Petilianus,
2732 2259 2830 2314 nisi
2863 2259 3084 2315 ministri
3114 2261 3226 2332 ejus
3249 2277 3328 2316 cui
3363 2263 3686 2317 credidistis?
3709 2262 3790 2316 llnc

2232 2364 2332 2422 ego
2359 2349 2604 2421 Apostoli
2629 2352 2993 2408 testimonium
3026 2368 3133 2410 non
3160 2355 3315 2426 posui
3406 2354 3500 2411 sed
3532 2355 3657 2411 illud
3680 2356 3790 2426 quod

2231 2457 2660 2502 commemorare
2703 2446 2894 2514 noluit,
2934 2448 3110 2518 posui,
3157 2446 3335 2517 Neque
3383 2450 3468 2522 qui
3510 2451 3703 2522 plantat
3740 2457 3791 2504 ut

2231 2535 2446 2608 aliquid,
2470 2553 2630 2609 neque
2653 2538 2739 2608 qui
2763 2539 2916 2611 rigat,
2939 2538 3029 2595 sed
3054 2539 3143 2611 qui
3166 2539 3529 2596 incrementum
3555 2542 3641 2595 dat
3666 2540 3788 2594 Deus.

3797 549 3799 622 4

2181 2655 2184 2658 ~
2233 2627 2340 2684 lste
2363 2639 2542 2685 autem
2569 2644 2630 2684 ea
2656 2630 2823 2687 verba
2865 2631 3107 2703 Apostoli
3146 2631 3385 2688 inserere
3410 2632 3601 2699 voluit,
3630 2633 3711 2687 ubi
3732 2632 3790 2686 in-

2232 2727 2469 2792 terrogat
2493 2720 2622 2793 quid
2651 2723 2722 2778 sit
2754 2722 2971 2790 Paulus,
3004 2722 3088 2779 vel
3127 2724 3253 2794 quid
3298 2725 3368 2780 sit
3413 2725 3624 2796 Apollo,
3654 2734 3703 2779 et
3727 2739 3788 2779 re-

2233 2810 2485 2882 spondet,
2509 2809 2734 2868 Ministri
2758 2814 2868 2885 ejus
2896 2813 2979 2868 cui
2995 2813 3297 2869 credidistis.
3318 2814 3430 2870 Hoc
3459 2815 3642 2887 aliquo
3666 2814 3790 2870 modo

2231 2900 2375 2959 ferre
2399 2905 2572 2973 potuit
2596 2913 2746 2960 torus
2776 2905 3000 2961 cervicis
3027 2905 3295 2962 haeretica;
3321 2925 3334 2962 :
3369 2907 3496 2962 illud
3528 2918 3701 2963 autem
3727 2906 3788 2961 ubi

2233 3011 2340 3052 non
2370 2998 2734 3070 interrogavit,
2764 3009 2819 3057 et
2857 3002 3138 3073 respondit
3165 3003 3292 3074 quid
3341 3014 3502 3072 esset,
3556 3003 3651 3060 sed
3691 3003 3789 3058 dixit

2232 3103 2340 3145 non
2367 3105 2490 3150 esse
2531 3091 2756 3163 aliquid,
2790 3093 2930 3149 ferre
2963 3095 3184 3150 omnino
3211 3110 3317 3150 non
3346 3096 3537 3166 potuit.
3576 3095 3678 3152 Sed
3709 3093 3787 3164 jam

2232 3183 2357 3238 volo
2381 3198 2622 3255 quaerere
2651 3191 2827 3239 utrum
2861 3199 2966 3240 non
2996 3185 3068 3241 sit
3090 3185 3292 3257 aliquid
3321 3187 3568 3243 minister
3588 3185 3790 3242 Christi?

2233 3273 2365 3342 Quis
2407 3273 2508 3329 hoc
2537 3274 2776 3331 dixerit?
2822 3275 3102 3345 Quomodo
3127 3292 3255 3348 ergo
3282 3292 3465 3332 verum
3513 3285 3620 3345 est,
3649 3275 3790 3346 Neque

2233 3365 2324 3438 qui
2349 3366 2545 3437 plantat
2572 3373 2645 3421 est
2671 3365 2890 3436 aliquid,
2927 3383 3083 3439 neque
3109 3368 3196 3436 qui
3223 3368 3376 3439 rigat,
3417 3369 3506 3423 sed
3535 3369 3624 3440 qui
3659 3368 3790 3421 incre-

2234 3467 2459 3513 mentum
2488 3457 2590 3511 dat'
2623 3457 2795 3525 Deus;
2825 3458 2927 3514 nisi
2956 3458 3079 3530 quia
3109 3459 3175 3514 ad
3203 3458 3346 3516 aliud
3389 3460 3590 3531 aliquid
3616 3467 3712 3525 est,
3744 3456 3788 3512 ad

2236 3548 2378 3604 aliud
2406 3565 2509 3605 non
2550 3558 2634 3606 est
2672 3549 2915 3621 aliquid?
2959 3550 3040 3606 Ad
3083 3551 3490 3608 ministrandum
3528 3563 3585 3608 et
3611 3553 3788 3622 dispea'

2235 3641 2460 3697 sandum
2511 3643 2733 3698 verbum
2778 3658 2840 3699 ac
2897 3643 3302 3702 Sacramentum
3335 3645 3538 3717 aliquid
3583 3654 3667 3701 est
3697 3662 3708 3698 :
3744 3639 3790 3695 ad

2237 3732 2600 3788 mandandum
2631 3745 2808 3790 autem
2834 3745 2891 3791 et
2911 3735 3309 3806 justillcandum
3355 3755 3460 3793 non
3487 3748 3573 3794 est
3597 3735 3789 3808 aliquid;

2235 3825 2357 3896 quia
2402 3823 2506 3880 hoc
2551 3840 2656 3880 non
2688 3837 2940 3897 operatur
2969 3827 3022 3882 in
3051 3830 3305 3887 interiore
3336 3831 3574 3901 homine,
3605 3832 3703 3888 nisi
3727 3844 3789 3900 per

2235 3930 2395 3987 quem
2426 3925 2642 3971 creatus
2678 3927 2760 3973 est
2792 3927 2933 3973 lotus
2974 3918 3158 3987 homo,
3189 3931 3244 3976 et
3284 3923 3374 3992 qui
3421 3922 3562 3979 Deus
3609 3934 3788 3978 manens

2236 4009 2408 4066 factus
2434 4019 2518 4066 est
2544 4009 2726 4079 homo,
2756 4011 2844 4066 ille
2873 4012 3077 4068 scilicet
3106 4013 3174 4068 de
3194 4027 3301 4084 quo
3321 4014 3521 4070 dictum
3564 4026 3672 4081 est,
3701 4010 3788 4067 Fide

2235 4103 2489 4158 mandans
2526 4103 2683 4159 cordo
2725 4121 2900 4159 eorum
2929 4105 3066 4176 (Act.
3117 4122 3214 4174 xv,
3244 4105 3333 4179 9);
3365 4116 3440 4171 et.
3489 4107 3722 4164 Credenti
3754 4106 3787 4158 in

2236 4212 2351 4250 eum
2374 4197 2460 4266 qui
2475 4196 2728 4268 justiﬁcot
2755 4197 2965 4266 impium
2996 4197 3170 4270 (Rom.
3201 4214 3270 4265 Iv,
3299 4198 3377 4270 5).
3405 4197 3558 4266 Quod
3589 4199 3789 4255 testimo-

2235 4288 2384 4345 nium
2411 4289 2465 4345 in
2491 4289 2668 4345 verbis
2697 4291 2833 4347 meis
2855 4289 3150 4347 Petilianus
3188 4305 3387 4363 ponere
3414 4293 3604 4360 voluit,
3637 4293 3686 4349 in
3711 4288 3790 4346 suis

2236 4391 2413 4437 autem
2445 4396 2544 4438 nec
2591 4384 2856 4450 tractavit,
2888 4399 2990 4440 nec
3015 4385 3207 4456 attigit.

2306 4471 2533 4531 CAPUT
2571 4474 2681 4531 LV.
2698 4475 2872 4532 -67.
2900 4476 3138 4533 Minister
3161 4493 3309 4550 ergo,
3339 4478 3391 4535 id
3417 4488 3518 4546 est,
3545 4480 3789 4550 dispensa-

2239 4576 2324 4623 tor
2358 4567 2509 4624 verbi
2547 4576 2602 4622 et
2649 4568 2977 4626 Sacramenti
3026 4572 3348 4643 evangelici,
3398 4573 3442 4628 si
3484 4572 3654 4628 bonus
3695 4576 3784 4629 est.

2237 4661 2515 4716 eonsocius
2543 4660 2601 4716 lit
2630 4661 2899 4732 Evangelii
2922 4663 3002 4718 :si
3028 4674 3207 4720 autem
3238 4663 3409 4720 malus
3435 4673 3535 4729 est,
3571 4680 3672 4721 non
3696 4660 3786 4717 ideo

2237 4750 2572 4823 dispensator
2610 4769 2714 4810 non
2759 4765 2841 4810 est
2873 4755 3164 4828 Evangelii.
3204 4755 3262 4812 Si
3302 4756 3445 4811 enim
3489 4755 3658 4814 bonus
3693 4761 3783 4809 est.

2237 4845 2424 4904 volens
2445 4847 2546 4904 hoc
2572 4847 2695 4904 facit
2714 4864 2728 4903 :
2747 4847 2791 4903 si
2817 4856 2993 4904 autem
3019 4849 3208 4916 malus,
3236 4849 3336 4904 hoc
3361 4859 3444 4905 est
3469 4864 3561 4906 sua
3581 4856 3785 4920 quaerens

2239 4957 2345 4997 non
2374 4958 2493 5014 quae
2520 4941 2647 4997 Jcsu
2673 4941 2902 5011 Christi,
2946 4941 3139 4998 invitus
3175 4928 3282 4998 hoc.
3319 4941 3444 4998 facit
3470 4951 3678 5015 propter
3707 4935 3799 4994 alia.

2239 5047 2359 5104 qua:
2375 5033 2616 5103 requirit.
2635 5031 2769 5089 Vide
2787 5042 2964 5089 tamen
2986 5034 3112 5106 quid
3133 5034 3272 5090 idem
3301 5035 3573 5106 apostolus
3597 5029 3782 5090 dixerit:

2242 5127 2305 5182 Si
2337 5143 2455 5197 ergo
2492 5126 2662 5181 volens
2685 5126 2780 5180 hoc
2815 5125 2981 5196 facio,
3023 5125 3230 5198 inquit,
3260 5128 3538 5183 mercedem
3563 5118 3783 5187 hobeo;si

2240 5229 2408 5274 autent
2436 5220 2645 5287 invitus,
2689 5220 2998 5290 dispensatio
3032 5221 3159 5274 mihi
3186 5221 3378 5276 credita
3401 5231 3476 5278 est
3505 5223 3524 5293 (
3550 5222 3566 5276 Ι
3595 5219 3698 5276 Cor.
3725 5228 3777 5273 Ix.

2240 5312 2352 5386 17).
2384 5312 2656 5384 Tanquam
2700 5311 3019 5370 diceret:Si
3070 5313 3242 5373 bonus
3283 5317 3483 5374 bonum
3530 5305 3775 5373 annuntio.

2240 5409 2403 5466 etiam
2451 5408 2566 5481 ipse
2613 5410 2896 5481 pervenio;
2940 5410 2986 5468 si
3023 5420 3200 5470 autem
3242 5411 3436 5480 malus,
3485 5412 3667 5469 bonum
3704 5417 3776 5459 an-

2304 5567 2320 5599 ι
2349 5573 2398 5616 ιιι
2422 5571 2527 5618 Mss.
2549 5575 2645 5630 est,
2669 5569 3013 5622 Jamtariauus.
3735 5568 3800 5630 ,_‘

2300 5625 2685 5708 3.510%
2699 5645 2776 5686 ea.
2795 5635 2949 5693 Nostri
2971 5644 3093 5691 vero
3114 5631 3426 5708 manuscrth
3447 5642 3556 5689 cum
3577 5625 3669 5690 sitis
3685 5627 3769 5682 aut

2243 5693 2405 5762 editis.
2428 5705 2543 5755 nam
2565 5700 2616 5759 ut
2638 5695 2761 5770 ejus,
