3812 6132
11 299 106 360 585
810 246 822 265 ν
1349 288 1554 350 LIBER
1589 284 1909 346 TERTIUS.

12 413 207 474 nuntio.
231 413 509 486 Numquid
533 413 678 472 enim
697 411 851 483 dixit,
878 411 936 470 Si
963 407 1344 475 invitus’facio,
1375 408 1590 478 dispen-

11 518 147 566 sator
187 519 300 562 non
351 507 484 564 ero?
509 508 854 565 Annuntiavit
882 507 1072 563 Petrus
1106 513 1162 561 et
1207 502 1388 560 creteri
1437 500 1595 566 boni,

13 601 196 658 invitm
234 598 442 667 Iudas,
488 608 667 658 tamen
711 615 834 657 cum
858 598 991 672 ipsis
1020 599 1215 655 missus
1237 595 1594 684 annuntiavit.

17 693 85 750 Illi
111 692 426 751 ntercedem
455 692 681 763 habent,
713 693 838 750 huic
877 692 1204 765 dispensatio
1247 676 1450 748 credita
1494 676 1597 745 est.

15 787 108 857 Qui
149 795 338 844 autem
370 786 619 844 omnibus
654 786 759 844 illis
794 785 1229 842 annuntiantibus
1254 783 1600 856 Evangelium

19 886 392 949 perceperunt,
423 892 529 935 non
553 893 584 934 a
605 877 903 949 plantatore
929 877 1014 932 vel
1036 875 1287 948 rigatore,
1319 875 1412 930 sed
1440 873 1510 929 ab
1535 888 1603 930 eo

18 967 98 1039 qui
135 967 530 1024 incrementum
569 966 696 1035 dat,
737 966 983 1023 mundari
1029 974 1316 1038 potuerunt
1359 974 1414 1021 et
1443 964 1603 1034 justi-

21 1063 179 1119 ticari.
212 1061 406 1132 Neque
447 1063 590 1120 enim
628 1061 821 1118 dicturi
861 1073 1048 1116 sumus
1074 1059 1263 1116 Iudam
1293 1073 1398 1116 non
1427 1057 1604 1129 bapti-

23 1167 182 1219 sasse,
232 1168 362 1210 cum
412 1153 590 1210 adhuc
635 1153 775 1210 inter
815 1151 1107 1223 discipulos
1150 1150 1344 1219 fuerit,
1392 1147 1607 1221 quando

24 1245 174 1303 ﬁebat
198 1245 349 1318 quod
374 1245 627 1318 scriptum
663 1253 748 1302 est
763 1285 781 1313 ,
813 1243 841 1300 I
846 1260 938 1316 pse
959 1260 1060 1300 non
1081 1241 1386 1315 baptizabat,
1417 1241 1506 1297 sed
1529 1241 1609 1295 di-

28 1338 202 1411 scipuli
242 1339 360 1411 ejus
388 1337 564 1410 (Joan.
598 1353 673 1407 tv,
702 1337 783 1411 2).
810 1338 893 1393 An
919 1337 1042 1408 quia
1080 1335 1316 1392 nondum
1341 1333 1608 1390 Christum

30 1430 334 1496 tradiderat,
365 1429 459 1500 qui
487 1429 695 1486 loculos
724 1428 982 1495 habebat,
1011 1435 1066 1483 et
1090 1441 1154 1482 ea
1179 1441 1298 1498 quae
1322 1425 1609 1481 mitteban-

30 1529 107 1577 tur
128 1518 413 1578 auferebat
441 1518 549 1592 (Id.
581 1535 679 1585 xu,
720 1519 814 1590 6),
845 1528 902 1575 et
929 1518 1018 1589 qui
1048 1517 1288 1588 pecunia:
1315 1524 1497 1573 custos
1523 1516 1609 1571 in-

33 1627 218 1668 nocens
245 1627 373 1670 esse
421 1627 527 1668 non
573 1612 780 1682 potuit,
826 1611 1166 1683 dispensator
1209 1622 1385 1667 tamen
1427 1610 1611 1681 gratiae

34 1703 136 1760 sine
169 1703 550 1774 accipientium
578 1703 776 1760 damno
801 1702 934 1758 fuit?
959 1703 1068 1758 Aut
1091 1703 1136 1758 si
1162 1717 1269 1758 non
1295 1702 1608 1773 baptizavit,

36 1782 168 1852 certe
208 1795 454 1852 fatemini
483 1797 606 1868 quia
635 1795 1038 1868 evangelizavit.
1067 1795 1220 1864 Quod
1250 1797 1296 1852 si
1326 1795 1429 1852 hoc
1452 1795 1612 1850 mini-

37 1902 169 1942 mum
196 1895 252 1943 et
288 1888 413 1944 leve
441 1887 655 1950 ducitis,
693 1886 872 1943 videte
899 1886 1028 1958 quid
1055 1885 1125 1942 de
1150 1888 1266 1959 ipso
1295 1885 1458 1942 Paulo
1482 1899 1614 1955 apo-

39 1979 164 2033 stolo
185 1979 432 2035 sentiatis
450 2020 466 2045 ,
510 1979 602 2051 qui
627 1978 778 2045 dixit,
810 1978 935 2035 Non
961 1979 1095 2036 enim
1122 1980 1258 2034 misit
1283 1995 1362 2034 me
1384 1977 1616 2035 Christus

41 2069 303 2140 baptizare,
333 2070 426 2126 sed
451 2071 796 2142 evangelium
821 2071 863 2142 (I
892 2070 1012 2128 Cor.
1044 2087 1083 2140 ι,
1112 2071 1222 2141 17).
1250 2071 1366 2127 Huc
1389 2070 1614 2138 accedit,

43 2163 149 2232 quia
171 2162 358 2233 incipit
377 2177 500 2220 esse
521 2163 697 2234 potior
711 2163 922 2234 Apollo,
947 2163 1038 2234 qui
1057 2162 1376 2235 baptizando
1400 2162 1614 2234 rigavit,

44 2270 183 2325 quam
227 2255 452 2322 Paulus,
497 2256 588 2326 qui
615 2255 1029 2328 evangelizando
1058 2257 1336 2328 plantavit,
1366 2270 1490 2311 cum
1515 2255 1618 2312 sibi

47 2345 262 2402 ofﬁcium
291 2346 464 2417 patris
489 2361 616 2418 erga
639 2345 948 2403 Corinthios
987 2345 1189 2408 obboc
1223 2345 1488 2413 vindicet,
1519 2360 1619 2403 nec

47 2439 114 2493 eis
137 2439 224 2510 qui
253 2447 376 2509 post
406 2438 555 2494 illum
592 2437 660 2495 ad
701 2452 796 2494 eos
821 2447 1110 2506 venerant,
1140 2437 1244 2494 hoc
1267 2453 1465 2494 nomen
1491 2453 1621 2493 con-

51 2529 204 2584 cedat.
232 2530 323 2586 Ait
346 2529 494 2586 enim
519 2547 532 2585 :
557 2528 620 2586 Si
647 2529 820 2585 decem
851 2529 1018 2584 millia
1055 2530 1358 2602 paedagogos
1395 2528 1621 2584 habeatis

50 2620 92 2673 in
118 2619 330 2688 Christo,
351 2623 445 2678 sed
469 2638 570 2678 non
595 2621 781 2678 multos
807 2631 975 2694 patres
996 2637 1015 2676 :
1034 2622 1090 2676 in
1117 2621 1319 2678 Christo
1345 2622 1475 2677 enim
1494 2622 1622 2677 Iesu

55 2729 129 2780 per
151 2712 482 2786 Evangelium
515 2730 608 2785 ego
634 2729 722 2769 vos
759 2714 910 2786 genui
940 2712 1052 2787 (Id.
1085 2729 1158 2782 tv,
1189 2714 1300 2784 15).
1334 2713 1427 2770 Eis
1454 2712 1618 2782 dicit,

52 2802 150 2874 Ego
169 2821 251 2861 vos
283 2806 438 2876 genui
471 2820 491 2860 :
523 2805 717 2877 quibus
741 2805 851 2860 alio
889 2806 1011 2861 loco
1037 2804 1206 2872 dicit,
1237 2804 1441 2860 Gratias
1470 2803 1580 2860 Deo
1601 2844 1617 2869 ,

45 2895 170 2960 quod
220 2896 472 2952 neminem
524 2904 743 2951 vestrum
795 2896 1046 2967 baptizavi
1069 2935 1086 2961 ,
1145 2897 1242 2950 nisi
1293 2896 1527 2967 Crispum
1575 2905 1623 2950 et

57 2984 252 3041 Caium‘
295 2997 344 3043 et
386 2989 664 3058 Stephano:
704 2989 912 3043 domum
955 2987 1066 3058 (Id.
1113 3004 1151 3054 ι,
1203 2989 1308 3058 id).
1356 2989 1625 3044 Gcnucrat

60 3076 216 3147 itaque
241 3078 397 3146 illos,
439 3093 546 3134 non
591 3095 688 3151 per
723 3094 818 3148 se,
865 3078 961 3135 sed
1008 3094 1103 3150 per
1131 3079 1495 3150 Evangelium.
1523 3080 1623 3150 Qui

59 3169 245 3226 etiamsi
279 3188 377 3228 sua
405 3181 693 3244 quaereret,
721 3188 829 3228 non
856 3187 976 3243 qua:
1004 3171 1133 3229 Iesu
1161 3171 1378 3239 Christi,
1407 3184 1463 3229 et
1487 3174 1624 3228 invi-

64 3267 135 3314 tus
159 3260 255 3318 hoc
282 3262 488 3320 faceret
523 3263 640 3318 sine
680 3277 777 3319 sua
821 3263 1103 3330 mercede,
1135 3273 1310 3320 tamen
1348 3265 1625 3334 pecuniam

63 3350 355 3410 dominicam
382 3355 721 3427 dispensaret
741 3372 754 3408 :
777 3369 936 3426 quam
954 3395 969 3421 ,
999 3355 1122 3411 licet
1147 3357 1316 3411 malus
1333 3396 1349 3423 ,
1383 3372 1486 3411 non
1514 3372 1627 3411 ma-

65 3441 154 3498 iam
179 3460 276 3501 nec
301 3445 546 3502 inutilem
577 3445 714 3502 bene
741 3446 1127 3517 accipientibus
1156 3445 1377 3502 faceret.

124 3533 335 3592 CAPUT
375 3536 511 3593 LVI.
539 3567 611 3578 -—
639 3537 729 3593 68.
769 3537 840 3593 Et
866 3538 910 3594 si
941 3537 1042 3594 hoc
1068 3537 1136 3593 de
1165 3538 1452 3609 Evangelio
1481 3547 1628 3596 recte

65 3623 256 3695 dicitur,
298 3637 499 3700 quanto
537 3628 706 3700 magis
753 3628 822 3685 de
866 3629 1140 3700 Baptismo
1186 3628 1467 3686 dicendum
1513 3639 1626 3699 est,

67 3717 190 3786 quod
213 3719 281 3775 ita
310 3721 546 3792 pertinet
567 3721 634 3776 ad
660 3720 1029 3791 Evangelium,
1058 3729 1118 3776 ut
1139 3721 1256 3778 sine
1283 3721 1376 3777 illo
1412 3722 1627 3794 quidem

12 3795 15 3808 ’
69 3808 125 3862 ad
164 3826 378 3883 regnum
407 3812 666 3870 caelorum
695 3827 853 3868 nemo
882 3812 1174 3883 perveniat,
1205 3813 1300 3870 sed
1339 3813 1386 3869 si
1413 3814 1632 3870 accedat

71 3897 394 3960 Sacramento
419 3903 659 3976 iustitia?
683 3905 783 3972 Qui
811 3905 952 3959 enim
981 3903 1136 3972 dixit,
1158 3903 1276 3959 Nisi
1298 3906 1408 3976 quis
1428 3915 1630 3960 renatus

73 3997 204 4062 fuerit
224 4013 284 4053 ea:
297 4015 433 4070 aqua
446 4007 496 4053 et
520 3997 742 4070 Spiritu,
758 4014 859 4053 non
877 3997 1079 4052 intrabit
1097 3998 1149 4052 in
1169 4014 1378 4068 regnum
1391 3999 1632 4054 caelorum

75 4085 230 4155 (Ioan.
248 4105 324 4158 ιιι,
340 4093 423 4164 5);
436 4090 576 4147 idem
595 4089 708 4162 ipse
718 4090 870 4157 dixit,
886 4089 939 4144 Ν
941 4091 1002 4145 isi
1015 4091 1340 4146 abundaverit
1339 4092 1542 4163 justitia
1551 4109 1634 4148 ve-

71 4186 163 4232 stra
180 4197 324 4251 super
349 4181 645 4240 Scribarum
681 4192 728 4237 et
755 4182 1151 4250 Pharisteorunt,
1180 4200 1280 4238 non
1309 4184 1554 4241 intrabitis
1580 4187 1634 4241 in

75 4285 261 4340 regnum
271 4276 511 4330 calorum
525 4272 793 4347 (Mattlm,
805 4273 897 4347 20)
907 4316 919 4328 .
934 4272 1124 4330 Forma
1142 4273 1467 4332 Sacramenti
1479 4276 1636 4333 datur

12 4401 15 4432 ς
76 4373 160 4428 per
183 4362 525 4434 Baptismum,
543 4366 710 4420 forma
739 4364 959 4436 justitia:
978 4379 1072 4434 per
1097 4364 1457 4435 Evangelium.
1489 4367 1636 4423 Alte-

77 4467 179 4510 rum
202 4457 312 4516 sine
333 4459 506 4516 altero
523 4473 627 4513 non
641 4455 961 4529 perducitad
987 4471 1205 4528 regnum
1234 4457 1512 4514 caelorum.
1535 4458 1636 4515 Vc-

77 4556 346 4606 rumtamen
361 4548 594 4621 perfecte
605 4548 871 4619 baptizare
882 4547 1040 4602 etiam
1053 4548 1226 4602 minus
1237 4548 1377 4604 docti
1392 4558 1631 4618 possunt,

81 4637 289 4704 perfecte
308 4653 484 4700 autem
503 4641 866 4714 evangelizare
882 4640 1050 4696 multo
1062 4640 1374 4700 dilliciiioris
1392 4651 1446 4698 et
1465 4644 1634 4698 rario-

81 4729 144 4784 ris
161 4741 237 4788 est
258 4740 451 4807 operis.
481 4735 608 4792 Ideo
633 4734 820 4790 doctor
838 4732 1086 4791 Gentium
1117 4735 1355 4804 plurimis
1368 4735 1636 4792 excellen-

84 4820 173 4875 tior
188 4829 541 4900 evangeiizare
565 4827 761 4882 missus
781 4835 884 4894 est,
913 4841 1019 4881 non
1046 4826 1313 4896 baptizare
1342 4845 1356 4882 :
1387 4829 1636 4898 quoniam

85 4912 173 4970 hoc
197 4932 283 4987 per
309 4921 500 4977 multos
527 4919 640 4976 fieri
667 4927 910 4991 poterat,
950 4918 1081 4975 illud
1110 4934 1205 4989 per
1231 4935 1450 4990 paucos,
1501 4920 1639 4978 inter

12 4995 18 5002 ’
85 5017 201 5072 quos
224 5009 505 5068 eminebat.
537 5009 604 5066 Et
623 5020 797 5067 tamen
823 5010 1087 5081 legimus’
1110 5025 1234 5066 cum
1271 5011 1534 5083 aliquibus
1560 5013 1641 5068 lo-

86 5093 151 5149 cis
174 5095 382 5168 dixisse,
418 5101 750 5173 Evangelium
788 5118 954 5156 meum
982 5100 1051 5174 (ll
1080 5101 1211 5156 Tim.
1239 5117 1298 5169 ιι,
1324 5101 1380 5177 8)
1415 5120 1426 5156 :
1462 5103 1638 5174 Bapti-

89 5197 240 5242 smum
276 5203 446 5250 autem
485 5207 663 5249 meum
707 5208 977 5265 nunquam
1012 5193 1166 5260 dixit,
1207 5193 1302 5250 sed
1331 5210 1431 5250 nec
1456 5194 1637 5265 cujus-

89 5293 225 5347 quam
245 5301 337 5358 per
358 5307 515 5364 quem
539 5291 868 5348 ministratus
890 5298 992 5348 est.
1020 5289 1152 5346 Nam
1181 5289 1328 5347 solus
1351 5289 1441 5346 ille
1465 5289 1638 5361 bapti-

91 5383 218 5431 smus
241 5395 390 5450 quem
418 5382 563 5439 dedit
579 5381 834 5449 Joannes,
865 5381 1037 5438 dictus
1060 5391 1143 5439 est
1165 5382 1459 5453 baptismus
1473 5380 1636 5437 Joan-

92 5462 163 5518 nis
177 5465 301 5536 (Act.
316 5489 425 5543 xix,
439 5474 518 5548 5).
541 5473 652 5531 Hoc
667 5474 993 5545 praecipuum
1013 5474 1096 5529 vir
1114 5473 1204 5530 ille
1227 5472 1641 5545 dispensationis

109 5621 412 5702 (Linguam
454 5629 674 5702 vulgata,
706 5627 893 5681 Caium.
930 5634 1006 5680 Er.
1029 5630 1179 5696 Lugd.
1216 5638 1270 5684 et
1307 5639 1425 5683 Ven.
1451 5631 1637 5684 Gaium.

88 5684 247 5748 (ηερ,
266 5691 423 5746 caion.
487 5684 544 5743 u.

145 5745 162 5774 ³
178 5745 245 5800 sic
263 5757 363 5806 Mss.
390 5763 446 5811 At
468 5757 602 5818 editi,
625 5761 814 5807 Etcum

3176 283 3284 345 386

1703 417 1817 460 suae
1854 415 2048 458 munus
2085 399 2308 474 accepit,
2344 404 2402 456 ut
2445 398 2641 457 lavacri
2669 399 3078 472 praecursorium
3105 413 3283 456 sacra-

1705 502 1941 549 mentum
1966 494 2126 550 etiam
2152 493 2294 548 illius
2317 492 2604 560 diceretur,
2639 507 2733 563 per
2754 507 2912 563 quem
2940 491 3289 563 dispensaba-

1706 595 1793 642 tur
1822 603 1836 641 :
1868 586 2171 657 Baptismus
2193 595 2370 642 autem
2396 601 2555 656 quem
2585 584 3021 640 ministraverunt
3047 583 3291 656 discipuli

1706 677 1928 748 Christi,
1953 677 2153 734 nullius
2187 692 2374 734 eorum
2399 677 2573 733 dictus
2595 685 2707 743 est;
2745 685 2802 732 ut
2827 676 2968 732 illius
2987 691 3107 732 esse
3136 676 3291 732 intel-

1709 770 1984 842 ligeretur,
1999 769 2069 827 de
2087 783 2195 841 quo
2213 769 2411 825 dictum
2428 777 2531 834 est,
2552 766 2780 822 Christus
2796 766 2971 823 dilexit
2992 764 3293 832 Ecclesium,

1710 872 1756 920 et
1777 881 1832 920 se
1850 864 2019 935 ipsum
2047 862 2254 919 tradidit
2272 878 2365 935 pro
2376 878 2455 930 ea,
2476 871 2532 916 ut
2547 876 2659 916 eam
2675 861 3031 930 sanctiﬁcaret,
3049 859 3298 914 mandans

1711 970 1823 1011 eam
1849 955 2049 1010 lauacro
2077 969 2221 1026 aqua
2241 955 2296 1010 in
2320 953 2467 1010 verba
2494 951 2714 1024 (Ephes.
2745 968 2798 1019 v,
2823 951 2915 1020 25,
2942 950 3057 1024 26).
3089 951 3144 1007 Si
3169 967 3299 1022 ergo

1713 1044 2082 1118 Evangelium,
2113 1045 2254 1116 quod
2277 1045 2350 1101 ita
2369 1043 2564 1101 Christi
2579 1051 2681 1112 est,
2712 1053 2768 1097 ut
2793 1043 2960 1114 possit
2985 1053 3039 1099 et
3060 1044 3301 1100 minister

1713 1143 1936 1208 propter
1976 1149 2170 1192 munus
2206 1134 2617 1206 dispensationis
2660 1133 2840 1189 dicere
2888 1149 3041 1189 suum
3065 1175 3080 1200 ,
3128 1143 3302 1205 potest

1715 1224 1879 1281 homo
1902 1225 2063 1282 etiam
2101 1239 2196 1295 per
2233 1224 2430 1279 malum
2477 1223 2896 1294 dispensatorem
2923 1223 3039 1279 sine
3067 1222 3303 1294 periculo

1715 1316 1981 1388 accipere,
2003 1314 2205 1371 faciens
2227 1315 2370 1386 quod
2389 1314 2540 1382 dicit,
2569 1314 2714 1385 quod
2735 1323 2914 1370 autem
2943 1313 3070 1370 facit
3089 1329 3196 1370 non
3220 1314 3302 1369 fa-

1717 1410 1866 1467 ciens
1895 1418 2132 1481 :quanto
2160 1409 2328 1480 magis
2357 1408 2684 1478 Baptismum
2713 1406 2932 1474 Christi,
2963 1423 3122 1478 quem
3146 1421 3305 1463 nemo

1717 1503 2097 1573 Apostolorum
2127 1500 2198 1556 ita
2226 1499 2565 1566 ministravit,
2596 1506 2651 1555 ut
2669 1498 2891 1554 auderet
2908 1497 3088 1554 dicere
3124 1513 3303 1567 suum,

1720 1603 1897 1667 potest
1921 1594 2145 1665 quisque
2186 1592 2301 1648 sine
2326 1592 2642 1664 contagione
2689 1591 2816 1646 mali
2862 1591 3091 1647 ministri
3132 1590 3308 1662 perci-

1719 1700 1872 1758 pere,
1899 1685 1989 1755 qui
2018 1684 2156 1740 bona
2185 1683 2289 1740 fide
2311 1683 2518 1740 accedit
2541 1683 2608 1738 ad
2628 1683 2934 1738 Christum?

1791 1775 2018 1833 CAPUT
2055 1774 2212 1832 LVII.
2249 1805 2322 1816 -—
2352 1775 2443 1833 69.
2483 1775 2714 1832 Proinde
2741 1774 2787 1830 si
2817 1773 3135 1842 Petilianus,
3184 1790 3308 1833 cum

1722 1883 1822 1939 ego
1847 1882 1967 1939 quac
1993 1868 2169 1938 posuit
2193 1867 2259 1923 de
2275 1866 2565 1938 Scripturis
2592 1866 2914 1933 testimonia,
2944 1882 3099 1936 quam
3121 1877 3308 1923 contra

1723 1974 1822 2015 nos
1864 1973 1970 2014 non
2016 1968 2226 2025 essent,
2275 1973 2380 2013 non
2431 1958 2864 2029 praztermiserim
2908 1958 3305 2028 demonstrare;

1726 2051 1840 2122 ipse
1880 2065 2000 2123 quae
2038 2051 2211 2121 posui,
2255 2051 2446 2122 partim
2481 2051 2698 2107 omnino
2740 2066 2849 2108 non
2882 2053 3074 2125 attigit,
3117 2054 3309 2125 partim

1725 2158 1844 2214 qua:
1871 2150 2100 2199 tractare
2127 2142 2314 2208 voluit,
2359 2142 2491 2198 nihil
2519 2142 2662 2198 aliud
2705 2159 2765 2200 se
2802 2160 2963 2215 quam
3003 2146 3150 2203 exire
3188 2146 3312 2203 inde

1727 2249 1832 2290 non
1862 2233 2102 2306 potuisse
2143 2234 2460 2290 monstravit
2489 2252 2502 2290 :
2531 2251 2639 2291 non
2663 2235 2750 2291 diu
2797 2235 3042 2293 hortandi
3070 2239 3200 2295 estis
3227 2241 3312 2295 vel

1727 2326 2069 2395 admonendi,
2099 2337 2156 2382 ut
2179 2327 2406 2384 videatis
2433 2328 2560 2400 quid
2587 2341 2790 2395 tenere,
2816 2330 2944 2402 quid
2987 2346 3178 2389 cavere
3213 2333 3314 2390 (ιιι-

1728 2418 1919 2477 beatis.
1951 2420 2058 2477 Sed
2079 2419 2218 2477 forte
2247 2421 2300 2477 in
2326 2431 2628 2479 sanctarum
2654 2423 3045 2494 Scripturarum
3070 2427 3314 2483 testimo-

1730 2513 1834 2570 niis
1860 2514 1979 2570 talis
2004 2515 2266 2587 apparuit,
2299 2517 2350 2572 in
2381 2516 2462 2573 his
2497 2531 2624 2574 vero
2651 2517 3006 2584 documentis,
3035 2536 3154 2590 qua:
3177 2521 3318 2578 inter

1731 2606 1975 2664 homines
1995 2608 2064 2664 de
2091 2609 2207 2679 ipso
2235 2609 2522 2666 schismate
2545 2619 2693 2683 gesta
2732 2620 2857 2667 sunt
2897 2612 3096 2683 aliquid
3122 2614 3316 2670 valuit?

1732 2696 1845 2754 Imo
1873 2714 2000 2756 vero
2027 2701 2158 2755 etin
2183 2698 2287 2768 his,
2321 2716 2623 2771 quanquam
2653 2711 2768 2772 post
2797 2703 2975 2758 divina
3014 2705 3316 2762 testimonia

1731 2789 2002 2860 superﬂuo
2043 2791 2404 2861 requirantur,
2447 2791 2572 2862 quid
2611 2793 3051 2849 commemoravit
3075 2805 3163 2850 aut
3190 2795 3318 2866 quid

1733 2884 2011 2954 probavit?
2035 2883 2276 2951 Quicum
2309 2883 2495 2939 fuisset
2518 2885 2748 2955 graviter
2778 2887 2831 2941 in
2853 2886 3138 2944 traditores
3163 2889 3314 2945 inve-

1733 2986 1867 3043 ctus,
1897 2986 1951 3032 et
1976 2977 2139 3032 multa
2167 2976 2218 3031 in
2245 2990 2342 3032 eos
2369 2977 2526 3033 etiam
2550 2976 2618 3032 de
2643 2977 2840 3032 sanctis
2876 2977 3049 3035 Libris
3076 2981 3320 3037 testimo-

1733 3069 1822 3124 nia
1852 3068 2252 3138 proclamasset,
2284 3067 2412 3124 nihil
2434 3077 2610 3125 tamen
2631 3069 2928 3126 dixitunde
2953 3085 3047 3126 eos
3071 3072 3322 3129 ostende-

1735 3171 1816 3216 ret
1842 3162 2183 3219 iraditorcs‘.
2222 3163 2335 3233 Ego
2357 3172 2537 3219 autem
2577 3165 2993 3220 commemoravi
3041 3166 3318 3224 Silvanum

1734 3252 2068 3320 Cirtensem,
2115 3254 2199 3309 cui
2248 3254 2561 3324 quibusdam
2613 3255 2940 3327 interpositis
2992 3259 3151 3313 etiam
3207 3260 3322 3331 ipse

1737 3345 2015 3414 successit,
2043 3361 2162 3400 cum
2191 3344 2366 3401 adhuc
2392 3353 2537 3402 esset
2562 3345 2920 3411 subdiaconus
2945 3346 3121 3404 Gestis
3148 3351 3323 3406 muni-

1735 3437 1997 3506 cipalibus
2025 3452 2341 3507 expressum
2370 3451 2490 3492 esse
2518 3437 2852 3493 traditorem.
2881 3439 3076 3495 Contra
3105 3439 3206 3497 hoc
3233 3442 3323 3498 ille

1737 3530 1934 3585 mutire
1959 3530 2033 3584 nil
2059 3545 2221 3586 ausus
2249 3539 2350 3584 est.
2379 3530 2444 3585 Et
2479 3529 2720 3600 profecto
2746 3530 2940 3586 videtis
2977 3542 3173 3604 quanta
3198 3549 3322 3591 eum

1738 3621 2076 3678 necessitudo
2104 3620 2456 3692 compellebat
2481 3621 2548 3676 ad
2577 3622 3028 3693 respondendum,
3060 3634 3116 3680 ut
3137 3625 3325 3683 videli-

1738 3723 1822 3769 cet
1845 3713 2290 3784 praedecessorem
2317 3728 2490 3780 suum,
2529 3721 2586 3769 et
2621 3730 2726 3769 non
2776 3717 2946 3771 solum
2988 3717 3322 3788 consocium,

1738 3809 1856 3872 sed,
1880 3815 1938 3862 ut
1965 3807 2036 3861 ita
2057 3806 2250 3874 dicam,
2275 3807 2433 3861 etiam
2452 3807 2966 3865 concathedraneum
2989 3809 3326 3868 innocentem

1739 3913 1771 3953 a
1813 3898 2038 3954 crimine
2069 3897 2366 3953 traditionis
2409 3898 2737 3967 ostenderet,
2767 3901 3062 3971 praesertim
3093 3917 3213 3958 cum
3246 3911 3327 3959 to-

1743 4000 1850 4045 tam
1889 4006 2104 4047 causam
2153 3999 2384 4046 vestram
2434 3989 2505 4046 ibi
2547 3992 2906 4058 constituatis,
2947 4001 3001 4047 ut
3045 3994 3326 4051 traditores

1740 4084 2016 4155 appelletis
2043 4098 2138 4140 eos
2158 4099 2290 4154 quos
2317 4082 2660 4139 traditoribus
2692 4087 3083 4141 communionis
3114 4090 3326 4144 tramite

1741 4175 2064 4232 successisse
2107 4175 2190 4231 vel
2235 4175 2431 4245 fingitis
2465 4174 2548 4229 vel
2593 4177 2809 4245 putatis.
2859 4177 2956 4242 Qui
3006 4192 3132 4248 ergo
3160 4178 3325 4247 ipsius

1742 4283 1916 4326 causa:
1941 4277 2131 4322 vestrae
2160 4266 2497 4332 necessitate,
2547 4266 2708 4320 etiam
2746 4266 3209 4323 RUSlticatIIcllSCm
3242 4271 3325 4326 vel

1743 4359 2113 4415 Calamenscm
2142 4357 2227 4412 vel
2267 4355 2552 4426 cuiuslibet
2579 4357 2802 4413 alterius
2837 4359 3066 4413 civitatis
3093 4361 3324 4432 aliquem

1743 4451 1810 4508 de
1841 4459 1988 4522 parte
2011 4459 2204 4518 vestra,
2246 4448 2426 4504 Gestis
2460 4449 2867 4519 municipalibus
2904 4451 3325 4510 demonstratum

1743 4542 1976 4598 dicerem
2003 4540 2330 4608 traditoqem,
2353 4539 2496 4594 omni
2528 4539 2687 4595 modo
2714 4555 2835 4596 eum
2861 4541 3145 4599 defendere
3171 4561 3328 4616 coge.

1747 4645 1914 4700 retur,
1957 4632 2025 4689 de
2081 4647 2178 4687 suo
2224 4631 2622 4702 prtcdecessore
2660 4632 2932 4689 conticuit.
2989 4634 3175 4703 Unde,
3227 4641 3327 4694 nisi

1744 4728 1866 4800 quia
1895 4727 1981 4781 hic
2005 4740 2108 4781 non
2136 4724 2339 4780 invenit
2359 4740 2517 4795 quam
2544 4725 2821 4797 caliginem
2842 4724 3158 4794 offunderet,
3189 4730 3330 4786 unde

1747 4822 1935 4877 saltem
1964 4819 2206 4875 homines
2238 4828 2418 4874 mente
2454 4818 2786 4875 tardissimos
2823 4828 2877 4874 et
2909 4820 3332 4877 somnolentissi-

1748 4928 1865 4968 mos
1891 4911 2132 4966 falleret?
2160 4910 2296 4978 Quid
2323 4910 2465 4966 enim
2487 4909 2707 4975 diceret,
2738 4909 2838 4964 nisi
2861 4908 2991 4964 falsa
3021 4911 3088 4966 de
3113 4911 3331 4969 Silvano

1745 5007 1844 5061 ista
1870 5005 2094 5075 jactari?
2131 5003 2236 5060 Sed
2276 5003 2563 5058 recitamus
2589 5003 2768 5067 Gesta,
2801 5010 2855 5058 ct
2890 5003 3101 5073 quando
3134 5004 3329 5063 factum

1746 5099 1834 5157 sit.
1863 5107 1915 5152 et
1955 5096 2167 5168 quando
2195 5097 2351 5152 etiam
2393 5094 2686 5166 Zenophilo
2731 5095 2999 5152 consulari
3045 5098 3328 5170 allegatum

1746 5193 1815 5248 sit
1839 5193 1934 5264 (a).
1966 5193 2167 5260 Quibus
2195 5192 2465 5264 quomodo
2504 5192 2594 5248 ille
2635 5193 2927 5261 resisteret,
2957 5203 3140 5266 sepius
3179 5195 3334 5250 undi-

1747 5302 1852 5356 que
1877 5286 2075 5355 optima
2105 5300 2261 5340 causa
2294 5284 2602 5352 Catholicae,
2635 5269 2813 5342 vestra
2854 5297 3034 5344 autem
3061 5289 3333 5359 pessima?

1749 5375 1901 5433 Unde
1945 5376 2041 5430 ista
2071 5377 2234 5430 verba
2271 5390 2640 5433 commemoro
2673 5391 2740 5433 ex
2779 5377 2864 5432 illa
2911 5379 3145 5449 Epistoia
3189 5394 3330 5446 mea,

1747 5468 1832 5523 cui
1862 5482 1955 5538 per
1982 5466 2119 5521 hanc
2139 5481 2296 5538 quam
2314 5482 2457 5523 nunc
2482 5466 2688 5536 refello,
2711 5467 2884 5524 videri
2916 5469 3077 5526 voluit
3109 5484 3332 5536 resinou-

1814 5627 1830 5688 ε
1856 5631 1907 5677 ιιι
1936 5625 2279 5688 Cygirannensi
2301 5631 2403 5688 bis,
2429 5639 2514 5677 nos
2533 5625 2802 5678 ostenderet
2824 5625 3094 5676 traditores.

1748 5687 1885 5804 32(a)
1909 5685 2026 5738 Vide
2049 5685 2134 5739 lib.
2156 5687 2188 5737 5
2220 5685 2739 5749 contra’Crescouium,
2765 5702 2901 5751 capp.
2928 5689 3004 5752 27,
3031 5688 3108 5749 ‘28,
3142 5701 3214 5740 nn.
3249 5686 3329 5751 Ἧι,
