3812 6154
1764 368 1955 377 ,σ--ο

344 367 847 377 -Ψ-ιΑο-Ψ-«ρ-σ
1318 369 1329 375 1
1676 368 1955 377 *μυ
2438 368 2996 388 ‘_————-————-———-—'
3008 379 3115 388 ο--συ-ν..
3123 382 3147 389 ι.
3162 382 3191 389 ο

1146 516 2208 673 ADMONITIO

1176 780 1244 839 IN
1280 774 1828 851 SUBSEQUBNI‘EM
1863 781 2146 886 LIBRUM.

108 1134 264 1209 Hujus
280 1136 404 1195 libri
431 1138 707 1213 exemplar
737 1138 946 1199 calamo
968 1140 1231 1213 scriptum
1253 1142 1467 1201 unicum
1503 1156 1569 1200 ex
1598 1144 1782 1219 Βθιιιυ
1806 1144 2225 1207 Ιιδνιιιιῖῑιιειιιιε
2249 1147 2415 1205 adfuit
2437 1192 2450 1216 ,
2482 1150 2851 1224 Endoviense;
2892 1156 3106 1214 unicum
3134 1160 3294 1217 etiam

53 1230 184 1288 nobis
204 1247 271 1289 ex
299 1232 507 1302 Galliis,
539 1233 900 1292 Floriacense.
932 1235 991 1291 In
1019 1228 1346 1294 Endovicnsi
1385 1237 1572 1295 titulus
1599 1250 1714 1307 est,
1750 1236 1820 1295 In
1849 1232 2136 1311 Epistolam
2162 1242 2407 1299 Petiliani
2430 1245 2498 1299 ad
2527 1245 2810 1304 Catholicos
2833 1250 2896 1306 de
2919 1261 3054 1307 secta
3089 1253 3307 1310 Donati-

51 1337 235 1382 starum.
262 1325 321 1382 In
335 1327 689 1397 Floriacensi,
714 1330 909 1385 Aurelii
933 1329 1205 1402 Augustini
1233 1329 1473 1401 Epistola
1488 1332 1557 1387 ad
1579 1331 1868 1391 Catholica
1888 1334 1952 1389 de
1972 1344 2106 1389 secta
2130 1334 2553 1394 Donatistarum:
2582 1349 2637 1397 et
2661 1341 2813 1398 ﬁnito
2835 1343 2970 1400 libro
2995 1388 3010 1414 ,
3038 1346 3091 1401 in
3116 1348 3302 1405 eodem

52 1419 349 1477 Fioriacensi
379 1421 670 1493 exemplari
726 1422 939 1494 legitur,
965 1422 1192 1496 Explicit
1220 1424 1455 1496 Epistola
1484 1426 1681 1482 Aurelii
1700 1422 1974 1499 Augustini
1988 1430 2212 1501 episcopi
2231 1431 2302 1485 ad
2330 1431 2615 1489 Catholicos
2641 1435 2846 1506 fratres.
2869 1438 2988 1507 Quo
3008 1442 3307 1511 posteriore

54 1511 182 1604 titqu
204 1513 268 1569 ad
295 1513 523 1571 Possidii
548 1512 782 1572 indicem
806 1527 1115 1588 comparato
1158 1515 1311 1575 facile
1337 1517 1655 1576 adducimur
1692 1528 1750 1575 ut
1777 1518 2057 1577 credamus
2086 1520 2229 1578 hunc
2258 1523 2431 1594 ipsum
2469 1524 2663 1584 librum
2688 1540 2807 1585 esse
2832 1571 2847 1598 ,
2874 1528 2962 1602 qui
2990 1530 3044 1587 in
3071 1530 3312 1604 ejusdem

54 1603 222 1696 iudicis
256 1605 429 1696 capite
459 1605 619 1665 tertio
645 1604 725 1665 sic
747 1616 964 1665 uolatu
991 1626 1009 1664 ι
1034 1607 1271 1680 Epistolas
1311 1621 1489 1666 canna
1521 1626 1649 1681 quos
1673 1626 1830 1683 supra
1855 1611 1932 1682 (id
1949 1620 2033 1669 est
2059 1622 2243 1669 contra
2292 1614 2615 1690 Donatistas)
2655 1619 2723 1673 ad
2768 1619 3057 1678 Catholieos

54 1692 157 1749 liber
175 1708 319 1753 una.
344 1694 405 1754 in
424 1696 656 1755 concilio
674 1697 915 1771 generali
943 1699 1128 1773 quinto
1150 1740 1167 1767 ,
1193 1700 1371 1757 collat.
1399 1700 1455 1769 5,
1485 1701 1719 1759 citantur
1743 1696 1903 1758 verba
1932 1704 2119 1774 capitis
2145 1706 2284 1762 tertii
2314 1704 2456 1764 hunc
2482 1709 2534 1765 in
2572 1708 2787 1767 modum
2822 1728 2835 1765 :
2866 1692 3119 1785 Ejusdem
3152 1715 3174 1788 (
3195 1716 3309 1775 Au-

53 1790 220 1860 gustini
246 1789 347 1863 )ea:
367 1788 609 1863 Epistola
632 1791 701 1846 ad
727 1790 1033 1849 Catholica
1062 1786 1220 1865 Apud
1243 1790 1729 1851 Amcrbachianam
1748 1795 2039 1853 editionem
2062 1798 2386 1869 inscribitur,
2405 1800 2597 1856 Contra
2618 1802 2863 1859 Petiliani
2886 1786 3311 1881 domtlstteEpia-

53 1883 208 1939 stolam
232 1885 354 1940 liber
378 1902 533 1942 unus.
567 1885 721 1959 Apud
746 1887 1093 1959 posteriores,
1135 1887 1190 1943 in
1237 1889 1517 1961 marginali
1567 1891 1739 1961 spatio
1762 1890 2029 1961 superiori,
2082 1891 2320 1949 additum
2344 1902 2465 1963 est,
2489 1893 2572 1951 De
2597 1894 2803 1953 Unitate
2843 1896 3085 1961 Εεοιεεὶιε
3127 1918 3147 1959 :
3190 1917 3309 1979 qua

54 1975 262 2047 profecto
285 1976 561 2049 inscriptio
587 1993 693 2035 non
713 1976 890 2034 minus
918 1980 1127 2046 caneris
1152 1978 1411 2038 adversus
1442 1980 1744 2043 Donatistas
1765 1982 2036 2055 Opusculis
2060 1985 2328 2053 convenit,
2360 2002 2519 2058 quam
2540 1986 2663 2044 huic
2684 1989 2841 2047 libro.
3039 1997 3043 2001 '

109 2068 179 2124 Ad
205 2084 397 2126 annum
421 2070 636 2128 circiter
658 2068 765 2128 402
789 2072 1058 2143 pertinere
1085 2070 1233 2145 Opus
1261 2072 1491 2143 videtur,
1517 2072 1719 2133 editum
1743 2082 1869 2132 ante
1900 2076 2112 2135 tertium
2145 2076 2340 2133 librum
2377 2088 2565 2137 contra
2590 2080 2927 2143 Petilianum.
2956 2080 3092 2145 Nam
3119 2085 3308 2158 Operis

54 2162 280 2233 principio
307 2162 596 2220 Petilianus
634 2162 1030 2238 interpellatur,
1061 2174 1119 2221 ut
1144 2164 1229 2221 vel
1251 2162 1424 2224 eidem
1451 2166 1638 2239 operi,
1664 2166 1749 2223 vel
1774 2166 1962 2237 primis
1989 2168 2196 2226 duobus
2221 2183 2407 2228 contra
2433 2172 2599 2243 ipsius
2625 2173 2918 2246 Epistulam
2947 2176 3100 2235 libris
3122 2178 3308 2253 Augu-

56 2256 155 2311 stini
177 2257 513 2329 respondeat.
540 2256 786 2315 Nondum
810 2274 938 2332 ergo
966 2259 1080 2315 visa
1106 2269 1223 2319 erat
1245 2260 1413 2319 altera
1443 2260 1710 2328 Petiliani,
1741 2276 1863 2335 qua:
1906 2262 2042 2321 libro
2068 2262 2353 2336 Augustini
2378 2266 2537 2325 tertio
2562 2264 2866 2327 confutatur
2894 2270 3135 2342 Epistola
3160 2313 3175 2341 ,
3203 2289 3308 2350 qua

55 2349 273 2407 nimirum
298 2351 385 2409 ille
404 2350 474 2408 ad
498 2352 728 2425 primum
760 2351 957 2409 librum
982 2353 1266 2426 Augustini
1292 2353 1618 2425 respondere
1644 2352 1722 2410 sic
1749 2354 1987 2423 enititur,
2020 2365 2078 2412 ut
2104 2355 2298 2414 librum
2328 2365 2508 2416 tamen
2537 2359 2704 2432 ipsius
2733 2363 3049 2433 secundum,
3079 2365 3173 2437 qui
3194 2366 3309 2425 cir-

55 2440 163 2497 citer
185 2440 493 2513 praedictum
520 2460 725 2505 annum
747 2440 854 2502 402
882 2443 1098 2518 prodiit,
1123 2460 1231 2502 non
1259 2446 1501 2516 attingat.
1860 2456 1865 2461 '

112 2533 422 2608 Praegrandis
450 2530 675 2609 hujusce
699 2536 878 2609 operis
897 2534 951 2593 in
976 2536 1458 2595 Retractationibus
1489 2537 1631 2593 nulla
1652 2537 1713 2594 fit
1750 2538 1983 2606 mentio;
2019 2536 2155 2598 forte
2180 2541 2322 2612 quia,
2355 2541 2428 2599 uti
2458 2542 2820 2605 Lovanienses
2841 2547 3151 2621 observant,
3177 2566 3308 2625 pro-

59 2626 149 2696 prie
170 2626 377 2699 epistola
404 2638 510 2696 est,
537 2644 646 2686 non
666 2626 822 2687 liber.
852 2626 963 2686 Nec
986 2644 1203 2685 movere
1238 2622 1397 2686 debet
1420 2629 1563 2702 quod
1580 2628 1653 2687 ibi
1680 2633 2023 2687 recensentur
2050 2631 2141 2703 qui
2181 2629 2339 2703 longe
2378 2634 2591 2691 brevior
2617 2636 2749 2702 isto.
2784 2646 2841 2695 et
2861 2639 3101 2712 epistolae
3139 2622 3314 2715 forma

60 2721 228 2790 pariter
252 2722 479 2797 scriptus
508 2731 613 2794 est,
640 2721 778 2782 liber
804 2722 858 2779 in
887 2721 1205 2781 Petilianum
1232 2723 1433 2797 primus
1468 2741 1479 2777 :
1513 2723 1709 2796 quippe
1738 2722 1942 2794 primus
1966 2722 2069 2780 iste
2098 2724 2235 2783 liber
2257 2740 2380 2782 cum
2422 2727 2658 2787 secundo
2686 2737 2743 2786 et
2770 2730 2926 2788 tertio
2957 2741 3099 2791 totus
3121 2734 3305 2793 colla:-

59 2822 142 2884 rct,
167 2831 374 2890 eamque
399 2817 474 2876 ob
496 2831 712 2873 causam
736 2815 1040 2874 necessario
1065 2816 1206 2873 inter
1230 2814 1394 2873 libros
1416 2814 1630 2883 habitus
1654 2830 1867 2886 semper
1892 2815 2009 2871 fuit.
2664 2882 2669 2887 ν

115 2908 205 2967 Sed
229 2919 347 2967 sunt
372 2911 477 2969 alia
500 2952 517 2980 ,
546 2927 653 2970 non
677 2910 1003 2981 diffitemur,
1021 2925 1141 2984 qua:
1161 2924 1260 2968 nos
1280 2909 1367 2967 hic
1395 2919 1662 2966 moveant.
1681 2908 1921 2965 Primum
1943 2911 2277 2969 salutationis
2303 2912 2529 2973 formula
2548 2957 2569 2985 ,
2594 2914 2754 2973 Salus
2780 2934 2893 2990 ante
2912 2919 2969 2975 in
2989 2917 3190 2979 Christo
3210 2932 3285 2979 est

58 3012 162 3071 etc.,
193 3019 323 3062 nova
346 3004 647 3077 Augustino
673 3012 729 3062 et
754 3004 1027 3062 inusitata.
1060 3002 1260 3061 Deinde
1285 3001 1648 3071 transitiones,
1676 3001 1857 3072 figurae
1882 3044 1901 3071 ,
1924 3017 1987 3060 ac
2015 3002 2310 3061 locutiones
2335 3008 2533 3078 passim
2558 3008 2886 3083 hielegantes
2908 3022 2965 3071 et
2985 3014 3307 3086 impropria,

60 3092 269 3167 Exempli
306 3096 511 3169 gratia,
537 3111 655 3168 cap.
684 3096 738 3165 6,
769 3112 826 3153 n.
870 3096 963 3165 ll,
994 3102 1054 3153 ut
1076 3093 1146 3151 ad
1184 3092 1475 3165 Scriptura:
1519 3093 1821 3151 testimonia
1863 3094 2106 3151 veniatur
2139 3114 2151 3151 :
2187 3097 2230 3151 0
2263 3096 2569 3169 Doualislw,
2610 3100 2839 3161 Gerusian
2884 3104 3057 3177 legite.
3091 3105 3225 3179 Cap.
3248 3109 3303 3176 8,

58 3202 101 3239 ιι.
120 3186 175 3244 21
208 3205 220 3243 :
253 3191 373 3259 Quis
393 3200 503 3246 tam
522 3188 693 3247 devius
718 3198 767 3245 et
793 3187 1046 3247 absurdus
1074 3198 1145 3247 est
1173 3204 1204 3243 α
1233 3187 1414 3243 divinis
1440 3186 1671 3258 eloquiis.
1696 3185 1825 3258 Cap.
1859 3188 1948 3256 15,
1982 3204 2034 3242 ιι.
2064 3189 2132 3245 ’58
2165 3207 2176 3243 :
2209 3190 2278 3246 Ut
2305 3192 2359 3246 in
2388 3192 2513 3263 ipsis
2545 3211 2739 3267 quoque
2775 3196 3158 3257 adnurabilibus
3181 3219 3302 3257 san-

59 3280 146 3334 ctis.
171 3278 396 3339 Ibidem:
429 3280 541 3338 Sed
567 3289 772 3354 aspectu
810 3290 859 3338 et
880 3281 1060 3339 auditu
1078 3282 1251 3353 justus
1279 3279 1567 3336 inhabitans
1604 3278 1826 3336 animam
1839 3281 2035 3352 justam
2082 3282 2269 3355 iniquis
2292 3283 2512 3343 aliorum
2537 3286 2840 3357 [actionibus
2862 3292 3139 3349 cruciabat.
3170 3292 3304 3366 Cap.

58 3369 128 3440 24,
153 3390 200 3441 ιι.
229 3373 331 3433 69;
365 3374 433 3433 Ut
458 3376 671 3431 multum
695 3390 861 3433 causa:
885 3382 1070 3431 nostra:
1095 3373 1341 3429 minuam.
1370 3371 1579 3430 Ibidem
1618 3388 1631 3425 :
1667 3369 1768 3437 Qui
1814 3372 2155 3443 tergiversaris
2189 3375 2442 3445 quomodo
2474 3378 2788 3448 suscipiatis.
2820 3382 2952 3453 Cap.
2983 3383 3081 3452 25,
3103 3400 3160 3439 ιι,
3193 3385 3301 3442 73:

59 3464 162 3524 Cum
177 3468 407 3528 adversus
436 3470 667 3527 homines
691 3468 825 3527 male
845 3467 940 3526 sibi
957 3486 989 3524 a
1012 3467 1217 3541 collegis
1237 3467 1539 3525 insinuatas.

114 3559 269 3620 Movet
287 3564 445 3623 etiam
472 3563 617 3635 quod
647 3561 788 3620 idem
816 3561 931 3634 ipse
949 3556 1045 3634 qui
1083 3561 1138 3617 in
1163 3560 1330 3633 Epist.
1356 3558 1448 3628 9.5,
1476 3575 1533 3615 ιι.
1561 3558 1619 3628 4,
1645 3566 1700 3615 et
1726 3557 1822 3625 lib.
1849 3559 1876 3614 1
1910 3566 2095 3619 contra
2125 3557 2474 3618 Cresconium
2502 3603 2517 3630 ,
2559 3578 2677 3635 cap.
2722 3565 2812 3631 3i,
2836 3582 2930 3626 nn.
2957 3568 3028 3627 36
3052 3609 3066 3635 ,
3098 3569 3190 3638 57,
3217 3571 3307 3629 ἀί.

28 3696 29 3699 η
58 3663 176 3711 serta
192 3655 717 3715 doeetSamaritanos
738 3654 989 3711 breresim
1014 3669 1112 3711 seu
1140 3654 1421 3711 increticos
1447 3650 1759 3709 Judmorum
1778 3666 1897 3710 esse
1919 3666 1934 3717 ;
1961 3652 2015 3707 in
2043 3651 2198 3723 hujus
2236 3652 2354 3710 libri
2380 3655 2552 3725 capite
2583 3656 2651 3712 15
2670 3696 2693 3724 ,
2716 3673 2770 3712 ιι.
2798 3658 2870 3716 3'5
2887 3700 2907 3726 ,
2932 3660 3067 3718 nolit
3089 3670 3149 3718 ut
3175 3678 3303 3736 pars

58 3745 132 3803 illa
155 3752 321 3822 populi
347 3767 468 3824 quae
496 3765 530 3806 a
553 3765 718 3822 regno
745 3748 885 3809 luda
928 3748 1100 3809 scissa
1121 3756 1243 3817 est,
1277 3757 1526 3823 tanquam
1560 3745 1782 3803 haeresis
1823 3746 2142 3817 deputetur,
2190 3746 2485 3817 praesertim
2528 3764 2659 3807 vero
2689 3751 2791 3809 bac
2845 3752 3022 3810 nitens
3072 3757 3302 3828 ratione,

60 3840 160 3909 quia
193 3850 426 3916 separata
468 3853 555 3903 est
586 3842 810 3915 iubente
864 3841 1001 3911 Deo,
1054 3840 1149 3914 qui
1190 3857 1463 3913 nunquam
1511 3839 1700 3912 jubeat
1755 3838 2007 3898 lmresim
2057 3838 2196 3908 ﬁeri,
2243 3839 2436 3912 quique
2480 3856 2704 3913 regnum
2756 3843 2919 3901 dividi
2970 3851 3305 3921 praeceperit,

60 3945 143 3988 non
169 3936 484 4010 religionem.
516 3936 634 4006 Quo
666 3935 786 3993 loco
814 3934 1166 4009 Augustinum
1196 3949 1231 3991 an
1254 3934 1403 4003 viro,
1432 3943 1493 3992 ut
1514 3934 1692 4007 aitait,
1723 3949 1831 3992 non
1857 3933 2073 3991 indocto
2115 3933 2503 4006 reprehensum
2545 3936 2813 3994 vindicare
2838 3950 3096 3999 constitui
3123 3944 3294 4002 Leva-

60 4040 259 4086 IIIBDSCS.

114 4119 444 4182 Observamus
483 4124 703 4198 insuper
751 4121 1039 4199 Scriptum
1094 4124 1243 4187 locos
1285 4124 1373 4183 hic
1427 4139 1539 4182 nou
1584 4125 1734 4198 juxta
1787 4124 2081 4184 solemnem
2136 4128 2438 4187 versionem
2463 4128 2653 4186 citatos
2676 4169 2691 4195 ,
2736 4137 2939 4202 utcap.
2963 4130 3027 4186 ti
3054 4170 3069 4198 ,
3099 4147 3155 4186 ιι.
3182 4130 3253 4188 29
3278 4171 3297 4196 .

60 4227 112 4270 ex
130 4218 235 4275 Act.
260 4235 298 4290 ι,
348 4221 416 4277 14
448 4218 564 4276 :Hi
599 4235 771 4276 omnes
808 4230 955 4281 erant
999 4223 1321 4277 aurulenta
1359 4220 1621 4277 unanimes
1657 4220 1893 4275 orationi.
1916 4218 2073 4287 lbid.,
2102 4237 2158 4276 ιι.
2187 4222 2288 4289 50,
2321 4238 2387 4280 ex
2408 4224 2526 4278 Act.
2559 4239 2645 4289 Ix,
2675 4223 2744 4278 15
2776 4240 2790 4276 :
2823 4221 2891 4278 Ut
2920 4231 3082 4293 portet
3111 4238 3296 4279 nomen

60 4323 197 4366 meum
222 4296 386 4369 coram
405 4313 657 4388 gentibus,
688 4313 952 4387 stragibus
976 4352 993 4381 ,
1020 4321 1069 4369 et
1097 4313 1219 4384 [iliis
1241 4311 1408 4368 Israel
1438 4312 1775 4384 nmgni/icari.
1808 4311 1965 4378 lbid.,
1997 4329 2062 4368 ex
2083 4317 2205 4370 Act.
2234 4330 2264 4368 κ
2286 4353 2302 4381 ,
2332 4315 2396 4370 ll
2429 4332 2442 4369 :
2475 4314 2741 4386 Tanquam
2775 4316 2983 4370 linteum
3010 4316 3298 4387 limpidum.

28 4414 31 4449 ι
61 4399 166 4473 Cap.
194 4405 255 4462 lii
275 4448 290 4475 ,
317 4423 369 4464 ιι.
398 4408 493 4479 42,
516 4423 585 4465 ex
605 4407 805 4466 Ezech.
836 4421 1039 4477 usus,
1062 4406 1097 4463 5
1119 4446 1134 4475 ,
1168 4404 1434 4477 Numquid
1466 4416 1521 4460 tu
1543 4406 1719 4461 melior
1744 4423 1897 4479 quant
1931 4405 2162 4462 Daniel?
2188 4406 2277 4464 ubi
2303 4408 2476 4479 legere
2503 4408 2663 4476 solet,
2711 4409 3007 4479 sapiemior,
3037 4417 3097 4465 ut
3118 4409 3301 4465 videre

60 4494 192 4553 estin
213 4497 372 4571 Epist.
395 4501 523 4569 lli,
550 4516 606 4557 ιι.
623 4500 678 4557 ι.
692 4499 932 4574 Denique
955 4499 1059 4557 etsi
1077 4497 1264 4559 statuit
1288 4497 1438 4557 initio
1467 4495 1589 4552 libri
1613 4496 1812 4552 relictis
1839 4496 2100 4568 ambiguis
2126 4508 2356 4569 apertum
2374 4498 2566 4569 aliquid
2586 4514 2687 4570 quo
2706 4499 3051 4571 manifestetur
3071 4500 3302 4555 Ecclesia

60 4587 407 4661 requirendum;
428 4593 753 4651 sententiam
784 4601 965 4648 tamen
989 4590 1132 4648 illam
1157 4605 1224 4648 ex
1252 4589 1377 4645 lsai.
1403 4604 1541 4658 uit,
1567 4589 1603 4646 L
1633 4631 1648 4658 ,
1677 4588 1893 4646 insolito
1916 4588 2077 4646 modo
2105 4589 2509 4663 interpretatum
2532 4632 2547 4659 ,
2579 4589 2735 4646 Terra
2761 4603 2849 4647 tua
2875 4592 3008 4647 orbis
3052 4602 3300 4649 terrarum

59 4676 183 4749 (qua
205 4682 410 4755 quidem
435 4686 615 4759 ipsum
641 4700 867 4759 usquam
894 4683 1029 4743 alias
1056 4698 1213 4745 usum
1237 4689 1427 4740 contra
1452 4682 1756 4741 Donatistas
1784 4697 1892 4740 non
1912 4681 2334 4756 recordamur),
2358 4683 2596 4755 adhibet,
2621 4699 2742 4757 cap.
2772 4685 2827 4754 7,
2855 4701 2911 4740 ιι.
2935 4685 3035 4752 t9;
3062 4700 3181 4757 cap.
3201 4686 3297 4755 ει,

60 4782 105 4822 ιι.
131 4772 210 4841 70,
234 4785 286 4833 et
310 4793 406 4852 cap
427 4780 522 4849 25,
553 4796 609 4836 ιι.
639 4777 731 4837 75.

30 4796 210 4943 fulix,
234 4796 611 4944 ἓέῡέὓὲιιωέεῗι.
803 4887 859 4927 ιι.
888 4870 979 4938 68,
1022 4868 1115 4927 ubi
1157 4867 1404 4941 oliicitur
1444 4882 1583 4940 aqua
1618 4882 1738 4939 quae
1781 4866 1851 4925 de
1900 4866 2066 4925 latere
2116 4866 2325 4924 Domini
2380 4869 2667 4940 profluxit,
2694 4850 2697 4853 λ
2720 4868 3075 4941 signiﬁcatum
3119 4870 3299 4942 Bapti-

27 5004 35 5021 ,
61 4964 243 5027 smum;
269 4962 551 5035 respondet
570 4962 627 5020 id
646 4962 822 5021 adhuc
849 4960 991 5019 forte
1013 4959 1325 5033 diligentius
1359 4957 1733 5031 requirendum
1762 4972 1886 5015 esse
1928 4976 1940 5013 ε
1968 4972 2091 5015 cum
2117 4958 2219 5015 hoc
2243 4958 2418 5031 ipsum
2446 4969 2695 5031 tauquam
2721 4969 3055 5032 compertum
3083 4960 3296 5019 trudere

62 5053 106 5100 et
124 5047 367 5112 inculcare
384 5056 573 5126 soleat,
600 5064 661 5114 ut
681 5055 861 5115 Tract.
877 5054 933 5123 9,
953 5063 1008 5115 et
1034 5052 1212 5111 Tract.
1236 5051 1340 5111 120
1366 5051 1423 5109 ἰιι
1444 5050 1725 5117 Joannem,
1771 5059 1828 5107 et
1851 5066 2018 5108 ιρι-ιιι.
2038 5049 2165 5120 218,
2184 5049 2252 5108 de
2275 5051 2531 5111 Passione
2550 5051 2780 5121 Domini,
2816 5068 2872 5108 ιι.
2896 5053 2984 5110 14.
3023 5054 3300 5111 Postremo

65 5141 183 5206 quod
203 5144 295 5203 sub
317 5147 435 5207 libri
462 5149 623 5208 finem
646 5150 859 5222 legitur,
888 5147 1131 5209 nondum
1152 5162 1182 5203 a
1212 5145 1391 5204 radice
1424 5144 1704 5217 praecisum
1735 5159 1861 5201 eum
1879 5158 1999 5202 esse
2021 5186 2039 5212 ,
2064 5144 2155 5217 qui
2180 5143 2318 5201 mala
2345 5144 2634 5217 cupiditate
2659 5147 2770 5218 agit
2809 5161 2972 5217 opera
2998 5163 3120 5220 quin
3150 5163 3180 5203 a
3208 5162 3301 5204 re-

64 5243 150 5299 gno
173 5235 258 5296 Dei
279 5243 581 5313 ειοιιιιιιιηι,
602 5242 834 5302 simodo
860 5257 975 5301 non
987 5257 1091 5315 pro,
1106 5241 1241 5314 ipsis.
1257 5238 1509 5312 operibus
1526 5238 1686 5295 etiam
1713 5236 1929 5295 veritati
1953 5237 2303 5309 apertissima:
2318 5238 2556 5311 resistat,
2580 5238 2891 5298 nonnullam
2916 5238 3302 5299 (ﬁlioamictu

64 5323 198 5390 aliert
213 5332 331 5396 dum
351 5346 691 5414 conuiuatur
714 5336 785 5397 ad
811 5336 1009 5397 librum
1034 5335 1077 5395 2
1097 5343 1287 5397 contra
1307 5331 1676 5403 Cresconium,
1700 5344 1825 5403 cap.
1854 5328 1947 5388 21.

27 5596 33 5637 τ
280 5568 287 5571 “
408 5570 466 5623 α’
539 5647 578 5657 η
