3792 6164
503 285 3766 352 Em

1368 455 1519 533 AD
1573 457 2079 533 CATHOLI
2093 455 2293 531 COS
2340 455 2880 534 EPISTULA

1699 611 2024 680 CONTRA
2063 610 2568 676 DONATISTAS

2017 753 2252 814 Ἣ]ωο

907 904 1181 1063 DE
1309 907 2164 1065 UNITATE
2306 898 3334 1060 ECCLESIZE

1640 1133 2130 1250 LIBER
2200 1130 2317 1239 Π
2303 1132 2420 1238 Ν
2431 1133 2641 1245 US.

1921 1335 2395 1396 «ΜΦ-σῶα

556 1485 797 1558 eum?“
817 1484 1110 1558 μυφειίριλοε
1131 1483 1264 1558 situs
1278 1474 2917 1558 Christiﬁsslsfiaﬂ’ﬂiﬂlli’llﬁ,?".ilt'1‘!.9233}i§‘9§2_9999.'§‘9
3137 1493 3202 1558 sx
3223 1493 3379 1558 βθίξω
3399 1484 3660 1558 scrtum
3679 1465 3766 1558 ξοάέ

501 1541 660 1599 θετιΞὲ
695 1555 746 1597 et
788 1541 930 1597 claris
966 1544 1294 1609 deﬁniendum
1317 1557 1329 1592 :
1353 1541 1661 1609 proferuntur
1685 1541 1889 1609 primum
1914 1541 2188 1588 testimonia
2211 1551 2274 1587 ex
2290 1544 2613 1609 Instrumenta
2629 1547 2802 1591 vetere
2817 1553 2874 1590 ac
2890 1554 3017 1609 novo
3037 1545 3415 1609 quamplurima,
3433 1541 3620 1609 quibus
3632 1555 3766 1596 cetera

501 1612 630 1660 ditur
671 1609 837 1659 doceri
877 1607 1132 1658 evidenter
1155 1620 1212 1656 ac
1233 1600 1388 1665 certo,
1425 1600 1904 1668 mdesi_am'_thisti_
1929 1612 2225 1668 verameam
2242 1613 2390 1668 esse,
2414 1612 2527 1668 quae
2550 1607 2652 1651 ιουο
2681 1609 2921 1653 terrarum
2949 1600 3072 1654 orbé
3107 1605 3155 1656 dt

3291 1608 3407 1657 itur.
3431 1608 3626 1657 Deinde
3658 1622 3766 1670 vero,

500 1686 612 1735 quae
635 1684 782 1734 pauca
806 1683 868 1720 ex
909 1668 1080 1735 iisdem
1113 1667 1355 1735 canonicis
1375 1661 1641 1727 scripturis
1675 1661 1908 1735 objectari
1938 1673 1986 1735 ar
2011 1661 2329 1735 schismaticis
2369 1661 2532 1735 solent
2563 1676 2664 1735 pro_
2684 1669 3033 1735 parte__t)onati
3051 1701 3070 1735 ρ
3095 1680 3157 1718 ea
3177 1675 3230 1735 e_t
3249 1670 3487 1735 ambigua
3511 1661 3766 1735 incertaque

501 1721 648 1792 esse;
659 1741 711 1794 et
732 1745 822 1794 per
836 1745 894 1782 se
916 1730 976 1780 ad
1001 1743 1170 1794 eorum
1191 1729 1421 1794 tuendam
1443 1721 1653 1794 causam,
1679 1721 1790 1794 eum
1812 1724 2007 1794 ratione.
2023 1723 2260 1794 contraria
2284 1721 2515 1794 explicari
2538 1721 2740 1794 possint,
2764 1725 2951 1794 nullum
2993 1721 3142 1780 robur
3196 1721 3413 1782 habere?
3439 1721 3766 1784 Donatistarum

499 1783 647 1846 etiam
667 1783 746 1845 (ιε’
756 1794 1033 1854 traditione,
1058 1792 1122 1842 de
1145 1792 1508 1855 persecutione,
1531 1783 1740 1846 aliaeue
1764 1787 1814 1835 in
1829 1783 2095 1835 catholicos
2112 1783 2365 1836 calumniai
2387 1785 2499 1862 data
2513 1783 2767 1838 deusione
2786 1788 3080 1842 refutantur.

497 1923 831 1978 Auensrmus
866 1920 1147 1990 episcopus
1170 1960 1186 1985 ,
1217 1914 1576 1973 dilectissimis
1604 1912 1859 1968 fratribus
1886 1909 1954 1966 ad
1987 1924 2091 1966 no-

569 2022 695 2069 stra:
715 2011 1126 2083 dispensationis
1145 2025 1326 2065 curam
1352 2005 1740 2080 pertinentibus
1760 2022 1774 2058 :
1793 2002 1950 2059 Salus
1969 2015 2091 2073 quae

569 2105 624 2160 in
651 2104 869 2160 Christo
906 2111 1010 2171 est,
1040 2111 1095 2158 et
1117 2116 1223 2173 pax
1248 2099 1469 2156 unitatis
1497 2107 1551 2153 et
1577 2094 1852 2152 charitatis
1879 2093 1996 2164 ejus
2020 2091 2091 2147 sit

569 2196 879 2264 vobiscum,
919 2203 975 2250 et
1012 2193 1220 2264 integer
1261 2191 1480 2262 spiritus
1517 2197 1695 2245 vester
1732 2195 1788 2243 et
1819 2185 1994 2241 anima
2031 2190 2089 2238 et

569 2306 764 2362 corpus
802 2290 856 2346 in
894 2288 1039 2345 diem
1078 2285 1292 2343 Domini
1328 2284 1498 2341 nostri
1522 2282 1653 2340 Jesu
1679 2279 1880 2339 Christi
1905 2292 2087 2335 serve-

568 2393 675 2440 tur.

569 2473 795 2532 CAPUT
833 2471 1119 2531 PRlMUM.
1141 2500 1212 2513 —
1233 2471 1286 2526 l.
1325 2468 1660 2535 Meministis,
1680 2466 1871 2524 fratres
1889 2504 1905 2532 ,
1935 2461 2086 2520 Peti-

499 2568 628 2624 liani
659 2569 1054 2625 Donatistarum
1082 2564 1569 2632 Constantiniensis
1596 2561 1831 2633 episcopi
1859 2573 2083 2633 perpar-

495 2675 617 2714 vam
667 2659 918 2730 Epistolas
963 2665 1166 2730 partem
1212 2658 1284 2712 in'
1312 2671 1501 2713 manus
1543 2663 1754 2711 nostras
1799 2647 2086 2723 aliquando

497 2750 741 2816 veisse,
784 2749 939 2821 eique
981 2748 1253 2820 particula:
1292 2747 1435 2818 quod
1473 2743 1907 2817 responderimus
1947 2739 2084 2796 scri-

495 2841 669 2912 psisse
708 2856 795 2897 me
831 2839 899 2898 ad
937 2839 1284 2896 Dilectionem
1325 2846 1572 2893 vestram.
1614 2835 1721 2894 Sed
1746 2849 1869 2890 cum
1900 2839 2084 2904 postea

495 2940 606 2988 tota
633 2940 688 2987 et
712 2932 870 3003 plena
897 2930 1052 2986 nobis
1076 2945 1107 2984 a
1135 2929 1388 2985 fratribus
1409 2929 1498 2999 qui
1524 2928 1595 2984 ibi
1616 2937 1741 2983 sunt
1761 2924 2080 2992 mitteretur,

495 3024 698 3094 placuit
721 3023 770 3079 ei
798 3023 867 3078 ab
893 3021 1115 3078 exordio
1140 3019 1486 3092 respondere,
1516 3027 1764 3089 tanquam
1793 3022 2084 3088 praesentes

497 3131 776 3189 ageremus
803 3133 817 3171 :
841 3114 1290 3186 quemadmodum
1319 3128 1532 3184 semper
1559 3112 1706 3168 scitis
1735 3125 1832 3167 nos
1860 3125 1982 3166 cum
2002 3109 2084 3166 eis

495 3222 656 3280 agere
696 3206 928 3264 voluisse
951 3249 968 3275 ,
995 3215 1056 3262 ut
1079 3205 1197 3262 sine
1224 3203 1403 3260 studio
1429 3203 1817 3270 contentionis,
1846 3200 1973 3274 quid
1997 3199 2082 3257 vel

493 3301 564 3356 ab
592 3300 721 3372 ipsis
749 3299 831 3356 vel
857 3315 887 3355 a
915 3298 1068 3355 nobis
1095 3297 1304 3354 dicatur
1327 3338 1343 3366 ,
1370 3298 1560 3353 collata
1587 3296 1942 3368 disputatione
1965 3309 2083 3350 om-

498 3392 655 3449 nibus
691 3400 996 3464 appareret.
1035 3388 1094 3445 In
1135 3391 1422 3446 multorum
1461 3388 1605 3446 enim
1650 3387 1895 3444 manibus
1934 3386 2081 3443 illam

496 3481 788 3553 Epistolam
813 3498 933 3538 esse
965 3480 1268 3546 didicimus,
1291 3480 1381 3552 qui
1401 3481 1565 3537 etiam
1587 3479 1752 3535 multa
1772 3494 1839 3536 ex
1864 3477 1952 3534 illa
1977 3493 2085 3535 me-

497 3575 720 3630 moriter
763 3581 979 3638 tenent,
1006 3570 1207 3643 aliquid
1270 3587 1454 3627 verum
1523 3570 1778 3627 adversus
1818 3585 1918 3626 nos
1959 3584 2083 3626 eum

494 3668 694 3724 dixisse
723 3667 1061 3723 arbitrantes.
1093 3665 1200 3722 Sed
1231 3679 1372 3720 nunc
1399 3664 1445 3720 si
1475 3665 1650 3736 legere
1675 3665 1940 3720 voluerint
1961 3677 2083 3734 quae

498 3759 872 3830 respondimus
895 3799 912 3826 ,
945 3757 1187 3830 profecto
1216 3756 1512 3827 intelligent
1540 3755 1667 3827 quid
1698 3755 1800 3811 sibi
1827 3755 2084 3826 abjicien-

494 3851 662 3917 dum,
693 3859 749 3906 et
781 3849 907 3921 quid
939 3848 1223 3906 tenendum
1260 3847 1349 3903 sit.
1383 3846 1564 3918 Neque
1597 3847 1740 3902 enim
1781 3846 1871 3901 illa
1901 3856 2083 3904 nostra

495 3951 652 4008 sunt,
697 3941 830 3996 sicut
870 3940 969 4011 ipsi
1009 3948 1230 4011 possunt
1267 3938 1634 4006 considerare,
1682 3939 1728 3994 si
1765 3939 1929 3995 velint
1967 3940 2084 3997 sine

495 4033 671 4091 studio
707 4033 936 4104 partium
970 4032 1212 4104 judicare
1243 4051 1256 4088 :
1288 4047 1410 4088 nam
1451 4031 1518 4088 de
1558 4031 1849 4103 Scriptnris
1884 4033 2083 4090 sanctis

495 4129 566 4184 ita
609 4137 734 4184 sunt
761 4127 942 4185 omnia
973 4127 1177 4198 prolata
1204 4134 1258 4182 et
1282 4126 1502 4197 probata
1529 4169 1544 4195 ,
1573 4136 1630 4182 ut
1658 4141 1721 4182 ea
1752 4141 1948 4198 negare
1973 4141 2082 4183 non

495 4223 703 4294 possit,
743 4222 843 4277 nisi
882 4220 970 4292 qui
1011 4221 1225 4276 illarum
1269 4218 1666 4291 Scripturarum
1707 4235 1768 4276 se
1810 4219 2081 4275 inimicum

496 4331 616 4371 esse
658 4315 956 4386 protitetnr.
1003 4313 1109 4368 Sed
1142 4313 1210 4369 de
1238 4313 1330 4369 illo
1362 4329 1524 4385 opere
1554 4323 1738 4369 nostro
1768 4312 1922 4368 video
1955 4312 2082 4384 quid

498 4408 704 4480 possint
747 4407 926 4463 dicere
965 4407 1105 4462 illius
1144 4415 1251 4462 tam
1284 4407 1438 4462 malae
1469 4422 1644 4463 causa:
1673 4408 2083 4478 pertinacissimi

497 4499 808 4556 defensores
834 4518 848 4555 :
872 4514 958 4554 me
997 4498 1248 4554 videlicet
1284 4499 1521 4554 absentis
1565 4499 1818 4571 Epistulae
1857 4515 2082 4572 respon-

497 4593 642 4649 disse
662 4635 679 4661 ,
711 4591 799 4648 ubi
827 4590 988 4646 verba
1019 4605 1134 4645 mea
1165 4590 1257 4646 ille
1287 4605 1391 4646 non
1421 4591 1659 4658 audiret,
1686 4591 1879 4661 quibus
1907 4592 2082 4648 conti-

499 4702 607 4741 nuo
636 4683 1002 4756 responderet.
1036 4680 1296 4738 Defendat
1319 4697 1450 4753 ergo
1475 4683 1638 4738 verba
1664 4681 1920 4754 Epistulae
1949 4697 2080 4752 suae,

503 4786 577 4840 et,
614 4777 658 4831 si
691 4784 900 4846 potest,
941 4772 1191 4830 ostendat
1227 4773 1664 4843 responsionibus
1703 4775 1838 4831 meis
1878 4790 1982 4832 non
2018 4791 2082 4834 ea

501 4865 664 4920 fuisse
693 4869 916 4921 refutatu
958 4878 1118 4937 atque
1146 4863 1409 4920 convicta.
1452 4865 1555 4919 Aut
1584 4865 1628 4919 si
1665 4864 1766 4921 hoc
1793 4883 1900 4922 non
1929 4867 2080 4937 vult,

501 4959 660 5014 faciat
683 4967 738 5014 et
762 4961 876 5029 ipse
901 4959 1024 5014 huic
1049 4959 1304 5030 Epistolaa
1329 4973 1482 5023 mete,
1507 4957 1648 5028 quod
1674 4974 1774 5031 ego
1799 4961 1870 5016 illi
1895 4962 2081 5032 ipsius,

498 5051 583 5106 cui
609 5051 718 5121 jam
748 5051 1019 5123 respondi.
1051 5051 1198 5107 Illam
1225 5051 1420 5122 quippe
1443 5051 1744 5120 scripsitad
1770 5067 1915 5118 suos,
1946 5053 2085 5110 sicut

497 5158 600 5214 ego
627 5144 762 5198 hanc
791 5144 857 5198 ad
885 5159 978 5198 vos
1003 5160 1017 5198 :
1040 5143 1125 5199 cui
1153 5145 1198 5199 si
1228 5144 1352 5200 velit
1375 5143 1536 5200 etiam
1567 5143 1681 5215 ipse
1706 5145 2043 5215 reSpondeat.

466 5233 476 5243 ’
568 5234 794 5291 CAPUT
834 5233 898 5290 Il.
919 5265 990 5279 —-
1008 5235 1064 5290 2.
1086 5236 1321 5303 Qumstio
1347 5245 1494 5292 certe
1517 5237 1654 5292 inter
1677 5251 1775 5291 nos
1801 5249 2044 5294 versatur
2064 5280 2081 5308 ,

498 5325 600 5384 Ubi
629 5325 698 5382 sit
723 5325 994 5395 Ecclesia;
1020 5335 1196 5382 utrum
1221 5327 1358 5399 apud
1385 5343 1504 5396 nos,
1531 5344 1597 5383 an
1622 5328 1759 5398 apud
1787 5329 1924 5384 illos.
1953 5329 2083 5399 Qua:

496 5421 680 5492 utique
707 5435 811 5475 una
838 5428 920 5477 est
941 5461 958 5489 ,
988 5435 1148 5492 quam
1173 5420 1403 5492 majores
1431 5422 1598 5477 nostri
1625 5421 1950 5478 Catholicam
1978 5437 2079 5478 no-

2197 1910 2470 1967 minarunt
2493 1953 2509 1979 ,
2543 1921 2602 1967 ut
2638 1927 2704 1970 ex
2735 1914 2852 1986 ipso
2879 1917 3098 1974 nomine
3126 1919 3482 1977 ostenderent
3507 1963 3524 1990 ,
3554 1922 3669 1993 quia
3693 1935 3766 1992 per

2195 2012 2366 2061 totum
2395 2015 2498 2062 est.
2525 2006 2830 2066 Secundum
2859 2020 3028 2068 totum
3055 2015 3221 2083 enim,
3249 2016 3354 2070 καθ’
3379 2023 3493 2070 ὅλον
3518 2031 3685 2087 ενι-ποθ
3706 2016 3766 2069 di.

2193 2095 2351 2152 citur.
2397 2097 2525 2155 Haec
2553 2109 2730 2157 autem
2768 2100 3008 2160 Ecclesia
3039 2119 3235 2177 corpus
3272 2106 3477 2164 Christi
3507 2118 3627 2175 est,
3657 2108 3766 2166 sicut

2192 2188 2485 2259 Apostolus
2523 2190 2653 2248 dicit
2681 2211 2696 2250 :
2728 2192 2837 2249 Pro
2873 2211 3087 2266 corpore
3122 2197 3253 2269 ejus,
3294 2215 3409 2270 qua
3441 2211 3523 2256 cst
3569 2187 3766 2256 Ecclesia

2192 2277 2412 2353 (Coloss.
2439 2297 2478 2350 ι,
2504 2281 2620 2355 24).
2647 2282 2802 2341 Unde
2826 2287 3010 2359 utique
3037 2289 3378 2345 manifestum
3407 2301 3520 2359 est,
3553 2308 3668 2348 eum
3694 2289 3765 2362 qui

2191 2387 2299 2429 non
2327 2382 2411 2431 est
2436 2373 2492 2430 in
2519 2375 2779 2432 membris
2801 2376 3025 2446 Christi,
3055 2378 3402 2436 christianam
3426 2383 3660 2439 salutem
3684 2383 3761 2436 ba-

2190 2464 2320 2522 bere
2349 2481 2455 2523 non
2476 2482 2653 2538 posse.
2677 2469 2915 2528 Membra
2935 2487 3066 2528 vero
3083 2471 3281 2530 Christi
3305 2490 3401 2546 per
3420 2476 3642 2531 unitatis
3660 2476 3765 2529 cha-

2189 2561 2404 2618 ritatem
2443 2562 2545 2618 sibi
2582 2564 2939 2634 c0pnlantur,
2981 2574 3040 2622 et
3076 2581 3172 2636 per
3211 2567 3455 2624 eamdem
3503 2571 3658 2640 capiti
3684 2586 3760 2624 suo

2189 2651 2482 2722 cohaerent,
2509 2655 2651 2726 quod
2675 2664 2759 2712 est
2781 2655 3024 2713 Christus
3043 2656 3222 2715 Iesus.
3245 2659 3438 2716 Totum
3460 2661 3625 2732 igitur
3643 2659 3765 2732 quod‘

2189 2745 2539 2805 annuntiatur
2561 2747 2629 2803 de
2651 2745 2885 2817 Christo,
2907 2759 3071 2822 caput
3087 2760 3142 2807 et
3160 2765 3356 2822 corpus
3375 2762 3459 2809 est
3484 2772 3500 2808 :
3525 2765 3674 2826 caput
3691 2757 3765 2809 est

2190 2838 2304 2908 ipse
2341 2838 2646 2911 nnigenitus
2680 2840 2836 2896 Jesus
2871 2838 3118 2899 Christus
3156 2842 3322 2901 Filius
3363 2845 3458 2903 Dei
3501 2847 3638 2915 vivi,
3673 2847 3759 2916 ipu

2187 2928 2410 2984 salvator
2440 2931 2665 3001 corporis
2689 2929 2904 3004 (Ep/tes.
2937 2947 3004 3002 ν,
3029 2931 3124 3004 2'5)
3143 2976 3157 2999 ,
3187 2935 3276 3006 qui
3303 2946 3536 2992 mortuus
3564 2948 3634 2994 est
3658 2953 3765 3006 pro:

2189 3031 2301 3093 pter
2323 3022 2506 3079 delicta
2531 3033 2701 3080 nostra
2723 3064 2740 3092 ,
2767 3034 2816 3080 et
2843 3027 3117 3081 resurrexit
3145 3036 3350 3099 prapter
3363 3029 3757 3100 justiﬁcationem

2189 3121 2411 3169 nostram
2444 3115 2618 3186 (Rom.
2644 3130 2700 3171 tv
2721 3156 2737 3182 ,
2761 3114 2855 3188 25)
2887 3129 3120 3188 :corpus
3148 3119 3263 3190 ejus
3291 3118 3562 3190 Ecclesia,
3590 3121 3652 3177 de
3677 3137 3756 3189 qua

2187 3205 2403 3274 dicitur,
2434 3217 2491 3262 ut
2516 3209 2768 3264 exhiberet
2794 3209 2890 3264 sibi
2917 3209 3195 3283 glariosam
3225 3209 3535 3284 Ecclesium,
3566 3232 3661 3270 non
3686 3215 3759 3266 ha-

2187 3297 2382 3355 beutcm
2423 3300 2697 3368 maculam,
2742 3311 2830 3357 aut
2875 3319 3079 3375 rugam,
3125 3312 3214 3359 aut
3255 3303 3450 3377 aliquid
3488 3304 3765 3379 hujusmodi

2193 3390 2407 3463 (Ephes.
2435 3409 2487 3460 v,
2515 3393 2634 3465 27).
2663 3393 2807 3451 Inter
2828 3409 2931 3452 nos
2953 3404 3132 3453 autem
3158 3404 3214 3452 et
3233 3396 3542 3455 Donatistas
3564 3399 3759 3471 questio

2195 3492 2298 3550 est,
2330 3485 2420 3540 ubi
2450 3485 2520 3541 sit
2546 3484 2648 3542 hoc
2674 3501 2892 3558 corpus,
2919 3486 2973 3544 id
3002 3496 3106 3554 est,
3137 3487 3229 3544 ubi
3260 3488 3331 3544 sit
3355 3489 3618 3547 Ecclesia.
3646 3487 3756 3559 Quid

2193 3591 2322 3648 ergo
2347 3577 2536 3633 facturi
2562 3579 2788 3634 sumus?
2811 3579 2865 3635 in
2892 3579 3074 3636 verbis
3098 3579 3297 3636 nostris
3321 3595 3443 3637 eam
3467 3581 3753 3653 quaesituri,

2188 3684 2256 3725 an
2287 3670 2342 3726 in
2373 3670 2550 3726 verbis
2577 3671 2766 3742 capitis
2794 3671 2914 3740 sui,
2946 3671 3159 3728 Domini
3189 3672 3359 3728 nostri
3383 3671 3513 3729 Jesu
3543 3670 3758 3730 Christi?

2189 3762 2327 3820 Puto
2369 3761 2514 3836 quod
2553 3763 2608 3819 in
2648 3763 2788 3820 illius
2829 3763 3007 3835 potius
3032 3764 3212 3820 verbis
3246 3781 3367 3820 eam
3405 3781 3648 3837 quaerere
3679 3765 3755 3819 de-

2189 3855 2398 3924 bemus,
2426 3857 2516 3928 qui
2546 3856 2744 3914 veritas
2769 3868 2874 3926 est,
2899 3866 2956 3914 et
2982 3858 3184 3930 optime
3212 3860 3362 3916 novit
3385 3874 3586 3932 corpus
3608 3874 3755 3917 suum.

2191 3947 2347 4004 Nouit
2375 3949 2518 4006 enim
2547 3947 2799 4007 Dominus
2825 3951 2914 4022 qui
2939 3962 3057 4007 sunt
3082 3955 3193 4024 ejus
3220 3952 3288 4025 (ll
3318 3951 3452 4008 Tim.
3483 3971 3544 4023 ll,
3575 3954 3680 4024 l9).

2259 4041 2315 4096 5.
2353 4040 2484 4109 Qua:
2519 4040 2628 4098 sint
2664 4049 2842 4098 autem
2878 4044 3040 4101 verba
3075 4052 3254 4101 nostra
3275 4087 3290 4114 ,
3333 4045 3388 4101 in
3431 4047 3626 4118 quibus
3659 4059 3754 4101 eam

2187 4132 2355 4204 quaeri
2382 4147 2491 4188 non
2517 4141 2754 4204 oportet,
2785 4133 3069 4205 advertite,
3095 4145 3150 4193 et
3170 4135 3346 4194 videte
3371 4138 3532 4194 etiam
3563 4138 3630 4194 ibi
3654 4134 3753 4207 quid

2189 4225 2400 4282 intersit
2433 4227 2574 4283 inter
2607 4235 2789 4284 nostra
2827 4229 2991 4286 verba
3025 4237 3080 4286 et
3122 4229 3334 4286 illorum
3367 4249 3383 4287 :
3416 4241 3473 4290 et
3510 4241 3679 4288 tamen
3714 4231 3752 4282 in

2189 4318 2367 4375 verbis
2409 4319 2608 4376 nostris
2655 4319 2950 4377 Ecclesium
2989 4322 3155 4393 quaeri
3195 4322 3471 4380 nolumus.
3516 4319 3751 4394 Quidquid

2188 4411 2342 4467 nobis
2371 4411 2599 4469 invicem
2627 4412 2930 4484 objicimus,
2963 4413 3031 4470 de
3061 4414 3342 4472 traditione
3370 4416 3614 4473 codicum
3641 4413 3751 4470 divi-

2189 4519 2413 4572 norum,
2444 4505 2513 4562 de
2541 4505 2968 4576 thurificatione,
2998 4507 3067 4562 de
3099 4510 3590 4579 persecutionihus.
3617 4508 3749 4563 verba

2188 4605 2369 4652 nostra
2404 4606 2550 4654 sunt.
2592 4597 2660 4654 Et
2688 4597 2742 4654 in
2773 4598 2968 4655 talibus
2994 4599 3208 4671 quidem
3240 4616 3337 4656 nos
3365 4601 3508 4657 hunc
3536 4612 3751 4656 tenemus

2188 4687 2438 4755 modum,
2478 4698 2537 4745 ut
2572 4690 2657 4745 vel
2693 4701 2919 4763 utraque
2952 4706 3077 4748 vera
3115 4707 3236 4749 esse
3272 4694 3624 4764 deputentur.
3655 4691 3748 4746 sive

2188 4796 2307 4852 qua:
2334 4796 2364 4836 a
2402 4781 2576 4851 nobis,
2603 4783 2718 4839 sive
2741 4798 2862 4856 qua:
2887 4783 2956 4839 ab
2980 4782 3110 4855 ipsis
3139 4784 3410 4853 dicuntur,
3442 4787 3527 4841 vel
3555 4794 3749 4851 utraque

2189 4873 2342 4942 falsa,
2370 4875 2455 4932 vel
2482 4883 2663 4932 nostra
2689 4891 2816 4933 vera
2845 4885 2902 4934 et
2927 4891 3022 4934 sua
3053 4877 3208 4945 falsa,
3244 4879 3326 4935 vel
3358 4889 3540 4936 nostra
3570 4878 3683 4934 falsa
3709 4883 3746 4929 ct

2187 4981 2282 5024 sua
2307 4983 2454 5026 vera.
2481 4967 2551 5024 Et
2575 4968 2628 5026 in
2653 4968 2740 5027 his
2763 4969 3013 5028 omnibus
3033 4971 3240 5028 nullum
3261 4973 3466 5030 crimen
3493 4989 3608 5031 esse
3629 4972 3748 5028 orbis

2187 5057 2502 5129 christiani,
2545 5062 2630 5117 cui
2671 5077 2770 5118 nos
2806 5063 3268 5121 communicamus
3291 5105 3307 5132 ,
3338 5067 3678 5123 ostendimus.
3702 5061 3744 5117 Si

2187 5151 2329 5208 enim
2354 5167 2478 5210 vera
2503 5163 2627 5210 sunt
2651 5155 2874 5210 crimina
2899 5164 2954 5212 et
2978 5171 3100 5226 qua:
3124 5172 3154 5212 a
3181 5157 3337 5214 nobis
3360 5158 3414 5214 in
3437 5159 3556 5216 illos
3579 5167 3630 5214 et
3650 5168 3745 5225 quia

2187 5246 2258 5301 ab
2283 5246 2412 5316 ipsis
2443 5245 2496 5301 in
2517 5261 2617 5303 nos
2634 5246 2904 5316 dicuntur,
2926 5247 3186 5305 faciamus
3207 5249 3350 5321 quod
3369 5250 3447 5306 ait
3467 5248 3740 5322 Apostolus,

2192 5337 2449 5392 Douantes
2469 5337 2858 5412 nobismetipsis,
2883 5341 3014 5397 sicut
3032 5351 3080 5397 et
3100 5340 3240 5396 Deus
3266 5342 3320 5398 in
3343 5341 3547 5399 Christo
3571 5337 3742 5397 donarit

2190 5427 2334 5483 nobis
2363 5426 2578 5501 (Eplies.
2623 5447 2712 5500 tv,
2751 5431 2848 5502 32)
2887 5450 2902 5489 :
2939 5441 2998 5489 ut
3024 5433 3242 5506 maligni
3278 5434 3547 5505 homines,
3575 5449 3664 5491 nec
3683 5428 3738 5485 illi

1665 5530 1950 5572 ADIIONI'I'IO
1987 5532 2068 5570 PP.
2109 5532 2587 5577 Βειιευιετηιοιιωι.

555 5606 1568 5688 999193QPEE‘EFQESE.‘E‘E’QEEE‘E
1588 5605 2196 5688 9!.‘Th'3‘iﬁi9vi'ﬁi'lﬁis
2218 5626 2281 5664 ex
2313 5613 2590 5688 @1390"?
2606 5617 2921 5688 ξηάοῖίθηξίε
2947 5590 3280 5686 Μυκήνα»
3315 5629 3371 5676 οι
3399 5635 3529 5676 nunc
3560 5635 3641 5688 Per
3671 5627 3739 5669 ω’

496 5671 790 5721 emendatus
811 5677 889 5721 est
909 5670 1074 5720 denuo
1097 5683 1160 5720 ex
1186 5671 1372 5719 veteris
1393 5670 1571 5721 codicis
1599 5670 1931 5732 Floriaccnsis,
1964 5685 2020 5722 ac
2046 5673 2311 5726 editionum
2336 5685 2432 5727 Am.
2453 5685 2524 5728 Er.
2547 5686 2598 5729 et
2621 5685 2729 5730 Lov.
2757 5681 2986 5732 lectione.

575 5753 1089 5832 Comparavimus
1116 5761 1417 5832 prteterea
1442 5773 1541 5815 eas
1571 5773 1774 5818 omnes
1803 5755 2106 5820 editiones
2127 5757 2316 5823 initio
2347 5763 2516 5824 Betr.
2537 5762 2928 5838 etConfess.,
2950 5772 3097 5828 tom.
3127 5767 3186 5842 1,
3214 5776 3599 5832 memoratas.
3635 5765 3704 5827 Μ.
