3792 6150
43 281 162 343 393

47 391 146 463 qui
176 390 335 450 forte
363 391 582 449 fuerunt
607 391 691 449 vel
716 397 843 446 sunt
864 385 1005 460 apud
1032 398 1130 440 nos
1149 423 1167 452 ,
1193 397 1294 439 nec
1315 381 1404 454 qui
1433 380 1518 437 vel
1545 379 1663 436 fuc-

51 494 191 540 runt
224 485 325 542 vel
365 492 496 540 sunt
535 481 674 554 apud
713 478 854 546 illos,
885 477 1176 550 impediant
1203 472 1544 531 concordiam
1575 485 1672 527 no-

48 585 236 633 stram
265 586 326 634 et
349 576 621 632 vinculum
647 573 813 644 pacis,
841 585 949 626 uno
970 583 1154 627 eorum
1180 566 1380 622 scelere
1403 572 1668 630 correcto,

50 669 207 739 quod
243 685 310 726 se
343 669 545 724 frustra
581 671 964 737 separaverunt
992 662 1058 717 ab
1086 661 1288 717 unitate
1326 657 1474 714 orbis
1499 665 1672 712 terra-

53 777 210 830 rum,
238 776 369 818 cum
395 762 526 816 tales
548 759 826 814 haberent.
850 756 906 812 Si
929 763 1106 810 autem
1128 761 1351 821 utraque
1371 750 1503 804 falsa
1524 756 1671 815 sunt,

52 857 175 911 sive
210 869 340 926 qua:
370 867 471 908 nos
499 852 623 914 illis,
655 849 766 906 sive
791 863 910 919 quae
935 847 1011 902 illi
1037 844 1190 900 nobis
1219 843 1476 912 objiciunt
1494 839 1580 894 vel
1606 838 1674 895 de

54 944 366 1000 traditione
386 985 402 1011 ,
433 942 520 998 vel
547 940 616 997 de
649 937 1020 1011 persecutione
1045 932 1443 997 innocentium;
1474 930 1674 985 nullam

57 1037 235 1092 video
269 1037 378 1092 litis
403 1048 640 1100 causam,
671 1032 772 1087 nis:
800 1031 924 1102 quia
951 1036 1217 1084 estcausa
1243 1034 1300 1080 ut
1325 1025 1400 1080 illi
1427 1037 1486 1079 se
1509 1022 1677 1078 corri-

56 1138 213 1200 gant,
251 1129 342 1201 qui
369 1141 429 1184 se
453 1127 570 1182 sine
593 1139 755 1180 causa
780 1127 1182 1192 separaverunt.
1210 1115 1364 1184 Quod
1389 1115 1434 1170 si
1461 1128 1560 1170 nos
1585 1127 1678 1169 ve-

59 1237 123 1277 ra
147 1222 414 1288 dicimus,
443 1219 694 1291 quoniam
721 1216 880 1273 Gesta
907 1229 1026 1286 quae
1049 1211 1388 1283 proferimus,
1412 1217 1467 1264 et
1487 1207 1677 1263 litteris

59 1313 423 1385 lmperatoris
444 1311 509 1367 ad
532 1325 689 1382 quem
717 1317 842 1364 tunc
861 1315 916 1364 et
937 1306 1109 1378 primo
1129 1304 1458 1374 scripserunt
1472 1310 1525 1357 et
1543 1308 1680 1370 post-

61 1407 298 1464 modum
343 1406 789 1478 appellaverunt,
830 1410 884 1457 et
925 1399 1086 1454 totius
1125 1396 1272 1452 orbis
1304 1393 1678 1450 communione

64 1502 394 1566 ﬁrmamus;
426 1513 546 1569 qua:
573 1504 753 1551 autem
778 1493 856 1549 illi
881 1492 1082 1556 dicunt,
1111 1488 1233 1544 ideo
1258 1487 1390 1542 falsa
1415 1500 1534 1541 esse
1558 1499 1681 1539 conv

66 1594 391 1657 vincuntur,
416 1589 540 1661 quia
563 1587 692 1659 ipsis
719 1584 1066 1656 temporibus,
1095 1595 1218 1636 cum
1244 1577 1430 1635 eadem
1455 1575 1680 1648 quaestio

65 1693 411 1750 versaretur,
436 1680 684 1737 obtinere
702 1691 917 1733 causam
943 1689 1094 1729 suam
1115 1671 1336 1728 minime
1358 1674 1676 1740 potuerunt:

68 1777 257 1848 major
295 1775 355 1830 in
387 1774 466 1830 eis
503 1778 727 1843 apparet
764 1768 1039 1839 sacrilegae
1066 1762 1422 1821 animositatis
1450 1761 1597 1816 furor
1625 1767 1682 1819 et

67 1869 386 1924 animarum
413 1864 779 1921 innocentium
805 1859 1130 1932 persecutio,
1157 1871 1314 1932 quam
1338 1856 1386 1915 si
1405 1853 1522 1914 solo
1541 1851 1683 1912 schi-

69 1960 271 2017 smatis
307 1958 536 2016 crimine
579 1963 906 2012 tenerentur.
939 1951 1010 2011 Et
1047 1951 1138 2009 illa
1167 1951 1381 2024 quidem
1407 1949 1678 2015 tribuant,

71 2070 185 2112 non
218 2051 496 2122 omnibus,
523 2047 623 2110 sed
647 2050 841 2123 quibus
871 2047 1142 2104 voluerint
1165 2059 1382 2100 suorum
1404 2083 1420 2110 ,
1451 2040 1682 2096 schisma

73 2159 266 2207 tamen
293 2147 502 2205 crimen
527 2151 613 2202 est
641 2141 901 2198 omnium.
933 2139 1102 2194 Porro
1128 2137 1173 2192 si
1197 2134 1420 2192 crimina
1443 2131 1684 2188 traditio-

75 2245 167 2300 nis
198 2253 258 2301 et
289 2238 679 2314 persecutionis
717 2249 844 2292 vera
885 2232 1072 2289 volunt
1099 2245 1219 2286 esse
1247 2242 1365 2299 quae
1389 2225 1676 2296 objiciunt,

75 2345 134 2392 et
162 2335 302 2392 falsa
330 2348 452 2405 qua:
480 2329 806 2401 objiciuntur
829 2341 861 2381 a
891 2325 1045 2381 nobis
1068 2365 1082 2389 ,
1110 2337 1212 2379 nec
1238 2321 1317 2376 sic
1340 2326 1630 2391 purgantur
1652 2331 1684 2371 a

76 2427 312 2485 crimine
335 2423 663 2482 schismatis.
688 2419 772 2476 Ad
795 2416 1053 2489 quosdam
1079 2414 1274 2485 quippe
1299 2412 1387 2468 illa
1413 2409 1684 2481 pertinere

78 2529 338 2593 possunt,
364 2532 473 2574 non
495 2515 565 2572 ad
587 2513 894 2570 universum
915 2507 1101 2564 orbem
1122 2505 1492 2561 christianum.
1514 2501 1685 2570 Quem

80 2615 127 2669 si
147 2609 476 2682 contagione
497 2606 700 2679 perisse
717 2602 1074 2666 arbitrantur;
1098 2597 1284 2654 omitto
1307 2595 1503 2660 dicere,
1525 2608 1686 2664 quam

81 2705 257 2760 multa
285 2701 460 2758 sancti
491 2700 633 2754 bono
660 2696 806 2768 pacis
833 2693 993 2750 etiam
1019 2688 1230 2760 cognita
1259 2686 1398 2743 mala
1423 2686 1479 2740 in
1508 2683 1685 2739 homi-

85 2812 217 2852 num
244 2791 662 2863 congregatione
685 2783 1026 2844 toleraverint
1050 2799 1064 2836 :
1089 2779 1218 2836 illud
1239 2779 1376 2844 dico,
1402 2777 1490 2832 isti
1509 2784 1686 2831 osten-

84 2889 239 2956 dant,
268 2884 541 2958 quomodo
564 2895 751 2939 eorum
777 2877 1094 2948 contagione
1117 2889 1224 2930 non
1252 2869 1530 2943 perierint,
1553 2882 1686 2939 quos

86 2982 384 3054 sacrilegos
413 2979 764 3049 ineestatores
795 2977 1122 3028 consecrata:
1161 2965 1430 3038 pudicitiae
1468 2962 1688 3018 femina-

88 3091 212 3130 rum
239 3073 378 3129 inter
403 3085 464 3127 se
490 3069 660 3124 latere
683 3065 768 3121 vel
797 3062 1015 3118 latuisse
1039 3102 1054 3128 ,
1095 3060 1178 3114 vel
1208 3056 1366 3112 modo
1397 3054 1642 3111 nesciunt
1668 3093 1683 3120 ,

90 3169 176 3224 vel
215 3163 506 3238 aliquando
542 3160 871 3218 nescierunt.
903 3153 1148 3211 Proiecto
1174 3150 1366 3207 dicturi
1393 3156 1554 3215 sunt,
1586 3147 1690 3203 hoc

90 3263 213 3333 ipso
244 3276 306 3318 se
333 3273 442 3315 non
469 3253 860 3313 contaminatos
886 3247 1028 3320 quod
1057 3245 1382 3301 nescierunt.
1410 3238 1689 3309 Quomodo

93 3331 224 3424 ergo
253 3347 647 3408 contaminatus
674 3353 758 3399 est
783 3340 950 3406 orbis,
982 3337 1071 3408 qui
1102 3334 1272 3391 nescit
1297 3331 1471 3388 adhuc
1496 3345 1565 3385 an
1592 3343 1690 3384 ve-

93 3423 296 3504 raisint
321 3445 424 3500 ista
454 3456 573 3513 quae
601 3433 891 3494 dicuntur?
921 3433 1172 3488 Putemus
1202 3425 1354 3482 nobis
1382 3423 1543 3480 modo
1570 3437 1693 3493 pro-

95 3539 220 3595 bata
245 3578 260 3604 ,
291 3535 452 3593 modo
481 3533 848 3589 demonstrata
878 3544 892 3580 :
917 3523 1043 3596 quid
1071 3521 1279 3593 agimus
1314 3517 1382 3574 de
1417 3525 1496 3572 tot
1520 3514 1692 3588 genti-

95 3629 244 3686 bus?
286 3629 615 3684 Deseruntur
651 3619 972 3681 nescientes,
1017 3627 1144 3684 ergo
1187 3610 1505 3666 deseruntur
1536 3607 1692 3663 inno-

97 3731 326 3778 centes:
353 3725 410 3774 et
436 3730 557 3772 cum
596 3711 725 3768 illud
752 3711 819 3765 sit
846 3707 1050 3763 nullum
1087 3703 1290 3760 crimen
1321 3700 1559 3765 illorum,
1592 3697 1695 3752 hoc

99 3828 225 3870 esse
271 3809 462 3880 incipit
511 3801 978 3861 sceleratissimum
1031 3805 1292 3853 nostrum.
1343 3793 1427 3848 An
1477 3805 1696 3847 currere

99 3907 452 3971 debemus,et
479 3914 573 3957 eos
599 3899 792 3954 docere
822 3892 964 3965 quod
993 3891 1192 3948 scimus
1211 3889 1234 3941 ?
1251 3887 1449 3959 thuid
1472 3885 1611 3942 hoc?
1636 3883 1696 3942 Si

103 4009 164 4055 ut
203 3999 522 4053 innocentes
564 3992 702 4057 sint;
735 3989 1050 4044 innocentes
1088 3989 1212 4038 sunt
1247 3981 1406 4036 etiam
1440 3978 1567 4034 dum
1599 3992 1695 4034 ne-

104 4091 301 4148 sciunt.
347 4085 464 4142 Non
504 4083 649 4140 enim
683 4078 962 4137 malefacta
1003 4075 1281 4131 hominum
1308 4069 1696 4143 cognoscendo,

105 4181 204 4240 sed
240 4177 467 4251 cognitis
505 4190 610 4232 non
650 4169 1063 4236 consentiendo,
1104 4166 1172 4223 de
1206 4162 1486 4235 incognitis
1516 4170 1699 4218 autem

105 4291 218 4333 non
250 4283 455 4330 temere
486 4265 776 4340 judicando
799 4307 814 4331 ,
856 4260 1212 4318 innocentiam
1241 4255 1588 4313 custodimus.
1623 4256 1702 4308 Ac

109 4384 209 4442 per
249 4366 352 4423 hoc
375 4405 391 4431 ,
429 4370 488 4418 ut
518 4361 664 4426 dixi,
698 4359 955 4414 innocens
983 4363 1065 4410 est
1094 4351 1238 4406 orbis
1269 4357 1530 4405 terrarum
1555 4387 1570 4412 ,
1609 4345 1701 4416 qui

111 4438 339 4518 crimina
376 4469 500 4528 quae
535 4453 602 4508 ab
643 4450 760 4507 istis
795 4449 849 4504 in
890 4444 1150 4519 quosdam
1181 4442 1460 4505 dicuntur,
1490 4438 1700 4494 etiamsi

115 4569 243 4612 vera
279 4553 564 4616 dicuntur,
606 4547 834 4617 ignorat.
873 4541 957 4597 Ab
994 4540 1076 4595 his
1115 4545 1291 4592 autem
1332 4533 1703 4590 innocentibus

116 4647 209 4718 qni
234 4659 294 4701 se
321 4645 469 4714 ipsos
493 4642 904 4710 separaverunt,
936 4631 1126 4690 eodem
1154 4628 1270 4699 ipso
1295 4626 1520 4683 crimine
1545 4639 1703 4694 sepa-

118 4737 341 4796 rationis
383 4745 442 4790 et
483 4728 786 4788 schismatis
835 4723 1193 4782 innocentiam
1237 4718 1623 4791 perdiderunt:
1653 4722 1709 4772 et

120 4830 282 4888 modo
297 4843 399 4885 nos
415 4825 630 4889 docent,
649 4836 776 4878 vera
801 4833 862 4875 se
888 4817 1068 4873 dicere
1085 4815 1138 4870 in
1160 4811 1436 4884 quosdam,
1456 4819 1515 4865 ut
1541 4810 1609 4865 ab
1629 4809 1708 4864 eis

122 4939 222 4982 nos
239 4926 496 4992 separent
513 4919 566 4972 in
588 4928 724 4986 quos
744 4927 850 4968 non
872 4909 1071 4965 habent
1089 4921 1214 4962 vera
1235 4919 1351 4975 quae
1368 4903 1546 4958 dicant
1562 4903 1578 4932 ί
1608 4900 1706 4972 (a).

191 5021 246 5076 4.
286 4991 404 5072 Hoc
431 5011 572 5069 enim
588 5008 667 5064 eis
691 5006 822 5062 dicit
843 5002 991 5059 orbis
1017 5009 1304 5064 terrarum,
1327 4995 1465 5066 quod
1492 4991 1711 5064 quidem

126 5124 374 5170 sermone
403 5103 773 5162 brevissimum
802 5105 905 5163 est,
936 5093 1033 5151 sed
1061 5089 1488 5148 robustissimum
1513 5085 1712 5142 verita-

127 5216 198 5264 te.
224 5202 342 5261 Δι’τί
369 5212 564 5268 nempe
582 5196 722 5250 inter
743 5206 802 5248 se
822 5186 1058 5261 episcopi
1086 5181 1437 5254 conﬂigebant
1458 5196 1470 5233 :
1491 5179 1537 5234 si
1564 5177 1714 5233 ﬁnire

130 5300 265 5355 inter
286 5309 348 5351 se
370 5292 617 5348 obortam
644 5283 1034 5343 dissensionem
1059 5294 1165 5336 non
1190 5283 1474 5348 poterant,
1503 5282 1562 5330 ut
1603 5273 1717 5328 sive

129 5407 221 5464 per
247 5384 595 5447 concordiam
618 5377 928 5450 compositis
945 5415 961 5443 ,
992 5375 1105 5431 sive
1128 5369 1430 5442 degradatis
1459 5368 1546 5438 qui
1581 5366 1720 5421 male

130 5460 538 5544 contenderent,
563 5474 616 5530 hi
641 5473 732 5544 qui
755 5472 948 5527 bonam
969 5479 1184 5523 causam
1211 5461 1478 5518 habebant
1501 5460 1552 5514 in
1573 5472 1722 5514 com-

140 5575 392 5632 munione
411 5568 556 5624 orbis
583 5573 848 5621 terrarum
873 5573 965 5629 per
985 5555 1202 5612 unitatis
1223 5552 1486 5609 vinculum
1514 5563 1721 5621 perma-

197 5691 212 5720 ί
247 5684 385 5743 editi,
415 5681 596 5731 dicimt.
619 5675 790 5743 melius
819 5670 1132 5743 Floriacensis
1158 5674 1259 5743 his,
1286 5665 1468 5743 dicunt;

404 5724 576 5810 ᾆξιῖξᾶ
587 5724 1217 5810 Litterasnt’etiliani,_lli‘b._l.
1233 5724 1401 5792 ,capp.
1429 5727 1506 5786 ‘2l,
1533 5724 1608 5786 ‘22,
1638 5738 1719 5774 nn.

140 5793 496 5872 safé'ti'éitin.
521 5804 568 5863 δ,
593 5815 730 5872 capp.
755 5797 835 5856 58,
853 5797 931 5853 59,
955 5793 1142 5872 πφδ-ιο,
1166 5793 1242 5840 τι.

378 5856 604 5932 Sacr.
653 5856 933 5925 λυπεῖ.
980 5856 1093 5917 ΙΧ.

358 277 643 340 CONTRA
691 272 1114 336 DONATISTAS
1159 262 1514 331 EPISTULA,
1558 272 1727 317 \‘ULGO
1767 258 1853 315 DE
1911 261 2209 320 UNITATE
2250 263 2602 322 ECCLESUE
2638 263 2838 321 LIBER
2877 264 3076 324 UNUS.

3257 263 3366 324 3M

1777 390 1999 446 nerent;
2033 380 2267 435 restabat
2298 381 2476 450 utique
2510 390 2565 435 ut
2595 381 2828 451 episcopi
2853 380 3227 447 transmarini,
3258 398 3366 452 qua

1776 485 1899 542 pars
1946 471 2177 526 maxima
2221 471 2608 527 ditl’undebatur
2649 473 2904 528 Ecclesim
2943 472 3247 541 catholicas,
3299 473 3370 528 de

1777 563 2027 619 Afrorum
2076 565 2396 635 collegarum
2441 565 2862 622 dissensionibus
2901 566 3234 636 judicarent,
3263 566 3374 622 illis

1777 656 2024 711 videlicet
2062 657 2379 712 instantibus
2407 660 2423 688 ¹
2452 658 2542 728 qui
2585 659 2785 714 crimen
2818 659 2970 713 malm
3012 658 3371 716 ordinationis

1779 747 1895 803 aliis
1924 747 2267 818 objiciebant.
2299 749 2408 804 lloc
2433 749 2476 804 si
2504 749 2699 804 factum
2725 765 2829 806 non
2855 759 2957 819 est,
2987 750 3141 822 culpa
3179 765 3370 811 eorum

1780 859 1863 906 est
1888 866 1917 904 a
1946 851 2136 921 quibus
2164 850 2280 905 ﬁeri
2311 851 2512 916 debuit,
2536 865 2640 906 non
2667 850 2811 906 orbis
2835 860 3118 922 terrarum,
3143 855 3233 924 qui
3259 868 3370 908 non

1779 941 1846 997 ad
1874 958 1931 998 se
1961 944 2160 1013 perlata
2182 943 2423 998 nescivit.
2451 942 2506 998 Si
2533 952 2709 998 autem
2735 941 2934 997 factum
2961 953 3065 1012 est,
3093 945 3218 1016 quid
3243 959 3370 1016 pec-

1780 1044 2036 1089 caverunt
2076 1034 2420 1090 ecclesiastici
2461 1034 2706 1104 judices,
2751 1034 2842 1105 qui
2888 1036 3110 1092 crimina
3159 1037 3372 1092 etiamsi

1779 1139 1905 1180 vera
1928 1135 1980 1180 et
2003 1125 2070 1181 ad
2097 1142 2155 1181 se
2171 1126 2363 1193 delata,
2388 1126 2488 1182 sibi
2515 1135 2691 1181 tamen
2716 1141 2822 1184 non
2850 1128 3090 1200 probata,
3114 1127 3373 1184 damnare

1782 1218 1928 1273 nullo
1954 1219 2113 1275 modo
2135 1219 2435 1275 debebant?
2459 1218 2727 1293 Numquid
2755 1237 2848 1278 eos
2873 1222 3001 1276 mali
3022 1222 3260 1292 polluere
3283 1237 3373 1292 po-

1781 1317 1983 1377 terant,
2012 1313 2100 1382 qui
2142 1312 2220 1366 eis
2261 1309 2592 1370 manifestari
2633 1329 2739 1370 non
2785 1314 3069 1384 poterant?
3107 1312 3165 1368 Si
3193 1324 3374 1368 autem

1781 1403 2102 1457 manil‘estati
2133 1411 2256 1457 sunt
2281 1401 2381 1473 eis,
2414 1416 2468 1460 et
2493 1405 2670 1476 aliqua
2699 1405 2785 1459 vel
2822 1404 3046 1474 segnitia
3073 1402 3156 1458 vel
3193 1405 3378 1458 connia

1782 1494 1959 1549 ventia
1979 1497 1999 1526 '
2031 1496 2162 1550 tales
2188 1511 2220 1554 a
2250 1499 2626 1555 communione
2663 1513 2940 1554 removere
2969 1497 3291 1562 noluerunt,
3319 1503 3377 1551 et

1783 1600 2036 1656 perverso
2060 1585 2262 1660 judicio
2309 1605 2404 1661 pro
2447 1591 2526 1645 eis
2565 1590 2724 1646 etiam
2755 1588 3002 1644 dixerunt
3041 1587 3372 1644 sententias:

1781 1676 1911 1750 quid
1937 1683 2176 1752 peccavit
2201 1682 2346 1737 orbis
2373 1690 2656 1750 terrarum,
2681 1682 2770 1752 qui
2799 1695 3013 1737 causam
3039 1681 3182 1736 illam
3205 1680 3378 1736 malos

1779 1769 1989 1842 judices
2015 1772 2262 1828 habuisse
2291 1775 2551 1838 nescivit,
2582 1782 2637 1828 et
2676 1787 2770 1829 eos
2796 1773 2936 1828 male
2973 1773 3240 1843 judicasse
3265 1788 3377 1829 non

1784 1863 2010 1918 credidit
2033 1863 2076 1930 ³,
2109 1864 2175 1919 de
2201 1865 2391 1935 quibus
2416 1864 2655 1936 judicare
2695 1880 2802 1920 non
2829 1863 3038 1935 potuit?
3060 1863 3206 1919 Sicut
3229 1866 3376 1920 enim

1783 1969 2001 2011 reorum
2028 1957 2222 2023 scelus,
2251 1957 2294 2013 si
2315 1957 2523 2026 judices
2547 1957 2716 2021 latuit,
2743 1971 2850 2012 non
2876 1970 2970 2012 eos
3019 1956 3204 2025 utique
3237 1969 3374 2010 con-

1786 2047 2062 2102 taminavit
2087 2066 2100 2101 :
2127 2049 2204 2104 sic
2223 2058 2278 2104 et
2299 2049 2538 2119 judicum
2565 2049 2760 2116 scelus,
2789 2048 2835 2104 si
2855 2047 3068 2119 aliquod
3096 2046 3218 2114 fuit,
3247 2047 3376 2118 quia

1787 2138 1969 2193 orbem
1994 2147 2256 2194 terrarum
2279 2141 2450 2206 latuit,
2474 2155 2595 2195 cum
2622 2138 2856 2210 profecto
2877 2138 3239 2194 contaminare
3265 2153 3378 2193 non

1787 2230 1977 2299 potuit.
2017 2231 2112 2285 llis
2148 2231 2306 2302 igitur
2335 2229 2707 2286 innocentibus
2737 2231 3050 2285 innocenter
3079 2229 3378 2284 communi-

1787 2335 1972 2377 camus
1996 2321 2036 2390 ⁸,
2062 2324 2322 2394 hodieque
2348 2324 2648 2380 nescientes
2663 2339 2781 2394 qua:
2808 2331 2932 2378 tunc
2950 2330 3066 2378 acta
3086 2324 3212 2377 sint.
3237 2322 3380 2391 Qua-

1789 2424 2007 2484 propter
2047 2417 2256 2472 etiamsi
2298 2431 2422 2473 vera
2460 2432 2580 2472 esse
2623 2433 2742 2488 quae
2781 2417 2833 2472 in
2875 2417 3132 2488 quosdam
3158 2415 3376 2482 dicunt,

1791 2504 1951 2562 hodie
1979 2505 2345 2576 didicerimus,
2377 2509 2521 2563 nulla
2557 2523 2717 2564 causa
2745 2516 2828 2564 est
2857 2523 2952 2564 cur
2980 2507 3048 2563 ab
3079 2507 3383 2563 innocenti-

1790 2593 1894 2650 bus
1935 2598 2027 2667 qui
2075 2598 2189 2654 hmc
2224 2600 2470 2656 nesciunt
2496 2601 2846 2667 recedamus,
2875 2609 2929 2656 et
2957 2609 3288 2656 transeamus
3311 2599 3384 2655 ad

1791 2701 1906 2752 cos,
1929 2689 2018 2758 qui
2045 2698 2326 2760 propterea
2351 2691 2575 2746 crimine
2599 2691 2903 2747 schismatis
2919 2706 3106 2747 omnes
3126 2691 3386 2762 implicati

1793 2787 1954 2845 sunt,
1981 2780 2101 2849 quia
2133 2780 2184 2834 id
2213 2782 2451 2836 fecerunt
2475 2781 2623 2852 quod,
2661 2795 2762 2837 nos
2809 2782 2983 2837 facere
3025 2780 3287 2848 suadent,
3321 2789 3384 2836 ut

1793 2885 1901 2926 non
1955 2872 2200 2942 exemplo
2257 2874 2634 2943 Apostolorum
2688 2873 2974 2929 toleremus
3017 2873 3224 2940 malos,
3284 2873 3385 2928 sed

1793 2963 2040 3032 exemplo
2061 2963 2430 3019 hmreticorum
2451 2965 2763 3020 deseramus
2781 2964 2970 3020 honos.
2997 2962 3102 3020 Sed
3127 2963 3386 3019 faciamus

1793 3054 1979 3110 orbem
2009 3065 2292 3122 terrarum,
2322 3057 2464 3128 quod
2493 3057 2608 3113 ﬁeri
2645 3073 2751 3112 non
2774 3065 2978 3128 potest,
3011 3056 3168 3113 hodie
3194 3057 3382 3114 nobis-

1795 3160 1915 3200 cum
1944 3146 2010 3200 ad
2032 3147 2287 3218 liquidum
2311 3163 2469 3218 posse
2487 3163 2811 3220 cognoscere
2841 3164 2962 3204 vera
2990 3163 3108 3204 esse
3130 3163 3389 3219 quorum-

1795 3237 1918 3292 dam
1949 3240 2154 3296 scelera
2177 3283 2191 3308 ,
2221 3255 2355 3311 quos
2385 3241 2472 3296 isti
2498 3241 2847 3296 criminantur
2872 3259 2884 3295 :
2909 3240 3164 3310 numquid
3190 3256 3256 3296 ex
3284 3240 3389 3297 hoc

1796 3329 2135 3388 innocentior
2155 3331 2268 3388 fieri
2291 3334 2507 3402 poterit,
2534 3349 2692 3403 quam
2719 3343 2834 3388 erat
2857 3342 3140 3403 antequam
3167 3332 3387 3388 nosset?

1797 3420 1946 3477 Sicut
1969 3423 2110 3478 enim
2137 3437 2230 3478 eos
2259 3423 2524 3478 maculare
2554 3438 2660 3477 non
2686 3431 2931 3492 poterant
2955 3423 3203 3493 incogniti
3234 3423 3384 3490 mali,

1797 3514 2004 3569 etiamsi
2035 3513 2207 3568 adhuc
2237 3513 2291 3568 in
2317 3513 2417 3568 hac
2440 3513 2545 3568 vita
2571 3521 2786 3578 essent;
2829 3513 2900 3566 ita
2929 3513 3019 3582 qui
3043 3512 3153 3582 jam
3191 3527 3257 3568 cx
3287 3513 3390 3568 hac

1797 3607 1906 3659 vita
1935 3605 2286 3676 emigrarunt,
2311 3605 2470 3659 etiam
2494 3604 2688 3674 cogniti
2713 3603 2980 3659 maculare
3010 3619 3113 3658 non
3144 3613 3388 3674 possunt.

1798 3697 1855 3754 Si
1884 3713 2012 3769 ergo
2060 3698 2179 3753 talis
2226 3705 2308 3753 est
2333 3712 2491 3753 causa
2533 3705 2716 3751 nostra
2761 3696 2815 3750 in
2855 3695 3034 3751 verbis
3077 3696 3273 3750 nostris
3321 3696 3391 3752 de

1801 3791 2150 3862 quorumdam
2177 3791 2508 3857 criminibus,
2535 3806 2652 3860 qum
2673 3789 2891 3845 alternis
2915 3790 3068 3846 nobis
3084 3790 3386 3860 objicimus,

1801 3892 1862 3939 ut
1890 3892 1996 3940 tam
2025 3884 2215 3938 invicta
2237 3884 2326 3950 sit,
2354 3883 2562 3938 etiamsi
2592 3881 2723 3936 falsa
2751 3896 2872 3938 esse
2899 3896 3018 3951 quae
3049 3882 3100 3935 in
3131 3880 3392 3952 quosdam

1803 3976 2017 4031 illorum
2061 3975 2285 4031 dicimus
2308 4017 2323 4041 ,
2371 3983 2425 4029 et
2453 3989 2578 4029 vera
2614 3988 2734 4029 esse
2761 3988 2881 4043 qua:
2925 3973 2978 4027 in
3004 3973 3260 4042 quosdam
3291 3988 3395 4028 no-

1804 4075 1976 4123 strum
2003 4067 2206 4134 dicunt,
2238 4065 2393 4121 hodie
2422 4080 2829 4135 cognoscamus,
2859 4065 2984 4134 quid
3013 4065 3210 4120 habent
3249 4065 3395 4134 quod

1805 4157 2194 4228 respondeant;
2224 4157 2337 4212 sive
2367 4156 2457 4210 illa
2489 4157 2666 4226 potius
2693 4170 2817 4210 vera
2862 4156 2970 4210 sint
2996 4171 3114 4225 quae
3140 4170 3238 4210 nos
3263 4156 3398 4210 dici-

1807 4264 1948 4315 mus,
1975 4257 2029 4303 et
2056 4248 2186 4302 falsa
2212 4262 2328 4316 qua:
2353 4247 2555 4311 dicunt,
2585 4245 2700 4301 sive
2721 4256 2944 4315 utraque
2968 4246 3100 4300 falsa
3127 4246 3253 4312 sint,
3279 4247 3396 4302 sive

1809 4350 2032 4410 utraque
2059 4353 2180 4393 vera
2225 4339 2362 4402 sint;
2402 4336 2828 4407 quandoquidem
2872 4346 2925 4392 et
2970 4337 3071 4406 ipsi
3113 4337 3397 4393 vincuntur

1809 4431 1920 4498 ibi,
1949 4429 2092 4501 quod
2121 4428 2289 4484 solum
2322 4427 2458 4482 votis
2483 4426 2730 4482 omnibus
2753 4425 2855 4482 sibi
2883 4435 2941 4482 ut
2976 4426 3245 4495 credatur,
3297 4443 3399 4483 ex-

1811 4522 2032 4594 Optant?

1883 4612 2107 4670 CAPUT
2136 4610 2220 4666 lll.
2244 4642 2314 4651 —
2333 4611 2387 4666 5.
2427 4610 2554 4678 Sed,
2580 4619 2637 4666 ut
2655 4610 2834 4667 dicere
2859 4623 3147 4682 coeperam,
3171 4623 3278 4665 non
3299 4597 3400 4666 au-

1813 4709 2022 4764 diamus
2046 4748 2061 4774 ,
2089 4705 2214 4760 llaec
2241 4704 2409 4770 dicis,
2453 4697 2570 4760 haéc
2606 4704 2762 4768 dico;
2793 4703 2888 4760 sed
2926 4703 3238 4768 audiamus,
3273 4702 3400 4759 llzec

1815 4802 1941 4858 dicit
1965 4801 2240 4856 Dominus.
2291 4799 2426 4856 Sunt
2465 4807 2610 4854 certe
2654 4797 2798 4853 Libri
2842 4795 3135 4860 dominici,
3168 4810 3402 4865 quorum

1817 4893 2117 4951 auctoritati
2155 4892 2366 4962 utrique
2406 4890 2771 4947 consentimus
2791 4930 2806 4955 ,
2837 4887 3048 4958 utrique
3075 4887 3316 4943 cedimus
3343 4886 3366 4918 ⁸
3387 4931 3405 4956 ,

1818 4987 2030 5059 utrique
2055 4986 2313 5042 servimus
2332 5004 2344 5039 :
2363 4985 2433 5039 ibi
2462 4997 2761 5055 quaramus
2786 4981 3103 5049 Ecclesium,
3131 4981 3204 5037 ibi
3228 4981 3409 5037 discu-

1822 5083 2015 5137 tiamus
2039 5095 2251 5137 causam
2279 5088 2536 5135 nostram.
2567 5076 2663 5131 llic
2688 5075 2825 5132 forte
2864 5075 3057 5130 dicturi
3083 5085 3208 5131 sunt
3233 5093 3246 5128 :
3270 5074 3408 5142 Quid

1822 5175 2016 5245 quaeris
2042 5175 2096 5228 in
2118 5172 2298 5227 ‘Lihris
2327 5185 2462 5240 quos
2507 5167 2716 5239 ignibus
2743 5167 3046 5222 tradidisti?
3073 5167 3152 5221 Ad
3185 5165 3286 5222 hoc
3314 5182 3404 5221 re-

1823 5268 2081 5339 spondeo,
2111 5265 2248 5334 Quid
2276 5266 2430 5319 timcs
2454 5279 2521 5318 ne
2547 5263 2791 5332 legantur
2818 5261 2904 5316 isti
2933 5260 3112 5328 Libri,
3141 5260 3185 5314 si
3217 5274 3310 5315 eos
3338 5260 3406 5315 ab

1890 5385 1907 5414 ί
1941 5382 2252 5431 Floriacensrs
2273 5379 2447 5443 codex,
2479 5375 2740 5443 stantibus.
2891 5440 2900 5443 _
3207 5432 3219 5443 .
3315 5431 3346 5443 ..

1889 5448 1909 5478 ²
1942 5452 1992 5494 ln
2016 5444 2175 5503 editis,
2201 5443 2271 5491 uti
2294 5442 2468 5512 passim
2491 5441 2539 5488 in
2561 5441 2771 5503 antiquis
2794 5439 2930 5489 libris
2954 5450 3060 5500 pro,
3080 5438 3412 5495 conniventia;

1889 5509 2055 5554 rintum
2082 5510 2172 5554 cst.
2197 5501 2474 5554 cohibentia.

1827 5510 2055 5569 scriptum
2082 5510 2172 5564 cst,
2197 5510 2474 5554 cohibentia.

1893 5571 1913 5602 ³
1947 5567 2256 5616 Floriacensis
2293 5566 2466 5630 codex,
2505 5565 2618 5615 bene
2633 5564 2882 5625 judicasse
2905 5558 3131 5630 credidit.

1893 5631 1915 5662 θ
1948 5632 2020 5679 Sic
2041 5629 2366 5698 Floriaeensis.
2395 5621 2472 5676 Ms.
2509 5636 2563 5698 Iit
2588 5621 2680 5686 Eri,
2707 5621 3173 5678 communicabimus.
3218 5627 3316 5670 Am.
3359 5625 3414 5671 et

1831 5703 1922 5747 1.0V
1931 5731 1939 5741 .
1948 5727 1961 5750 ,
1986 5703 2431 5740 commumcavmms
2438 5729 2446 5738 .

1900 5758 1920 5789 ⁸
1953 5763 2000 5804 ιιι
2027 5753 2236 5813 excusis,
2257 5753 2513 5802 credimus.
3336 5779 3356 5813 ,

2739 5833 2979 5911 {Trcize
3005 5833 3036 5908 j
