3812 6134
426 402 643 479 ignibus
667 397 984 459 custodisti?
1029 397 1138 454 Eos
1161 405 1310 453 certe
1330 394 1421 452 ille
1442 394 1723 452 tradidisse
1743 394 2014 465 credatur,

428 495 523 567 qui
553 494 630 551 eis
660 494 814 550 lectis
838 508 944 548 non
970 489 1276 547 consentire
1300 487 1655 545 convincitur.
1686 487 1793 543 Aut
1816 486 1861 542 si
1882 485 2018 542 forte

424 585 518 663 isti
544 585 685 642 Libri
704 585 775 663 ita
798 582 1077 655 designant
1096 579 1402 637 traditorem
1419 593 1598 649 suum,
1616 577 1755 635 sicut
1773 577 2019 648 designa-

426 657 507 735 vit
537 657 789 733 Dominus
817 673 1041 747 Judam;
1079 674 1258 745 legant
1290 673 1345 728 in
1382 673 1461 729 eis
1500 668 1813 728 nominatim
1852 680 1906 727 et
1926 687 2020 727 ex-

427 782 614 841 presse
628 765 716 823 vel
730 766 1068 823 Caecilianum
1092 764 1177 821 vel
1191 764 1524 827 ordinatores
1547 764 1684 837 eius,
1706 762 2016 821 earumdem

427 859 711 916 Librorum
742 856 948 914 futuros
967 856 1130 912 fuisse
1155 854 1457 921 traditores,
1487 862 1543 911 et
1566 854 1612 911 si
1639 868 1860 911 noneos
1884 848 2014 923 ana-

427 951 849 1008 thematizavero
869 990 885 1015 ,
916 948 1028 1020 ipse
1068 962 1190 1004 cum
1230 947 1310 1004 eis
1336 946 1546 1017 judicer
1573 944 1878 1002 tradidisse.
1906 944 2013 1003 Sed

425 1059 604 1116 neque
630 1057 729 1099 nos
755 1030 806 1098 in
837 1038 916 1097 eis
941 1038 1115 1097 Libris
1146 1039 1444 1095 invenimus
1472 1038 1712 1109 Maiorini
1739 1034 2012 1096 ordinato-

425 1153 516 1194 res
543 1118 850 1208 designatos
887 1148 1006 1191 esse
1033 1118 1345 1209 traditorcs,
1373 1134 1614 1204 quamvis
1642 1131 1758 1189 huic
1799 1132 2014 1190 aliunde

425 1229 735 1284 recitcmus.
781 1220 1103 1280 Auferantur
1130 1228 1258 1295 ergo
1286 1224 1374 1278 illa
1419 1222 1486 1279 de
1516 1222 1728 1292 medio,
1758 1239 1877 1295 qua:
1918 1224 2015 1280 ad-

424 1335 616 1377 versus
643 1334 740 1374 nos
768 1318 1015 1383 invicem,
1044 1333 1149 1372 non
1177 1331 1244 1373 ex
1272 1315 1467 1373 divinis
1493 1315 1767 1371 canonicis
1793 1315 1969 1373 Libris
1990 1357 2008 1386 ,

427 1413 524 1469 sed
552 1409 769 1468 aliunde
798 1410 1102 1466 reeitanius.
1135 1400 1286 1477 Quod
1317 1404 1361 1461 si
1388 1405 1560 1461 nolint
1586 1392 1645 1461 ut
1683 1407 2008 1475 auferantur,

426 1504 645 1561 videant
669 1503 791 1574 quia
817 1510 869 1557 et
894 1501 937 1556 si
967 1492 1190 1570 utraque
1218 1513 1340 1554 vera
1369 1504 1526 1564 sunt,
1555 1496 1699 1552 nulla
1725 1496 1822 1553 fuit
1848 1512 2010 1555 causa

432 1593 789 1667 scparationis
836 1590 1086 1654 illorum,
1148 1596 1205 1645 ut
1251 1603 1347 1644 cos
1391 1586 1627 1659 fugerent
1671 1601 1805 1659 quos
1847 1585 2011 1644 liabe-

426 1688 562 1745 baiit
588 1705 600 1741 :
634 1695 689 1743 et
711 1685 755 1741 si
783 1694 1004 1753 utraque
1032 1680 1161 1738 falsa
1192 1690 1337 1747 sunt,
1365 1681 1506 1736 nulla
1538 1679 1636 1736 fuit
1663 1693 1822 1737 causa
1852 1693 2010 1751 sepa-

427 1776 655 1835 rationis
710 1776 963 1839 illorum,
1024 1782 1083 1829 ut
1128 1786 1222 1828 cos
1279 1770 1522 1844 fugerent
1566 1786 1703 1843 quos
1760 1771 1814 1827 in
1864 1766 2008 1828 nullo

425 1868 651 1924 crimine
694 1865 1027 1936 reperiebant
1050 1880 1064 1918 :
1089 1873 1143 1918 et
1180 1862 1224 1918 si
1257 1872 1436 1918 nostra
1478 1877 1604 1918 vera
1625 1904 1640 1928 ,
1673 1862 1880 1917 illorum
1909 1852 2009 1918 au-

427 1968 536 2016 teni
568 1959 694 2013 falsa
720 1965 876 2022 sunt,
905 1954 1045 2009 nulla
1075 1953 1169 2009 fuit
1199 1968 1357 2009 causa
1385 1952 1735 2025 si-parationis
1763 1954 2006 2022 illorum,

423 2053 549 2121 quia
582 2049 756 2122 potius
782 2064 842 2105 se
865 2048 1156 2119 eorrigcre.
1188 2058 1345 2118 atque
1385 2046 1439 2101 in
1469 2047 1669 2104 unitate
1696 2062 2008 2119 permanere

424 2144 807 2200 ilcliebaiit:ct
849 2142 894 2196 si
927 2152 1104 2196 nostra
1154 2139 1282 2194 falsa
1323 2149 1485 2205 sunt,
1525 2149 1579 2195 et
1622 2136 1836 2195 illorum
1882 2155 2007 2197 vera

422 2246 551 2291 sunt
578 2276 593 2297 ,
619 2235 759 2289 nulla
802 2231 899 2287 fuit
926 2245 1084 2287 causa
1113 2227 1465 2301 separationis
1492 2230 1701 2286 illorum
1728 2271 1743 2294 ,
1771 2230 1892 2301 quia
1919 2226 2005 2285 iii-

421 2337 706 2383 lioccntem
732 2324 917 2381 orbein
940 2334 1223 2386 terrarum,
1255 2321 1338 2378 cui
1369 2320 1484 2377 li.ec
1526 2320 1897 2377 demonstrare
1923 2322 2006 2379 vcl

422 2418 713 2475 noluerunt
738 2418 820 2472 vel
853 2432 956 2470 non
981 2421 1289 2485 potuerunt,
1315 2413 1564 2469 deserere
1587 2429 1691 2468 non
1719 2411 2003 2469 debebant.

497 2508 567 2569 0..
591 2510 805 2578 Qiiwrat
825 2500 1050 2562 fortasse
1073 2503 1284 2575 aliquis,
1312 2513 1367 2560 ct
1392 2504 1532 2559 dicat
1558 2503 1686 2559 mihi
1711 2520 1725 2559 :
1747 2505 1855 2560 Cur
1878 2519 2005 2577 ergo

424 2599 537 2658 ista
581 2602 660 2656 vis
689 2599 884 2655 auferri
930 2598 996 2654 de
1039 2596 1217 2652 medio
1240 2637 1256 2663 ,
1287 2596 1501 2666 quando
1541 2596 1844 2652 communio
1875 2606 1960 2652 tua
1985 2637 2002 2665 ,

425 2692 638 2751 etiamsi
669 2690 1023 2763 proferantur,
1056 2688 1247 2742 invicta
1285 2687 1405 2743 est?
1430 2680 1564 2755 Quia
1610 2687 1734 2743 nolo
1762 2686 2006 2745 Immanis

424 2792 796 2847 documentis.
827 2781 920 2837 sed
960 2778 1150 2834 divinis
1184 2777 1412 2833 oraculis
1446 2787 1680 2833 sanctam
1719 2774 2006 2833 Ecclesiam

428 2874 807 2936 deiiiiiiistrari.
837 2873 891 2932 Si
912 2852 1053 2925 enini
1082 2879 1279 2924 sancta:
1300 2868 1587 2938 Scriptura-
1615 2868 1666 2922 in
1691 2868 1865 2923 Africa
1894 2866 2003 2923 sola

424 2973 833 3041 chigiiaverunt
865 2965 1152 3021 I'lccfeSIam
1176 3005 1191 3030 ,
1219 2973 1272 3020 et
1306 2964 1355 3018 in
1394 2958 1578 3034 paucis
1602 2956 1787 3019 llomte
1811 2950 2008 3019 Cutin-

420 3063 655 3136 pitanis'
690 3061 770 3116 vel
802 3042 1182 3125 .‘iluiiteusibus,
1213 3068 1268 3113 ct
1296 3058 1346 3112 in
1378 3057 1538 3112 domo
1563 3052 1645 3139 vel
1689 3046 2006 3127 patrimonio

426 3156 588 3211 unius
614 3154 857 3224 Hispana!
884 3150 1125 3207 mulieris
1150 3151 1224 3220 (ti)
1252 3165 1267 3214 ;
1291 3148 1544 3221 quidquid
1572 3148 1638 3205 de
1662 3148 1860 3204 cliartis
1887 3148 2005 3205 aliis

424 3247 569 3303 aliud
599 3245 915 3317 proferatur,
949 3259 1052 3297 non
1087 3251 1268 3297 tenent
1308 3239 1598 3296 Ecclesiani
1641 3239 1739 3294 nisi
1788 3239 2004 3294 Donati-

420 3349 542 3395 stae.
574 3338 630 3393 Si
663 3336 714 3390 in
746 3334 924 3406 paucis
954 3333 1149 3390 Mauris
1179 3334 1464 3403 proviiicize
1503 3331 1858 3387 Caesarecnsis
1883 3346 2003 3386 eam

421 3442 606 3488 sancta
632 3430 904 3503 Scriptura
926 3426 1279 3491 determinat;
1306 3425 1370 3480 ad
1400 3424 1698 3496 llogatistas
1723 3434 1997 3481 transeun-

419 3524 549 3577 dum
579 3530 681 3577 est.
724 3518 779 3576 Si
825 3520 876 3575 iii
923 3518 1104 3590 paucis
1142 3506 1487 3587 Tripolitanis
1525 3525 1581 3571 ct
1624 3514 1909 3587 liyzacciiis
1946 3524 2004 3573 ct

419 3614 837 3673 l’roviiicialihns
856 3627 872 3675 ;
894 3608 1293 3685 Illaxiiniauistac
1312 3607 1376 3663 ad
1402 3622 1518 3663 eain
1548 3616 1922 3678 pervenerunt.
1942 3592 2001 3664 Si

423 3708 480 3763 in
511 3707 638 3763 solis
660 3703 1053 3767 Orientalibus;
1082 3701 1222 3757 inter
1241 3699 1467 3757 Ariaiios
1494 3709 1548 3755 et
1572 3699 1928 3756 Eunoniianos
1948 3686 2004 3758 et

419 3797 855 3859 Maccdonianos,
881 3803 935 3851 ct
959 3793 1005 3850 si
1030 3792 1117 3864 qui
1151 3792 1256 3859 illic
1276 3792 1363 3846 alii
1388 3802 1531 3858 sunt,
1554 3789 1871 3863 requirenda
1897 3780 1997 3849 est.

421 3889 554 3955 Quis
574 3896 753 3943 autem
782 3893 948 3956 possn
976 3880 1210 3955 singulas
1236 3895 1475 3953 quasque
1513 3880 1748 3938 lia'rcscs
1781 3897 2001 3942 cnumc-

418 3997 542 4040 rarc
567 3981 801 4053 gentium
843 3962 1211 4048 singularum?
1252 3974 1310 4031 Si
1338 3984 1513 4031 autem
1540 3973 1737 4030 Christi
1766 3973 2001 4033 Ecclesia

420 4075 800 4128 caiiiinicaruin
824 4068 1217 4139 Scripturartim
1241 4064 1433 4121 divinis
1455 4074 1509 4121 ct
1533 4064 1844 4122 certissimis
1864 4067 2003 4124 testi-

420 4167 617 4220 moniis
642 4163 695 4217 iii
732 4160 982 4218 omnibus
1019 4160 1261 4230 gentibus
1299 4154 1577 4227 designata
1605 4166 1685 4213 cst
1711 4172 1724 4211 :
1747 4147 2001 4228 quidquid

418 4259 695 4311 attulerint
718 4294 734 4320 ,
771 4262 825 4309 ct
873 4252 1240 4321 undecumque
1269 4248 1606 4305 rccitavcrint
1644 4248 1730 4320 qui
1775 4248 1998 4316 dicunt,

420 4348 558 4404 Ecce
585 4351 665 4401 hic
705 4355 777 4400 cst
816 4345 1045 4400 Lliristiis
1066 4383 1082 4407 ,
1111 4356 1223 4395 ecce
1251 4342 1394 4406 illic;
1418 4341 1696 4396 audiamus
1724 4338 1898 4412 potius
1916 4381 1931 4405 ,
1955 4341 2000 4397 si

421 4453 552 4496 oves
577 4452 694 4508 eius
720 4448 925 4500 sumus,
954 4447 1139 4490 vocem
1173 4441 1400 4502 pastoris
1428 4431 1594 4487 nostri
1619 4431 1865 4497 dicentis,
1897 4429 2002 4486 No-

427 4539 518 4587 lite
542 4530 744 4585 credere
770 4524 982 4595 (illatth.
1014 4536 1167 4589 ssiv,
1192 4522 1307 4589 9.3).
1355 4520 1460 4576 lllm
1482 4521 1677 4592 quippe
1700 4521 1920 4593 singultu
1947 4518 1998 4576 in

422 4623 608 4680 multis
631 4617 872 4691 gentibus
896 4656 910 4682 ,
942 4602 1028 4669 ubi
1058 4614 1156 4668 ista
1198 4621 1283 4669 est
1305 4653 1321 4679 ,
1350 4625 1454 4666 non
1483 4609 1861 4666 inveniuntur:
1888 4611 2002 4667 lucc

424 4724 628 4777 autem,
653 4720 772 4780 qua:
792 4706 987 4778 ubique
1009 4696 1291 4777 cSt,ctiam
1319 4700 1405 4755 tibi
1431 4699 1536 4755 ill'.e
1560 4710 1686 4755 sunt
1711 4699 1998 4757 invenitur.

424 4804 570 4875 Lrgo
598 4820 647 4857 iii
671 4800 961 4869 Scripturis
984 4793 1184 4851 sanctis
1208 4790 1479 4848 canonicis
1503 4804 1622 4846 eam
1649 4790 1999 4862 requiramus.

495 4884 722 4952 CAPUT
754 4889 842 4945 IV.
865 4888 1006 4943 --7.
1045 4884 1212 4942 Totus
1234 4882 1479 4940 Christus
1519 4891 1679 4954 caput
1716 4892 1771 4939 et
1809 4896 2003 4953 corpus

421 4997 526 5044 cst.
550 4986 724 5056 Caput
760 4983 1060 5053 unigenitus
1087 4977 1178 5034 Dei
1206 4974 1370 5033 Filius
1388 4976 1410 5008 ¹
1431 4983 1489 5031 et
1527 4988 1720 5043 corpus
1749 4974 1867 5046 ejus
1891 4974 2005 5031 Ec-

423 5081 608 5141 clesia.
634 5089 863 5149 sponsus
883 5083 937 5130 et
960 5068 1176 5143 sponsa,
1197 5070 1304 5127 duo
1324 5069 1376 5123 in
1401 5080 1565 5125 carne
1585 5081 1689 5123 una
1710 5066 1922 5139 (Ephes.
1942 5082 2000 5135 v,

420 5172 517 5235 23,
542 5169 633 5235 50,
660 5167 775 5235 51).
802 5164 1134 5234 Quicumque
1160 5160 1231 5218 de
1256 5159 1372 5231 ipso
1398 5159 1593 5229 capite,
1622 5158 1691 5214 ab
1712 5156 2003 5229 Scripturis

426 5264 631 5322 sanctis
666 5255 1026 5325 dissentiunt,
1055 5252 1264 5312 etiamsi
1294 5252 1348 5308 in
1392 5249 1641 5307 omnibus
1678 5249 1810 5306 locis
1849 5250 2002 5309 inve-

486 5431 503 5464 ⁸
538 5436 717 5479 omnes
732 5421 870 5481 editi,
895 5417 1150 5484 animum
1178 5386 1234 5466 at
1248 5409 1729 5484 rioriaccnsiscodex
1750 5409 2005 5484 eleganter

421 5496 629 5556 scriptus
650 5489 816 5557 habet,
838 5480 1180 5573 (quartanas.
1202 5483 1345 5529 Certe
1366 5480 1645 5539 Cutzupitas
1665 5480 1880 5524 nominat
1920 5481 2006 5522 tiu-

419 5545 645 5619 gusiinus
661 5556 707 5600 in
732 5545 933 5609 epistola
949 5545 1028 5602 δῦ,
1050 5554 1099 5592 ιι.
1123 5545 1172 5592 ‘3.
1267 5598 1279 5610 .
1302 5598 1313 5610 ⁸

484 5617 508 5648 ⁸
538 5614 850 5664 t'loriaceuSis
869 5608 1046 5663 codex,
1070 5612 1199 5653 mus
1223 5600 1400 5669 (gilius.
1432 5666 1438 5669 _
1583 5667 1603 5669 _
1781 5659 1791 5669 ι
1845 5656 1876 5669 υ

485 5654 1130 5736 (αδξιᾶἔέιιίιιδ,
1156 5654 1321 5715 conlra
1356 5663 1558 5713 Litteras
1582 5658 1793 5711 Pctiliaui
1808 5692 1824 5722 ,
1845 5656 1931 5710 lib.
1954 5654 2004 5721 Β,

421 5730 528 5801 cap.
544 5730 661 5797 108,
677 5747 727 5785 ιι.
742 5730 854 5782 246.

1519 278 1795 338 CONTRA
1834 276 2256 338 DONATISTAS
2292 266 2643 355 EPIS'I'OLA,

3609 288 3707 350 396

2129 395 2343 454 nlantur
2368 399 2422 455 in
2448 401 2638 473 quibus
2663 400 2897 459 Ecclesia
2925 393 3196 479 designata
3220 384 3322 483 est,
3354 422 3463 465 non
3489 417 3617 466 sunt
3648 386 3701 485 iii

2125 489 2386 548 Ecclesia.
2416 494 2481 549 Et
2511 510 2697 551 rursus
2741 484 3060 572 quicumque
3101 498 3170 557 de
3212 500 3328 576 ipso
3355 503 3535 573 capite

2122 585 2291 663 pturis
2318 588 2523 661 sanctis
2551 590 2930 663 consentiunt,
2974 570 3030 648 et
3067 570 3257 650 unitati
3296 570 3560 653 Ecclesiae
3598 570 3697 667 non

2122 677 2539 744 communicant,
2570 694 2674 735 non
2700 681 2901 736 suntin
2940 680 3213 751 Ecclesia;
3238 685 3359 757 quia
3394 682 3466 741 de
3503 664 3699 744 Christi

2120 779 2376 837 corpore,
2403 767 2542 839 quod
2575 778 2658 826 est
2681 768 2919 827 Ecclesia
2942 773 3050 849 ,Iab
3085 772 3255 847 ipsius
3282 775 3481 832 Christi
3509 777 3698 833 testiﬁ-

2119 858 2325 915 catione
2362 859 2699 918 dissentiunt.
2750 861 2910 920 Verbi
2951 864 3157 937 gratia,
3184 865 3275 939 qui
3322 882 3429 924 non
3472 854 3702 926 credunt

2118 946 2388 1007 Christum
2417 952 2471 1008 in
2496 969 2656 1011 carne
2671 955 2879 1013 venisse
2898 955 2965 1012 de
2988 957 3190 1029 virgine
3210 942 3371 1016 Maria
3397 978 3468 1018 ex
3493 963 3701 1036 semine

2119 1038 2305 1110 David,
2339 1044 2478 1116 quod
2505 1046 2840 1117 apertissime
2874 1045 3147 1120 Scriptura
3185 1049 3281 1106 Dei
3308 1052 3581 1124 loquitur;
3610 1066 3700 1110 aut

2116 1147 2225 1188 non
2256 1133 2309 1189 in
2333 1149 2560 1207 corpore
2584 1132 2699 1208 ipso
2726 1140 3103 1208 resurrexisse,
3134 1139 3185 1196 in
3209 1157 3314 1213 quo
3336 1143 3627 1200 cruciﬁxus
3649 1154 3701 1202 et

2115 1225 2353 1298 sepultus
2393 1238 2513 1299 est;
2549 1229 2756 1287 etiamsi
2797 1247 2894 1304 per
2933 1248 3121 1290 omnes
3156 1244 3324 1292 terras
3362 1235 3701 1296 inveniantur

2116 1331 2212 1387 per
2236 1332 2368 1389 quas
2395 1328 2477 1375 est
2504 1320 2739 1379 Ecclesia
2763 1365 2778 1390 ,
2812 1338 2917 1380 non
2947 1325 3127 1397 utique
3174 1335 3297 1382 sunt
3335 1328 3388 1384 in
3415 1329 3658 1386 Ecclesia
3683 1350 3697 1388 :

2115 1408 2239 1479 quia
2290 1407 2463 1481 ipsum
2509 1421 2670 1484 caput
2714 1412 2968 1470 Ecclesia:
3014 1431 3119 1470 non
3173 1425 3392 1489 tenent,
3438 1418 3589 1492 quod
3616 1431 3698 1478 est

2114 1497 2359 1589 Eliristus
2382 1500 2569 1570 Jesus;
2614 1518 2714 1560 nec
2753 1503 2806 1559 in
2847 1504 3024 1576 aliqua
3061 1507 3358 1562 divinarum
3386 1509 3695 1587 Scriptura-

2113 1584 2232 1647 runi
2258 1592 2580 1650 obscuritate
2609 1594 2882 1664 falluntur,
2911 1598 3005 1653 sed
3037 1599 3327 1656 notissimis
3351 1611 3405 1657 et
3427 1584 3695 1674 apertissio

2112 1683 2215 1769 mis
2242 1699 2422 1740 carum
2450 1688 2766 1744 testimoniis
2785 1689 3169 1748 contradicunt.
3200 1692 3351 1762 Item,
3374 1694 3696 1775 quicumque

2112 1773 2336 1831 credunt
2369 1776 2580 1849 quidem
2621 1781 2760 1850 quod
2789 1779 3034 1856 Christus
3061 1781 3252 1851 Jesus,
3281 1785 3351 1842 ita
3391 1793 3452 1842 ut
3491 1773 3692 1845 dictum

2112 1872 2215 1933 cst,
2246 1865 2299 1921 in
2325 1881 2484 1924 carne
2509 1856 2730 1936 venerit,
2760 1881 2814 1927 et
2836 1871 3104 1945 in‘eadem
3128 1864 3307 1942 carne,
3334 1875 3386 1930 in
3408 1858 3513 1948 qua
3535 1860 3692 1937 natus

2111 1964 2166 2012 et
2196 1972 2383 2027 passus
2422 1969 2505 2016 est
2526 2003 2542 2027 ,
2570 1966 2923 2021 resurrexerit
2945 2007 2960 2032 ,
2985 1974 3040 2022 et
3080 1967 3195 2045 ipse
3226 1967 3296 2024 sit
3337 1969 3506 2027 Filius
3552 1972 3688 2045 Dei,

2111 2046 2252 2104 Deus
2279 2050 2418 2122 apud
2448 2050 2633 2121 Deum,
2674 2064 2870 2111 etcum
2900 2056 3057 2114 Patre
3080 2042 3242 2114 unum
3265 2100 3282 2127 ,
3310 2069 3363 2117 et
3388 2042 3691 2120 incommu;

2112 2138 2273 2196 labile
2298 2141 2526 2199 Verbum
2554 2144 2723 2202 Patris
2750 2147 2797 2212 ί.
2830 2158 2927 2217 per
2950 2147 3093 2220 quod
3135 2148 3271 2205 facta
3301 2161 3427 2207 sunt
3465 2138 3644 2210 omnia
3670 2168 3687 2220 ;

2110 2229 2206 2311 sed
2236 2240 2412 2288 tamen
2453 2232 2521 2289 ab
2548 2234 2663 2317 ejus
2705 2222 2929 2309 corpore
2952 2278 2966 2304 ,
2997 2238 3140 2308 quod
3180 2249 3265 2295 est
3305 2234 3543 2298 Ecclesia
3566 2286 3581 2313 ,
3614 2236 3688 2300 ita

2110 2320 2461 2403 dissentiunt,
2495 2333 2551 2380 ut
2586 2338 2773 2382 eorum
2807 2318 3111 2384 communio
3154 2345 3259 2386 non
3302 2332 3369 2387 sit
3409 2347 3528 2389 cum
3573 2343 3689 2391 toto

2107 2428 2441 2488 quacumque
2476 2406 2815 2486 diffunditur,
2840 2419 2937 2476 sed
2964 2418 3019 2476 in
3055 2421 3229 2493 aliqua
3262 2432 3413 2494 parte
3440 2428 3687 2496 separata

2109 2503 2439 2573 inveniatur;
2471 2508 2808 2566 manifesmm
2840 2520 2923 2568 est
2946 2527 3040 2568 eos
3058 2528 3162 2568 non
3191 2528 3310 2570 esse
3336 2506 3389 2569 in
3418 2512 3683 2572 catholica

2109 2592 2371 2679 Ecclesia.
2415 2590 2749 2679 Quapropter
2771 2644 2786 2670 ,
2811 2603 2934 2674 quia
2964 2616 3083 2659 cum
3126 2603 3412 2662 Donatistis
3456 2608 3688 2679 quaestio

2109 2686 2263 2743 nobis
2291 2700 2393 2755 est,
2417 2706 2521 2745 non
2544 2690 2611 2747 de
2642 2690 2842 2763 capite,
2873 2694 2966 2749 sed
2992 2693 3061 2751 de
3084 2709 3328 2768 corpore,
3356 2696 3406 2753 id
3435 2708 3542 2766 est,
3570 2713 3684 2756 non

2108 2776 2176 2835 de
2201 2779 2318 2851 ipso
2347 2782 2608 2839 salvatore
2646 2784 2772 2840 Jesu
2797 2776 3042 2854 Christo,
3067 2772 3161 2843 sed
3188 2784 3254 2844 de
3277 2788 3392 2858 ejus
3410 2788 3682 2860 Ecclesia;

2108 2873 2279 2945 ipsum
2302 2885 2458 2945 caput
2481 2876 2549 2933 de
2574 2892 2679 2948 quo
2706 2866 3088 2947 consentimus,
3120 2880 3364 2937 ostendat
3388 2881 3539 2939 nobis
3558 2896 3688 2940 cor-

2108 2960 2207 3041 pus
2232 2956 2382 3028 suum
2417 2967 2484 3028 de
2526 2984 2630 3045 quo
2651 2969 3015 3039 dissentimus,
3038 2982 3096 3030 ut
3122 2984 3220 3046 per
3247 2973 3359 3047 ejus
3387 2972 3543 3033 verba
3566 2974 3685 3048 jam

2106 3062 2386 3118 dissentire
2406 3060 2726 3118 desinamus.
2758 3060 2851 3120 llle
2877 3072 2958 3118 est
2985 3056 3164 3120 autem
3192 3066 3489 3137 unigenitus
3510 3064 3687 3122 Filius

2107 3140 2163 3207 et
2199 3152 2429 3231 Verbum
2462 3153 2589 3222 Dei;
2626 3159 2682 3209 et
2715 3154 2838 3211 ideo
2876 3169 2976 3211 nec
3007 3148 3289 3227 Propheta:
3345 3156 3515 3213 sancti
3551 3156 3684 3213 vera

2107 3234 2605 3325 loQui‘potuissent,
2635 3234 2734 3300 nisi
2763 3245 2830 3300 ab
2859 3244 2971 3317 ipsa
2995 3246 3237 3313 veritate,
3267 3247 3407 3325 quod
3436 3257 3517 3305 est
3546 3247 3690 3304 Ver-

2104 3334 2229 3392 bum
2258 3334 2389 3404 Dei,
2414 3337 2840 3394 manifestaretur
2867 3338 2946 3394 eis
2975 3338 3112 3410 quod
3142 3328 3381 3396 dicerent
3404 3383 3419 3404 ,
3450 3348 3503 3396 et
3523 3340 3687 3411 jube-

2104 3437 2253 3485 retur
2277 3436 2336 3484 ut
2374 3416 2633 3486 dicerent.
2668 3428 2898 3487 Proinde
2940 3424 3202 3501 prioribus
3233 3431 3553 3502 temporibus
3581 3444 3689 3503 pet

2104 3508 2401 3591 Prophetas
2428 3519 2602 3576 sonuit
2635 3518 2867 3577 Verbum
2896 3520 2990 3576 Dei
3013 3538 3028 3575 :
3050 3519 3241 3577 deinde
3270 3535 3366 3592 per
3385 3534 3444 3578 se
3467 3522 3637 3592 ipsum
3657 3564 3680 3591 ,

2104 3598 2227 3669 cum
2280 3609 2498 3669 Verbum
2536 3620 2653 3668 caro
2699 3608 2891 3683 factum
2929 3612 3001 3668 est
3027 3656 3042 3682 ,
3074 3611 3387 3691 etpliabitavit
3429 3614 3484 3669 in
3530 3615 3685 3670 nobis

2099 3698 2288 3783 ’(Joan.
2318 3722 2360 3776 i,
2403 3705 2491 3781 14)
2525 3692 2754 3762 :deinde
2782 3720 2879 3776 per
2904 3690 3191 3776 Apostolus
3214 3749 3230 3774 ,
3261 3720 3395 3778 quos
3436 3706 3582 3762 misit
3608 3706 3686 3763 ad

2104 3788 2206 3857 se”
2234 3788 2624 3872 praedicandum
2669 3786 2892 3871 (Manli.
2924 3811 3131 3865 xxvni,
3164 3796 3250 3867 19,
3283 3799 3387 3871 20)
3407 3841 3421 3866 ,
3452 3810 3509 3855 ut
3536 3808 3693 3857 esset

2103 3893 2249 3950 salus
2289 3906 2456 3962 usque
2502 3890 2569 3945 ad
2612 3888 2746 3946 lines
2789 3897 2965 3945 terrae.
2994 3884 3053 3945 In
3100 3889 3183 3946 liis
3230 3890 3391 3962 igitur
3427 3891 3683 3950 omnibus

2102 3982 2386 4057 quaerenda
2414 3989 2496 4038 est
2522 3980 2780 4036 Ecclesia.
3187 4054 3193 4059 .

2174 4068 2399 4130 CAPUT
2424 4070 2489 4126 γ.
2520 4100 2592 4112 ——
2622 4068 2676 4126 8.
2718 4067 2824 4126 Sed
2861 4067 3108 4143 quoniam
3146 4068 3310 4125 multa
3349 4068 3405 4126 in
3434 4070 3564 4127 alios
3594 4074 3687 4130 vel

2103 4154 2172 4220 ob
2200 4161 2341 4218 aliud
2381 4160 2520 4217 dicta
2545 4201 2561 4228 ,
2592 4159 2646 4215 in
2684 4170 2820 4230 quos
2846 4159 3065 4239 volunt,
3094 4167 3149 4216 et
3174 4160 3239 4215 ad
3269 4175 3403 4239 quos
3446 4162 3636 4218 volunt
3655 4164 3687 4196 ⁸

2102 4242 2345 4310 maledici
2375 4252 2685 4324 plerumque
2712 4238 3046 4318 convertunt,
3074 4251 3237 4306 multa
3270 4238 3429 4307 etiam
3460 4261 3687 4323 propter

2103 4343 2430 4404 exercendas
2453 4343 2740 4401 rationales
2766 4351 2974 4400 mentes
3016 4344 3239 4414 ﬁgurate
3266 4351 3423 4415 atQue
3448 4344 3686 4404 obscure

2105 4437 2278 4509 posita
2310 4450 2405 4507 per
2430 4434 2728 4511 tenigmatis
2755 4434 3009 4505 imagines
3034 4434 3115 4490 vel
3153 4434 3504 4506 ambiguitatis
3529 4439 3687 4494 anci-

2101 4530 2268 4599 pitem
2293 4530 2507 4582 Sensum
2528 4567 2545 4594 ,
2576 4524 2749 4582 fallaci
2775 4525 3060 4597 aliquando
3086 4524 3509 4595 interpretationi
3539 4541 3681 4584 con-

2104 4633 2297 4676 sonare
2324 4627 2378 4676 et
2421 4620 2705 4675 convenire
2748 4618 3059 4686 creduntur,
3091 4616 3195 4673 hoc
3237 4616 3399 4674 etiam
3442 4617 3683 4688 pmdieo

2104 4723 2261 4785 atque
2290 4725 2528 4783 propono
2547 4751 2562 4777 ,
2589 4708 2649 4765 ut
2675 4724 2898 4781 quaeque
2933 4717 3116 4780 aperta
3140 4717 3196 4765 et
3220 4708 3499 4765 manifesta
3535 4706 3682 4767 deli-

2102 4816 2310 4877 gamus.
2337 4802 2468 4871 Quae
2493 4801 2537 4857 si
2558 4800 2613 4856 in
2630 4800 2828 4857 sanctis
2846 4796 3135 4871 Scripturis
3162 4814 3264 4856 non
3285 4799 3677 4870 invenirentur,

2104 4895 2252 4952 nullo
2280 4892 2440 4948 modo
2466 4901 2609 4948 esset
2634 4890 2777 4947 unde
2804 4891 3134 4961 aperirentur
3159 4889 3338 4945 clausa
3360 4898 3416 4946 et
3439 4890 3679 4946 illustra-

2105 4997 2291 5043 reiitur
2314 4982 2557 5041 obscura.
2581 4982 2742 5039 Verbi
2769 4982 2911 5037 enim
2930 4981 3118 5053 gratia,
3148 4981 3323 5037 videte
3346 4995 3500 5054 quam
3525 4980 3681 5039 facile

2106 5079 2176 5135 sit
2199 5079 2285 5134 vel
2313 5075 2468 5134 nobis
2506 5075 2559 5131 in
2588 5088 2683 5131 eos
2710 5073 2889 5130 dicere
2907 5111 2924 5140 ,
2953 5071 3041 5128 vel
3081 5072 3185 5127 illis
3209 5072 3264 5128 in
3290 5087 3411 5140 nos,
3437 5072 3580 5145 quod
3605 5075 3679 5130 ait

2105 5171 2366 5229 Dominus
2392 5168 2676 5226 Pbarisaeis
2699 5183 2713 5220 :
2737 5158 2945 5222 Similes
2970 5165 3086 5221 uti:
3110 5167 3443 5221 monumentis
3469 5165 3680 5221 dealba-

2105 5264 2189 5332 tis,
2220 5279 2334 5338 qua:
2358 5263 2517 5335 aforis
2541 5264 2788 5333 ἅβραι-επὶ
2811 5252 3093 5313 hominibus
3117 5259 3363 5329 speciosa,
3402 5258 3538 5314 intus
3565 5273 3677 5313 vero

2108 5358 2256 5430 plena
2278 5363 2396 5411 sunt
2422 5352 2615 5408 ossibus
2649 5358 2963 5404 mortuorum
2988 5356 3036 5404 et
3068 5350 3209 5403 omni
3226 5349 3470 5420 spurcitia
3488 5365 3508 5402 :
3525 5347 3597 5401 sic
3631 5356 3678 5402 et

2106 5464 2191 5507 vos
2216 5448 2373 5521 «foris
2397 5444 2599 5516 quidem
2618 5440 2874 5514 apparatis
2896 5440 3180 5497 hominibus
3194 5439 3348 5512 justi,
3362 5439 3677 5500 intuentem

2173 5590 2190 5623 ί
2224 5586 2353 5648 idem
2370 5566 2544 5648 cedes,
2568 5586 2615 5632 et
2634 5575 3014 5648 incommutabile
3039 5588 3186 5648 unum
3204 5573 3397 5648 verbum
3422 5569 3591 5626 Patris.

2167 5652 2189 5683 ί
2220 5639 2538 5700 Florlacensis
2554 5648 2654 5703 iis,
2678 5642 2744 5704 ad
2766 5639 3160 5704 medicamina,
3178 5639 3371 5700 omisso,
3395 5648 3446 5688 se

2170 5713 2191 5747 ³
2222 5710 2352 5762 idem
2371 5705 2546 5769 codex,
2568 5709 2614 5757 et
2633 5700 2700 5757 ad
2721 5700 2846 5769 quod
2862 5700 3035 5755 volam.
