3792 6130
44 348 139 409 39⁸1
949 348 1121 391 vaco
1150 328 1239 386 DE
1278 321 1578 384 UNITATE
1618 318 1978 377 ECCLESIIE
2019 317 2222 374 LIBER
2261 315 2461 374 UNUS.

45 465 171 539 pleni
199 463 326 520 estis
354 458 613 535 hypocrisi
641 463 685 511 et
704 452 966 526 iniquitate
998 445 1211 521 (Matth.
1237 441 1498 510 xxm,27,
1522 437 1640 510 28).

45 562 164 618 Eme
188 558 311 614 sive
333 558 388 613 in
416 555 539 610 illos
561 568 589 607 a
626 549 776 606 nobis
796 589 811 615 ,
837 545 951 600 sive
976 542 1043 598 ab
1059 539 1140 598 eis
1159 540 1213 595 in
1242 551 1342 592 nos
1371 535 1640 599 dicantur,

45 652 143 709 nisi
180 651 344 720 prius
388 645 652 718 probetur
696 632 1155 695 manifestissimis
1182 624 1521 686 documentis
1550 621 1645 693 qui

47 727 168 809 sint,
198 743 297 814 qui
325 717 452 796 cum
489 737 596 792 sint
623 731 832 804 injusti,
853 729 1030 800 justos
1056 739 1116 814 se
1161 737 1283 779 esse
1310 717 1645 787 conﬁngant,

48 834 388 893 conviciante
414 829 582 899 magis
612 803 830 881 levitate
862 833 1020 892 quam
1042 803 1399 873 cdnvincente
1426 808 1650 864 veritate

49 927 179 992 dici,
209 925 342 997 quis
379 898 725 978 mediocriter
777 929 942 970 sanus
973 906 1224 980 ignoret?
1252 903 1424 960 Aliter
1451 898 1651 972 quippe

50 1024 133 1078 illa
160 992 430 1076 Dominus
451 1015 504 1069 in
527 1011 826 1068 Pharisaeos
851 1001 1067 1061 dicebat
1087 1009 1340 1071 tanquam
1368 992 1647 1057 Dominus,

50 1114 100 1172 id
127 1121 212 1168 est
239 1109 492 1181 cognitor
518 1102 712 1167 cordis,
738 1107 794 1155 et
817 1099 1175 1153 humanorum
1202 1088 1443 1146 omnium
1465 1097 1652 1140 secre-

55 1218 223 1263 torum
266 1178 340 1260 etv
357 1200 507 1257 testis
535 1204 590 1252 et
625 1193 788 1265 judex
823 1209 837 1244 :
874 1203 975 1245 nos
1003 1196 1183 1241 autem
1217 1182 1368 1253 prius
1395 1178 1652 1234 debemus

53 1297 296 1354 invenire
329 1301 382 1348 et
409 1287 696 1346 ostendere
722 1281 848 1354 quid
877 1289 1185 1350 arguamus,
1219 1288 1286 1328 ne
1330 1269 1432 1341 ipsi
1474 1265 1657 1339 potius

53 1388 374 1463 gravissimo
415 1382 643 1440 crimine
691 1379 902 1432 insanae
954 1367 1274 1427 temeritatis
1338 1374 1649 1434 arguamur.

53 1483 209 1548 Sane,
241 1479 292 1534 si
341 1483 466 1532 ante
519 1469 800 1528 docuerint
854 1479 956 1520 nos
981 1463 1114 1518 tales
1136 1473 1276 1524 esse,
1312 1465 1650 1525 nequaquam

56 1547 315 1630 recuSare
364 1565 626 1622 debemus
679 1558 875 1614 talibus
902 1562 1210 1610 sanctarum
1258 1547 1657 1616 Scripturarum

56 1663 233 1721 verbis
261 1677 364 1718 nos
409 1653 735 1728 reprehendi
760 1661 921 1722 atque
950 1644 1226 1703 contundi.
1257 1641 1334 1697 Ita
1358 1639 1404 1695 si
1436 1652 1536 1693 nos
1564 1649 1661 1691 eos

60 1759 189 1814 tales
219 1769 347 1811 esse
376 1748 743 1812 docuerimus,
776 1743 882 1800 erit
908 1738 1156 1797 similiter
1183 1736 1238 1790 in
1264 1738 1530 1804 potestate
1557 1743 1660 1784 no-

60 1860 188 1916 stra,
235 1844 441 1918 quibus
466 1838 754 1898 dominicis
804 1829 1266 1904 increpationibus
1292 1825 1403 1898 jam
1432 1823 1660 1880 demon-

59 1951 259 1998 stratos
289 1937 675 2005 convictosque
704 1930 983 1987 feriamus.

124 2053 176 2109 9.
220 2052 317 2108 Sic
342 2059 397 2106 et
424 2047 512 2104 illa
539 2044 751 2101 interim
776 2036 1089 2112 seponenda
1113 2043 1273 2100 sunt,
1296 2047 1416 2105 qua:
1436 2029 1665 2086 obscure

59 2147 227 2219 posita
257 2153 317 2201 et
366 2143 652 2215 ﬁgurarum
695 2134 1045 2214 velaminibus
1075 2129 1309 2185 involuta
1330 2170 1344 2193 ,
1375 2135 1429 2183 et
1471 2139 1664 2180 secun-

60 2244 182 2296 dum
232 2253 375 2306 nos,
431 2243 486 2291 et
531 2230 824 2288 secundum
870 2228 991 2282 illos
1031 2230 1259 2295 possunt
1302 2215 1663 2290 interpretari.

63 2334 155 2389 Est
202 2330 425 2403 quidem
473 2334 750 2381 acutorum
784 2322 802 2353 ί
847 2318 1122 2374 hominum
1165 2312 1460 2384 dijudicare
1509 2319 1668 2380 atque

64 2398 405 2485 discernere,
451 2418 571 2490 quis
598 2431 662 2472 ea
707 2410 1039 2483 probabilius
1081 2407 1463 2477 interpretetur
1510 2419 1523 2454 :
1571 2398 1667 2456 sed

67 2516 317 2571 nolumus
346 2511 400 2566 in
427 2509 525 2564 has
546 2505 882 2577 ingeniorum
903 2498 1296 2564 contentiones,
1322 2495 1374 2549 in
1396 2509 1457 2549 ea
1483 2505 1665 2560 causa,

67 2622 177 2677 qum
207 2603 444 2676 populos
472 2607 618 2655 tenet
636 2599 680 2665 ’,
711 2602 950 2650 nostram
978 2587 1396 2660 diSputationem
1423 2582 1669 2639 commit-

68 2673 369 2755 tereiNdlli
419 2699 662 2747 nostrum
706 2685 926 2743 dubium
974 2691 1058 2738 est
1088 2723 1106 2750 ,
1153 2695 1253 2751 per
1299 2692 1478 2732 arcam
1520 2673 1665 2741 Noe,

72 2793 211 2848 salva
258 2802 447 2846 rerum
474 2794 742 2856 gestarum
774 2778 912 2842 ﬁde,
960 2783 1022 2832 ut
1065 2773 1258 2830 deletis
1303 2767 1672 2843 peccatoribus

72 2887 259 2943 domus
296 2881 432 2954 justi
475 2893 506 2933 a
547 2875 747 2932 diluvio
787 2872 1123 2933 liberaretur,
1179 2865 1338 2920 etiam
1378 2859 1672 2917 Ecclesium

73 2980 232 3035 fuisse
259 2975 564 3047 ﬁguratam.
593 2969 722 3038 Quae
741 2966 877 3021 forte
902 2960 1120 3018 humani
1147 2957 1342 3029 ingenii
1365 2954 1673 3023 conjectura

73 3073 362 3133 videretur,
413 3066 518 3121 nisi
547 3064 652 3119 hoc
694 3060 884 3116 Petrus
929 3053 1202 3125 apostolus
1229 3052 1282 3105 in
1313 3047 1534 3120 epistola
1578 3061 1674 3101 sua

76 3165 269 3221 diceret
300 3159 347 3234 (Ι
372 3158 516 3214 Petr.
545 3170 602 3212 Ill
630 3194 645 3221 ,
664 3151 755 3219 20,
784 3149 898 3220 21).
925 3145 1034 3204 Sed
1063 3143 1204 3216 quod
1234 3141 1325 3196 ille
1351 3139 1423 3196 ibi
1455 3153 1562 3194 non
1591 3136 1674 3192 di-

76 3257 176 3323 xit,
221 3255 266 3310 si
299 3229 422 3323 quis
448 3256 690 3305 nostrum
738 3241 912 3304 dicat,
943 3244 1232 3309 propterea
1257 3239 1446 3287 cuncta
1474 3229 1677 3284 anima-

76 3349 199 3405 lium
231 3321 434 3420 genera
476 3341 549 3398 ibi
597 3337 795 3404 fuisse,
847 3332 971 3404 quia
1021 3330 1078 3385 in
1129 3325 1381 3383 omnibus
1429 3321 1677 3395 gentibus

78 3415 259 3497 futura
294 3431 755 3509 prmnuntiabatur
794 3424 1074 3491 Ecclesia,
1119 3419 1348 3477 fortasse
1390 3415 1679 3471 Donatistis

80 3534 214 3591 aliud
243 3505 494 3587 videatur
519 3567 534 3594 ,
576 3533 629 3580 et
658 3522 812 3577 aliter
860 3517 964 3574 hoc
1009 3509 1349 3583 interpretari
1377 3507 1563 3563 velint.
1595 3505 1680 3562 Si-

80 3626 275 3681 militer
301 3629 358 3678 et
404 3617 505 3691 ipsi
532 3612 732 3686 aliquid
761 3613 986 3667 obscure
1016 3614 1072 3662 et
1117 3603 1366 3674 ambigue
1408 3601 1638 3671 positum
1659 3639 1676 3665 ,

82 3719 125 3776 si
151 3731 249 3789 pro
275 3728 373 3771 sua
402 3689 667 3767 sententia
707 3706 1148 3772 interpretentur,
1182 3697 1227 3751 si
1267 3693 1423 3749 nobis
1453 3698 1633 3762 pateat
1653 3689 1676 3722 ³

84 3781 220 3866 aliud
249 3807 378 3864 inde
397 3803 577 3861 dicere
601 3797 746 3870 quod
771 3811 867 3867 pro
893 3793 1049 3848 nobis
1071 3796 1245 3857 sonat,
1271 3787 1391 3859 quis
1410 3787 1513 3841 erit
1535 3781 1681 3838 ﬁnis?

83 3905 212 3962 Nam
239 3900 460 3976 quidam
486 3909 672 3952 eorum
699 3891 980 3962 episcopus
1000 3928 1014 3953 ,
1044 3899 1166 3941 cum
1193 3882 1282 3937 hic
1307 3881 1446 3952 apud
1475 3878 1680 3948 [lippo-

85 4013 199 4053 nem
221 4037 237 4063 ,
267 3995 407 4050 sicut
439 3987 767 4047 audivimus,
808 3993 1115 4038 sermonem
1142 3977 1198 4032 in
1225 3973 1423 4047 populo
1453 3972 1681 4036 faceret,

87 4062 230 4145 dixit,
256 4083 501 4143 eamdem
530 4093 708 4135 arcam
734 4075 848 4132 Noe
872 4073 992 4129 ideo
1033 4068 1404 4125 bituminatam
1433 4062 1688 4118 intrinse-

87 4197 176 4239 cus
194 4224 212 4249 ,
240 4195 314 4237 ne
338 4189 532 4248 aquam
552 4171 820 4228 emitteret
838 4179 1022 4230 suam;
1054 4161 1174 4218 ideo
1197 4168 1375 4214 autem
1404 4156 1564 4211 etiam
1586 4168 1686 4210 ex-

91 4245 369 4334 trinsecus,
390 4245 464 4324 ne
483 4264 788 4322 admitteret
802 4258 1054 4314 alienam.
1073 4253 1154 4310 Ad
1178 4251 1281 4307 hoc
1303 4250 1486 4320 utique
1508 4245 1688 4302 valere

94 4366 258 4422 voluit
307 4363 450 4418 hanc
509 4352 1038 4428 interpretationem,
1110 4361 1180 4401 ne
1237 4341 1544 4412 Baptismus
1598 4335 1689 4394 vel

94 4468 237 4513 extra
267 4451 568 4510 Ecclesiam
619 4459 777 4518 posse
803 4442 956 4500 exire
981 4436 1266 4502 credatur,
1310 4433 1395 4488 vel
1419 4430 1510 4502 qui
1538 4439 1692 4485 extra

95 4549 243 4606 datus
268 4545 432 4604 fuerit
451 4584 468 4612 ,
497 4546 826 4610 acceptetur.
854 4533 1016 4590 Visus
1047 4537 1133 4586 est
1165 4523 1365 4598 aliquid
1395 4523 1608 4588 dicere,
1636 4530 1692 4578 et

97 4643 444 4698 acclamatum
487 4641 571 4690 est
607 4631 674 4686 ab
702 4629 782 4686 eis
819 4625 909 4697 qui
957 4623 1185 4678 libenter
1228 4615 1546 4682 audiebant,
1595 4626 1694 4668 nec

100 4732 378 4804 diligenter
420 4727 490 4783 de
520 4726 602 4780 his
643 4736 764 4794 qua:
789 4715 1068 4774 audierant
1094 4710 1416 4782 cogitabant,
1439 4714 1519 4774 ut,
1549 4701 1694 4775 quod

102 4801 210 4882 eral
235 4823 397 4882 facile
415 4863 431 4890 ,
460 4819 803 4876 adverterent
831 4810 945 4868 ﬁeri
974 4823 1079 4863 non
1104 4819 1262 4876 posse
1284 4812 1341 4858 ut
1360 4801 1694 4858 extrinsecus

104 4919 342 4975 admittat
369 4926 560 4985 aquam
600 4919 862 4980 compago
907 4902 1213 4973 lignorum,
1262 4894 1308 4949 si
1349 4908 1456 4949 non
1502 4889 1697 4946 emittit

46 5039 55 5090 ί
104 4983 484 5068 intrinsecus:
532 5003 578 5058 si
623 5008 801 5056 autem
844 4995 913 5050 ab
958 5007 1023 5048 ea
1069 4995 1220 5061 parte
1264 5000 1384 5057 quas
1425 4983 1568 5038 intus
1612 4990 1696 5050 est

104 5104 322 5170 emittit,
349 5109 683 5168 consequens
709 5105 831 5148 esse
858 5097 915 5143 ut
939 5085 1006 5142 ab
1033 5098 1096 5140 ea
1121 5081 1281 5137 etiam
1308 5092 1428 5149 qua:
1455 5082 1538 5131 est
1563 5072 1698 5130 foris

104 5198 360 5255 admittat.
383 5190 491 5250 Sed
521 5187 624 5246 etsi
657 5186 764 5242 hoc
782 5182 852 5238 de
872 5185 1152 5248 compacto
1176 5174 1320 5244 ligno
1341 5184 1528 5226 verum
1553 5175 1699 5224 esset

53 5265 62 5360 ἶ
106 5290 242 5363 quod
274 5287 367 5344 ille
395 5283 571 5350 dixit,
614 5278 735 5350 quis
764 5291 852 5331 me
880 5269 1196 5344 prohiberet
1218 5265 1287 5321 de
1306 5277 1427 5318 arca
1452 5276 1518 5316 ex
1543 5265 1697 5314 utra-

109 5350 202 5451 que
220 5386 374 5452 parte
397 5373 708 5432 bituminata
726 5411 742 5437 ,
770 5367 813 5422 si
844 5377 1056 5438 possem
1076 5355 1278 5430 aliquid
1310 5351 1456 5411 aliud
1479 5350 1661 5407 dicere
1679 5391 1696 5416 ,

108 5442 163 5531 ut
217 5442 485 5531 incertum
526 5472 671 5522 esset
716 5459 844 5533 quid
895 5458 1085 5511 horum
1111 5493 1124 5516 ,
1169 5449 1254 5505 vel
1287 5445 1414 5518 quid
1470 5442 1698 5500 fortasse

110 5569 242 5627 aliud
257 5565 471 5624 tertium
491 5574 580 5618 res
603 5557 692 5614 illa
712 5547 1078 5626 signiﬁca-et?
1099 5545 1278 5615 Neque
1301 5540 1444 5598 enim
1466 5535 1698 5594 absurde

171 5751 187 5784 ¹
223 5755 273 5798 lu
293 5749 421 5805 Mss...
439 5747 708 5794 caularum.

170 5815 189 5845 ι
296 5781 806 5858 ἶῖδιῖἷθνέὲῖἶξίξὲᾶἰρκ.
828 5802 879 5846 Αἱ
906 5792 1040 5854 editi,
1067 5801 1210 5854 quam
1233 5781 1435 5852 populus
1460 5785 1599 5832 tenet.

174 5877 192 5908 ³
223 5875 359 5934 Alias,
386 5868 590 5934 placeat.
658 5870 710 5930 at.

3234 304 3340 367 393

1752 435 1967 500 dicitur,
1987 445 2076 491 aut
2097 451 2201 490 non
2224 435 2384 490 etiam
2408 433 2573 488 multo
2597 428 2941 502 probabilius,
2958 441 3056 498 per
3077 425 3341 495 bitumen,

1753 533 1877 602 quia
1928 531 2219 586 violentum
2266 529 2450 600 gluten
2495 536 2549 584 et
2619 541 2706 583 res
2753 522 3174 581 ferventisssima
3223 531 3343 592 est,

1756 623 2107 697 signiﬁcatam
2151 637 2269 678 esse
2298 620 2630 676 charitatem.
2674 616 2830 675 Unde
2869 617 3012 673 enim
3053 615 3249 672 dicitur
3289 613 3348 671 in

1756 716 1969 772 Psalmo
1987 757 2002 783 ,
2031 713 2356 787 Agglutinata
2381 721 2452 767 est
2479 713 2647 766 anima
2670 727 2781 765 mea
2808 717 2918 780 post
2943 716 2991 763 te
3013 705 3185 781 (Psal.
3208 723 3344 778 LXII,

1757 808 1854 880 9),
1883 808 1984 863 nisi
2011 805 2417 878 ﬂagrantissima
2445 799 3174 872 charitate?Quse,quoniam
3204 816 3348 872 prte-

1759 908 1973 970 ceptum
2013 907 2128 967 est,
2160 907 2218 954 ut
2244 898 2314 954 sit
2342 897 2496 952 nobis
2548 896 2602 950 in
2651 894 2885 950 invicem
2929 900 2983 949 et
3027 892 3080 948 in
3127 907 3346 960 omnes,

1761 993 1884 1049 ideo
1912 1002 1966 1048 et
1994 994 2138 1049 intus
2163 1001 2219 1049 et
2246 992 2376 1048 loris
2400 1005 2523 1046 arca
2553 989 2887 1045 bituminata.
2918 990 3026 1042 Aut
3053 998 3200 1044 certe
3226 989 3352 1060 quia

1761 1085 2016 1155 scriptum
2048 1093 2160 1150 est,
2194 1082 2427 1138 Charitas
2456 1080 2626 1135 omnia
2654 1079 2835 1134 tolerat
2860 1077 2878 1149 (
2908 1077 2928 1132 1
2959 1077 3077 1134 Cor.
3106 1093 3220 1146 xnt,
3249 1077 3304 1150 7)
3333 1095 3348 1133 :

1762 1175 1845 1232 vis
1871 1177 1985 1246 ipsa
2010 1174 2306 1230 tolerantiae
2331 1181 2488 1227 tenax
2520 1171 2735 1226 unitatis
2762 1185 2861 1240 per
2888 1169 3123 1226 bitumen
3153 1168 3356 1240 signiﬁ-

1763 1279 1883 1324 cata
1907 1275 2007 1334 est,
2032 1281 2137 1338 quo
2154 1266 2275 1322 ideo
2291 1265 2432 1320 intus
2455 1273 2509 1320 et
2526 1262 2657 1319 foris
2673 1277 2794 1319 arca
2818 1262 2947 1318 illita
2964 1261 3189 1333 est,quia
3212 1262 3358 1319 intus

1765 1371 1819 1418 et
1832 1362 1958 1417 l‘oris
1979 1360 2106 1415 mali
2130 1359 2388 1416 tolerandi
2409 1367 2554 1422 sunt,
2575 1372 2643 1412 ne
2661 1356 2807 1428 pacis
2823 1370 3082 1426 compago
3097 1353 3355 1411 solvatur.

1765 1453 1824 1509 In
1859 1454 1957 1508 hac
1983 1469 2112 1523 ergo
2140 1451 2500 1522 disputatione
2527 1459 2706 1504 nostra
2749 1461 3029 1519 parcamus
3053 1446 3246 1503 talibus
3270 1445 3358 1502 in-

1767 1545 2260 1617 terpretationibus,
2289 1553 2344 1599 et
2371 1552 2616 1616 apertum
2640 1541 2839 1614 aliquid
2861 1556 2968 1614 quo
2991 1541 3363 1599 manifestetur

1766 1640 2004 1697 Ecclesia
2033 1638 2391 1710 requiramus.

1841 1732 1928 1789 10.
1956 1732 2161 1802 Nempe
2189 1732 2446 1802 scriptum
2469 1737 2554 1786 est
2577 1729 2630 1785 in
2656 1729 2794 1786 libro
2813 1727 3054 1800 judicum
3084 1744 3100 1783 :
3139 1727 3210 1784 Et
3232 1727 3366 1784 dixit

1771 1825 1974 1882 Gedeon
1997 1825 2064 1879 ad
2090 1824 2364 1879 Dominum
2389 1839 2408 1878 :
2441 1823 2692 1890 Quoniam
2721 1832 2776 1876 tu
2799 1821 2994 1877 salvum
3018 1821 3173 1894 {acies
3195 1818 3367 1877 Israel

1769 1917 1823 1972 in
1847 1934 2000 1971 manu
2024 1932 2136 1971 mea
2160 1958 2175 1983 ,
2206 1913 2629 1986 quemadmodum
2649 1913 2843 1968 locutus
2865 1927 2957 1978 es;
2981 1926 3095 1967 ecce
3110 1927 3204 1985 ego
3231 1927 3365 1981 pono

1772 2010 1931 2064 vellus
1959 2009 2092 2064 lana:
2140 2009 2194 2062 in
2228 2023 2369 2072 area,
2400 2014 2448 2060 et
2489 2007 2532 2061 si
2577 2007 2742 2077 factus
2767 2005 2920 2077 fuerit
2953 2020 3038 2060 ros
3081 2003 3136 2059 in
3162 2003 3363 2072 vellere,

1771 2101 1827 2154 in
1872 2115 2072 2154 omnem
2114 2114 2228 2153 vero
2256 2107 2444 2152 terram
2469 2096 2690 2160 siccitas,
2718 2096 2876 2150 sciam
2902 2095 3143 2160 quoniam
3169 2094 3369 2149 saluum

1775 2192 1902 2266 facis
1926 2194 1980 2246 in
2007 2208 2164 2246 manu
2187 2206 2299 2245 mea
2322 2187 2490 2244 Israel
2510 2231 2525 2257 ,
2556 2187 2687 2243 sicut
2732 2189 2928 2242 locutus
2957 2205 3029 2243 es.
3061 2186 3130 2241 Et
3173 2187 3372 2258 factum

1774 2295 1849 2341 est
1873 2287 1944 2341 sic
1973 2301 1992 2339 :
2011 2295 2056 2339 et
2084 2282 2310 2338 diluculo
2330 2282 2553 2353 vigilavit
2575 2279 2777 2335 Gedeon
2799 2280 2854 2335 in
2875 2280 3152 2335 crastinum
3171 2321 3186 2347 ,
3213 2287 3260 2335 et
3279 2296 3371 2336 ca:-

1776 2378 1957 2451 pressit
2003 2378 2199 2443 vellus;
2227 2385 2275 2431 et
2303 2374 2589 2430 decucurrit
2610 2390 2695 2430 ros
2720 2372 2784 2428 de
2811 2371 2993 2428 vellere
3021 2373 3172 2445 plena
3211 2371 3370 2444 pelvis

1775 2487 1922 2543 aqua:
1945 2511 1958 2524 .
1987 2469 2055 2525 Et
2093 2470 2221 2524 dixit
2244 2467 2449 2524 Gedeon
2480 2468 2548 2523 ad
2585 2465 2861 2522 Dominum
2887 2482 2908 2522 :
2949 2464 3073 2522 Non
3117 2466 3372 2524 irascatur

1777 2565 1922 2636 furor
1949 2573 2066 2618 tuus
2086 2563 2138 2616 in
2164 2579 2275 2630 me,
2315 2559 2560 2628 Domine,
2598 2567 2645 2615 et
2679 2561 2858 2632 loquar
2899 2559 3069 2614 adhuc
3104 2559 3290 2627 semel,
3324 2567 3374 2616 et

1779 2655 1976 2711 tentabo
2003 2654 2170 2708 adhuc
2198 2653 2350 2708 semel
2396 2651 2452 2705 in
2478 2649 2678 2706 vellere.
2711 2648 2835 2706 Fiat
2860 2650 3060 2705 siccitas
3098 2649 3154 2704 in
3193 2650 3376 2707 vellere

1781 2759 2005 2814 tantum,
2029 2749 2084 2802 in
2112 2762 2311 2802 onmem
2338 2753 2506 2799 autem
2532 2751 2718 2798 terram
2755 2744 2848 2812 ﬁat
2875 2759 2979 2798 ros.
3003 2740 3072 2797 Et
3092 2742 3211 2815 fecit
3234 2741 3376 2799 Deus

1779 2843 1852 2896 sic
1882 2843 1932 2895 in
1961 2849 2104 2894 nocte
2129 2838 2222 2894 illa
2241 2879 2256 2904 ,
2296 2847 2343 2891 et
2363 2841 2502 2909 facta
2535 2843 2606 2890 est
2625 2834 2824 2890 siccitas
2849 2833 2903 2887 in
2928 2832 3112 2890 uellere
3136 2843 3332 2889 tantum
3352 2875 3370 2904 ,

1779 2952 1932 3007 super
1979 2949 2177 2988 onmem
2211 2940 2379 2985 autem
2423 2938 2610 2984 terram
2649 2943 2734 2984 ros
2777 2924 2975 3000 (Judic.
3025 2940 3111 2993 v1,
3153 2922 3374 3000 56-40).

1779 3027 1898 3084 Non
1928 3026 2084 3081 video
2113 3023 2242 3095 quid
2273 3021 2360 3077 hic
2386 3019 2529 3075 aliud
2559 3018 2840 3090 ﬁguratum
2869 3025 2925 3073 et
2963 3017 3376 3089 praenuntiatum

1784 3121 1892 3187 sit,
1926 3119 2028 3173 nisi
2056 3126 2114 3172 ut
2155 3131 2335 3171 aream
2365 3113 2724 3183 intelligamus
2746 3109 2931 3166 orbem
2963 3118 3222 3166 terrarum
3243 3152 3260 3176 ,
3290 3108 3379 3169 lo-

1782 3227 1904 3268 cum
1931 3220 2105 3265 autem
2134 3207 2343 3264 velleris
2371 3205 2620 3278 populum
2651 3202 2836 3259 Israel.
2863 3202 3118 3259 Novimus
3142 3203 3287 3260 enim
3309 3201 3382 3259 il-

1783 3305 1888 3362 lam
1929 3302 2196 3375 quondam
2242 3309 2453 3370 gentem
2498 3297 2664 3352 divini
2703 3294 3025 3352 sacramenti
3054 3295 3228 3366 gratia
3257 3303 3381 3351 tan-

1785 3414 1943 3470 quam
1973 3396 2177 3454 coelesti
2203 3396 2324 3450 rore
2354 3391 2655 3464 perfusam;
2686 3389 2841 3460 cujus
2875 3388 3112 3444 muneris
3137 3403 3235 3461 per
3258 3403 3382 3446 om-

1785 3509 1883 3550 nes
1909 3492 1963 3546 in
1989 3491 2213 3546 circuitu
2232 3495 2440 3558 gentes,
2457 3485 2582 3556 quia
2603 3497 2672 3540 eo
2689 3481 2978 3548 carebant,
2997 3489 3249 3552 tanquam
3269 3480 3381 3538 sic-

1787 3587 1921 3642 citas
1965 3591 2102 3640 erat.
2161 3581 2288 3636 Erat
2341 3588 2518 3633 autem
2567 3575 2708 3648 apud
2775 3575 2925 3632 illum
2970 3572 3225 3646 populum
3277 3573 3385 3631 hoc

1787 3693 1983 3736 munus
2014 3679 2065 3732 in
2095 3675 2293 3730 vellere
2311 3714 2326 3739 ,
2356 3671 2410 3727 id
2431 3679 2514 3727 est
2534 3670 2586 3725 in
2617 3669 2884 3725 velamine
2908 3675 2963 3723 et
2990 3666 3141 3739 quasi
3161 3666 3217 3723 in
3240 3666 3386 3724 nube

1789 3770 1983 3828 secreti
2008 3770 2046 3837 ί,
2073 3768 2196 3839 quia
2225 3765 2460 3822 nondum
2491 3764 2664 3827 fuerat
2691 3760 3005 3817 revelatum.
3031 3758 3184 3815 Nunc
3202 3767 3386 3815 autem

1789 3863 2035 3919 videmus
2061 3860 2249 3916 orbem
2281 3867 2542 3914 terrarum
2568 3855 2681 3928 jam
2721 3854 2956 3911 revelato
2999 3867 3125 3909 rore
3151 3852 3388 3926 saginari

1792 3971 1889 4028 per
1935 3953 2280 4023 Evangelium
2320 3947 2534 4006 Domini
2576 3947 2744 4004 nostri
2789 3946 2917 4004 Jesu
2961 3942 3192 4012 Christi,
3240 3944 3389 4017 quod

1796 4058 1920 4104 tunc
1946 4048 1998 4102 in
2029 4047 2119 4102 illo
2147 4043 2381 4115 tegmine
2409 4042 2734 4113 ﬁgurabatur
2764 4056 2779 4093 :
2827 4039 2972 4094 illam
3001 4051 3131 4094 vero
3170 4045 3389 4109 gentem

1794 4142 1995 4196 amisso
2020 4136 2324 4194 sacerdotio
2351 4132 2496 4206 quod
2527 4131 2794 4198 habebat,
2827 4131 2950 4200 quia
2993 4127 3047 4183 in
3093 4125 3391 4198 Scripturis

1795 4249 1902 4291 non
1926 4232 2176 4302 intelligit
2198 4228 2470 4285 Christum
2494 4265 2510 4290 ,
2539 4233 2792 4294 tanquam
2819 4223 2874 4277 in
2900 4225 3046 4278 sicco
3070 4221 3270 4276 vellere
3295 4234 3391 4276 re-

1796 4325 2080 4383 mansisse.
2100 4320 2214 4378 Nec
2231 4321 2286 4374 in
2314 4318 2510 4374 talibus
2538 4325 2715 4370 tamen
2741 4329 2924 4368 rerum
2948 4311 3132 4382 ﬁguris
3154 4351 3169 4378 ,
3200 4325 3392 4382 quam-

1796 4421 1878 4475 vis
1904 4431 2014 4472 non
2041 4413 2252 4469 videam
2297 4408 2426 4481 quid
2454 4407 2544 4462 hic
2569 4404 2716 4460 aliud
2763 4404 2931 4476 possit
2976 4401 3239 4475 intelligi,
3265 4402 3393 4459 volo

1798 4523 2102 4584 qumramus
2143 4502 2459 4561 Ecclesium.
2491 4500 2721 4555 Prorsus
2748 4513 2868 4568 qua:
2893 4496 3118 4566 alicujus
3160 4494 3246 4551 vel
3272 4495 3395 4550 talis

1800 4597 2256 4672 interpretationis
2283 4595 2559 4665 indigent,
2610 4591 2824 4647 interim
2853 4601 3177 4660 seponamus
3221 4603 3238 4644 :
3283 4602 3394 4646 non

1800 4696 1925 4767 quia
1953 4692 2086 4748 falsa
2134 4698 2293 4757 sunt,
2324 4702 2444 4760 quas
2489 4686 2590 4741 hoc
2617 4684 2780 4741 modo
2819 4683 2888 4739 de
2919 4681 3111 4738 talibus
3141 4690 3394 4753 tanquam

1804 4785 2095 4844 involucris
2121 4780 2527 4854 interpretando
2555 4779 2876 4844 solvuntur;
2923 4775 3017 4832 sed
3048 4775 3170 4846 quia
3199 4775 3286 4832 vel
3312 4777 3397 4834 in-

1802 4888 2096 4951 terpretem
2137 4882 2415 4948 quierunt,
2444 4873 2571 4928 nolo
2613 4870 2667 4926 in
2697 4869 2777 4926 eis
2800 4877 2983 4925 nostra
3013 4867 3223 4941 ingenia
3249 4883 3400 4925 com-

1804 4979 2092 5044 parentur;
2125 4968 2221 5025 sed
2247 4975 2427 5038 aperta
2455 4964 2654 5020 veritas
2672 4962 2895 5027 clamet,
2922 4959 3128 5027 luceat.
3159 4960 3212 5016 in
3243 4962 3401 5018 obtu-

1803 5073 1948 5121 ratas
1972 5077 2131 5120 aures
2153 5062 2446 5132 irrumpat,
2491 5054 2940 5113 dissimulantium
2967 5053 3158 5111 oculos
3202 5052 3399 5119 feriat;

1805 5175 1966 5218 nemo
2015 5160 2070 5215 in
2099 5159 2182 5214 eis
2217 5154 2439 5212 latebris
2491 5158 2698 5224 quaerat
2754 5150 2900 5206 falsa:
2955 5165 3067 5206 suae
3115 5152 3400 5208 sententia:

1806 5255 2018 5320 locum,
2069 5264 2286 5308 omnem
2326 5255 2578 5305 conatum
2619 5242 3022 5302 contradicendi
3063 5240 3400 5312 confundat,

1806 5361 2018 5405 omnem
2046 5344 2276 5399 frontem
2303 5339 2627 5410 impudentis
2651 5336 2834 5393 elidat.

1875 5435 2103 5495 CAPUT
2134 5433 2222 5488 Vl.
2256 5433 2440 5488 -11,
2471 5429 2516 5486 0
2552 5428 2881 5496 Donatistae,
2925 5425 3179 5485 Genesim
3216 5425 3398 5499 legite.

1806 5533 1914 5590 Per
1941 5528 2290 5597 memetipsum
2303 5523 2480 5596 juravi
2496 5563 2514 5592 ,
2536 5521 2658 5578 dicit
2700 5519 2951 5576 Dominus
2973 5559 2990 5585 ,
3018 5515 3241 5590 Propter
3263 5515 3401 5591 quod

1808 5624 1970 5700 fecisti
1993 5621 2193 5678 uerbum
2219 5619 2314 5674 hoc
2338 5660 2353 5687 ,
2382 5625 2430 5673 et
2455 5632 2557 5672 non
2584 5613 2852 5688 pepercisti
2875 5609 2987 5682 ﬁlio
3012 5617 3102 5666 tuo
3147 5609 3396 5668 amantis—

1874 5832 1891 5866 ³
1927 5823 2238 5883 Floriaceusis
2259 5822 2436 5888 codex,
2457 5823 2504 5874 et
2521 5815 2660 5885 quasi
2680 5811 2826 5868 nubes
2855 5808 3046 5866 secreti.
