3792 6180
370 308 480 369 399

369 430 502 505 sime
527 434 729 499 propter
747 435 825 480 me
844 464 860 491 ,
884 421 981 478 nisi
1011 418 1303 476 benedicens
1340 415 1634 472 benedicam
1668 421 1716 468 te
1737 452 1753 480 ,
1792 418 1837 466 et
1863 408 1962 463 im-

380 522 569 595 plendo
597 517 810 589 implebo
829 531 997 572 semen
1039 522 1178 567 tuum
1220 520 1460 582 tanquam
1509 505 1682 564 stellas
1719 503 1833 560 caeli
1853 543 1868 569 ,
1905 509 1965 595 et

378 594 616 687 tanquam
642 624 845 665 arenam
869 622 981 677 qua:
998 620 1142 662 secus
1170 619 1313 658 oram
1339 601 1493 656 maris
1523 609 1596 654 est
1614 639 1630 665 ,
1668 606 1714 652 et
1744 594 1962 651 haeredi-

379 685 487 761 tate
508 699 777 775 possidebit
800 713 968 754 semen
1011 706 1152 751 tuum
1191 693 1418 749 civitates
1465 687 1870 744 adversariorum
1900 685 1918 717 ί
1945 699 1991 752 ,’

378 808 427 855 et
447 795 794 853 benedicentur
820 791 874 845 in
900 790 1090 846 semine
1110 798 1196 842 tuo
1221 801 1393 841 omnes
1422 792 1596 854 gentes
1638 790 1784 835 terrae
1803 819 1818 843 ,
1845 776 1966 848 quia

381 887 634 945 obaudisti
659 901 826 939 vocem
847 898 1011 938 meam
1039 878 1188 952 (Gen.
1212 893 1345 942 χχιι,
1374 874 1583 945 16-18).
1605 871 1740 942 Quid
1761 871 1825 925 ad
1850 869 1967 924 haec

378 979 591 1037 dicitis?
613 979 692 1034 An
709 975 1013 1032 Judzcorum
1040 970 1315 1027 nobiscum
1349 964 1703 1039 perversitate
1744 970 1967 1016 conten-

380 1074 509 1129 ditis
531 1114 545 1137 ,
574 1080 634 1126 ut
658 1069 847 1126 dicatis
873 1068 925 1123 in
947 1066 1063 1122 solo
1085 1063 1283 1134 populo
1310 1069 1436 1116 nato
1463 1076 1526 1115 ex
1553 1071 1713 1113 carne
1735 1054 1967 1110 Abrahae

379 1164 783 1237 intelligendum
820 1174 1003 1218 semen
1047 1155 1320 1214 Abrahae?
1368 1152 1472 1210 Sed
1522 1150 1693 1207 Judmi
1746 1147 1969 1203 Paulum

382 1257 682 1332 apostolum
710 1271 817 1311 non
862 1254 1042 1323 legunt
1090 1250 1143 1305 in
1190 1246 1472 1320 synagogis
1501 1243 1647 1310 suis,
1689 1255 1847 1313 quem
1874 1254 1970 1296 vos

383 1352 559 1422 legitis
586 1349 638 1404 in
660 1344 1041 1404 conventiculis
1069 1341 1281 1399 vestris.
1313 1337 1452 1408 Quid
1475 1350 1602 1408 ergo
1628 1335 1771 1390 dicat
1822 1334 1970 1403 Apo-

385 1443 587 1505 stolus,
621 1439 913 1495 audiamus.
953 1433 1252 1503 Quaerimus
1279 1431 1422 1487 enim
1457 1429 1588 1498 jam,
1619 1424 1970 1497 quemadmo-

386 1533 518 1589 dum
544 1527 940 1600 intclligendum
980 1525 1050 1580 sit
1088 1537 1271 1579 semen
1310 1518 1559 1576 Abrahte.
1590 1516 1798 1572 Fratres
1823 1555 1839 1582 ,
1885 1515 1973 1569 in-

387 1625 531 1696 quit,
560 1621 835 1678 secundum
860 1618 1111 1673 hominem
1138 1615 1251 1669 dico
1277 1654 1291 1678 ,
1325 1622 1489 1667 tamen
1520 1609 1737 1665 hominis
1780 1607 1973 1676 conﬁr-

388 1724 581 1771 rnatum
610 1719 954 1768 testamentum
975 1724 1120 1763 nemo
1142 1705 1342 1761 irritum
1372 1704 1493 1776 facit
1520 1742 1535 1768 ,
1565 1712 1653 1756 aut
1683 1699 1976 1772 superordi-

387 1814 500 1861 nat.
533 1802 752 1859 Abraha:
791 1800 942 1855 dictce
975 1808 1090 1853 sunt
1128 1796 1486 1866 promissiones
1524 1801 1569 1847 et
1614 1792 1794 1846 semini
1842 1791 1972 1861 ejus.

390 1895 516 1953 Non
545 1895 696 1964 dicit,
731 1892 798 1948 Et
824 1888 1093 1947 seminibus
1116 1931 1131 1956 ,
1163 1895 1404 1960 tanquam
1430 1885 1483 1939 in
1512 1883 1683 1938 multis
1703 1900 1723 1950 ;
1747 1881 1836 1937 sed
1864 1891 1978 1935 tan-

389 1980 544 2066 quam
568 1990 620 2044 in
644 2005 745 2044 uno
771 2029 785 2054 ,
816 1985 881 2041 Et
906 1984 1082 2041 semini
1114 1991 1231 2050 tuo,
1258 1979 1393 2052 quod
1416 1987 1490 2034 est
1524 1975 1751 2033 Christus
1780 1973 1975 2047 (Galat.

389 2100 449 2140 tu
467 2124 483 2150 ,
515 2082 583 2140 15
602 2122 617 2150 ,
642 2078 752 2152 16).
782 2078 922 2133 Ecce
944 2076 995 2130 in
1017 2090 1122 2145 quo
1143 2072 1346 2128 semine
1382 2068 1768 2125 benedicuntur
1790 2078 1978 2121 omnes

391 2186 598 2250 gentes.
625 2175 763 2230 Ecce
791 2178 1166 2228 testamentum
1188 2166 1286 2222 Dei
1312 2183 1325 2221 :
1349 2163 1555 2235 aperite
1590 2176 1768 2216 aures.
1794 2158 1978 2214 Homi-

392 2271 508 2335 nis,
541 2266 743 2338 inquit,
788 2263 1143 2331 conﬁrmatum
1181 2265 1535 2313 testamentum
1583 2270 1730 2309 nemo
1778 2252 1979 2307 irritum

394 2360 551 2433 facit,
582 2365 668 2411 aut
693 2352 1065 2425 superordinat.
1089 2351 1263 2418 Quare
1282 2346 1597 2404 vosirritum
1626 2344 1796 2400 facitis
1814 2350 1979 2398 testa-

393 2459 638 2507 mentum
670 2442 1036 2510 Dei,dicendo
1073 2455 1172 2497 nec
1214 2443 1266 2494 in
1306 2436 1554 2493 omnibus
1590 2435 1834 2505 gentibus
1862 2447 1982 2490 esse

394 2539 741 2610 completum,
769 2543 824 2591 et
846 2533 1069 2604 periisse
1089 2531 1201 2602 jam
1227 2529 1294 2586 de
1313 2528 1560 2601 gentibus
1577 2527 1627 2581 in
1657 2525 1848 2596 quibus
1867 2532 1982 2581 erat

394 2647 581 2689 semen
620 2628 891 2686 Abrahte?
930 2626 1107 2695 Quare
1153 2622 1575 2695 superordinatis
1621 2618 1881 2685 dicendo,
1926 2619 1981 2674 in

395 2723 558 2781 nullis
584 2722 739 2778 terris
761 2716 1028 2775 hatredem
1051 2730 1367 2787 permanere
1402 2713 1672 2770 Christum
1696 2754 1711 2779 ,
1752 2710 1855 2766 nisi
1891 2709 1981 2765 ubi

392 2815 569 2887 potuit
599 2810 934 2869 cohazredem
967 2808 1166 2864 habere
1199 2805 1502 2862 Donatum?
1529 2804 1644 2859 Non
1686 2802 1984 2858 invidemus

397 2905 559 2963 alicui
592 2924 605 2959 :
635 2902 795 2973 legite
829 2899 983 2956 nobis
1012 2899 1115 2954 hoc
1153 2898 1220 2953 de
1264 2897 1437 2968 Lege,
1478 2895 1546 2951 de
1575 2894 1889 2965 Praphetis,
1916 2891 1984 2948 de

393 2999 656 3063 Psalmis,
701 2996 770 3052 de
795 2995 912 3064 ipso
936 2991 1255 3062 Evangelio,
1284 2989 1354 3045 de
1379 2988 1689 3059 apostolicis
1721 2986 1934 3045 Litteris
1965 3002 1979 3040 :

391 3088 560 3161 legite
583 3131 598 3153 ,
626 3098 680 3143 et
711 3085 1014 3150 credimus;
1066 3082 1203 3138 sicut
1246 3096 1345 3137 nos
1371 3081 1523 3136 vobis
1553 3080 1778 3149 legimus
1812 3087 1866 3133 et
1914 3077 1985 3134 de

397 3178 595 3239 Genesi
616 3186 671 3235 et
693 3178 759 3234 de
788 3175 1047 3247 Apostolo
1064 3216 1078 3238 ,
1101 3173 1223 3245 quia
1247 3173 1298 3228 in
1325 3171 1530 3227 semine
1557 3169 1805 3238 Abrahae,
1844 3168 1985 3241 quod

398 3281 484 3329 est
512 3272 755 3329 Christus
770 3311 785 3338 ,
806 3267 1193 3325 benedicuntur
1216 3279 1402 3320 omnes
1422 3271 1629 3335 gentes.

470 3370 558 3427 19.
588 3362 779 3425 Audite
811 3360 913 3421 hoc
953 3358 1092 3419 idem
1119 3364 1493 3417 testamentum
1524 3353 1592 3409 ad
1639 3353 1786 3409 Isaac
1823 3352 1986 3409 etiam

396 3462 567 3519 ﬁlium
603 3458 851 3516 Abrahae.
885 3454 1046 3510 Facta
1076 3462 1147 3510 est
1188 3462 1356 3508 autem
1395 3449 1555 3522 [ames
1592 3462 1742 3520 super
1768 3452 1983 3517 terram,

400 3564 583 3628 prazter
613 3556 795 3626 famem
835 3565 949 3620 qua:
980 3556 1095 3602 ante
1132 3548 1269 3617 facta
1308 3554 1379 3599 est
1404 3544 1458 3615 in
1489 3552 1710 3613 tempore
1746 3540 1983 3594 Abrahae.

398 3647 536 3704 Abiit
565 3655 728 3699 autem
754 3641 902 3696 Isaac
931 3639 999 3693 ad
1028 3635 1313 3692 Abimelech
1346 3650 1512 3705 regem
1550 3631 1939 3687 Philistinorum
1963 3629 1986 3662 ³

400 3741 456 3793 in
484 3736 675 3792 Gerara
696 3752 715 3788 :
736 3742 782 3788 et
802 3731 1040 3802 apparuit
1063 3728 1139 3782 illi
1167 3726 1412 3780 Dominus
1431 3765 1446 3790 ,
1474 3733 1521 3777 et
1549 3723 1675 3776 dixit
1694 3764 1708 3789 ,
1734 3720 1861 3775 Noli
1900 3720 1990 3775 de-

401 3831 642 3887 scendere
665 3828 717 3882 in
739 3822 1023 3898 zEgyptum
1046 3863 1061 3887 ,
1086 3819 1257 3874 habita
1286 3827 1455 3871 autem
1482 3817 1536 3870 in
1567 3825 1700 3869 terra
1724 3830 1875 3885 quam
1901 3813 1989 3867 tibi

403 3924 581 3977 dixero
604 3961 619 3987 ,
646 3926 694 3973 et
717 3916 888 3970 habita
914 3914 965 3967 in
991 3921 1124 3966 terra
1154 3912 1249 3964 hac
1272 3951 1287 3976 ,
1311 3918 1357 3963 et
1382 3923 1464 3962 ero
1486 3915 1647 3961 tecum
1671 3948 1685 3973 ,
1711 3914 1757 3959 et
1787 3904 1991 3959 benedi-

404 4028 518 4067 cam
547 4020 612 4065 te.
643 4007 753 4063 Tibi
795 4006 927 4061 enim
972 4014 1017 4058 et
1069 4000 1249 4057 semini
1287 4010 1371 4055 tuo
1400 3998 1530 4052 dabo
1557 4013 1755 4051 onmem
1801 4004 1990 4050 terram

405 4106 583 4162 hanc:
629 4111 674 4156 et
711 4111 930 4156 statuant
969 4094 1337 4168 jusjurandum
1396 4102 1593 4157 tecum,
1650 4088 1786 4161 quod
1817 4088 1993 4160 juravi

403 4196 662 4255 Abraham
698 4192 833 4265 patri
871 4202 957 4246 tuo
992 4206 1011 4244 :
1040 4198 1086 4243 et
1111 4186 1366 4259 ampliabo
1393 4201 1558 4240 semen
1586 4191 1725 4237 tuum
1755 4192 1995 4253 tanquam

404 4289 577 4345 stellas
597 4285 709 4341 εωΙὶ
731 4302 749 4351 ;
773 4292 818 4337 et
847 4281 977 4336 dabo
1019 4280 1106 4334 tibi
1151 4289 1198 4334 et
1235 4277 1416 4333 semini
1445 4285 1529 4330 tuo
1568 4290 1765 4330 omnem
1807 4284 1994 4328 terram

404 4383 537 4437 hanc
563 4396 582 4436 :
610 4387 657 4433 et
686 4376 1038 4432 benedicentur
1061 4373 1115 4427 in
1132 4372 1320 4428 semine
1346 4379 1433 4425 tuo
1453 4385 1623 4423 omnes
1642 4378 1810 4440 gentes
1824 4376 1989 4434 terrai,

405 4488 501 4544 pro
526 4469 604 4523 his
623 4482 734 4536 qua:
751 4464 1008 4521 obaudivit
1028 4461 1287 4516 Abraham
1313 4472 1456 4530 pater
1477 4470 1592 4513 tuus
1621 4474 1789 4512 vocem
1806 4472 1989 4523 meam,
2036 4489 2045 4503 ι

406 4573 454 4618 et
480 4560 686 4616 servavit
712 4565 963 4629 pra'cepta
983 4569 1123 4618 mea,
1155 4561 1200 4606 et
1218 4551 1447 4624 justitias
1470 4565 1634 4613 meas,
1679 4557 1727 4602 et
1767 4547 1995 4617 legitima

406 4671 520 4710 mea
554 4649 705 4726 (Cen.
757 4664 928 4716 xm,
972 4645 1112 4719 i-5).
1151 4643 1491 4713 Rcspondele
1535 4642 1600 4696 ad
1647 4641 1766 4696 ista.
1794 4640 1989 4697 Semen

406 4746 605 4816 quippe
631 4741 896 4797 Abraham
921 4781 934 4805 ,
963 4737 1068 4792 huc
1096 4734 1235 4791 idem
1261 4749 1443 4790 semen
1471 4742 1554 4789 est
1580 4741 1631 4788 et
1662 4733 1824 4799 Isaac,
1849 4732 1994 4805 quod

407 4845 491 4891 est
515 4833 776 4891 Christus.
805 4829 1084 4902 Quomodo
1107 4827 1249 4883 enim
1277 4825 1481 4880 venerit
1499 4823 1741 4880 Christus
1762 4839 1826 4880 ex
1858 4825 1996 4880 tribu

406 4927 544 4984 Juda
573 4926 624 4982 in
639 4938 799 4981 carne
823 4938 919 4995 per
937 4922 1221 4994 virginem,
1249 4918 1366 4990 quis
1395 4931 1607 4988 quoquo
1636 4915 1797 4972 modo
1837 4915 1997 4972 Chri-

409 5019 618 5077 stianus
646 5015 885 5088 ignorat?

484 5111 575 5167 15.
608 5108 803 5166 Audi'e
851 5106 952 5160 has:
984 5105 1125 5160 idem
1172 5110 1549 5157 testamentum
1602 5100 1669 5156 ad
1694 5099 1880 5158 Iacob.
1927 5100 1997 5158 Et

411 5203 533 5259 exiit
559 5199 718 5256 Jacob
741 5215 772 5251 a
798 5206 944 5270 puteo
964 5195 1255 5268 iurationis,
1282 5202 1329 5247 et
1353 5196 1622 5265 profectus“
1650 5202 1724 5248 est
1752 5194 1804 5248 in
1829 5190 1994 5251 Char-

411 5314 523 5352 ram
547 5338 563 5362 ,
602 5303 649 5348 et
696 5276 893 5346 devenit
929 5290 983 5343 in
1031 5288 1195 5343 locum
1220 5328 1235 5352 ,
1278 5296 1325 5341 et
1361 5286 1593 5341 dormivit
1628 5286 1681 5342 in
1721 5286 1829 5342 loco
1866 5286 1992 5356 illo,

411 5388 650 5461 quoniam
686 5383 808 5439 solis
833 5392 1040 5437 occasus
1064 5390 1172 5436 erat
1201 5396 1217 5434 :
1256 5389 1302 5434 et
1326 5380 1540 5450 sumpsit
1579 5378 1796 5450 lapidem
1825 5396 1890 5435 ea;
1916 5380 1995 5435 la-

413 5479 614 5553 pidibus
641 5475 774 5543 loci,
816 5481 864 5529 et
893 5474 1060 5544 posuit
1088 5472 1156 5525 ad
1188 5481 1340 5541 caput
1378 5487 1556 5539 suum,
1588 5481 1632 5525 et
1672 5471 1903 5526 dormivit
1941 5472 1995 5528 in

476 5666 493 5695 ί
530 5660 668 5717 editi,
690 5656 1079 5708 adversariorum
1100 5657 1304 5703 tuorum.
1332 5652 1494 5714 Abest,
1518 5656 1724 5716 tuarum,
1756 5666 1783 5705 a
1816 5653 1995 5706 Floria-

410 5722 546 5773 Consi
569 5719 733 5770 codice
754 5728 805 5769 et
823 5731 851 5782 a
872 5722 1174 5782 graecoLpt.

476 5784 495 5818 ³
529 5782 601 5833 είς
621 5773 939 5842 ηιαηιιδοιοὶιῆἱ.
968 5786 1019 5828 At
1038 5777 1173 5849 editi,
1200 5773 1565 5827 Palles-(inomni.

1463 295 1736 355 CONTRA
1777 287 2199 351 DONATISTAS
2239 290 2588 359 EPISTULA,

3090 195 3121 206 ς

3585 288 3691 345 ωθ

2068 411 2180 467 loco
2202 410 2312 466 illo.
2352 410 2422 466 Et
2457 409 2617 466 visum
2654 409 2816 477 vidit,
2854 415 2903 465 et
2937 424 3048 466 ecce
3069 411 3209 466 scala
3244 408 3498 465 stabilita
3536 426 3692 482 sapa

2069 511 2255 557 terram
2273 542 2289 569 ,
2328 502 2473 573 cujus
2506 512 2659 572 caput
2686 500 2999 573 pertingebat
3030 502 3099 556 ad
3134 503 3312 558 ctelum
3328 545 3348 571 ,
3398 513 3460 558 et
3502 502 3689 576 Διιῃᾶ

2068 590 2166 646 Dei
2192 590 2525 647 ascendebant
2544 599 2593 646 et
2618 591 2979 647 descendebant
2999 609 3091 663 per
3112 594 3256 649 illam
3282 610 3300 651 :
3336 604 3398 650 et
3424 592 3692 651 Dominus

2067 684 2381 740 incumbebat
2416 700 2569 756 super
2595 684 2739 740 illam
2766 727 2781 753 ,
2825 695 2873 741 et
2901 684 3061 753 dixit,
3104 686 3215 759 Ego
3250 705 3372 744 sum
3419 686 3686 744 Dominus

2067 774 2209 832 Deus
2234 775 2491 831 Abraham
2519 777 2677 848 patris
2695 776 2799 845 tui,
2827 786 2875 831 et
2913 776 3051 832 Deus
3075 775 3246 833 Isaac.
3289 779 3437 836 Noli
3468 780 3697 847 timere,-

2071 879 2255 923 terram
2292 870 2345 924 in
2382 885 2484 938 qua
2525 878 2579 923 tu
2605 869 2796 925 dormis
2815 886 2968 942 super
2989 887 3134 941 eam,
3176 873 3267 927 tibi
3301 872 3456 928 dabo
3487 889 3613 928 eam
3651 885 3697 928 et

2069 964 2249 1019 semini
2282 972 2388 1020 tuo.
2428 964 2499 1020 Et
2534 964 2627 1020 erit
2651 980 2821 1020 semen
2858 972 2997 1021 tuum
3025 966 3156 1021 sicut
3198 983 3355 1023 arena
3407 977 3611 1033 (mea,
3652 979 3700 1022 es
3768 962 3771 1033 ξ

2070 1057 2489 1128 multiplicabitur
2512 1073 2668 1130 supra
2697 1074 2838 1114 mare
2858 1100 2875 1126 ,
2901 1068 2949 1113 et
2967 1059 3023 1113 in
3054 1058 3282 1132 Africum
3301 1102 3317 1127 ,
3344 1070 3403 1115 et
3435 1061 3501 1115 iss
3531 1060 3699 1131 Aqui.
3770 1054 3773 1105 ἶ

2075 1151 2240 1209 Ionem
2258 1194 2273 1221 ,
2302 1162 2347 1207 et
2363 1153 2431 1207 ad
2460 1153 2736 1208 Orientem.
2768 1152 2836 1208 Et
2861 1153 3213 1210 benedicentur
3246 1155 3302 1209 in
3319 1163 3369 1211 te
3389 1155 3702 1210 omnestrio

2074 1246 2164 1302 bus
2190 1254 2338 1301 terra:
2353 1285 2371 1313 ,
2392 1255 2439 1300 et
2467 1245 2521 1300 in
2543 1246 2731 1302 semine
2756 1255 2861 1300 tuo.
2885 1244 2954 1299 Et
2973 1261 3087 1301 ecce
3103 1262 3195 1318 ego
3221 1263 3337 1302 sum
3386 1258 3580 1301 tecum
3607 1263 3702 1300 cu-
3772 1244 3773 1247 “

2074 1339 2296 1393 stodiens
2321 1347 2369 1393 te
2403 1338 2458 1393 in
2481 1338 2621 1393 omni
2643 1337 2723 1393 via
2755 1354 3066 1410 quacumque
3106 1338 3203 1396 ibis
3225 1379 3242 1403 ,
3282 1348 3330 1393 et
3352 1338 3630 1394 reducam
3651 1347 3701 1394 te

2075 1432 2131 1486 in
2155 1440 2342 1486 terram
2364 1431 2495 1485 hanc
2521 1446 2541 1486 :
2567 1432 2685 1501 quia
2701 1447 2802 1488 non
2823 1439 2872 1486 te
2894 1431 3262 1504 derelinquam,
3294 1432 3470 1488 donec
3496 1431 3700 1503 {udam

2077 1522 2248 1579 omnia
2284 1539 2398 1593 qua:
2430 1532 2596 1578 tecum
2633 1524 2832 1581 locutus
2858 1539 2969 1578 sum
3007 1522 3162 1595 (Gen.
3202 1539 3381 1581 xsvm
3406 1565 3426 1592 ,
3465 1521 3697 1595 10-15).

2077 1614 2219 1672 Ecce
2261 1614 2347 1671 cui
2380 1615 2726 1686 promissioni
2768 1614 3052 1682 resistitis,
3093 1629 3222 1671 ecce
3247 1631 3414 1688 quam
3462 1614 3701 1671 ﬁrmum

2079 1715 2456 1764 testamentum
2472 1708 2683 1764 irritum
2702 1706 2897 1763 facitis.
2926 1705 3065 1762 Dicit
3092 1706 3234 1764 Deus
3251 1748 3268 1773 ,
3296 1706 3426 1763 Non
3461 1716 3520 1762 te
3544 1705 3701 1762 dere-

2054 1792 2057 1794 ’
2081 1797 2335 1870 linquam,
2363 1799 2524 1854 donec
2545 1799 2735 1871 faciam
2761 1799 2934 1854 omnia
2959 1814 3074 1870 qua
3106 1808 3272 1854 tecum
3291 1799 3505 1855 locutus
3534 1814 3658 1853 sum
3676 1813 3699 1853 :

2080 1900 2137 1950 et
2159 1907 2256 1949 vos
2277 1891 2643 1949 contradicitis
2663 1933 2678 1959 ,
2710 1892 2950 1949 dicentes
2987 1902 3048 1948 ut
3082 1891 3235 1948 vobis
3263 1891 3448 1965 potius
3495 1890 3702 1948 creda-

2080 1998 2202 2040 mus
2220 1982 2475 2056 quidquid
2499 1983 2739 2040 criminis
2764 1982 2996 2054 objicitis
3022 1983 3207 2054 ignoto
3239 1975 3293 2039 et
3335 1983 3538 2055 ignaro
3573 1982 3698 2039 orbi

2082 2084 2381 2140 terrarum;
2410 2075 2520 2133 Deo
2547 2084 2727 2131 autem
2753 2074 2949 2132 dicenti
2974 2116 2991 2139 .
3026 2073 3151 2130 Non
3185 2075 3481 2148 relinquam
3524 2074 3697 2130 donec

2084 2167 2270 2239 faciam
2294 2207 2309 2235 ,
2341 2181 2446 2222 non
2476 2166 2779 2223 credamus.

2155 2259 2244 2313 14.
2285 2257 2466 2329 Legite
2492 2257 2646 2314 nobis
2674 2257 2741 2314 de
2769 2256 3057 2329 Scripturis
3080 2257 3353 2315 canonicis
3378 2272 3480 2315 eos
3518 2254 3694 2314 tradi-

2083 2347 2230 2405 disse
2253 2347 2461 2405 divinos
2489 2348 2703 2406 codices
2719 2391 2734 2417 ,
2767 2364 2901 2421 quos
2924 2348 3240 2405 nominatim
3266 2348 3582 2416 accusatis;
3608 2347 3693 2404 le-

2084 2442 2193 2513 gite
2218 2449 2324 2496 tam
2354 2450 2535 2513 aperta
2552 2482 2566 2509 ,
2593 2457 2754 2513 quam
2780 2451 2904 2498 sunt
2932 2442 3030 2497 ista
3056 2457 3176 2513 qua:
3203 2440 3355 2498 vobis
3382 2440 3454 2497 de
3488 2439 3695 2499 Genesi

2086 2533 2330 2605 legimus.
2359 2533 2476 2589 Non
2504 2548 2533 2587 a
2562 2534 2717 2591 vobis
2750 2534 3041 2605 quaerimus
3069 2533 3194 2606 quid
3230 2533 3367 2606 lapis
3393 2534 3488 2590 ille
3517 2532 3694 2605 signi-

2088 2623 2232 2689 licet,
2260 2639 2417 2695 quem
2444 2622 2611 2680 Jacob
2635 2623 2735 2679 sibi
2762 2624 2830 2680 ad
2855 2633 3014 2695 caput
3038 2624 3216 2695 posuit
3242 2639 3365 2680 cum
3389 2624 3693 2689 dormiret;

2087 2716 2214 2788 quid
2241 2716 2383 2773 scala
2414 2716 2643 2772 stabilita
2669 2732 2829 2788 super
2854 2725 3052 2773 terram
3072 2757 3087 2785 ,
3118 2716 3271 2789 cujus
3296 2725 3458 2788 caput
3484 2716 3692 2791 pertin-
3772 2772 3773 2779 η

2086 2810 2247 2881 gebat
2270 2808 2338 2865 ad
2362 2810 2594 2876 cmlum;
2622 2809 2747 2881 quid
2778 2809 2965 2880 Angeli
3005 2808 3099 2865 Dei
3123 2808 3478 2866 ascendentes
3508 2817 3569 2866 et
3593 2807 3692 2864 de-

2089 2899 2404 2956 scendentes
2427 2914 2522 2971 per
2547 2900 2712 2956 illam.
2733 2900 3032 2972 Requirant
3059 2901 3159 2957 ista
3188 2902 3570 2973 prudentiores
3605 2908 3691 2956 st-
3770 2910 3771 2921 ‘

2089 3007 2193 3063 que
2220 2991 2517 3059 doctiores,
2544 2999 2599 3048 et
2637 2992 2689 3048 in
2728 2992 2924 3064 populo
2966 3001 3152 3064 pacato
3196 2993 3559 3066 eloquentur,
3598 2992 3694 3051 ubi

2090 3099 2195 3140 non
2239 3084 2511 3155 obstrepat
2552 3085 2795 3156 improba
2831 3085 3210 3150 contradictio,
3250 3086 3321 3143 de
3356 3086 3691 3143 obscuritate

2090 3175 2411 3232 sacramenti
2432 3184 2485 3231 et
2505 3176 2786 3247 aenigmate
2805 3176 3046 3232 lectionis
3064 3191 3279 3232 armans
3299 3177 3689 3249 impudentiam

2091 3284 2263 3324 suam.
2293 3268 2409 3325 Non
2437 3269 2631 3326 desunt
2658 3269 2817 3326 corda
2844 3269 3107 3340 ﬁdelium,
3143 3286 3263 3342 qua:
3297 3247 3691 3328 commemoret
3770 3247 3776 3305 il

2091 3360 2350 3418 Dominus
2378 3376 2445 3417 ex
2471 3361 2796 3434 Evangelio,
2834 3361 2923 3418 ubi
2951 3360 3054 3429 ait,
3084 3377 3205 3417 cum
3233 3362 3454 3419 vidisset
3478 3361 3690 3419 Israeli-
3773 3378 3776 3401 ι

2092 3459 2199 3510 tam
2228 3452 2281 3511 in
2308 3468 2414 3527 quo
2442 3452 2598 3509 dolus
2626 3468 2730 3508 non
2758 3461 2906 3520 erat,
2936 3453 3059 3525 quia
3085 3452 3251 3509 Jacob
3289 3453 3378 3525 qui
3419 3452 3523 3509 has
3558 3451 3691 3509 vidit

2092 3549 2265 3606 scalas
2284 3592 2298 3616 ,
2329 3551 2442 3620 ipse
2473 3548 2646 3606 dictus
2674 3554 2757 3606 est
2780 3546 2943 3605 Israel
2968 3564 2982 3599 :
3012 3561 3117 3603 non
3146 3545 3337 3602 desunt
3363 3562 3529 3618 ergo,
3557 3560 3690 3620 quos

2092 3643 2216 3700 inde
2244 3644 2358 3714 ipse
2385 3652 2771 3699 commemoret
2805 3641 3094 3707 Dominus;
3122 3639 3193 3699 ibi
3225 3639 3425 3713 quippe
3456 3641 3565 3709 ait,
3597 3637 3688 3693 Vi-

2094 3735 2271 3790 debitis
2308 3735 2490 3789 caelum
2516 3744 2781 3806 apertum,
2812 3742 2860 3787 et
2897 3733 3119 3804 Angelos
3157 3731 3254 3787 Dei
3288 3732 3616 3787 ascendentes
3640 3736 3688 3785 et
3774 3732 3775 3791 Τ

2096 3825 2450 3881 descendentes
2477 3842 2628 3896 super
2651 3823 2846 3879 Filium
2866 3824 3085 3879 hominis
3111 3822 3290 3895 (Joan.
3313 3839 3352 3884 ι.
3374 3824 3466 3889 4⁵7,
3493 3823 3613 3894 51),
3637 3819 3688 3876 id

2095 3925 2200 3981 est,
2222 3930 2383 3986 super
2403 3930 2585 3972 semen
2611 3914 2858 3980 Abrahae,
2889 3915 2940 3969 in
2966 3928 3072 3984 quo
3092 3913 3482 3969 benedicuntur
3500 3926 3686 3969 omnes

2093 4016 2300 4079 gentes.
2329 4006 2435 4063 Sed
2463 4008 2577 4063 haec
2604 4023 2710 4062 non
2737 4006 2949 4062 inculco
2969 4005 3358 4062 recusantibus.
3384 4005 3528 4061 Ecce
3547 4001 3688 4076 quod

2096 4098 2275 4154 audite
2299 4116 2312 4154 :
2340 4098 2455 4152 Erit
2477 4115 2643 4154 semen
2671 4106 2813 4153 tuum
2837 4098 2964 4153 sicut
2987 4113 3144 4152 arena
3170 4107 3333 4162 terrte,
3364 4106 3413 4151 et
3443 4095 3686 4168 multipli-

2095 4191 2289 4246 cabitur
2313 4207 2469 4261 supra
2492 4204 2651 4257 mare,
2681 4199 2727 4244 et
2756 4190 2809 4243 in
2836 4189 3097 4260 Africum,
3124 4198 3170 4243 et
3200 4189 3253 4242 in
3276 4187 3581 4259 Aquilonem
3602 4231 3618 4256 ,
3642 4192 3688 4242 el

2095 4283 2151 4339 in
2179 4282 2433 4337 Orientem
2462 4298 2479 4337 :
2509 4292 2555 4336 et
2584 4281 2937 4336 benedicentur
2964 4282 3018 4336 in
3047 4290 3095 4337 te
3124 4297 3293 4336 omnes
3321 4280 3482 4336 tribus
3520 4288 3679 4342 terra,

2097 4385 2146 4430 et
2172 4376 2225 4431 in
2252 4376 2440 4431 semine
2468 4383 2573 4429 tuo.
2608 4375 2739 4432 Date
2776 4373 2906 4430 mihi
2941 4374 3077 4429 hanc
3107 4372 3433 4439 Ecclesium,
3464 4373 3511 4428 si
3551 4369 3686 4445 apud
3774 4378 3775 4445 ξ

2098 4481 2194 4522 vos
2218 4477 2341 4523 est:
2372 4466 2637 4523 ostendite
2664 4482 2760 4522 vos
2794 4465 3192 4522 communicare
3234 4464 3485 4520 omnibus
3519 4463 3685 4537 genti-

2097 4560 2219 4627 bus,
2250 4576 2383 4632 quas
2403 4560 2514 4630 jam
2543 4558 2785 4616 videmus
2814 4562 2867 4613 in
2897 4558 2998 4614 hoc
3023 4558 3229 4614 semine
3259 4556 3525 4613 benedici.
3560 4557 3685 4613 Date

2100 4651 2260 4719 hanc,
2287 4661 2378 4707 aut
2400 4651 2580 4708 furore
2607 4651 2851 4722 deposito
2878 4649 3122 4721 accipite,
3149 4665 3257 4705 non
3286 4664 3317 4705 a
3345 4663 3434 4704 me
3456 4690 3471 4714 ,
3503 4647 3598 4705 sed
3623 4647 3684 4702 ab

2100 4743 2192 4799 illo
2218 4744 2334 4815 ipso
2363 4744 2414 4799 in
2445 4758 2551 4814 quo
2582 4742 2968 4799 benedicuntur
3008 4755 3199 4796 omnes
3229 4750 3437 4811 gentes.
3470 4738 3597 4795 “me
3622 4738 3684 4793 dc

2101 4835 2275 4907 primo
2317 4835 2473 4907 chis
2517 4835 2654 4893 libro
2699 4848 3151 4891 commemorasse
3197 4831 3505 4889 suﬂ‘eeerit:
3540 4831 3681 4902 plura
3774 4828 3775 4907 λ

2101 4927 2440 4984 innotescent
2475 4929 2593 4984 sine
2629 4928 2789 4999 impia
2818 4925 3162 4983 contentione
3199 4934 3254 4982 et
3287 4939 3411 4981 cum
3441 4923 3530 4995 pia
3555 4920 3680 4979 dile-

2101 5022 2278 5078 ctione
2307 5020 2625 5093 legentibus.

2170 5112 2398 5170 CAPUT
2429 5111 2537 5168 VII.
2561 5140 2632 5153 —-
2657 5111 2744 5168 l5.
2776 5109 2914 5181 Quid
2943 5110 2995 5166 in
3019 5108 3321 5181 PrOphetis,
3344 5122 3506 5180 quam
3528 5108 3677 5164 multa
3774 5128 3775 5169 γ

2100 5216 2155 5264 et
2182 5222 2339 5279 quam
2369 5204 2650 5262 manifesta
2677 5213 2801 5259 sunt
2828 5201 3134 5258 testimonia
3163 5200 3421 5257 Ecclesia:
3451 5216 3549 5271 per
3570 5214 3675 5255 om-
3774 5242 3775 5279 ι

2101 5266 2406 5370 ηρεέρηιοε
2434 5305 2546 5353 toto
2574 5303 2834 5351 terrarum
2870 5292 3001 5350 orbe
3044 5290 3288 5348 dilfusm?
3331 5266 3486 5347 Unde
3525 5304 3676 5363 [rauca
3774 5266 3775 5323 Ῑ

2100 5390 2552 5457 commemorabo,
2583 5388 2733 5460 plura
2758 5387 3071 5458 relinquens
3096 5384 3208 5440 otio
3234 5382 3528 5454 diligentia:
3565 5396 3674 5438 cum

2100 5485 2196 5540 Dei
2224 5484 2412 5539 timore
2433 5479 2754 5553 legentibus.
2780 5478 3120 5550 Accipiamus
3144 5490 3240 5547 per
3264 5488 3327 5529 os
3351 5473 3500 5529 lsuize
3522 5472 3673 5530 sancti

2100 5576 2275 5632 divina
2303 5587 2582 5646 responsa,
2610 5581 2666 5627 et
2687 5570 2803 5641 ejus
2829 5584 2923 5624 ora
2952 5579 3202 5638 tanquam
3231 5565 3323 5621 Dei
3348 5564 3565 5621 oracula
3582 5562 3676 5620 sci-
3774 5614 3775 5619 η

2100 5669 2373 5725 scitemur.
2402 5664 2606 5720 Sileant
2631 5662 2980 5717 humanarum
3008 5657 3407 5715 contentionum
3449 5654 3672 5710 animosa

2102 5777 2156 5822 et
2176 5761 2467 5834 perniciosa
2488 5756 2778 5816 certamina
2803 5772 2815 5811 :
2840 5754 3155 5811 inclinemus
3175 5763 3358 5806 aurem
3385 5747 3550 5806 verbo
3570 5746 3670 5806 Dei.

3773 1310 3776 1513 Ι
