3792 6156
131 263 234 324 ωι

132 384 294 441 Dicat
314 380 503 439 Isaias
522 380 610 439 ubi
632 375 923 439 Eeclesiam
941 391 1180 439 sanctam
1202 383 1314 440 Deo
1335 381 1604 440 revelante
1629 395 1764 452 praes

132 475 360 542 viderit,
393 485 463 532 ut
488 476 544 532 in
568 474 747 532 verbis
771 471 946 530 futura
972 474 1201 531 dicentis
1225 474 1337 547 jam
1363 488 1507 531 nunc
1527 488 1765 546 praesen-

133 568 209 625 tia
230 566 556 626 videamus.
586 566 803 639 Repleta
825 575 919 636 est,
952 567 1143 640 inquit,
1173 569 1409 624 universa
1436 576 1571 623 terra
1595 575 1650 622 ut
1671 584 1765 622 co-

132 670 360 735 gnoscat
392 660 708 729 Dominum,
742 668 798 717 ut
821 677 954 732 aqua
982 662 1144 718 multa
1169 662 1363 735 aperiat
1385 679 1545 718 mare.
1577 660 1649 718 Et
1670 662 1767 717 erit

130 754 188 808 in
214 751 318 808 illa
348 751 447 808 die
477 751 628 808 radiat
654 752 830 820 Iesse,
861 761 907 808 et
942 753 1032 825 qui
1072 760 1305 826 exsurget
1337 752 1643 825 principium
1670 752 1767 807 ha-

136 845 252 901 bere
278 845 341 900 in
367 844 610 901 nationes
627 886 645 915 ,
670 845 727 900 in
746 861 860 901 eum
899 855 1069 918 gentes
1097 846 1372 918 sperabunt
1427 843 1580 920 (Isai.
1611 860 1668 900 ιι
1687 886 1702 911 ,
1730 845 1766 903 9

134 948 181 993 et
206 934 324 1011 10).
374 935 641 994 Radicem
665 935 818 994 Jesse
834 937 1106 995 Christum
1133 953 1254 996 esse
1281 954 1346 995 ex
1371 939 1578 995 semine
1598 938 1765 995 David

138 1028 458 1087 secundum
486 1044 702 1087 carnem
732 1038 947 1097 natum,
974 1029 1152 1086 nullus
1187 1044 1399 1102 quoquo
1432 1030 1593 1087 modo
1617 1029 1766 1088 chri-

137 1120 357 1178 stianos
386 1121 609 1193 ignorat
636 1138 652 1177 :
678 1128 733 1178 et
757 1120 802 1178 si
829 1120 1199 1178 contentiosus
1225 1130 1327 1188 est,
1357 1136 1479 1177 cum
1506 1121 1765 1194 Apostolo

133 4724 148 4753 ὲ

140 1214 488 1285 contendat,
527 1215 619 1288 qui
654 1213 757 1271 hoc
792 1214 1095 1271 testimonio
1132 1214 1187 1270 in
1217 1213 1432 1270 Litteris
1461 1214 1572 1270 suis
1601 1213 1766 1270 utitur

140 1308 322 1381 (Rom.
362 1323 483 1376 xv,
527 1306 637 1379 12).
685 1305 818 1363 Item
863 1306 995 1363 dicit
1042 1325 1056 1363 :
1097 1304 1407 1362 Germinabit
1450 1317 1496 1361 et
1536 1307 1766 1378 ﬂorescet

142 1398 349 1467 Israel,
386 1408 442 1455 et
470 1398 747 1471 replebitur
783 1397 917 1455 orbis
960 1408 1208 1455 terrarum
1251 1402 1419 1471 {ructu
1458 1398 1568 1470 ejus
1607 1396 1761 1471 (lsai.

142 1507 323 1561 xxvn,
351 1491 440 1563 6).
490 1491 653 1549 Israel
682 1506 876 1564 nempe
905 1491 1046 1550 (ilius
1073 1490 1175 1547 fuit
1196 1489 1374 1558 Isaae,
1404 1504 1571 1562 nepos
1590 1490 1764 1547 Abra-

146 1587 294 1656 ham,
317 1586 411 1642 cui
436 1586 765 1658 promissum
787 1594 871 1642 est
888 1584 1031 1658 quod
1053 1585 1106 1641 in
1129 1584 1332 1641 semine
1351 1583 1466 1656 ejus
1486 1583 1766 1641 benedice-

145 1688 333 1736 rentur
361 1694 568 1738 omnes
604 1690 792 1753 gentes
822 1698 836 1736 :
868 1679 1010 1753 quod
1056 1694 1243 1738 semen
1286 1678 1558 1736 Christum
1597 1678 1764 1734 inter-

150 1780 396 1844 pretatur
424 1773 747 1845 Apostolus.
773 1773 931 1830 Venit
966 1782 1144 1830 autem
1174 1772 1419 1829 Christus
1454 1786 1519 1829 ex
1559 1771 1766 1828 semine

149 1863 427 1920 Abraham
461 1880 563 1937 per
586 1864 735 1922 Isaac
773 1875 826 1923 et
865 1880 961 1937 per
988 1865 1187 1933 Israel,
1217 1872 1273 1922 et
1316 1863 1599 1934 deinceps,
1628 1863 1767 1920 sicut

154 1957 545 2027 generationes
569 1957 636 2013 ad
665 1966 842 2014 ortum
868 1955 1066 2014 Christi
1090 1957 1416 2031 pertinentes
1441 1955 1767 2028 evangelista

153 2048 394 2106 contexit
442 2047 666 2126 (Matth.
705 2048 770 2123 ι).
812 2050 914 2119 Qui
941 2065 1070 2121 ergo
1098 2050 1213 2106 vult
1248 2059 1435 2106 contra
1471 2048 1763 2120 disputare,

158 2139 496 2197 contradicat
524 2140 831 2212 Evangelia,
861 2150 1020 2212 neget
1046 2156 1113 2197 ex
1137 2141 1341 2197 semine
1366 2140 1527 2197 Israel
1558 2139 1769 2197 venisse

157 2229 464 2300 Christum,
500 2242 562 2289 ut
594 2233 762 2305 possit
788 2248 983 2305 negare
1009 2233 1153 2306 quod
1182 2232 1345 2291 Isaias
1372 2232 1534 2299 dicit,
1564 2231 1770 2288 Germi-

161 2327 297 2383 nubit
338 2336 389 2383 et
439 2329 682 2399 ﬂorescet
725 2326 928 2394 Israel,
960 2337 1008 2382 et
1045 2327 1317 2398 replebitur
1357 2327 1492 2383 orbis
1520 2336 1770 2382 terrarum

162 2423 329 2491 {ructu
359 2420 501 2491 ejus.
533 2418 663 2476 Item
689 2419 855 2477 dicit:
879 2416 990 2492 Ego
1011 2418 1150 2474 Deus
1177 2420 1387 2488 primus,
1416 2428 1461 2473 et
1483 2418 1536 2473 in
1557 2419 1636 2473 Itis
1658 2434 1772 2490 quae

167 2512 430 2568 advenient
461 2529 559 2586 ego
588 2529 722 2569 sum.
762 2511 1011 2568 Viderunt
1039 2522 1210 2584 gentes
1229 2554 1243 2578 ,
1274 2522 1320 2568 et
1350 2514 1620 2567 timuerunt
1644 2512 1772 2583 ﬁnes

169 2613 310 2661 terrae
353 2603 519 2680 (lsai.
547 2621 636 2661 xu
657 2645 672 2672 ,
701 2604 755 2674 ι,
788 2603 867 2676 5).
915 2604 1029 2660 Hoc
1066 2614 1148 2660 est
1176 2604 1317 2677 quod
1346 2604 1470 2660 alibi
1500 2604 1772 2676 Scriptura

169 2694 310 2763 dicit,
347 2693 568 2751 Primus
595 2705 643 2750 et
670 2696 967 2751 novissimus
998 2695 1179 2766 (Apoc.
1211 2711 1318 2750 xxu
1347 2738 1363 2762 ,
1394 2693 1482 2768 15)
1504 2738 1518 2761 ,
1560 2703 1617 2751 ut
1645 2696 1712 2751 sit
1739 2718 1775 2750 οι

172 2795 223 2842 et
246 2811 300 2853 ω,
329 2802 454 2861 quae
482 2796 611 2844 sunt
640 2787 830 2843 littera:
859 2787 911 2842 in
940 2786 1091 2857 signo
1115 2784 1312 2842 Christi
1338 2786 1584 2843 omnibus
1611 2797 1771 2842 noue.

174 2877 272 2935 I’ro
289 2894 355 2936 eo
380 2880 536 2936 enim
563 2878 705 2950 quod
730 2878 802 2934 ibi
824 2886 925 2945 est,
957 2880 1281 2945 novissimus,
1311 2878 1396 2935 hie
1417 2879 1646 2949 positum
1668 2887 1771 2948 est,

175 2970 293 3026 etin
319 2972 400 3027 liis
428 2987 549 3044 qua
574 2971 838 3027 advenient
866 2986 957 3044 ego
984 2987 1114 3026 sum.
1148 2970 1281 3026 Huic
1304 2984 1432 3042 ergo
1462 2970 1775 3027 manifesta-

176 3063 304 3120 tioni
330 3064 749 3131 contradicunt,
781 3063 872 3136 qui
901 3062 1091 3119 nolunt
1118 3061 1375 3132 credere,
1405 3062 1514 3120 imo
1552 3063 1642 3135 qui
1673 3079 1773 3119 no-

180 3152 291 3211 lunt
324 3155 438 3226 jam
488 3155 675 3235 videre
716 3155 973 3227 compleri
1015 3153 1157 3226 quod
1203 3155 1490 3227 sequitur:
1532 3153 1777 3211 Viderunt

181 3255 383 3318 gentes;
409 3257 460 3304 et
490 3248 766 3304 timuerunt
795 3248 922 3318 ﬁnes
951 3255 1117 3302 teme.
1147 3246 1279 3304 Item
1308 3246 1466 3318 paulo
1492 3255 1613 3318 post
1640 3264 1653 3302 :
1682 3244 1779 3301 Ja-

183 3338 266 3393 cob
292 3357 420 3411 puer
443 3357 613 3409 meus,
635 3340 912 3412 suscipiam
931 3338 1114 3405 illum;
1137 3337 1306 3396 Israel
1327 3340 1533 3405 electus,
1559 3340 1777 3411 suscepit

182 3446 290 3486 eum
315 3435 494 3489 anima
520 3450 653 3489 mea.
686 3432 819 3489 Dedi
846 3432 1101 3504 Spiritum
1125 3448 1292 3488 meum
1328 3433 1380 3488 in
1405 3432 1550 3487 illum
1585 3448 1604 3487 :
1623 3432 1775 3502 judi-

186 3524 313 3581 cium
338 3526 577 3600 gentibus
603 3528 843 3599 proferet.
875 3524 1000 3580 Non
1038 3524 1306 3592 clamabit,
1349 3541 1508 3598 neque
1543 3524 1774 3592 cessabit,

185 3631 335 3688 neque
352 3620 596 3677 audietur
616 3619 743 3692 [oris
763 3635 861 3676 vox
878 3620 1010 3692 ejus.
1031 3618 1348 3675 Arundinem
1366 3628 1655 3691 quassatam
1675 3634 1777 3675 non

190 3710 484 3783 confringet,
517 3720 565 3768 et
594 3711 789 3784 lignum
817 3710 1077 3783 fumigans
1102 3728 1204 3767 non
1226 3711 1525 3784 exstinguet,
1551 3710 1641 3766 sed
1663 3726 1778 3766 cum

188 3800 383 3857 veritate
410 3803 638 3876 proferet
656 3802 933 3875 judicium.
960 3802 1281 3876 Refulgebit,
1321 3812 1368 3859 et
1408 3819 1510 3859 non
1545 3804 1776 3878 confrin-

192 3902 345 3965 gatur,
376 3899 539 3955 donec
566 3907 722 3969 ponat
743 3898 797 3954 in
820 3908 955 3954 terra
971 3898 1231 3970 judicium
1255 3914 1276 3955 :
1299 3898 1420 3955 etin
1443 3898 1644 3953 nomine
1665 3899 1777 3968 eius

192 3995 350 4054 gentes
376 3988 654 4060 sperabunt
683 3986 837 4061 (Isai.
864 4005 992 4057 nn,
1023 3988 1161 4061 1-4).
1188 3989 1301 4046 Hoc
1327 3989 1684 4046 testimonium
1708 3988 1778 4046 de

193 4073 399 4163 Christo
441 4081 845 4163 intelligendum
866 4123 884 4151 ,
914 4091 969 4139 et
998 4082 1052 4139 in
1083 4081 1373 4155 Evangelio
1402 4082 1632 4155 positum
1670 4091 1774 4140 est.

195 4162 287 4233 Qui
313 4169 507 4240 audet,
541 4162 911 4230 contradicat:
938 4174 1029 4246 qui
1055 4183 1233 4230 autem
1261 4188 1367 4231 non
1391 4174 1572 4242 audet,
1599 4182 1779 4245 speret

196 4253 248 4311 in
270 4272 387 4317 eum
414 4278 537 4320 cum
566 4265 814 4336 gentibus
834 4309 848 4334 ,
878 4275 934 4323 et
967 4265 1036 4323 ab
1073 4267 1275 4323 unitate
1311 4267 1545 4338 gentium
1575 4267 1627 4323 in
1654 4282 1778 4324 eum

196 4356 517 4418 sperantium
539 4371 646 4413 non
674 4357 922 4426 recedat;
954 4367 1045 4414 aut
1067 4358 1115 4416 si
1139 4367 1453 4427 recesserat,
1480 4358 1688 4430 redeat,
1710 4374 1782 4417 ne

199 4451 390 4509 pereat.

263 4536 348 4594 16.
386 4539 519 4599 Item
562 4541 692 4600 dicit
726 4542 929 4601 Isaias:
963 4543 1030 4601 Et
1056 4560 1191 4600 nunc
1222 4544 1295 4600 sic
1321 4542 1443 4600 dicit
1469 4543 1721 4600 Dominus
1755 4559 1775 4599 :

208 4625 295 4694 Qui
322 4631 469 4700 ﬁnxit
497 4653 578 4692 me
601 4638 654 4692 in
682 4646 826 4694 utero
850 4655 1046 4694 servum
1070 4638 1187 4707 sibi,
1212 4647 1268 4692 ut
1296 4654 1590 4712 congregem
1612 4637 1777 4695 Iacob

206 4728 246 4771 ⁸⁸
270 4718 429 4819 “mel
466 4729 537 4784 ad
574 4747 722 4819 eum;
759 4731 1178 4804 appropinquabo
1204 4732 1371 4797 illum,
1419 4743 1466 4788 et
1494 4733 1779 4789 Itonorobor

208 4822 362 4869 coram
397 4815 614 4876 Domino
642 4821 691 4887 ί,
725 4830 771 4877 et
813 4821 952 4878 Deus
995 4839 1134 4878 meus
1177 4823 1272 4879 erit
1317 4823 1443 4879 milii
1482 4825 1661 4881 virtus.
1710 4823 1779 4879 Et

207 4898 324 4959 dixit
356 4910 477 4967 mihi
503 4930 521 4970 .-
554 4911 840 4970 Maximum
871 4914 959 4969 tibi
997 4915 1091 4971 erit
1119 4915 1248 4986 hoc,
1280 4918 1449 4972 vocari
1491 4928 1539 4973 te
1567 4919 1779 4990 puerum

209 5008 379 5068 meum,
423 5015 477 5059 ut
523 5006 798 5063 constituas
843 5008 1001 5064 tribus
1040 5006 1236 5077 Iacob,
1281 5018 1330 5064 et
1377 5010 1568 5080 prolem
1611 5009 1781 5065 Israel

211 5098 470 5149 convertas.
503 5094 571 5151 Et
597 5099 743 5170 posui
769 5110 818 5155 te
841 5099 895 5154 in
924 5108 1276 5155 testamentum
1304 5102 1499 5173 generis
1530 5102 1583 5156 in
1614 5101 1779 5157 lucem

213 5180 450 5251 tientium,
478 5199 533 5243 ut
569 5191 638 5245 sis
678 5190 816 5248 salus
855 5207 1013 5262 usque
1050 5192 1120 5247 ad
1148 5192 1276 5263 ﬁnes
1304 5202 1469 5249 teme.
1518 5194 1584 5250 Et
1618 5196 1779 5267 paulo

215 5277 360 5333 Post:
398 5278 487 5334 Sic
529 5283 690 5351 dicit,
740 5284 947 5356 inquit,
978 5283 1231 5341 Dominus
1278 5283 1492 5343 Israel:
1535 5285 1779 5359 Tempore

217 5361 455 5456 fP‘t’tsimo
483 5376 720 5431 exaudiui
748 5387 826 5444 te,
860 5385 907 5431 et
931 5377 984 5432 in
1010 5377 1092 5432 die
1114 5379 1292 5434 salutis
1317 5379 1492 5450 adjuvi
1518 5390 1583 5435 te.
1615 5378 1777 5436 Certe

218 5456 305 5505 tsta
340 5459 496 5519 verba
538 5481 662 5523 cum
718 5479 1191 5527 commemorasset
1234 5471 1506 5542 apostolus
1554 5471 1773 5540 Paulus,

275 5606 291 5636 ¹
322 5613 367 5659 ιη
386 5613 664 5673 Floriaceusi
686 5628 792 5682 Ms.,
815 5626 862 5673 et
883 5623 1049 5675 Israel.
1076 5623 1148 5675 Ad
1170 5639 1279 5678 eum
1300 5625 1508 5692 appropi

217 5661 433 5726 κίστηδο
451 5692 613 5726 coram
633 5686 843 5726 nomina-
856 5692 903 5726 In
917 5699 1078 5726 arm
1096 5693 1201 5726 IX!
1221 5699 1313 5726 per-
1342 5688 1508 5726 mmnrl

220 5686 433 5726 WW0
451 5692 613 5735 coram
630 5686 843 5754 Domino.
856 5692 905 5734 tn
917 5699 1078 5750 graeco
1096 5693 1207 5742 Lxx
1221 5699 1316 5754 est,

220 5726 289 5786 καί
304 5731 650 5786 άοπαῑΙιὲιηηιαὶ
669 5753 891 5786 manium
911 5748 1100 5786 Han-inn,

334 5740 650 5802 οπαιιιέεοηιαὶ
669 5745 891 5801 enuntiari
907 5740 1105 5803 Ew‘iou.

1663 5638 1708 5686 ο,
1731 5633 1779 5677 et

1575 5688 1773 5756 ésomai,

1014 279 1190 325 VULGO
1215 260 1304 324 DE
1346 256 1645 324 UNITATE
1687 258 2047 348 ECCLESIAS
2086 259 2291 324 LIBER
2334 267 2535 327 UNUS.

1871 381 2084 437 nonnisi
2128 383 2183 437 in
2231 382 2548 440 Christianis
2600 382 2832 442 ostendit
2883 381 3115 458 impleri.
3163 384 3467 450 Connexuit

1872 472 2015 528 enim
2040 472 2225 531 dicens
2252 493 2265 530 :
2295 473 2427 531 Ecce
2450 492 2584 531 nunc
2610 485 2806 549 tempus
2831 479 3159 551 acceptabile,
3187 494 3300 536 ecce
3326 498 3466 540 nunc

1872 563 1979 619 dies
2006 564 2186 619 salutis
2212 563 2296 639 (ll
2322 564 2441 622 Cor.
2469 583 2544 633 γι,
2569 566 2648 640 2).
2680 568 2975 626 Audiamus
2997 587 3127 643 ergo
3152 572 3277 644 quid
3301 572 3466 634 Isaias

1868 654 2124 729 adjungat
2151 676 2166 714 :
2197 656 2332 713 Dedi
2358 667 2424 727 te,
2457 660 2647 732 inquit,
2677 663 2731 717 in
2761 671 3113 721 testamentum
3138 667 3382 739 gentium,
3410 677 3467 723 ut

1869 746 2066 803 incolas
2113 757 2320 816 terram,
2366 758 2416 805 et
2461 751 2719 822 possideas
2749 753 3095 812 luereditatem
3140 757 3348 816 deserti.
3399 759 3470 816 Et

1872 840 2204 913 interpositis
2251 842 2445 899 deinde
2484 846 2774 915 connectit,
2816 858 2870 904 et
2906 848 3038 905 dicit
3073 868 3089 907 :
3134 849 3268 906 Ecce
3309 851 3397 907 isti
3431 869 3468 907 α

1872 934 2146 1007 longinquo
2171 936 2405 1003 venient;
2446 937 2501 992 hi
2536 948 2706 994 autem
2728 938 2790 994 ab
2817 942 3054 1012 aquilone
3080 953 3129 999 et
3162 945 3293 1001 mari
3314 962 3331 1013 ;
3374 946 3470 1002 alii

1872 1038 2037 1083 auten:
2062 1045 2126 1084 ea:
2153 1038 2286 1084 terra
2315 1029 2610 1088 Persarum.
2640 1032 2878 1102 Exsulta,
2908 1037 3109 1108 caelum,
3133 1047 3178 1095 et
3203 1039 3256 1095 in
3287 1039 3469 1096 laetitia

1870 1129 2007 1187 esto,
2041 1131 2177 1177 terra
2210 1139 2230 1179 :
2263 1123 2494 1180 emittant
2537 1136 2730 1183 montes
2763 1129 3182 1200 jncunditatem;
3224 1132 3469 1202 quoniam

1871 1213 2102 1268 misertus
2131 1222 2205 1270 est
2246 1213 2388 1271 Deus
2433 1218 2612 1288 populi
2657 1219 2770 1288 sui,
2806 1227 2855 1274 et
2899 1220 3116 1278 humiles
3163 1223 3340 1295 populi
3385 1224 3470 1281 sui

1870 1304 2123 1361 allocutus
2150 1316 2243 1362 est.
2285 1307 2431 1364 Dixit
2455 1319 2627 1365 autem
2652 1309 2781 1367 Sion
2810 1328 2830 1368 :
2857 1311 3139 1385 Dereliquit
3176 1332 3255 1372 me
3279 1314 3466 1373 Domi-

1871 1413 1988 1462 nus,
2030 1407 2080 1452 et
2105 1397 2243 1454 Deus
2275 1400 2460 1456 oblitus
2487 1411 2563 1456 est
2606 1404 2724 1459 mei.
2776 1402 3044 1477 Numquid
3083 1408 3247 1479 capiet
3286 1407 3468 1466 oblivio

1871 1490 2132 1545 mulierem
2168 1491 2267 1561 ﬁlii
2307 1492 2410 1560 sui,
2456 1494 2534 1549 vel
2572 1504 2735 1567 potest
2778 1495 2891 1567 ﬁeri
2934 1507 2989 1552 ut
3032 1514 3134 1555 non
3170 1499 3469 1556 misereatur

1870 1580 2005 1653 {etus
2029 1583 2158 1637 uteri
2180 1584 2306 1638 sui?
2350 1583 2507 1640 Nunc
2543 1602 2658 1642 ecce
2681 1598 2730 1642 et
2766 1589 2813 1643 si
2852 1588 2996 1644 illam
3038 1589 3221 1647 oblivio
3246 1592 3466 1662 habebit,

1872 1689 1955 1729 me
1980 1682 2149 1729 tamen
2174 1675 2247 1729 tui
2271 1674 2414 1731 nullo
2439 1678 2590 1732 modo
2619 1677 2800 1733 oblivio
2826 1680 3011 1750 capiet,
3041 1680 3163 1737 dicit
3190 1681 3464 1741 Dominus.

1873 1765 2011 1822 Ecce
2032 1782 2187 1837 super
2214 1783 2396 1823 manus
2421 1785 2559 1825 meas
2586 1768 2833 1841 descripsi
2870 1780 2985 1827 tuos
3014 1788 3202 1843 muros,
3247 1774 3300 1829 in
3340 1792 3468 1832 con-

1873 1868 2047 1931 spectu
2076 1860 2230 1914 etiam
2252 1877 2363 1916 meo
2387 1878 2442 1917 es
2467 1862 2520 1917 in
2544 1873 2861 1933 perpetuum,
2893 1872 2942 1919 et
2965 1863 3101 1923 brevi
3134 1866 3469 1936 tediﬁcaberis

1873 1951 1937 2006 ab
1964 1950 2045 2007 his
2070 1967 2102 2005 a
2131 1951 2312 2025 quibus
2338 1969 2508 2008 eversa
2533 1970 2607 2008 es.
2649 1953 2782 2010 Cum
2812 1955 2970 2028 igitur
3000 1972 3095 2027 per
3116 1956 3468 2029 apostolicam

1871 2060 2060 2103 vocem
2090 2061 2198 2102 non
2242 2046 2483 2102 sinamur
2517 2047 2620 2104 hoc
2646 2049 2714 2105 de
2758 2050 2954 2121 populo
2996 2050 3325 2121 Iudaeorum,
3369 2054 3467 2110 sed

1874 2137 1943 2196 dc
1966 2137 2394 2195 Christianorum
2421 2140 2747 2212 intelligere,
2775 2141 2902 2214 quid
2931 2142 3252 2201 intellecturi
3282 2159 3469 2202 sumus

1875 2232 1930 2286 in
1955 2245 2021 2288 eo
2046 2232 2189 2303 quod
2213 2233 2288 2287 ait
2310 2232 2414 2289 hoc
2437 2232 2556 2289 loco
2584 2233 2744 2290 Isaias
2761 2276 2776 2301 ,
2802 2232 2867 2288 Et
2888 2233 3023 2290 brevi
3043 2236 3376 2307 a'di/icaboris
3401 2239 3471 2294 ab

1877 2324 1956 2379 his
1984 2341 2018 2379 a
2057 2324 2238 2396 quibus
2279 2342 2451 2381 eversa
2487 2343 2579 2394 es;
2621 2326 2720 2382 nisi
2766 2341 2921 2399 reges
2964 2333 3121 2385 terra:
3161 2329 3251 2400 qui
3293 2329 3470 2401 primo

1878 2418 2338 2489 persequebantur
2362 2419 2657 2477 Eeclesiam
2679 2463 2695 2489 ,
2726 2429 2847 2492 post
2871 2420 3146 2491 adjuturos
3172 2437 3290 2476 eam
3319 2431 3471 2479 tanto

1878 2518 2005 2566 ante
2029 2510 2388 2582 prtedictum?
2430 2511 2535 2567 Sed
2566 2512 2690 2583 quia
2733 2512 2884 2567 multi
2925 2527 3112 2569 eorum
3150 2512 3203 2568 in
3231 2512 3342 2570 suis
3365 2512 3473 2569 ini-

1878 2602 2169 2673 quitatibus
2208 2603 2452 2659 morituri
2481 2614 2666 2673 erant,
2714 2605 2954 2676 adiungit
2992 2614 3049 2662 et
3091 2605 3261 2663 dicit:
3292 2604 3362 2662 Et
3385 2608 3473 2680 qui

1880 2695 2231 2752 desolaverunt
2273 2706 2353 2763 te,
2398 2697 2655 2754 discedent
2696 2716 2728 2753 a
2766 2709 2832 2754 te.
2877 2699 3076 2758 Deinde
3117 2703 3241 2773 quia
3282 2717 3474 2761 omnes

1880 2796 2065 2859 gentes
2109 2788 2528 2861 adjungerentur
2566 2789 2856 2860 Ecclesiae,
2908 2792 3147 2863 sequitur
3194 2803 3250 2851 ct
3294 2794 3470 2852 dicit:

1882 2877 2223 2951 Circumspice
2246 2880 2430 2951 ubique
2456 2882 2619 2937 oculis
2646 2884 2747 2937 tuis
2766 2924 2781 2951 ,
2815 2892 2859 2938 et
2893 2884 3004 2938 vide
3031 2885 3309 2942 universos.
3346 2885 3473 2942 Vivo

1882 2987 2007 3044 ego,
2037 2972 2159 3028 dicit
2184 2970 2437 3028 Dominus
2465 2988 2486 3029 :
2511 2990 2682 3029 omnes
2707 2974 2800 3030 Iros
2838 2975 3018 3030 indues
3044 2984 3119 3045 te,
3151 2985 3198 3031 et
3234 2976 3475 3049 dispones

1882 3084 1966 3124 eos
1990 3077 2045 3123 ut
2073 3077 2427 3123 ornamentum
2454 3083 2596 3124 nova:
2622 3078 2837 3140 nuptae;
2876 3070 3117 3141 quoniam
3142 3086 3255 3141 quo:
3278 3070 3475 3126 deserta

1883 3160 2089 3232 fuerunt
2114 3158 2168 3214 in
2198 3166 2264 3224 te,
2291 3167 2340 3213 et
2368 3167 2606 3229 corrupta
2636 3167 2684 3214 et
2712 3158 2945 3230 delapsa,
2991 3176 3127 3215 nunc
3163 3161 3217 3215 in
3248 3162 3475 3217 maxima

1882 3257 2085 3303 arcturo
2113 3257 2261 3304 erunt
2300 3266 2390 3321 per
2431 3265 2515 3303 eos
2543 3249 2629 3319 qui
2667 3259 3044 3304 commorantur
3086 3250 3197 3306 istic
3223 3267 3243 3306 .'
3269 3251 3416 3324 longe
3440 3268 3476 3307 a

1881 3347 1930 3392 te
1966 3338 2264 3410 efﬁciantur,
2310 3338 2397 3410 qui
2441 3348 2490 3393 te
2532 3340 2916 3394 transvorabant
2938 3342 2979 3394 ί.
3024 3338 3209 3397 Dicent
3248 3343 3382 3398 enim
3418 3345 3475 3400 iu

1882 3447 2031 3486 aures
2059 3439 2174 3486 tuas
2197 3431 2295 3501 lilii
2323 3430 2399 3485 tui
2421 3446 2547 3502 quos
2569 3430 2812 3487 amiseras
2844 3446 2857 3461 ο
2880 3432 3128 3502 Augustin
3155 3433 3296 3490 nobis
3320 3444 3393 3491 cst
3418 3436 3476 3492 in

1880 3523 1978 3579 isto
2006 3524 2117 3578 loco
2137 3565 2152 3592 ,
2190 3523 2343 3595 facito
2371 3523 2541 3595 itaque
2582 3523 2724 3579 nobis
2754 3511 2904 3579 etiam
2931 3541 3068 3581 nunc
3097 3526 3259 3581 locum
3287 3527 3341 3583 in
3371 3546 3474 3600 quo

1881 3630 2268 3670 commoremur.
2292 3612 2371 3670 Tu
2399 3631 2514 3670 vero
2539 3615 2673 3671 dices
2700 3616 2752 3671 in
2778 3618 2929 3672 corde
2955 3630 3040 3672 tuo
3063 3635 3082 3673 :
3112 3618 3236 3687 Quis
3263 3636 3478 3691 genera-

1881 3709 1949 3763 vit
1978 3708 2104 3763 mihi
2134 3707 2277 3774 istos,
2309 3724 2421 3763 cum
2449 3708 2608 3764 sciam
2636 3726 2744 3765 esse
2769 3727 2849 3766 me
2874 3710 2983 3766 sine
3008 3710 3133 3782 ﬁliis
3159 3723 3204 3768 et
3230 3713 3477 3769 viduam?

1886 3801 2011 3869 Quis
2040 3816 2158 3875 ergo
2184 3801 2308 3857 istos
2333 3800 2563 3857 educavit
2601 3801 2727 3857 milii
2747 3802 2774 3857 ?
2820 3802 2930 3876 Ego
2959 3804 3092 3859 enim
3118 3804 3355 3861 derelicta
3396 3806 3477 3879 [ui

1881 3892 2024 3962 sola,
2051 3892 2106 3948 lii
2131 3905 2304 3951 autem
2345 3893 2471 3947 mihi
2510 3892 2598 3949 ubi
2640 3894 2830 3950 erant?
2876 3893 2968 3951 Sic
3014 3895 3132 3950 dicit
3178 3895 3425 3952 Dominus
3454 3914 3477 3955 :

1883 3982 2020 4040 Ecce
2062 3985 2239 4041 tollam
2281 3985 2335 4039 in
2379 3984 2610 4040 nationes
2656 4001 2836 4040 manus
2880 4002 3039 4053 meas,
3090 3995 3135 4041 et
3180 3984 3232 4040 in
3279 3986 3477 4043 insulas

1882 4076 2085 4149 signum
2125 4093 2311 4145 meum,
2349 4085 2397 4132 et
2438 4076 2693 4131 adducam
2736 4077 2872 4147 ﬁlios
2914 4087 3025 4134 tuos
3070 4079 3122 4133 in
3159 4078 3295 4146 sinu,
3339 4081 3477 4151 ﬁlios

1884 4170 2036 4229 etiam
2065 4179 2178 4225 tuas
2222 4186 2375 4242 super
2421 4170 2662 4225 humeros
2709 4170 3022 4242 portabunt:
3051 4180 3098 4226 et
3139 4183 3288 4227 erunt
3336 4191 3475 4247 reges

1883 4262 2181 4318 educatores
2218 4262 2406 4329 vestri;
2453 4276 2568 4333 qua:
2595 4270 2767 4315 autem
2797 4261 3102 4333 principales
3131 4272 3278 4328 sunt,
3310 4265 3476 4320 nutri-
3532 4292 3546 4323 .-

1884 4369 1965 4409 ces
1992 4362 2170 4409 vestrm
2188 4394 2204 4420 ,
2235 4369 2389 4425 super
2434 4361 2620 4407 terram
2663 4352 2972 4407 declinantes
3010 4353 3193 4423 faciem
3231 4355 3476 4425 deprcca-
3529 4340 3537 4365 ³

1885 4446 2070 4502 buntur
2099 4455 2178 4515 te,
2208 4454 2255 4500 et
2290 4444 2499 4514 vestigia
2523 4443 2710 4517 pedum
2753 4452 2954 4497 tuorum
2983 4443 3202 4515 elingent
3227 4484 3243 4511 ,
3272 4454 3319 4500 et
3350 4444 3475 4500 scies

1883 4539 2122 4611 quoniam
2146 4555 2237 4610 ego
2257 4536 2531 4606 Dominus,
2556 4554 2647 4593 nec
2670 4535 2926 4592 erubesces
2952 4534 3100 4608 (lsai.
3129 4552 3269 4604 xm,
3297 4536 3473 4609 5-25).

1882 4631 1951 4689 Et
1977 4630 2135 4702 paulo
2162 4638 2281 4701 post
2309 4628 2582 4701 adiungit,
2621 4636 2678 4684 et
2702 4627 2832 4684 dicit
2862 4646 2875 4681 :
2902 4626 3091 4681 Audite
3117 4644 3232 4692 me;
3275 4627 3471 4694 audite,

1884 4724 2103 4798 populus
2133 4740 2309 4789 meus;
2349 4739 2490 4794 reges
2512 4738 2729 4792 quoque,
2762 4722 3005 4776 intendite
3028 4721 3195 4787 mihi;
3233 4724 3476 4793 quoniam

1884 4816 1968 4873 lea;
1993 4833 2027 4871 a
2052 4832 2130 4871 me
2154 4815 2373 4888 prodiet,
2402 4822 2448 4869 et
2462 4814 2721 4884 judicium
2752 4828 2916 4865 meum
2945 4812 2995 4866 in
3027 4812 3187 4866 lucem
3219 4812 3473 4883 gentibus.

1884 4909 2273 4981 Appropinquat
2315 4915 2512 4961 mature
2544 4905 2748 4979 justitia
2787 4919 2918 4971 mea,
2948 4913 2992 4957 et
3040 4903 3265 4958 salutare
3307 4920 3474 4959 meum

1885 5001 2264 5074 proﬁciscetur,
2298 5008 2343 5055 et
2380 4999 2431 5053 in
2475 4996 2681 5052 brae/tio
2708 5011 2818 5050 meo
2859 5006 3027 5067 gentes
3069 4997 3330 5052 salvantur
3358 4995 3472 5071 (Id.

1885 5110 1956 5163 ιι,
1982 5094 2037 5163 4,
2065 5094 2144 5165 5).
2182 5092 2258 5148 De
2284 5091 2385 5147 hoc
2408 5090 2627 5147 brachio
2650 5089 2957 5160 Scripturas
2997 5090 3320 5161 apostolicus
3345 5106 3479 5147 con-

1884 5187 2144 5244 sulamus.
2174 5184 2307 5241 Cum
2337 5186 2479 5241 enim
2520 5182 2795 5256 apostolus
2836 5182 3035 5240 Paulus
3070 5183 3139 5240 de
3166 5183 3477 5240 Judzcormn

1886 5279 2204 5337 infidelitate
2227 5276 2465 5348 ejusdem
2494 5275 2768 5347 propheta:
2796 5276 3158 5331 testimonium
3188 5277 3477 5347 posuisset.

1883 5371 2026 5444 quod
2051 5372 2132 5426 eis
2154 5369 2399 5425 Christus
2439 5382 2545 5423 non
2574 5368 2732 5424 fuerit
2770 5368 3040 5425 revelatus
3064 5409 3079 5434 ,
3114 5369 3215 5424 hoc
3254 5370 3475 5439 posuit:

1886 5466 2014 5535 Quis
2052 5462 2265 5518 credidit
2293 5459 2492 5517 auditui
2533 5460 2746 5517 nostra?
2785 5471 2833 5517 et
2860 5461 3123 5517 brachium
3148 5458 3353 5517 Domini
3394 5463 3478 5516 cui

1946 5629 1963 5659 ί
2000 5624 2135 5684 aditi,
2154 5621 2236 5685 qui
2272 5627 2643 5673 commorantur.
2669 5619 2792 5685 Istic
2816 5618 2953 5685 longe
2970 5631 3001 5668 a
3016 5623 3062 5668 te
3076 5615 3367 5682 eﬁiciuutur,
3393 5593 3482 5685 qui

1883 5696 1928 5740 te
1963 5681 2345 5740 transvorabunt.
2381 5686 2682 5749 Castigautur
2721 5684 2780 5733 ad
2823 5681 3175 5733 Floriacensem
3213 5683 3481 5732 manuscri-

1883 5761 2035 5819 ptum.
