  <div class='ocr_page' id='page_1' title='image "/cluster/home/n/w/nwhite01/storage/ocr_20150623/43/uva.x000827113/209.png"; bbox 0 0 3792 6184; ppageno 0'>
   <div class='ocr_carea' id='block_1_1' title="bbox 350 207 460 277">
    <p class='ocr_par' dir='ltr' id='par_1_1' title="bbox 350 207 460 277">
     <span class='ocr_line' id='line_1_1' title="bbox 350 207 460 277; baseline -0.009 -9"><span class='ocrx_word' id='word_1_1' title='bbox 350 207 460 277; x_wconf 58' lang='grc'><strong>403</strong></span> 
     </span>
    </p>
   </div>
   <div class='ocr_carea' id='block_1_2' title="bbox 350 309 1927 398">
    <p class='ocr_par' dir='ltr' id='par_1_2' title="bbox 350 309 1927 398">
     <span class='ocr_line' id='line_1_2' title="bbox 350 309 1927 398; baseline -0.011 -17"><span class='ocrx_word' id='word_1_2' title='bbox 350 323 623 381; x_wconf 85' lang='lat' dir='ltr'><strong>revelatum</strong></span> <span class='ocrx_word' id='word_1_3' title='bbox 652 330 724 379; x_wconf 88' lang='lat' dir='ltr'><strong>est</strong></span> <span class='ocrx_word' id='word_1_4' title='bbox 751 320 925 398; x_wconf 84' lang='lat' dir='ltr'><strong>(Rom.</strong></span> <span class='ocrx_word' id='word_1_5' title='bbox 956 333 1015 385; x_wconf 73' lang='grc' dir='ltr'>ι,</span> <span class='ocrx_word' id='word_1_6' title='bbox 1048 315 1151 384; x_wconf 79' lang='lat' dir='ltr'><strong>l6;</strong></span> <span class='ocrx_word' id='word_1_7' title='bbox 1183 314 1310 371; x_wconf 82' lang='lat' dir='ltr'><strong>lsai.</strong></span> <span class='ocrx_word' id='word_1_8' title='bbox 1340 328 1464 383; x_wconf 85' lang='lat' dir='ltr'><strong>LIII,</strong></span> <span class='ocrx_word' id='word_1_9' title='bbox 1491 312 1592 384; x_wconf 82' lang='lat' dir='ltr'><strong>l)?</strong></span> <span class='ocrx_word' id='word_1_10' title='bbox 1632 309 1834 367; x_wconf 89' lang='lat' dir='ltr'><strong>Deinde</strong></span> <span class='ocrx_word' id='word_1_11' title='bbox 1875 310 1927 364; x_wconf 94' lang='lat' dir='ltr'><strong>in</strong></span> 
     </span>
    </p>
   </div>
   <div class='ocr_carea' id='block_1_3' title="bbox 350 406 1934 492">
    <p class='ocr_par' dir='ltr' id='par_1_3' title="bbox 350 406 1934 492">
     <span class='ocr_line' id='line_1_3' title="bbox 350 406 1934 492; baseline -0.011 -16"><span class='ocrx_word' id='word_1_12' title='bbox 350 418 800 492; x_wconf 74' lang='lat' dir='ltr'><strong>consequentibus</strong></span> <span class='ocrx_word' id='word_1_13' title='bbox 840 413 1081 486; x_wconf 86' lang='lat' dir='ltr'><strong>adjungit</strong></span> <span class='ocrx_word' id='word_1_14' title='bbox 1108 410 1273 469; x_wconf 92' lang='lat' dir='ltr'><strong>Isaias</strong></span> <span class='ocrx_word' id='word_1_15' title='bbox 1302 418 1358 467; x_wconf 92' lang='lat' dir='ltr'><strong>et</strong></span> <span class='ocrx_word' id='word_1_16' title='bbox 1391 407 1521 465; x_wconf 80' lang='lat' dir='ltr'><strong>dicit</strong></span> <span class='ocrx_word' id='word_1_17' title='bbox 1550 426 1564 463; x_wconf 91' lang='lat'><strong>:</strong></span> <span class='ocrx_word' id='word_1_18' title='bbox 1594 406 1884 476; x_wconf 74' lang='lat' dir='ltr'><strong>Erumpunt</strong></span> <span class='ocrx_word' id='word_1_19' title='bbox 1916 406 1934 438; x_wconf 74' lang='grc' dir='ltr'>ί</span> 
     </span>
    </p>
   </div>
   <div class='ocr_carea' id='block_1_4' title="bbox 352 502 1938 575">
    <p class='ocr_par' dir='ltr' id='par_1_4' title="bbox 352 502 1938 575">
     <span class='ocr_line' id='line_1_4' title="bbox 352 502 1938 575; baseline -0.01 -4"><span class='ocrx_word' id='word_1_20' title='bbox 352 515 529 571; x_wconf 80' lang='lat' dir='ltr'><strong>ltetitia</strong></span> <span class='ocrx_word' id='word_1_21' title='bbox 562 511 715 570; x_wconf 95' lang='lat' dir='ltr'><strong>simul</strong></span> <span class='ocrx_word' id='word_1_22' title='bbox 750 510 944 567; x_wconf 86' lang='lat' dir='ltr'><strong>deserta</strong></span> <span class='ocrx_word' id='word_1_23' title='bbox 966 506 1253 565; x_wconf 76' lang='lat' dir='ltr'><strong>Jerusalem</strong></span> <span class='ocrx_word' id='word_1_24' title='bbox 1276 547 1291 573; x_wconf 92' lang='lat'><strong>,</strong></span> <span class='ocrx_word' id='word_1_25' title='bbox 1334 503 1573 575; x_wconf 87' lang='lat' dir='ltr'><strong>quoniam</strong></span> <span class='ocrx_word' id='word_1_26' title='bbox 1600 502 1833 557; x_wconf 88' lang='lat' dir='ltr'><strong>misertus</strong></span> <span class='ocrx_word' id='word_1_27' title='bbox 1860 508 1938 555; x_wconf 91' lang='lat' dir='ltr'><strong>est</strong></span> 
     </span>
    </p>
   </div>
   <div class='ocr_carea' id='block_1_5' title="bbox 350 591 1937 678">
    <p class='ocr_par' dir='ltr' id='par_1_5' title="bbox 350 591 1937 678">
     <span class='ocr_line' id='line_1_5' title="bbox 350 591 1937 678; baseline -0.011 -14"><span class='ocrx_word' id='word_1_28' title='bbox 350 607 484 678; x_wconf 79' lang='lat' dir='ltr'><strong>ejus,</strong></span> <span class='ocrx_word' id='word_1_29' title='bbox 526 614 574 663; x_wconf 87' lang='lat' dir='ltr'><strong>et</strong></span> <span class='ocrx_word' id='word_1_30' title='bbox 609 604 739 661; x_wconf 85' lang='lat' dir='ltr'><strong>eruit</strong></span> <span class='ocrx_word' id='word_1_31' title='bbox 763 601 1083 669; x_wconf 74' lang='lat' dir='ltr'><strong>Jerusalem,</strong></span> <span class='ocrx_word' id='word_1_32' title='bbox 1127 607 1176 653; x_wconf 88' lang='lat' dir='ltr'><strong>et</strong></span> <span class='ocrx_word' id='word_1_33' title='bbox 1218 596 1486 670; x_wconf 81' lang='lat' dir='ltr'><strong>patefaciet</strong></span> <span class='ocrx_word' id='word_1_34' title='bbox 1518 593 1771 649; x_wconf 80' lang='lat' dir='ltr'><strong>Dominus</strong></span> <span class='ocrx_word' id='word_1_35' title='bbox 1814 591 1937 647; x_wconf 58' lang='lat' dir='ltr'><strong>brae</strong></span> 
     </span>
    </p>
   </div>
   <div class='ocr_carea' id='block_1_6' title="bbox 349 688 1936 762">
    <p class='ocr_par' dir='ltr' id='par_1_6' title="bbox 349 688 1936 762">
     <span class='ocr_line' id='line_1_6' title="bbox 349 688 1936 762; baseline -0.009 -7"><span class='ocrx_word' id='word_1_36' title='bbox 349 699 519 757; x_wconf 84' lang='lat' dir='ltr'><strong>chium</strong></span> <span class='ocrx_word' id='word_1_37' title='bbox 560 713 709 754; x_wconf 89' lang='lat' dir='ltr'><strong>suum</strong></span> <span class='ocrx_word' id='word_1_38' title='bbox 746 703 981 752; x_wconf 85' lang='lat' dir='ltr'><strong>sanctum</strong></span> <span class='ocrx_word' id='word_1_39' title='bbox 1019 693 1075 749; x_wconf 88' lang='lat' dir='ltr'><strong>in</strong></span> <span class='ocrx_word' id='word_1_40' title='bbox 1116 698 1386 762; x_wconf 86' lang='lat' dir='ltr'><strong>conspectu</strong></span> <span class='ocrx_word' id='word_1_41' title='bbox 1419 688 1769 744; x_wconf 88' lang='lat' dir='ltr'><strong>universarum</strong></span> <span class='ocrx_word' id='word_1_42' title='bbox 1809 702 1936 758; x_wconf 87' lang='lat' dir='ltr'><strong>gen-</strong></span> 
     </span>
    </p>
   </div>
   <div class='ocr_carea' id='block_1_7' title="bbox 350 776 1939 858">
    <p class='ocr_par' dir='ltr' id='par_1_7' title="bbox 350 776 1939 858">
     <span class='ocr_line' id='line_1_7' title="bbox 350 776 1939 858; baseline -0.01 -11"><span class='ocrx_word' id='word_1_43' title='bbox 350 792 513 858; x_wconf 86' lang='lat' dir='ltr'><strong>tium,</strong></span> <span class='ocrx_word' id='word_1_44' title='bbox 564 798 613 846; x_wconf 87' lang='lat' dir='ltr'><strong>et</strong></span> <span class='ocrx_word' id='word_1_45' title='bbox 655 787 891 845; x_wconf 83' lang='lat' dir='ltr'><strong>videbunt</strong></span> <span class='ocrx_word' id='word_1_46' title='bbox 937 800 1110 842; x_wconf 90' lang='lat' dir='ltr'><strong>omnes</strong></span> <span class='ocrx_word' id='word_1_47' title='bbox 1156 783 1387 839; x_wconf 89' lang='lat' dir='ltr'><strong>nationes</strong></span> <span class='ocrx_word' id='word_1_48' title='bbox 1433 796 1593 855; x_wconf 86' lang='lat' dir='ltr'><strong>usque</strong></span> <span class='ocrx_word' id='word_1_49' title='bbox 1642 778 1711 833; x_wconf 86' lang='lat' dir='ltr'><strong>ad</strong></span> <span class='ocrx_word' id='word_1_50' title='bbox 1756 776 1939 833; x_wconf 87' lang='lat' dir='ltr'><strong>ultima</strong></span> 
     </span>
    </p>
   </div>
   <div class='ocr_carea' id='block_1_8' title="bbox 351 870 1939 953">
    <p class='ocr_par' dir='ltr' id='par_1_8' title="bbox 351 870 1939 953">
     <span class='ocr_line' id='line_1_8' title="bbox 351 870 1939 953; baseline -0.008 -14"><span class='ocrx_word' id='word_1_51' title='bbox 351 893 501 939; x_wconf 74' lang='lat' dir='ltr'><strong>terra:</strong></span> <span class='ocrx_word' id='word_1_52' title='bbox 524 882 547 915; x_wconf 78' lang='grc'><strong><em>³</em></strong></span> <span class='ocrx_word' id='word_1_53' title='bbox 571 880 788 938; x_wconf 76' lang='lat' dir='ltr'><strong>salutem</strong></span> <span class='ocrx_word' id='word_1_54' title='bbox 810 894 925 953; x_wconf 74' lang='lat' dir='ltr'><strong>qua:</strong></span> <span class='ocrx_word' id='word_1_55' title='bbox 948 895 981 935; x_wconf 91' lang='lat' dir='ltr'><strong>a</strong></span> <span class='ocrx_word' id='word_1_56' title='bbox 1003 876 1110 933; x_wconf 90' lang='lat' dir='ltr'><strong>Deo</strong></span> <span class='ocrx_word' id='word_1_57' title='bbox 1137 884 1212 932; x_wconf 89' lang='lat' dir='ltr'><strong>est</strong></span> <span class='ocrx_word' id='word_1_58' title='bbox 1241 874 1395 948; x_wconf 86' lang='lat' dir='ltr'><strong>(Isai.</strong></span> <span class='ocrx_word' id='word_1_59' title='bbox 1425 889 1527 938; x_wconf 83' lang='lat' dir='ltr'><strong>ut,</strong></span> <span class='ocrx_word' id='word_1_60' title='bbox 1554 872 1589 930; x_wconf 88' lang='lat'><strong>9</strong></span> <span class='ocrx_word' id='word_1_61' title='bbox 1609 914 1624 939; x_wconf 92' lang='lat'><strong>,</strong></span> <span class='ocrx_word' id='word_1_62' title='bbox 1652 871 1774 945; x_wconf 83' lang='grc'><strong>10).</strong></span> <span class='ocrx_word' id='word_1_63' title='bbox 1806 870 1939 940; x_wconf 87' lang='lat' dir='ltr'><strong>Quis</strong></span> 
     </span>
    </p>
   </div>
   <div class='ocr_carea' id='block_1_9' title="bbox 349 967 1935 1047">
    <p class='ocr_par' dir='ltr' id='par_1_9' title="bbox 349 967 1935 1047">
     <span class='ocr_line' id='line_1_9' title="bbox 349 967 1935 1047; baseline -0.007 -15"><span class='ocrx_word' id='word_1_64' title='bbox 349 984 460 1032; x_wconf 90' lang='lat' dir='ltr'><strong>tam</strong></span> <span class='ocrx_word' id='word_1_65' title='bbox 484 974 699 1044; x_wconf 85' lang='lat' dir='ltr'><strong>surdus,</strong></span> <span class='ocrx_word' id='word_1_66' title='bbox 722 973 842 1047; x_wconf 89' lang='lat' dir='ltr'><strong>quis</strong></span> <span class='ocrx_word' id='word_1_67' title='bbox 862 980 970 1029; x_wconf 87' lang='lat' dir='ltr'><strong>tam</strong></span> <span class='ocrx_word' id='word_1_68' title='bbox 993 971 1237 1037; x_wconf 91' lang='lat' dir='ltr'><strong>demens,</strong></span> <span class='ocrx_word' id='word_1_69' title='bbox 1260 967 1381 1042; x_wconf 81' lang='lat' dir='ltr'><strong>quis</strong></span> <span class='ocrx_word' id='word_1_70' title='bbox 1405 976 1510 1024; x_wconf 89' lang='lat' dir='ltr'><strong>tam</strong></span> <span class='ocrx_word' id='word_1_71' title='bbox 1535 974 1714 1024; x_wconf 92' lang='lat' dir='ltr'><strong>mente</strong></span> <span class='ocrx_word' id='word_1_72' title='bbox 1737 979 1935 1033; x_wconf 78' lang='lat' dir='ltr'><strong>caecus,</strong></span> 
     </span>
    </p>
   </div>
   <div class='ocr_carea' id='block_1_10' title="bbox 352 1057 1830 1130">
    <p class='ocr_par' dir='ltr' id='par_1_10' title="bbox 352 1057 1830 1130">
     <span class='ocr_line' id='line_1_10' title="bbox 352 1057 1830 1130; baseline -0.007 -8"><span class='ocrx_word' id='word_1_73' title='bbox 352 1074 413 1122; x_wconf 88' lang='lat' dir='ltr'><strong>ut</strong></span> <span class='ocrx_word' id='word_1_74' title='bbox 437 1064 460 1100; x_wconf 82' lang='grc'>³</span> <span class='ocrx_word' id='word_1_75' title='bbox 486 1066 570 1122; x_wconf 86' lang='lat' dir='ltr'><strong>his</strong></span> <span class='ocrx_word' id='word_1_76' title='bbox 612 1072 720 1122; x_wconf 88' lang='lat' dir='ltr'><strong>tam</strong></span> <span class='ocrx_word' id='word_1_77' title='bbox 748 1063 1088 1123; x_wconf 80' lang='lat' dir='ltr'><strong>evidentibus</strong></span> <span class='ocrx_word' id='word_1_78' title='bbox 1116 1059 1432 1118; x_wconf 85' lang='lat' dir='ltr'><strong>testimoniis</strong></span> <span class='ocrx_word' id='word_1_79' title='bbox 1467 1057 1830 1130; x_wconf 84' lang='lat' dir='ltr'><strong>obloquatur?</strong></span> 
     </span>
    </p>
   </div>
   <div class='ocr_carea' id='block_1_11' title="bbox 421 1150 1938 1216">
    <p class='ocr_par' dir='ltr' id='par_1_11' title="bbox 421 1150 1938 1216">
     <span class='ocr_line' id='line_1_11' title="bbox 421 1150 1938 1216; baseline -0.007 -1"><span class='ocrx_word' id='word_1_80' title='bbox 421 1157 510 1215; x_wconf 78' lang='grc'><strong>17.</strong></span> <span class='ocrx_word' id='word_1_81' title='bbox 551 1156 660 1216; x_wconf 86' lang='lat' dir='ltr'><strong>Sed</strong></span> <span class='ocrx_word' id='word_1_82' title='bbox 700 1155 770 1214; x_wconf 88' lang='lat' dir='ltr'><strong>ad</strong></span> <span class='ocrx_word' id='word_1_83' title='bbox 811 1155 1176 1213; x_wconf 81' lang='lat' dir='ltr'><strong>manifestiora</strong></span> <span class='ocrx_word' id='word_1_84' title='bbox 1212 1152 1511 1211; x_wconf 82' lang='lat' dir='ltr'><strong>veniamus.</strong></span> <span class='ocrx_word' id='word_1_85' title='bbox 1556 1150 1716 1208; x_wconf 83' lang='lat' dir='ltr'><strong>Certe</strong></span> <span class='ocrx_word' id='word_1_86' title='bbox 1757 1164 1938 1205; x_wconf 91' lang='lat' dir='ltr'><strong>sacra-</strong></span> 
     </span>
    </p>
   </div>
   <div class='ocr_carea' id='block_1_12' title="bbox 348 1244 1936 1322">
    <p class='ocr_par' dir='ltr' id='par_1_12' title="bbox 348 1244 1936 1322">
     <span class='ocr_line' id='line_1_12' title="bbox 348 1244 1936 1322; baseline -0.006 -16"><span class='ocrx_word' id='word_1_87' title='bbox 348 1250 585 1307; x_wconf 87' lang='lat' dir='ltr'><strong>tissimas</strong></span> <span class='ocrx_word' id='word_1_88' title='bbox 635 1249 851 1322; x_wconf 84' lang='lat' dir='ltr'><strong>nuptias</strong></span> <span class='ocrx_word' id='word_1_89' title='bbox 897 1249 952 1305; x_wconf 92' lang='lat' dir='ltr'><strong>in</strong></span> <span class='ocrx_word' id='word_1_90' title='bbox 1008 1246 1301 1315; x_wconf 89' lang='lat' dir='ltr'><strong>Scripturis</strong></span> <span class='ocrx_word' id='word_1_91' title='bbox 1346 1244 1631 1310; x_wconf 85' lang='lat' dir='ltr'><strong>novimus;</strong></span> <span class='ocrx_word' id='word_1_92' title='bbox 1679 1256 1936 1314; x_wconf 90' lang='lat' dir='ltr'><strong>sponsum</strong></span> 
     </span>
    </p>
   </div>
   <div class='ocr_carea' id='block_1_13' title="bbox 347 1331 1935 1413">
    <p class='ocr_par' dir='ltr' id='par_1_13' title="bbox 347 1331 1935 1413">
     <span class='ocr_line' id='line_1_13' title="bbox 347 1331 1935 1413; baseline -0.006 -15"><span class='ocrx_word' id='word_1_93' title='bbox 347 1349 407 1399; x_wconf 87' lang='lat' dir='ltr'><strong>et</strong></span> <span class='ocrx_word' id='word_1_94' title='bbox 446 1356 721 1413; x_wconf 86' lang='lat' dir='ltr'><strong>sponsam,</strong></span> <span class='ocrx_word' id='word_1_95' title='bbox 765 1339 1035 1397; x_wconf 90' lang='lat' dir='ltr'><strong>Christum</strong></span> <span class='ocrx_word' id='word_1_96' title='bbox 1065 1347 1119 1395; x_wconf 90' lang='lat' dir='ltr'><strong>et</strong></span> <span class='ocrx_word' id='word_1_97' title='bbox 1149 1335 1469 1393; x_wconf 86' lang='lat' dir='ltr'><strong>Ecclesiam.</strong></span> <span class='ocrx_word' id='word_1_98' title='bbox 1504 1333 1799 1405; x_wconf 90' lang='lat' dir='ltr'><strong>Utrumque</strong></span> <span class='ocrx_word' id='word_1_99' title='bbox 1837 1331 1935 1389; x_wconf 91' lang='lat' dir='ltr'><strong>de-</strong></span> 
     </span>
    </p>
   </div>
   <div class='ocr_carea' id='block_1_14' title="bbox 348 1425 1935 1499">
    <p class='ocr_par' dir='ltr' id='par_1_14' title="bbox 348 1425 1935 1499">
     <span class='ocr_line' id='line_1_14' title="bbox 348 1425 1935 1499; baseline -0.007 -10"><span class='ocrx_word' id='word_1_100' title='bbox 348 1433 536 1489; x_wconf 88' lang='lat' dir='ltr'><strong>scribit</strong></span> <span class='ocrx_word' id='word_1_101' title='bbox 577 1431 779 1499; x_wconf 88' lang='lat' dir='ltr'><strong>lsaias,</strong></span> <span class='ocrx_word' id='word_1_102' title='bbox 828 1446 898 1487; x_wconf 90' lang='lat' dir='ltr'><strong>ne</strong></span> <span class='ocrx_word' id='word_1_103' title='bbox 941 1429 1079 1486; x_wconf 82' lang='lat' dir='ltr'><strong>forte</strong></span> <span class='ocrx_word' id='word_1_104' title='bbox 1117 1429 1173 1485; x_wconf 92' lang='lat' dir='ltr'><strong>in</strong></span> <span class='ocrx_word' id='word_1_105' title='bbox 1212 1442 1398 1484; x_wconf 92' lang='lat' dir='ltr'><strong>eorum</strong></span> <span class='ocrx_word' id='word_1_106' title='bbox 1446 1425 1623 1497; x_wconf 90' lang='lat' dir='ltr'><strong>aliquo</strong></span> <span class='ocrx_word' id='word_1_107' title='bbox 1671 1438 1935 1489; x_wconf 89' lang='lat' dir='ltr'><strong>erremus,</strong></span> 
     </span>
    </p>
   </div>
   <div class='ocr_carea' id='block_1_15' title="bbox 350 1516 1938 1597">
    <p class='ocr_par' dir='ltr' id='par_1_15' title="bbox 350 1516 1938 1597">
     <span class='ocr_line' id='line_1_15' title="bbox 350 1516 1938 1597; baseline -0.006 -16"><span class='ocrx_word' id='word_1_108' title='bbox 350 1524 494 1597; x_wconf 90' lang='lat' dir='ltr'><strong>quod</strong></span> <span class='ocrx_word' id='word_1_109' title='bbox 522 1524 605 1581; x_wconf 92' lang='lat' dir='ltr'><strong>cui</strong></span> <span class='ocrx_word' id='word_1_110' title='bbox 649 1523 923 1591; x_wconf 90' lang='lat' dir='ltr'><strong>acciderit,</strong></span> <span class='ocrx_word' id='word_1_111' title='bbox 969 1531 1254 1593; x_wconf 90' lang='lat' dir='ltr'><strong>utrumque</strong></span> <span class='ocrx_word' id='word_1_112' title='bbox 1297 1518 1512 1575; x_wconf 90' lang='lat' dir='ltr'><strong>amittit.</strong></span> <span class='ocrx_word' id='word_1_113' title='bbox 1556 1517 1690 1585; x_wconf 87' lang='lat' dir='ltr'><strong>Quia</strong></span> <span class='ocrx_word' id='word_1_114' title='bbox 1729 1516 1796 1573; x_wconf 90' lang='lat' dir='ltr'><strong>de</strong></span> <span class='ocrx_word' id='word_1_115' title='bbox 1834 1516 1938 1573; x_wconf 88' lang='lat' dir='ltr'><strong>hoc</strong></span> 
     </span>
    </p>
   </div>
   <div class='ocr_carea' id='block_1_16' title="bbox 350 1608 1938 1687">
    <p class='ocr_par' dir='ltr' id='par_1_16' title="bbox 350 1608 1938 1687">
     <span class='ocr_line' id='line_1_16' title="bbox 350 1608 1938 1687; baseline -0.006 -16"><span class='ocrx_word' id='word_1_116' title='bbox 350 1615 601 1687; x_wconf 89' lang='lat' dir='ltr'><strong>conjugio</strong></span> <span class='ocrx_word' id='word_1_117' title='bbox 640 1614 696 1670; x_wconf 90' lang='lat' dir='ltr'><strong>in</strong></span> <span class='ocrx_word' id='word_1_118' title='bbox 745 1620 1083 1670; x_wconf 89' lang='lat' dir='ltr'><strong>sacramento</strong></span> <span class='ocrx_word' id='word_1_119' title='bbox 1132 1612 1331 1667; x_wconf 91' lang='lat' dir='ltr'><strong>dictum</strong></span> <span class='ocrx_word' id='word_1_120' title='bbox 1372 1618 1494 1678; x_wconf 90' lang='lat' dir='ltr'><strong>est,</strong></span> <span class='ocrx_word' id='word_1_121' title='bbox 1534 1608 1676 1665; x_wconf 85' lang='lat' dir='ltr'><strong>sicut</strong></span> <span class='ocrx_word' id='word_1_122' title='bbox 1711 1615 1938 1663; x_wconf 83' lang='lat' dir='ltr'><strong>testatur</strong></span> 
     </span>
    </p>
   </div>
   <div class='ocr_carea' id='block_1_17' title="bbox 347 1698 1939 1777">
    <p class='ocr_par' dir='ltr' id='par_1_17' title="bbox 347 1698 1939 1777">
     <span class='ocr_line' id='line_1_17' title="bbox 347 1698 1939 1777; baseline -0.004 -16"><span class='ocrx_word' id='word_1_123' title='bbox 347 1706 658 1777; x_wconf 78' lang='lat' dir='ltr'><strong>Apostolus,</strong></span> <span class='ocrx_word' id='word_1_124' title='bbox 687 1704 852 1760; x_wconf 86' lang='lat' dir='ltr'><strong>Erunt</strong></span> <span class='ocrx_word' id='word_1_125' title='bbox 877 1703 979 1759; x_wconf 88' lang='lat' dir='ltr'><strong>duo</strong></span> <span class='ocrx_word' id='word_1_126' title='bbox 1005 1704 1060 1759; x_wconf 89' lang='lat' dir='ltr'><strong>in</strong></span> <span class='ocrx_word' id='word_1_127' title='bbox 1084 1719 1239 1759; x_wconf 87' lang='lat' dir='ltr'><strong>carne</strong></span> <span class='ocrx_word' id='word_1_128' title='bbox 1262 1718 1365 1757; x_wconf 89' lang='lat' dir='ltr'><strong>una</strong></span> <span class='ocrx_word' id='word_1_129' title='bbox 1390 1699 1607 1773; x_wconf 87' lang='lat' dir='ltr'><strong>(Ephes.</strong></span> <span class='ocrx_word' id='word_1_130' title='bbox 1626 1716 1680 1767; x_wconf 90' lang='lat' dir='ltr'><strong>v,</strong></span> <span class='ocrx_word' id='word_1_131' title='bbox 1707 1698 1819 1772; x_wconf 79' lang='lat' dir='ltr'><strong>5i).</strong></span> <span class='ocrx_word' id='word_1_132' title='bbox 1848 1699 1939 1755; x_wconf 90' lang='lat' dir='ltr'><strong>Sic</strong></span> 
     </span>
    </p>
   </div>
   <div class='ocr_carea' id='block_1_18' title="bbox 349 1789 1937 1872">
    <p class='ocr_par' dir='ltr' id='par_1_18' title="bbox 349 1789 1937 1872">
     <span class='ocr_line' id='line_1_18' title="bbox 349 1789 1937 1872; baseline -0.008 -15"><span class='ocrx_word' id='word_1_133' title='bbox 349 1813 480 1872; x_wconf 87' lang='lat' dir='ltr'><strong>ergo</strong></span> <span class='ocrx_word' id='word_1_134' title='bbox 507 1797 655 1869; x_wconf 88' lang='lat' dir='ltr'><strong>prior</strong></span> <span class='ocrx_word' id='word_1_135' title='bbox 692 1797 805 1869; x_wconf 86' lang='lat' dir='ltr'><strong>ipse</strong></span> <span class='ocrx_word' id='word_1_136' title='bbox 833 1796 1155 1853; x_wconf 87' lang='lat' dir='ltr'><strong>describitur</strong></span> <span class='ocrx_word' id='word_1_137' title='bbox 1183 1812 1198 1851; x_wconf 89' lang='lat'><strong>:</strong></span> <span class='ocrx_word' id='word_1_138' title='bbox 1226 1803 1349 1866; x_wconf 92' lang='lat' dir='ltr'><strong>post</strong></span> <span class='ocrx_word' id='word_1_139' title='bbox 1374 1793 1540 1849; x_wconf 90' lang='lat' dir='ltr'><strong>multa</strong></span> <span class='ocrx_word' id='word_1_140' title='bbox 1581 1806 1701 1863; x_wconf 66' lang='lat' dir='ltr'><strong>quae</strong></span> <span class='ocrx_word' id='word_1_141' title='bbox 1738 1790 1807 1847; x_wconf 89' lang='lat' dir='ltr'><strong>de</strong></span> <span class='ocrx_word' id='word_1_142' title='bbox 1842 1789 1937 1845; x_wconf 92' lang='lat' dir='ltr'><strong>illo</strong></span> 
     </span>
    </p>
   </div>
   <div class='ocr_carea' id='block_1_19' title="bbox 346 1880 1939 1958">
    <p class='ocr_par' dir='ltr' id='par_1_19' title="bbox 346 1880 1939 1958">
     <span class='ocr_line' id='line_1_19' title="bbox 346 1880 1939 1958; baseline -0.007 -12"><span class='ocrx_word' id='word_1_143' title='bbox 346 1892 421 1946; x_wconf 89' lang='lat' dir='ltr'><strong>ita</strong></span> <span class='ocrx_word' id='word_1_144' title='bbox 461 1890 591 1946; x_wconf 86' lang='lat' dir='ltr'><strong>dicit</strong></span> <span class='ocrx_word' id='word_1_145' title='bbox 626 1888 824 1955; x_wconf 86' lang='lat' dir='ltr'><strong>Isaias,</strong></span> <span class='ocrx_word' id='word_1_146' title='bbox 868 1895 929 1944; x_wconf 92' lang='lat' dir='ltr'><strong>ut</strong></span> <span class='ocrx_word' id='word_1_147' title='bbox 965 1896 1021 1944; x_wconf 93' lang='lat' dir='ltr'><strong>et</strong></span> <span class='ocrx_word' id='word_1_148' title='bbox 1062 1885 1164 1958; x_wconf 90' lang='lat' dir='ltr'><strong>ipsi</strong></span> <span class='ocrx_word' id='word_1_149' title='bbox 1201 1886 1572 1942; x_wconf 83' lang='lat' dir='ltr'><strong>obmutescam</strong></span> <span class='ocrx_word' id='word_1_150' title='bbox 1615 1880 1825 1947; x_wconf 79' lang='lat' dir='ltr'><strong>Judaei;</strong></span> <span class='ocrx_word' id='word_1_151' title='bbox 1868 1895 1939 1936; x_wconf 90' lang='lat' dir='ltr'><strong>ne</strong></span> 
     </span>
    </p>
   </div>
   <div class='ocr_carea' id='block_1_20' title="bbox 345 1974 1934 2056">
    <p class='ocr_par' dir='ltr' id='par_1_20' title="bbox 345 1974 1934 2056">
     <span class='ocr_line' id='line_1_20' title="bbox 345 1974 1934 2056; baseline -0.008 -16"><span class='ocrx_word' id='word_1_152' title='bbox 345 1984 561 2056; x_wconf 87' lang='lat' dir='ltr'><strong>longum</strong></span> <span class='ocrx_word' id='word_1_153' title='bbox 588 1982 660 2040; x_wconf 91' lang='lat' dir='ltr'><strong>sit</strong></span> <span class='ocrx_word' id='word_1_154' title='bbox 683 1982 860 2038; x_wconf 91' lang='lat' dir='ltr'><strong>omnia</strong></span> <span class='ocrx_word' id='word_1_155' title='bbox 881 1993 1202 2048; x_wconf 90' lang='lat' dir='ltr'><strong>memorare,</strong></span> <span class='ocrx_word' id='word_1_156' title='bbox 1224 1976 1330 2033; x_wconf 90' lang='lat' dir='ltr'><strong>hoc</strong></span> <span class='ocrx_word' id='word_1_157' title='bbox 1353 1975 1628 2050; x_wconf 87' lang='lat' dir='ltr'><strong>paululum</strong></span> <span class='ocrx_word' id='word_1_158' title='bbox 1651 1974 1934 2031; x_wconf 88' lang='lat' dir='ltr'><strong>advertite.</strong></span> 
     </span>
    </p>
   </div>
   <div class='ocr_carea' id='block_1_21' title="bbox 344 2066 1937 2151">
    <p class='ocr_par' dir='ltr' id='par_1_21' title="bbox 344 2066 1937 2151">
     <span class='ocr_line' id='line_1_21' title="bbox 344 2066 1937 2151; baseline -0.007 -19"><span class='ocrx_word' id='word_1_159' title='bbox 344 2076 417 2132; x_wconf 79' lang='lat' dir='ltr'><strong>Et</strong></span> <span class='ocrx_word' id='word_1_160' title='bbox 443 2086 650 2151; x_wconf 89' lang='lat' dir='ltr'><strong>peccata</strong></span> <span class='ocrx_word' id='word_1_161' title='bbox 669 2118 684 2145; x_wconf 94' lang='lat'><strong>,</strong></span> <span class='ocrx_word' id='word_1_162' title='bbox 712 2075 917 2148; x_wconf 90' lang='lat' dir='ltr'><strong>inquit,</strong></span> <span class='ocrx_word' id='word_1_163' title='bbox 945 2090 1117 2130; x_wconf 89' lang='lat' dir='ltr'><strong>eorum</strong></span> <span class='ocrx_word' id='word_1_164' title='bbox 1153 2073 1263 2145; x_wconf 87' lang='lat' dir='ltr'><strong>ipse</strong></span> <span class='ocrx_word' id='word_1_165' title='bbox 1290 2069 1544 2143; x_wconf 90' lang='lat' dir='ltr'><strong>portabit,</strong></span> <span class='ocrx_word' id='word_1_166' title='bbox 1570 2069 1687 2125; x_wconf 89' lang='lat' dir='ltr'><strong>ideo</strong></span> <span class='ocrx_word' id='word_1_167' title='bbox 1716 2066 1937 2125; x_wconf 68' lang='lat' dir='ltr'><strong>haeredi-</strong></span> 
     </span>
    </p>
   </div>
   <div class='ocr_carea' id='block_1_22' title="bbox 345 2161 1939 2243">
    <p class='ocr_par' dir='ltr' id='par_1_22' title="bbox 345 2161 1939 2243">
     <span class='ocr_line' id='line_1_22' title="bbox 345 2161 1939 2243; baseline -0.005 -18"><span class='ocrx_word' id='word_1_168' title='bbox 345 2177 448 2225; x_wconf 88' lang='lat' dir='ltr'><strong>tate</strong></span> <span class='ocrx_word' id='word_1_169' title='bbox 471 2168 749 2243; x_wconf 84' lang='lat' dir='ltr'><strong>possidebit</strong></span> <span class='ocrx_word' id='word_1_170' title='bbox 777 2167 983 2233; x_wconf 92' lang='lat' dir='ltr'><strong>multos,</strong></span> <span class='ocrx_word' id='word_1_171' title='bbox 1011 2175 1060 2222; x_wconf 89' lang='lat' dir='ltr'><strong>et</strong></span> <span class='ocrx_word' id='word_1_172' title='bbox 1082 2165 1295 2238; x_wconf 79' lang='lat' dir='ltr'><strong>fortium</strong></span> <span class='ocrx_word' id='word_1_173' title='bbox 1323 2163 1571 2236; x_wconf 84' lang='lat' dir='ltr'><strong>partietur</strong></span> <span class='ocrx_word' id='word_1_174' title='bbox 1594 2161 1783 2234; x_wconf 87' lang='lat' dir='ltr'><strong>spolia,</strong></span> <span class='ocrx_word' id='word_1_175' title='bbox 1815 2178 1939 2234; x_wconf 85' lang='lat' dir='ltr'><strong>pro-</strong></span> 
     </span>
    </p>
   </div>
   <div class='ocr_carea' id='block_1_23' title="bbox 345 2255 1939 2333">
    <p class='ocr_par' dir='ltr' id='par_1_23' title="bbox 345 2255 1939 2333">
     <span class='ocr_line' id='line_1_23' title="bbox 345 2255 1939 2333; baseline -0.003 -20"><span class='ocrx_word' id='word_1_176' title='bbox 345 2268 458 2333; x_wconf 85' lang='lat' dir='ltr'><strong>pter</strong></span> <span class='ocrx_word' id='word_1_177' title='bbox 498 2259 634 2332; x_wconf 88' lang='lat' dir='ltr'><strong>quod</strong></span> <span class='ocrx_word' id='word_1_178' title='bbox 675 2258 865 2314; x_wconf 89' lang='lat' dir='ltr'><strong>tradita</strong></span> <span class='ocrx_word' id='word_1_179' title='bbox 893 2265 967 2314; x_wconf 85' lang='lat' dir='ltr'><strong>est</strong></span> <span class='ocrx_word' id='word_1_180' title='bbox 1007 2258 1062 2312; x_wconf 90' lang='lat' dir='ltr'><strong>in</strong></span> <span class='ocrx_word' id='word_1_181' title='bbox 1090 2265 1303 2312; x_wconf 87' lang='lat' dir='ltr'><strong>mortem</strong></span> <span class='ocrx_word' id='word_1_182' title='bbox 1343 2255 1518 2310; x_wconf 89' lang='lat' dir='ltr'><strong>anima</strong></span> <span class='ocrx_word' id='word_1_183' title='bbox 1559 2255 1688 2327; x_wconf 88' lang='lat' dir='ltr'><strong>ejus,</strong></span> <span class='ocrx_word' id='word_1_184' title='bbox 1727 2264 1776 2309; x_wconf 89' lang='lat' dir='ltr'><strong>et</strong></span> <span class='ocrx_word' id='word_1_185' title='bbox 1808 2255 1939 2309; x_wconf 89' lang='lat' dir='ltr'><strong>inter</strong></span> 
     </span>
    </p>
   </div>
   <div class='ocr_carea' id='block_1_24' title="bbox 343 2345 1934 2424">
    <p class='ocr_par' dir='ltr' id='par_1_24' title="bbox 343 2345 1934 2424">
     <span class='ocr_line' id='line_1_24' title="bbox 343 2345 1934 2424; baseline -0.005 -17"><span class='ocrx_word' id='word_1_186' title='bbox 343 2353 544 2424; x_wconf 90' lang='lat' dir='ltr'><strong>iniquos</strong></span> <span class='ocrx_word' id='word_1_187' title='bbox 582 2352 854 2421; x_wconf 85' lang='lat' dir='ltr'><strong>deputatus</strong></span> <span class='ocrx_word' id='word_1_188' title='bbox 897 2361 1004 2415; x_wconf 84' lang='lat' dir='ltr'><strong>est,</strong></span> <span class='ocrx_word' id='word_1_189' title='bbox 1032 2356 1081 2404; x_wconf 91' lang='lat' dir='ltr'><strong>et</strong></span> <span class='ocrx_word' id='word_1_190' title='bbox 1104 2348 1214 2420; x_wconf 87' lang='lat' dir='ltr'><strong>ipse</strong></span> <span class='ocrx_word' id='word_1_191' title='bbox 1236 2355 1441 2422; x_wconf 87' lang='lat' dir='ltr'><strong>peccata</strong></span> <span class='ocrx_word' id='word_1_192' title='bbox 1477 2346 1754 2401; x_wconf 87' lang='lat' dir='ltr'><strong>multorum</strong></span> <span class='ocrx_word' id='word_1_193' title='bbox 1779 2345 1934 2401; x_wconf 73' lang='lat' dir='ltr'><strong>susti~</strong></span> 
     </span>
    </p>
   </div>
   <div class='ocr_carea' id='block_1_25' title="bbox 318 2429 1933 2514">
    <p class='ocr_par' dir='ltr' id='par_1_25' title="bbox 318 2429 1933 2514">
     <span class='ocr_line' id='line_1_25' title="bbox 318 2429 1933 2514; baseline -0.004 -15"><span class='ocrx_word' id='word_1_194' title='bbox 318 2429 481 2511; x_wconf 83' lang='lat' dir='ltr'><strong>nuit,</strong></span> <span class='ocrx_word' id='word_1_195' title='bbox 525 2450 575 2499; x_wconf 88' lang='lat' dir='ltr'><strong>et</strong></span> <span class='ocrx_word' id='word_1_196' title='bbox 618 2450 830 2514; x_wconf 88' lang='lat' dir='ltr'><strong>propter</strong></span> <span class='ocrx_word' id='word_1_197' title='bbox 871 2441 1162 2513; x_wconf 89' lang='lat' dir='ltr'><strong>iniquitates</strong></span> <span class='ocrx_word' id='word_1_198' title='bbox 1199 2450 1399 2496; x_wconf 89' lang='lat' dir='ltr'><strong>nostras</strong></span> <span class='ocrx_word' id='word_1_199' title='bbox 1427 2438 1645 2495; x_wconf 88' lang='lat' dir='ltr'><strong>traditus</strong></span> <span class='ocrx_word' id='word_1_200' title='bbox 1679 2447 1750 2493; x_wconf 89' lang='lat' dir='ltr'><strong>est</strong></span> <span class='ocrx_word' id='word_1_201' title='bbox 1779 2436 1933 2512; x_wconf 78' lang='lat' dir='ltr'><strong>(Isai.</strong></span> 
     </span>
    </p>
   </div>
   <div class='ocr_carea' id='block_1_26' title="bbox 343 2528 1937 2611">
    <p class='ocr_par' dir='ltr' id='par_1_26' title="bbox 343 2528 1937 2611">
     <span class='ocr_line' id='line_1_26' title="bbox 343 2528 1937 2611; baseline -0.005 -19"><span class='ocrx_word' id='word_1_202' title='bbox 343 2551 471 2603; x_wconf 83' lang='lat' dir='ltr'><strong>un,</strong></span> <span class='ocrx_word' id='word_1_203' title='bbox 503 2535 566 2591; x_wconf 78' lang='lat' dir='ltr'><strong>ll</strong></span> <span class='ocrx_word' id='word_1_204' title='bbox 586 2532 776 2611; x_wconf 68' lang='grc' dir='ltr'><strong>ειη).</strong></span> <span class='ocrx_word' id='word_1_205' title='bbox 824 2533 951 2590; x_wconf 67' lang='grc' dir='ltr'><strong>εἶωο</strong></span> <span class='ocrx_word' id='word_1_206' title='bbox 978 2532 1046 2590; x_wconf 87' lang='lat' dir='ltr'><strong>de</strong></span> <span class='ocrx_word' id='word_1_207' title='bbox 1075 2532 1302 2589; x_wconf 92' lang='lat' dir='ltr'><strong>Domino</strong></span> <span class='ocrx_word' id='word_1_208' title='bbox 1328 2540 1515 2588; x_wconf 89' lang='lat' dir='ltr'><strong>nostro</strong></span> <span class='ocrx_word' id='word_1_209' title='bbox 1555 2530 1684 2587; x_wconf 84' lang='lat' dir='ltr'><strong>Jesu</strong></span> <span class='ocrx_word' id='word_1_210' title='bbox 1722 2528 1937 2587; x_wconf 89' lang='lat' dir='ltr'><strong>Christo</strong></span> 
     </span>
    </p>
   </div>
   <div class='ocr_carea' id='block_1_27' title="bbox 344 2618 1935 2698">
    <p class='ocr_par' dir='ltr' id='par_1_27' title="bbox 344 2618 1935 2698">
     <span class='ocr_line' id='line_1_27' title="bbox 344 2618 1935 2698; baseline -0.004 -15"><span class='ocrx_word' id='word_1_211' title='bbox 344 2635 494 2683; x_wconf 89' lang='lat' dir='ltr'><strong>tanto</strong></span> <span class='ocrx_word' id='word_1_212' title='bbox 534 2633 659 2683; x_wconf 87' lang='lat' dir='ltr'><strong>ante</strong></span> <span class='ocrx_word' id='word_1_213' title='bbox 705 2624 959 2698; x_wconf 68' lang='lat' dir='ltr'><strong>praedicta</strong></span> <span class='ocrx_word' id='word_1_214' title='bbox 1005 2631 1062 2681; x_wconf 93' lang='lat' dir='ltr'><strong>et</strong></span> <span class='ocrx_word' id='word_1_215' title='bbox 1108 2622 1421 2695; x_wconf 87' lang='lat' dir='ltr'><strong>prophetata</strong></span> <span class='ocrx_word' id='word_1_216' title='bbox 1473 2618 1784 2678; x_wconf 74' lang='lat' dir='ltr'><strong>fatemini‘.</strong></span> <span class='ocrx_word' id='word_1_217' title='bbox 1839 2620 1935 2677; x_wconf 87' lang='lat' dir='ltr'><strong>llic</strong></span> 
     </span>
    </p>
   </div>
   <div class='ocr_carea' id='block_1_28' title="bbox 344 2709 1935 2789">
    <p class='ocr_par' dir='ltr' id='par_1_28' title="bbox 344 2709 1935 2789">
     <span class='ocr_line' id='line_1_28' title="bbox 344 2709 1935 2789; baseline -0.006 -15"><span class='ocrx_word' id='word_1_218' title='bbox 344 2732 475 2789; x_wconf 89' lang='lat' dir='ltr'><strong>ergo</strong></span> <span class='ocrx_word' id='word_1_219' title='bbox 507 2730 739 2788; x_wconf 89' lang='lat' dir='ltr'><strong>sponsus</strong></span> <span class='ocrx_word' id='word_1_220' title='bbox 778 2714 965 2787; x_wconf 87' lang='lat' dir='ltr'><strong>utquid</strong></span> <span class='ocrx_word' id='word_1_221' title='bbox 1002 2713 1229 2770; x_wconf 88' lang='lat' dir='ltr'><strong>traditus</strong></span> <span class='ocrx_word' id='word_1_222' title='bbox 1254 2721 1339 2769; x_wconf 91' lang='lat' dir='ltr'><strong>est</strong></span> <span class='ocrx_word' id='word_1_223' title='bbox 1369 2711 1436 2769; x_wconf 90' lang='lat' dir='ltr'><strong>ad</strong></span> <span class='ocrx_word' id='word_1_224' title='bbox 1473 2719 1723 2777; x_wconf 88' lang='lat' dir='ltr'><strong>mortem,</strong></span> <span class='ocrx_word' id='word_1_225' title='bbox 1748 2709 1935 2783; x_wconf 85' lang='lat' dir='ltr'><strong>utquid</strong></span> 
     </span>
    </p>
   </div>
   <div class='ocr_carea' id='block_1_29' title="bbox 342 2799 1934 2879">
    <p class='ocr_par' dir='ltr' id='par_1_29' title="bbox 342 2799 1934 2879">
     <span class='ocr_line' id='line_1_29' title="bbox 342 2799 1934 2879; baseline -0.004 -16"><span class='ocrx_word' id='word_1_226' title='bbox 342 2808 487 2864; x_wconf 87' lang='lat' dir='ltr'><strong>inter</strong></span> <span class='ocrx_word' id='word_1_227' title='bbox 515 2807 728 2879; x_wconf 91' lang='lat' dir='ltr'><strong>iniquos</strong></span> <span class='ocrx_word' id='word_1_228' title='bbox 755 2805 1042 2877; x_wconf 82' lang='lat' dir='ltr'><strong>deputatus</strong></span> <span class='ocrx_word' id='word_1_229' title='bbox 1076 2812 1158 2861; x_wconf 90' lang='lat' dir='ltr'><strong>est</strong></span> <span class='ocrx_word' id='word_1_230' title='bbox 1194 2812 1340 2859; x_wconf 90' lang='lat' dir='ltr'><strong>tanta</strong></span> <span class='ocrx_word' id='word_1_231' title='bbox 1376 2799 1674 2858; x_wconf 85' lang='lat' dir='ltr'><strong>humilitate</strong></span> <span class='ocrx_word' id='word_1_232' title='bbox 1711 2801 1934 2858; x_wconf 90' lang='lat' dir='ltr'><strong>celsitu-</strong></span> 
     </span>
    </p>
   </div>
   <div class='ocr_carea' id='block_1_30' title="bbox 344 2893 1934 2970">
    <p class='ocr_par' dir='ltr' id='par_1_30' title="bbox 344 2893 1934 2970">
     <span class='ocr_line' id='line_1_30' title="bbox 344 2893 1934 2970; baseline -0.004 -14"><span class='ocrx_word' id='word_1_233' title='bbox 344 2898 493 2956; x_wconf 88' lang='lat' dir='ltr'><strong>dinis</strong></span> <span class='ocrx_word' id='word_1_234' title='bbox 532 2899 687 2957; x_wconf 63' lang='lat' dir='ltr'><strong>suae?</strong></span> <span class='ocrx_word' id='word_1_235' title='bbox 746 2898 885 2968; x_wconf 85' lang='lat' dir='ltr'><strong>Quid</strong></span> <span class='ocrx_word' id='word_1_236' title='bbox 947 2897 1093 2970; x_wconf 90' lang='lat' dir='ltr'><strong>egit,</strong></span> <span class='ocrx_word' id='word_1_237' title='bbox 1134 2896 1260 2969; x_wconf 90' lang='lat' dir='ltr'><strong>quid</strong></span> <span class='ocrx_word' id='word_1_238' title='bbox 1312 2895 1635 2968; x_wconf 86' lang='lat' dir='ltr'><strong>acquisivit?</strong></span> <span class='ocrx_word' id='word_1_239' title='bbox 1688 2893 1818 2964; x_wconf 91' lang='lat' dir='ltr'><strong>Quis</strong></span> <span class='ocrx_word' id='word_1_240' title='bbox 1860 2894 1934 2950; x_wconf 90' lang='lat' dir='ltr'><strong>ita</strong></span> 
     </span>
    </p>
   </div>
   <div class='ocr_carea' id='block_1_31' title="bbox 344 2985 1932 3060">
    <p class='ocr_par' dir='ltr' id='par_1_31' title="bbox 344 2985 1932 3060">
     <span class='ocr_line' id='line_1_31' title="bbox 344 2985 1932 3060; baseline -0.004 -12"><span class='ocrx_word' id='word_1_241' title='bbox 344 2991 543 3048; x_wconf 86' lang='lat' dir='ltr'><strong>surdus</strong></span> <span class='ocrx_word' id='word_1_242' title='bbox 574 2999 677 3060; x_wconf 90' lang='lat' dir='ltr'><strong>est,</strong></span> <span class='ocrx_word' id='word_1_243' title='bbox 715 2997 777 3046; x_wconf 92' lang='lat' dir='ltr'><strong>ut</strong></span> <span class='ocrx_word' id='word_1_244' title='bbox 816 2989 933 3045; x_wconf 85' lang='lat' dir='ltr'><strong>haec</strong></span> <span class='ocrx_word' id='word_1_245' title='bbox 972 3004 1079 3044; x_wconf 90' lang='lat' dir='ltr'><strong>non</strong></span> <span class='ocrx_word' id='word_1_246' title='bbox 1119 2985 1343 3045; x_wconf 84' lang='lat' dir='ltr'><strong>audiat?</strong></span> <span class='ocrx_word' id='word_1_247' title='bbox 1380 2986 1501 3058; x_wconf 87' lang='lat' dir='ltr'><strong>quis</strong></span> <span class='ocrx_word' id='word_1_248' title='bbox 1534 2986 1608 3042; x_wconf 91' lang='lat' dir='ltr'><strong>ita</strong></span> <span class='ocrx_word' id='word_1_249' title='bbox 1645 2987 1866 3042; x_wconf 85' lang='lat' dir='ltr'><strong>obtusus</strong></span> <span class='ocrx_word' id='word_1_250' title='bbox 1888 2986 1932 3053; x_wconf 83' lang='grc'><strong>⁸,</strong></span> 
     </span>
    </p>
   </div>
   <div class='ocr_carea' id='block_1_32' title="bbox 345 3079 1935 3159">
    <p class='ocr_par' dir='ltr' id='par_1_32' title="bbox 345 3079 1935 3159">
     <span class='ocr_line' id='line_1_32' title="bbox 345 3079 1935 3159; baseline -0.006 -16"><span class='ocrx_word' id='word_1_251' title='bbox 345 3095 407 3143; x_wconf 90' lang='lat' dir='ltr'><strong>ut</strong></span> <span class='ocrx_word' id='word_1_252' title='bbox 448 3101 556 3143; x_wconf 92' lang='lat' dir='ltr'><strong>non</strong></span> <span class='ocrx_word' id='word_1_253' title='bbox 600 3083 908 3159; x_wconf 73' lang='lat' dir='ltr'><strong>intelligat?</strong></span> <span class='ocrx_word' id='word_1_254' title='bbox 947 3082 1068 3153; x_wconf 88' lang='lat' dir='ltr'><strong>quis</strong></span> <span class='ocrx_word' id='word_1_255' title='bbox 1109 3082 1181 3138; x_wconf 88' lang='lat' dir='ltr'><strong>ita</strong></span> <span class='ocrx_word' id='word_1_256' title='bbox 1228 3095 1423 3149; x_wconf 66' lang='lat' dir='ltr'><strong>caecus,</strong></span> <span class='ocrx_word' id='word_1_257' title='bbox 1466 3087 1526 3135; x_wconf 90' lang='lat' dir='ltr'><strong>ut</strong></span> <span class='ocrx_word' id='word_1_258' title='bbox 1565 3093 1672 3135; x_wconf 91' lang='lat' dir='ltr'><strong>non</strong></span> <span class='ocrx_word' id='word_1_259' title='bbox 1712 3079 1935 3135; x_wconf 83' lang='lat' dir='ltr'><strong>videat?</strong></span> 
     </span>
    </p>
   </div>
   <div class='ocr_carea' id='block_1_33' title="bbox 345 3171 1936 3251">
    <p class='ocr_par' dir='ltr' id='par_1_33' title="bbox 345 3171 1936 3251">
     <span class='ocr_line' id='line_1_33' title="bbox 345 3171 1936 3251; baseline -0.005 -16"><span class='ocrx_word' id='word_1_260' title='bbox 345 3177 496 3245; x_wconf 85' lang='lat' dir='ltr'><strong>Ideo,</strong></span> <span class='ocrx_word' id='word_1_261' title='bbox 526 3180 716 3251; x_wconf 91' lang='lat' dir='ltr'><strong>inquit,</strong></span> <span class='ocrx_word' id='word_1_262' title='bbox 749 3178 857 3250; x_wconf 89' lang='lat' dir='ltr'><strong>ipse</strong></span> <span class='ocrx_word' id='word_1_263' title='bbox 882 3174 1178 3233; x_wconf 69' lang='lat' dir='ltr'><strong>haereditate</strong></span> <span class='ocrx_word' id='word_1_264' title='bbox 1200 3171 1471 3248; x_wconf 85' lang='lat' dir='ltr'><strong>possidebit</strong></span> <span class='ocrx_word' id='word_1_265' title='bbox 1494 3172 1683 3229; x_wconf 88' lang='lat' dir='ltr'><strong>multos</strong></span> <span class='ocrx_word' id='word_1_266' title='bbox 1700 3214 1717 3242; x_wconf 96' lang='lat'><strong>,</strong></span> <span class='ocrx_word' id='word_1_267' title='bbox 1744 3181 1792 3227; x_wconf 88' lang='lat' dir='ltr'><strong>et</strong></span> <span class='ocrx_word' id='word_1_268' title='bbox 1822 3171 1936 3244; x_wconf 83' lang='lat' dir='ltr'><strong>for-</strong></span> 
     </span>
    </p>
   </div>
   <div class='ocr_carea' id='block_1_34' title="bbox 343 3264 1935 3344">
    <p class='ocr_par' dir='ltr' id='par_1_34' title="bbox 343 3264 1935 3344">
     <span class='ocr_line' id='line_1_34' title="bbox 343 3264 1935 3344; baseline -0.007 -16"><span class='ocrx_word' id='word_1_269' title='bbox 343 3274 472 3328; x_wconf 87' lang='lat' dir='ltr'><strong>tium</strong></span> <span class='ocrx_word' id='word_1_270' title='bbox 497 3272 745 3344; x_wconf 86' lang='lat' dir='ltr'><strong>partietur</strong></span> <span class='ocrx_word' id='word_1_271' title='bbox 766 3269 953 3339; x_wconf 88' lang='lat' dir='ltr'><strong>spolia,</strong></span> <span class='ocrx_word' id='word_1_272' title='bbox 981 3276 1188 3341; x_wconf 86' lang='lat' dir='ltr'><strong>propter</strong></span> <span class='ocrx_word' id='word_1_273' title='bbox 1210 3264 1347 3339; x_wconf 87' lang='lat' dir='ltr'><strong>quod</strong></span> <span class='ocrx_word' id='word_1_274' title='bbox 1372 3264 1562 3321; x_wconf 89' lang='lat' dir='ltr'><strong>tradita</strong></span> <span class='ocrx_word' id='word_1_275' title='bbox 1588 3273 1661 3320; x_wconf 88' lang='lat' dir='ltr'><strong>est</strong></span> <span class='ocrx_word' id='word_1_276' title='bbox 1701 3264 1755 3319; x_wconf 86' lang='lat' dir='ltr'><strong>in</strong></span> <span class='ocrx_word' id='word_1_277' title='bbox 1792 3280 1935 3319; x_wconf 88' lang='lat' dir='ltr'><strong>mor-</strong></span> 
     </span>
    </p>
   </div>
   <div class='ocr_carea' id='block_1_35' title="bbox 346 3356 1936 3435">
    <p class='ocr_par' dir='ltr' id='par_1_35' title="bbox 346 3356 1936 3435">
     <span class='ocr_line' id='line_1_35' title="bbox 346 3356 1936 3435; baseline -0.005 -15"><span class='ocrx_word' id='word_1_278' title='bbox 346 3373 446 3421; x_wconf 88' lang='lat' dir='ltr'><strong>tem</strong></span> <span class='ocrx_word' id='word_1_279' title='bbox 477 3364 651 3419; x_wconf 90' lang='lat' dir='ltr'><strong>anima</strong></span> <span class='ocrx_word' id='word_1_280' title='bbox 692 3361 805 3435; x_wconf 85' lang='lat' dir='ltr'><strong>ejus</strong></span> <span class='ocrx_word' id='word_1_281' title='bbox 849 3370 898 3416; x_wconf 92' lang='lat' dir='ltr'><strong>et</strong></span> <span class='ocrx_word' id='word_1_282' title='bbox 938 3361 1072 3415; x_wconf 89' lang='lat' dir='ltr'><strong>inter</strong></span> <span class='ocrx_word' id='word_1_283' title='bbox 1107 3358 1308 3429; x_wconf 88' lang='lat' dir='ltr'><strong>iniquos</strong></span> <span class='ocrx_word' id='word_1_284' title='bbox 1350 3358 1619 3430; x_wconf 83' lang='lat' dir='ltr'><strong>deputatus</strong></span> <span class='ocrx_word' id='word_1_285' title='bbox 1658 3363 1751 3412; x_wconf 80' lang='lat' dir='ltr'><strong>est.</strong></span> <span class='ocrx_word' id='word_1_286' title='bbox 1796 3356 1936 3424; x_wconf 88' lang='lat' dir='ltr'><strong>Quid</strong></span> 
     </span>
    </p>
   </div>
   <div class='ocr_carea' id='block_1_36' title="bbox 344 3450 1935 3527">
    <p class='ocr_par' dir='ltr' id='par_1_36' title="bbox 344 3450 1935 3527">
     <span class='ocr_line' id='line_1_36' title="bbox 344 3450 1935 3527; baseline -0.006 -12"><span class='ocrx_word' id='word_1_287' title='bbox 344 3468 448 3525; x_wconf 90' lang='lat' dir='ltr'><strong>est,</strong></span> <span class='ocrx_word' id='word_1_288' title='bbox 490 3456 749 3523; x_wconf 59' lang='lat' dir='ltr'><strong>haeretici,</strong></span> <span class='ocrx_word' id='word_1_289' title='bbox 779 3454 922 3527; x_wconf 91' lang='lat' dir='ltr'><strong>quod</strong></span> <span class='ocrx_word' id='word_1_290' title='bbox 947 3453 1015 3511; x_wconf 92' lang='lat' dir='ltr'><strong>de</strong></span> <span class='ocrx_word' id='word_1_291' title='bbox 1055 3453 1324 3525; x_wconf 91' lang='lat' dir='ltr'><strong>paucitate</strong></span> <span class='ocrx_word' id='word_1_292' title='bbox 1351 3450 1674 3524; x_wconf 83' lang='lat' dir='ltr'><strong>gloriamini,</strong></span> <span class='ocrx_word' id='word_1_293' title='bbox 1717 3450 1763 3506; x_wconf 91' lang='lat' dir='ltr'><strong>si</strong></span> <span class='ocrx_word' id='word_1_294' title='bbox 1806 3464 1935 3522; x_wconf 88' lang='lat' dir='ltr'><strong>pro-</strong></span> 
     </span>
    </p>
   </div>
   <div class='ocr_carea' id='block_1_37' title="bbox 340 3542 1937 3626">
    <p class='ocr_par' dir='ltr' id='par_1_37' title="bbox 340 3542 1937 3626">
     <span class='ocr_line' id='line_1_37' title="bbox 340 3542 1937 3626; baseline -0.008 -17"><span class='ocrx_word' id='word_1_295' title='bbox 340 3559 527 3626; x_wconf 88' lang='lat' dir='ltr'><strong>pterea</strong></span> <span class='ocrx_word' id='word_1_296' title='bbox 557 3549 815 3606; x_wconf 87' lang='lat' dir='ltr'><strong>Dominus</strong></span> <span class='ocrx_word' id='word_1_297' title='bbox 839 3547 999 3605; x_wconf 87' lang='lat' dir='ltr'><strong>Jesus</strong></span> <span class='ocrx_word' id='word_1_298' title='bbox 1026 3547 1269 3604; x_wconf 86' lang='lat' dir='ltr'><strong>Christus</strong></span> <span class='ocrx_word' id='word_1_299' title='bbox 1307 3544 1537 3601; x_wconf 89' lang='lat' dir='ltr'><strong>traditus</strong></span> <span class='ocrx_word' id='word_1_300' title='bbox 1574 3552 1657 3599; x_wconf 85' lang='lat' dir='ltr'><strong>est</strong></span> <span class='ocrx_word' id='word_1_301' title='bbox 1694 3542 1761 3598; x_wconf 90' lang='lat' dir='ltr'><strong>ad</strong></span> <span class='ocrx_word' id='word_1_302' title='bbox 1791 3558 1937 3598; x_wconf 82' lang='lat' dir='ltr'><strong>mor-</strong></span> 
     </span>
    </p>
   </div>
   <div class='ocr_carea' id='block_1_38' title="bbox 343 3636 1936 3711">
    <p class='ocr_par' dir='ltr' id='par_1_38' title="bbox 343 3636 1936 3711">
     <span class='ocr_line' id='line_1_38' title="bbox 343 3636 1936 3711; baseline -0.006 -10"><span class='ocrx_word' id='word_1_303' title='bbox 343 3655 476 3710; x_wconf 87' lang='lat' dir='ltr'><strong>tem,</strong></span> <span class='ocrx_word' id='word_1_304' title='bbox 515 3652 573 3700; x_wconf 93' lang='lat' dir='ltr'><strong>ut</strong></span> <span class='ocrx_word' id='word_1_305' title='bbox 600 3642 912 3699; x_wconf 79' lang='lat' dir='ltr'><strong>haereditate</strong></span> <span class='ocrx_word' id='word_1_306' title='bbox 947 3640 1149 3696; x_wconf 89' lang='lat' dir='ltr'><strong>multos</strong></span> <span class='ocrx_word' id='word_1_307' title='bbox 1181 3636 1528 3711; x_wconf 81' lang='lat' dir='ltr'><strong>possideret?</strong></span> <span class='ocrx_word' id='word_1_308' title='bbox 1568 3636 1638 3693; x_wconf 90' lang='lat' dir='ltr'><strong>Et</strong></span> <span class='ocrx_word' id='word_1_309' title='bbox 1677 3636 1769 3708; x_wconf 91' lang='lat' dir='ltr'><strong>qui</strong></span> <span class='ocrx_word' id='word_1_310' title='bbox 1809 3643 1936 3692; x_wconf 90' lang='lat' dir='ltr'><strong>sunt</strong></span> 
     </span>
    </p>
   </div>
   <div class='ocr_carea' id='block_1_39' title="bbox 342 3730 1935 3804">
    <p class='ocr_par' dir='ltr' id='par_1_39' title="bbox 342 3730 1935 3804">
     <span class='ocr_line' id='line_1_39' title="bbox 342 3730 1935 3804; baseline -0.004 -13"><span class='ocrx_word' id='word_1_311' title='bbox 342 3734 400 3791; x_wconf 86' lang='lat' dir='ltr'><strong>hi</strong></span> <span class='ocrx_word' id='word_1_312' title='bbox 440 3734 615 3803; x_wconf 89' lang='lat' dir='ltr'><strong>multi,</strong></span> <span class='ocrx_word' id='word_1_313' title='bbox 654 3731 740 3789; x_wconf 88' lang='lat' dir='ltr'><strong>vel</strong></span> <span class='ocrx_word' id='word_1_314' title='bbox 778 3746 937 3804; x_wconf 88' lang='lat' dir='ltr'><strong>quam</strong></span> <span class='ocrx_word' id='word_1_315' title='bbox 973 3730 1083 3787; x_wconf 89' lang='lat' dir='ltr'><strong>late</strong></span> <span class='ocrx_word' id='word_1_316' title='bbox 1119 3736 1383 3802; x_wconf 91' lang='lat' dir='ltr'><strong>occupant</strong></span> <span class='ocrx_word' id='word_1_317' title='bbox 1416 3737 1650 3796; x_wconf 87' lang='lat' dir='ltr'><strong>terram;</strong></span> <span class='ocrx_word' id='word_1_318' title='bbox 1692 3742 1810 3799; x_wconf 64' lang='lat' dir='ltr'><strong>quae</strong></span> <span class='ocrx_word' id='word_1_319' title='bbox 1848 3741 1935 3784; x_wconf 85' lang='lat' dir='ltr'><strong>se-</strong></span> 
     </span>
    </p>
   </div>
   <div class='ocr_carea' id='block_1_40' title="bbox 342 3821 920 3898">
    <p class='ocr_par' dir='ltr' id='par_1_40' title="bbox 342 3821 920 3898">
     <span class='ocr_line' id='line_1_40' title="bbox 342 3821 920 3898; baseline -0.007 -18"><span class='ocrx_word' id='word_1_320' title='bbox 342 3833 583 3898; x_wconf 90' lang='lat' dir='ltr'><strong>quuntur</strong></span> <span class='ocrx_word' id='word_1_321' title='bbox 619 3821 920 3879; x_wconf 88' lang='lat' dir='ltr'><strong>audiamus.</strong></span> 
     </span>
    </p>
   </div>
   <div class='ocr_carea' id='block_1_41' title="bbox 416 3910 1936 3988">
    <p class='ocr_par' dir='ltr' id='par_1_41' title="bbox 416 3910 1936 3988">
     <span class='ocr_line' id='line_1_41' title="bbox 416 3910 1936 3988; baseline -0.005 -14"><span class='ocrx_word' id='word_1_322' title='bbox 416 3918 507 3974; x_wconf 73' lang='lat'><strong>18.</strong></span> <span class='ocrx_word' id='word_1_323' title='bbox 542 3915 904 3974; x_wconf 76' lang='lat' dir='ltr'><strong>Pramuntiato</strong></span> <span class='ocrx_word' id='word_1_324' title='bbox 932 3928 1132 3988; x_wconf 88' lang='lat' dir='ltr'><strong>sponso</strong></span> <span class='ocrx_word' id='word_1_325' title='bbox 1165 3922 1220 3970; x_wconf 90' lang='lat' dir='ltr'><strong>et</strong></span> <span class='ocrx_word' id='word_1_326' title='bbox 1254 3926 1541 3985; x_wconf 83' lang='lat' dir='ltr'><strong>expresso,</strong></span> <span class='ocrx_word' id='word_1_327' title='bbox 1579 3910 1837 3984; x_wconf 89' lang='lat' dir='ltr'><strong>procedat</strong></span> <span class='ocrx_word' id='word_1_328' title='bbox 1874 3919 1936 3968; x_wconf 86' lang='lat' dir='ltr'><strong>et</strong></span> 
     </span>
    </p>
   </div>
   <div class='ocr_carea' id='block_1_42' title="bbox 342 4004 1934 4082">
    <p class='ocr_par' dir='ltr' id='par_1_42' title="bbox 342 4004 1934 4082">
     <span class='ocr_line' id='line_1_42' title="bbox 342 4004 1934 4082; baseline -0.004 -16"><span class='ocrx_word' id='word_1_329' title='bbox 342 4023 543 4082; x_wconf 87' lang='lat' dir='ltr'><strong>sponsa</strong></span> <span class='ocrx_word' id='word_1_330' title='bbox 568 4008 622 4064; x_wconf 91' lang='lat' dir='ltr'><strong>in</strong></span> <span class='ocrx_word' id='word_1_331' title='bbox 653 4006 833 4064; x_wconf 89' lang='lat' dir='ltr'><strong>verbis</strong></span> <span class='ocrx_word' id='word_1_332' title='bbox 863 4005 1011 4063; x_wconf 86' lang='lat' dir='ltr'><strong>Isaiae</strong></span> <span class='ocrx_word' id='word_1_333' title='bbox 1040 4024 1054 4062; x_wconf 91' lang='lat'><strong>:</strong></span> <span class='ocrx_word' id='word_1_334' title='bbox 1086 4006 1328 4079; x_wconf 81' lang='lat' dir='ltr'><strong>legamus</strong></span> <span class='ocrx_word' id='word_1_335' title='bbox 1352 4020 1470 4061; x_wconf 90' lang='lat' dir='ltr'><strong>eam</strong></span> <span class='ocrx_word' id='word_1_336' title='bbox 1500 4004 1557 4060; x_wconf 91' lang='lat' dir='ltr'><strong>in</strong></span> <span class='ocrx_word' id='word_1_337' title='bbox 1585 4004 1808 4060; x_wconf 89' lang='lat' dir='ltr'><strong>veritate</strong></span> <span class='ocrx_word' id='word_1_338' title='bbox 1836 4019 1934 4076; x_wconf 89' lang='lat' dir='ltr'><strong>pa-</strong></span> 
     </span>
    </p>
   </div>
   <div class='ocr_carea' id='block_1_43' title="bbox 342 4098 1931 4179">
    <p class='ocr_par' dir='ltr' id='par_1_43' title="bbox 342 4098 1931 4179">
     <span class='ocr_line' id='line_1_43' title="bbox 342 4098 1931 4179; baseline -0.004 -19"><span class='ocrx_word' id='word_1_339' title='bbox 342 4104 589 4179; x_wconf 87' lang='lat' dir='ltr'><strong>ginarum</strong></span> <span class='ocrx_word' id='word_1_340' title='bbox 611 4110 937 4170; x_wconf 90' lang='lat' dir='ltr'><strong>sanctarum,</strong></span> <span class='ocrx_word' id='word_1_341' title='bbox 964 4108 1019 4158; x_wconf 91' lang='lat' dir='ltr'><strong>et</strong></span> <span class='ocrx_word' id='word_1_342' title='bbox 1039 4114 1389 4173; x_wconf 77' lang='lat' dir='ltr'><strong>agnoscamus</strong></span> <span class='ocrx_word' id='word_1_343' title='bbox 1413 4098 1467 4154; x_wconf 92' lang='lat' dir='ltr'><strong>in</strong></span> <span class='ocrx_word' id='word_1_344' title='bbox 1489 4098 1620 4154; x_wconf 89' lang='lat' dir='ltr'><strong>orbe</strong></span> <span class='ocrx_word' id='word_1_345' title='bbox 1646 4106 1931 4154; x_wconf 90' lang='lat' dir='ltr'><strong>terrarum.</strong></span> 
     </span>
    </p>
   </div>
   <div class='ocr_carea' id='block_1_44' title="bbox 344 4188 1935 4261">
    <p class='ocr_par' dir='ltr' id='par_1_44' title="bbox 344 4188 1935 4261">
     <span class='ocr_line' id='line_1_44' title="bbox 344 4188 1935 4261; baseline -0.004 -8"><span class='ocrx_word' id='word_1_346' title='bbox 344 4196 461 4254; x_wconf 83' lang='lat' dir='ltr'><strong>Hoc</strong></span> <span class='ocrx_word' id='word_1_347' title='bbox 485 4194 847 4252; x_wconf 87' lang='lat' dir='ltr'><strong>testimonium</strong></span> <span class='ocrx_word' id='word_1_348' title='bbox 867 4193 936 4250; x_wconf 93' lang='lat' dir='ltr'><strong>de</strong></span> <span class='ocrx_word' id='word_1_349' title='bbox 960 4201 1144 4249; x_wconf 85' lang='lat' dir='ltr'><strong>sancta</strong></span> <span class='ocrx_word' id='word_1_350' title='bbox 1174 4190 1412 4249; x_wconf 84' lang='lat' dir='ltr'><strong>Ecclesia</strong></span> <span class='ocrx_word' id='word_1_351' title='bbox 1437 4188 1749 4261; x_wconf 67' lang='lat' dir='ltr'><strong>praedictum</strong></span> <span class='ocrx_word' id='word_1_352' title='bbox 1771 4189 1935 4246; x_wconf 92' lang='lat' dir='ltr'><strong>etiam</strong></span> 
     </span>
    </p>
   </div>
   <div class='ocr_carea' id='block_1_45' title="bbox 341 4279 1936 4360">
    <p class='ocr_par' dir='ltr' id='par_1_45' title="bbox 341 4279 1936 4360">
     <span class='ocr_line' id='line_1_45' title="bbox 341 4279 1936 4360; baseline -0.006 -14"><span class='ocrx_word' id='word_1_353' title='bbox 341 4287 545 4346; x_wconf 89' lang='lat' dir='ltr'><strong>Paulus</strong></span> <span class='ocrx_word' id='word_1_354' title='bbox 570 4284 844 4360; x_wconf 89' lang='lat' dir='ltr'><strong>apostolus</strong></span> <span class='ocrx_word' id='word_1_355' title='bbox 878 4285 1075 4358; x_wconf 90' lang='lat' dir='ltr'><strong>posuit.</strong></span> <span class='ocrx_word' id='word_1_356' title='bbox 1113 4283 1230 4340; x_wconf 85' lang='lat' dir='ltr'><strong>Non</strong></span> <span class='ocrx_word' id='word_1_357' title='bbox 1269 4292 1352 4340; x_wconf 87' lang='lat' dir='ltr'><strong>cst</strong></span> <span class='ocrx_word' id='word_1_358' title='bbox 1388 4296 1496 4355; x_wconf 91' lang='lat' dir='ltr'><strong>quo</strong></span> <span class='ocrx_word' id='word_1_359' title='bbox 1522 4279 1688 4353; x_wconf 83' lang='lat' dir='ltr'><strong>fugiat</strong></span> <span class='ocrx_word' id='word_1_360' title='bbox 1711 4290 1936 4338; x_wconf 88' lang='lat' dir='ltr'><strong>conten-</strong></span> 
     </span>
    </p>
   </div>
   <div class='ocr_carea' id='block_1_46' title="bbox 344 4373 1932 4454">
    <p class='ocr_par' dir='ltr' id='par_1_46' title="bbox 344 4373 1932 4454">
     <span class='ocr_line' id='line_1_46' title="bbox 344 4373 1932 4454; baseline -0.004 -16"><span class='ocrx_word' id='word_1_361' title='bbox 344 4382 481 4438; x_wconf 89' lang='lat' dir='ltr'><strong>tiosa</strong></span> <span class='ocrx_word' id='word_1_362' title='bbox 496 4379 862 4454; x_wconf 88' lang='lat' dir='ltr'><strong>tergiversatio</strong></span> <span class='ocrx_word' id='word_1_363' title='bbox 874 4378 1267 4435; x_wconf 85' lang='lat' dir='ltr'><strong>haereticorum.</strong></span> <span class='ocrx_word' id='word_1_364' title='bbox 1280 4373 1500 4443; x_wconf 72' lang='lat' dir='ltr'><strong>Laetare,</strong></span> <span class='ocrx_word' id='word_1_365' title='bbox 1518 4375 1722 4443; x_wconf 86' lang='lat' dir='ltr'><strong>sterilis,</strong></span> <span class='ocrx_word' id='word_1_366' title='bbox 1741 4375 1932 4447; x_wconf 87' lang='lat' dir='ltr'><strong>inquit,</strong></span> 
     </span>
    </p>
   </div>
   <div class='ocr_carea' id='block_1_47' title="bbox 344 4467 1936 4546">
    <p class='ocr_par' dir='ltr' id='par_1_47' title="bbox 344 4467 1936 4546">
     <span class='ocr_line' id='line_1_47' title="bbox 344 4467 1936 4546; baseline -0.006 -17"><span class='ocrx_word' id='word_1_367' title='bbox 344 4488 459 4546; x_wconf 79' lang='lat' dir='ltr'><strong>qtae</strong></span> <span class='ocrx_word' id='word_1_368' title='bbox 483 4489 584 4529; x_wconf 90' lang='lat' dir='ltr'><strong>non</strong></span> <span class='ocrx_word' id='word_1_369' title='bbox 618 4472 795 4545; x_wconf 85' lang='lat' dir='ltr'><strong>paris;</strong></span> <span class='ocrx_word' id='word_1_370' title='bbox 821 4485 1028 4543; x_wconf 85' lang='lat' dir='ltr'><strong>erumpe</strong></span> <span class='ocrx_word' id='word_1_371' title='bbox 1054 4477 1100 4524; x_wconf 90' lang='lat' dir='ltr'><strong>et</strong></span> <span class='ocrx_word' id='word_1_372' title='bbox 1125 4467 1350 4524; x_wconf 74' lang='lat' dir='ltr'><strong>exclama</strong></span> <span class='ocrx_word' id='word_1_373' title='bbox 1369 4506 1386 4537; x_wconf 87' lang='lat'><strong>,</strong></span> <span class='ocrx_word' id='word_1_374' title='bbox 1410 4482 1524 4537; x_wconf 79' lang='lat' dir='ltr'><strong>qua:</strong></span> <span class='ocrx_word' id='word_1_375' title='bbox 1549 4482 1651 4522; x_wconf 89' lang='lat' dir='ltr'><strong>non</strong></span> <span class='ocrx_word' id='word_1_376' title='bbox 1678 4467 1936 4538; x_wconf 89' lang='lat' dir='ltr'><strong>parturis;</strong></span> 
     </span>
    </p>
   </div>
   <div class='ocr_carea' id='block_1_48' title="bbox 343 4558 1937 4638">
    <p class='ocr_par' dir='ltr' id='par_1_48' title="bbox 343 4558 1937 4638">
     <span class='ocr_line' id='line_1_48' title="bbox 343 4558 1937 4638; baseline -0.004 -16"><span class='ocrx_word' id='word_1_377' title='bbox 343 4566 585 4638; x_wconf 87' lang='lat' dir='ltr'><strong>quoniam</strong></span> <span class='ocrx_word' id='word_1_378' title='bbox 613 4563 761 4621; x_wconf 86' lang='lat' dir='ltr'><strong>multi</strong></span> <span class='ocrx_word' id='word_1_379' title='bbox 786 4564 884 4636; x_wconf 93' lang='lat' dir='ltr'><strong>ﬁlii</strong></span> <span class='ocrx_word' id='word_1_380' title='bbox 910 4563 1136 4628; x_wconf 67' lang='lat' dir='ltr'><strong>desertae,</strong></span> <span class='ocrx_word' id='word_1_381' title='bbox 1164 4559 1328 4633; x_wconf 89' lang='lat' dir='ltr'><strong>magis</strong></span> <span class='ocrx_word' id='word_1_382' title='bbox 1352 4576 1503 4634; x_wconf 90' lang='lat' dir='ltr'><strong>quam</strong></span> <span class='ocrx_word' id='word_1_383' title='bbox 1521 4561 1631 4632; x_wconf 88' lang='lat' dir='ltr'><strong>ejus</strong></span> <span class='ocrx_word' id='word_1_384' title='bbox 1650 4575 1765 4632; x_wconf 73' lang='lat' dir='ltr'><strong>qua:</strong></span> <span class='ocrx_word' id='word_1_385' title='bbox 1790 4558 1937 4615; x_wconf 82' lang='lat' dir='ltr'><strong>habet</strong></span> 
     </span>
    </p>
   </div>
   <div class='ocr_carea' id='block_1_49' title="bbox 347 4651 1935 4732">
    <p class='ocr_par' dir='ltr' id='par_1_49' title="bbox 347 4651 1935 4732">
     <span class='ocr_line' id='line_1_49' title="bbox 347 4651 1935 4732; baseline -0.005 -17"><span class='ocrx_word' id='word_1_386' title='bbox 347 4660 512 4715; x_wconf 88' lang='lat' dir='ltr'><strong>virum</strong></span> <span class='ocrx_word' id='word_1_387' title='bbox 542 4657 739 4732; x_wconf 81' lang='lat' dir='ltr'><strong>(Galat.</strong></span> <span class='ocrx_word' id='word_1_388' title='bbox 764 4673 836 4721; x_wconf 85' lang='lat' dir='ltr'><strong>tv,</strong></span> <span class='ocrx_word' id='word_1_389' title='bbox 857 4654 975 4729; x_wconf 73' lang='lat'><strong>27).</strong></span> <span class='ocrx_word' id='word_1_390' title='bbox 1005 4653 1104 4712; x_wconf 88' lang='lat' dir='ltr'><strong>Ubi</strong></span> <span class='ocrx_word' id='word_1_391' title='bbox 1132 4661 1235 4722; x_wconf 90' lang='lat' dir='ltr'><strong>est,</strong></span> <span class='ocrx_word' id='word_1_392' title='bbox 1263 4653 1511 4724; x_wconf 88' lang='lat' dir='ltr'><strong>inquam,</strong></span> <span class='ocrx_word' id='word_1_393' title='bbox 1539 4652 1681 4724; x_wconf 92' lang='lat' dir='ltr'><strong>quod</strong></span> <span class='ocrx_word' id='word_1_394' title='bbox 1710 4651 1778 4709; x_wconf 92' lang='lat' dir='ltr'><strong>de</strong></span> <span class='ocrx_word' id='word_1_395' title='bbox 1798 4667 1935 4725; x_wconf 92' lang='lat' dir='ltr'><strong>pau-</strong></span> 
     </span>
    </p>
   </div>
   <div class='ocr_carea' id='block_1_50' title="bbox 347 4741 1937 4822">
    <p class='ocr_par' dir='ltr' id='par_1_50' title="bbox 347 4741 1937 4822">
     <span class='ocr_line' id='line_1_50' title="bbox 347 4741 1937 4822; baseline -0.006 -14"><span class='ocrx_word' id='word_1_396' title='bbox 347 4752 509 4808; x_wconf 90' lang='lat' dir='ltr'><strong>citate</strong></span> <span class='ocrx_word' id='word_1_397' title='bbox 546 4745 883 4822; x_wconf 87' lang='lat' dir='ltr'><strong>gloriamini?</strong></span> <span class='ocrx_word' id='word_1_398' title='bbox 910 4746 1098 4803; x_wconf 89' lang='lat' dir='ltr'><strong>Nonne</strong></span> <span class='ocrx_word' id='word_1_399' title='bbox 1126 4745 1213 4800; x_wconf 92' lang='lat' dir='ltr'><strong>isti</strong></span> <span class='ocrx_word' id='word_1_400' title='bbox 1255 4749 1381 4799; x_wconf 91' lang='lat' dir='ltr'><strong>sunt</strong></span> <span class='ocrx_word' id='word_1_401' title='bbox 1405 4742 1555 4799; x_wconf 90' lang='lat' dir='ltr'><strong>multi</strong></span> <span class='ocrx_word' id='word_1_402' title='bbox 1579 4784 1594 4809; x_wconf 91' lang='lat'><strong>,</strong></span> <span class='ocrx_word' id='word_1_403' title='bbox 1635 4741 1703 4798; x_wconf 87' lang='lat' dir='ltr'><strong>de</strong></span> <span class='ocrx_word' id='word_1_404' title='bbox 1744 4743 1937 4813; x_wconf 90' lang='lat' dir='ltr'><strong>quibus</strong></span> 
     </span>
    </p>
   </div>
   <div class='ocr_carea' id='block_1_51' title="bbox 346 4833 1938 4917">
    <p class='ocr_par' dir='ltr' id='par_1_51' title="bbox 346 4833 1938 4917">
     <span class='ocr_line' id='line_1_51' title="bbox 346 4833 1938 4917; baseline -0.005 -18"><span class='ocrx_word' id='word_1_405' title='bbox 346 4843 509 4917; x_wconf 88' lang='lat' dir='ltr'><strong>paulo</strong></span> <span class='ocrx_word' id='word_1_406' title='bbox 536 4852 662 4897; x_wconf 91' lang='lat' dir='ltr'><strong>ante</strong></span> <span class='ocrx_word' id='word_1_407' title='bbox 689 4841 899 4910; x_wconf 30' lang='lat' dir='ltr'><strong>dictum,</strong></span> <span class='ocrx_word' id='word_1_408' title='bbox 916 4847 1028 4909; x_wconf 90' lang='lat' dir='ltr'><strong>est,</strong></span> <span class='ocrx_word' id='word_1_409' title='bbox 1057 4836 1186 4894; x_wconf 86' lang='lat' dir='ltr'><strong>Ideo</strong></span> <span class='ocrx_word' id='word_1_410' title='bbox 1208 4837 1318 4909; x_wconf 87' lang='lat' dir='ltr'><strong>ipse</strong></span> <span class='ocrx_word' id='word_1_411' title='bbox 1351 4835 1643 4893; x_wconf 63' lang='lat' dir='ltr'><strong>haereditate</strong></span> <span class='ocrx_word' id='word_1_412' title='bbox 1670 4833 1938 4907; x_wconf 85' lang='lat' dir='ltr'><strong>possidebit</strong></span> 
     </span>
    </p>
   </div>
   <div class='ocr_carea' id='block_1_52' title="bbox 350 4925 1938 5003">
    <p class='ocr_par' dir='ltr' id='par_1_52' title="bbox 350 4925 1938 5003">
     <span class='ocr_line' id='line_1_52' title="bbox 350 4925 1938 5003; baseline -0.006 -12"><span class='ocrx_word' id='word_1_413' title='bbox 350 4932 577 4991; x_wconf 84' lang='lat' dir='ltr'><strong>multos?</strong></span> <span class='ocrx_word' id='word_1_414' title='bbox 602 4931 735 4988; x_wconf 87' lang='lat' dir='ltr'><strong>Nam</strong></span> <span class='ocrx_word' id='word_1_415' title='bbox 762 4946 881 5003; x_wconf 66' lang='lat' dir='ltr'><strong>qua:</strong></span> <span class='ocrx_word' id='word_1_416' title='bbox 917 4940 1001 4988; x_wconf 91' lang='lat' dir='ltr'><strong>est</strong></span> <span class='ocrx_word' id='word_1_417' title='bbox 1033 4928 1317 4985; x_wconf 67' lang='lat' dir='ltr'><strong>haereditas</strong></span> <span class='ocrx_word' id='word_1_418' title='bbox 1359 4926 1509 4998; x_wconf 90' lang='lat' dir='ltr'><strong>ejus,</strong></span> <span class='ocrx_word' id='word_1_419' title='bbox 1553 4926 1658 4981; x_wconf 90' lang='lat' dir='ltr'><strong>nisi</strong></span> <span class='ocrx_word' id='word_1_420' title='bbox 1696 4925 1938 4983; x_wconf 88' lang='lat' dir='ltr'><strong>Ecclesia</strong></span> 
     </span>
    </p>
   </div>
   <div class='ocr_carea' id='block_1_53' title="bbox 351 5019 1940 5099">
    <p class='ocr_par' dir='ltr' id='par_1_53' title="bbox 351 5019 1940 5099">
     <span class='ocr_line' id='line_1_53' title="bbox 351 5019 1940 5099; baseline -0.006 -15"><span class='ocrx_word' id='word_1_421' title='bbox 351 5025 513 5099; x_wconf 83' lang='lat' dir='ltr'><strong>ejus?</strong></span> <span class='ocrx_word' id='word_1_422' title='bbox 536 5023 712 5093; x_wconf 78' lang='lat' dir='ltr'><strong>Multi,</strong></span> <span class='ocrx_word' id='word_1_423' title='bbox 743 5023 933 5095; x_wconf 90' lang='lat' dir='ltr'><strong>inquit,</strong></span> <span class='ocrx_word' id='word_1_424' title='bbox 965 5022 1063 5094; x_wconf 87' lang='lat' dir='ltr'><strong>ﬁlii</strong></span> <span class='ocrx_word' id='word_1_425' title='bbox 1083 5021 1311 5091; x_wconf 66' lang='lat' dir='ltr'><strong>deserta,</strong></span> <span class='ocrx_word' id='word_1_426' title='bbox 1338 5019 1500 5094; x_wconf 84' lang='lat' dir='ltr'><strong>magis</strong></span> <span class='ocrx_word' id='word_1_427' title='bbox 1520 5036 1671 5092; x_wconf 87' lang='lat' dir='ltr'><strong>quam</strong></span> <span class='ocrx_word' id='word_1_428' title='bbox 1696 5021 1804 5092; x_wconf 87' lang='lat' dir='ltr'><strong>ejus</strong></span> <span class='ocrx_word' id='word_1_429' title='bbox 1825 5034 1940 5092; x_wconf 70' lang='lat' dir='ltr'><strong>quis</strong></span> 
     </span>
    </p>
   </div>
   <div class='ocr_carea' id='block_1_54' title="bbox 411 5176 1940 5244">
    <p class='ocr_par' dir='ltr' id='par_1_54' title="bbox 411 5176 1940 5244">
     <span class='ocr_line' id='line_1_54' title="bbox 411 5176 1940 5244; baseline -0.002 -13"><span class='ocrx_word' id='word_1_430' title='bbox 411 5183 430 5216; x_wconf 80' lang='grc' dir='ltr'><strong>ι</strong></span> <span class='ocrx_word' id='word_1_431' title='bbox 464 5181 605 5244; x_wconf 65' lang='lat' dir='ltr'><strong>editi,</strong></span> <span class='ocrx_word' id='word_1_432' title='bbox 626 5182 865 5244; x_wconf 70' lang='lat' dir='ltr'><strong>erumpat.</strong></span> <span class='ocrx_word' id='word_1_433' title='bbox 890 5184 948 5230; x_wconf 80' lang='lat' dir='ltr'><strong>At</strong></span> <span class='ocrx_word' id='word_1_434' title='bbox 970 5178 1287 5244; x_wconf 79' lang='lat' dir='ltr'><strong>Floriaceusis</strong></span> <span class='ocrx_word' id='word_1_435' title='bbox 1328 5176 1507 5238; x_wconf 81' lang='lat' dir='ltr'><strong>codex,</strong></span> <span class='ocrx_word' id='word_1_436' title='bbox 1537 5183 1794 5243; x_wconf 84' lang='lat' dir='ltr'><strong>erumpant</strong></span> <span class='ocrx_word' id='word_1_437' title='bbox 1815 5188 1834 5228; x_wconf 91' lang='lat'><strong><em>:</em></strong></span> <span class='ocrx_word' id='word_1_438' title='bbox 1854 5189 1940 5229; x_wconf 89' lang='lat' dir='ltr'><strong>re-</strong></span> 
     </span>
    </p>
   </div>
   <div class='ocr_carea' id='block_1_55' title="bbox 347 5240 1331 5304">
    <p class='ocr_par' dir='ltr' id='par_1_55' title="bbox 347 5240 1331 5304">
     <span class='ocr_line' id='line_1_55' title="bbox 347 5240 1331 5304; baseline -0.006 -7"><span class='ocrx_word' id='word_1_439' title='bbox 347 5245 506 5303; x_wconf 74' lang='lat' dir='ltr'><strong>fertur</strong></span> <span class='ocrx_word' id='word_1_440' title='bbox 526 5240 604 5304; x_wconf 85' lang='lat' dir='ltr'><strong>ad,</strong></span> <span class='ocrx_word' id='word_1_441' title='bbox 628 5240 852 5303; x_wconf 77' lang='lat' dir='ltr'><strong>deserta;</strong></span> <span class='ocrx_word' id='word_1_442' title='bbox 875 5255 1059 5304; x_wconf 74' lang='lat' dir='ltr'><strong>graece,</strong></span> <span class='ocrx_word' id='word_1_443' title='bbox 1082 5247 1133 5292; x_wconf 89' lang='lat' dir='ltr'><strong>ta</strong></span> <span class='ocrx_word' id='word_1_444' title='bbox 1153 5240 1331 5293; x_wconf 65' lang='lat' dir='ltr'><strong>nm.</strong></span> 
     </span>
    </p>
   </div>
   <div class='ocr_carea' id='block_1_56' title="bbox 415 5303 1359 5365">
    <p class='ocr_par' dir='ltr' id='par_1_56' title="bbox 415 5303 1359 5365">
     <span class='ocr_line' id='line_1_56' title="bbox 415 5303 1359 5365; baseline -0.001 -11"><span class='ocrx_word' id='word_1_445' title='bbox 415 5309 438 5340; x_wconf 76' lang='grc'>³</span> <span class='ocrx_word' id='word_1_446' title='bbox 470 5303 790 5355; x_wconf 81' lang='lat' dir='ltr'><strong>Floriacensis</strong></span> <span class='ocrx_word' id='word_1_447' title='bbox 809 5303 985 5365; x_wconf 84' lang='lat' dir='ltr'><strong>codex,</strong></span> <span class='ocrx_word' id='word_1_448' title='bbox 1006 5303 1176 5356; x_wconf 88' lang='lat' dir='ltr'><strong>intima</strong></span> <span class='ocrx_word' id='word_1_449' title='bbox 1195 5309 1359 5355; x_wconf 73' lang='lat' dir='ltr'><strong>terrae.</strong></span> 
     </span>
    </p>
   </div>
   <div class='ocr_carea' id='block_1_57' title="bbox 411 5363 1942 5429">
    <p class='ocr_par' dir='ltr' id='par_1_57' title="bbox 411 5363 1942 5429">
     <span class='ocr_line' id='line_1_57' title="bbox 411 5363 1942 5429; baseline -0.001 -12"><span class='ocrx_word' id='word_1_450' title='bbox 411 5369 435 5403; x_wconf 79' lang='grc'><em>³</em></span> <span class='ocrx_word' id='word_1_451' title='bbox 470 5377 569 5418; x_wconf 81' lang='lat' dir='ltr'><strong>sm.</strong></span> <span class='ocrx_word' id='word_1_452' title='bbox 596 5374 650 5422; x_wconf 84' lang='lat' dir='ltr'><strong>et</strong></span> <span class='ocrx_word' id='word_1_453' title='bbox 666 5363 982 5429; x_wconf 77' lang='lat' dir='ltr'><strong>Floriacensis</strong></span> <span class='ocrx_word' id='word_1_454' title='bbox 1017 5366 1174 5429; x_wconf 63' lang='lat' dir='ltr'><strong>codex</strong></span> <span class='ocrx_word' id='word_1_455' title='bbox 1211 5372 1382 5429; x_wconf 83' lang='lat' dir='ltr'><strong>carent</strong></span> <span class='ocrx_word' id='word_1_456' title='bbox 1417 5363 1669 5429; x_wconf 88' lang='lat' dir='ltr'><strong>particula,</strong></span> <span class='ocrx_word' id='word_1_457' title='bbox 1706 5369 1795 5429; x_wconf 68' lang='lat' dir='ltr'><strong>ut;</strong></span> <span class='ocrx_word' id='word_1_458' title='bbox 1829 5376 1942 5429; x_wconf 74' lang='lat' dir='ltr'><strong>quae</strong></span> 
     </span>
    </p>
   </div>
   <div class='ocr_carea' id='block_1_58' title="bbox 344 5426 1943 5497">
    <p class='ocr_par' dir='ltr' id='par_1_58' title="bbox 344 5426 1943 5497">
     <span class='ocr_line' id='line_1_58' title="bbox 344 5426 1943 5497; baseline -0.004 -14"><span class='ocrx_word' id='word_1_459' title='bbox 344 5431 549 5497; x_wconf 85' lang='lat' dir='ltr'><strong>quidem</strong></span> <span class='ocrx_word' id='word_1_460' title='bbox 570 5430 716 5481; x_wconf 87' lang='lat' dir='ltr'><strong>isthic</strong></span> <span class='ocrx_word' id='word_1_461' title='bbox 731 5427 1047 5497; x_wconf 57' lang='lat' dir='ltr'><strong>nihilnocetg</strong></span> <span class='ocrx_word' id='word_1_462' title='bbox 1072 5428 1308 5497; x_wconf 9' lang='lat' dir='ltr'><strong>sedrint‘ra</strong></span> <span class='ocrx_word' id='word_1_463' title='bbox 1330 5426 1684 5497; x_wconf 50' lang='lat' dir='ltr'><strong>posiverbppr,</strong></span> <span class='ocrx_word' id='word_1_464' title='bbox 1718 5426 1943 5497; x_wconf 57' lang='lat' dir='ltr'><strong>quoque:</strong></span> 
     </span>
    </p>
   </div>
   <div class='ocr_carea' id='block_1_59' title="bbox 346 5487 1944 5557">
    <p class='ocr_par' dir='ltr' id='par_1_59' title="bbox 346 5487 1944 5557">
     <span class='ocr_line' id='line_1_59' title="bbox 346 5487 1944 5557; baseline 0.004 -21"><span class='ocrx_word' id='word_1_465' title='bbox 346 5487 467 5557; x_wconf 66' lang='lat' dir='ltr'><strong>ﬁn;</strong></span> <span class='ocrx_word' id='word_1_466' title='bbox 495 5504 765 5557; x_wconf 75' lang='lat' dir='ltr'><strong>perperam</strong></span> <span class='ocrx_word' id='word_1_467' title='bbox 786 5490 1003 5557; x_wconf 76' lang='lat' dir='ltr'><strong>additum</strong></span> <span class='ocrx_word' id='word_1_468' title='bbox 1023 5490 1183 5557; x_wconf 82' lang='lat' dir='ltr'><strong>fuerat</strong></span> <span class='ocrx_word' id='word_1_469' title='bbox 1215 5493 1267 5557; x_wconf 76' lang='lat' dir='ltr'><strong>in</strong></span> <span class='ocrx_word' id='word_1_470' title='bbox 1291 5487 1504 5557; x_wconf 59' lang='lat' dir='ltr'><strong>esensis,</strong></span> <span class='ocrx_word' id='word_1_471' title='bbox 1670 5487 1755 5553; x_wconf 86' lang='lat' dir='ltr'><strong>qui</strong></span> <span class='ocrx_word' id='word_1_472' title='bbox 1791 5487 1944 5542; x_wconf 79' lang='lat' dir='ltr'><strong>nescit</strong></span> 
     </span>
    </p>
   </div>
   <div class='ocr_carea' id='block_1_60' title="bbox 346 5552 1855 5676">
    <p class='ocr_par' dir='ltr' id='par_1_60' title="bbox 346 5552 1855 5676">
     <span class='ocr_line' id='line_1_60' title="bbox 346 5552 1855 5624; baseline -0.001 -18"><span class='ocrx_word' id='word_1_473' title='bbox 346 5552 468 5624; x_wconf 69' lang='lat' dir='ltr'><strong>quid</strong></span> <span class='ocrx_word' id='word_1_474' title='bbox 488 5552 727 5620; x_wconf 70' lang='lat' dir='ltr'><strong>loquatur.</strong></span> <span class='ocrx_word' id='word_1_475' title='bbox 754 5552 884 5618; x_wconf 87' lang='lat' dir='ltr'><strong>quod</strong></span> <span class='ocrx_word' id='word_1_476' title='bbox 905 5566 933 5602; x_wconf 89' lang='lat' dir='ltr'><strong>a</strong></span> <span class='ocrx_word' id='word_1_477' title='bbox 954 5552 1242 5602; x_wconf 82' lang='lat' dir='ltr'><strong>Floriacensi</strong></span> <span class='ocrx_word' id='word_1_478' title='bbox 1267 5553 1592 5615; x_wconf 89' lang='lat' dir='ltr'><strong>manuscripto</strong></span> <span class='ocrx_word' id='word_1_479' title='bbox 1607 5552 1764 5605; x_wconf 82' lang='lat' dir='ltr'><strong>abest.</strong></span> <span class='ocrx_word' id='word_1_480' title='bbox 1850 5604 1855 5609; x_wconf 77' lang='lat'><em>_</em></span> 
     </span>
     <span class='ocr_line' id='line_1_61' title="bbox 408 5612 1537 5676; baseline -0.003 -10"><span class='ocrx_word' id='word_1_481' title='bbox 408 5621 434 5653; x_wconf 75' lang='grc' dir='ltr'>δ</span> <span class='ocrx_word' id='word_1_482' title='bbox 463 5618 538 5667; x_wconf 89' lang='lat' dir='ltr'><strong>sic</strong></span> <span class='ocrx_word' id='word_1_483' title='bbox 556 5615 867 5667; x_wconf 79' lang='lat' dir='ltr'><strong>Floriacensis</strong></span> <span class='ocrx_word' id='word_1_484' title='bbox 877 5614 1054 5666; x_wconf 79' lang='lat' dir='ltr'><strong>codex.</strong></span> <span class='ocrx_word' id='word_1_485' title='bbox 1074 5621 1128 5665; x_wconf 80' lang='lat' dir='ltr'><strong>At</strong></span> <span class='ocrx_word' id='word_1_486' title='bbox 1150 5612 1284 5674; x_wconf 88' lang='lat' dir='ltr'><strong>editi,</strong></span> <span class='ocrx_word' id='word_1_487' title='bbox 1313 5614 1537 5676; x_wconf 82' lang='lat' dir='ltr'><strong>fatemur.</strong></span> 
     </span>
    </p>
   </div>
   <div class='ocr_carea' id='block_1_61' title="bbox 1042 5649 1537 5674">
    <p class='ocr_par' dir='ltr' id='par_1_61' title="bbox 1042 5649 1537 5674">
     <span class='ocr_line' id='line_1_62' title="bbox 1042 5649 1537 5674; baseline 0 -12"><span class='ocrx_word' id='word_1_488' title='bbox 1042 5649 1054 5662; x_wconf 73' lang='grc' dir='ltr'><strong><em>ο</em></strong></span> <span class='ocrx_word' id='word_1_489' title='bbox 1074 5649 1128 5665; x_wconf 63' lang='grc' dir='ltr'><strong>τι,</strong></span> <span class='ocrx_word' id='word_1_490' title='bbox 1151 5649 1284 5674; x_wconf 74' lang='grc' dir='ltr'>νυιιι,</span> <span class='ocrx_word' id='word_1_491' title='bbox 1313 5649 1506 5674; x_wconf 70' lang='grc' dir='ltr'><strong>,ιιννιινυπ</strong></span> <span class='ocrx_word' id='word_1_492' title='bbox 1525 5650 1537 5663; x_wconf 72' lang='grc' dir='ltr'><strong>ι</strong></span> 
     </span>
    </p>
   </div>
   <div class='ocr_carea' id='block_1_62' title="bbox 408 5676 950 5740">
    <p class='ocr_par' dir='ltr' id='par_1_62' title="bbox 408 5676 950 5740">
     <span class='ocr_line' id='line_1_63' title="bbox 408 5676 950 5740; baseline -0.004 -10"><span class='ocrx_word' id='word_1_493' title='bbox 408 5679 434 5717; x_wconf 69' lang='grc' dir='ltr'><strong><em>υ</em></strong></span> <span class='ocrx_word' id='word_1_494' title='bbox 465 5683 516 5730; x_wconf 85' lang='lat' dir='ltr'><strong>In</strong></span> <span class='ocrx_word' id='word_1_495' title='bbox 560 5686 686 5740; x_wconf 66' lang='lat' dir='ltr'><strong>Mss,</strong></span> <span class='ocrx_word' id='word_1_496' title='bbox 709 5676 950 5730; x_wconf 82' lang='lat' dir='ltr'><strong>obtunsus.</strong></span> 
     </span>
    </p>
   </div>
   <div class='ocr_carea' id='block_1_63' title="bbox 1422 185 2569 261">
    <p class='ocr_par' dir='ltr' id='par_1_63' title="bbox 1422 185 2569 261">
     <span class='ocr_line' id='line_1_64' title="bbox 1422 185 2569 261; baseline -0.003 -9"><span class='ocrx_word' id='word_1_497' title='bbox 1422 190 1690 254; x_wconf 75' lang='lat' dir='ltr'><strong>CONTRA</strong></span> <span class='ocrx_word' id='word_1_498' title='bbox 1735 185 2156 250; x_wconf 80' lang='lat' dir='ltr'><strong>DONATISTAS</strong></span> <span class='ocrx_word' id='word_1_499' title='bbox 2193 190 2523 251; x_wconf 83' lang='lat' dir='ltr'><strong>EPISTOLA</strong></span> <span class='ocrx_word' id='word_1_500' title='bbox 2554 235 2569 261; x_wconf 91' lang='lat'><strong>,</strong></span> 
     </span>
    </p>
   </div>
   <div class='ocr_carea' id='block_1_64' title="bbox 3515 187 3665 245">
    <p class='ocr_par' dir='ltr' id='par_1_64' title="bbox 3515 187 3665 245">
     <span class='ocr_line' id='line_1_65' title="bbox 3515 187 3665 245; baseline 0.04 -6"><span class='ocrx_word' id='word_1_501' title='bbox 3515 230 3523 239; x_wconf 98' lang='lat'><strong>.</strong></span> <span class='ocrx_word' id='word_1_502' title='bbox 3558 187 3665 245; x_wconf 67' lang='lat' dir='ltr'><strong>«illi</strong></span> 
     </span>
    </p>
   </div>
   <div class='ocr_carea' id='block_1_65' title="bbox 2054 303 3656 385">
    <p class='ocr_par' dir='ltr' id='par_1_65' title="bbox 2054 303 3656 385">
     <span class='ocr_line' id='line_1_66' title="bbox 2054 303 3656 385; baseline 0.002 -22"><span class='ocrx_word' id='word_1_503' title='bbox 2054 309 2201 365; x_wconf 86' lang='lat' dir='ltr'><strong>habet</strong></span> <span class='ocrx_word' id='word_1_504' title='bbox 2244 311 2451 365; x_wconf 85' lang='lat' dir='ltr'><strong>virum:</strong></span> <span class='ocrx_word' id='word_1_505' title='bbox 2491 309 2824 385; x_wconf 79' lang='lat' dir='ltr'><strong>Synagogam</strong></span> <span class='ocrx_word' id='word_1_506' title='bbox 2872 305 3077 365; x_wconf 89' lang='lat' dir='ltr'><strong>scilicet</strong></span> <span class='ocrx_word' id='word_1_507' title='bbox 3110 303 3418 363; x_wconf 73' lang='lat' dir='ltr'><strong>Judzeorum</strong></span> <span class='ocrx_word' id='word_1_508' title='bbox 3455 307 3656 366; x_wconf 80' lang='lat' dir='ltr'><strong>volens</strong></span> 
     </span>
    </p>
   </div>
   <div class='ocr_carea' id='block_1_66' title="bbox 2050 404 3646 483">
    <p class='ocr_par' dir='ltr' id='par_1_66' title="bbox 2050 404 3646 483">
     <span class='ocr_line' id='line_1_67' title="bbox 2050 404 3646 483; baseline 0.002 -24"><span class='ocrx_word' id='word_1_509' title='bbox 2050 404 2273 478; x_wconf 83' lang='lat' dir='ltr'><strong>intelligi</strong></span> <span class='ocrx_word' id='word_1_510' title='bbox 2300 408 2473 463; x_wconf 88' lang='lat' dir='ltr'><strong>virum</strong></span> <span class='ocrx_word' id='word_1_511' title='bbox 2500 406 2782 463; x_wconf 84' lang='lat' dir='ltr'><strong>habentem</strong></span> <span class='ocrx_word' id='word_1_512' title='bbox 2804 449 2819 474; x_wconf 93' lang='lat'><strong>,</strong></span> <span class='ocrx_word' id='word_1_513' title='bbox 2848 407 3099 483; x_wconf 90' lang='lat' dir='ltr'><strong>quoniam</strong></span> <span class='ocrx_word' id='word_1_514' title='bbox 3125 416 3407 480; x_wconf 87' lang='lat' dir='ltr'><strong>acceperat</strong></span> <span class='ocrx_word' id='word_1_515' title='bbox 3442 408 3646 480; x_wconf 77' lang='lat' dir='ltr'><strong>legem.</strong></span> 
     </span>
    </p>
   </div>
   <div class='ocr_carea' id='block_1_67' title="bbox 2049 497 3653 572">
    <p class='ocr_par' dir='ltr' id='par_1_67' title="bbox 2049 497 3653 572">
     <span class='ocr_line' id='line_1_68' title="bbox 2049 497 3653 572; baseline 0.002 -20"><span class='ocrx_word' id='word_1_516' title='bbox 2049 497 2185 553; x_wconf 85' lang='lat' dir='ltr'><strong>Hinc</strong></span> <span class='ocrx_word' id='word_1_517' title='bbox 2205 499 2316 569; x_wconf 90' lang='lat' dir='ltr'><strong>jam</strong></span> <span class='ocrx_word' id='word_1_518' title='bbox 2348 509 2527 571; x_wconf 90' lang='lat' dir='ltr'><strong>potest</strong></span> <span class='ocrx_word' id='word_1_519' title='bbox 2554 499 2831 570; x_wconf 90' lang='lat' dir='ltr'><strong>dijudicari</strong></span> <span class='ocrx_word' id='word_1_520' title='bbox 2860 500 3003 572; x_wconf 91' lang='lat' dir='ltr'><strong>quod</strong></span> <span class='ocrx_word' id='word_1_521' title='bbox 3030 501 3279 556; x_wconf 89' lang='lat' dir='ltr'><strong>dicimus.</strong></span> <span class='ocrx_word' id='word_1_522' title='bbox 3310 497 3653 570; x_wconf 83' lang='lat' dir='ltr'><strong>Comparcnt</strong></span> 
     </span>
    </p>
   </div>
   <div class='ocr_carea' id='block_1_68' title="bbox 2049 588 3650 651">
    <p class='ocr_par' dir='ltr' id='par_1_68' title="bbox 2049 588 3650 651">
     <span class='ocr_line' id='line_1_69' title="bbox 2049 588 3650 651; baseline 0.001 -6"><span class='ocrx_word' id='word_1_523' title='bbox 2049 588 2137 646; x_wconf 91' lang='lat' dir='ltr'><strong>isti</strong></span> <span class='ocrx_word' id='word_1_524' title='bbox 2164 590 2556 648; x_wconf 89' lang='lat' dir='ltr'><strong>multitudinem</strong></span> <span class='ocrx_word' id='word_1_525' title='bbox 2584 607 2733 647; x_wconf 90' lang='lat' dir='ltr'><strong>suam</strong></span> <span class='ocrx_word' id='word_1_526' title='bbox 2766 593 2818 648; x_wconf 91' lang='lat' dir='ltr'><strong>in</strong></span> <span class='ocrx_word' id='word_1_527' title='bbox 2846 591 2990 651; x_wconf 79' lang='lat' dir='ltr'><strong>Afris</strong></span> <span class='ocrx_word' id='word_1_528' title='bbox 3020 591 3105 647; x_wconf 87' lang='lat' dir='ltr'><strong>vel</strong></span> <span class='ocrx_word' id='word_1_529' title='bbox 3134 591 3188 649; x_wconf 90' lang='lat' dir='ltr'><strong>in</strong></span> <span class='ocrx_word' id='word_1_530' title='bbox 3234 589 3413 647; x_wconf 80' lang='lat' dir='ltr'><strong>Africa</strong></span> <span class='ocrx_word' id='word_1_531' title='bbox 3438 592 3650 646; x_wconf 83' lang='lat' dir='ltr'><strong>consti-</strong></span> 
     </span>
    </p>
   </div>
   <div class='ocr_carea' id='block_1_69' title="bbox 2049 683 3653 755">
    <p class='ocr_par' dir='ltr' id='par_1_69' title="bbox 2049 683 3653 755">
     <span class='ocr_line' id='line_1_70' title="bbox 2049 683 3653 755; baseline 0 -17"><span class='ocrx_word' id='word_1_532' title='bbox 2049 690 2240 751; x_wconf 89' lang='lat' dir='ltr'><strong>tutam,</strong></span> <span class='ocrx_word' id='word_1_533' title='bbox 2269 699 2391 741; x_wconf 91' lang='lat' dir='ltr'><strong>cum</strong></span> <span class='ocrx_word' id='word_1_534' title='bbox 2421 684 2762 742; x_wconf 89' lang='lat' dir='ltr'><strong>multitudine</strong></span> <span class='ocrx_word' id='word_1_535' title='bbox 2797 683 3105 743; x_wconf 71' lang='lat' dir='ltr'><strong>Iudaeorum</strong></span> <span class='ocrx_word' id='word_1_536' title='bbox 3136 699 3230 755; x_wconf 91' lang='lat' dir='ltr'><strong>per</strong></span> <span class='ocrx_word' id='word_1_537' title='bbox 3256 698 3448 740; x_wconf 89' lang='lat' dir='ltr'><strong>omnes</strong></span> <span class='ocrx_word' id='word_1_538' title='bbox 3475 692 3653 739; x_wconf 84' lang='lat' dir='ltr'><strong>terras</strong></span> 
     </span>
    </p>
   </div>
   <div class='ocr_carea' id='block_1_70' title="bbox 2047 776 3653 849">
    <p class='ocr_par' dir='ltr' id='par_1_70' title="bbox 2047 776 3653 849">
     <span class='ocr_line' id='line_1_71' title="bbox 2047 776 3653 849; baseline 0 -19"><span class='ocrx_word' id='word_1_539' title='bbox 2047 789 2385 849; x_wconf 89' lang='lat' dir='ltr'><strong>quacumque</strong></span> <span class='ocrx_word' id='word_1_540' title='bbox 2413 776 2639 848; x_wconf 88' lang='lat' dir='ltr'><strong>dispersi</strong></span> <span class='ocrx_word' id='word_1_541' title='bbox 2672 786 2815 846; x_wconf 90' lang='lat' dir='ltr'><strong>sunt,</strong></span> <span class='ocrx_word' id='word_1_542' title='bbox 2845 787 2901 834; x_wconf 91' lang='lat' dir='ltr'><strong>et</strong></span> <span class='ocrx_word' id='word_1_543' title='bbox 2928 777 3145 833; x_wconf 87' lang='lat' dir='ltr'><strong>videant</strong></span> <span class='ocrx_word' id='word_1_544' title='bbox 3170 791 3333 848; x_wconf 88' lang='lat' dir='ltr'><strong>quam</strong></span> <span class='ocrx_word' id='word_1_545' title='bbox 3361 777 3472 832; x_wconf 88' lang='lat' dir='ltr'><strong>sint</strong></span> <span class='ocrx_word' id='word_1_546' title='bbox 3503 776 3561 831; x_wconf 87' lang='lat' dir='ltr'><strong>in</strong></span> <span class='ocrx_word' id='word_1_547' title='bbox 3590 776 3653 830; x_wconf 86' lang='lat' dir='ltr'><strong>il-</strong></span> 
     </span>
    </p>
   </div>
   <div class='ocr_carea' id='block_1_71' title="bbox 2048 867 3650 943">
    <p class='ocr_par' dir='ltr' id='par_1_71' title="bbox 2048 867 3650 943">
     <span class='ocr_line' id='line_1_72' title="bbox 2048 867 3650 943; baseline 0.002 -20"><span class='ocrx_word' id='word_1_548' title='bbox 2048 867 2223 925; x_wconf 89' lang='lat' dir='ltr'><strong>lorum</strong></span> <span class='ocrx_word' id='word_1_549' title='bbox 2266 871 2668 942; x_wconf 88' lang='lat' dir='ltr'><strong>comparatione</strong></span> <span class='ocrx_word' id='word_1_550' title='bbox 2707 871 3035 943; x_wconf 90' lang='lat' dir='ltr'><strong>paucissimi.</strong></span> <span class='ocrx_word' id='word_1_551' title='bbox 3077 869 3361 940; x_wconf 88' lang='lat' dir='ltr'><strong>Quomodo</strong></span> <span class='ocrx_word' id='word_1_552' title='bbox 3408 884 3546 941; x_wconf 87' lang='lat' dir='ltr'><strong>ergo</strong></span> <span class='ocrx_word' id='word_1_553' title='bbox 3583 869 3650 926; x_wconf 88' lang='lat' dir='ltr'><strong>de</strong></span> 
     </span>
    </p>
   </div>
   <div class='ocr_carea' id='block_1_72' title="bbox 2047 958 3651 1035">
    <p class='ocr_par' dir='ltr' id='par_1_72' title="bbox 2047 958 3651 1035">
     <span class='ocr_line' id='line_1_73' title="bbox 2047 958 3651 1035; baseline -0.001 -20"><span class='ocrx_word' id='word_1_554' title='bbox 2047 973 2107 1016; x_wconf 90' lang='lat' dir='ltr'><strong>se</strong></span> <span class='ocrx_word' id='word_1_555' title='bbox 2135 958 2335 1016; x_wconf 91' lang='lat' dir='ltr'><strong>dictum</strong></span> <span class='ocrx_word' id='word_1_556' title='bbox 2360 960 2729 1035; x_wconf 86' lang='lat' dir='ltr'><strong>assignabunt,</strong></span> <span class='ocrx_word' id='word_1_557' title='bbox 2754 961 2908 1017; x_wconf 81' lang='lat' dir='ltr'><strong>Multi</strong></span> <span class='ocrx_word' id='word_1_558' title='bbox 2932 962 3029 1032; x_wconf 84' lang='lat' dir='ltr'><strong>ﬁlii</strong></span> <span class='ocrx_word' id='word_1_559' title='bbox 3049 962 3279 1028; x_wconf 71' lang='lat' dir='ltr'><strong>desertae,</strong></span> <span class='ocrx_word' id='word_1_560' title='bbox 3306 960 3471 1031; x_wconf 85' lang='lat' dir='ltr'><strong>magis</strong></span> <span class='ocrx_word' id='word_1_561' title='bbox 3493 976 3651 1031; x_wconf 78' lang='lat' dir='ltr'><strong>quam</strong></span> 
     </span>
    </p>
   </div>
   <div class='ocr_carea' id='block_1_73' title="bbox 2046 1052 3648 1127">
    <p class='ocr_par' dir='ltr' id='par_1_73' title="bbox 2046 1052 3648 1127">
     <span class='ocr_line' id='line_1_74' title="bbox 2046 1052 3648 1127; baseline 0 -18"><span class='ocrx_word' id='word_1_562' title='bbox 2046 1054 2158 1125; x_wconf 87' lang='lat' dir='ltr'><strong>ejus</strong></span> <span class='ocrx_word' id='word_1_563' title='bbox 2194 1070 2307 1127; x_wconf 76' lang='lat' dir='ltr'><strong>qua:</strong></span> <span class='ocrx_word' id='word_1_564' title='bbox 2335 1055 2482 1111; x_wconf 83' lang='lat' dir='ltr'><strong>habet</strong></span> <span class='ocrx_word' id='word_1_565' title='bbox 2516 1055 2716 1112; x_wconf 88' lang='lat' dir='ltr'><strong>virum?</strong></span> <span class='ocrx_word' id='word_1_566' title='bbox 2754 1055 2959 1111; x_wconf 85' lang='lat' dir='ltr'><strong>Rursus</strong></span> <span class='ocrx_word' id='word_1_567' title='bbox 2983 1064 3303 1126; x_wconf 87' lang='lat' dir='ltr'><strong>comparent</strong></span> <span class='ocrx_word' id='word_1_568' title='bbox 3341 1052 3648 1110; x_wconf 79' lang='lat' dir='ltr'><strong>multitudi-</strong></span> 
     </span>
    </p>
   </div>
   <div class='ocr_carea' id='block_1_74' title="bbox 2046 1145 3651 1219">
    <p class='ocr_par' dir='ltr' id='par_1_74' title="bbox 2046 1145 3651 1219">
     <span class='ocr_line' id='line_1_75' title="bbox 2046 1145 3651 1219; baseline 0 -19"><span class='ocrx_word' id='word_1_569' title='bbox 2046 1158 2172 1201; x_wconf 91' lang='lat' dir='ltr'><strong>nem</strong></span> <span class='ocrx_word' id='word_1_570' title='bbox 2211 1145 2634 1202; x_wconf 89' lang='lat' dir='ltr'><strong>Christianorum</strong></span> <span class='ocrx_word' id='word_1_571' title='bbox 2677 1162 2774 1219; x_wconf 89' lang='lat' dir='ltr'><strong>per</strong></span> <span class='ocrx_word' id='word_1_572' title='bbox 2805 1161 2996 1204; x_wconf 88' lang='lat' dir='ltr'><strong>omnes</strong></span> <span class='ocrx_word' id='word_1_573' title='bbox 3029 1155 3250 1219; x_wconf 82' lang='lat' dir='ltr'><strong>gentes,</strong></span> <span class='ocrx_word' id='word_1_574' title='bbox 3298 1145 3499 1216; x_wconf 85' lang='lat' dir='ltr'><strong>quibus</strong></span> <span class='ocrx_word' id='word_1_575' title='bbox 3540 1157 3651 1203; x_wconf 87' lang='lat' dir='ltr'><strong>non</strong></span> 
     </span>
    </p>
   </div>
   <div class='ocr_carea' id='block_1_75' title="bbox 2046 1222 3648 1312">
    <p class='ocr_par' dir='ltr' id='par_1_75' title="bbox 2046 1222 3648 1312">
     <span class='ocr_line' id='line_1_76' title="bbox 2046 1222 3648 1312; baseline -0.001 -17"><span class='ocrx_word' id='word_1_576' title='bbox 2046 1240 2470 1306; x_wconf 86' lang='lat' dir='ltr'><strong>communicant,</strong></span> <span class='ocrx_word' id='word_1_577' title='bbox 2498 1248 2554 1296; x_wconf 89' lang='lat' dir='ltr'><strong>et</strong></span> <span class='ocrx_word' id='word_1_578' title='bbox 2578 1239 2795 1296; x_wconf 86' lang='lat' dir='ltr'><strong>videant</strong></span> <span class='ocrx_word' id='word_1_579' title='bbox 2819 1255 2978 1312; x_wconf 91' lang='lat' dir='ltr'><strong>qnam</strong></span> <span class='ocrx_word' id='word_1_580' title='bbox 3011 1239 3163 1310; x_wconf 84' lang='lat' dir='ltr'><strong>pauci</strong></span> <span class='ocrx_word' id='word_1_581' title='bbox 3190 1222 3300 1293; x_wconf 74' lang='lat' dir='ltr'><strong>sint</strong></span> <span class='ocrx_word' id='word_1_582' title='bbox 3337 1238 3392 1295; x_wconf 89' lang='lat' dir='ltr'><strong>in</strong></span> <span class='ocrx_word' id='word_1_583' title='bbox 3420 1251 3648 1309; x_wconf 85' lang='lat' dir='ltr'><strong>compa-</strong></span> 
     </span>
    </p>
   </div>
   <div class='ocr_carea' id='block_1_76' title="bbox 2046 1328 3647 1403">
    <p class='ocr_par' dir='ltr' id='par_1_76' title="bbox 2046 1328 3647 1403">
     <span class='ocr_line' id='line_1_77' title="bbox 2046 1328 3647 1403; baseline -0.001 -17"><span class='ocrx_word' id='word_1_584' title='bbox 2046 1332 2253 1388; x_wconf 90' lang='lat' dir='ltr'><strong>ratione</strong></span> <span class='ocrx_word' id='word_1_585' title='bbox 2283 1346 2473 1389; x_wconf 91' lang='lat' dir='ltr'><strong>omnes</strong></span> <span class='ocrx_word' id='word_1_586' title='bbox 2499 1332 2704 1398; x_wconf 68' lang='lat' dir='ltr'><strong>Judaei;</strong></span> <span class='ocrx_word' id='word_1_587' title='bbox 2750 1341 2804 1389; x_wconf 88' lang='lat' dir='ltr'><strong>et</strong></span> <span class='ocrx_word' id='word_1_588' title='bbox 2844 1331 3060 1388; x_wconf 86' lang='lat' dir='ltr'><strong>tandem</strong></span> <span class='ocrx_word' id='word_1_589' title='bbox 3103 1329 3393 1403; x_wconf 88' lang='lat' dir='ltr'><strong>aliquando</strong></span> <span class='ocrx_word' id='word_1_590' title='bbox 3440 1328 3647 1385; x_wconf 87' lang='lat' dir='ltr'><strong>intelli-</strong></span> 
     </span>
    </p>
   </div>
   <div class='ocr_carea' id='block_1_77' title="bbox 2044 1422 3645 1500">
    <p class='ocr_par' dir='ltr' id='par_1_77' title="bbox 2044 1422 3645 1500">
     <span class='ocr_line' id='line_1_78' title="bbox 2044 1422 3645 1500; baseline -0.001 -20"><span class='ocrx_word' id='word_1_591' title='bbox 2044 1433 2173 1494; x_wconf 83' lang='lat' dir='ltr'><strong>gant</strong></span> <span class='ocrx_word' id='word_1_592' title='bbox 2215 1425 2269 1480; x_wconf 89' lang='lat' dir='ltr'><strong>in</strong></span> <span class='ocrx_word' id='word_1_593' title='bbox 2308 1425 2549 1482; x_wconf 86' lang='lat' dir='ltr'><strong>Ecclesia</strong></span> <span class='ocrx_word' id='word_1_594' title='bbox 2575 1425 2840 1482; x_wconf 90' lang='lat' dir='ltr'><strong>catholica</strong></span> <span class='ocrx_word' id='word_1_595' title='bbox 2883 1434 2997 1481; x_wconf 86' lang='lat' dir='ltr'><strong>toto</strong></span> <span class='ocrx_word' id='word_1_596' title='bbox 3033 1424 3164 1481; x_wconf 90' lang='lat' dir='ltr'><strong>orbe</strong></span> <span class='ocrx_word' id='word_1_597' title='bbox 3207 1422 3441 1491; x_wconf 81' lang='lat' dir='ltr'><strong>dill‘usa,</strong></span> <span class='ocrx_word' id='word_1_598' title='bbox 3484 1422 3645 1500; x_wconf 84' lang='lat' dir='ltr'><strong>istam</strong></span> 
     </span>
    </p>
   </div>
   <div class='ocr_carea' id='block_1_78' title="bbox 2045 1515 3645 1591">
    <p class='ocr_par' dir='ltr' id='par_1_78' title="bbox 2045 1515 3645 1591">
     <span class='ocr_line' id='line_1_79' title="bbox 2045 1515 3645 1591; baseline 0 -20"><span class='ocrx_word' id='word_1_599' title='bbox 2045 1515 2378 1587; x_wconf 85' lang='lat' dir='ltr'><strong>prephetiam</strong></span> <span class='ocrx_word' id='word_1_600' title='bbox 2399 1532 2520 1574; x_wconf 88' lang='lat' dir='ltr'><strong>esse</strong></span> <span class='ocrx_word' id='word_1_601' title='bbox 2540 1518 2862 1589; x_wconf 89' lang='lat' dir='ltr'><strong>completam</strong></span> <span class='ocrx_word' id='word_1_602' title='bbox 2889 1535 2902 1571; x_wconf 91' lang='lat'>:</span> <span class='ocrx_word' id='word_1_603' title='bbox 2933 1516 3086 1572; x_wconf 79' lang='lat' dir='ltr'><strong>Multi</strong></span> <span class='ocrx_word' id='word_1_604' title='bbox 3108 1517 3201 1588; x_wconf 89' lang='lat' dir='ltr'><strong>ﬁlii</strong></span> <span class='ocrx_word' id='word_1_605' title='bbox 3223 1516 3460 1581; x_wconf 69' lang='lat' dir='ltr'><strong>desertae,</strong></span> <span class='ocrx_word' id='word_1_606' title='bbox 3482 1517 3645 1591; x_wconf 81' lang='lat' dir='ltr'><strong>magis</strong></span> 
     </span>
    </p>
   </div>
   <div class='ocr_carea' id='block_1_79' title="bbox 2043 1608 3644 1680">
    <p class='ocr_par' dir='ltr' id='par_1_79' title="bbox 2043 1608 3644 1680">
     <span class='ocr_line' id='line_1_80' title="bbox 2043 1608 3644 1680; baseline 0.001 -19"><span class='ocrx_word' id='word_1_607' title='bbox 2043 1624 2195 1679; x_wconf 88' lang='lat' dir='ltr'><strong>quam</strong></span> <span class='ocrx_word' id='word_1_608' title='bbox 2223 1609 2333 1678; x_wconf 84' lang='lat' dir='ltr'><strong>eius</strong></span> <span class='ocrx_word' id='word_1_609' title='bbox 2357 1626 2470 1680; x_wconf 70' lang='lat' dir='ltr'><strong>qua:</strong></span> <span class='ocrx_word' id='word_1_610' title='bbox 2505 1609 2652 1664; x_wconf 83' lang='lat' dir='ltr'><strong>habet</strong></span> <span class='ocrx_word' id='word_1_611' title='bbox 2692 1611 2876 1665; x_wconf 89' lang='lat' dir='ltr'><strong>virum.</strong></span> <span class='ocrx_word' id='word_1_612' title='bbox 2916 1608 3023 1667; x_wconf 90' lang='lat' dir='ltr'><strong>Sed</strong></span> <span class='ocrx_word' id='word_1_613' title='bbox 3065 1609 3148 1664; x_wconf 90' lang='lat' dir='ltr'><strong>cui</strong></span> <span class='ocrx_word' id='word_1_614' title='bbox 3194 1608 3415 1664; x_wconf 89' lang='lat' dir='ltr'><strong>habenti</strong></span> <span class='ocrx_word' id='word_1_615' title='bbox 3468 1608 3644 1663; x_wconf 86' lang='lat' dir='ltr'><strong>virum</strong></span> 
     </span>
    </p>
   </div>
   <div class='ocr_carea' id='block_1_80' title="bbox 2044 1698 3640 1773">
    <p class='ocr_par' dir='ltr' id='par_1_80' title="bbox 2044 1698 3640 1773">
     <span class='ocr_line' id='line_1_81' title="bbox 2044 1698 3640 1773; baseline 0 -18"><span class='ocrx_word' id='word_1_616' title='bbox 2044 1698 2161 1755; x_wconf 64' lang='lat' dir='ltr'><strong>haec</strong></span> <span class='ocrx_word' id='word_1_617' title='bbox 2199 1699 2411 1756; x_wconf 89' lang='lat' dir='ltr'><strong>deserta</strong></span> <span class='ocrx_word' id='word_1_618' title='bbox 2445 1702 2664 1773; x_wconf 62' lang='lat' dir='ltr'><strong>praelata</strong></span> <span class='ocrx_word' id='word_1_619' title='bbox 2706 1700 2865 1758; x_wconf 82' lang='lat' dir='ltr'><strong>fuerit</strong></span> <span class='ocrx_word' id='word_1_620' title='bbox 2898 1701 2955 1757; x_wconf 90' lang='lat' dir='ltr'><strong>in</strong></span> <span class='ocrx_word' id='word_1_621' title='bbox 2994 1700 3335 1756; x_wconf 90' lang='lat' dir='ltr'><strong>multitudine</strong></span> <span class='ocrx_word' id='word_1_622' title='bbox 3373 1700 3640 1766; x_wconf 83' lang='lat' dir='ltr'><strong>ﬁliorum,</strong></span> 
     </span>
    </p>
   </div>
   <div class='ocr_carea' id='block_1_81' title="bbox 2044 1782 3641 1868">
    <p class='ocr_par' dir='ltr' id='par_1_81' title="bbox 2044 1782 3641 1868">
     <span class='ocr_line' id='line_1_82' title="bbox 2044 1782 3641 1868; baseline 0 -19"><span class='ocrx_word' id='word_1_623' title='bbox 2044 1782 2115 1849; x_wconf 86' lang='lat' dir='ltr'><strong>sit</strong></span> <span class='ocrx_word' id='word_1_624' title='bbox 2145 1794 2449 1859; x_wconf 88' lang='lat' dir='ltr'><strong>obscurum,</strong></span> <span class='ocrx_word' id='word_1_625' title='bbox 2479 1796 2548 1851; x_wconf 90' lang='lat' dir='ltr'><strong>sit</strong></span> <span class='ocrx_word' id='word_1_626' title='bbox 2574 1795 2627 1850; x_wconf 92' lang='lat' dir='ltr'><strong>in</strong></span> <span class='ocrx_word' id='word_1_627' title='bbox 2654 1795 2938 1868; x_wconf 83' lang='lat' dir='ltr'><strong>aenigmate</strong></span> <span class='ocrx_word' id='word_1_628' title='bbox 2963 1812 2977 1848; x_wconf 91' lang='lat'><strong>:</strong></span> <span class='ocrx_word' id='word_1_629' title='bbox 3009 1794 3147 1850; x_wconf 90' lang='lat' dir='ltr'><strong>hanc</strong></span> <span class='ocrx_word' id='word_1_630' title='bbox 3173 1803 3352 1850; x_wconf 88' lang='lat' dir='ltr'><strong>tamen</strong></span> <span class='ocrx_word' id='word_1_631' title='bbox 3378 1807 3504 1850; x_wconf 87' lang='lat' dir='ltr'><strong>esse</strong></span> <span class='ocrx_word' id='word_1_632' title='bbox 3534 1792 3641 1849; x_wconf 86' lang='lat' dir='ltr'><strong>Ec-</strong></span> 
     </span>
    </p>
   </div>
   <div class='ocr_carea' id='block_1_82' title="bbox 2043 1884 3647 1958">
    <p class='ocr_par' dir='ltr' id='par_1_82' title="bbox 2043 1884 3647 1958">
     <span class='ocr_line' id='line_1_83' title="bbox 2043 1884 3647 1958; baseline -0.001 -18"><span class='ocrx_word' id='word_1_633' title='bbox 2043 1884 2264 1942; x_wconf 87' lang='lat' dir='ltr'><strong>clesiam</strong></span> <span class='ocrx_word' id='word_1_634' title='bbox 2308 1886 2539 1954; x_wconf 88' lang='lat' dir='ltr'><strong>Christi,</strong></span> <span class='ocrx_word' id='word_1_635' title='bbox 2572 1886 2640 1944; x_wconf 91' lang='lat' dir='ltr'><strong>dc</strong></span> <span class='ocrx_word' id='word_1_636' title='bbox 2678 1902 2784 1958; x_wconf 88' lang='lat' dir='ltr'><strong>qua</strong></span> <span class='ocrx_word' id='word_1_637' title='bbox 2823 1887 3024 1944; x_wconf 92' lang='lat' dir='ltr'><strong>dictum</strong></span> <span class='ocrx_word' id='word_1_638' title='bbox 3068 1895 3184 1953; x_wconf 87' lang='lat' dir='ltr'><strong>est,</strong></span> <span class='ocrx_word' id='word_1_639' title='bbox 3233 1884 3392 1940; x_wconf 77' lang='lat' dir='ltr'><strong>Multi</strong></span> <span class='ocrx_word' id='word_1_640' title='bbox 3433 1885 3535 1955; x_wconf 87' lang='lat' dir='ltr'><strong>ﬁlii</strong></span> <span class='ocrx_word' id='word_1_641' title='bbox 3557 1885 3647 1940; x_wconf 80' lang='lat' dir='ltr'><strong>de-</strong></span> 
     </span>
    </p>
   </div>
   <div class='ocr_carea' id='block_1_83' title="bbox 2042 1977 3642 2052">
    <p class='ocr_par' dir='ltr' id='par_1_83' title="bbox 2042 1977 3642 2052">
     <span class='ocr_line' id='line_1_84' title="bbox 2042 1977 3642 2052; baseline 0 -19"><span class='ocrx_word' id='word_1_642' title='bbox 2042 1986 2207 2045; x_wconf 62' lang='lat' dir='ltr'><strong>sertae,</strong></span> <span class='ocrx_word' id='word_1_643' title='bbox 2240 1978 2403 2051; x_wconf 85' lang='lat' dir='ltr'><strong>magis</strong></span> <span class='ocrx_word' id='word_1_644' title='bbox 2427 1995 2579 2050; x_wconf 88' lang='lat' dir='ltr'><strong>quam</strong></span> <span class='ocrx_word' id='word_1_645' title='bbox 2607 1980 2717 2052; x_wconf 86' lang='lat' dir='ltr'><strong>ejus</strong></span> <span class='ocrx_word' id='word_1_646' title='bbox 2735 1994 2850 2050; x_wconf 72' lang='lat' dir='ltr'><strong>qua:</strong></span> <span class='ocrx_word' id='word_1_647' title='bbox 2872 1978 3021 2034; x_wconf 87' lang='lat' dir='ltr'><strong>habet</strong></span> <span class='ocrx_word' id='word_1_648' title='bbox 3045 1979 3227 2042; x_wconf 88' lang='lat' dir='ltr'><strong>virum,</strong></span> <span class='ocrx_word' id='word_1_649' title='bbox 3256 1977 3506 2050; x_wconf 87' lang='lat' dir='ltr'><strong>quisquis</strong></span> <span class='ocrx_word' id='word_1_650' title='bbox 3524 1991 3642 2033; x_wconf 86' lang='lat' dir='ltr'><strong>con-</strong></span> 
     </span>
    </p>
   </div>
   <div class='ocr_carea' id='block_1_84' title="bbox 2044 2068 3365 2141">
    <p class='ocr_par' dir='ltr' id='par_1_84' title="bbox 2044 2068 3365 2141">
     <span class='ocr_line' id='line_1_85' title="bbox 2044 2068 3365 2141; baseline -0.002 -16"><span class='ocrx_word' id='word_1_651' title='bbox 2044 2069 2280 2136; x_wconf 87' lang='lat' dir='ltr'><strong>tradicit,</strong></span> <span class='ocrx_word' id='word_1_652' title='bbox 2312 2086 2416 2125; x_wconf 91' lang='lat' dir='ltr'><strong>non</strong></span> <span class='ocrx_word' id='word_1_653' title='bbox 2440 2070 2592 2139; x_wconf 91' lang='lat' dir='ltr'><strong>mihi,</strong></span> <span class='ocrx_word' id='word_1_654' title='bbox 2619 2070 2715 2127; x_wconf 90' lang='lat' dir='ltr'><strong>sed</strong></span> <span class='ocrx_word' id='word_1_655' title='bbox 2740 2069 3000 2141; x_wconf 86' lang='lat' dir='ltr'><strong>Apostolo</strong></span> <span class='ocrx_word' id='word_1_656' title='bbox 3024 2068 3365 2126; x_wconf 88' lang='lat' dir='ltr'><strong>contradicit.</strong></span> 
     </span>
    </p>
   </div>
   <div class='ocr_carea' id='block_1_85' title="bbox 2116 2162 3641 2229">
    <p class='ocr_par' dir='ltr' id='par_1_85' title="bbox 2116 2162 3641 2229">
     <span class='ocr_line' id='line_1_86' title="bbox 2116 2162 3641 2229; baseline 0 -11"><span class='ocrx_word' id='word_1_657' title='bbox 2116 2162 2207 2219; x_wconf 77' lang='lat' dir='ltr'><strong>i9.</strong></span> <span class='ocrx_word' id='word_1_658' title='bbox 2239 2162 2396 2221; x_wconf 91' lang='lat' dir='ltr'><strong>Unde</strong></span> <span class='ocrx_word' id='word_1_659' title='bbox 2420 2171 2600 2221; x_wconf 91' lang='lat' dir='ltr'><strong>autem</strong></span> <span class='ocrx_word' id='word_1_660' title='bbox 2631 2163 2827 2219; x_wconf 90' lang='lat' dir='ltr'><strong>multos</strong></span> <span class='ocrx_word' id='word_1_661' title='bbox 2851 2162 2991 2219; x_wconf 76' lang='lat' dir='ltr'><strong>filios</strong></span> <span class='ocrx_word' id='word_1_662' title='bbox 3018 2169 3164 2219; x_wconf 86' lang='lat' dir='ltr'><strong>esset</strong></span> <span class='ocrx_word' id='word_1_663' title='bbox 3192 2162 3441 2218; x_wconf 84' lang='lat' dir='ltr'><strong>habitura</strong></span> <span class='ocrx_word' id='word_1_664' title='bbox 3460 2202 3478 2229; x_wconf 92' lang='lat'><strong>,</strong></span> <span class='ocrx_word' id='word_1_665' title='bbox 3508 2175 3641 2218; x_wconf 86' lang='lat' dir='ltr'><strong>con-</strong></span> 
     </span>
    </p>
   </div>
   <div class='ocr_carea' id='block_1_86' title="bbox 2043 2253 3639 2329">
    <p class='ocr_par' dir='ltr' id='par_1_86' title="bbox 2043 2253 3639 2329">
     <span class='ocr_line' id='line_1_87' title="bbox 2043 2253 3639 2329; baseline -0.001 -20"><span class='ocrx_word' id='word_1_666' title='bbox 2043 2266 2331 2329; x_wconf 87' lang='lat' dir='ltr'><strong>sequenter</strong></span> <span class='ocrx_word' id='word_1_667' title='bbox 2357 2254 2627 2326; x_wconf 89' lang='lat' dir='ltr'><strong>adjungit,</strong></span> <span class='ocrx_word' id='word_1_668' title='bbox 2658 2264 2713 2311; x_wconf 90' lang='lat' dir='ltr'><strong>et</strong></span> <span class='ocrx_word' id='word_1_669' title='bbox 2737 2255 2850 2312; x_wconf 88' lang='lat' dir='ltr'><strong>ait:</strong></span> <span class='ocrx_word' id='word_1_670' title='bbox 2880 2253 3029 2309; x_wconf 73' lang='lat' dir='ltr'><strong>Dixit</strong></span> <span class='ocrx_word' id='word_1_671' title='bbox 3070 2255 3205 2310; x_wconf 91' lang='lat' dir='ltr'><strong>enim</strong></span> <span class='ocrx_word' id='word_1_672' title='bbox 3232 2253 3511 2320; x_wconf 83' lang='lat' dir='ltr'><strong>Dominus,</strong></span> <span class='ocrx_word' id='word_1_673' title='bbox 3543 2253 3639 2308; x_wconf 84' lang='lat' dir='ltr'><strong>Di-</strong></span> 
     </span>
    </p>
   </div>
   <div class='ocr_carea' id='block_1_87' title="bbox 2044 2345 3637 2418">
    <p class='ocr_par' dir='ltr' id='par_1_87' title="bbox 2044 2345 3637 2418">
     <span class='ocr_line' id='line_1_88' title="bbox 2044 2345 3637 2418; baseline -0.001 -17"><span class='ocrx_word' id='word_1_674' title='bbox 2044 2345 2149 2402; x_wconf 86' lang='lat' dir='ltr'><strong>lata</strong></span> <span class='ocrx_word' id='word_1_675' title='bbox 2176 2345 2343 2403; x_wconf 87' lang='lat' dir='ltr'><strong>locum</strong></span> <span class='ocrx_word' id='word_1_676' title='bbox 2383 2346 2693 2402; x_wconf 73' lang='lat' dir='ltr'><strong>tabernaculi</strong></span> <span class='ocrx_word' id='word_1_677' title='bbox 2723 2347 2796 2402; x_wconf 90' lang='lat' dir='ltr'><strong>tui</strong></span> <span class='ocrx_word' id='word_1_678' title='bbox 2824 2354 2873 2402; x_wconf 91' lang='lat' dir='ltr'><strong>et</strong></span> <span class='ocrx_word' id='word_1_679' title='bbox 2902 2347 2921 2379; x_wconf 86' lang='grc'>¹</span> <span class='ocrx_word' id='word_1_680' title='bbox 2951 2347 3189 2402; x_wconf 89' lang='lat' dir='ltr'><strong>aularum</strong></span> <span class='ocrx_word' id='word_1_681' title='bbox 3221 2354 3464 2412; x_wconf 85' lang='lat' dir='ltr'><strong>tuarum;</strong></span> <span class='ocrx_word' id='word_1_682' title='bbox 3507 2348 3637 2418; x_wconf 81' lang='lat' dir='ltr'><strong>ﬁge,</strong></span> 
     </span>
    </p>
   </div>
   <div class='ocr_carea' id='block_1_88' title="bbox 2042 2437 3640 2511">
    <p class='ocr_par' dir='ltr' id='par_1_88' title="bbox 2042 2437 3640 2511">
     <span class='ocr_line' id='line_1_89' title="bbox 2042 2437 3640 2511; baseline -0.001 -19"><span class='ocrx_word' id='word_1_683' title='bbox 2042 2438 2152 2494; x_wconf 89' lang='lat' dir='ltr'><strong>noli</strong></span> <span class='ocrx_word' id='word_1_684' title='bbox 2180 2454 2416 2508; x_wconf 83' lang='lat' dir='ltr'><strong>parcere,</strong></span> <span class='ocrx_word' id='word_1_685' title='bbox 2448 2437 2625 2510; x_wconf 85' lang='lat' dir='ltr'><strong>longos</strong></span> <span class='ocrx_word' id='word_1_686' title='bbox 2652 2442 2736 2511; x_wconf 80' lang='lat' dir='ltr'><strong>fac</strong></span> <span class='ocrx_word' id='word_1_687' title='bbox 2776 2438 3033 2510; x_wconf 76' lang='lat' dir='ltr'><strong>funiculos</strong></span> <span class='ocrx_word' id='word_1_688' title='bbox 3070 2448 3218 2503; x_wconf 90' lang='lat' dir='ltr'><strong>tuos,</strong></span> <span class='ocrx_word' id='word_1_689' title='bbox 3261 2446 3308 2493; x_wconf 91' lang='lat' dir='ltr'><strong>et</strong></span> <span class='ocrx_word' id='word_1_690' title='bbox 3350 2437 3498 2510; x_wconf 83' lang='lat' dir='ltr'><strong>palos</strong></span> <span class='ocrx_word' id='word_1_691' title='bbox 3524 2446 3640 2491; x_wconf 87' lang='lat' dir='ltr'><strong>tuos</strong></span> 
     </span>
    </p>
   </div>
   <div class='ocr_carea' id='block_1_89' title="bbox 2042 2529 3640 2601">
    <p class='ocr_par' dir='ltr' id='par_1_89' title="bbox 2042 2529 3640 2601">
     <span class='ocr_line' id='line_1_90' title="bbox 2042 2529 3640 2601; baseline -0.003 -15"><span class='ocrx_word' id='word_1_692' title='bbox 2042 2532 2322 2601; x_wconf 76' lang='lat' dir='ltr'><strong>confirma,</strong></span> <span class='ocrx_word' id='word_1_693' title='bbox 2368 2531 2538 2586; x_wconf 88' lang='lat' dir='ltr'><strong>adhuc</strong></span> <span class='ocrx_word' id='word_1_694' title='bbox 2561 2532 2617 2585; x_wconf 91' lang='lat' dir='ltr'><strong>in</strong></span> <span class='ocrx_word' id='word_1_695' title='bbox 2646 2530 2878 2585; x_wconf 77' lang='lat' dir='ltr'><strong>dextram</strong></span> <span class='ocrx_word' id='word_1_696' title='bbox 2913 2539 2961 2586; x_wconf 89' lang='lat' dir='ltr'><strong>et</strong></span> <span class='ocrx_word' id='word_1_697' title='bbox 3013 2530 3069 2585; x_wconf 90' lang='lat' dir='ltr'><strong>in</strong></span> <span class='ocrx_word' id='word_1_698' title='bbox 3091 2530 3351 2585; x_wconf 86' lang='lat' dir='ltr'><strong>sinistram</strong></span> <span class='ocrx_word' id='word_1_699' title='bbox 3387 2529 3640 2583; x_wconf 70' lang='lat' dir='ltr'><strong>extende:</strong></span> 
     </span>
    </p>
   </div>
   <div class='ocr_carea' id='block_1_90' title="bbox 2043 2619 3644 2696">
    <p class='ocr_par' dir='ltr' id='par_1_90' title="bbox 2043 2619 3644 2696">
     <span class='ocr_line' id='line_1_91' title="bbox 2043 2619 3644 2696; baseline -0.002 -17"><span class='ocrx_word' id='word_1_700' title='bbox 2043 2631 2089 2679; x_wconf 91' lang='lat' dir='ltr'><strong>et</strong></span> <span class='ocrx_word' id='word_1_701' title='bbox 2112 2640 2281 2678; x_wconf 86' lang='lat' dir='ltr'><strong>semen</strong></span> <span class='ocrx_word' id='word_1_702' title='bbox 2307 2633 2448 2677; x_wconf 91' lang='lat' dir='ltr'><strong>tuum</strong></span> <span class='ocrx_word' id='word_1_703' title='bbox 2472 2632 2643 2696; x_wconf 87' lang='lat' dir='ltr'><strong>gentes</strong></span> <span class='ocrx_word' id='word_1_704' title='bbox 2668 2622 2958 2696; x_wconf 86' lang='lat' dir='ltr'><strong>possidebit,</strong></span> <span class='ocrx_word' id='word_1_705' title='bbox 2990 2631 3039 2677; x_wconf 90' lang='lat' dir='ltr'><strong>et</strong></span> <span class='ocrx_word' id='word_1_706' title='bbox 3059 2623 3282 2677; x_wconf 87' lang='lat' dir='ltr'><strong>civitates</strong></span> <span class='ocrx_word' id='word_1_707' title='bbox 3311 2621 3534 2679; x_wconf 87' lang='lat' dir='ltr'><strong>desertas</strong></span> <span class='ocrx_word' id='word_1_708' title='bbox 3561 2619 3644 2675; x_wconf 88' lang='lat' dir='ltr'><strong>in-</strong></span> 
     </span>
    </p>
   </div>
   <div class='ocr_carea' id='block_1_91' title="bbox 2043 2712 3639 2786">
    <p class='ocr_par' dir='ltr' id='par_1_91' title="bbox 2043 2712 3639 2786">
     <span class='ocr_line' id='line_1_92' title="bbox 2043 2712 3639 2786; baseline -0.002 -17"><span class='ocrx_word' id='word_1_709' title='bbox 2043 2714 2312 2771; x_wconf 89' lang='lat' dir='ltr'><strong>habitabis.</strong></span> <span class='ocrx_word' id='word_1_710' title='bbox 2345 2714 2428 2769; x_wconf 90' lang='lat' dir='ltr'><strong>Ne</strong></span> <span class='ocrx_word' id='word_1_711' title='bbox 2452 2716 2646 2781; x_wconf 87' lang='lat' dir='ltr'><strong>timeas,</strong></span> <span class='ocrx_word' id='word_1_712' title='bbox 2677 2715 2914 2786; x_wconf 89' lang='lat' dir='ltr'><strong>quoniam</strong></span> <span class='ocrx_word' id='word_1_713' title='bbox 2938 2712 3254 2786; x_wconf 77' lang='lat' dir='ltr'><strong>prtevalebis,</strong></span> <span class='ocrx_word' id='word_1_714' title='bbox 3278 2729 3440 2781; x_wconf 87' lang='lat' dir='ltr'><strong>neque</strong></span> <span class='ocrx_word' id='word_1_715' title='bbox 3464 2727 3639 2767; x_wconf 85' lang='lat' dir='ltr'><strong>verea-</strong></span> 
     </span>
    </p>
   </div>
   <div class='ocr_carea' id='block_1_92' title="bbox 2041 2807 3642 2881">
    <p class='ocr_par' dir='ltr' id='par_1_92' title="bbox 2041 2807 3642 2881">
     <span class='ocr_line' id='line_1_93' title="bbox 2041 2807 3642 2881; baseline -0.002 -16"><span class='ocrx_word' id='word_1_716' title='bbox 2041 2809 2114 2865; x_wconf 89' lang='lat' dir='ltr'><strong>ris</strong></span> <span class='ocrx_word' id='word_1_717' title='bbox 2138 2808 2275 2881; x_wconf 85' lang='lat' dir='ltr'><strong>quod</strong></span> <span class='ocrx_word' id='word_1_718' title='bbox 2301 2809 2607 2864; x_wconf 85' lang='lat' dir='ltr'><strong>detestabilis</strong></span> <span class='ocrx_word' id='word_1_719' title='bbox 2630 2808 2805 2880; x_wconf 79' lang='lat' dir='ltr'><strong>fueris.</strong></span> <span class='ocrx_word' id='word_1_720' title='bbox 2840 2808 3202 2880; x_wconf 82' lang='lat' dir='ltr'><strong>Confusionem</strong></span> <span class='ocrx_word' id='word_1_721' title='bbox 3239 2815 3485 2862; x_wconf 64' lang='lat' dir='ltr'><strong>(sternam</strong></span> <span class='ocrx_word' id='word_1_722' title='bbox 3512 2807 3642 2863; x_wconf 90' lang='lat' dir='ltr'><strong>obli-</strong></span> 
     </span>
    </p>
   </div>
   <div class='ocr_carea' id='block_1_93' title="bbox 2040 2899 3641 2974">
    <p class='ocr_par' dir='ltr' id='par_1_93' title="bbox 2040 2899 3641 2974">
     <span class='ocr_line' id='line_1_94' title="bbox 2040 2899 3641 2974; baseline -0.001 -17"><span class='ocrx_word' id='word_1_723' title='bbox 2040 2903 2264 2969; x_wconf 73' lang='lat' dir='ltr'><strong>viscaris,</strong></span> <span class='ocrx_word' id='word_1_724' title='bbox 2295 2902 2587 2974; x_wconf 74' lang='lat' dir='ltr'><strong>ignominia:</strong></span> <span class='ocrx_word' id='word_1_725' title='bbox 2609 2901 2866 2957; x_wconf 88' lang='lat' dir='ltr'><strong>viduitatis</strong></span> <span class='ocrx_word' id='word_1_726' title='bbox 2892 2910 2993 2956; x_wconf 74' lang='lat' dir='ltr'><strong>tua:</strong></span> <span class='ocrx_word' id='word_1_727' title='bbox 3012 2917 3112 2956; x_wconf 91' lang='lat' dir='ltr'><strong>non</strong></span> <span class='ocrx_word' id='word_1_728' title='bbox 3133 2899 3232 2956; x_wconf 86' lang='lat' dir='ltr'><strong>eris</strong></span> <span class='ocrx_word' id='word_1_729' title='bbox 3253 2916 3450 2955; x_wconf 85' lang='lat' dir='ltr'><strong>memor</strong></span> <span class='ocrx_word' id='word_1_730' title='bbox 3471 2915 3490 2953; x_wconf 90' lang='lat'><strong><em>:</em></strong></span> <span class='ocrx_word' id='word_1_731' title='bbox 3513 2916 3641 2973; x_wconf 85' lang='lat' dir='ltr'><strong>quo-</strong></span> 
     </span>
    </p>
   </div>
   <div class='ocr_carea' id='block_1_94' title="bbox 2041 2991 3641 3066">
    <p class='ocr_par' dir='ltr' id='par_1_94' title="bbox 2041 2991 3641 3066">
     <span class='ocr_line' id='line_1_95' title="bbox 2041 2991 3641 3066; baseline -0.001 -17"><span class='ocrx_word' id='word_1_732' title='bbox 2041 2993 2180 3049; x_wconf 88' lang='lat' dir='ltr'><strong>niam</strong></span> <span class='ocrx_word' id='word_1_733' title='bbox 2208 3009 2298 3065; x_wconf 82' lang='lat' dir='ltr'><strong>ego</strong></span> <span class='ocrx_word' id='word_1_734' title='bbox 2326 2992 2577 3049; x_wconf 90' lang='lat' dir='ltr'><strong>Dominus</strong></span> <span class='ocrx_word' id='word_1_735' title='bbox 2602 2994 2689 3066; x_wconf 88' lang='lat' dir='ltr'><strong>qui</strong></span> <span class='ocrx_word' id='word_1_736' title='bbox 2715 2993 2848 3066; x_wconf 81' lang='lat' dir='ltr'><strong>facio</strong></span> <span class='ocrx_word' id='word_1_737' title='bbox 2875 3001 2942 3059; x_wconf 91' lang='lat' dir='ltr'><strong>te,</strong></span> <span class='ocrx_word' id='word_1_738' title='bbox 2970 2991 3225 3047; x_wconf 87' lang='lat' dir='ltr'><strong>Dominus</strong></span> <span class='ocrx_word' id='word_1_739' title='bbox 3252 3008 3438 3047; x_wconf 88' lang='lat' dir='ltr'><strong>nomen</strong></span> <span class='ocrx_word' id='word_1_740' title='bbox 3462 2992 3554 3058; x_wconf 87' lang='lat' dir='ltr'><strong>illi,</strong></span> <span class='ocrx_word' id='word_1_741' title='bbox 3590 3000 3641 3048; x_wconf 84' lang='lat' dir='ltr'><strong>et</strong></span> 
     </span>
    </p>
   </div>
   <div class='ocr_carea' id='block_1_95' title="bbox 2040 3085 3636 3160">
    <p class='ocr_par' dir='ltr' id='par_1_95' title="bbox 2040 3085 3636 3160">
     <span class='ocr_line' id='line_1_96' title="bbox 2040 3085 3636 3160; baseline -0.001 -18"><span class='ocrx_word' id='word_1_742' title='bbox 2040 3089 2127 3160; x_wconf 87' lang='lat' dir='ltr'><strong>qui</strong></span> <span class='ocrx_word' id='word_1_743' title='bbox 2154 3086 2382 3144; x_wconf 87' lang='lat' dir='ltr'><strong>liberavit</strong></span> <span class='ocrx_word' id='word_1_744' title='bbox 2418 3096 2496 3156; x_wconf 89' lang='lat' dir='ltr'><strong>te,</strong></span> <span class='ocrx_word' id='word_1_745' title='bbox 2528 3087 2667 3143; x_wconf 89' lang='lat' dir='ltr'><strong>Deus</strong></span> <span class='ocrx_word' id='word_1_746' title='bbox 2706 3085 2875 3143; x_wconf 86' lang='lat' dir='ltr'><strong>Israel</strong></span> <span class='ocrx_word' id='word_1_747' title='bbox 2898 3087 3145 3143; x_wconf 75' lang='lat' dir='ltr'><strong>universa:</strong></span> <span class='ocrx_word' id='word_1_748' title='bbox 3171 3094 3320 3141; x_wconf 77' lang='lat' dir='ltr'><strong>terra:</strong></span> <span class='ocrx_word' id='word_1_749' title='bbox 3353 3085 3636 3140; x_wconf 84' lang='lat' dir='ltr'><strong>vocabitur.</strong></span> 
     </span>
    </p>
   </div>
   <div class='ocr_carea' id='block_1_96' title="bbox 2042 3177 3639 3254">
    <p class='ocr_par' dir='ltr' id='par_1_96' title="bbox 2042 3177 3639 3254">
     <span class='ocr_line' id='line_1_97' title="bbox 2042 3177 3639 3254; baseline -0.001 -20"><span class='ocrx_word' id='word_1_750' title='bbox 2042 3178 2198 3254; x_wconf 89' lang='lat' dir='ltr'><strong>(lsai.</strong></span> <span class='ocrx_word' id='word_1_751' title='bbox 2233 3195 2341 3250; x_wconf 80' lang='lat' dir='ltr'><strong>Ltv,</strong></span> <span class='ocrx_word' id='word_1_752' title='bbox 2372 3179 2513 3254; x_wconf 81' lang='grc'><strong>1-5).</strong></span> <span class='ocrx_word' id='word_1_753' title='bbox 2560 3179 2702 3237; x_wconf 88' lang='lat' dir='ltr'><strong>Ecce</strong></span> <span class='ocrx_word' id='word_1_754' title='bbox 2728 3193 3006 3252; x_wconf 86' lang='lat' dir='ltr'><strong>quousque</strong></span> <span class='ocrx_word' id='word_1_755' title='bbox 3029 3178 3179 3250; x_wconf 88' lang='lat' dir='ltr'><strong>jussa</strong></span> <span class='ocrx_word' id='word_1_756' title='bbox 3217 3185 3302 3235; x_wconf 87' lang='lat' dir='ltr'><strong>est</strong></span> <span class='ocrx_word' id='word_1_757' title='bbox 3343 3177 3639 3235; x_wconf 79' lang='lat' dir='ltr'><strong>extendere</strong></span> 
     </span>
    </p>
   </div>
   <div class='ocr_carea' id='block_1_97' title="bbox 2042 3270 3639 3342">
    <p class='ocr_par' dir='ltr' id='par_1_97' title="bbox 2042 3270 3639 3342">
     <span class='ocr_line' id='line_1_98' title="bbox 2042 3270 3639 3342; baseline -0.002 -14"><span class='ocrx_word' id='word_1_758' title='bbox 2042 3271 2330 3340; x_wconf 81' lang='lat' dir='ltr'><strong>funiculus,</strong></span> <span class='ocrx_word' id='word_1_759' title='bbox 2359 3272 2531 3329; x_wconf 90' lang='lat' dir='ltr'><strong>donec</strong></span> <span class='ocrx_word' id='word_1_760' title='bbox 2556 3271 2697 3329; x_wconf 90' lang='lat' dir='ltr'><strong>Deus</strong></span> <span class='ocrx_word' id='word_1_761' title='bbox 2726 3270 2843 3342; x_wconf 86' lang='lat' dir='ltr'><strong>ejus</strong></span> <span class='ocrx_word' id='word_1_762' title='bbox 2866 3270 3029 3327; x_wconf 88' lang='lat' dir='ltr'><strong>Israel</strong></span> <span class='ocrx_word' id='word_1_763' title='bbox 3060 3270 3326 3326; x_wconf 67' lang='lat' dir='ltr'><strong>universa:</strong></span> <span class='ocrx_word' id='word_1_764' title='bbox 3357 3277 3520 3326; x_wconf 76' lang='lat' dir='ltr'><strong>terra:</strong></span> <span class='ocrx_word' id='word_1_765' title='bbox 3542 3284 3639 3326; x_wconf 88' lang='lat' dir='ltr'><strong>vo-</strong></span> 
     </span>
    </p>
   </div>
   <div class='ocr_carea' id='block_1_98' title="bbox 2041 3363 3638 3439">
    <p class='ocr_par' dir='ltr' id='par_1_98' title="bbox 2041 3363 3638 3439">
     <span class='ocr_line' id='line_1_99' title="bbox 2041 3363 3638 3439; baseline -0.001 -18"><span class='ocrx_word' id='word_1_766' title='bbox 2041 3376 2214 3422; x_wconf 87' lang='lat' dir='ltr'><strong>cetur.</strong></span> <span class='ocrx_word' id='word_1_767' title='bbox 2246 3365 2320 3421; x_wconf 90' lang='lat' dir='ltr'><strong>De</strong></span> <span class='ocrx_word' id='word_1_768' title='bbox 2346 3365 2433 3421; x_wconf 90' lang='lat' dir='ltr'><strong>illa</strong></span> <span class='ocrx_word' id='word_1_769' title='bbox 2458 3365 2655 3438; x_wconf 90' lang='lat' dir='ltr'><strong>quippe</strong></span> <span class='ocrx_word' id='word_1_770' title='bbox 2687 3374 2744 3424; x_wconf 90' lang='lat' dir='ltr'><strong>et</strong></span> <span class='ocrx_word' id='word_1_771' title='bbox 2771 3366 2821 3422; x_wconf 91' lang='lat' dir='ltr'><strong>ei</strong></span> <span class='ocrx_word' id='word_1_772' title='bbox 2850 3363 3048 3421; x_wconf 89' lang='lat' dir='ltr'><strong>dicitur</strong></span> <span class='ocrx_word' id='word_1_773' title='bbox 3071 3364 3179 3419; x_wconf 88' lang='lat' dir='ltr'><strong>alio</strong></span> <span class='ocrx_word' id='word_1_774' title='bbox 3204 3364 3325 3419; x_wconf 92' lang='lat' dir='ltr'><strong>loco</strong></span> <span class='ocrx_word' id='word_1_775' title='bbox 3352 3378 3449 3435; x_wconf 91' lang='lat' dir='ltr'><strong>per</strong></span> <span class='ocrx_word' id='word_1_776' title='bbox 3485 3378 3638 3439; x_wconf 85' lang='lat' dir='ltr'><strong>eum-</strong></span> 
     </span>
    </p>
   </div>
   <div class='ocr_carea' id='block_1_99' title="bbox 2041 3455 3636 3533">
    <p class='ocr_par' dir='ltr' id='par_1_99' title="bbox 2041 3455 3636 3533">
     <span class='ocr_line' id='line_1_100' title="bbox 2041 3455 3636 3533; baseline -0.001 -19"><span class='ocrx_word' id='word_1_777' title='bbox 2041 3457 2163 3514; x_wconf 92' lang='lat' dir='ltr'><strong>dem</strong></span> <span class='ocrx_word' id='word_1_778' title='bbox 2192 3457 2506 3529; x_wconf 84' lang='lat' dir='ltr'><strong>prOphctam</strong></span> <span class='ocrx_word' id='word_1_779' title='bbox 2534 3476 2548 3514; x_wconf 91' lang='lat'><strong>:</strong></span> <span class='ocrx_word' id='word_1_780' title='bbox 2582 3456 2802 3530; x_wconf 86' lang='lat' dir='ltr'><strong>Propter</strong></span> <span class='ocrx_word' id='word_1_781' title='bbox 2829 3457 2959 3516; x_wconf 88' lang='lat' dir='ltr'><strong>Sion</strong></span> <span class='ocrx_word' id='word_1_782' title='bbox 2984 3473 3086 3512; x_wconf 88' lang='lat' dir='ltr'><strong>non</strong></span> <span class='ocrx_word' id='word_1_783' title='bbox 3126 3455 3319 3524; x_wconf 89' lang='lat' dir='ltr'><strong>tacebo,</strong></span> <span class='ocrx_word' id='word_1_784' title='bbox 3347 3465 3398 3511; x_wconf 89' lang='lat' dir='ltr'><strong>et</strong></span> <span class='ocrx_word' id='word_1_785' title='bbox 3428 3464 3636 3533; x_wconf 86' lang='lat' dir='ltr'><strong>propter</strong></span> 
     </span>
    </p>
   </div>
   <div class='ocr_carea' id='block_1_100' title="bbox 2039 3546 3636 3623">
    <p class='ocr_par' dir='ltr' id='par_1_100' title="bbox 2039 3546 3636 3623">
     <span class='ocr_line' id='line_1_101' title="bbox 2039 3546 3636 3623; baseline -0.001 -19"><span class='ocrx_word' id='word_1_786' title='bbox 2039 3546 2325 3607; x_wconf 79' lang='lat' dir='ltr'><strong>Jerusalem</strong></span> <span class='ocrx_word' id='word_1_787' title='bbox 2352 3568 2454 3607; x_wconf 88' lang='lat' dir='ltr'><strong>non</strong></span> <span class='ocrx_word' id='word_1_788' title='bbox 2476 3552 2749 3623; x_wconf 85' lang='lat' dir='ltr'><strong>quiescam,</strong></span> <span class='ocrx_word' id='word_1_789' title='bbox 2777 3550 2938 3605; x_wconf 85' lang='lat' dir='ltr'><strong>donec</strong></span> <span class='ocrx_word' id='word_1_790' title='bbox 2965 3549 3173 3620; x_wconf 88' lang='lat' dir='ltr'><strong>prodeat</strong></span> <span class='ocrx_word' id='word_1_791' title='bbox 3207 3550 3337 3622; x_wconf 70' lang='lat' dir='ltr'><strong>sicut</strong></span> <span class='ocrx_word' id='word_1_792' title='bbox 3367 3547 3462 3603; x_wconf 69' lang='lat' dir='ltr'><strong>luat</strong></span> <span class='ocrx_word' id='word_1_793' title='bbox 3480 3550 3636 3623; x_wconf 81' lang='lat' dir='ltr'><strong>justi-</strong></span> 
     </span>
    </p>
   </div>
   <div class='ocr_carea' id='block_1_101' title="bbox 2041 3620 3633 3715">
    <p class='ocr_par' dir='ltr' id='par_1_101' title="bbox 2041 3620 3633 3715">
     <span class='ocr_line' id='line_1_102' title="bbox 2041 3620 3633 3715; baseline -0.001 -18"><span class='ocrx_word' id='word_1_794' title='bbox 2041 3643 2113 3698; x_wconf 87' lang='lat' dir='ltr'><strong>tia</strong></span> <span class='ocrx_word' id='word_1_795' title='bbox 2137 3659 2280 3711; x_wconf 84' lang='lat' dir='ltr'><strong>mea;</strong></span> <span class='ocrx_word' id='word_1_796' title='bbox 2305 3620 2520 3699; x_wconf 81' lang='lat' dir='ltr'><strong>saluatio</strong></span> <span class='ocrx_word' id='word_1_797' title='bbox 2547 3652 2717 3698; x_wconf 87' lang='lat' dir='ltr'><strong>autem</strong></span> <span class='ocrx_word' id='word_1_798' title='bbox 2739 3658 2852 3697; x_wconf 89' lang='lat' dir='ltr'><strong>mea</strong></span> <span class='ocrx_word' id='word_1_799' title='bbox 2876 3643 3008 3697; x_wconf 88' lang='lat' dir='ltr'><strong>sicut</strong></span> <span class='ocrx_word' id='word_1_800' title='bbox 3033 3640 3205 3715; x_wconf 77' lang='lat' dir='ltr'><strong>facula</strong></span> <span class='ocrx_word' id='word_1_801' title='bbox 3230 3620 3446 3708; x_wconf 86' lang='lat' dir='ltr'><strong>ardebit,</strong></span> <span class='ocrx_word' id='word_1_802' title='bbox 3483 3620 3533 3696; x_wconf 79' lang='lat' dir='ltr'><strong>et</strong></span> <span class='ocrx_word' id='word_1_803' title='bbox 3554 3620 3633 3696; x_wconf 82' lang='lat' dir='ltr'><strong>vi-</strong></span> 
     </span>
    </p>
   </div>
   <div class='ocr_carea' id='block_1_102' title="bbox 2041 3735 3633 3809">
    <p class='ocr_par' dir='ltr' id='par_1_102' title="bbox 2041 3735 3633 3809">
     <span class='ocr_line' id='line_1_103' title="bbox 2041 3735 3633 3809; baseline 0.001 -19"><span class='ocrx_word' id='word_1_804' title='bbox 2041 3735 2229 3792; x_wconf 88' lang='lat' dir='ltr'><strong>debunt</strong></span> <span class='ocrx_word' id='word_1_805' title='bbox 2257 3752 2430 3791; x_wconf 89' lang='lat' dir='ltr'><strong>omnes</strong></span> <span class='ocrx_word' id='word_1_806' title='bbox 2457 3744 2627 3809; x_wconf 87' lang='lat' dir='ltr'><strong>gentes</strong></span> <span class='ocrx_word' id='word_1_807' title='bbox 2657 3735 2915 3809; x_wconf 87' lang='lat' dir='ltr'><strong>justitiam</strong></span> <span class='ocrx_word' id='word_1_808' title='bbox 2945 3744 3083 3790; x_wconf 89' lang='lat' dir='ltr'><strong>tuam</strong></span> <span class='ocrx_word' id='word_1_809' title='bbox 3103 3776 3118 3803; x_wconf 93' lang='lat'><strong>,</strong></span> <span class='ocrx_word' id='word_1_810' title='bbox 3149 3742 3195 3790; x_wconf 87' lang='lat' dir='ltr'><strong>et</strong></span> <span class='ocrx_word' id='word_1_811' title='bbox 3220 3750 3362 3808; x_wconf 84' lang='lat' dir='ltr'><strong>reges</strong></span> <span class='ocrx_word' id='word_1_812' title='bbox 3391 3736 3633 3791; x_wconf 76' lang='lat' dir='ltr'><strong>honorem</strong></span> 
     </span>
    </p>
   </div>
   <div class='ocr_carea' id='block_1_103' title="bbox 2043 3823 3631 3897">
    <p class='ocr_par' dir='ltr' id='par_1_103' title="bbox 2043 3823 3631 3897">
     <span class='ocr_line' id='line_1_104' title="bbox 2043 3823 3631 3897; baseline -0.001 -15"><span class='ocrx_word' id='word_1_813' title='bbox 2043 3836 2185 3882; x_wconf 91' lang='lat' dir='ltr'><strong>tuum</strong></span> <span class='ocrx_word' id='word_1_814' title='bbox 2214 3844 2234 3883; x_wconf 90' lang='lat'><strong><em>:</em></strong></span> <span class='ocrx_word' id='word_1_815' title='bbox 2273 3837 2321 3883; x_wconf 90' lang='lat' dir='ltr'><strong>et</strong></span> <span class='ocrx_word' id='word_1_816' title='bbox 2359 3827 2553 3883; x_wconf 87' lang='lat' dir='ltr'><strong>vocabit</strong></span> <span class='ocrx_word' id='word_1_817' title='bbox 2593 3837 2641 3883; x_wconf 88' lang='lat' dir='ltr'><strong>te</strong></span> <span class='ocrx_word' id='word_1_818' title='bbox 2664 3827 2868 3883; x_wconf 89' lang='lat' dir='ltr'><strong>nomine</strong></span> <span class='ocrx_word' id='word_1_819' title='bbox 2892 3836 2982 3882; x_wconf 91' lang='lat' dir='ltr'><strong>tuo</strong></span> <span class='ocrx_word' id='word_1_820' title='bbox 3018 3842 3180 3894; x_wconf 90' lang='lat' dir='ltr'><strong>novo,</strong></span> <span class='ocrx_word' id='word_1_821' title='bbox 3208 3824 3348 3897; x_wconf 88' lang='lat' dir='ltr'><strong>quod</strong></span> <span class='ocrx_word' id='word_1_822' title='bbox 3384 3823 3631 3881; x_wconf 85' lang='lat' dir='ltr'><strong>Dominus</strong></span> 
     </span>
    </p>
   </div>
   <div class='ocr_carea' id='block_1_104' title="bbox 2041 3917 3629 3989">
    <p class='ocr_par' dir='ltr' id='par_1_104' title="bbox 2041 3917 3629 3989">
     <span class='ocr_line' id='line_1_105' title="bbox 2041 3917 3629 3989; baseline -0.003 -13"><span class='ocrx_word' id='word_1_823' title='bbox 2041 3921 2233 3976; x_wconf 89' lang='lat' dir='ltr'><strong>vocavit</strong></span> <span class='ocrx_word' id='word_1_824' title='bbox 2260 3919 2424 3987; x_wconf 88' lang='lat' dir='ltr'><strong>illud;</strong></span> <span class='ocrx_word' id='word_1_825' title='bbox 2454 3928 2499 3976; x_wconf 91' lang='lat' dir='ltr'><strong>et</strong></span> <span class='ocrx_word' id='word_1_826' title='bbox 2528 3920 2626 3974; x_wconf 90' lang='lat' dir='ltr'><strong>eris</strong></span> <span class='ocrx_word' id='word_1_827' title='bbox 2651 3935 2839 3974; x_wconf 88' lang='lat' dir='ltr'><strong>corona</strong></span> <span class='ocrx_word' id='word_1_828' title='bbox 2865 3917 3259 3983; x_wconf 85' lang='lat' dir='ltr'><strong>pulchritudinis</strong></span> <span class='ocrx_word' id='word_1_829' title='bbox 3287 3919 3342 3971; x_wconf 90' lang='lat' dir='ltr'><strong>in</strong></span> <span class='ocrx_word' id='word_1_830' title='bbox 3362 3927 3629 3989; x_wconf 85' lang='lat' dir='ltr'><strong>conspectu</strong></span> 
     </span>
    </p>
   </div>
   <div class='ocr_carea' id='block_1_105' title="bbox 2040 4008 3630 4085">
    <p class='ocr_par' dir='ltr' id='par_1_105' title="bbox 2040 4008 3630 4085">
     <span class='ocr_line' id='line_1_106' title="bbox 2040 4008 3630 4085; baseline -0.002 -17"><span class='ocrx_word' id='word_1_831' title='bbox 2040 4012 2271 4078; x_wconf 86' lang='lat' dir='ltr'><strong>Domini,</strong></span> <span class='ocrx_word' id='word_1_832' title='bbox 2300 4019 2346 4067; x_wconf 88' lang='lat' dir='ltr'><strong>et</strong></span> <span class='ocrx_word' id='word_1_833' title='bbox 2374 4010 2609 4066; x_wconf 88' lang='lat' dir='ltr'><strong>diadema</strong></span> <span class='ocrx_word' id='word_1_834' title='bbox 2637 4011 2779 4085; x_wconf 87' lang='lat' dir='ltr'><strong>regni</strong></span> <span class='ocrx_word' id='word_1_835' title='bbox 2816 4011 2870 4065; x_wconf 90' lang='lat' dir='ltr'><strong>in</strong></span> <span class='ocrx_word' id='word_1_836' title='bbox 2893 4026 3048 4065; x_wconf 87' lang='lat' dir='ltr'><strong>manu</strong></span> <span class='ocrx_word' id='word_1_837' title='bbox 3067 4008 3163 4065; x_wconf 90' lang='lat' dir='ltr'><strong>Dei</strong></span> <span class='ocrx_word' id='word_1_838' title='bbox 3188 4010 3301 4076; x_wconf 88' lang='lat' dir='ltr'><strong>tui;</strong></span> <span class='ocrx_word' id='word_1_839' title='bbox 3326 4018 3375 4065; x_wconf 89' lang='lat' dir='ltr'><strong>et</strong></span> <span class='ocrx_word' id='word_1_840' title='bbox 3391 4010 3508 4081; x_wconf 87' lang='lat' dir='ltr'><strong>jam</strong></span> <span class='ocrx_word' id='word_1_841' title='bbox 3531 4026 3630 4065; x_wconf 87' lang='lat' dir='ltr'><strong>non</strong></span> 
     </span>
    </p>
   </div>
   <div class='ocr_carea' id='block_1_106' title="bbox 2040 4102 3624 4170">
    <p class='ocr_par' dir='ltr' id='par_1_106' title="bbox 2040 4102 3624 4170">
     <span class='ocr_line' id='line_1_107' title="bbox 2040 4102 3624 4170; baseline -0.003 -9"><span class='ocrx_word' id='word_1_842' title='bbox 2040 4104 2297 4161; x_wconf 79' lang='lat' dir='ltr'><strong>vocaberis</strong></span> <span class='ocrx_word' id='word_1_843' title='bbox 2325 4104 2596 4170; x_wconf 88' lang='lat' dir='ltr'><strong>derelicta,</strong></span> <span class='ocrx_word' id='word_1_844' title='bbox 2625 4113 2672 4159; x_wconf 91' lang='lat' dir='ltr'><strong>et</strong></span> <span class='ocrx_word' id='word_1_845' title='bbox 2699 4112 2835 4158; x_wconf 90' lang='lat' dir='ltr'><strong>terra</strong></span> <span class='ocrx_word' id='word_1_846' title='bbox 2875 4112 2963 4157; x_wconf 89' lang='lat' dir='ltr'><strong>tua</strong></span> <span class='ocrx_word' id='word_1_847' title='bbox 2991 4117 3091 4158; x_wconf 89' lang='lat' dir='ltr'><strong>non</strong></span> <span class='ocrx_word' id='word_1_848' title='bbox 3120 4102 3382 4157; x_wconf 85' lang='lat' dir='ltr'><strong>vocabitur</strong></span> <span class='ocrx_word' id='word_1_849' title='bbox 3411 4102 3624 4158; x_wconf 86' lang='lat' dir='ltr'><strong>deserta.</strong></span> 
     </span>
    </p>
   </div>
   <div class='ocr_carea' id='block_1_107' title="bbox 2042 4194 3627 4262">
    <p class='ocr_par' dir='ltr' id='par_1_107' title="bbox 2042 4194 3627 4262">
     <span class='ocr_line' id='line_1_108' title="bbox 2042 4194 3627 4262; baseline -0.001 -10"><span class='ocrx_word' id='word_1_850' title='bbox 2042 4196 2124 4252; x_wconf 85' lang='lat' dir='ltr'><strong>Tu</strong></span> <span class='ocrx_word' id='word_1_851' title='bbox 2148 4196 2281 4251; x_wconf 88' lang='lat' dir='ltr'><strong>enim</strong></span> <span class='ocrx_word' id='word_1_852' title='bbox 2310 4195 2564 4251; x_wconf 87' lang='lat' dir='ltr'><strong>vocaberis</strong></span> <span class='ocrx_word' id='word_1_853' title='bbox 2589 4196 2821 4251; x_wconf 90' lang='lat' dir='ltr'><strong>voluntas</strong></span> <span class='ocrx_word' id='word_1_854' title='bbox 2844 4210 2985 4262; x_wconf 90' lang='lat' dir='ltr'><strong>mea,</strong></span> <span class='ocrx_word' id='word_1_855' title='bbox 3024 4203 3071 4250; x_wconf 91' lang='lat' dir='ltr'><strong>et</strong></span> <span class='ocrx_word' id='word_1_856' title='bbox 3096 4205 3230 4249; x_wconf 89' lang='lat' dir='ltr'><strong>terra</strong></span> <span class='ocrx_word' id='word_1_857' title='bbox 3255 4203 3342 4249; x_wconf 88' lang='lat' dir='ltr'><strong>tua</strong></span> <span class='ocrx_word' id='word_1_858' title='bbox 3369 4194 3503 4251; x_wconf 85' lang='lat' dir='ltr'><strong>orbis</strong></span> <span class='ocrx_word' id='word_1_859' title='bbox 3527 4205 3627 4251; x_wconf 90' lang='lat' dir='ltr'><strong>ter-</strong></span> 
     </span>
    </p>
   </div>
   <div class='ocr_carea' id='block_1_108' title="bbox 2040 4285 3627 4360">
    <p class='ocr_par' dir='ltr' id='par_1_108' title="bbox 2040 4285 3627 4360">
     <span class='ocr_line' id='line_1_109' title="bbox 2040 4285 3627 4360; baseline -0.001 -15"><span class='ocrx_word' id='word_1_860' title='bbox 2040 4305 2217 4345; x_wconf 89' lang='lat' dir='ltr'><strong>rarum</strong></span> <span class='ocrx_word' id='word_1_861' title='bbox 2259 4285 2368 4360; x_wconf 85' lang='lat' dir='ltr'><strong>(Id.</strong></span> <span class='ocrx_word' id='word_1_862' title='bbox 2410 4301 2547 4354; x_wconf 77' lang='lat' dir='ltr'><strong>an,</strong></span> <span class='ocrx_word' id='word_1_863' title='bbox 2581 4287 2720 4359; x_wconf 75' lang='grc'><strong>1-4).</strong></span> <span class='ocrx_word' id='word_1_864' title='bbox 2766 4286 2904 4354; x_wconf 91' lang='lat' dir='ltr'><strong>Quid</strong></span> <span class='ocrx_word' id='word_1_865' title='bbox 2941 4285 3046 4342; x_wconf 90' lang='lat' dir='ltr'><strong>dici</strong></span> <span class='ocrx_word' id='word_1_866' title='bbox 3085 4285 3424 4342; x_wconf 79' lang='lat' dir='ltr'><strong>manifestius</strong></span> <span class='ocrx_word' id='word_1_867' title='bbox 3460 4286 3627 4343; x_wconf 87' lang='lat' dir='ltr'><strong>adhuc</strong></span> 
     </span>
    </p>
   </div>
   <div class='ocr_carea' id='block_1_109' title="bbox 2042 4379 3623 4455">
    <p class='ocr_par' dir='ltr' id='par_1_109' title="bbox 2042 4379 3623 4455">
     <span class='ocr_line' id='line_1_110' title="bbox 2042 4379 3623 4455; baseline -0.001 -15"><span class='ocrx_word' id='word_1_868' title='bbox 2042 4381 2359 4455; x_wconf 79' lang='lat' dir='ltr'><strong>exigendum</strong></span> <span class='ocrx_word' id='word_1_869' title='bbox 2385 4380 2506 4438; x_wconf 86' lang='lat' dir='ltr'><strong>est?</strong></span> <span class='ocrx_word' id='word_1_870' title='bbox 2542 4380 2682 4437; x_wconf 90' lang='lat' dir='ltr'><strong>Ecce</strong></span> <span class='ocrx_word' id='word_1_871' title='bbox 2718 4395 2785 4436; x_wconf 83' lang='lat' dir='ltr'><strong>ex</strong></span> <span class='ocrx_word' id='word_1_872' title='bbox 2809 4395 2921 4436; x_wconf 92' lang='lat' dir='ltr'><strong>uno</strong></span> <span class='ocrx_word' id='word_1_873' title='bbox 2947 4379 3204 4451; x_wconf 90' lang='lat' dir='ltr'><strong>propheta</strong></span> <span class='ocrx_word' id='word_1_874' title='bbox 3230 4395 3392 4452; x_wconf 91' lang='lat' dir='ltr'><strong>quam</strong></span> <span class='ocrx_word' id='word_1_875' title='bbox 3424 4382 3588 4438; x_wconf 85' lang='lat' dir='ltr'><strong>multa</strong></span> <span class='ocrx_word' id='word_1_876' title='bbox 3606 4424 3623 4453; x_wconf 93' lang='lat'><strong>,</strong></span> 
     </span>
    </p>
   </div>
   <div class='ocr_carea' id='block_1_110' title="bbox 2043 4473 3623 4548">
    <p class='ocr_par' dir='ltr' id='par_1_110' title="bbox 2043 4473 3623 4548">
     <span class='ocr_line' id='line_1_111' title="bbox 2043 4473 3623 4548; baseline 0.001 -18"><span class='ocrx_word' id='word_1_877' title='bbox 2043 4490 2203 4548; x_wconf 89' lang='lat' dir='ltr'><strong>quam</strong></span> <span class='ocrx_word' id='word_1_878' title='bbox 2230 4474 2407 4531; x_wconf 87' lang='lat' dir='ltr'><strong>clara!</strong></span> <span class='ocrx_word' id='word_1_879' title='bbox 2437 4481 2492 4531; x_wconf 91' lang='lat' dir='ltr'><strong>et</strong></span> <span class='ocrx_word' id='word_1_880' title='bbox 2517 4481 2694 4529; x_wconf 88' lang='lat' dir='ltr'><strong>tamen</strong></span> <span class='ocrx_word' id='word_1_881' title='bbox 2723 4473 2993 4529; x_wconf 87' lang='lat' dir='ltr'><strong>resistitur</strong></span> <span class='ocrx_word' id='word_1_882' title='bbox 3011 4482 3067 4529; x_wconf 90' lang='lat' dir='ltr'><strong>et</strong></span> <span class='ocrx_word' id='word_1_883' title='bbox 3089 4473 3493 4542; x_wconf 90' lang='lat' dir='ltr'><strong>contradicitur,</strong></span> <span class='ocrx_word' id='word_1_884' title='bbox 3520 4490 3623 4531; x_wconf 92' lang='lat' dir='ltr'><strong>non</strong></span> 
     </span>
    </p>
   </div>
   <div class='ocr_carea' id='block_1_111' title="bbox 2042 4565 3624 4637">
    <p class='ocr_par' dir='ltr' id='par_1_111' title="bbox 2042 4565 3624 4637">
     <span class='ocr_line' id='line_1_112' title="bbox 2042 4565 3624 4637; baseline 0.001 -13"><span class='ocrx_word' id='word_1_885' title='bbox 2042 4568 2288 4637; x_wconf 88' lang='lat' dir='ltr'><strong>cuiquam</strong></span> <span class='ocrx_word' id='word_1_886' title='bbox 2320 4565 2557 4633; x_wconf 88' lang='lat' dir='ltr'><strong>homini,</strong></span> <span class='ocrx_word' id='word_1_887' title='bbox 2588 4566 2680 4622; x_wconf 90' lang='lat' dir='ltr'><strong>sed</strong></span> <span class='ocrx_word' id='word_1_888' title='bbox 2715 4565 2933 4636; x_wconf 89' lang='lat' dir='ltr'><strong>Spiritui</strong></span> <span class='ocrx_word' id='word_1_889' title='bbox 2966 4566 3089 4632; x_wconf 87' lang='lat' dir='ltr'><strong>Dei,</strong></span> <span class='ocrx_word' id='word_1_890' title='bbox 3131 4576 3183 4623; x_wconf 87' lang='lat' dir='ltr'><strong>et</strong></span> <span class='ocrx_word' id='word_1_891' title='bbox 3213 4566 3624 4625; x_wconf 73' lang='lat' dir='ltr'><strong>evidentissimte</strong></span> 
     </span>
    </p>
   </div>
   <div class='ocr_carea' id='block_1_112' title="bbox 2042 4659 3697 4735">
    <p class='ocr_par' dir='ltr' id='par_1_112' title="bbox 2042 4659 3697 4735">
     <span class='ocr_line' id='line_1_113' title="bbox 2042 4659 3697 4735; baseline -0.002 -20"><span class='ocrx_word' id='word_1_892' title='bbox 2042 4660 2275 4717; x_wconf 89' lang='lat' dir='ltr'><strong>veritati.</strong></span> <span class='ocrx_word' id='word_1_893' title='bbox 2308 4660 2377 4715; x_wconf 85' lang='lat' dir='ltr'><strong>Et</strong></span> <span class='ocrx_word' id='word_1_894' title='bbox 2401 4668 2579 4716; x_wconf 91' lang='lat' dir='ltr'><strong>tamen</strong></span> <span class='ocrx_word' id='word_1_895' title='bbox 2604 4660 2672 4715; x_wconf 87' lang='lat' dir='ltr'><strong>ab</strong></span> <span class='ocrx_word' id='word_1_896' title='bbox 2709 4659 2790 4715; x_wconf 91' lang='lat' dir='ltr'><strong>eis</strong></span> <span class='ocrx_word' id='word_1_897' title='bbox 2824 4659 2914 4731; x_wconf 86' lang='lat' dir='ltr'><strong>qui</strong></span> <span class='ocrx_word' id='word_1_898' title='bbox 2945 4659 3162 4718; x_wconf 92' lang='lat' dir='ltr'><strong>nomine</strong></span> <span class='ocrx_word' id='word_1_899' title='bbox 3190 4661 3484 4718; x_wconf 89' lang='lat' dir='ltr'><strong>christiano</strong></span> <span class='ocrx_word' id='word_1_900' title='bbox 3512 4663 3624 4735; x_wconf 81' lang='lat' dir='ltr'><strong>glo-</strong></span> <span class='ocrx_word' id='word_1_901' title='bbox 3685 4670 3697 4711; x_wconf 63' lang='grc' dir='ltr'><strong>ι</strong></span> 
     </span>
    </p>
   </div>
   <div class='ocr_carea' id='block_1_113' title="bbox 2043 4750 3688 4823">
    <p class='ocr_par' dir='ltr' id='par_1_113' title="bbox 2043 4750 3688 4823">
     <span class='ocr_line' id='line_1_114' title="bbox 2043 4750 3688 4823; baseline -0.001 -15"><span class='ocrx_word' id='word_1_902' title='bbox 2043 4752 2173 4809; x_wconf 86' lang='lat' dir='ltr'><strong>riari</strong></span> <span class='ocrx_word' id='word_1_903' title='bbox 2204 4751 2415 4819; x_wconf 78' lang='lat' dir='ltr'><strong>volunt,</strong></span> <span class='ocrx_word' id='word_1_904' title='bbox 2457 4751 2637 4823; x_wconf 78' lang='lat' dir='ltr'><strong>gloria:</strong></span> <span class='ocrx_word' id='word_1_905' title='bbox 2659 4750 2858 4807; x_wconf 89' lang='lat' dir='ltr'><strong>Christi</strong></span> <span class='ocrx_word' id='word_1_906' title='bbox 2889 4752 3055 4823; x_wconf 92' lang='lat' dir='ltr'><strong>ipsius</strong></span> <span class='ocrx_word' id='word_1_907' title='bbox 3082 4752 3374 4820; x_wconf 89' lang='lat' dir='ltr'><strong>invidetur,</strong></span> <span class='ocrx_word' id='word_1_908' title='bbox 3400 4768 3469 4809; x_wconf 90' lang='lat' dir='ltr'><strong>ne</strong></span> <span class='ocrx_word' id='word_1_909' title='bbox 3493 4754 3585 4808; x_wconf 91' lang='lat' dir='ltr'><strong>ista</strong></span> <span class='ocrx_word' id='word_1_910' title='bbox 3605 4793 3620 4819; x_wconf 92' lang='lat'><strong>,</strong></span> <span class='ocrx_word' id='word_1_911' title='bbox 3683 4762 3688 4767; x_wconf 84' lang='lat'>&#39;</span> 
     </span>
    </p>
   </div>
   <div class='ocr_carea' id='block_1_114' title="bbox 2044 4841 3624 4917">
    <p class='ocr_par' dir='ltr' id='par_1_114' title="bbox 2044 4841 3624 4917">
     <span class='ocr_line' id='line_1_115' title="bbox 2044 4841 3624 4917; baseline 0.001 -18"><span class='ocrx_word' id='word_1_912' title='bbox 2044 4860 2164 4917; x_wconf 71' lang='lat' dir='ltr'><strong>qua:</strong></span> <span class='ocrx_word' id='word_1_913' title='bbox 2199 4851 2349 4899; x_wconf 90' lang='lat' dir='ltr'><strong>tanto</strong></span> <span class='ocrx_word' id='word_1_914' title='bbox 2374 4850 2500 4897; x_wconf 87' lang='lat' dir='ltr'><strong>ante</strong></span> <span class='ocrx_word' id='word_1_915' title='bbox 2525 4841 2593 4898; x_wconf 90' lang='lat' dir='ltr'><strong>de</strong></span> <span class='ocrx_word' id='word_1_916' title='bbox 2631 4841 2721 4897; x_wconf 90' lang='lat' dir='ltr'><strong>illo</strong></span> <span class='ocrx_word' id='word_1_917' title='bbox 2746 4844 3101 4914; x_wconf 80' lang='lat' dir='ltr'><strong>praenuntiata</strong></span> <span class='ocrx_word' id='word_1_918' title='bbox 3142 4851 3302 4911; x_wconf 88' lang='lat' dir='ltr'><strong>sunt,</strong></span> <span class='ocrx_word' id='word_1_919' title='bbox 3346 4844 3624 4901; x_wconf 88' lang='lat' dir='ltr'><strong>credantur</strong></span> 
     </span>
    </p>
   </div>
   <div class='ocr_carea' id='block_1_115' title="bbox 2046 4934 3623 5007">
    <p class='ocr_par' dir='ltr' id='par_1_115' title="bbox 2046 4934 3623 5007">
     <span class='ocr_line' id='line_1_116' title="bbox 2046 4934 3623 5007; baseline 0.001 -15"><span class='ocrx_word' id='word_1_920' title='bbox 2046 4935 2279 5007; x_wconf 87' lang='lat' dir='ltr'><strong>impleri,</strong></span> <span class='ocrx_word' id='word_1_921' title='bbox 2304 4950 2426 4991; x_wconf 91' lang='lat' dir='ltr'><strong>cum</strong></span> <span class='ocrx_word' id='word_1_922' title='bbox 2450 4934 2562 5006; x_wconf 89' lang='lat' dir='ltr'><strong>jam</strong></span> <span class='ocrx_word' id='word_1_923' title='bbox 2586 4950 2695 4991; x_wconf 92' lang='lat' dir='ltr'><strong>non</strong></span> <span class='ocrx_word' id='word_1_924' title='bbox 2724 4936 3171 5007; x_wconf 71' lang='lat' dir='ltr'><strong>prtenuntiantur,</strong></span> <span class='ocrx_word' id='word_1_925' title='bbox 3205 4936 3301 4993; x_wconf 90' lang='lat' dir='ltr'><strong>sed</strong></span> <span class='ocrx_word' id='word_1_926' title='bbox 3335 4937 3623 4994; x_wconf 88' lang='lat' dir='ltr'><strong>ostendun-</strong></span> 
     </span>
    </p>
   </div>
   <div class='ocr_carea' id='block_1_116' title="bbox 2048 5026 3623 5095">
    <p class='ocr_par' dir='ltr' id='par_1_116' title="bbox 2048 5026 3623 5095">
     <span class='ocr_line' id='line_1_117' title="bbox 2048 5026 3623 5095; baseline 0.001 -10"><span class='ocrx_word' id='word_1_927' title='bbox 2048 5037 2153 5094; x_wconf 87' lang='lat' dir='ltr'><strong>tur,</strong></span> <span class='ocrx_word' id='word_1_928' title='bbox 2186 5027 2452 5095; x_wconf 83' lang='lat' dir='ltr'><strong>videntur,</strong></span> <span class='ocrx_word' id='word_1_929' title='bbox 2481 5034 2750 5084; x_wconf 90' lang='lat' dir='ltr'><strong>tenentur.</strong></span> <span class='ocrx_word' id='word_1_930' title='bbox 2778 5026 3029 5085; x_wconf 82' lang='lat' dir='ltr'><strong>Jamvero</strong></span> <span class='ocrx_word' id='word_1_931' title='bbox 3053 5029 3099 5084; x_wconf 89' lang='lat' dir='ltr'><strong>si</strong></span> <span class='ocrx_word' id='word_1_932' title='bbox 3126 5028 3196 5086; x_wconf 89' lang='lat' dir='ltr'><strong>de</strong></span> <span class='ocrx_word' id='word_1_933' title='bbox 3219 5029 3469 5084; x_wconf 86' lang='lat' dir='ltr'><strong>omnibus</strong></span> <span class='ocrx_word' id='word_1_934' title='bbox 3496 5030 3623 5086; x_wconf 90' lang='lat' dir='ltr'><strong>Pro-</strong></span> 
     </span>
    </p>
   </div>
   <div class='ocr_carea' id='block_1_117' title="bbox 2045 5119 3619 5193">
    <p class='ocr_par' dir='ltr' id='par_1_117' title="bbox 2045 5119 3619 5193">
     <span class='ocr_line' id='line_1_118' title="bbox 2045 5119 3619 5193; baseline 0.004 -20"><span class='ocrx_word' id='word_1_935' title='bbox 2045 5119 2223 5193; x_wconf 88' lang='lat' dir='ltr'><strong>phetis</strong></span> <span class='ocrx_word' id='word_1_936' title='bbox 2262 5119 2516 5177; x_wconf 64' lang='lat' dir='ltr'><strong>Ecclesia;</strong></span> <span class='ocrx_word' id='word_1_937' title='bbox 2564 5120 2940 5193; x_wconf 71' lang='lat' dir='ltr'><strong>prmsignatae,</strong></span> <span class='ocrx_word' id='word_1_938' title='bbox 2989 5137 3148 5193; x_wconf 91' lang='lat' dir='ltr'><strong>quam</strong></span> <span class='ocrx_word' id='word_1_939' title='bbox 3192 5121 3330 5177; x_wconf 89' lang='lat' dir='ltr'><strong>sicut</strong></span> <span class='ocrx_word' id='word_1_940' title='bbox 3373 5121 3619 5193; x_wconf 86' lang='lat' dir='ltr'><strong>legimus,</strong></span> 
     </span>
    </p>
   </div>
   <div class='ocr_carea' id='block_1_118' title="bbox 2047 5212 3621 5285">
    <p class='ocr_par' dir='ltr' id='par_1_118' title="bbox 2047 5212 3621 5285">
     <span class='ocr_line' id='line_1_119' title="bbox 2047 5212 3621 5285; baseline 0.001 -16"><span class='ocrx_word' id='word_1_941' title='bbox 2047 5213 2337 5280; x_wconf 90' lang='lat' dir='ltr'><strong>cernimus,</strong></span> <span class='ocrx_word' id='word_1_942' title='bbox 2365 5212 2667 5269; x_wconf 90' lang='lat' dir='ltr'><strong>testimonia</strong></span> <span class='ocrx_word' id='word_1_943' title='bbox 2696 5212 2950 5284; x_wconf 83' lang='lat' dir='ltr'><strong>colligere</strong></span> <span class='ocrx_word' id='word_1_944' title='bbox 2982 5212 3034 5268; x_wconf 89' lang='lat' dir='ltr'><strong>in</strong></span> <span class='ocrx_word' id='word_1_945' title='bbox 3061 5212 3202 5270; x_wconf 89' lang='lat' dir='ltr'><strong>hanc</strong></span> <span class='ocrx_word' id='word_1_946' title='bbox 3232 5228 3391 5269; x_wconf 88' lang='lat' dir='ltr'><strong>unam</strong></span> <span class='ocrx_word' id='word_1_947' title='bbox 3420 5214 3621 5285; x_wconf 87' lang='lat' dir='ltr'><strong>Episto-</strong></span> 
     </span>
    </p>
   </div>
   <div class='ocr_carea' id='block_1_119' title="bbox 2006 5304 3618 5379">
    <p class='ocr_par' dir='ltr' id='par_1_119' title="bbox 2006 5304 3618 5379">
     <span class='ocr_line' id='line_1_120' title="bbox 2006 5304 3618 5379; baseline 0.001 -18"><span class='ocrx_word' id='word_1_948' title='bbox 2006 5304 2017 5315; x_wconf 85' lang='lat'><strong>&#39;</strong></span> <span class='ocrx_word' id='word_1_949' title='bbox 2046 5305 2159 5361; x_wconf 88' lang='lat' dir='ltr'><strong>lam</strong></span> <span class='ocrx_word' id='word_1_950' title='bbox 2173 5304 2367 5373; x_wconf 88' lang='lat' dir='ltr'><strong>velim;</strong></span> <span class='ocrx_word' id='word_1_951' title='bbox 2393 5318 2580 5361; x_wconf 80' lang='lat' dir='ltr'><strong>vereor</strong></span> <span class='ocrx_word' id='word_1_952' title='bbox 2605 5320 2673 5361; x_wconf 91' lang='lat' dir='ltr'><strong>ne</strong></span> <span class='ocrx_word' id='word_1_953' title='bbox 2692 5304 2807 5377; x_wconf 89' lang='lat' dir='ltr'><strong>ipse</strong></span> <span class='ocrx_word' id='word_1_954' title='bbox 2831 5304 3016 5361; x_wconf 89' lang='lat' dir='ltr'><strong>videar</strong></span> <span class='ocrx_word' id='word_1_955' title='bbox 3036 5304 3280 5378; x_wconf 87' lang='lat' dir='ltr'><strong>judicare</strong></span> <span class='ocrx_word' id='word_1_956' title='bbox 3305 5320 3470 5379; x_wconf 85' lang='lat' dir='ltr'><strong>pauca</strong></span> <span class='ocrx_word' id='word_1_957' title='bbox 3490 5319 3618 5375; x_wconf 88' lang='lat' dir='ltr'><strong>esse,</strong></span> 
     </span>
    </p>
   </div>
   <div class='ocr_carea' id='block_1_120' title="bbox 2115 5482 3624 5549">
    <p class='ocr_par' dir='ltr' id='par_1_120' title="bbox 2115 5482 3624 5549">
     <span class='ocr_line' id='line_1_121' title="bbox 2115 5482 3624 5549; baseline -0.001 -12"><span class='ocrx_word' id='word_1_958' title='bbox 2115 5487 2133 5521; x_wconf 76' lang='grc' dir='ltr'><strong>ι</strong></span> <span class='ocrx_word' id='word_1_959' title='bbox 2166 5486 2493 5538; x_wconf 78' lang='lat' dir='ltr'><strong>Lovanienses</strong></span> <span class='ocrx_word' id='word_1_960' title='bbox 2529 5482 2952 5549; x_wconf 83' lang='lat' dir='ltr'><strong>adjecerunt_hic,</strong></span> <span class='ocrx_word' id='word_1_961' title='bbox 2982 5483 3132 5549; x_wconf 85' lang='lat' dir='ltr'><strong>pelles</strong></span> <span class='ocrx_word' id='word_1_962' title='bbox 3149 5519 3165 5546; x_wconf 94' lang='lat'><strong>,</strong></span> <span class='ocrx_word' id='word_1_963' title='bbox 3218 5485 3432 5549; x_wconf 74' lang='lat' dir='ltr'><strong>tametsi</strong></span> <span class='ocrx_word' id='word_1_964' title='bbox 3457 5495 3545 5535; x_wconf 87' lang='lat' dir='ltr'><strong>nec</strong></span> <span class='ocrx_word' id='word_1_965' title='bbox 3574 5484 3624 5535; x_wconf 88' lang='lat' dir='ltr'><strong>in</strong></span> 
     </span>
    </p>
   </div>
   <div class='ocr_carea' id='block_1_121' title="bbox 2048 5543 3624 5619">
    <p class='ocr_par' dir='ltr' id='par_1_121' title="bbox 2048 5543 3624 5619">
     <span class='ocr_line' id='line_1_122' title="bbox 2048 5543 3624 5619; baseline -0.003 -18"><span class='ocrx_word' id='word_1_966' title='bbox 2048 5549 2387 5619; x_wconf 74' lang='lat' dir='ltr'><strong>manuscriptis</strong></span> <span class='ocrx_word' id='word_1_967' title='bbox 2422 5543 2698 5619; x_wconf 73' lang='lat' dir='ltr'><strong>reperiatur</strong></span> <span class='ocrx_word' id='word_1_968' title='bbox 2715 5560 2737 5619; x_wconf 53' lang='grc' dir='ltr'><strong>ε,</strong></span> <span class='ocrx_word' id='word_1_969' title='bbox 2755 5552 2808 5596; x_wconf 92' lang='lat' dir='ltr'><strong>et</strong></span> <span class='ocrx_word' id='word_1_970' title='bbox 2829 5543 2952 5607; x_wconf 79' lang='lat' dir='ltr'><strong>loco,</strong></span> <span class='ocrx_word' id='word_1_971' title='bbox 2976 5543 3202 5619; x_wconf 58' lang='lat' dir='ltr'><strong>culorum</strong></span> <span class='ocrx_word' id='word_1_972' title='bbox 3215 5560 3245 5619; x_wconf 65' lang='grc' dir='ltr'><strong>;Δ</strong></span> <span class='ocrx_word' id='word_1_973' title='bbox 3256 5543 3514 5619; x_wconf 73' lang='lat' dir='ltr'><strong>legendum</strong></span> <span class='ocrx_word' id='word_1_974' title='bbox 3534 5559 3624 5619; x_wconf 55' lang='lat' dir='ltr'><strong>pu-</strong></span> 
     </span>
    </p>
   </div>
   <div class='ocr_carea' id='block_1_122' title="bbox 2048 5605 3619 5740">
    <p class='ocr_par' dir='ltr' id='par_1_122' title="bbox 2048 5605 3619 5740">
     <span class='ocr_line' id='line_1_123' title="bbox 2048 5605 3619 5675; baseline 0.001 -12"><span class='ocrx_word' id='word_1_975' title='bbox 2048 5621 2173 5672; x_wconf 86' lang='lat' dir='ltr'><strong>tant,</strong></span> <span class='ocrx_word' id='word_1_976' title='bbox 2198 5605 2621 5670; x_wconf 53' lang='lat' dir='ltr'><strong>mtlmarumfvel,</strong></span> <span class='ocrx_word' id='word_1_977' title='bbox 2652 5605 2947 5660; x_wconf 70' lang='lat' dir='ltr'><strong>aulicorum.</strong></span> <span class='ocrx_word' id='word_1_978' title='bbox 2975 5616 3140 5663; x_wconf 61' lang='lat' dir='ltr'><strong>Grece</strong></span> <span class='ocrx_word' id='word_1_979' title='bbox 3174 5605 3269 5675; x_wconf 69' lang='grc' dir='ltr'><strong>θέε,</strong></span> <span class='ocrx_word' id='word_1_980' title='bbox 3308 5605 3391 5663; x_wconf 78' lang='grc' dir='ltr'><strong>ῖὸη</strong></span> <span class='ocrx_word' id='word_1_981' title='bbox 3424 5605 3619 5665; x_wconf 59' lang='lat' dir='ltr'><strong>allidit)&quot;.</strong></span> 
     </span>
     <span class='ocr_line' id='line_1_124' title="bbox 2051 5671 3029 5740; baseline -0.002 -13"><span class='ocrx_word' id='word_1_982' title='bbox 2051 5676 2170 5727; x_wconf 72' lang='lat' dir='ltr'><strong>vide</strong></span> <span class='ocrx_word' id='word_1_983' title='bbox 2193 5674 2276 5725; x_wconf 90' lang='lat' dir='ltr'><strong>lib.</strong></span> <span class='ocrx_word' id='word_1_984' title='bbox 2303 5672 2362 5722; x_wconf 85' lang='grc'><strong>18</strong></span> <span class='ocrx_word' id='word_1_985' title='bbox 2385 5672 2451 5723; x_wconf 90' lang='lat' dir='ltr'><strong>de</strong></span> <span class='ocrx_word' id='word_1_986' title='bbox 2471 5672 2670 5722; x_wconf 84' lang='lat' dir='ltr'><strong>civitate</strong></span> <span class='ocrx_word' id='word_1_987' title='bbox 2693 5671 2794 5736; x_wconf 89' lang='lat' dir='ltr'><strong>Dei,</strong></span> <span class='ocrx_word' id='word_1_988' title='bbox 2822 5685 2928 5740; x_wconf 73' lang='lat' dir='ltr'><strong>mp.</strong></span> <span class='ocrx_word' id='word_1_989' title='bbox 2949 5671 3029 5725; x_wconf 77' lang='lat'><strong>29.</strong></span> 
     </span>
    </p>
   </div>
   <div class='ocr_carea' id='block_1_123' title="bbox 3624 5768 3639 5799">
    <p class='ocr_par' dir='ltr' id='par_1_123' title="bbox 3624 5768 3639 5799">
     <span class='ocr_line' id='line_1_125' title="bbox 3624 5768 3639 5799; baseline 0 0"><span class='ocrx_word' id='word_1_990' title='bbox 3624 5768 3639 5799; x_wconf 76' lang='grc' dir='ltr'><strong>ι</strong></span> 
     </span>
    </p>
   </div>
  </div>
