3792 6136
69 257 165 315 405

72 385 182 444 quae
207 377 317 426 tam
349 366 517 424 multa
547 371 690 434 sunt,
729 370 787 420 ut
825 377 892 420 ex
937 365 1038 420 isto
1069 364 1186 420 solo
1229 363 1360 419 Isaia
1390 366 1434 419 si
1463 365 1648 420 omnia

71 475 397 534 congregare
433 459 664 528 vellem,
712 455 930 512 modum
977 453 1142 512 debiti
1191 456 1453 512 sermonis
1492 472 1655 512 exce-

71 539 276 608 derem.

133 644 364 702 CAPUT
389 642 524 700 VIII.
552 673 624 684 —
649 641 742 698 20.
782 640 900 697 Jam
940 653 1068 712 ergo
1111 652 1276 710 pauca
1318 636 1385 693 de
1426 637 1655 693 Psalmis

70 735 344 792 audiamus
371 777 388 801 ,
415 742 562 790 tanto
586 741 710 789 ante
737 739 946 788 cantata
967 772 984 800 ,
1027 737 1082 785 et
1107 743 1246 784 nunc
1265 727 1375 800 jam
1397 728 1655 798 compleri

71 845 180 885 cum
225 841 426 900 magno
469 825 660 898 gaudio
687 825 984 880 videamus.
1028 823 1094 878 Et
1140 822 1288 892 prius
1319 821 1447 876 illud
1478 821 1654 891 ipsum

71 921 198 992 quod
246 919 544 976 Petilianus
587 919 641 973 in
691 915 928 988 Epistola
972 929 1066 994 sua
1091 929 1196 986 quo
1225 929 1318 970 ore
1360 914 1652 992 posuerit‘

73 1014 242 1068 nescio
276 1054 292 1080 ,
363 1011 583 1066 audiant
610 1017 665 1066 et
697 1008 959 1081 judicent.
1001 1007 1251 1061 Dominus
1276 1005 1404 1060 dixit
1439 1006 1508 1060 ad
1534 1022 1613 1060 me
1635 1021 1656 1062 :

72 1104 226 1158 Filius
254 1118 401 1158 meus
425 1119 476 1157 es
503 1111 556 1156 tu
567 1118 588 1169 ;
619 1117 710 1173 ego
735 1099 885 1178 Itodie
907 1099 1058 1171 genui
1084 1088 1149 1152 te.
1184 1096 1395 1152 Postula
1423 1114 1455 1151 a
1482 1115 1580 1178 me,
1608 1106 1656 1152 et

74 1196 188 1249 dabo
232 1193 323 1248 tibi
369 1202 542 1263 gentes
589 1174 932 1246 hereditatem
976 1198 1152 1256 tuam,
1199 1197 1245 1242 et
1292 1174 1655 1258 possessionem

73 1296 194 1338 tuam
223 1285 354 1354 ﬁnes
402 1293 548 1337 teme
576 1280 748 1355 (Psal.
776 1295 835 1348 II,
865 1281 921 1349 7,
955 1279 1035 1351 8).
1079 1277 1210 1347 Quis
1236 1279 1380 1333 enim
1409 1276 1652 1334 christia-

74 1394 162 1433 nus
188 1391 425 1449 unquam
450 1374 712 1430 dubitavit
731 1373 835 1428 hoc
853 1371 919 1428 de
939 1367 1154 1428 ChriSto
1175 1384 1293 1426 esse
1313 1369 1651 1441 prtedictum,

74 1479 150 1522 aut
176 1469 312 1523 hanc
339 1465 714 1522 hazreditatem
742 1463 887 1520 aliud
917 1479 1075 1536 quam
1102 1461 1397 1518 Eeclesiam
1425 1478 1544 1519 esse
1573 1463 1657 1518 in-

74 1558 298 1616 tellexit?
339 1558 414 1613 Et
456 1557 579 1630 quia
619 1557 791 1612 bonos
829 1564 886 1612 et
923 1547 1093 1610 malos
1128 1553 1268 1608 intra
1298 1553 1485 1610 eadem
1519 1554 1654 1611 retia

73 1645 533 1706 Sacramentorum
560 1655 676 1704 erat
703 1645 950 1702 habitura
969 1686 984 1712 ,
1031 1643 1196 1716 Reges
1225 1660 1338 1710 eos,
1370 1644 1570 1715 inquit,
1601 1645 1655 1699 in

75 1743 198 1814 virga
226 1745 425 1814 ferrea,
459 1747 699 1809 tanquam
740 1752 828 1792 vas
855 1736 1002 1808 ﬁguli
1040 1743 1262 1790 conteres
1302 1751 1405 1790 eos.
1450 1734 1653 1790 Eadem

77 1835 251 1903 quippe
282 1833 440 1887 ﬂrma
466 1840 522 1888 et
547 1828 823 1886 inﬂexibili
845 1828 1052 1900 justitia
1071 1826 1198 1883 boni
1223 1836 1498 1898 reguntur,
1527 1827 1654 1882 mali

77 1932 433 1980 conteruntur.

135 2017 220 2072 21.
251 2001 390 2085 Quis
417 2023 527 2072 tam
565 2015 752 2072 devius
784 2021 840 2071 et
863 2013 1126 2069 absurdus
1152 2019 1237 2070 est
1262 2026 1291 2066 a
1320 2011 1513 2068 divinis
1544 2013 1656 2069 elo-

77 2110 198 2181 quiis
217 2150 230 2176 ,
260 2109 356 2180 qui
399 2124 509 2164 non
536 2088 721 2178 ipsum.
741 2105 1090 2177 Evangelium
1117 2112 1502 2175 recognoscat,
1533 2119 1653 2160 cum

79 2211 302 2256 cantatur
332 2202 424 2257 ille
453 2200 692 2271 psalmus
719 2198 809 2254 ubi
837 2198 1094 2270 scriptum
1127 2206 1228 2263 est,
1262 2193 1523 2251 Foderunt
1547 2197 1657 2251 ma-

78 2308 160 2347 nus
187 2309 320 2348 meas
345 2302 396 2348 et
435 2292 590 2365 pedes
632 2307 796 2356 meos,
841 2289 1285 2343 dinumeraverunt
1329 2287 1500 2342 omnia
1540 2304 1656 2343 ossa

80 2401 192 2439 mea.
224 2383 338 2457 Ipsi
364 2399 482 2440 vero
512 2383 954 2439 consideraverunt
981 2388 1027 2436 et
1055 2389 1422 2452 conspexerunt
1448 2396 1546 2447 me,
1576 2379 1657 2435 di-

80 2478 276 2532 viserunt
296 2477 392 2532 sibi
412 2477 706 2532 vestimenta
730 2489 862 2539 mea,
888 2482 933 2528 et
952 2490 1103 2545 super
1121 2472 1464 2526 vestimentum
1488 2488 1656 2526 meum

83 2571 304 2627 miserunt
333 2579 523 2626 sortem
550 2567 725 2640 (Psal.
754 2584 865 2635 χιιι,
904 2568 1097 2634 Ποίυς
1129 2565 1318 2621 Matth.
1346 2581 1530 2632 xxvu,
1561 2564 1652 2634 50,

81 2674 122 2716 et
152 2661 300 2716 Joan.
344 2678 441 2717 xu:
469 2702 483 2729 ,
513 2658 645 2733 24)?
673 2658 899 2728 Quando
942 2658 1104 2714 etiam
1151 2673 1271 2712 cum
1315 2656 1418 2712 hoc
1460 2657 1654 2712 factum

89 2754 408 2827 Evangelista
454 2760 734 2816 narraret,
764 2751 922 2823 hujus
967 2749 1255 2806 testimonii
1296 2764 1502 2804 memor
1534 2748 1651 2804 fuit.

85 2846 200 2914 Quid
221 2856 396 2902 autem
427 2844 590 2915 hujus
616 2843 791 2899 crucis
817 2843 1009 2914 pretio,
1034 2839 1162 2912 quid
1193 2849 1353 2895 tantae
1377 2838 1656 2895 celsitudi-

88 2938 157 2992 nis
178 2945 316 2993 tanta
358 2937 664 2992 humilitate
684 2976 699 3002 ,
732 2932 860 3006 quid
890 2933 981 2989 illo
1024 2931 1464 2988 innocentissimo
1493 2939 1548 2986 et
1575 2929 1658 2986 di-

87 3027 194 3083 vino
217 3026 479 3100 sanguine
527 3033 896 3096 comparatum
942 3032 1060 3093 est,
1112 3022 1215 3078 nisi
1259 3022 1403 3094 quod
1446 3022 1558 3080 illic
1599 3022 1654 3078 in

90 3123 523 3194 consequentibus
546 3119 777 3176 dicitur:
807 3117 1358 3182 Commemorabuntur,
1384 3125 1433 3170 et
1452 3131 1659 3170 conver-

92 3223 234 3270 tentur
260 3216 328 3270 ad
348 3214 634 3271 Dominum
660 3211 876 3267 universi
893 3212 1019 3282 ﬁnes
1045 3220 1225 3277 teme;
1242 3218 1287 3264 et
1303 3209 1583 3264 adorabunt
1603 3208 1658 3264 in

92 3319 335 3382 conspectu
353 3311 468 3383 ejus
497 3309 743 3363 universa:
767 3307 948 3379 patria:
975 3307 1198 3379 gentium
1223 3321 1242 3360 :
1282 3307 1519 3378 quoniam
1548 3303 1658 3360 Do-

91 3403 195 3458 mini
237 3413 306 3460 est
347 3419 599 3475 regnum,
633 3409 684 3456 et
715 3401 826 3471 ipse
869 3397 1206 3455 dominabitur
1231 3397 1450 3470 gentium
1484 3395 1657 3469 (Psal.

92 3511 196 3562 xxI,
224 3495 318 3562 28,
358 3494 496 3568 29)?
542 3493 731 3549 Nonne
776 3490 1061 3562 Apostolus
1105 3489 1174 3544 de
1217 3487 1659 3561 praedicatoribus

92 3586 206 3643 Novi
228 3585 561 3645 'I'cstamenti
590 3585 793 3641 dictum
817 3581 1064 3653 exposuit
1089 3580 1230 3652 quod
1256 3579 1511 3651 scriptum
1539 3586 1652 3646 est,

95 3675 150 3731 In
173 3695 359 3733 omnem
387 3688 576 3734 terram
600 3675 752 3731 exivit
779 3690 934 3730 sonus
964 3689 1166 3740 eorum,
1195 3680 1242 3726 et
1269 3673 1324 3726 in
1361 3671 1486 3741 ﬁnes
1524 3670 1659 3726 orbis

95 3777 219 3825 terra
242 3770 387 3825 verba
426 3784 604 3824 eorum
645 3764 820 3840 (Rom.
851 3780 908 3831 χ,
941 3763 1042 3828 l8;
1073 3761 1223 3818 Psal.
1251 3778 1378 3820 xvm
1399 3803 1415 3829 ,
1443 3761 1537 3834 5)?
1579 3759 1659 3816 De

96 3875 186 3930 quo
214 3861 315 3916 alio
353 3860 459 3916 nisi
499 3858 568 3915 de
614 3856 827 3914 Christo
862 3855 1176 3926 intelligitur
1209 3872 1222 3910 :
1263 3853 1413 3937 ’ρεαδ
1451 3853 1659 3907 deorum

95 3948 320 4009 Dominus
344 3956 544 4008 locutus
567 3958 661 4018 est,
685 3957 732 4004 et
750 3949 940 4004 vocavit
964 3957 1149 4001 terram
1174 3962 1206 3999 a
1225 3945 1348 3999 solis
1371 3951 1482 3998 ortu
1503 3959 1661 4014 usque

97 4043 153 4096 ad
175 4060 440 4111 occasum;
469 4059 532 4099 ea:
561 4040 689 4098 Sion
714 4039 904 4112 species
942 4037 1136 4094 decoris
1162 4038 1273 4107 ejus
1299 4034 1469 4109 (Psal.
1501 4049 1656 4101 XLIX,

99 4136 143 4198 l,
169 4135 258 4208 2)?
284 4137 470 4208 Cujus,
499 4135 603 4191 nisi
628 4133 829 4191 Christi
858 4148 963 4188 vox
992 4139 1108 4199 est,
1139 4129 1368 4186 Dormivi
1391 4129 1661 4184 conturba-

101 4230 204 4284 tus?
231 4229 293 4284 Et
317 4229 464 4286 unde
488 4227 858 4296 conturbatus,
891 4226 1130 4298 sequitur
1155 4232 1210 4281 et
1238 4223 1385 4292 dicit,
1417 4222 1544 4277 Filii
1564 4223 1660 4277 ho-

100 4321 267 4375 minum
293 4322 469 4377 dentes
494 4337 668 4376 eorum
701 4336 844 4374 arma
869 4327 917 4374 et
951 4318 1177 4391 sagittce,
1206 4325 1255 4371 et
1287 4317 1462 4387 lingua
1489 4332 1661 4370 eorum

100 4412 329 4469 machara
351 4422 502 4468 acuta
525 4429 544 4468 :
569 4426 795 4483 quorum
817 4409 920 4465 nisi
946 4423 1130 4465 eorum
1157 4407 1244 4478 qui
1273 4406 1657 4473 clamaverunt,

103 4500 359 4576 Cruci/ige,
388 4504 629 4576 cruciﬁge
655 4500 808 4575 (Luc.
835 4515 1000 4567 XXIII,
1039 4498 1175 4572 2!)?
1207 4496 1402 4566 thuid
1443 4497 1546 4551 hoc
1574 4505 1662 4552 to-

101 4596 232 4648 tum?
273 4596 369 4652 Cui
420 4596 601 4662 bono,
647 4594 732 4650 cui
779 4590 966 4648 lucro?
1014 4589 1150 4646 Audi
1200 4588 1326 4660 quid
1367 4595 1657 4658 sequatur:

104 4681 324 4741 Exaltare
349 4701 504 4757 super
529 4685 678 4740 caelos
696 4725 712 4752 ,
758 4682 902 4738 Deus
924 4725 939 4750 ,
981 4690 1028 4736 et
1070 4697 1224 4752 super
1251 4695 1447 4734 onmem
1477 4688 1662 4734 terram

104 4777 244 4846 gloria
273 4789 356 4834 tua
381 4778 551 4851 (Psal.
583 4793 688 4845 LVI,
722 4777 776 4843 5,
830 4775 926 4848 6).
957 4775 1104 4830 Ecce
1120 4773 1285 4829 habes
1311 4771 1580 4829 Christum
1608 4772 1662 4828 in

107 4870 326 4936 passione
371 4872 674 4940 dormisse,
726 4877 782 4926 et
831 4868 1230 4926 resurrectione
1282 4881 1444 4938 super
1497 4867 1663 4923 caelos

107 4963 406 5020 ascendisse.
432 4965 498 5019 Et
520 4963 664 5019 unde
683 4963 849 5034 gloria
874 4962 990 5033 ejus
1009 4976 1172 5032 super
1194 4974 1406 5016 omnem
1431 4969 1626 5015 terram
1644 5001 1659 5026 ,

110 5050 194 5104 nisi
231 5055 344 5124 quia
396 5055 635 5111 Ecclesia
665 5054 782 5124 ejus
819 5067 918 5124 per
959 5067 1172 5108 omnem
1199 5049 1432 5106 terram?
1474 5050 1532 5106 In
1581 5049 1663 5106 his

111 5139 290 5199 duabus
317 5147 594 5202 sententiis
630 5144 996 5212 brevissimis,
1029 5157 1159 5209 vos,
1187 5140 1423 5196 hmretici
1446 5182 1461 5207 ,
1493 5148 1662 5197 totum

115 5235 236 5302 quod
259 5237 391 5294 inter
419 5254 515 5294 nos
541 5239 717 5309 agitur
741 5237 1032 5307 interrogo.
1062 5233 1330 5301 Exaltare,
1360 5233 1549 5304 inquit,
1578 5251 1663 5289 su-

115 5344 190 5397 Per
225 5337 386 5405 ctelos,
410 5339 570 5404 Deus,
611 5346 661 5393 et
700 5354 854 5409 super
890 5351 1087 5390 omnem
1131 5341 1317 5388 terram
1359 5330 1524 5403 gloria
1554 5340 1661 5385 tua.

118 5419 206 5476 Cur
228 5426 495 5486 Dominum
525 5429 795 5487 Christum
825 5426 1114 5484 exaltatum
1140 5438 1303 5494 super
1330 5421 1498 5478 cmlos
1530 5437 1668 5492 prm-

118 5511 309 5587 dicatis,
351 5529 406 5577 et
448 5522 566 5594 ejus
610 5520 795 5593 gloria)
839 5533 1002 5591 super
1047 5531 1262 5574 omnem
1308 5524 1506 5572 terram
1557 5529 1664 5570 non

122 5613 488 5671 communicatis
499 5613 527 5670 τ

173 5699 192 5735 ⁸
219 5706 361 5772 ποι-ιθ,
380 5720 530 5776 quive
553 5703 783 5774 posuerit.

949 262 1118 305 t'ULGO
1156 245 1243 304 DE
1281 243 1582 306 UNITATE
1621 243 1968 310 ECCLESI/E
2009 256 2214 316 LIBER
2254 259 2458 322 UNUS.

3243 275 3348 334 406

1830 369 1919 465 22.
1943 373 2195 465 .Psalmus
2226 384 2647 453 septuagesimus
2685 387 2891 459 primus
2925 389 2981 446 in
3019 390 3348 452 Salomonem

1761 463 1999 546 titulatur
2023 485 2036 521 :
2069 469 2162 524 sed
2192 473 2313 542 quia
2345 473 2415 551 ita
2441 475 2578 532 dicta
2608 487 2734 534 sunt
2760 495 2878 551 quae
2907 481 2960 537 in
2989 482 3137 539 illum
3164 501 3346 556 regem

1763 558 2130 628 temporalem,
2154 571 2208 616 et
2235 572 2418 633 postea
2437 568 2676 637 graviter
2693 581 3028 643 peccantem,
3056 577 3347 634 convenire

1761 662 1868 702 non
1898 662 2155 721 possunt,
2206 657 2366 712 etiam
2395 670 2581 717 contra
2627 662 2771 734 ipsos
2795 664 3011 722 Iudaeos
3039 666 3105 723 de
3129 667 3346 726 Christo

1760 753 1879 796 esse
1908 743 2158 811 prardicta
2185 746 2530 806 invictissime
2555 752 2931 830 defenduntur.
2960 756 3147 815 Nullus
3167 771 3347 817 autem

1762 831 1863 887 hoc
1878 831 2201 893 Christianus
2221 852 2397 911 negat.
2415 841 2562 899 Talia
2583 847 2724 901 enim
2743 846 2880 902 dicta
2900 860 3042 917 sunt,
3065 851 3132 907 de
3155 854 3347 924 quibus

1761 921 1989 980 dubitari
2034 923 2154 983 non
2179 933 2386 1001 possit,
2420 935 2562 1005 quod
2606 935 2672 992 ad
2715 935 2985 996 Christum
3022 921 3344 1013 pertineant.

1762 1015 1836 1096 Ibi
1863 1019 2022 1074 etiam
2046 1021 2292 1080 dicuntur
2319 1025 2464 1096 haec,
2496 1027 2585 1084 ubi
2620 1041 2937 1103 agnoscatur
2963 1036 3200 1091 Ecclesia
3231 1046 3346 1092 toto

1760 1108 1892 1200 orbe
1920 1109 2136 1180 diﬂ‘usa,
2165 1117 2412 1173 omnibus
2442 1120 2600 1176 etiam
2621 1123 2833 1193 regibus
2861 1124 3074 1182 Christo
3097 1129 3346 1200 subjuga-

1761 1201 1828 1256 tis
1860 1197 1934 1275 (a)
1961 1202 2062 1259 :Et
2091 1205 2451 1276 dominabitur,
2482 1209 2674 1284 inquit,
2703 1230 2734 1268 a
2759 1218 2887 1270 mari
2908 1233 3063 1290 usque
3092 1219 3161 1273 ad
3185 1197 3342 1288 mare,

1759 1301 1805 1370 et
1838 1309 1869 1346 a
1907 1294 2117 1364 ﬂumine
2140 1315 2298 1368 usque
2329 1301 2398 1354 ad
2435 1303 2672 1360 terminos
2706 1304 2839 1361 orbis
2867 1316 3031 1363 terrae.
3060 1311 3099 1364 A
3128 1310 3345 1368 ﬂumine

1760 1385 1940 1462 utique
1970 1388 2056 1443 ubi
2081 1404 2202 1445 eum
2230 1390 2459 1470 Spiritus
2499 1404 2714 1452 sanctus
2739 1398 2792 1452 in
2827 1400 3088 1468 columba:
3128 1405 3308 1472 specie
3328 1446 3343 1468 ,

1760 1484 1814 1532 et
1839 1494 1940 1564 vox
1976 1479 2044 1535 de
2091 1483 2228 1538 ccelo
2272 1485 2647 1543 manifestavit.
2695 1489 2897 1547 Deinde
2940 1495 3217 1564 sequitur:
3249 1496 3347 1551 Co-

1758 1586 1870 1623 ram
1898 1562 1988 1626 illo
2011 1573 2240 1629 decident
2264 1575 2339 1630 1E
2346 1577 2569 1649 thiopes,
2601 1590 2647 1635 et
2678 1581 2870 1636 inimici
2892 1585 3001 1650 eius
3019 1562 3210 1641 terram
3248 1588 3349 1642 lin-

1758 1657 1894 1740 genl.
1930 1663 2090 1737 Reges
2126 1665 2339 1730 Tltarsis
2367 1678 2413 1724 et
2449 1665 2630 1726 insula:
2656 1689 2867 1728 munera
2910 1674 3121 1746 offerent
3148 1719 3162 1744 ,
3204 1696 3347 1751 reges

1759 1756 1983 1840 {imbuat
2008 1767 2052 1813 et
2081 1759 2220 1818 Saba
2241 1761 2376 1842 dona
2395 1764 2665 1820 adducent.
2697 1765 2767 1821 Et
2791 1769 3072 1825 adorabunt
3094 1789 3208 1827 eum
3237 1793 3348 1830 om-

1759 1864 1847 1903 nes
1883 1866 2025 1922 reges
2060 1852 2112 1919 ι,
2144 1869 2317 1932 omnes
2348 1865 2518 1928 gentes
2556 1860 2769 1913 servient
2794 1861 2858 1914 ei.
2893 1861 2959 1916 Et
2987 1863 3141 1932 paulo
3173 1876 3292 1934 post
3325 1884 3344 1928 :

1759 1937 1828 2012 Et
1847 1937 2199 1997 benedicentur
2223 1944 2276 1998 in
2302 1961 2360 1999 eo
2378 1961 2550 2002 omnes
2573 1947 2730 2002 tribus
2751 1959 2930 2019 terrm,
2963 1968 3134 2009 omnes
3173 1966 3344 2025 gentes

1758 2033 2154 2110 magni/imbuat
2177 2053 2309 2094 eum.
2353 2036 2656 2096 Benedictus
2698 2041 2945 2099 Dominus
2979 2045 3116 2102 Deus
3140 2045 3342 2116 Israel,

1757 2125 1846 2196 qui
1883 2126 1999 2206 fecit
2040 2127 2293 2203 mirabilia
2329 2129 2490 2187 solus.
2519 2130 2589 2186 Et
2629 2132 2940 2189 benedictum
2965 2153 3144 2192 nomen
3168 2139 3345 2210 gloria:

1760 2217 1869 2290 ejus
1897 2217 1950 2272 in
1995 2228 2239 2274 teternum
2267 2229 2314 2276 et
2352 2221 2409 2276 in
2453 2224 2694 2279 saeculum
2738 2227 2930 2281 surculi.
2971 2227 3038 2282 Et
3075 2231 3345 2299 replebitur

1758 2310 1922 2382 gloria
1941 2311 2049 2382 ejus
2072 2313 2236 2368 omnis
2256 2321 2412 2369 terra.
2441 2313 2582 2381 Fiat,
2608 2317 2720 2385 fiat.
2749 2316 2824 2372 Ite
2846 2334 3006 2384 nunc,
3033 2320 3340 2387 Donatistae,

1760 2409 1815 2457 et
1838 2401 2065 2459 clamate
2095 2421 2108 2458 :
2135 2403 2250 2460 Non
2280 2405 2372 2460 ﬁat
2391 2448 2406 2472 ,
2431 2421 2538 2462 non
2568 2407 2679 2464 ﬂat.
2720 2409 2856 2465 Vicit
2882 2426 2977 2466 vos
3007 2412 3098 2467 Dei
3124 2414 3346 2470 verbum

1759 2480 1943 2568 dicens
1971 2512 1986 2549 :
2014 2493 2156 2563 Fiat,
2196 2497 2309 2566 ﬁat.
2351 2496 2492 2554 Ecce
2521 2498 2855 2556 manifestata
2903 2510 2986 2558 est
3027 2502 3079 2572 in
3122 2504 3347 2560 Psalmis

1759 2583 2000 2648 Ecclesia
2045 2595 2156 2642 toto
2199 2587 2329 2643 orbe
2382 2587 2610 2659 diﬂ'usa,
2660 2606 2821 2662 super
2858 2607 3016 2665 quam
3063 2596 3349 2666 requiescit

1759 2667 1925 2748 gloria
1954 2677 2093 2748 regis
2112 2677 2247 2748 ejus.
2273 2677 2426 2736 Unde
2453 2688 2507 2735 et
2535 2680 2648 2750 ipsa
2671 2683 2853 2752 regina
2880 2693 2963 2738 est
2986 2699 3180 2754 sponsa
3206 2687 3344 2757 ejus,

1758 2765 1827 2822 de
1867 2782 1971 2838 qua
2017 2767 2068 2823 ei
2115 2767 2309 2824 dicitur
2337 2771 2389 2824 in
2433 2771 2844 2842 quadragesimo
2873 2784 3063 2846 quarto
3091 2777 3294 2846 psalmo
3327 2797 3343 2834 :

1756 2857 1931 2915 Astitit
1966 2861 2143 2933 regina
2185 2878 2217 2916 a
2258 2861 2448 2917 dextris
2474 2864 2606 2932 tuis,
2637 2866 2692 2919 in
2734 2867 2915 2924 vestitu
2942 2867 3213 2934 deaurato,
3246 2871 3350 2925 cir-

1759 2951 2058 3005 cumamicta
2083 2951 2340 3007 varietate.
2387 2953 2456 3010 Et
2498 2954 2567 3010 ad
2595 2969 2713 3011 eam
2746 2957 2913 3027 ipsam
2961 2960 3348 3016 exhortandam

1759 3044 2012 3099 continuo
2032 3043 2244 3100 divinus
2263 3060 2442 3102 sermo
2472 3046 2716 3118 dirigitur
2747 3065 2761 3102 :
2792 3047 2948 3117 Audi,
2974 3049 3115 3120 ﬁlia,
3138 3061 3182 3106 et
3210 3053 3343 3120 vide,

1759 3147 1807 3193 et
1830 3137 2023 3192 inclina
2055 3155 2233 3193 aurem
2259 3146 2430 3204 tuam,
2463 3148 2510 3194 et
2540 3139 2827 3196 obliviscere
2867 3142 3113 3215 populum
3134 3154 3274 3199 tuum
3300 3155 3350 3200 et

1760 3229 1969 3285 domum
2012 3231 2171 3302 patris
2216 3231 2290 3285 tui
2309 3248 2331 3298 ;
2384 3232 2624 3304 quoniam
2670 3234 2953 3303 concupivit
2998 3251 3090 3291 rea:
3131 3237 3350 3307 speciem

1761 3332 1921 3389 tuam,
1953 3324 2072 3396 quia
2098 3323 2207 3394 ipse
2229 3333 2302 3379 est
2331 3311 2470 3382 Deus
2498 3335 2634 3379 tuus.
2666 3325 2937 3382 Attendite
2956 3327 3097 3382 unde
3125 3330 3350 3399 casperit

1761 3415 1956 3487 alloqui
1985 3430 2236 3486 sponsam
2264 3413 2461 3471 Christi
2488 3415 2665 3470 divina
2706 3415 2984 3488 prophetia
3018 3436 3032 3472 :
3058 3416 3228 3486 Audi,
3259 3419 3348 3476 in-

1761 3506 1907 3583 quit,
1937 3507 2046 3577 ﬁlia
2068 3548 2085 3575 ,
2112 3514 2158 3561 et
2191 3506 2322 3562 vide.
2352 3507 2458 3562 Vos
2485 3515 2662 3562 autem
2705 3523 2805 3564 nec
2832 3508 3021 3565 audire
3044 3510 3204 3566 vultis
3231 3511 3348 3569 htcc

1760 3599 2037 3670 praedicta,
2059 3613 2160 3654 nec
2186 3597 2368 3653 videre
2392 3598 2658 3669 completa
2683 3615 2697 3655 :
2723 3609 2778 3654 et
2799 3607 2974 3655 tamen
3003 3609 3055 3657 et
3079 3602 3272 3659 auditis
3291 3613 3349 3660 ct

1761 3689 1952 3746 videtis
1980 3689 2150 3745 inviti.
2177 3689 2372 3747 Audite
2391 3705 2519 3762 ergo
2539 3689 2666 3762 quid
2691 3691 2849 3763 paqu
2889 3702 3008 3765 post
3029 3694 3078 3751 ei
3104 3694 3299 3763 dicitur
3328 3715 3346 3752 :

1761 3782 1941 3856 audite
1966 3781 2068 3838 hoc
2104 3797 2168 3839 ex
2201 3783 2392 3854 pagina
2433 3783 2611 3840 divina
2635 3785 2904 3856 quomodo
2924 3789 3346 3858 prmnuntietur,

1762 3881 1817 3930 et
1835 3873 2011 3928 videte
2043 3873 2263 3930 inomni
2291 3883 2430 3930 terra
2452 3874 2722 3953 quomodo
2751 3876 3099 3948 compleatur.
3129 3878 3236 3933 Pro
3257 3897 3354 3951 pa-

1763 3965 1921 4020 tribus
1950 3964 2048 4018 tuis
2071 4005 2087 4033 ,
2119 3964 2327 4036 inquit,
2373 3966 2480 4019 nati
2503 3975 2619 4020 sunt
2646 3966 2734 4020 tibi
2779 3967 2912 4038 ﬁlii,
2951 3970 3223 4026 constitues
3265 3987 3352 4027 eos

1764 4055 2015 4128 principes
2059 4071 2213 4125 super
2238 4071 2437 4110 omnem
2479 4064 2684 4112 terram.
2713 4057 2881 4127 Quam
2931 4059 3097 4115 multa
3129 4071 3354 4132 prteter-

1763 4161 1882 4202 eam
1917 4145 1984 4201 de
2023 4144 2125 4200 hac
2151 4161 2210 4201 re
2236 4146 2540 4201 testimonia
2569 4147 2984 4218 Scripturarum,
3019 4159 3236 4215 norunt,
3258 4153 3353 4223 qui

1764 4238 1943 4310 legunt
1963 4253 1977 4304 ;
2001 4245 2055 4292 et
2078 4251 2177 4308 ego
2203 4236 2358 4304 novi,
2390 4235 2485 4293 sed
2507 4252 2732 4294 onerare
2760 4237 3049 4309 Epistolam
3079 4240 3205 4296 nolo
3224 4281 3240 4308 ,
3261 4243 3352 4298 cui

1762 4329 2073 4401 responderi
2097 4328 2296 4399 ﬂagito.

1833 4419 2062 4478 CAPUT
2099 4417 2191 4475 IX.
2220 4449 2292 4460 ——
2312 4419 2404 4477 25.
2432 4419 2568 4490 Quid
2595 4421 2660 4477 ad
2700 4421 2815 4478 lucc
2839 4422 3032 4479 dicturi
3061 4435 3188 4481 sunt
3224 4442 3346 4499 quae

1765 4512 2179 4571 commemoravi
2201 4527 2265 4568 ex
2297 4512 2460 4584 Lege,
2488 4521 2542 4569 et
2574 4513 2876 4584 Prophetis,
2900 4525 2953 4570 ct
2987 4516 3212 4572 Psalmis
3235 4559 3250 4585 ,
3280 4518 3350 4575 de

1765 4604 1965 4662 Christi
1997 4603 2237 4660 Ecclesia
2257 4646 2271 4670 ,
2300 4619 2420 4676 quae
2449 4612 2562 4660 toto
2589 4606 2722 4662 orbe
2754 4606 3086 4676 diﬂunditur,
3115 4609 3200 4664 cui
3230 4624 3350 4664 ma-

1764 4700 1882 4756 lunt
1899 4713 2193 4770 repugnare
2210 4698 2468 4770 perversi,
2487 4713 2645 4771 quam
2669 4700 3066 4756 communicare
3076 4702 3303 4758 correcti
3323 4701 3352 4757 ?

1765 4789 1924 4862 Quid,
1957 4789 2194 4862 inquam,
2225 4789 2419 4846 dicturi
2439 4799 2584 4859 sunt,
2609 4799 2782 4846 utrum
2805 4791 2920 4847 haec
2941 4791 3075 4848 falsa
3105 4807 3247 4862 esse,
3278 4809 3351 4852 an

1766 4884 2032 4942 obscura?
2060 4883 2166 4941 Sed
2189 4884 2319 4940 falsa
2341 4899 2464 4941 esse
2491 4899 2596 4940 non
2621 4883 2820 4940 audent
2841 4883 3020 4942 dicere
3049 4901 3351 4960 :premun-

1767 4989 1854 5036 tur
1878 4979 2022 5035 enim
2052 4977 2193 5033 mole
2219 4985 2381 5033 tanta:
2400 4976 2749 5032 auctoritatis.
2772 4975 2897 5032 Ilaec
2917 4991 3048 5049 ergo
3074 4993 3195 5034 cum
3221 4995 3352 5036 vera

1767 5086 1888 5128 esse
1926 5069 2208 5136 fateantur,
2239 5068 2445 5140 impleri
2479 5082 2586 5124 non
2617 5081 2775 5140 posse
2798 5069 3127 5127 contendunt
3155 5087 3169 5125 :
3199 5072 3355 5143 quasi

1767 5163 1909 5220 aliud
1933 5163 2003 5219 sit
2026 5161 2360 5235 prephetiam
2385 5160 2609 5216 crimine
2634 5160 2879 5220 falsitatis
2899 5177 3123 5235 arguere
3145 5204 3161 5231 ,
3189 5180 3353 5237 quam

1768 5256 1947 5313 dicere
1969 5297 1985 5322 ,
2013 5271 2132 5328 quas
2159 5253 2568 5328 praenuntiavit,
2599 5270 2706 5311 non
2737 5270 2896 5328 posse
2924 5257 3206 5330 compleri.
3232 5258 3352 5316 Hoc

1769 5356 1852 5406 est
1871 5347 2011 5405 enim
2031 5347 2209 5404 dicere
2235 5362 2341 5403 non
2365 5361 2486 5403 esse
2510 5347 2866 5419 prophetiam,
2884 5348 2978 5405 sed
2999 5350 3175 5422 potius
3191 5365 3354 5420 pseu-

1768 5439 2194 5514 doprophetiam.
2223 5440 2436 5497 Etcum
2461 5440 2739 5512 quaesieris
2758 5442 2826 5498 ab
2848 5443 2948 5512 eis,
2974 5458 3072 5500 cur
3098 5441 3217 5498 hnc
3240 5443 3348 5500 im-

1808 5576 1854 5611 ·ι
1887 5574 2005 5626 aditi
2025 5575 2224 5638 addunt,
2247 5574 2570 5642 terrm;un
2599 5587 2630 5628 a
2648 5574 2936 5629 Floriacensi
2974 5582 3058 5631 Its.
3097 5575 3262 5643 abest,
3299 5541 3359 5633 et

1771 5651 1803 5691 a
1821 5645 2166 5768 ῗῗοθίδέἲὴ).
2191 5701 2247 5752 I7
2269 5699 2336 5753 de
2359 5701 2556 5754 civitate
2578 5703 2685 5766 Dei,
2707 5713 2814 5767 cap.
2836 5700 2886 5754 8.
