3812 6160
403 311 505 369 407

405 431 541 501 pleri
565 443 667 483 non
701 423 933 497 possint;
968 418 1288 490 respondent
1322 434 1334 470 ί
1381 417 1512 482 Quia
1541 415 1762 467 homines
1789 409 1988 463 nolunt.

407 522 532 577 Cum
555 520 757 574 arbitrio
774 518 958 587 quippe
976 515 1148 577 libero,
1165 510 1427 582 inquiunt,
1454 508 1600 562 homo
1623 512 1816 559 creatus
1831 510 1925 564 est,
1949 510 1996 554 et

407 613 451 666 si
468 610 592 672 vult,
612 608 765 663 credit
782 608 831 659 in
851 605 1101 659 Christum
1121 619 1139 668 ,'
1160 603 1202 656 si
1219 618 1318 655 non
1340 600 1466 664 vult,
1490 614 1590 651 non
1609 595 1802 650 credit:
1820 593 1864 647 si
1892 591 1998 644 vult

409 708 686 773 perseverat
715 698 767 751 in
793 713 849 751 eo
874 695 1010 767 quod
1035 695 1226 758 credit;
1254 693 1298 746 si
1336 707 1436 744 non
1460 690 1599 754 vult,
1633 703 1736 741 non
1768 697 1996 754 perseve-

407 801 506 846 rat.
541 791 605 844 Et
632 790 743 844 ideo
768 805 882 842 cum
916 787 1142 858 ccepisset
1177 802 1265 856 per
1290 783 1458 838 orbem
1487 790 1737 835 terrarum
1779 791 1998 831 crescere

408 882 642 938 Ecclesia
662 923 676 948 ,
708 881 975 935 noluerunt
1019 879 1242 933 homines
1274 891 1586 945 perseverare
1612 915 1626 940 ,
1657 881 1702 926 et
1731 869 1911 939 defecit
1936 884 1999 923 ex

411 976 641 1031 omnibus
670 975 898 1047 gentibus
924 973 1198 1026 christiana
1226 971 1403 1041 religio
1427 1011 1442 1034 ,
1488 975 1693 1037 excepta
1721 971 1862 1035 parte
1887 961 1998 1015 DO-

410 1068 538 1122 nati.
572 1065 735 1133 Quasi
761 1079 888 1120 vero
917 1063 1170 1119 nescierit
1205 1061 1432 1131 Spiritus
1464 1059 1557 1114 Dei
1589 1056 1792 1112 futuras
1821 1054 1997 1109 homi-

411 1174 541 1213 num
566 1157 888 1212 voluntates.
926 1154 1054 1221 Quis
1085 1153 1189 1208 hoc
1229 1152 1599 1206 insanissimus
1628 1146 1862 1204 dixerit?
1892 1145 2001 1201 Cur

413 1263 544 1320 ergo
570 1263 678 1303 non
710 1248 810 1304 hoc
831 1246 1007 1317 potius
1035 1243 1422 1314 prcenuntiavit,
1449 1239 1591 1312 quod
1620 1238 1689 1295 de
1715 1234 2002 1293 voluntati-

413 1341 516 1396 bus
549 1339 824 1395 hominum
850 1337 1051 1392 sciebat
1076 1335 1352 1390 futurum?
1378 1332 1491 1387 Hoc
1516 1331 1661 1386 enim
1700 1328 1860 1384 modo
1897 1339 2005 1397 quo

335 1435 339 1439 ’
415 1433 504 1487 isti
546 1439 732 1501 putant
777 1431 890 1484 haec
915 1444 1033 1484 esse
1059 1426 1309 1498 praedicta
1332 1467 1346 1494 ,
1387 1423 1625 1495 quisquis
1651 1421 1877 1476 voluerit
1903 1433 2006 1489 po-

415 1533 523 1579 test
548 1540 668 1580 esse
695 1523 979 1594 propheta,
1018 1528 1076 1575 ut
1117 1536 1236 1576 eum
1267 1535 1328 1575 ea
1360 1533 1478 1588 quae
1516 1515 1857 1586 praedixerit,
1904 1513 2007 1568 im-

417 1617 562 1687 pleta
590 1632 694 1671 non
722 1617 936 1678 iuerint,
979 1613 1336 1683 respondeat,
1372 1611 1627 1666 Homines
1669 1608 1958 1662 noluerunt
1988 1622 2002 1658 :

418 1711 594 1766 libero
621 1709 766 1764 enim
794 1707 1015 1762 arbitrio
1044 1705 1319 1761 christiani
1347 1711 1488 1758 sunt.
1521 1702 1633 1756 l-loc
1658 1699 1817 1756 modo
1847 1706 2004 1769 pote-

417 1810 503 1857 rat
533 1800 720 1871 aliquis
746 1797 1072 1869 prophetare
1113 1796 1379 1852 Christum
1411 1807 1516 1848 non
1547 1793 1599 1846 in
1626 1805 1785 1847 cruce
1820 1803 2007 1860 passu-

416 1909 560 1958 rum,
589 1890 680 1946 sed
711 1889 886 1961 gladio
908 1888 1261 1952 moriturum;
1286 1894 1343 1940 ut
1363 1901 1482 1941 cum
1509 1884 1665 1939 aliter
1690 1882 1885 1938 factum
1916 1895 2007 1934 es-

417 1990 540 2046 set,
570 1980 951 2052 responderet,
982 1979 1119 2046 Quid
1159 1993 1258 2049 ego
1287 1977 1428 2033 feci?
1459 1976 1715 2032 llomines
1745 1975 1798 2028 in
1839 1972 2007 2028 libero

419 2074 642 2129 arbitrio
664 2072 942 2128 constituti
971 2073 1258 2128 noluerunt
1283 2071 1334 2126 ei
1360 2069 1534 2124 facere
1560 2067 1701 2138 quod
1730 2079 1830 2135 ego
1853 2077 1996 2134 pra:-

420 2165 658 2222 divteram
682 2209 694 2230 ,
727 2173 780 2220 et
805 2164 906 2218 hoc
935 2164 1174 2218 iecerunt
1203 2160 1345 2232 quod
1394 2160 1495 2230 ipsi
1535 2158 1835 2213 voluerunt.
1878 2154 1996 2210 Jam

419 2257 507 2312 cui
543 2271 648 2310 non
687 2262 954 2318 occurrat,
1002 2267 1160 2322 quam
1208 2251 1376 2306 multa
1416 2251 1520 2305 isto
1563 2248 1724 2303 modo
1764 2253 2011 2318 poterant

418 2346 761 2418 prophetari,
794 2345 880 2400 vel
906 2345 1065 2400 etiam
1095 2351 1324 2412 possunt
1364 2358 1392 2396 a
1421 2340 1744 2412 quibuslibet
1772 2338 2008 2394 homini-

419 2438 562 2492 bus?
587 2437 716 2506 Quis
743 2436 885 2491 enim
921 2435 1240 2491 dubitaverit
1271 2434 1413 2505 quod
1442 2433 1608 2490 ludas
1632 2432 1903 2488 Christum
1922 2473 1936 2497 ,
1964 2432 2010 2486 si

419 2529 680 2586 voluisset
705 2531 722 2562 ί
741 2571 755 2597 ,
783 2542 889 2582 non
920 2527 1104 2599 utique
1135 2526 1442 2583 tradidisset
1472 2545 1484 2580 :
1515 2533 1568 2580 et
1600 2525 1811 2590 Petrus,
1841 2525 1885 2578 si
1917 2537 2016 2579 vo.

422 2621 630 2687 luisset,
664 2630 747 2678 ter
772 2624 1051 2678 Dominum
1081 2637 1187 2677 non
1220 2619 1511 2691 negasset?
1541 2617 1646 2674 Sed
1674 2617 1796 2673 ideo
1820 2617 1913 2671 fuit
1941 2615 2010 2672 de

424 2714 540 2770 istis
567 2723 712 2771 certa
741 2715 1034 2785 praedictio,
1057 2715 1179 2786 quia
1205 2721 1258 2770 et
1283 2714 1424 2792 Deus
1452 2712 1613 2768 etiam
1644 2709 1848 2766 futuras
1867 2722 2009 2781 prte-

424 2805 574 2860 videt
597 2807 917 2864 voluntates.

499 2900 728 2957 CAPUT
767 2902 835 2956 Χ.
861 2933 931 2942 ——
957 2901 1046 2958 24.
1076 2901 1458 2956 Verumtamen
1481 2912 1786 2971 quanquam
1817 2896 1932 2951 hzec
1958 2903 2014 2951 et

426 2991 594 3046 tardis
639 2993 890 3048 cordibus
939 3001 1189 3062 pateant,
1239 2993 1517 3047 audiamus
1569 2991 1693 3045 hinc
1740 2998 1795 3045 et
1845 2989 2014 3058 ipsius

427 3081 590 3138 Verbi
626 3097 814 3137 vocem
857 3097 950 3137 ore
991 3082 1218 3152 propriae
1266 3082 1442 3137 carnis
1479 3095 1808 3152 expressam.
1855 3077 2014 3134 Certe

426 3189 551 3230 cum
578 3183 699 3243 post
726 3174 1175 3253 resurrectionem
1214 3173 1480 3244 prteberet
1515 3188 1574 3229 se
1613 3174 1774 3229 etiam
1801 3180 2017 3228 contre-

427 3265 680 3321 ctandum
723 3275 884 3336 atque
915 3265 1234 3336 palpandum
1271 3265 1516 3320 manibus
1549 3264 1906 3320 dubitantium
1935 3264 2018 3319 di-

427 3360 776 3430 scipulorum,
801 3369 855 3416 et
881 3375 1001 3415 cum
1023 3360 1317 3431 accepisset
1346 3375 1526 3414 coram
1553 3358 1676 3425 illis,
1709 3367 1762 3414 et
1793 3356 2018 3413 mandu-

430 3461 607 3508 casset
636 3451 777 3523 quod
806 3452 855 3507 ei
897 3461 1277 3522 porrexerant,
1319 3451 1453 3506 dixit
1481 3452 1559 3506 eis
1592 3468 1605 3504 :
1639 3449 1736 3505 Isti
1760 3458 1877 3505 sunt
1906 3467 2015 3505 ser-

427 3560 603 3599 mones
633 3561 756 3615 quos
785 3544 982 3598 locutus
1018 3561 1128 3598 sum
1164 3544 1231 3596 ad
1258 3559 1345 3596 vos
1367 3585 1381 3610 ,
1413 3559 1526 3596 cum
1555 3542 1724 3596 adhuc
1749 3559 1906 3597 essem
1929 3557 2018 3595 vo-

430 3636 644 3704 biscum,
671 3637 790 3706 quia
815 3637 1075 3706 Oportebat
1101 3635 1366 3703 adimpleri
1388 3634 1556 3687 omnia
1589 3635 1776 3704 scripta
1802 3635 1856 3688 in
1884 3632 2019 3704 Lege

431 3727 632 3797 Moysi,
665 3736 712 3781 et
744 3725 1013 3797 PrOphetis
1035 3769 1049 3793 ,
1091 3736 1137 3780 et
1179 3725 1402 3780 Psalmis
1432 3724 1494 3778 de
1525 3741 1622 3778 me.
1669 3726 1747 3780 De
1785 3739 1890 3796 quo
1918 3739 2018 3779 au-

430 3826 564 3884 tem,
591 3816 692 3872 nisi
727 3817 794 3872 de
831 3812 923 3872 illo
969 3818 1166 3887 scripta
1205 3826 1347 3883 sunt,
1373 3831 1490 3886 qua:
1511 3830 1609 3870 nos
1635 3830 1847 3886 quoque
1868 3830 2018 3870 com-

435 3909 856 3963 memoravimus
883 3924 949 3964 ex
976 3908 1206 3978 Lege,et
1231 3907 1604 3977 Prophetis,et
1632 3907 1878 3975 Psalmis,
1907 3907 2018 3964 sic-

433 4010 495 4056 ut
541 4015 636 4070 per
697 4001 902 4071 singula
944 4001 1342 4056 demonstravi?
1384 4001 1518 4057 Cum
1563 4015 1690 4072 ergo
1729 4003 1842 4071 ipse
1875 4000 2019 4057 dicat

433 4096 527 4167 qui
559 4094 764 4151 Veritas
794 4104 876 4150 est
926 4093 1101 4167 (Joan.
1142 4111 1228 4150 xw
1254 4137 1269 4161 ,
1311 4093 1405 4168 6),
1457 4093 1728 4164 Oportebat
1753 4094 2022 4166 adimpleri

435 4188 646 4253 omnia;
672 4187 939 4258 quomodo
960 4187 1046 4241 isti
1073 4195 1289 4257 negant,
1314 4186 1416 4240 nisi
1438 4186 1559 4256 quia
1585 4185 1795 4240 veritati
1821 4185 2021 4241 inimici

435 4280 608 4337 sunt?
649 4281 704 4337 Si
735 4290 912 4336 autem
944 4280 1171 4336 obscura
1201 4295 1320 4335 esse
1357 4279 1533 4335 adhuc
1562 4278 1772 4348 dicunt,
1805 4289 1860 4336 et
1896 4280 2022 4335 hinc

436 4371 612 4441 ipsum
646 4379 804 4440 caput
849 4369 1127 4426 audiamus
1164 4369 1499 4426 verissimum
1539 4369 2022 4426 demonstratorem

359 4471 367 4526 '_
436 4463 680 4534 corporis
709 4463 812 4518 sui.
840 4463 974 4518 Cum
996 4463 1138 4518 enim
1159 4461 1405 4529 dixisset,
1429 4463 1549 4532 quia
1573 4462 1831 4531 Oportebat
1859 4461 2024 4515 adim-

437 4558 567 4628 pleri
609 4557 778 4612 omnia
821 4557 1012 4627 scripta
1051 4556 1104 4608 in
1150 4553 1283 4625 Lege
1327 4552 1516 4624 Moysi,
1549 4561 1595 4606 et
1640 4553 1935 4623 Prophetis,
1977 4561 2025 4608 et

345 4646 347 4648 ’
435 4647 668 4705 Psalmis
697 4649 759 4702 de
797 4665 910 4714 me;
953 4657 1200 4716 tanquam
1238 4660 1598 4715 quaereremus
1641 4654 1819 4701 utrum
1860 4647 1912 4700 in
1957 4661 2023 4702 eo

359 4789 366 4794 .
437 4740 583 4814 quod
613 4740 765 4806 dixit,
798 4740 860 4793 de
885 4756 995 4805 me,
1035 4737 1142 4792 illic
1173 4736 1515 4806 intelligenda
1557 4745 1702 4792 esset
1731 4737 1970 4794 Ecclesia
1998 4778 2013 4803 ,

361 4821 368 4844 ⁵
436 4841 658 4902 propter
679 4830 730 4884 id
760 4830 900 4900 quod
928 4830 1184 4899 scriptum
1214 4835 1315 4892 est,
1348 4826 1515 4881 Erunt
1541 4827 1642 4882 duo
1668 4829 1718 4881 in
1746 4845 1896 4882 carne
1920 4846 2024 4884 una

371 4920 378 4949 τ
439 4923 595 4995 (Gen.
625 4920 797 4994 11,21)
821 4939 834 4988 ;
862 4930 920 4976 ιιι
939 4936 1044 4976 non
1066 4921 1238 4976 solum
1258 4919 1325 4974 de
1344 4920 1536 4989 capite,
1565 4935 1748 4975 verum
1771 4921 1930 4976 etiam
1954 4921 2022 4977 de

438 5027 667 5083 corpore
707 5022 853 5067 certa
896 5013 1073 5066 divina
1120 5011 1332 5067 oracula
1377 5020 1723 5081 teneremus,
1781 5015 2022 5084 sequitur

438 5105 775 5173 Evangelista
804 5111 858 5158 et
885 5102 1012 5158 dicit
1045 5121 1058 5156 :
1093 5102 1235 5157 Tunc
1263 5105 1458 5172 aperuit
1486 5103 1590 5158 illis
1617 5121 1843 5171 sensum,
1865 5115 1921 5159 ut
1944 5106 2026 5160 in-

441 5199 718 5268 telligerent
748 5195 1064 5265 Scripturas,
1107 5204 1150 5248 et
1177 5196 1306 5249 dixit
1330 5196 1432 5250 illis
1464 5211 1481 5249 :
1511 5196 1766 5263 Quoniam
1798 5197 1869 5251 sic
1901 5198 2028 5251 scri-

443 5301 589 5365 ptum
618 5298 724 5356 est,
757 5299 801 5343 et
828 5292 900 5343 sic
926 5289 1184 5359 Oportebat
1205 5286 1460 5342 Christum
1488 5290 1592 5360 pati
1609 5330 1623 5354 ,
1673 5298 1721 5342 et
1764 5305 2028 5360 resurgere

445 5399 480 5436 a
504 5382 715 5437 mortuis
735 5381 880 5435 tertia
911 5380 1009 5433 die.
1036 5380 1131 5433 llic
1153 5382 1324 5450 ipsum
1351 5390 1510 5450 caput
1530 5381 1852 5446 ostenditur,
1883 5380 2026 5452 quod

440 5476 604 5532 etiam
641 5489 700 5530 se
726 5473 969 5529 manibus
1005 5471 1383 5542 discipulorum
1429 5473 1653 5543 praebuit
1691 5482 2027 5530 contrectan-

446 5767 490 5820 ἢ
508 5711 525 5739 ι
563 5705 870 5820 ιὶιριτῑαεριιεὶδ
893 5707 1047 5760 codex
1069 5708 1145 5757 lnc
1171 5713 1221 5758 et
1240 5704 1376 5768 infra,
1395 5705 1513 5760 loco.
1536 5707 1575 5758 si
1601 5705 1837 5774 coluisset,
1856 5708 2020 5775 habet,

511 5781 572 5820 no
594 5780 750 5820 tttsset.

511 5780 587 5820 ηοι
594 5780 750 5822 tusset.

1491 289 1763 350 CONTRA
1802 275 2229 344 DONATISTAS
2271 273 2619 343 EPISTOLA,

3607 274 3719 336 408
3759 303 3773 332 ι

2106 398 2250 452 dum.
2282 398 2412 454 Vide
2437 399 2884 469 quemadmodum
2910 395 2977 455 de
2997 413 3225 470 corpore
3250 399 3532 473 adjungat,
3560 402 3716 473 quod

2105 499 2188 546 est
2216 489 2479 558 Ecclesia,
2503 499 2560 545 ut
2586 505 2683 546 nos
2712 505 2810 546 nec
2837 492 2888 546 in
2910 507 3131 563 sponso,
3163 507 3263 550 nec
3293 494 3348 549 in
3376 506 3590 564 sponsa
3623 508 3716 548 er-

2104 596 2225 638 rare
2250 581 2542 652 permittat.
2577 581 2645 636 Et
2668 583 2937 654 praedicari
2957 625 2972 652 ,
3020 584 3228 656 inquit,
3267 585 3321 639 in
3350 585 3565 640 nomine
3603 587 3719 656 ejm

2106 675 2469 745 paenitentiam,
2491 683 2540 729 et
2560 676 2900 731 remissionem
2923 686 3241 748 peccatorum
3267 693 3356 749 per
3377 693 3557 734 omnes
3591 693 3720 748 gen-

2108 777 2179 823 tes
2203 809 2219 834 ,
2263 768 2618 839 incipientibus
2647 770 2711 823 ab
2753 767 3042 825 Jerusalem
3082 769 3235 842 (Luc.
3281 785 3432 837 xxiv,
3473 771 3578 826 44-
3593 770 3715 839 47).

2107 859 2244 929 Quid
2284 861 2384 916 hac
2411 876 2542 917 voce
2568 861 2832 928 vcracius,
2865 860 2991 932 quid
3023 861 3276 930 divinius,
3316 863 3446 934 quid
3472 861 3718 918 manife-

2107 951 2279 1007 stius?
2304 951 2387 1007 Mc
2414 951 2558 1023 piget
2585 967 2703 1008 eam
2725 951 3103 1008 commendare
3128 953 3304 1009 verbis
3328 953 3484 1022 meis,
3510 962 3572 1010 et
3606 951 3718 1008 hm-

2107 1044 2304 1100 reticos
2329 1059 2434 1100 non
2461 1045 2621 1116 pudet
2645 1060 2766 1101 eam
2795 1060 3104 1117 oppugnare
3131 1045 3305 1102 verbis
3330 1047 3462 1102 suis.

2179 1134 2271 1190 25.
2317 1135 2502 1190 Dicant
2528 1151 2591 1192 ea
2621 1136 2924 1192 testimonia
2952 1177 2967 1204 ,
2996 1153 3116 1208 qua:
3143 1137 3296 1208 posui
3324 1137 3391 1194 de
3419 1137 3571 1209 Lege
3597 1179 3615 1201 ,
3663 1146 3717 1192 et

2111 1224 2417 1296 Prophetis,
2445 1235 2498 1282 et
2529 1226 2780 1293 Psalmis,
2807 1227 3034 1284 obscura
3061 1243 3182 1285 esse
3218 1237 3276 1285 et
3311 1228 3538 1300 ﬁgurate
3564 1229 3715 1284 dicta

2111 1315 2272 1370 etiam
2308 1316 2464 1371 aliter
2491 1330 2652 1387 posse
2679 1316 2939 1388 intelligi;
2968 1333 3268 1390 quanquam
3299 1327 3351 1375 et
3381 1320 3434 1374 in
3461 1320 3546 1378 eis
3577 1335 3712 1392 ege-

2111 1408 2212 1463 rim
2254 1419 2511 1480 quantum
2542 1410 2712 1479 potui,
2745 1419 2805 1466 ut
2830 1425 2930 1467 nec
2970 1412 3071 1468 hoc
3097 1412 3328 1468 audeant
3350 1411 3534 1469 dicere
3567 1429 3582 1467 :
3613 1412 3712 1470 sed

2113 1515 2240 1558 ecce
2269 1501 2469 1557 dicant.
2497 1502 2764 1574 Numquid
2805 1512 2860 1562 et
2906 1504 3008 1560 hoc
3051 1504 3278 1562 obscure
3321 1505 3524 1561 dictum
3553 1547 3570 1570 ,
3618 1514 3714 1561 aut

2113 1596 2412 1666 :enigmatis
2456 1597 2762 1653 velamento
2807 1598 3166 1654 inumbratum
3217 1608 3339 1666 est,
3389 1599 3540 1670 quod
3593 1601 3713 1671 ipse

2114 1685 2357 1742 Christus
2382 1687 2522 1742 dixit
2553 1705 2566 1742 :
2601 1688 2734 1756 Quia
2761 1689 2834 1743 sic
2863 1691 3107 1760 scriptum
3135 1699 3241 1757 est,
3270 1699 3316 1745 et
3343 1692 3415 1746 sic
3441 1692 3712 1764 Oportebat

2114 1775 2373 1832 Christum
2413 1779 2541 1849 pati,
2585 1789 2631 1834 et
2656 1796 2917 1852 resurgere
2951 1782 3097 1835 tertia
3132 1781 3236 1848 die,
3262 1792 3312 1837 et
3350 1783 3633 1853 praedicari
3658 1784 3713 1838 in

2114 1869 2317 1924 nomine
2365 1871 2474 1940 ejus
2519 1872 2858 1940 ptenitentiam
2905 1880 2953 1926 et
2995 1873 3339 1927 remissionem
3383 1881 3714 1943 peccatorum

2117 1978 2207 2032 per
2229 1977 2401 2017 omnes
2419 1971 2607 2033 gentes,
2624 1961 2976 2034 incipientibus
2999 1963 3062 2018 ab
3079 1962 3364 2019 Jerusalem
3380 1964 3407 2018 .9
3432 1963 3489 2019 Si
3510 1963 3714 2020 obscu-

2115 2067 2235 2108 rum
2283 2061 2384 2119 est,
2433 2052 2663 2108 Dorntivi
2707 2055 3073 2120 conturbatus;
3113 2055 3368 2125 numquid
3414 2056 3714 2112 obscurum

2118 2154 2222 2210 est,
2252 2146 2371 2216 quia
2399 2145 2656 2215 Oportebat
2691 2145 2948 2202 Christum
2982 2147 3134 2216 pati?
3156 2146 3212 2202 Si
3253 2147 3546 2204 obscurum
3587 2156 3674 2204 est
3695 2190 3713 2215 ,

2117 2235 2368 2292 Exaltare
2392 2254 2543 2307 super
2569 2237 2748 2302 caelos,
2780 2237 2956 2304 Deus;
2982 2238 3241 2310 numquid
3267 2239 3560 2296 obscurum
3587 2248 3674 2296 est
3694 2283 3711 2308 ,

2117 2335 2166 2382 et
2188 2343 2446 2398 resurgere
2474 2329 2619 2382 tertia
2643 2329 2763 2383 die?
2791 2327 2846 2386 Si
2870 2329 3157 2386 obscurum
3183 2339 3284 2398 est,
3310 2331 3484 2401 Super
3509 2347 3714 2387 omnem

2123 2428 2310 2473 terram
2337 2420 2503 2492 gloria
2531 2430 2618 2474 tua
2645 2420 2816 2491 (Psal.
2847 2438 2937 2478 LVI
2958 2465 2972 2490 ,
3000 2423 3054 2489 5,
3083 2423 3137 2495 6)
3162 2441 3176 2490 ;
3203 2425 3464 2496 numquid
3507 2427 3712 2482 obscu-

2117 2526 2237 2566 rum
2280 2519 2382 2578 est,
2413 2522 2460 2566 et
2485 2512 2754 2583 prmdicari
2786 2515 2840 2569 in
2881 2516 3084 2570 nomine
3117 2517 3227 2588 ejus
3265 2519 3640 2588 paenitentiam,
3667 2528 3715 2574 et

2117 2602 2462 2657 remissionem
2498 2613 2817 2673 peccatorum
2854 2623 2945 2677 per
2982 2623 3154 2662 omnes
3182 2610 3393 2680 gentes?
3422 2609 3481 2666 Si
3511 2610 3712 2666 obscu-

2117 2707 2238 2748 rum
2260 2701 2362 2759 est,
2391 2693 2531 2748 Deus
2564 2695 2776 2750 deorum
2802 2695 3051 2753 Dominus
3078 2698 3278 2754 locutus
3303 2710 3409 2767 est,
3438 2710 3488 2755 et
3513 2703 3713 2758 vocavit

2120 2794 2324 2852 terram,
2349 2801 2381 2840 a
2401 2787 2523 2842 solis
2547 2797 2660 2842 ortu
2682 2805 2838 2858 usque
2857 2789 2924 2843 ad
2939 2806 3211 2856 occasum;
3232 2792 3491 2864 numquid
3515 2793 3712 2851 obscu-

2120 2894 2239 2932 rum
2265 2888 2346 2934 est
2369 2921 2384 2946 ,
2425 2889 2472 2933 et
2502 2881 2769 2951 praedicari
2793 2883 2848 2937 in
2891 2885 3094 2939 nomine
3133 2887 3243 2956 ejus
3270 2887 3623 2957 paenitentiam
3663 2897 3711 2942 et

2120 2973 2465 3027 remissionem
2505 2983 2822 3044 peccatorum
2862 2992 2952 3046 per
2985 2992 3157 3031 omnes
3195 2977 3526 3048 gentes?Sic
3565 2979 3708 3034 enim

2121 3073 2264 3121 terra
2300 3074 2485 3120 vocata
2530 3074 2614 3122 est
2657 3082 2685 3120 a
2736 3067 2865 3124 solis
2911 3078 3033 3124 ortu
3084 3085 3254 3139 usque
3297 3070 3364 3126 ad
3411 3085 3703 3137 occasum,

2120 3158 2572 3229 quemadmodum
2612 3159 2728 3231 ipse
2756 3161 2865 3227 ait,
2894 3159 3018 3216 Non
3047 3165 3160 3218 veni
3187 3179 3366 3219 vocare
3387 3167 3589 3237 iustos,
3620 3169 3706 3221 sed

2121 3260 2408 3322 peccatores
2448 3253 2503 3305 in
2534 3253 2874 3322 paenitentiam
2918 3253 3126 3327 (Matth.
3160 3271 3212 3310 Ix
3233 3298 3248 3323 ,
3291 3255 3404 3328 i3).
3434 3257 3490 3313 Si
3517 3258 3711 3316 obscu-

2120 3359 2240 3398 rum
2269 3353 2371 3410 est,
2408 3342 2493 3398 Ea:
2523 3344 2649 3400 Sion
2672 3347 2859 3417 species
2879 3346 3078 3403 decoris
3105 3350 3215 3419 ejus
3241 3349 3414 3420 (Psal.
3435 3367 3558 3406 χιιι
3577 3394 3594 3418 ,
3638 3355 3663 3408 1
3689 3396 3705 3422 ,

2121 3435 2211 3507 2);
2245 3435 2499 3507 numquid
2542 3438 2828 3492 obscurum
2867 3447 2971 3507 est,
3003 3440 3356 3512 incipientibus
3391 3442 3454 3496 ab
3492 3442 3707 3498 Jerusa-

2125 3527 2266 3582 lem?
2292 3527 2408 3598 ipsa
2445 3537 2528 3584 est
2565 3529 2709 3584 enim
2743 3527 2872 3586 Sion
2920 3546 3038 3600 quze
3080 3531 3396 3590 Jerusalem.
3439 3533 3544 3591 Sed
3585 3536 3708 3606 quid

2124 3618 2192 3674 ad
2219 3621 2346 3674 me?
2377 3619 2563 3675 Dicant
2591 3636 2653 3676 ea
2680 3637 2798 3692 qua:
2825 3623 2978 3692 posui
3005 3622 3073 3678 de
3111 3623 3274 3695 Lege,
3305 3635 3360 3682 et
3392 3626 3705 3699 Prophetis,

2125 3719 2181 3767 et
2207 3711 2452 3778 Psalmis,
2481 3727 2586 3767 non
2608 3714 2878 3783 pertinere
2908 3713 2974 3769 ad
3002 3714 3118 3771 hmc
3145 3717 3307 3773 verba
3331 3717 3563 3786 Domini,
3590 3735 3708 3791 quae

2126 3803 2180 3857 in
2207 3803 2493 3873 Evangelio
2531 3805 2779 3875 leguntur
2807 3824 2820 3861 :
2855 3820 2959 3861 non
2988 3821 3118 3864 euro
3139 3849 3152 3874 ,
3185 3824 3284 3865 nec
3312 3811 3524 3867 resisto.
3552 3811 3709 3871 Certe

2127 3903 2306 3950 tamen
2350 3895 2450 3949 nisi
2490 3896 2542 3950 in
2586 3895 2750 3968 Lege,
2795 3907 2852 3953 et
2893 3899 3194 3970 Prophetis,
3236 3910 3288 3957 et
3336 3901 3562 3961 Psalmis
3608 3905 3708 3963 hoc

2127 3987 2439 4058 praedictum
2488 3998 2650 4056 esset,
2701 3990 2814 4047 sive
2859 3992 2913 4047 in
2953 3992 3038 4048 eis
3078 3995 3397 4051 teSIimoniis
3440 4013 3558 4068 qua:
3595 3999 3708 4071 ipse

2128 4081 2366 4150 adhibui,
2391 4083 2503 4138 sive
2525 4083 2578 4139 in
2602 4084 2740 4153 aliis,
2773 4101 3109 4158 nequaquam
3149 4089 3373 4146 dixisset
3415 4092 3668 4151 Dominus
3688 4139 3704 4162 ,

2132 4174 2342 4245 Oportet
2370 4175 2568 4246 impleri
2593 4177 2763 4231 omnia
2785 4195 2900 4250 qua:
2923 4181 3113 4250 scripta
3137 4191 3254 4236 sunt
3285 4183 3336 4237 in
3363 4181 3499 4255 Lege
3519 4183 3702 4258 Moysi,

2127 4280 2175 4327 et
2198 4271 2469 4342 Prop/telis
2494 4280 2542 4327 et
2566 4272 2791 4328 Psalmis
2811 4275 2874 4329 de
2893 4291 2972 4329 me
2987 4292 3006 4329 :
3025 4291 3088 4333 ac
3108 4276 3300 4333 deinde
3318 4288 3507 4348 aperto
3526 4295 3705 4338 eorum

2129 4377 2292 4419 sensu
2319 4372 2374 4418 ut
2400 4363 2761 4436 intelligerent
2781 4366 3105 4437 Scripturas,
3127 4367 3345 4425 doberet
3367 4383 3430 4425 ea
3450 4369 3560 4442 ipsa
3589 4386 3704 4443 qua:

2130 4456 2197 4512 de
2226 4457 2317 4512 illo
2339 4458 2536 4529 scripta
2566 4459 2763 4515 suntin
2789 4459 2950 4531 Lege,
2976 4469 3030 4517 et
3051 4460 3358 4533 Prophetis,
3391 4471 3444 4520 et
3462 4463 3701 4532 Psalmis,

2131 4563 2197 4605 co
2224 4549 2384 4606 modo
2411 4561 2470 4605 ut
2507 4551 2731 4618 diceret,
2767 4551 3020 4620 Quoniam
3045 4553 3118 4610 sic
3140 4554 3395 4626 scriptum
3423 4565 3536 4626 est,
3567 4567 3614 4613 et
3635 4559 3705 4613 sic

2131 4645 2386 4716 Oportebat
2412 4644 2666 4701 Christum
2703 4646 2809 4718 pati
2836 4656 2881 4700 et
2905 4663 3164 4720 resurgere
3189 4649 3336 4703 tertia
3367 4650 3449 4704 die
3475 4691 3490 4718 ,
3517 4659 3564 4704 et
3586 4666 3704 4722 prte-

2130 4737 2291 4793 dicari
2315 4739 2369 4792 in
2394 4739 2594 4792 nomine
2618 4739 2727 4810 ejus
2765 4738 3107 4810 pcenitentiam
3141 4749 3190 4794 et
3225 4741 3570 4796 remissionem
3594 4759 3703 4812 pec-

2131 4840 2360 4887 catorum
2403 4845 2496 4902 per
2537 4846 2709 4885 omnes
2746 4840 2952 4902 gentes,
2997 4830 3353 4902 incipientibus
3391 4832 3453 4886 ab
3493 4830 3700 4888 Jerusa-

2131 4924 2248 4978 lem.
2280 4921 2394 4977 Non
2421 4936 2520 4992 ego
2547 4920 2809 4991 potuerim
2836 4921 2889 4976 in
2911 4921 3072 4992 Lege,
3099 4931 3152 4976 et
3174 4920 3475 4992 Prophetis,
3493 4931 3545 4978 et
3559 4922 3701 4978 Psal-

2131 5019 2232 5074 mis
2279 5015 2396 5072 hare
2444 5015 2640 5086 scripta
2689 5029 3013 5086 cognoscere
3055 5033 3068 5070 :
3112 5015 3186 5070 ibi
3235 5025 3410 5071 tamen
3451 5015 3552 5072 hoc
3589 5031 3702 5074 esse

2132 5111 2387 5180 scriptum
2417 5109 2507 5165 ille
2533 5108 2660 5164 dicit
2687 5150 2702 5175 ,
2739 5108 2829 5179 qui
2857 5107 3070 5164 Veritas
3095 5118 3196 5164 est.
3240 5108 3346 5164 Sed
3374 5108 3475 5164 etsi
3501 5108 3612 5166 hac
3637 5110 3701 5166 ibi

2133 5201 2329 5270 scripta
2357 5215 2479 5257 esse
2500 5216 2603 5256 non
2631 5199 2852 5268 diceret,
2883 5200 3065 5270 procul
3093 5199 3257 5256 dubio
3277 5201 3704 5258 suiﬁceretCltri-

2133 5293 2318 5348 stianis
2347 5291 2487 5363 quod
2516 5291 2760 5347 Christus
2780 5291 2893 5360 ipse
2911 5291 3168 5358 dixisset,
3196 5301 3428 5362 Oportere
3453 5293 3704 5363 praedicari

2133 5386 2185 5439 in
2205 5385 2404 5439 nomine
2427 5400 2519 5440 suo
2557 5383 2895 5453 pamitentiam
2920 5392 2966 5436 et
3010 5383 3352 5438 remissionem
3398 5391 3700 5454 peccatorum

2135 5495 2223 5548 per
2244 5494 2413 5533 omnes
2436 5486 2622 5549 gentes,
2671 5477 3023 5548 incipientibus
3057 5477 3120 5532 ab
3149 5476 3458 5532 Jerusalem.
3488 5477 3588 5534 Sed
3614 5479 3703 5534 du-

2134 5572 2363 5627 bitantes
2383 5571 2670 5641 discipulos
2699 5584 2824 5625 suos
2853 5570 3094 5642 quamvis
3120 5578 3409 5642 conspecto
3435 5577 3490 5626 et
3509 5581 3705 5628 contre-

2134 5675 2275 5722 ctato
2301 5665 2418 5736 ejus
2443 5679 2667 5736 corpore
2691 5707 2706 5730 ,
2738 5662 2941 5734 majore
2980 5663 3301 5727 documento
3327 5663 3700 5734 Scriptum-um

2141 5759 2308 5818 voluit
2338 5758 2672 5826 conﬁrmare,
2699 5771 2854 5830 quam
2883 5757 3021 5830 quod
3049 5773 3107 5816 se
3129 5757 3242 5830 ipse
3272 5756 3536 5815 visibilem
3557 5764 3698 5832 atque
