3792 6156
31 301 113 360 ωε)
889 308 1061 355 vunco
1100 292 1188 352 DE
1218 288 1515 350 UNlTATE
1555 285 1910 346 ECCLESI/E
1952 290 2155 347 LIBER
2194 287 2393 348 UNUS.

31 415 363 487 ialpabilem
382 414 692 474 mortalium
708 413 945 471 sensibus
961 410 1292 468 admovebat.
1319 411 1394 484 (α)
1415 411 1622 466 Tenea—

31 524 132 564 nus
155 523 304 580 ergo
333 509 638 566 Ecclesiam
658 524 720 564 ex
742 523 834 564 ore
858 506 1068 564 Domini
1096 506 1450 576 designatam,
1485 502 1626 558 unde

31 612 264 672 rteptura
294 644 313 668 ,
371 612 425 660 et
466 617 744 674 quousque
782 609 1104 672 perventura
1156 607 1332 664 esset;
1387 605 1629 667 caeptura

31 697 223 751 milicet
250 695 334 751 ab
367 695 685 762 Jerusalem,
716 702 769 751 et
792 701 1112 765 perventura
1133 691 1185 747 in
1207 705 1394 746 omnes
1417 698 1626 761 gentes.

79 787 177 841 25.
212 787 328 843 Hic
346 788 461 858 jam
489 787 726 858 quisquis
753 785 980 852 dixerit,
1014 784 1312 842 Jerusalem
1347 797 1454 838 non
1483 782 1629 838 illam

31 879 290 936 iisibilem
323 880 602 936 civitatem
645 879 1040 950 intelligendam
1060 920 1076 944 ,
1111 877 1206 934 sed
1233 878 1454 949 ﬁgurate
1481 877 1629 948 posi-

32 987 143 1037 am,
188 979 257 1026 ut
289 971 649 1042 spiritualiter
682 970 971 1041 accipiatur
1003 977 1113 1025 tota
1140 968 1380 1025 Ecclesia
1429 977 1628 1024 materna

33 1079 64 1116 n
95 1062 261 1118 caelis
283 1104 302 1130 ,
349 1071 404 1119 et
432 1079 498 1118 ex
527 1071 677 1133 parte
706 1062 759 1117 in
791 1061 950 1118 terris
976 1060 1293 1132 peregrina;
1336 1067 1513 1130 potest
1540 1058 1622 1114 di-

31 1168 135 1210 :ere
162 1154 350 1210 etiam
377 1153 506 1210 illud
534 1153 758 1224 ﬁgurate
785 1153 1007 1220 dictum,
1042 1152 1175 1220 Quia
1203 1152 1462 1222 oportebat
1483 1149 1630 1206 Chri-

31 1254 143 1298 stum
165 1244 311 1315 pati,
348 1253 399 1299 et
419 1261 678 1314 resurgere
703 1244 850 1299 tertia
883 1244 984 1299 die.
1031 1243 1182 1312 Quod
1208 1243 1448 1314 quisquis
1473 1243 1629 1299 dixe-

31 1335 102 1403 rit,
128 1351 237 1392 nec
266 1352 496 1410 quoquo
520 1337 680 1394 modo
706 1337 1030 1394 christianus
1055 1337 1333 1394 habendus
1352 1347 1454 1393 est.
1481 1335 1633 1393 Sicut

31 1441 144 1497 ergo
174 1427 328 1485 illud
355 1430 569 1500 proprie
588 1430 820 1501 positum
849 1439 952 1495 est,
977 1431 1046 1485 ita
1068 1439 1123 1486 et
1149 1429 1291 1502 quod
1319 1430 1629 1500 adjunctum

31 1528 98 1576 est
120 1518 192 1575 de
217 1521 479 1576 omnium
507 1522 743 1592 gentium
782 1522 1017 1578 Ecclesia
1045 1521 1332 1592 incipiente
1371 1521 1438 1576 ab
1470 1520 1629 1577 Jeru-

31 1612 209 1667 salem.
261 1612 540 1682 Exposuit
567 1614 710 1669 enim
735 1614 991 1669 Dominus
1016 1613 1132 1669 haec
1155 1611 1224 1669 de
1247 1627 1306 1669 se
1341 1612 1482 1669 dicta
1508 1627 1630 1668 esse

31 1705 70 1757 in
99 1702 248 1774 Lege
269 1744 289 1770 ,
321 1713 382 1759 et
400 1704 683 1775 Prophetis
700 1747 716 1773 ,
744 1712 800 1761 et
818 1704 1079 1760 Psalmis:
1111 1712 1166 1759 et
1187 1703 1370 1774 utique
1392 1703 1506 1772 ipsa
1529 1717 1627 1758 ex-

31 1794 223 1864 positio
265 1811 386 1851 non
423 1796 595 1866 potuit
641 1810 762 1852 esse
794 1794 1050 1866 ﬁgurata;
1078 1794 1312 1866 alioquin
1349 1808 1458 1850 non
1486 1801 1631 1850 esset

31 1885 316 1954 expositio.
367 1885 570 1942 Deinde
605 1901 727 1942 cum
770 1885 1064 1942 Jerusalem
1108 1884 1330 1957 figurate
1374 1884 1543 1956 posita
1575 1892 1632 1941 et

31 1976 392 2044 Spiritualiter
410 1976 677 2034 intellecta
697 1977 1001 2033 universam
1025 1977 1318 2033 Ecclesiam
1341 1975 1626 2047 significet,

31 2069 306 2138 quomodo
338 2070 588 2127 universa
605 2072 844 2128 Ecclesia
870 2071 1056 2142 incipit
1073 2071 1142 2126 ab
1165 2071 1415 2126 universa
1438 2069 1626 2125 Eccle-

31 2159 118 2222 sia,
153 2167 424 2231 tanquam
453 2160 746 2218 Jerusalem
774 2161 990 2232 incipiat
1007 2163 1074 2216 ab
1093 2161 1436 2218 Jerusalem?
1460 2159 1630 2215 Mani-

31 2248 219 2304 festum
249 2259 344 2307 est
369 2266 498 2322 ergo
522 2253 735 2322 proprie
756 2253 986 2323 positum
1015 2252 1082 2308 de
1103 2253 1193 2307 illa
1220 2252 1456 2320 civitate,
1485 2250 1628 2306 unde

32 2343 181 2397 etiam
202 2342 451 2414 cmpisse
490 2343 748 2413 probatur
772 2343 1012 2400 Ecclesia
1034 2385 1049 2410 ,
1079 2343 1239 2398 etiam
1269 2352 1428 2413 atque
1463 2341 1626 2398 etiam

32 2433 138 2503 ipso
164 2436 577 2501 manifestante,
599 2446 654 2492 et
677 2437 878 2493 nullam
899 2437 1212 2493 insidiarum
1239 2435 1494 2491 latebram
1513 2435 1629 2491 cal-

32 2525 214 2583 liditati
261 2527 540 2586 hmreticze
580 2529 938 2600 relinquente.
986 2528 1076 2586 Sic
1117 2528 1262 2584 enim
1302 2528 1542 2599 sequitur
1572 2536 1629 2584 ct

32 2621 148 2677 dicit
181 2642 194 2677 :
223 2622 302 2678 Et
332 2639 422 2678 vos
448 2624 632 2679 horum
665 2631 847 2687 testes;
887 2630 935 2677 et
963 2637 1055 2693 ego
1082 2621 1225 2676 mitto
1244 2622 1629 2692 promissionem

36 2731 185 2768 meam
209 2731 375 2786 super
395 2731 502 2770 vos.
551 2713 653 2769 Vos
685 2723 853 2768 autent
877 2713 1043 2768 sedete
1068 2713 1122 2767 in
1145 2712 1343 2767 civitate
1366 2713 1626 2784 quoadus-

35 2822 120 2868 que
143 2807 440 2861 induamini
466 2807 649 2862 virtute
680 2822 743 2861 ea:
781 2805 907 2861 alto.
953 2802 1012 2860 In
1055 2820 1159 2876 qua
1205 2806 1387 2876 utique
1411 2806 1627 2864 civitate

37 2897 216 2954 sedere
249 2913 356 2956 eos
378 2897 538 2969 jussit
568 2897 912 2968 quoadusque
946 2897 1294 2954 induerentur
1335 2897 1533 2955 virtute
1558 2914 1626 2954 ex

39 2991 154 3058 alto,
180 2991 233 3047 id
259 3000 386 3061 est,
427 2990 628 3062 Spiritu
655 2999 862 3059 sancto,
905 3005 1063 3061 quem
1088 3005 1148 3047 se
1182 2991 1468 3046 missurum
1507 3006 1628 3048 esse

45 3084 396 3153 promiserat,
424 3083 492 3140 ab
519 3098 582 3139 ea
607 3083 821 3139 civitate
843 3093 1138 3154 cmpturam
1162 3081 1409 3154 praedixit
1437 3083 1627 3141 Eccle-

45 3175 186 3230 siam.
216 3175 276 3232 Si
308 3183 492 3231 autem
528 3189 634 3230 non
673 3189 790 3231 eam
821 3182 1010 3245 putant
1034 3188 1154 3231 esse
1181 3173 1497 3258 Jerusalem,
1529 3192 1627 3231 au-

47 3265 179 3321 diant
201 3265 355 3339 quod
383 3265 624 3337 sequitur
652 3283 665 3320 :
702 3264 959 3321 Produxit
987 3273 1156 3320 autem
1191 3265 1310 3322 illos
1352 3283 1509 3336 usque
1529 3266 1631 3322 Be-

50 3359 262 3414 thaniam
287 3401 307 3428 ,
354 3369 400 3414 et
430 3358 607 3414 levavit
645 3374 827 3414 manus
851 3374 1006 3426 suas,
1047 3366 1096 3414 et
1117 3357 1367 3414 benedixit
1392 3359 1528 3414 illos.
1559 3358 1630 3414 Et

50 3448 223 3517 factum
238 3458 322 3505 est
351 3466 465 3504 cum
491 3449 819 3504 benedixisset
838 3449 974 3516 illos,
1003 3449 1231 3505 discessit
1245 3449 1309 3503 ab
1332 3451 1423 3505 eis.
1449 3448 1514 3504 Et
1530 3451 1630 3522 ipsi

47 3544 215 3597 reversi
243 3552 369 3598 sunt
397 3559 513 3597 cum
538 3543 728 3614 gaudio
747 3543 1003 3615 magnoin
1021 3542 1330 3611 Jerusalem,
1355 3553 1403 3598 et
1428 3547 1630 3614 [uerunt

48 3650 220 3706 semper
265 3638 330 3691 in
353 3635 540 3706 templo
567 3635 836 3691 laudantes
861 3635 1028 3690 Deum
1052 3634 1202 3708 (Luc.
1231 3652 1384 3704 xxrv,
1412 3636 1626 3708 48-55).

52 3725 174 3782 Ecce
202 3728 298 3784 ubi
340 3727 639 3784 ostenditur
677 3727 766 3782 illa
805 3727 1026 3795 civitas,
1068 3728 1124 3784 in
1163 3743 1266 3799 qua
1308 3744 1401 3785 eos
1441 3729 1631 3787 sedere

50 3815 206 3886 jussit,
237 3820 419 3876 donec
444 3819 793 3876 induerentur
813 3819 1008 3875 virtute
1025 3834 1091 3876 ex
1119 3820 1247 3878 alto.

110 3909 340 3969 CAPUT
384 3910 457 3968 XI
485 3910 583 3984 (b).
618 3941 690 3952 —
713 3912 804 3966 27.
836 3911 904 3967 Et
931 3911 1020 3968 hic
1047 3911 1260 3983 quidem
1286 3923 1416 3984 quot
1442 3913 1632 3971 diebus

55 4015 159 4057 cum
186 4004 267 4059 eis
304 4001 483 4070 fuerit,
515 4011 860 4074 posteaquam
886 4017 946 4060 se
973 4004 1152 4059 vivum
1179 4013 1300 4075 post
1325 4005 1631 4076 passionem

56 4108 189 4151 suam
230 4096 408 4153 oculis
445 4110 633 4152 eorum
680 4106 734 4152 et
759 4097 1003 4152 manibus
1029 4096 1432 4162 demonstravit,
1480 4114 1622 4169 prae-

57 4187 349 4246 termissum
376 4196 494 4254 est;
523 4203 629 4244 non
649 4196 830 4245 autem
855 4197 1060 4247 tacetur
1077 4191 1132 4246 in
1161 4192 1379 4248 Actibus
1402 4194 1630 4263 Aposto-

58 4276 211 4337 lorum
232 4322 247 4348 ,
281 4281 375 4336 ubi
420 4295 608 4337 rursus
647 4282 836 4340 eadem
878 4283 1304 4340 manifestatione
1347 4284 1633 4342 verborum

59 4369 434 4430 dominicorum
464 4372 640 4430 futura
676 4389 775 4446 per
798 4374 986 4432 orbem
1014 4384 1275 4432 terrarum
1303 4377 1632 4447 praenuntia-

62 4467 131 4515 tur
150 4464 390 4522 Ecclesia
415 4482 430 4520 :
455 4464 548 4522 ubi
570 4465 746 4521 nullus
770 4467 990 4522 omnino
1012 4465 1256 4524 dubitare
1276 4469 1631 4538 permittatur,

61 4554 146 4609 nisi
172 4558 262 4628 qui
282 4557 353 4614 de
367 4565 674 4614 sanctarum
695 4558 1087 4630 Scripturarum
1109 4559 1210 4615 fide
1236 4560 1462 4628 dubitat,
1485 4561 1632 4618 illam

63 4659 164 4704 esse
181 4649 483 4706 Jerusalem
505 4649 767 4707 visibilem
787 4652 1075 4719 civitatem,
1101 4652 1243 4710 unde
1263 4655 1425 4726 coepit
1451 4655 1636 4712 Eccle-

64 4738 129 4794 sia
156 4749 273 4813 post
295 4742 509 4799 Domini
526 4742 654 4799 Jesu
673 4742 872 4799 Christi
897 4746 1344 4803 resurrectionem
1369 4756 1424 4804 et
1447 4763 1635 4806 ascen-

64 4829 284 4904 sionem;
315 4851 416 4892 nec
439 4835 582 4892 aliud
607 4851 729 4893 eum
756 4837 990 4894 voluisse
1017 4839 1322 4908 ostendere,
1354 4841 1454 4898 nisi
1479 4841 1636 4913 hujus

67 4932 204 4986 teme
228 4930 370 4999 loca,
401 4929 544 4986 unde
575 4929 655 4985 illi
693 4929 845 4986 daret
886 4930 1115 4999 initium,
1145 4942 1200 4990 et
1222 4935 1492 5004 quomodo
1515 4951 1636 4992 eam

68 5031 146 5086 per
168 5032 356 5080 cuncta
387 5021 513 5078 inde
541 5021 878 5079 diffunderet.
908 5021 998 5080 Sic
1020 5025 1163 5080 enim
1192 5026 1444 5096 scriptum
1473 5036 1557 5083 est
1582 5028 1636 5084 in

70 5110 266 5171 Actibus
291 5115 671 5188 Apostolorum
705 5135 718 5171 :
750 5115 985 5171 Primum
1006 5117 1208 5188 quidem
1235 5134 1513 5175 sermonem
1539 5122 1638 5192 feci

73 5200 123 5256 de
138 5207 382 5273 omnibus,
410 5225 441 5263 ο
470 5205 769 5278 Theophila,
791 5225 906 5280 quae
935 5211 1082 5279 coepit
1105 5209 1258 5265 Iesus
1281 5211 1449 5281 facere
1476 5222 1524 5266 et
1544 5212 1638 5268 do-

75 5306 164 5350 cere
189 5315 344 5370 usque
373 5300 430 5354 in
476 5299 611 5354 diem
647 5316 746 5370 quo
780 5299 1048 5370 Apostolos
1076 5301 1224 5373 elegit
1263 5319 1352 5371 per
1381 5302 1636 5373 Spiritum

75 5400 274 5447 sanctum
294 5435 309 5460 ,
356 5391 610 5446 mandans
633 5392 705 5448 eis
733 5391 1011 5463 praedicare
1036 5391 1367 5464 Evangelium
1401 5411 1420 5450 :
1457 5395 1638 5466 quibus

79 5486 455 5557 clmanifestavit
485 5501 542 5540 se
569 5485 737 5556 ipsum
763 5494 874 5554 post
905 5485 1187 5557 passionem
1217 5503 1364 5541 suam
1389 5488 1442 5541 in
1467 5488 1636 5544 multis

78 5571 228 5646 signis,
257 5595 348 5649 per
375 5578 482 5632 dies
507 5577 847 5648 quadraginta
873 5594 1129 5649 apparens
1165 5578 1256 5644 eis,
1288 5587 1333 5634 et
1373 5579 1638 5650 disputans

132 5687 196 5823 ἵκέ
223 5696 349 5758 Apud
374 5702 476 5745 Am.
498 5700 552 5768 et
570 5700 666 5767 Er},
690 5705 794 5756 cap.
822 5695 897 5745 10.

155 5751 178 5803 b
224 5757 355 5812 Nulla
378 5758 472 5812 hoc
493 5757 668 5812 dmsno
691 5761 818 5823 apud
843 5765 897 5810 At

155 5751 196 5823 ὁ)
224 5751 355 5812 nulla
378 5758 472 5812 hoc
493 5751 668 5812 divisio
691 5751 818 5824 apud
843 5765 941 5810 Ληι.
971 5765 1020 5811 et
1039 5763 1110 5809 Er.

3221 289 3328 352 410

1736 403 1798 457 de
1823 420 1975 475 regno
2016 403 2128 458 Dei.
2174 404 2239 459 Et
2281 421 2395 459 cum
2423 412 2799 460 conversaretur
2822 419 2937 460 cum
2961 404 3052 474 eis,
3081 408 3323 483 pra’cepit

1736 495 1806 548 eis
1831 512 1892 550 ne
1912 497 2223 552 discederent
2251 497 2313 551 ab
2339 495 2691 571 Jerosolymis,
2714 500 2802 556 sed
2827 510 3175 573 exspectarent
3199 521 3327 577 pro-

1720 589 2022 644 missionem
2047 590 2177 660 ejus,
2199 605 2351 659 quam
2370 590 2604 660 audistis,
2628 593 2807 664 inquit,
2831 611 2896 650 ea:
2919 611 3006 650 ore
3025 612 3154 652 meo.
3183 596 3319 663 Quia

1735 680 1961 738 Joannes
1981 683 2180 753 quidem
2208 685 2476 755 baptizavit
2498 702 2652 757 aqua,
2677 703 2763 744 vos
2783 698 2950 745 autem
2977 690 3176 762 Spiritu
3199 694 3322 748 san-

1736 786 1814 830 cto
1834 777 2232 847 baptizabimini,
2245 795 2390 850 quem
2408 788 2452 834 et
2478 783 2734 852 accepturi
2744 784 2860 838 estis
2877 801 2980 840 non
3005 793 3116 856 post
3137 786 3322 842 multos

1735 870 1828 924 hos
1855 870 1982 925 dies.
2003 869 2069 925 At
2091 871 2171 926 illi
2194 872 2395 943 quidem
2420 874 2763 931 convenientes
2783 877 3159 949 interrogabant
3185 895 3322 948 eum,

1736 959 1954 1018 dicentes
1979 979 1998 1018 :
2029 962 2266 1031 Domine,
2296 965 2342 1019 si
2381 965 2435 1019 in
2471 975 2692 1037 tempore
2723 968 2818 1023 hoc
2854 971 3081 1026 restitues
3115 987 3325 1043 regnum

1736 1050 1941 1108 Israel?
1973 1054 2165 1121 Quibus
2190 1057 2500 1128 respondens
2529 1059 2657 1114 dixit
2685 1075 2705 1113 :
2729 1058 2852 1116 Non
2877 1071 2949 1116 est
2964 1072 3181 1118 vestrum
3196 1063 3326 1119 scire

1735 1152 1959 1217 tempora
1992 1148 2068 1203 vel
2098 1159 2348 1204 momenta
2366 1153 2405 1217 ³,
2433 1167 2547 1220 quae
2585 1149 2742 1206 Pater
2781 1154 2948 1223 posuit
2979 1154 3032 1208 in
3057 1170 3150 1210 sua
3175 1163 3324 1227 pote-

1734 1247 1897 1306 state;
1926 1240 2013 1294 sed
2053 1241 2308 1311 accipietis
2351 1243 2582 1298 virtutem
2633 1243 2858 1315 Spiritus
2897 1245 3058 1300 sancti
3083 1262 3325 1318 superve-

1734 1332 1953 1388 nientem
1977 1335 2028 1388 in
2057 1350 2168 1401 vos,
2202 1344 2250 1389 ct
2277 1336 2413 1390 eritis
2445 1337 2570 1391 mihi
2603 1346 2750 1392 testes
2775 1339 2829 1392 in
2862 1337 3166 1405 Jerusalem,
3197 1339 3324 1395 etin

1735 1433 1840 1478 tota
1856 1422 2064 1492 Iudaea,
2094 1435 2142 1479 et
2172 1425 2431 1492 Samaria,
2473 1437 2520 1482 et
2546 1445 2704 1499 usque
2723 1428 2776 1483 in
2798 1437 2953 1484 totam
2976 1439 3159 1485 terram
3181 1429 3320 1500 (Act.

1734 1531 1773 1582 ι,
1808 1515 1942 1587 1-8).
1973 1515 2113 1572 Ecce
2138 1526 2191 1573 et
2218 1517 2303 1574 hic
2325 1517 2716 1574 manifestatum
2743 1527 2827 1575 est
2861 1519 3003 1577 unde
3043 1530 3319 1592 captura,

1734 1615 1788 1663 et
1813 1623 2092 1680 quousque
2121 1619 2438 1680 perventura
2466 1619 2610 1668 esset
2637 1612 2890 1668 Ecclesia.

1803 1700 1894 1756 28.
1935 1699 2073 1768 Quid
2115 1701 2181 1756 ad
2212 1701 2327 1758 haec
2355 1702 2538 1758 dicunt
2565 1702 2657 1774 qui
2684 1703 3006 1762 christianos
3042 1718 3102 1762 se
3131 1720 3322 1778 super-

1732 1790 1953 1849 bissime
1977 1791 2190 1859 dicunt,
2221 1803 2276 1849 et
2303 1792 2518 1851 Christo
2545 1787 2882 1866 apertissime
2908 1797 3319 1854 contradicunt?

1732 1884 1842 1942 Nos
1895 1885 2033 1942 hanc
2071 1886 2364 1942 Ecclesiam
2409 1897 2672 1955 tenemus,
2701 1897 2888 1945 contra
2937 1890 3066 1946 istas
3112 1890 3322 1947 divinas

1733 1989 1892 2032 voces
1921 1977 2092 2032 nullas
2117 1976 2377 2033 humanas
2397 1978 2799 2036 criminationes
2825 1978 3177 2036 admittimus.
3200 1980 3319 2037 Mo-

1733 2079 1826 2125 vet
1852 2069 1992 2125 enim
2021 2084 2118 2125 nos
2143 2070 2428 2142 plurimum
2451 2113 2466 2140 ,
2495 2072 2635 2143 quod
2675 2072 2930 2128 Dominus
2969 2080 3190 2141 noster,
3233 2073 3322 2130 cui

1733 2175 1840 2216 non
1888 2159 2108 2217 credere
2155 2161 2472 2232 sacrilegum
2516 2171 2571 2218 et
2619 2162 2840 2234 impium
2879 2171 2983 2229 est,
3016 2163 3322 2222 novissimis

1731 2251 1908 2307 verbis
1934 2252 2066 2319 suis,
2106 2267 2225 2322 qua:
2263 2251 2448 2308 habuit
2488 2253 2544 2308 in
2573 2261 2733 2319 terra,
2765 2253 2882 2310 hmc
2910 2254 3191 2324 primitivaa
3217 2253 3323 2311 Ec-

1732 2347 1915 2402 clesiae
1940 2347 2260 2404 documenta
2305 2347 2538 2404 salubria
2582 2358 2638 2405 et
2679 2349 2968 2406 novissima
3014 2349 3319 2421 dereliquit.

1733 2437 1828 2494 llis
1852 2439 1992 2493 enim
2028 2438 2183 2495 dictis
2213 2454 2336 2494 mox
2378 2439 2619 2496 ascendit
2648 2440 2701 2496 in
2728 2441 2924 2497 caelum
2950 2461 2963 2496 :
2999 2443 3324 2511 praemunire

1731 2532 1897 2586 voluit
1917 2546 2074 2588 aures
2100 2541 2311 2588 nostras
2335 2531 2592 2588 adversus
2616 2547 2732 2600 eos,
2756 2547 2890 2603 quos
2913 2531 3324 2604 procedentibus

1733 2624 2060 2694 temporibus
2082 2635 2490 2681 exsurrccturos
2529 2638 2648 2681 esse
2691 2624 3029 2694 praedixerat,
3058 2632 3113 2680 et
3148 2625 3323 2681 dictu-

1731 2732 1842 2784 ros,
1874 2716 2008 2772 Ecce
2028 2717 2110 2771 hic
2137 2726 2208 2772 est
2232 2716 2484 2784 Christus,
2505 2733 2616 2772 ecce
2641 2717 2749 2772 illic
2775 2715 2989 2788 (Matth.
3019 2732 3172 2783 xxxv,
3200 2716 3319 2789 9.3).

1731 2810 1937 2879 Quibus
1969 2826 2037 2866 ne
2063 2811 2407 2867 crederemus
2449 2799 2744 2866 admonuit.
2775 2809 2886 2866 Nec
2915 2810 3022 2866 ulla
3049 2810 3204 2866 nobis
3227 2825 3324 2866 ex-

1731 2902 1936 2958 cusatio
1963 2911 2078 2970 est,
2120 2902 2164 2958 si
2205 2902 2588 2959 crediderimus
2613 2910 2802 2958 contra
2826 2916 3013 2958 vocem
3053 2902 3316 2974 pastoris,

1732 3002 1839 3049 tam
1865 2993 2083 3062 claram,
2108 3003 2215 3050 tam
2249 3005 2509 3065 apertam,
2542 3003 2649 3050 tam
2678 2993 3038 3060 manifestam,
3079 3003 3136 3050 ut
3161 3009 3324 3051 nemo

1731 3086 1816 3142 vel
1843 3086 2066 3142 obtusus
2088 3094 2144 3142 et
2170 3086 2352 3142 tardus
2380 3086 2543 3142 corde
2568 3088 2735 3157 possit
2767 3085 2946 3143 dicere
2964 3127 2979 3152 ,
3019 3086 3134 3142 Non
3162 3087 3325 3144 intel-

1732 3176 1858 3232 lexi.
1881 3176 2010 3245 Quis
2030 3177 2171 3232 enim
2200 3192 2307 3232 non
2343 3177 2624 3248 intelligat,
2649 3177 2740 3233 Sic
2779 3178 3040 3248 oportebat
3061 3177 3320 3234 Christum

1732 3269 1860 3339 pati,
1887 3276 1934 3322 et
1950 3283 2211 3338 resurgere
2235 3269 2382 3322 tertia
2411 3266 2512 3336 die,
2541 3276 2588 3322 et
2612 3269 2880 3339 praedicari
2904 3269 2956 3322 in
2986 3270 3186 3323 nomine
3213 3271 3324 3341 ejus

1733 3359 2073 3432 pmnilentiam
2098 3367 2146 3414 et
2171 3360 2513 3414 remissionem
2537 3368 2855 3429 peccatorum
2876 3375 2966 3431 per
2997 3375 3168 3414 omnes
3192 3377 3322 3429 gen-

1735 3460 1826 3516 tes,
1874 3448 2223 3521 incipientibus
2266 3451 2329 3504 ab
2368 3449 2694 3504 Jerusalem?
2735 3449 2864 3518 Quis
2891 3463 2996 3504 non
3042 3449 3321 3520 intelligat,

1735 3542 1892 3598 Erilis
1931 3542 2058 3596 milii
2094 3551 2242 3596 testes
2279 3542 2334 3595 in
2374 3539 2695 3607 Jerusalem,
2737 3550 2784 3594 et
2811 3541 2866 3595 in
2905 3548 3009 3595 tota
3035 3540 3244 3607 Judaza,
3276 3555 3326 3596 et

1735 3634 1998 3701 Samaria,
2022 3641 2070 3687 et
2096 3649 2250 3702 usque
2273 3633 2326 3687 in
2351 3640 2506 3686 totam
2525 3633 2748 3687 terram?
2771 3631 2872 3687 His
2906 3632 3075 3700 dictis,
3102 3633 3326 3689 elevatus

1735 3725 2042 3793 est,etnubes
2054 3724 2466 3794 suscepiteum,et
2480 3722 3042 3779 viderunteumeuntem
3053 3724 3105 3778 in
3119 3723 3326 3779 calum?

1735 3816 1873 3885 Quid
1899 3816 2002 3873 hoc
2039 3827 2142 3884 est,
2189 3816 2362 3887 rogo?
2398 3814 2534 3871 Cum
2561 3814 2728 3871 verba
2773 3815 3060 3871 novissima
3089 3815 3324 3871 hominis

1735 3908 2014 3964 morientis
2039 3907 2326 3963 audiuntur
2342 3949 2358 3975 ,
2388 3906 2511 3962 ituri
2537 3906 2604 3962 ad
2624 3905 2845 3973 inferos,
2869 3921 3028 3962 nemo
3053 3921 3174 3962 eum
3198 3904 3332 3962 dicit

1737 4017 1859 4059 esse
1886 4002 2190 4064 mentitum.
2238 4010 2294 4056 et
2317 4000 2513 4072 impius
2551 3999 2822 4070 iudicatur
2848 3999 3044 4068 hreres,
3073 3999 3164 4071 qui
3191 3999 3332 4056 forte

1739 4096 1826 4152 illa
1871 4094 2252 4165 contempserit
2296 4111 2309 4148 :
2356 4092 2626 4165 quomodo
2667 4107 2796 4164 ergo
2837 4092 3151 4165 effugiemus
3191 4094 3330 4149 iram

1739 4187 1864 4254 Dei,
1893 4187 1936 4242 si
1958 4186 2043 4242 vel
2065 4200 2171 4241 non
2196 4184 2478 4241 credentes
2497 4225 2514 4252 ,
2544 4186 2629 4240 vel
2654 4195 3060 4243 contemnentes
3109 4185 3328 4255 repule-

1739 4280 1908 4335 rimus
1932 4278 2093 4334 verba
2115 4277 2436 4343 novissima,
2470 4285 2524 4333 et
2551 4277 2694 4332 unici
2723 4275 2845 4331 Filii
2885 4276 3015 4344 Dei,
3058 4285 3114 4331 et
3158 4277 3331 4333 nostri

1740 4372 1953 4429 Domini
1978 4387 2043 4428 ac
2067 4370 2386 4437 Salvatoris,
2417 4377 2474 4425 et
2498 4369 2621 4424 ituri
2644 4369 2698 4424 in
2719 4368 2915 4424 cmlum
2938 4411 2955 4438 ,
2978 4377 3034 4425 et
3054 4369 3178 4426 inde
3201 4385 3332 4441 pro-

1741 4465 1971 4536 specturi
1999 4464 2118 4535 quis
2142 4478 2203 4517 ea
2231 4462 2479 4533 negligat,
2507 4461 2626 4533 quis
2655 4461 2939 4530 observet;
2969 4472 3023 4519 et
3051 4462 3174 4518 inde
3199 4479 3333 4519 ven-

1742 4559 1868 4626 turi,
1896 4565 1955 4613 ut
1982 4556 2049 4612 de
2079 4555 2327 4611 omnibus
2353 4553 2596 4625 judicet?
2627 4554 2810 4611 Habeo
2836 4555 3328 4612 manifestissimae:

1741 4665 1925 4707 vocem
1947 4649 2176 4719 pastoris
2201 4647 2327 4714 mei,
2354 4645 2775 4704 commendantis
2804 4647 2930 4702 mihi
2957 4657 3012 4704 et
3041 4648 3159 4704 sine
3195 4648 3323 4705 ullis

1741 4741 2052 4812 ambagibus
2083 4740 2428 4812 exprimentis
2454 4739 2746 4796 Ecclesiam
2779 4756 2791 4792 :
2819 4738 2950 4794 mihi
2977 4739 3248 4810 imputabo
3280 4741 3330 4796 si

1741 4837 1810 4894 ab
1833 4837 1952 4909 ejus
1975 4851 2153 4909 grege,
2177 4835 2318 4906 quod
2340 4843 2423 4892 est
2443 4834 2556 4907 ipsa
2577 4833 2835 4900 Ecclesia,
2859 4847 2957 4903 per
2975 4833 3136 4889 verba
3157 4832 3333 4890 homi-

1743 4948 1871 4988 num
1897 4929 2077 4986 seduci
2104 4937 2262 5000 atque
2287 4929 2538 4985 aberrare
2566 4926 2815 4992 voluero;
2839 4939 2962 4981 cum
2989 4941 3076 4981 me
3101 4941 3332 4996 praescr-

1744 5027 1840 5082 tim
1884 5022 2220 5080 admonuerit
2269 5021 2472 5088 dicens,
2503 5021 2630 5088 Quae
2668 5027 2789 5075 sunt
2830 5035 2944 5075 oves
2986 5034 3131 5084 meas,
3163 5035 3333 5073 vocem

1743 5135 1906 5173 meam
1930 5117 2144 5171 audiunt
2169 5124 2215 5169 et
2243 5123 2517 5185 sequuntur
2540 5128 2620 5168 me
2640 5110 2819 5182 (Joan.
2843 5128 2899 5179 Χ,
2920 5110 3036 5183 27).
3065 5109 3204 5165 Ecce
3229 5126 3333 5166 vos

1744 5213 1863 5282 ejus
1891 5211 2033 5266 clara
2061 5218 2114 5264 et
2138 5216 2322 5278 aperta
2356 5223 2369 5261 :
2399 5205 2500 5260 hac
2535 5202 2712 5259 audita
2740 5203 2830 5274 qui
2857 5218 2981 5260 eum
3013 5219 3119 5259 non
3149 5204 3330 5273 sequi-

1745 5312 1852 5368 tur,
1883 5300 2151 5372 quomodo
2190 5314 2249 5354 se
2295 5312 2448 5354 ovem
2478 5295 2594 5367 ejus
2636 5295 2818 5352 dicere
2861 5296 3119 5352 audebit?
3164 5294 3336 5351 Nemo

1745 5395 1877 5451 mihi
1899 5394 2040 5449 dicat
2063 5411 2075 5446 :
2104 5392 2148 5448 Ο
2170 5390 2295 5462 quid
2319 5390 2453 5446 dixit
2473 5389 2732 5456 Donatus,
2756 5403 2788 5442 ο
2809 5388 2936 5460 quid
2955 5387 3088 5444 dixit
3111 5386 3330 5442 Parme-

1746 5491 1956 5556 nianus,
1985 5497 2076 5544 aut
2103 5485 2352 5551 Pontius,
2383 5493 2474 5541 aut
2510 5483 2734 5556 quilibet
2762 5483 3012 5538 illorum!
3043 5480 3174 5549 Quia
3220 5493 3323 5535 nec

1746 5570 2024 5642 catholicis
2066 5579 2331 5650 episc0pis
2374 5576 2813 5634 consentiendum
2843 5584 2958 5642 est,
2989 5573 3158 5629 sicubi
3196 5572 3334 5628 forte

1810 5698 1827 5728 ι
1864 5702 1913 5744 ιιι
1935 5692 2222 5742 Floriacensi
2245 5689 2409 5741 codice
2445 5689 2605 5754 deest,
2635 5688 2708 5743 uel
2743 5693 3009 5753 momenta;
3047 5685 3178 5753 quod
3218 5683 3336 5742 altbt

1753 5759 1910 5815 omitti
1930 5755 2057 5810 solet
2080 5757 2129 5808 in
2151 5755 2406 5819 manuscrij
2423 5754 2500 5806 tis.
