3812 6168
487 191 585 249 Ml

486 308 763 373 falluntur,
794 312 849 360 ut
876 313 1064 360 contra
1095 304 1381 361 canonieas
1417 303 1508 359 Dei
1539 304 1846 377 Scripturas
1873 306 2074 377 aliquid

487 400 740 456 sentiant.
772 396 880 453 Sed
905 397 950 451 si
978 395 1243 451 custodito
1266 397 1281 429 '
1332 396 1551 451 unitatis
1574 406 1629 453 et
1655 397 1931 454 charitatis
1959 399 2078 453 vin-

488 491 614 546 culo
640 491 692 545 in
725 487 826 543 hoc
854 487 1113 554 incidunt,
1144 485 1234 542 llet
1259 486 1311 551 in
1348 487 1428 542 eis
1470 487 1609 559 quod
1637 490 1926 559 Apostolus
1957 490 2032 546 ait
2063 507 2079 559 ;

492 585 556 641 Et
576 585 621 638 si
643 582 765 654 quid
783 583 929 636 aliter
955 580 1155 652 sapitis,
1179 581 1273 636 hoc
1291 598 1486 653 quoque
1515 582 1652 639 Deus
1671 583 1807 639 vobis
1843 583 2080 639 reuelabit

489 677 509 746 (
519 673 926 746 ΡΙιὶΙὶρρ.ιιι,15)
939 711 953 726 .
970 672 1087 729 Jam
1101 687 1232 729 vero
1244 673 1359 730 istae
1374 674 1567 729 divina:
1578 689 1736 731 voces
1750 674 1817 731 de
1829 676 2077 733 universa

495 767 753 833 Ecclesia,
773 766 844 820 ita
873 765 1168 821 manifesta:
1187 774 1333 832 sunt,
1346 775 1403 821 ut
1418 776 1602 823 contra
1615 782 1707 823 eas
1722 768 1821 823 nisi
1836 768 2075 824 haeretici

484 859 720 914 animosa
738 858 1087 928 perversitate
1098 866 1309 915 etczeco
1325 859 1503 916 lurore
1514 859 1709 916 latrare
1726 875 1830 916 non
1850 863 2074 933 possint.

553 950 644 1005 29.
686 949 793 1007 Sed
827 949 1137 1021 prmdictam
1178 951 1666 1008 demonstravimus
1695 953 1989 1010 Ecclesium
2024 954 2078 1011 in

484 1045 651 1100 verbo
675 1043 767 1100 Dei
794 1057 992 1115 Sponso
1012 1043 1150 1115 ejus,
1181 1045 1294 1101 sive
1315 1060 1411 1117 per
1434 1045 1654 1117 Legem,
1679 1056 1733 1102 et
1755 1046 2072 1118 Prophetas,

484 1145 538 1190 et
566 1135 829 1201 Psalmos,
861 1136 975 1192 sive
996 1151 1094 1207 per
1113 1151 1175 1192 os
1197 1137 1496 1208 proprium,
1535 1137 1602 1194 ab
1638 1137 1936 1195 Jerusalem
1966 1154 2077 1196 cte-

485 1234 731 1298 pturam,
777 1234 835 1285 et
873 1235 1252 1296 perventuram
1302 1243 1471 1299 usque
1516 1229 1583 1285 ad
1629 1230 1889 1286 terminos
1930 1231 2077 1288 orbis

485 1326 645 1374 terra:
674 1336 687 1373 :
717 1316 987 1390 quomodo
1032 1328 1208 1375 autem
1236 1321 1460 1391 coeperit
1482 1321 1549 1377 ab
1574 1321 1894 1390 Jerusalem,
1936 1331 1992 1379 et
2021 1323 2076 1379 in

484 1424 672 1467 omnes
697 1420 884 1483 gentes
910 1411 1032 1467 inde
1056 1411 1248 1468 dili'usa
1277 1412 1586 1481 l'ructilicet,
1613 1413 1665 1469 in
1693 1416 1883 1471 eodem
1906 1416 2074 1473 verbo

485 1502 581 1559 Dei
605 1504 765 1559 etiam
790 1519 888 1575 per
908 1506 1195 1575 Apostolos
1214 1504 1632 1573 demonstratur,
1656 1508 1794 1564 sicut
1813 1509 2071 1582 scriptum

483 1602 568 1649 est
593 1594 646 1649 in
676 1595 896 1651 Actibus
919 1595 1321 1667 Apostolorum,
1350 1597 1492 1668 quod
1522 1597 1632 1668 jam
1656 1602 2072 1657 commemoravi

481 1685 682 1742 dixisse
714 1687 1027 1756 Dominum,
1070 1685 1233 1743 Erilis
1262 1689 1387 1743 mihi
1425 1697 1571 1744 testes
1594 1690 1648 1745 in
1673 1689 1959 1747 Jerusalem
1978 1734 1993 1759 ,
2025 1702 2073 1749 et

480 1778 536 1832 in
569 1787 675 1833 tota
701 1777 918 1844 Juda'a,
948 1788 997 1835 et
1026 1764 1295 1849 Samaria,
1331 1789 1378 1835 et
1403 1798 1560 1853 usque
1595 1783 1650 1838 in
1679 1792 1833 1838 totam
1863 1794 2069 1843 terram.

479 1870 686 1928 Deinde
707 1871 947 1943 sequitur
968 1887 983 1928 :
1007 1871 1137 1928 Htec
1163 1890 1279 1928 cum
1297 1874 1526 1943 dixisset,
1550 1876 1829 1933 videntibus
1852 1878 1956 1933 illis
1972 1879 2073 1934 ele-

477 1974 623 2019 vatus
644 1973 737 2032 est,
764 1973 812 2018 et
837 1964 991 2020 nubes
1010 1968 1230 2037 suscepit
1244 1983 1356 2021 eum
1377 1968 1440 2021 ab
1459 1968 1621 2024 oculis
1638 1984 1834 2023 eorum.
1866 1969 1934 2024 Et
1956 1987 2072 2026 cum

475 2058 792 2114 intuerentur
808 2060 863 2114 in
883 2060 1061 2115 caelum
1085 2070 1285 2115 euntem
1310 2062 1479 2129 illum,
1508 2077 1622 2117 ecce
1646 2062 1748 2117 duo
1775 2063 1874 2118 viri
1896 2065 2071 2119 astite-

474 2159 593 2206 runt
611 2152 717 2206 illis
738 2153 793 2207 in
814 2162 944 2208 veste
963 2155 1202 2221 candida,
1226 2156 1312 2225 qui
1332 2164 1378 2210 et
1394 2154 1667 2211 dixerunt:
1708 2155 1814 2211 Viri
1838 2156 2061 2227 Galilei,

475 2243 599 2313 quid
621 2244 765 2298 statis
793 2243 1114 2315 respicientes
1130 2246 1183 2299 in
1206 2246 1432 2300 etclam?
1457 2244 1565 2301 Iste
1582 2246 1615 2300 J
1622 2263 1733 2302 esus
1753 2248 1842 2318 qui
1865 2265 2066 2305 assum-

476 2342 592 2406 ptus
617 2343 691 2389 est
716 2351 749 2389 a
773 2336 909 2392 vobis
934 2335 989 2390 in
1021 2337 1221 2403 ctelum,
1252 2338 1325 2392 sic
1353 2338 1515 2393 veniet
1538 2340 1963 2409 quemadmodum
1986 2343 2066 2397 vi-

475 2426 621 2482 distis
645 2443 759 2482 eum
781 2436 980 2483 euntem
1006 2428 1060 2483 in
1084 2429 1285 2483 calum.
1309 2427 1454 2484 Tunc
1480 2432 1667 2485 reversi
1687 2440 1805 2486 sunt
1828 2434 1883 2488 in
1903 2432 2067 2490 Jeru-

475 2518 634 2573 salem
661 2535 693 2573 a
718 2529 889 2575 monte
914 2521 1000 2589 qui
1020 2528 1226 2576 vocatur
1245 2519 1447 2588 Elaeon,
1474 2522 1563 2593 qui
1585 2530 1662 2578 est
1677 2524 1830 2594 juxta
1856 2523 2067 2581 Jeroso-

474 2610 685 2680 lymam,
713 2610 907 2665 sabbati
925 2610 1112 2666 habens
1130 2612 1243 2666 iter.
1272 2610 1343 2666 Et
1362 2628 1473 2666 cum
1493 2614 1803 2682 introissent,
1826 2616 2067 2672 ascende-

471 2708 593 2755 runt
638 2702 691 2756 in
739 2702 1023 2772 superiora,
1065 2701 1151 2757 ubi
1198 2712 1340 2759 erant
1366 2704 1738 2775 inhabitantes,
1789 2704 1976 2762 Petrus
2017 2717 2065 2763 et

471 2792 698 2850 Joannes
721 2837 735 2862 ,
767 2794 989 2851 Jacobus
1014 2805 1060 2851 et
1095 2794 1325 2851 Andreas
1348 2839 1363 2865 ,
1412 2796 1689 2869 Philippus
1720 2810 1767 2853 et
1796 2797 2022 2855 Thomas
2043 2842 2061 2870 ,

471 2882 876 2941 Bartholomazus
905 2895 953 2941 et
981 2884 1277 2954 Malthteus,
1307 2886 1532 2942 Jacobus
1554 2888 1777 2959 Alphtei,
1808 2898 1855 2945 et
1881 2889 2064 2946 Simon

470 2974 689 3044 Zelotes,
723 2986 771 3031 et
806 2976 976 3033 Judas
1011 2978 1213 3034 Jacobi.
1248 2978 1323 3033 Hi
1358 2996 1530 3034 omnes
1556 2989 1700 3034 erant
1738 2982 2063 3039 asservientes

470 3069 735 3125 unanimes
776 3072 995 3126 orationi
1023 3087 1139 3126 cum
1178 3072 1472 3127 mulieribus
1507 3082 1555 3126 et
1594 3071 1794 3140 Maria,
1825 3090 1940 3142 qua:
1966 3075 2063 3147 fuit

473 3173 637 3217 mater
663 3161 808 3232 Jesu,
845 3173 892 3219 et
916 3164 1163 3235 fratribus
1191 3165 1322 3238 ejus.
1353 3163 1422 3219 In
1443 3165 1523 3220 his
1543 3175 1712 3220 autem
1741 3167 1914 3223 diebus
1947 3184 2064 3223 sur-

470 3269 594 3327 gens
618 3252 804 3310 Petrus
834 3256 889 3311 in
930 3255 1095 3311 medio
1119 3254 1485 3327 discipulorum
1502 3298 1518 3323 ,
1551 3255 1719 3320 dixit;
1747 3266 1856 3311 erat
1893 3267 2062 3313 autem

472 3345 618 3400 turba
646 3346 906 3401 hominum
948 3346 1149 3403 circitef
1182 3355 1382 3402 centum
1407 3347 1602 3420 viginti.
1636 3348 1841 3405 Deinde
1870 3364 2059 3404 narra-

472 3444 582 3504 tur,
624 3437 784 3494 Petro
826 3439 1053 3495 faciente
1081 3454 1388 3497 sermonem
1414 3483 1428 3509 ,
1457 3440 1909 3512 quemadmodum
1949 3442 2061 3498 Ma-

469 3528 610 3585 thias
640 3531 691 3585 in
719 3530 895 3587 locum
921 3531 1072 3589 Juda:
1094 3533 1369 3590 traditoris
1397 3533 1607 3591 Domini
1632 3535 1948 3607 subrogatus
1968 3537 2060 3594 sit.

470 3620 541 3677 Et
560 3632 682 3693 post
701 3622 817 3694 ejus
840 3623 1231 3681 ordinationem
1264 3625 1507 3696 sequitur
1530 3625 1804 3697 Scriptura
1829 3625 2012 3683 dicens
2040 3644 2057 3683 :

471 3708 542 3771 Et
565 3733 679 3770 cum
701 3715 1074 3788 complerentur
1102 3718 1210 3772 dies
1245 3716 1590 3784 Pentecostes,
1621 3729 1763 3775 erant
1789 3735 1960 3774 omnes
1988 3721 2061 3775 si-

470 3808 578 3862 mul
596 3808 647 3862 in
668 3824 825 3862 unum
839 3810 861 3841 ⁸
887 3823 907 3863 :
931 3817 976 3862 et
999 3812 1162 3881 {actus
1184 3816 1256 3864 est
1274 3818 1479 3881 repente
1495 3809 1558 3865 de
1582 3811 1707 3865 ctelo
1727 3827 1900 3878 sonus,
1925 3813 2060 3868 velut

470 3882 783 3953 decurrentis
817 3900 1025 3971 spiritus
1063 3901 1394 3966 vehementis,
1436 3909 1485 3956 et
1517 3902 1725 3972 replevit
1766 3911 1921 3957 totam
1962 3904 2060 3958 do-

469 4006 626 4057 mum,
667 3990 753 4045 ubi
788 3998 933 4045 erant
956 3991 1219 4058 sedentes;
1246 4001 1298 4047 et
1337 3992 1459 4047 visat
1481 4001 1597 4047 sunt
1637 3993 1740 4048 illis
1776 3994 2059 4050 distributae

474 4080 664 4154 lingua:
683 4081 814 4136 velut
837 4083 971 4153 ignis
997 4098 1018 4138 :
1045 4084 1270 4139 consedit
1292 4094 1460 4139 autem
1479 4101 1632 4157 super
1656 4103 2058 4159 unumquemque

471 4162 665 4239 eorum,
690 4184 737 4228 et
757 4175 935 4246 repleti
959 4183 1076 4230 sunt
1097 4191 1268 4231 omnes
1291 4166 1493 4248 Spiritu
1512 4184 1704 4244 sancto,
1732 4187 1780 4233 et
1802 4188 2057 4251 eruperunt

472 4265 609 4337 loqui
648 4266 802 4321 variis
837 4266 1056 4338 linguis,
1094 4276 1244 4339 prout
1283 4266 1511 4337 Spiritus
1539 4267 1691 4322 dabat
1729 4272 2058 4341 pronuntiare

469 4360 594 4416 illis.
626 4359 790 4414 Erant
822 4366 990 4414 autem
1018 4360 1352 4415 inhabitantes
1377 4360 1431 4414 in
1454 4359 1745 4418 Jerusalem
1768 4360 1940 4419 Judazi
1961 4364 2058 4420 viri

468 4454 693 4526 religiosi
706 4454 727 4486 ³
742 4495 758 4521 ,
802 4470 867 4508 ea:
890 4453 1030 4508 omni
1052 4462 1195 4525 gente
1215 4469 1328 4524 qua
1351 4462 1424 4509 est
1443 4454 1535 4509 sub
1562 4455 1706 4510 ctelo.
1732 4454 1955 4526 Cumque
1974 4461 2057 4530 fa-

469 4558 550 4602 cta
568 4554 696 4602 esset
721 4546 827 4601 haec
857 4562 974 4612 vox,
1004 4546 1233 4600 convenit
1254 4547 1544 4614 multitudo,
1575 4565 1636 4603 ac
1665 4558 1828 4604 mente
1846 4553 2060 4623 confusa

469 4650 561 4707 est,
585 4641 705 4712 quia
729 4639 964 4695 audiebat
983 4640 1325 4710 unusquisque
1345 4656 1518 4695 eorunt
1536 4658 1630 4696 sua
1649 4642 1824 4715 lingua
1846 4644 2058 4715 loquen-

469 4740 542 4788 tes
569 4749 672 4787 eos.
701 4730 984 4803 Stupebant
1016 4738 1187 4785 autent
1212 4740 1258 4785 et
1291 4730 1605 4787 mirabantur
1630 4734 1699 4789 ad
1730 4735 1947 4791 invicem
1975 4736 2057 4791 di-

469 4832 633 4876 centes
663 4838 684 4877 :
704 4820 892 4878 Nonne
916 4838 1088 4879 omnes
1110 4822 1196 4878 isti
1219 4823 1307 4894 qui
1338 4822 1610 4894 loquuntur
1626 4866 1642 4894 ,
1675 4824 1877 4883 Caliltei
1899 4837 2015 4884 sunt
2031 4828 2059 4884 1'

469 4914 539 4969 Et
563 4916 810 4983 quomodo
844 4933 937 4971 nos
974 4915 1258 4971 audivimus
1291 4917 1630 4989 unusquisque
1670 4919 1929 4990 prapriam
1958 4921 2061 4976 lin-

469 5022 641 5078 guam,
669 5008 722 5062 in
741 5024 841 5075 qua
860 5010 967 5063 nati
991 5026 1163 5065 sumus
1180 5010 1207 5064 7
1230 5008 1436 5078 Parthi,
1459 5019 1506 5065 et
1527 5009 1687 5078 Medi,
1717 5020 1766 5067 et
1794 5010 2052 5082 Elamita',

468 5109 515 5156 et
532 5101 618 5171 qni
637 5099 920 5155 inhabitant
941 5099 1361 5171 Mesopotamiam
1375 5102 1567 5170 Judtei,
1590 5112 1637 5158 et
1654 5103 2052 5175 Cappadociam,

469 5193 713 5262 Pontum,
735 5202 783 5249 et
802 5194 996 5262 Asiam,
1018 5193 1396 5269 Phrygiamque
1410 5205 1456 5251 et
1473 5195 1855 5269 Pamphyliam,
1880 5198 2055 5272 digg-

469 5297 630 5362 ptum,
657 5297 702 5342 et
732 5296 897 5358 partes
924 5287 1099 5361 Lybiae
1125 5306 1238 5360 quat
1264 5299 1381 5345 sunt
1409 5291 1478 5344 ad
1505 5289 1754 5363 Cyrenen,
1780 5303 1828 5348 et
1851 5295 1941 5365 qui
1960 5295 2058 5349 ad-

470 5389 709 5439 venerant
731 5380 972 5449 Romani,
995 5381 1264 5455 Judazique
1278 5392 1322 5437 et
1342 5384 1568 5453 advena,
1586 5385 1841 5443 Cretenses
1861 5397 1908 5443 el
1926 5390 2057 5443 Ara-

531 5497 555 5594 :
741 5493 1583 5627 ﬁvﬁgnqﬁg’mii’mm
1603 5562 1779 5627 codex,
1803 5562 1854 5618 in
1889 5580 2053 5621 unum

469 5631 633 5697 ei???
657 5636 751 5697 θξίν
774 5625 1069 5697 cpi/01"?“
1129 5693 1147 5697 -
1203 5684 1214 5697 .
1383 5680 1395 5692 .
1432 5689 1460 5697 ν,
1544 5684 1574 5697 ..
1612 5685 1624 5697 .
1685 5687 1695 5697 .

537 5686 557 5721 ⁸
588 5684 897 5740 Horiaceusis
920 5684 1093 5745 cb’lex,
1118 5684 1280 5738 .ludtei
1301 5684 1395 5735 viri
1413 5689 1462 5736 et
1482 5684 1711 5752 religiosi.

1567 188 1836 248 CONTRA
1880 186 2303 253 DONATISTAS
2342 197 2694 275 EPISTOLA,

3697 226 3808 283 ιω

2193 313 2275 409 bes
2299 315 2572 409 audiebant
2600 321 2856 407 loquentes
2878 324 2994 409 illos
3021 328 3127 385 suis
3153 329 3339 405 linguis
3367 338 3648 409 magnalia
3684 313 3807 398 Dei.1

2186 402 2474 477 Stupebant
2504 402 2674 469 autem
2713 426 2758 471 et
2798 406 3098 477 htesitabant
3145 402 3476 485 ali—invicem
3511 432 3790 489 dicentes:

2190 495 2447 611 Quidnam
2475 505 2579 611 vult
2601 508 2696 611 hoc
2711 523 2817 611 esse
2828 511 2854 565 .9
2870 511 2973 611 Alii
2991 504 3399 611 vero‘irridebant
3412 540 3518 591 eos,
3539 525 3792 611 dicaam:

2188 585 2323 652 Quia
2360 602 2522 648 musto
2566 598 2746 667 repleti
2788 609 2904 655 sunt
2934 604 3037 660 isti.
3079 607 3237 664 Stans
3280 626 3397 667 vero
3435 585 3633 671 Petrus
3677 585 3793 673 ἵνα

2184 679 2418 736 undecim
2435 684 2718 754 discipulis,
2737 690 2946 748 elevavit
2967 710 3132 752 vocem
3147 715 3311 766 suam,
3330 711 3376 758 et
3394 694 3601 762 locatus
3619 718 3703 762 est
3722 679 3807 766 di

2184 785 2331 865 cens:
2352 771 2663 847 ViriJudazi,
2691 791 2736 835 et
2752 784 2975 841 universi
2993 789 3079 858 qui
3099 790 3379 850 habitatisJ
3387 799 3680 865 erusalem,
3708 771 3807 865 heri

2184 861 2320 916 vobis
2336 874 2511 920 notum
2528 868 2591 922 sit
2611 884 2631 924 :
2648 879 2703 927 et
2727 882 2941 944 ctetera,
2962 878 3155 949 quibus
3178 896 3274 938 eos
3300 861 3705 945 exhortabatur
3734 908 3781 946 at

2183 951 2364 1011 ﬁdem.
2413 957 2542 1053 Quae
2582 976 2704 1018 cum
2752 968 3110 1038 terminasset,
3137 976 3379 1046 sequitur
3404 978 3701 1053 Scriptura
3731 984 3776 1038 it-
3806 1016 3807 1049 ι

2183 1061 2447 1153 ηπηιηεξ
2477 1049 2582 1153 liis
2607 1053 2763 1125 igitur
2781 1059 2998 1127 auditis,
3023 1068 3309 1135 compuncti
3332 1080 3453 1124 sunt
3478 1049 3645 1128 carde
3664 1116 3682 1140 ,
3716 1077 3769 1127 di
3805 1074 3807 1153 l

2183 1148 2346 1231 centes
2371 1141 2441 1195 ad
2467 1140 2679 1200 Petrum
2702 1154 2750 1201 et
2777 1149 2846 1203 ad
2874 1151 3143 1222 Apostolos
3170 1170 3192 1210 :
3220 1156 3356 1225 Quid
3380 1162 3637 1231 faciemus
3655 1206 3673 1230 ,
3705 1140 3807 1229 cini

2182 1230 2366 1329 eratres
2384 1233 2412 1288 7
2451 1233 2707 1293 Ostendite
2744 1240 2904 1297 nobis.
2950 1241 3136 1302 Petrus
3171 1258 3340 1304 autent
3376 1230 3507 1307 dixit
3549 1255 3625 1309 ad
3656 1274 3749 1311 eos
3778 1252 3807 1329 τι

2182 1318 2538 1418 Plenitentiam
2582 1332 2716 1401 agite
2732 1372 2749 1399 ,
2787 1342 2837 1389 et
2874 1332 3155 1407 baptisetur
3190 1347 3537 1418 unusquisque
3562 1359 3793 1406 vestrum

2179 1411 2235 1466 in
2278 1416 2482 1472 nomine
2520 1418 2644 1476 Jesu
2683 1422 2871 1481 Christi
2896 1430 2951 1483 in
2978 1432 3319 1491 remissionem
3346 1452 3715 1512 peccatorum,
3746 1454 3807 1503 et:

2179 1508 2435 1581 accipietis
2475 1515 2693 1584 gratiam
2737 1516 2964 1590 Spiritus
2999 1526 3180 1580 sancti.
3219 1527 3371 1585 Vobis
3395 1542 3469 1587 est
3494 1536 3637 1590 enim
3671 1508 3790 1607 pro-

2179 1600 2379 1668 missio,
2408 1612 2455 1658 et
2473 1606 2595 1674 ﬁliis
2619 1604 2810 1680 vestris,
2841 1622 2889 1668 et
2912 1617 3141 1673 omnibus
3167 1622 3255 1693 qui
3280 1621 3428 1696 longe
3453 1638 3597 1695 sunt,
3626 1600 3790 1700 quos-

2178 1709 2390 1801 cumque
2423 1700 2740 1801 advocaverit
2778 1703 3029 1765 Dominus
3057 1710 3195 1768 Deus
3219 1726 3407 1774 noster.
3434 1718 3503 1775 Et
3527 1723 3654 1778 aliis
3676 1727 3807 1801 qui-1

2178 1784 2291 1843 dent
2315 1789 2477 1889 verbis
2500 1788 2735 1861 plurimis
2764 1798 3127 1879 testiﬁcabatur
3154 1805 3226 1861 eis
3246 1806 3415 1865 dicens
3441 1826 3463 1865 :
3488 1784 3807 1889 Salvatitinil

2177 1893 2209 1930 a
2248 1882 2570 1977 generatione
2614 1901 2773 1956 prava
2812 1888 2925 1944 hac.
2972 1891 3066 1948 Illi
3092 1910 3207 1950 vero
3233 1910 3432 1973 recepto
3459 1903 3613 1958 verbo
3647 1882 3807 1977 hoc,l

2176 1969 2526 2061 crediderunt,
2570 1985 2621 2029 et
2657 1976 2903 2049 baptizati
2935 1994 3070 2038 sunt.
3115 1984 3187 2042 Et
3220 1969 3434 2061 adjecta:
3455 1995 3666 2050 suntin
3694 1969 3807 2052 illa}

2177 2059 2258 2113 die
2284 2060 2470 2117 anima:
2492 2066 2691 2122 circiter
2713 2070 2813 2124 tria
2832 2064 2995 2127 millia
3024 2074 3160 2147 (Act.
3191 2082 3209 2133 ι
3234 2059 3387 2157 ctu).
3415 2083 3559 2139 Ecce
3585 2101 3807 2156 quemr

2174 2151 2461 2210 admodum
2501 2168 2676 2229 coepta
2714 2170 2798 2217 est
2826 2163 2876 2236 ίέ
2892 2165 2962 2221 ab
2995 2166 3289 2227 Jerusalem
3311 2215 3326 2241 ,
3346 2151 3479 2231 inde
3503 2151 3651 2233 itura
3683 2179 3807 2235 Ec-i

2174 2244 2335 2340 clesia
2376 2262 2472 2318 per
2513 2264 2702 2307 omnes
2743 2253 2951 2337 linguas
2993 2261 3179 2331 :quod
3206 2264 3365 2320 etiam
3390 2270 3783 2340 prtesignatum

2173 2346 2256 2392 est
2289 2337 2342 2393 in
2382 2340 2494 2408 eis,
2523 2345 2614 2413 qui
2645 2343 2843 2401 ibidem
2868 2351 3140 2408 constituti
3167 2364 3390 2427 accepto
3414 2337 3619 2430 Spiriiu
3647 2360 3807 2435 san-ﬁ

2172 2436 2260 2485 cto
2280 2432 2470 2503 linguis
2491 2438 2736 2494 omnibus
2756 2450 2882 2497 sunt
2903 2441 3085 2500 locuti.
3268 2456 3269 2459 ‘

2242 2523 2331 2580 50.
2353 2524 2471 2621 Jam
2496 2541 2593 2597 per
2614 2530 2746 2586 alias
2767 2543 2954 2603 gentes
2977 2539 3423 2607 quemadmodum
3451 2544 3596 2621 ierit,
3624 2550 3778 2620 qutid
3806 2528 3807 2599 ἰ

2170 2616 2329 2713 etiam
2361 2618 2477 2690 ipse
2496 2621 2686 2679 Petrus
2713 2627 3033 2697 praedixerat
3055 2673 3070 2699 ,
3097 2633 3187 2688 ubi
3214 2633 3327 2702 ait,
3363 2635 3516 2694 Vobis
3542 2618 3620 2696 est
3645 2616 3777 2713 pro-

2168 2709 2340 2764 missio
2360 2719 2406 2765 et
2430 2712 2552 2782 ﬁliis
2580 2718 2784 2785 vestris,
2812 2728 2861 2775 et
2883 2722 3114 2779 omnibus
3138 2727 3226 2797 qui
3256 2726 3403 2801 longe
3426 2742 3547 2786 sunt
3567 2776 3583 2799 ,
3612 2709 3776 2806 quos-

2168 2819 2379 2875 cumque
2427 2807 2741 2865 advocaverit
2781 2811 3029 2870 Dominus
3076 2815 3214 2874 Deus
3254 2832 3467 2889 noster;
3502 2824 3769 2899 deinceps
3806 2840 3807 2885 ξ

2166 2895 2463 2952 videamus.
2489 2899 2784 2986 Narrantur
2812 2906 2954 2962 enim
2978 2922 3370 2982 consequenter
3390 2931 3472 2981 ca,
3497 2933 3619 2988 quae
3646 2895 3777 2978 tunc
3806 2914 3807 2975 ἶ

2166 2996 2314 3084 gesta
2357 2998 2490 3084 sunt
2516 2983 2867 3084 Jerosolymis
2892 3013 3061 3071 usque
3087 3001 3154 3057 ad
3179 3006 3479 3075 passionem
3506 2983 3774 3084 Stephani
3806 3006 3807 3023 ³

2166 3076 2376 3135 diaconi
2405 3100 2419 3136 :
2441 3082 2531 3139 ubi
2550 3084 2709 3169 etiam
2732 3087 2925 3147 Saulus
2945 3106 3399 3169 commemoratur
3417 3076 3772 3163 consentiens

2166 3171 2422 3241 occisioni
2438 3173 2574 3243 ejus.
2594 3166 2707 3246 Qua
2726 3166 3011 3253 compleia,
3026 3184 3096 3242 ita
3109 3185 3302 3244 deinde
3319 3201 3568 3250 narratur
3580 3193 3775 3254 :Facta

2166 3275 2237 3320 est
2256 3275 2425 3322 autem
2437 3268 2489 3323 in
2505 3268 2597 3324 illa
2613 3271 2696 3326 die
2709 3278 2988 3345 persecutio
3008 3295 3192 3350 magna
3210 3283 3263 3337 in
3285 3282 3514 3341 Ecclesia
3528 3301 3774 3358 quaerat

2165 3355 2217 3449 in
2235 3355 2597 3431 Jerosolymis:
2614 3366 3108 3440 omnesquedispcrsi
3120 3380 3239 3427 sunt
3264 3373 3317 3429 in
3347 3355 3638 3449 regionibus
3664 3380 3771 3437 Ju-

2165 3448 2309 3517 dazte,
2325 3462 2373 3506 et
2389 3450 2658 3523 Samarite,
2672 3458 2889 3529 exceptis
2903 3458 3177 3531 Apostolis,
3195 3465 3283 3536 qui
3307 3448 3663 3527 remanserunt
3678 3471 3768 3530 Je-

2163 3545 2452 3639 rosolymis.
2488 3547 2676 3639 Videte
2711 3552 3159 3622 quemadmodum
3185 3556 3439 3632 deinceps
3452 3563 3764 3639 impleatur,

2164 3635 2306 3707 quod
2335 3651 2430 3708 per
2453 3638 2694 3696 ordinem
2718 3641 2981 3700 Dominus
3007 3642 3254 3715 dixerat,
3276 3649 3439 3709 Erilis
3458 3635 3590 3711 mihi
3607 3635 3767 3717 testes

2163 3727 2219 3783 in
2241 3726 2532 3785 Jerusalem
2553 3774 2568 3799 ,
2594 3740 2645 3787 et
2669 3733 2722 3788 in
2752 3743 2857 3789 tota
2879 3734 3069 3793 Judwa
3092 3781 3108 3807 ,
3140 3749 3188 3794 et
3216 3741 3458 3799 Samaria
3479 3788 3496 3813 ,
3523 3755 3576 3803 et
3601 3765 3768 3822 usque

2162 3819 2219 3874 in
2275 3830 2433 3877 totam
2476 3832 2662 3878 terram
2729 3825 2847 3882 Jam
2898 3828 2950 3884 in
3001 3828 3297 3889 Jerusalem
3345 3834 3542 3894 factum
3591 3819 3762 3901 erat:

2164 3915 2487 3986 sequebatur
2516 3917 2570 3972 in
2598 3916 2780 3974 Judaea
2806 3963 2821 3989 ,
2853 3930 2910 3978 et
2936 3921 3174 3981 Samaria
3200 3968 3216 3995 ,
3244 3937 3465 4002 propter
3485 3933 3636 4004 'quod
3684 3937 3763 3994 illi

2164 4006 2392 4079 dispersi
2422 4018 2548 4066 sunt
2574 4012 2627 4067 in
2653 4012 2960 4085 regionibus
2984 4012 3185 4076 Judaere
3208 4063 3224 4089 ,
3256 4030 3312 4078 et
3333 4022 3610 4084 Samariae.
3642 4028 3763 4088 Hoc

2163 4101 2306 4158 enim
2335 4101 2404 4158 de
2432 4101 2536 4160 illis
2564 4119 2690 4161 mox
2718 4106 2951 4166 dicitur:
2990 4109 3057 4166 At
3097 4112 3177 4169 illi
3211 4116 3298 4186 qui
3332 4117 3547 4192 dispersi
3588 4134 3758 4192 eram,

2164 4204 2477 4250 transeuntes
2530 4214 2621 4267 per
2669 4199 2892 4255 civitates
2938 4211 2985 4257 et
3038 4207 3248 4263 castella
3271 4251 3288 4278 ,
3343 4213 3761 4285 evattgelizabant

2162 4286 2363 4341 verbum
2410 4286 2523 4343 Dei.
2577 4288 2712 4359 Quia
2756 4308 2887 4349 vero
2934 4294 3106 4352 ierant
3151 4306 3207 4355 et
3246 4302 3524 4373 Aposmli,
3570 4306 3759 4367 audito

2163 4376 2307 4447 quod
2347 4380 2643 4472 recepisset
2681 4380 2922 4440 Samaria
2960 4389 3181 4446 verbum
3225 4391 3358 4461 Dei,
3403 4397 3620 4468 quando
3654 4416 3758 4472 per

2163 4468 2562 4539 impositionem
2616 4489 2806 4530 manus
2868 4491 3053 4535 eorum
3112 4494 3431 4554 acceperunt
3493 4468 3755 4559 Spiritum

2162 4571 2405 4618 sanctum
2433 4604 2447 4629 ,
2497 4564 2570 4619 ita
2612 4563 2809 4622 dicitur
2854 4568 2922 4626 de
2967 4570 3129 4628 Petro
3176 4584 3231 4629 et
3271 4570 3754 4639 Joannez'Petrus

2161 4660 2332 4708 autem
2360 4663 2406 4709 et
2433 4653 2662 4712 Joannes
2690 4660 2944 4730 testiﬁcati
2971 4663 3175 4720 verbum
3207 4665 3449 4737 Domini,
3488 4670 3753 4729 rediebant

2160 4743 2534 4818 Jerosolymam
2557 4788 2574 4814 ,
2605 4750 2874 4822 multisque
2891 4752 3013 4809 viris
3033 4752 3473 4815 Samaritanorum
3492 4767 3751 4836 evangeli-

2163 4838 2345 4893 sabant
2373 4847 2706 4897 transeuntes.
2734 4842 2938 4902 Deinde
2963 4855 3210 4905 narratur
3234 4851 3303 4907 de
3327 4851 3422 4908 illo
3448 4848 3711 4912 Eunucho
3737 4902 3752 4928 ,

2163 4930 2253 5001 qui
2300 4930 2517 4988 rediens
2561 4931 2629 4988 ab
2669 4933 3057 5009 Jerosolymis,
3098 4956 3129 4993 a
3170 4939 3416 5013 Philippo
3451 4940 3752 5015 baptizatus

2163 5031 2245 5077 est
2274 5039 2287 5076 :
2317 5031 2372 5078 et
2395 5023 2460 5079 de
2486 5024 2603 5096 ipso
2629 5024 2876 5099 Philippo
2901 5028 3097 5086 dicitur
3118 5072 3134 5097 ,
3165 5032 3390 5104 Angelus
3424 5044 3598 5093 autem
3642 5039 3753 5097 Do-

2161 5114 2287 5169 mini
2313 5116 2485 5184 rapuit
2524 5108 2823 5192 Philippum
2863 5120 2927 5175 ab
2968 5137 3028 5178 eo
3051 5164 3067 5192 ,
3114 5134 3164 5179 et
3209 5127 3429 5199 amplius
3471 5147 3575 5185 non
3633 5136 3745 5188 vidi

2160 5222 2271 5260 eum
2317 5207 2614 5264 Eunuchus.
2661 5206 2781 5266 Ibat
2818 5222 2988 5269 autent
3013 5216 3095 5271 via
3122 5233 3218 5272 sua
3245 5219 3470 5291 gaudens
3493 5238 3515 5278 :
3544 5221 3754 5295 Philip-

2162 5316 2256 5369 pus
2279 5309 2449 5355 autem
2476 5303 2704 5359 inventus
2733 5314 2805 5359 est
2830 5307 3021 5363 venisse
3045 5309 3099 5364 in
3129 5311 3366 5368 Azotum.
3403 5313 3553 5372 Unde
3577 5335 3747 5375 rever-

2163 5403 2271 5448 tens
2293 5395 2664 5467 evangelisabat
2685 5415 2776 5469 per
2799 5415 2973 5457 omnes
2999 5402 3221 5461 civitates
3244 5422 3401 5479 usque
3418 5408 3538 5464 dum
3564 5413 3748 5467 veniret

2162 5488 2214 5542 in
2242 5488 2525 5545 Ctesaream
2555 5490 2710 5563 (Act.
2737 5509 2832 5549 vut
2856 5496 2898 5566 ).
2937 5494 3027 5553 Sic
3068 5513 3196 5569 ergo
3246 5500 3513 5558 invenitur
3554 5516 3613 5561 et
3650 5521 3744 5578 per

2160 5582 2359 5639 Judaaa:
2384 5592 2438 5638 et
2465 5582 2721 5642 Samaria:
2742 5587 2988 5647 civitates
3013 5590 3355 5662 praedicatum
3382 5594 3743 5671 Evangelihm.

2228 5696 2243 5730 ί
2282 5703 2382 5746 Am.
2410 5701 2461 5747 et
2480 5696 2794 5750 Floriaccnsis
2813 5700 2988 5763 codex,
3013 5706 3218 5768 carptum
3232 5708 3321 5758 est.

3801 66 3808 331 ι
