3812 6130
39 224 109 287 με
576 152 590 169 ⁴
890 228 1060 274 VULGO
1097 210 1187 273 DE
1224 205 1525 271 UNITATE
1566 200 1924 264 ECCLESIIE
1964 208 2167 269 LIBER
2206 210 2406 272 UNUS.

39 338 255 398 testabat
293 349 425 413 ergo
462 342 521 395 ut
559 334 938 411 praedicaretur
967 348 1034 389 ex
1073 330 1261 387 ordine
1293 329 1452 385 etiam
1494 339 1587 397 per

38 448 190 489 tmnes
240 440 471 503 gentes,
530 430 669 485 sicut
722 426 976 485 Dominus
1027 424 1273 489 dixerat,
1330 436 1485 492 usque
1536 417 1591 472 in

38 534 158 580 otam
186 533 397 577 terram.
424 521 658 577 Vocatur
697 533 825 590 ergo
862 507 1052 574 Saulus
1090 516 1157 573 de
1193 514 1329 573 coelo
1356 556 1369 581 ,
1417 512 1472 568 (it
1515 526 1587 568 ex

37 625 344 674 tersecutore
374 614 685 686 praedicatur
705 653 721 681 ,
754 621 808 669 et
832 611 961 669 dicit
1003 611 1071 668 de
1109 610 1198 666 illo
1233 608 1494 664 Dominus
1519 604 1586 660 ad

37 708 258 765 lnaniam
293 724 308 760 :
371 705 508 763 Vade
529 746 545 771 ,
575 704 813 776 quoniam
839 720 926 757 vas
956 701 1209 756 electionis
1239 709 1312 754 est
1340 698 1462 752 mihi
1487 738 1501 762 ,
1532 705 1589 750 ut

35 809 161 857 tortet
204 814 390 853 nomen
430 813 597 851 meum
640 811 812 850 coram
851 794 1116 866 gentibus,
1165 800 1210 845 et
1257 788 1454 862 regibus
1479 828 1494 853 ,
1540 795 1588 842 et

35 892 121 946 iliis
153 889 318 946 Israel
344 887 684 959 magniﬁcari.
717 885 829 959 Ego
856 884 988 939 enim
1016 881 1303 937 monstrabo
1330 881 1374 933 ei
1397 886 1587 953 quanta

35 985 217 1039 mtietur
250 991 463 1053 propter
508 996 690 1035 nomen
728 996 913 1034 meum.
961 977 1076 1033 Jam
1122 977 1298 1045 itaque
1337 984 1585 1029 tenemus

35 1072 290 1129 Ecclesium
320 1074 374 1127 in
411 1070 709 1129 Jerusalem
736 1112 749 1137 ,
797 1080 851 1126 et
884 1085 980 1141 per
1019 1076 1184 1123 totam
1222 1066 1462 1122 Judmam
1486 1108 1500 1131 ,
1531 1072 1587 1120 et

34 1165 316 1223 Samariam.
374 1164 530 1223 Unde
575 1165 910 1237 apertissime
965 1162 1124 1234 paulo
1179 1170 1299 1233 post
1343 1159 1579 1215 dicitur:

33 1258 241 1317 Ecclesitz
259 1258 465 1329 quidem
492 1274 581 1329 per
605 1266 762 1312 totam
786 1254 1022 1310 Iudaeam
1049 1296 1062 1319 ,
1105 1263 1151 1310 et
1193 1251 1458 1307 Galilwam
1483 1293 1496 1317 ,
1535 1259 1585 1306 et

33 1352 285 1409 Samariam
312 1349 558 1404 habebant
586 1364 759 1421 pacem
784 1389 800 1415 ,
832 1347 1090 1402 instructa:
1114 1355 1161 1399 et
1188 1344 1503 1414 conﬁrmata:
1530 1347 1585 1396 in

33 1447 175 1499 timore
197 1443 447 1510 Domini,
475 1451 526 1499 et
563 1443 908 1498 consolatione
948 1440 1110 1495 sancti
1156 1438 1383 1509 Spiritus
1417 1435 1584 1508 reple-

31 1538 178 1592 bantur
206 1534 336 1610 (Id.
368 1550 425 1590 rx
447 1534 487 1608 ).
528 1533 728 1590 Deinde
762 1532 944 1605 paucis
973 1529 1305 1603 interpositis
1325 1570 1341 1595 ,
1372 1529 1585 1584 venitur

31 1632 78 1687 ad
104 1644 217 1686 eum
248 1628 428 1684 locum
452 1669 468 1694 ,
508 1625 600 1682 ubi
638 1624 932 1682 Cornelius'
959 1622 1196 1679 centurio
1235 1619 1496 1687 credidit,
1530 1626 1585 1675 et

31 1736 125 1777 cum
164 1719 269 1776 suis
309 1717 610 1789 baptizatus
657 1724 780 1784 est,
815 1715 902 1786 qui
941 1728 1129 1769 omnes
1165 1712 1392 1784 gentiles
1430 1718 1584 1766 erant

31 1811 378 1869 incircumcisi.
413 1807 568 1878 Quod
598 1820 884 1878 antequam
918 1806 1069 1861 llerct
1090 1846 1105 1871 ,
1143 1803 1333 1862 Petrus
1368 1802 1500 1858 vidit
1526 1802 1580 1858 in

29 1902 360 1973 assumptione
388 1901 616 1965 mentis,
651 1914 772 1955 cum
800 1904 1014 1962 oraret,
1057 1894 1255 1951 etnlum
1295 1902 1536 1965 apertum
1560 1934 1577 1961 ,

29 2004 71 2051 et
94 2002 307 2065 quatuor
341 1991 507 2048 initiis
544 1990 761 2060 ligatum
788 2003 880 2043 vas
904 1985 1169 2059 quoddam
1201 1995 1449 2056 tanquam
1479 1983 1581 2038 lin-

29 2096 145 2140 teum
173 2083 446 2155 limpidum
470 2125 485 2151 ,
515 2083 567 2137 in
595 2096 700 2153 quo
728 2089 843 2136 erat
869 2094 1028 2135 omne
1063 2092 1233 2150 genus
1275 2075 1579 2148 quadrupe-

29 2174 129 2231 dum
154 2190 210 2232 ac
238 2173 468 2232 ferarum
493 2214 509 2241 ,
532 2182 587 2229 et
605 2171 879 2227 volucrum
902 2169 1045 2226 coeli.
1070 2166 1141 2224 Et
1167 2168 1304 2224 facta
1330 2176 1410 2222 est
1434 2181 1537 2221 vox
1562 2183 1577 2219 :

30 2265 153 2323 Petre
174 2310 189 2335 ,
214 2283 363 2339 surge
386 2308 403 2332 ,
432 2273 597 2319 macta
622 2305 636 2331 ,
666 2272 711 2318 et
736 2262 1006 2317 manduca.
1035 2260 1123 2315 Ait
1149 2270 1324 2316 autem
1347 2258 1538 2315 Petrus
1562 2274 1576 2312 :

29 2357 248 2426 Domine,
275 2374 537 2432 nunquam
561 2356 863 2412 manducavi
906 2371 1052 2410 omne
1088 2369 1350 2409 commune
1392 2361 1441 2408 et
1477 2352 1578 2406 im-

28 2452 257 2507 mundum.
292 2451 361 2506 Et
391 2466 495 2504 vox
525 2463 708 2504 rursus
735 2447 802 2503 ad
832 2462 952 2504 eum
983 2464 995 2500 :
1041 2446 1169 2514 Qua:
1196 2444 1334 2500 Deus
1360 2446 1581 2499 munda-

28 2544 113 2610 rit,
148 2553 196 2596 tu
238 2541 529 2597 communia
563 2558 627 2596 ne
670 2541 878 2595 dixeris.
919 2536 1071 2607 Quod
1111 2548 1290 2594 autem
1338 2553 1433 2609 per
1477 2536 1581 2593 hoc

31 2635 173 2689 visum
212 2642 397 2706 gentes
445 2631 729 2689 creditura:
766 2630 1075 2703 signiticalze
1111 2630 1256 2697 sint,
1297 2644 1405 2684 non
1444 2644 1582 2700 opus

29 2734 166 2781 estut
190 2728 534 2799 conjiciamus
565 2745 576 2780 :
606 2726 721 2797 ipse
748 2722 943 2797 quippe
970 2723 1242 2796 apostolus
1289 2721 1389 2779 hoc
1416 2737 1581 2793 espo-

26 2819 90 2871 nit
116 2816 161 2871 in
202 2818 288 2874 illo
325 2833 455 2874 vase
479 2818 498 2850 ¹
550 2816 652 2872 sibi
689 2815 1133 2872 demonstratum.
1165 2814 1301 2870 Cum
1332 2815 1472 2869 enim
1500 2814 1582 2869 in-

33 2921 214 2977 gressus
255 2917 400 2965 esset
438 2907 653 2964 domum
697 2907 788 2963 ubi
827 2915 945 2963 erat
979 2905 1264 2962 Cornelius
1287 2948 1301 2974 ,
1336 2913 1391 2961 et
1428 2905 1581 2962 multi

31 3003 407 3070 convenissent,
438 3000 571 3059 dixit
590 3000 653 3057 ad
676 3014 769 3057 eos
795 3017 807 3054 :
839 2998 940 3057 Vos
966 2998 1147 3054 melius
1171 3000 1308 3055 scitis
1328 2998 1580 3071 quomodo

32 3095 386 3151 abominandum
411 3096 476 3152 sit
517 3094 621 3149 uiro
655 3093 843 3149 Iudaeo
868 3135 883 3162 ,
913 3091 1068 3165 jungi
1111 3100 1201 3147 aut
1241 3091 1479 3146 accedere
1512 3091 1582 3145 ad

33 3186 364 3258 alienigenam;
395 3186 486 3242 sed
514 3185 638 3240 mihi
676 3183 818 3240 Deus
842 3184 1057 3239 ostendit
1082 3226 1096 3251 ,
1124 3183 1325 3238 nullum
1352 3199 1579 3237 commu-

35 3293 124 3331 nem
148 3287 227 3333 aut
251 3278 571 3353 inquinatum
612 3276 781 3331 dicere
817 3276 1068 3330 hominem
1100 3273 1226 3348 (Id.
1254 3291 1285 3329 x
1307 3274 1347 3347 ).
1379 3275 1453 3330 Ita
1481 3290 1580 3330 ex-

35 3370 180 3438 posuit
205 3370 343 3426 illam
367 3385 559 3427 vocem
582 3411 596 3436 ,
629 3384 789 3441 quam
817 3367 884 3424 de
908 3367 1226 3423 animalibus
1252 3367 1307 3422 in
1348 3367 1441 3422 illo
1476 3366 1580 3421 lin-

35 3469 106 3515 teo
129 3461 494 3519 demonstratis
520 3461 799 3529 audierat,
848 3459 977 3527 Quia
1018 3458 1153 3515 Deus
1191 3458 1486 3526 mandavit,
1527 3466 1582 3512 tu

33 3567 84 3604 ne
106 3555 370 3609 communia
396 3554 605 3609 dixeris.
635 3551 752 3610 Jam
779 3552 994 3608 cuinon
1020 3558 1274 3623 appareat
1298 3593 1313 3617 ,
1337 3550 1428 3605 illo
1455 3564 1582 3607 vase

38 3644 350 3715 signiﬁcatum
396 3647 581 3703 orbem
622 3654 884 3703 terrarum
912 3687 927 3712 ,
960 3659 1080 3700 cum
1123 3643 1372 3701 omnibus
1414 3644 1586 3716 genti-

36 3734 151 3792 bus?
176 3738 321 3798 Unde
350 3740 515 3798 etiam
542 3749 770 3812 quatuor
793 3738 956 3794 initiis
984 3746 1100 3794 erat
1122 3735 1390 3808 alligatum
1415 3778 1431 3805 ,
1461 3751 1587 3808 pro-

37 3836 132 3897 pter
158 3832 456 3889 notissimas
493 3840 722 3903 quatuor
764 3838 978 3903 partes,
1021 3827 1294 3886 Orientem
1335 3836 1391 3886 et
1432 3828 1586 3885 Occi-

38 3918 257 3992 dentem,
302 3926 558 3982 Austrum
602 3932 657 3981 et
698 3923 1012 3996 Aquilonem
1038 3966 1053 3991 ,
1106 3926 1239 3995 quas
1290 3923 1586 3996 saepissime

44 4009 278 4083 Scriptura
322 4016 687 4073 commendat.
740 4015 987 4071 Jamvero
1037 4014 1232 4072 Paulus
1276 4015 1472 4071 missus
1516 4015 1585 4070 ad

38 4116 229 4177 gentes,
269 4126 387 4184 quae
430 4110 547 4167 loca
592 4109 919 4166 circumierit
963 4108 1317 4165 disseminans
1358 4106 1583 4165 verbum

40 4197 115 4252 Dei
138 4242 151 4267 ,
175 4210 226 4259 et
245 4214 397 4260 natas
417 4202 740 4259 conﬁrmans
766 4201 1032 4258 Ecclesias
1054 4242 1071 4268 ,
1092 4201 1307 4272 longum
1332 4210 1413 4257 est
1439 4216 1587 4257 com-

42 4308 327 4355 memorare.
373 4298 472 4354 Cui
501 4296 671 4354 Judmi
716 4311 837 4352 cum
882 4294 1206 4352 restitissent
1245 4294 1541 4350 Antiochiae
1565 4335 1580 4360 ,

40 4382 130 4454 ipse
152 4397 203 4443 et
227 4389 491 4445 Barnabas
529 4387 779 4445 dixerunt
821 4386 890 4443 ad
937 4401 1072 4443 eos:
1127 4385 1274 4441 Vobis
1325 4386 1586 4458 oportebat

40 4475 222 4540 primum
262 4480 397 4554 loqui
432 4482 634 4537 verbum
681 4478 851 4547 Dei’;
900 4478 988 4533 sed
1036 4478 1275 4551 quoniam
1329 4478 1585 4549 repulistis

40 4563 163 4636 illud,
192 4580 235 4624 et
260 4571 492 4645 indignos
516 4588 602 4627 vos
628 4571 903 4643 judicastis
938 4570 1038 4625 vita
1067 4578 1255 4624 aeterna
1273 4611 1287 4635 ,
1316 4586 1427 4624 ecce
1464 4585 1587 4624 con-

40 4659 241 4717 vertimur
261 4664 327 4720 ad
350 4674 539 4739 gentes.
568 4664 658 4720 Sic
689 4664 823 4719 enim
858 4662 1096 4735 praecepit
1123 4661 1265 4717 nobis
1294 4660 1543 4716 Dominus
1565 4676 1586 4716 :

42 4746 175 4808 Posui
197 4765 241 4810 te
275 4757 438 4814 lumen
468 4757 733 4832 gentibus,
778 4766 833 4812 ut
876 4757 946 4812 sis
989 4756 1043 4810 in
1088 4756 1301 4811 salutem
1336 4772 1491 4829 usque
1530 4756 1585 4810 in

41 4855 283 4905 extremum
308 4861 472 4909 terra.
505 4852 572 4908 Et
598 4852 840 4923 sequitur
862 4849 1045 4906 dicens
1074 4866 1087 4903 :
1119 4849 1390 4904 Audientes
1416 4856 1583 4904 autem

42 4950 181 5002 99M“
203 4984 217 5008 ,
243 4954 563 5018 perceperunt
583 4944 786 5000 verbum
809 4943 944 5008 Dei,
985 4951 1031 4998 et
1073 4942 1391 4997 crediderunt
1432 4951 1582 5014 quot-

43 5036 282 5091 quaterent
301 5036 534 5092 destinati
551 5037 604 5091 in
623 5037 780 5091 vitam
800 5045 1038 5090 (sternam
1057 5031 1176 5108 (Id.
1199 5049 1293 5088 xm
1313 5075 1326 5097 ,
1350 5032 1520 5089 46-48
1541 5034 1591 5105 ).ο

45 5112 158 5174 Ecce
181 5131 231 5178 et
256 5124 337 5182 hic
362 5134 835 5184 commemoratum
862 5132 943 5182 est
972 5124 1331 5179 testimonium
1361 5139 1425 5179 ex
1457 5139 1582 5194 pm-

44 5205 353 5286 Plletalsaia,
399 5218 540 5291 quod
579 5226 633 5274 et
686 5233 785 5274 nos
833 5216 1151 5289 posuimus,
1204 5224 1259 5271 ut
1312 5216 1382 5271 sit
1436 5215 1583 5272 salus

46 5309 185 5367 ιιειιιιθ
208 5304 259 5361 in
287 5318 578 5365 extremum
607 5318 763 5366 terrae
794 5310 813 5381 (
843 5307 971 5363 Isai.
1002 5323 1130 5363 xux
1159 5350 1172 5375 ,
1204 5306 1236 5362 6
1262 5309 1301 5377 ).

99 5391 297 5456 CAPUT
340 5402 430 5460 XII
448 5402 545 5477 (a).
572 5433 645 5444 —
680 5404 769 5460 51.
794 5401 867 5460 Ut
892 5416 1019 5474 ergo
1037 5417 1141 5458 non
1164 5417 1582 5458 commemorem

94 5503 320 5583 in
340 5514 422 5567 illa
444 5528 555 5568 uoce
579 5528 597 5569 :
620 5516 685 5567 de
707 5527 802 5581 qua
822 5514 1010 5567 scilicet
1029 5527 1150 5567 voce
1168 5513 1313 5579 paulo
1344 5523 1483 5583 post:
1513 5519 1586 5567 tta

45 5568 226 5680 οιξαὲἶήι
239 5568 368 5629 illam
386 5589 565 5653 pacem.

180 5645 428 5680 Onacengm
448 5642 565 5680 ηιῆρ

180 5642 428 5703 Ψιρρεοείε
448 5642 623 5703 codex,
648 5652 916 5693 sermonem
938 5638 1048 5691 Dei.

96 5688 161 5755 (η)
186 5688 317 5755 Nulla
330 5688 959 5771 emissaemissa
983 5688 1057 5753 ᾖ.

3169 216 3281 281 4η

1694 335 1913 398 gentes,
1940 344 2057 399 qua:
2082 339 2201 401 post
2224 329 2601 411 Apostolorum
2629 336 2869 404 tempora
2894 331 3238 394 crediderunt
3256 379 3275 408 ,

1693 428 1747 476 et
1775 431 2114 478 accesserunt
2159 423 2453 480 Ecclesiae:
2500 423 2603 480 illa:
2657 424 2786 497 ipsa:
2836 427 2998 495 solae,
3048 444 3180 505 quas
3226 432 3283 507 in

1694 514 1891 568 sanctis
1919 512 2137 569 Litteris
2165 557 2177 580 ,
2208 514 2262 569 in
2290 516 2509 573 Actibus
2533 557 2548 583 ,
2598 517 2651 571 in
2699 518 2950 589 Epistolis
2999 500 3282 591 Apostolo-

1693 619 1851 670 rum,
1912 612 1966 660 et
2020 606 2073 660 in
2119 606 2443 679 Apocalypsi
2491 607 2712 664 Joannis
2756 610 3095 679 invenimus,
3147 629 3280 686 quas

1693 698 1904 768 utrique
1932 699 2347 770 amplectimur,
2382 710 2435 757 et
2479 684 2667 772 quibus
2707 705 2918 776 utrique
2962 684 3278 775 subdimur;

1693 790 1874 846 dicant
1909 790 1996 846 isti
2045 792 2199 847 nobis
2237 791 2685 863 quemadmodum
2728 795 2971 850 Africana
3020 797 3283 853 seditione

1693 882 1949 952 perierint
1979 881 2077 955 (a).
2107 881 2215 941 [Ias
2242 884 2385 941 enim
2416 885 2718 956 accepimus
2741 928 2757 953 ,
2791 902 2893 941 non
2939 903 3005 943 ex
3041 889 3282 945 conciliis

1691 974 2126 1030 contendentium
2153 976 2524 1047 episcoporum
2548 1018 2564 1043 ,
2608 991 2714 1032 non
2740 992 2807 1032 ex
2831 977 3280 1048 disputationibus

1690 1067 1904 1123 novitiis
1928 1108 1942 1132 ,
1975 1082 2082 1123 non
2111 1083 2177 1124 ex
2205 1066 2504 1124 forensibus
2524 1068 2609 1123 vel
2630 1068 3037 1139 municipalibus
3059 1069 3272 1136 Gestis;

1692 1159 1787 1214 sed
1815 1174 1881 1214 ex
1908 1158 2124 1215 Litteris
2156 1159 2356 1216 sanctis
2394 1161 2688 1217 canonicis.
2730 1161 3061 1218 Antiochena
3093 1164 3280 1219 Eccle-

1691 1250 1809 1317 sia,
1845 1252 1933 1307 ubi
1975 1253 2205 1323 primum
2247 1252 2496 1326 appellati
2539 1262 2665 1309 sunt
2705 1254 2947 1325 discipuli
2993 1253 3281 1312 Christiani

1691 1341 1848 1415 (Act.
1875 1359 1929 1398 ιι
1956 1385 1971 1412 ,
2002 1342 2073 1399 26
2100 1342 2141 1417 ),
2174 1343 2440 1416 quomodo
2471 1346 2641 1415 potuit
2671 1344 2918 1401 Afrorum
2964 1346 3143 1417 perire
3178 1347 3283 1403 cri-

1689 1434 1965 1489 minibus?
1994 1433 2127 1504 Quis
2155 1444 2261 1491 tam
2288 1435 2581 1491 vehemens
2608 1434 2819 1491 Africus
2848 1446 2954 1491 tam
2995 1436 3149 1508 longe
3189 1453 3283 1509 po-
3342 1440 3354 1450 '

1690 1525 1789 1580 tuit
1813 1526 2042 1582 ablatam
2070 1542 2322 1600 spargere
2351 1528 2707 1598 pestilentiam
2733 1569 2748 1595 ,
2796 1528 2885 1583 ubi
2926 1544 3026 1585 nec
3067 1529 3283 1587 nomina

1688 1630 1871 1671 eorum
1903 1633 1998 1688 per
2020 1633 2155 1689 quos
2185 1628 2359 1673 ortum
2390 1629 2473 1673 est
2499 1658 2515 1685 ,
2558 1618 2642 1673 vel
2684 1617 2753 1674 de
2777 1618 2971 1691 quibus
2996 1629 3171 1676 ortum
3199 1628 3284 1678 est

1686 1707 1790 1765 hoc
1818 1710 2014 1766 malum
2038 1753 2053 1777 ,
2088 1720 2211 1766 nota
2241 1726 2360 1767 esse
2390 1719 2711 1782 potuerunt,
2751 1711 2980 1767 Athenis
3006 1755 3020 1779 ,
3054 1712 3233 1769 Iconio
3263 1756 3280 1783 ,

1687 1799 1920 1855 Listris?
1946 1801 2077 1870 Quis
2106 1801 2301 1857 delevit
2329 1801 2596 1857 Ecclesias
2626 1802 2919 1874 apostolico
2948 1802 3130 1858 labore
3157 1802 3282 1859 tun-

1686 1893 1880 1950 datas?
1906 1893 1965 1949 In
1994 1894 2249 1950 extremis
2280 1892 2534 1965 Epistolre
2559 1894 2624 1949 ad
2650 1893 2923 1950 Romanos
2963 1894 3091 1951 dicit
3135 1895 3279 1953 idem

1686 1986 1959 2057 apostolus
1984 1985 2170 2043 doctor
2188 1984 2437 2042 Gentium
2467 2003 2479 2041 :
2507 1984 2765 2041 Audacius
2792 1995 2959 2042 autem
2982 1987 3163 2059 scripsi
3188 2004 3281 2043 vo-
3364 1976 3375 1989 ’

1685 2078 1760 2132 bis
1783 2094 1846 2133 ex
1872 2088 2016 2151 parte
2038 2120 2053 2148 ,
2081 2086 2321 2150 tanquam
2350 2094 2747 2134 commemorans
2772 2096 2859 2134 vos
2880 2122 2894 2146 ,
2923 2090 3127 2152 propter
3155 2097 3281 2153 gra-

1688 2171 1809 2224 tiam
1838 2185 1951 2241 quce
1980 2169 2100 2224 data
2130 2179 2202 2224 est
2228 2168 2355 2223 mihi
2379 2186 2411 2223 a
2436 2167 2545 2226 Deo
2564 2212 2579 2235 ,
2611 2179 2668 2225 ut
2700 2170 2925 2225 minister
2960 2172 3056 2226 sim
3094 2170 3283 2228 Christi

1684 2258 1809 2315 Iesu
1834 2260 1888 2314 in
1914 2259 2159 2316 Gentibus
2182 2302 2195 2327 ,
2228 2277 2525 2316 consecrans
2563 2259 2896 2333 Evangelium
2933 2261 3027 2318 Dei
3051 2304 3065 2329 ,
3093 2272 3148 2317 ut
3190 2264 3284 2334 fiat

1686 2354 1873 2411 oblatio
1927 2354 2161 2409 Gentium
2199 2356 2553 2428 acceptabilis,
2594 2356 2912 2427 sanctiﬁcata
2964 2358 3018 2412 in
3074 2356 3278 2426 Spiritu

1686 2456 1879 2502 sancto.
1915 2444 2091 2502 Habeo
2120 2464 2237 2520 ergo
2259 2447 2474 2519 gloriam
2510 2449 2561 2503 in
2592 2446 2792 2504 Christo
2824 2447 2949 2504 Jesu
2986 2448 3055 2505 ad
3088 2448 3278 2505 Deum.

1687 2536 1811 2594 Non
1832 2539 1966 2593 enim
1989 2538 2151 2594 audeo
2191 2540 2469 2612 quidquam
2506 2557 2680 2595 eorum
2723 2541 2893 2614 loqui,
2931 2559 3145 2615 quorum
3178 2560 3282 2599 non

1686 2633 1946 2705 perfecerit
1973 2631 2202 2688 Christus
2223 2650 2313 2706 per
2334 2650 2413 2689 me
2432 2635 2484 2688 in
2512 2632 2847 2690 obedientiam
2872 2633 3107 2690 Gentium
3134 2636 3280 2692 verbo

1686 2731 1732 2779 et
1752 2739 1932 2794 opere,
1964 2724 2017 2778 in
2040 2733 2284 2796 potestate
2308 2725 2568 2796 signorum
2596 2735 2641 2780 et
2665 2726 3044 2798 prodigiorum,
3081 2728 3134 2784 in
3176 2734 3279 2784 vir-

1685 2824 1788 2871 tute
1808 2815 2034 2887 Spiritus
2053 2816 2216 2873 sancti
2234 2860 2247 2883 ,
2270 2819 2343 2872 ita
2363 2828 2415 2872 ut
2436 2835 2526 2888 ego
2547 2819 2610 2874 ab
2628 2817 2913 2876 Jerusalem
2928 2830 2975 2874 et
2994 2821 3045 2876 in
3066 2821 3282 2876 circuitu

1687 2923 1843 2976 usque
1892 2908 1948 2961 in
2005 2905 2275 2979 Illyricum
2339 2908 2634 2980 repleverim
2696 2906 3032 2982 Evangelium
3093 2910 3282 2968 Christi

1687 2997 1707 3074 (
1734 2996 1885 3054 Rom.
1909 3014 2003 3066 xv,
2032 2998 2262 3071 15-19).
2289 2999 2522 3068 Quzerite
2545 3042 2560 3067 ,
2590 2999 2879 3057 Donatista:
2906 3043 2923 3070 ,
2946 3002 2991 3057 si
3021 3004 3242 3060 nescitis
3260 3048 3277 3074 ,

1686 3093 1909 3165 qumrite
1936 3093 2005 3148 ab
2034 3091 2338 3150 Jerusalem
2368 3109 2465 3164 per
2503 3104 2713 3150 terrena
2751 3094 2940 3151 itinera
2970 3096 3021 3151 in
3056 3099 3281 3156 circuitu

1685 3199 1856 3256 usque
1884 3183 1941 3239 in
1968 3182 2237 3257 Illyricum
2269 3193 2397 3256 quot
2423 3186 2726 3242 mansiones
2747 3187 2853 3241 sint
2879 3205 2893 3243 :
2916 3189 2960 3244 si
2989 3197 3065 3244 tot
3092 3189 3280 3248 Eccle-

1687 3277 1794 3332 sias
1821 3286 2192 3347 computemus
2215 3318 2232 3344 ,
2278 3276 2439 3333 dicite
2471 3278 2920 3348 quemadmodum
2954 3295 3047 3351 per
3074 3280 3281 3339 Africa-

1687 3383 1783 3424 nas
1822 3369 2197 3424 contentiones
2244 3369 2421 3441 perire
2463 3378 2770 3440 potuerunt.
2822 3368 2902 3426 Ad
2928 3370 3231 3430 Corinthios
3259 3416 3275 3444 ,

1686 3459 1754 3516 ad
1780 3459 2045 3531 Ephesios
2068 3502 2082 3527 ,
2114 3461 2181 3514 ad
2212 3459 2583 3532 Philippenscs
2603 3505 2618 3527 ,
2643 3461 2707 3516 ad
2733 3461 3241 3525 Thessalonicenscs
3258 3507 3275 3533 ,

1644 3562 1657 3571 ·
1687 3554 1753 3611 ad
1777 3554 2127 3612 Colossenses
2150 3598 2166 3623 ,
2192 3571 2286 3611 vos
2306 3555 2450 3611 solas
2472 3556 2711 3628 Apostoli
2735 3556 3000 3627 Epistolas
3018 3557 3070 3615 in
3092 3558 3280 3639 lectiu-

1688 3662 1757 3703 ne
1781 3688 1794 3710 ,
1828 3661 1927 3701 nos
1954 3656 2132 3701 autem
2174 3655 2229 3703 et
2276 3648 2539 3719 Epistolas
2582 3648 2635 3704 in
2679 3648 2906 3705 lectione
2943 3665 3006 3707 ac
3052 3650 3154 3708 (ide
3179 3693 3194 3717 ,
3224 3661 3281 3710 et

1689 3739 1832 3810 ipsas
1866 3737 2129 3795 Ecclesias
2173 3740 2224 3796 in
2261 3739 2636 3796 communione
2682 3742 2993 3798 retinemus.
3027 3743 3279 3801 Jamvcro

1689 3832 1891 3889 Galatia
1919 3848 2024 3889 non
2052 3847 2154 3887 una
2186 3831 2423 3889 Ecclesia
2451 3843 2533 3889 est
2559 3876 2574 3899 ,
2602 3833 2696 3891 sed
2719 3834 2769 3890 in
2794 3850 2856 3891 ea
2878 3836 3096 3907 regione
3119 3836 3276 3892 innuo

1688 3924 1994 3980 merahiles.
2038 3922 2343 3980 Corinthios
2383 3932 2561 3981 autem
2606 3925 2782 3982 videte
2829 3927 3279 3999 quemadmodum

1690 4017 1998 4075 salutaverit
2026 4034 2040 4072 :
2070 4017 2267 4074 Paulus
2293 4020 2554 4091 apostolus
2577 4018 2703 4074 Jesu
2728 4018 2918 4076 Christi
2934 4040 3024 4093 per
3042 4023 3279 4079 volunta-

1691 4121 1787 4167 tem
1819 4112 1951 4180 Dei,
1997 4121 2043 4168 et
2080 4111 2374 4167 Timotheus
2416 4117 2574 4186 frater
2597 4155 2613 4181 ,
2654 4111 2900 4169 Ecclesiae
2932 4115 3029 4170 Dei
3061 4133 3174 4186 qua:
3208 4129 3282 4174 est

1689 4201 1958 4269 Corinthi,
1993 4220 2107 4257 cum
2148 4204 2335 4259 sanctis
2366 4203 2595 4259 omnibus
2620 4245 2633 4269 ,
2679 4204 2767 4276 qui
2800 4215 2919 4261 sunt
2958 4206 3010 4260 in
3050 4208 3280 4262 universa

1690 4296 1882 4351 Achaia
1908 4293 1991 4369 (ll
2020 4293 2139 4350 Cor.
2169 4311 2185 4349 ι
2210 4336 2223 4359 ,
2258 4296 2282 4349 1
2313 4295 2353 4365 ).
2394 4293 2533 4363 Quot
2562 4295 2757 4366 putatis
2786 4312 2904 4352 esse
2931 4297 3196 4354 Ecclesias
3224 4298 3279 4355 in

1690 4388 1936 4444 universa
1968 4385 2214 4442 Achaia?
2241 4383 2493 4440 Fortasse
2518 4384 2607 4441 ubi
2638 4386 2833 4441 Achaia
2874 4387 2979 4454 sit,
3022 4388 3238 4445 nescitis
3260 4430 3276 4457 ,

1689 4489 1745 4536 et
1772 4479 1838 4536 de
1860 4488 1965 4535 tam
1987 4477 2252 4549 incognita
2278 4476 2545 4548 provincia
2571 4486 2715 4533 tanta
2736 4479 2975 4536 caecitate
2992 4480 3242 4551 judicalis
3260 4523 3276 4549 ,

1688 4578 1749 4626 ut
1777 4585 1895 4626 eam
1936 4569 2251 4624 criminibus
2294 4568 2543 4624 Afrorum
2586 4570 2810 4641 periisse
2851 4570 3059 4626 dicatis.
3093 4570 3281 4629 Nonne

1689 4664 1843 4736 plena
1883 4670 2006 4718 sunt
2048 4660 2444 4717 ﬂorentissimis
2486 4661 2741 4718 Ecclesiis
2783 4663 2959 4719 omnia
3004 4664 3119 4718 loca
3159 4679 3280 4736 quae

1687 4754 1878 4815 Petrus
1924 4754 2249 4820 nominavit,
2296 4754 2537 4823 Pontus,
2599 4753 2842 4821 Galatia,
2905 4754 3277 4826 Cappadocia,

1688 4851 1814 4907 Asia
1840 4893 1855 4918 ,
1888 4847 2133 4921 Bithynia
2162 4848 2179 4919 (
2205 4846 2222 4903 l
2257 4845 2396 4903 Petr.
2425 4863 2476 4915 ι,
2510 4848 2536 4905 1
2566 4846 2620 4920 )?
2658 4846 2792 4916 Quid
2822 4846 3054 4903 Joannes
3087 4847 3279 4919 quibus

1689 4942 1941 5014 scripsit,
2000 4942 2280 5012 Smyrnae.
2332 4938 2634 5011 Pergamo,
2686 4937 2904 5004 Sardis,
2970 4938 3276 5012 Tiathyraa,

1689 5033 2067 5105 Philadelphia:
2087 5077 2101 5100 ,
2126 5032 2390 5089 Laodicia:
2415 5073 2429 5097 ,
2453 5048 2573 5103 qua:
2594 5040 2717 5088 sunt
2734 5030 2986 5087 Ecclesire
3007 5030 3026 5106 (
3046 5031 3205 5104 Apoc.
3231 5050 3277 5102 ι,

1691 5130 1751 5189 ll
1783 5127 1843 5202 )?
1879 5127 1996 5184 Jam
2036 5126 2176 5182 enim
2224 5124 2491 5196 Ephesum
2531 5122 3092 5179 commemoravimus.
3130 5123 3280 5180 Dicat

1689 5222 1819 5280 mihi
1849 5219 2042 5290 aliquis
2071 5227 2303 5273 vestrum
2330 5259 2343 5282 ,
2372 5216 2459 5272 ubi
2487 5216 2593 5271 sint
2617 5257 2632 5279 ,
2671 5225 2921 5286 quantum
2949 5216 3016 5272 ab
3046 5214 3273 5272 invicem

1692 5313 1910 5372 distent.
1941 5311 2192 5368 Fortasse
2222 5307 2383 5365 modo
2411 5307 2461 5363 id
2501 5307 2741 5378 quaeritis
2762 5350 2775 5369 ,
2812 5308 2895 5363 vel
2932 5306 3160 5379 legendo
3194 5306 3279 5365 vel

1692 5405 1959 5464 audiendo
1975 5418 2317 5475 cognoscere.
2337 5398 2410 5474 (b)
2429 5399 2749 5471 Cognoscite
2775 5414 2902 5470 ergo
2932 5399 3089 5454 etiam
3116 5413 3278 5469 quam

1692 5502 1849 5574 longe
1874 5500 1941 5556 ab
1970 5498 2145 5555 Africa
2173 5503 2392 5552 remota:
2417 5503 2577 5561 sunt,
2618 5502 2673 5548 et
2700 5490 2856 5548 dicite
2884 5491 3034 5548 nobis
3062 5505 3158 5547 cur
3180 5502 3276 5551 eas

1758 5637 1830 5697 (ιι)
1854 5635 1968 5687 vide
2001 5634 2085 5685 lib.
2106 5633 2137 5685 2
2166 5637 2330 5685 contra
2347 5634 2673 5697 Cresconium,
2697 5642 2804 5695 cap.
2827 5629 2906 5681 37.

1764 5639 1807 5697 [ιι
1854 5637 1968 5687 vide
2001 5637 2085 5685 lib.
2106 5637 2137 5685 2
2166 5637 2330 5685 contra
2347 5637 2673 5690 Cresconium,

1764 5637 1835 5767 (οξ
1867 5698 1989 5750 Olim
2008 5697 2135 5763 apud
2152 5704 2251 5746 Αω.
2279 5702 2331 5747 et
2350 5701 2446 5758 Er.,
2470 5706 2575 5760 cap.
2600 5693 2675 5744 il.
