3792 6166
510 246 618 312 415

511 366 732 423 omnino
773 364 924 424 vobis
971 363 1302 434 incognitas,
1348 368 1402 417 et
1445 360 1496 415 in
1530 360 1836 430 apostolicis
1882 357 2097 414 Litteris

513 455 880 516 manifestatas
905 497 919 523 ,
949 465 1055 511 tam
1085 454 1343 523 sacrilega
1380 451 1677 508 temeritate
1716 449 1978 507 accusetis
2001 490 2016 515 ,
2048 456 2104 503 et

515 564 662 613 tanta
691 548 956 608 dementia
985 546 1298 604 criminibus
1323 543 1577 601 Afrorum
1616 544 1838 616 periisse
1874 540 2103 599 dicatis?

514 647 794 705 Postremo
819 643 944 717 quid
972 643 1041 700 de
1106 641 1212 698 illis
1256 641 1312 697 in
1360 638 1559 696 sanctis
1607 635 1885 693 canonicis
1927 633 2103 691 Libris

514 741 769 811 scriptum
794 739 900 806 sit,
931 737 1042 794 scio
1067 752 1080 790 :
1107 734 1232 806 quid
1261 732 1329 790 de
1368 732 1472 788 illis
1511 745 1608 786 vos
1645 729 1831 784 dicatis
1854 769 1870 796 ,
1898 726 2100 783 nescio.

512 832 670 888 Certe
699 832 834 886 sicut
863 844 960 884 nos
985 842 1077 883 cas
1100 827 1325 898 legimus
1350 823 1619 880 Ecclesias
1639 819 1834 878 Christi
1863 835 1926 875 ex
1953 816 2104 873 codi-

513 924 665 979 cibus
691 935 826 993 quos
851 928 906 977 et
930 934 1026 976 vos
1050 916 1376 975 veneramini
1407 933 1420 970 :
1450 915 1527 972 sic
1549 923 1604 970 et
1627 929 1723 969 vos
1747 928 1812 968 ex
1833 910 2107 967 codicibus

517 1031 654 1088 quos
693 1027 749 1072 et.
793 1030 892 1071 nos
928 1025 1281 1079 veneramur,
1321 1007 1773 1082 quemadmodum
1813 1003 2104 1076 perierint,

519 1109 677 1180 legite
724 1107 898 1163 nobis.
943 1107 1025 1162 An
1058 1105 1233 1177 placet
1273 1103 1430 1158 vobis
1453 1144 1468 1169 ,
1503 1108 1770 1157 utcontra
1800 1097 2064 1154 Ecclesias
2089 1138 2105 1165 ,

516 1219 637 1274 quae
668 1203 908 1259 membra
938 1210 1062 1258 sunt
1091 1201 1247 1256 unius
1272 1198 1525 1255 Ecclesiae
1551 1204 1664 1253 toto
1689 1194 1820 1252 orbe
1857 1191 2065 1250 ditiusm
2088 1233 2105 1259 ,

519 1312 653 1366 quas
680 1297 833 1352 nobis
859 1312 957 1367 per
983 1295 1287 1366 Scripturas
1312 1308 1435 1348 suas
1462 1290 1692 1362 Spiritus
1718 1296 1932 1344 sanctus
1958 1300 2110 1342 com-

524 1386 798 1444 mendavit
822 1396 876 1444 et
900 1385 1152 1452 tradidit,
1185 1384 1452 1441 undelibet
1484 1381 1687 1454 prolata
1714 1379 1964 1451 quaelibet
2009 1376 2112 1433 ho-

525 1481 730 1537 minum
757 1479 1036 1536 maledicta
1063 1478 1388 1535 credamus?
1415 1476 1527 1532 Hoc
1550 1474 1762 1546 quidem
1804 1471 1958 1528 vobis
2000 1469 2112 1540 pla-

526 1582 652 1642 cet,
682 1573 777 1629 sed
805 1573 957 1628 nobis
986 1587 1091 1628 non
1121 1573 1313 1643 placet.
1344 1570 1548 1639 Quibus
1574 1578 1750 1624 autem
1773 1566 1968 1637 justius
1993 1563 2114 1635 pla-

526 1674 686 1735 ceat,
728 1675 784 1722 et
832 1680 928 1722 vos
971 1665 1196 1731 videtis;
1251 1663 1344 1720 sed
1397 1663 1520 1719 victi
1574 1661 1952 1728 animositate,
2008 1673 2115 1714 non

526 1759 688 1816 vultis
713 1758 851 1814 vinci
878 1758 1124 1814 veritate.
1168 1757 1308 1812 Ecce
1353 1765 1477 1812 sunt
1508 1753 1796 1824 Scriptura:
1827 1751 1921 1807 Dei
1948 1793 1963 1816 ,
1991 1764 2118 1806 ecce

527 1859 653 1906 sunt
679 1849 732 1905 in
759 1850 837 1906 eis
866 1849 1121 1905 Ecclesia:
1145 1891 1161 1917 ,
1207 1857 1265 1904 et
1303 1847 1590 1904 universali
1637 1846 1798 1902 totius
1835 1843 1981 1900 orbis
2017 1857 2114 1898 uo-

528 1941 709 2007 mine,
761 1949 815 1996 et
861 1940 1172 1995 nominatim
1215 1939 1507 2011 designatae
1549 1947 1604 1995 et
1647 1951 1916 2008 expressa:
1943 1954 1958 1991 :
1990 1933 2120 2004 quid

531 2033 765 2105 majores
800 2034 961 2089 vestri
1001 2033 1219 2105 collegis
1259 2033 1370 2089 suis
1403 2031 1736 2103 objecerint,
1772 2028 2118 2092 nescierunt;

532 2126 718 2197 quales
745 2140 808 2182 ea
837 2140 995 2181 causa
1017 2124 1226 2195 judices
1257 2123 1540 2189 habuerit,
1581 2122 1927 2188 nescierunt;
1981 2133 2120 2189 quo-

507 2203 693 2273 modo
719 2231 846 2287 ergo
884 2216 1201 2286 perierunt?
1244 2216 1386 2272 Ecce
1430 2221 1555 2270 sunt
1599 2213 1887 2283 Scriptura:
1929 2209 2123 2283 quibus

532 2306 728 2372 credo,
757 2321 881 2362 ecce
923 2291 1046 2361 sunt
1095 2306 1352 2362 Ecclesia:
1380 2306 1572 2376 quibus
1607 2303 1942 2361 communico
1975 2321 1987 2358 :
2035 2302 2125 2357 ubi

533 2397 630 2454 tibi
653 2397 771 2468 lego
792 2398 1006 2452 nomina
1029 2413 1211 2452 carum
1237 2439 1251 2464 ,
1281 2397 1353 2453 ibi
1376 2396 1504 2452 mihi
1533 2397 1648 2468 lege
1670 2394 1891 2452 crimina
1916 2409 2122 2450 earum.

607 2490 696 2544 52.
738 2489 793 2546 Si
819 2500 996 2546 autem
1023 2489 1238 2546 aliunde
1262 2490 1462 2546 clamas
1487 2490 1571 2545 vel
1596 2490 1790 2546 recitas
1813 2530 1828 2556 ,
1870 2503 1970 2544 nos
2007 2495 2129 2558 post

535 2595 723 2638 vocem
760 2584 988 2653 pastoris
1027 2582 1236 2648 nostri,
1287 2597 1384 2652 per
1429 2596 1522 2648 ora
1571 2581 1955 2650 Prophetarum
1981 2619 1997 2646 ,
2032 2594 2128 2649 per

536 2686 600 2727 os
627 2671 900 2742 proprium
930 2715 943 2737 ,
978 2686 1074 2742 per
1099 2686 1194 2727 ora
1224 2671 1683 2742 Evangelistarum
1715 2670 1868 2726 nobis
1895 2669 2127 2740 apertis-

536 2761 672 2817 sime
699 2761 1020 2817 declaratam
1049 2802 1064 2828 ,
1087 2776 1248 2818 voces
1270 2771 1473 2818 vestras
1496 2775 1601 2816 non
1627 2759 1956 2816 admittimus
1979 2802 1994 2825 ,
2020 2776 2128 2816 non

537 2856 810 2913 credimus
833 2897 848 2923 ,
878 2871 982 2911 non
1007 2857 1317 2926 accipimus.
1351 2856 1478 2924 Qua:
1495 2865 1612 2911 sunt
1636 2872 1750 2912 oves
1771 2871 1894 2910 mete
1916 2897 1931 2920 ,
1959 2854 2132 2925 inquit

539 2957 724 3018 pastor
750 2947 984 3003 caelestis
1007 2989 1022 3012 ,
1065 2964 1236 3002 vocem
1273 2964 1437 3001 meam
1475 2946 1730 3014 audiunt,
1771 2957 1818 3002 et
1855 2954 2130 3018 sequuntur

540 3056 622 3094 me
665 3037 862 3111 (Joan.
894 3054 925 3093 x
953 3080 967 3106 ,
993 3037 1127 3110 27).
1176 3039 1290 3094 Vos
1333 3038 1450 3109 ejus
1490 3039 1558 3095 de
1600 3039 1842 3096 Ecclesia
1887 3054 1994 3095 non
2047 3047 2133 3096 est

541 3130 790 3185 obscura.
838 3129 1089 3200 Quisquis
1130 3130 1197 3185 ab
1237 3129 1352 3200 ejus
1395 3144 1557 3201 grege
1601 3145 1782 3186 errare
1828 3145 1934 3186 non
1975 3130 2128 3199 vult,

543 3222 686 3278 hunc
712 3222 934 3291 audiat,
966 3225 1106 3279 hunc
1131 3230 1398 3294 sequatur.
1437 3222 1806 3280 Fidelissimus
1850 3223 2132 3295 dispensa-

541 3322 630 3370 tor
652 3314 767 3384 ejus
793 3314 989 3371 Doctor
1017 3313 1266 3370 Gentium
1299 3315 1350 3370 in
1375 3313 1482 3370 [ide
1509 3323 1564 3371 et
1589 3315 1811 3372 veritate
1836 3357 1852 3384 ,
1874 3316 1996 3386 quia
2017 3315 2132 3386 ipse

541 3408 600 3464 in
625 3422 690 3464 eo
714 3407 1064 3479 loquebatur,
1097 3407 1214 3465 lucc
1243 3407 1372 3465 dicit
1401 3428 1414 3465 :
1446 3408 1610 3465 Miror
1629 3409 1764 3482 quod
1788 3410 1860 3465 sic
1902 3419 2005 3464 tam
2033 3410 2132 3464 cito

543 3501 908 3572 trans/â€œcrimini
932 3501 994 3556 ab
1015 3518 1073 3557 eo
1099 3503 1185 3573 qui
1211 3519 1298 3557 vos
1338 3503 1530 3558 vocavit
1565 3504 1618 3558 in
1651 3504 1866 3574 gratiam
1905 3503 2092 3559 Christi
2112 3545 2148 3572 ,_

541 3595 598 3650 in
617 3594 760 3649 aliud
805 3593 1141 3668 Evangelium
1163 3613 1182 3661 ;
1205 3597 1340 3667 quod
1365 3613 1467 3652 non
1498 3605 1570 3652 est
1602 3598 1744 3652 aliud
1768 3638 1782 3662 ,
1832 3599 1932 3653 nisi
1977 3597 2133 3668 aliqui

543 3695 662 3742 sunt
681 3687 1034 3744 conturbantes
1054 3705 1140 3744 vos
1158 3730 1173 3758 ,
1196 3699 1242 3744 et
1264 3690 1480 3744 volentes
1499 3698 1785 3745 convertere
1799 3686 2134 3760 Evangelium

545 3776 754 3833 Christi.
781 3779 888 3834 Sed
908 3780 1023 3833 licet
1043 3780 1085 3834 si
1110 3795 1202 3834 nos
1225 3820 1240 3847 ,
1263 3789 1350 3834 aut
1374 3781 1582 3851 angelus
1602 3781 1664 3834 de
1682 3781 1805 3835 cazlo
1826 3780 1960 3834 vobis
1984 3795 2135 3834 evan-

545 3871 833 3943 gelizaverit
875 3880 1214 3942 praeterquam
1277 3871 1414 3941 quod
1464 3872 1913 3942 evangelisavimus
1956 3871 2093 3926 vobis
2114 3913 2130 3939 ,

545 3963 814 4018 anathema
834 3965 918 4018 sit.
943 3963 1089 4020 Sicut
1118 3963 1445 4034 praediximus
1468 4006 1484 4031 ,
1520 3972 1567 4017 et
1595 3980 1727 4018 nunc
1756 3964 1938 4020 iterum
1980 3964 2093 4018 dico
2113 4005 2129 4029 ,

545 4057 592 4112 si
609 4057 720 4127 quis
739 4057 873 4113 vobis
896 4058 1312 4130 euangelizaverit
1331 4065 1664 4128 praeterquam
1682 4058 1817 4128 quod
1835 4059 2098 4130 accepistis
2114 4100 2129 4124 ,

545 4149 813 4205 anathema
834 4150 898 4206 sit
924 4148 1131 4222 (Galut.
1160 4165 1176 4204 Î¹
1201 4190 1215 4216 ,
1240 4149 1407 4223 6-9).
1455 4150 1827 4221 Evangelizala
1865 4159 1948 4208 est
1981 4151 2135 4208 nobis

547 4241 784 4299 Ecclesia
812 4259 910 4315 per
936 4253 1105 4300 totum
1146 4244 1330 4302 orbem
1379 4253 1639 4300 terrarum
1681 4243 1878 4302 futura.
1925 4245 2036 4301 Hoc
2079 4246 2134 4301 in

544 4332 720 4406 Lege,
748 4343 802 4391 et
835 4335 1115 4407 Prophetis
1138 4378 1154 4405 ,
1198 4345 1254 4393 et
1296 4336 1523 4392 Psalmis
1562 4328 1694 4392 esse
1722 4337 2134 4408 praenuntiatum

545 4425 661 4495 ipse
690 4426 946 4483 Dominus
977 4428 1290 4485 testiï¬catus
1311 4437 1395 4485 est
1417 4469 1434 4496 ,
1463 4429 1552 4500 qui
1581 4443 1697 4484 eam
1735 4439 2029 4500 eoepturam
2066 4432 2134 4488 ab

544 4516 843 4574 Jerusalem
873 4528 925 4575 et
951 4535 1047 4590 per
1071 4535 1258 4576 omnes
1296 4529 1484 4592 gentes
1517 4532 1944 4592 permanaturam
1966 4525 1983 4556 Â¹
2015 4539 2134 4581 esse

544 4612 793 4684 praedixit
818 4656 834 4681 ,
865 4621 1028 4669 testes
1056 4613 1157 4669 sibi
1187 4615 1392 4670 futuros
1421 4614 1476 4670 in
1502 4614 1794 4673 Jerusalem
1821 4658 1836 4685 ,
1867 4626 1921 4673 et
1946 4617 1997 4672 in
2025 4626 2132 4675 tota

543 4703 724 4758 Judma
751 4746 766 4771 ,
794 4712 848 4759 et
873 4704 1108 4760 Samaria
1134 4745 1148 4769 ,
1176 4713 1229 4760 et
1265 4719 1435 4775 usque
1465 4707 1518 4760 in
1551 4715 1713 4761 totam
1743 4717 1938 4763 terram
1963 4751 1977 4775 ,
2011 4724 2132 4764 cum

540 4795 649 4866 jam
681 4797 733 4851 in
760 4797 953 4855 cmlum
984 4795 1300 4852 ascenderet
1325 4838 1339 4861 ,
1368 4799 1762 4867 prtcnuntiavit.
1806 4800 1932 4856 llaec
1972 4801 2133 4857 verba

545 4885 684 4940 facta
715 4897 893 4944 secuta
911 4897 1054 4943 sunt.
1078 4886 1604 4960 Quomodocoeptum
1632 4891 1702 4946 sit
1724 4890 1791 4946 ab
1811 4891 2128 4960 Jerusalem,

543 4986 598 5030 et
627 4976 823 5033 deinde
852 4993 1160 5048 processum
1186 4980 1237 5034 in
1259 4978 1520 5047 Judccam,
1544 4991 1598 5037 et
1621 4982 1940 5046 Samariam,
1963 4984 2134 5041 donec

545 5068 603 5123 in
636 5076 797 5123 totam
823 5078 1017 5126 terram
1038 5113 1054 5138 ,
1087 5072 1175 5128 ubi
1205 5071 1381 5128 adhuc
1403 5074 1597 5129 crescit
1621 5074 1880 5143 Ecclesia,
1927 5085 1982 5132 et
2010 5077 2133 5133 inde

546 5161 776 5230 usqueiu
793 5161 952 5217 linem
969 5164 1126 5220 etiam
1146 5165 1376 5236 reliquas
1395 5172 1601 5236 gentes,
1621 5167 1708 5222 ubi
1721 5167 1893 5223 adhuc
1907 5183 2012 5225 non
2027 5178 2128 5238 cst,

546 5253 1096 5325 obtineat,Scripturis
1118 5258 1313 5314 sanctis
1329 5258 1552 5314 testibus
1565 5271 1951 5330 consequenter
1962 5271 2134 5318 osten-

546 5345 733 5402 ditur:
774 5347 1014 5418 quisquis
1047 5348 1186 5403 aliud
1209 5350 1671 5420 evangelizaverit,
1712 5354 1993 5409 anathema
2038 5354 2126 5409 sit.

614 5439 843 5497 CAPUT
890 5441 1005 5497 Xlll
1035 5442 1138 5512 (a).
1168 5473 1238 5483 -â€”
1270 5443 1427 5499 Aliud
1453 5453 1630 5501 autem
1673 5447 2014 5518 evangelizat,
2042 5449 2132 5519 qui

542 5536 768 5607 periisse
814 5536 944 5592 dicit
989 5535 1058 5592 de
1096 5544 1292 5592 caetero
1334 5538 1534 5594 mundo
1580 5540 1911 5612 Ecclesiam,
1971 5551 2027 5600 et
2075 5541 2131 5599 in

611 5669 629 5732 Î¾
663 5673 736 5732 _Er.
762 5668 906 5732 Lugd.
934 5675 986 5719 et
1007 5673 1145 5729 \'en.,
1172 5679 1554 5732 permansurum.
1652 5682 1708 5732 Îœ.

610 5728 851 5796 (a)-Apud
871 5739 968 5781 Am.
992 5737 1044 5782 et
1065 5728 1288 5795 Er.,â€˜cap.
1316 5729 1389 5786 l2.

1580 238 1852 302 CONTRA
1892 235 2318 298 DONATISTAS
2357 225 2712 306 EPISTOLA,

2212 365 2362 424 parte
2392 355 2586 412 Donati
2628 357 2683 412 in
2722 353 2835 411 sola
2880 351 3059 408 Africa
3100 350 3427 409 remansisse
3480 351 3651 408 dicit.

2211 447 2494 506 anathema
2519 449 2608 505 sit.
2635 450 2743 504 Aut
2768 447 2907 521 legat
2926 449 3056 505 mihi
3078 447 3180 506 hoc
3202 450 3256 507 in
3274 450 3593 524 Scripturis
3615 467 3710 507 san

2211 549 2266 596 et
2295 554 2401 596 non
2429 540 2502 596 sit
2523 539 2832 596 anathema.

2285 634 2374 690 55.
2427 634 2581 707 Lego,
2615 635 2830 707 inquit:
2863 634 3005 692 Nam
3051 636 3233 692 Enoch
3284 653 3419 694 unus
3472 637 3624 693 inter
3677 655 3748 690 om

2213 725 2440 782 homines
2486 727 2677 798 placuit
2721 727 2832 784 Deo
2859 769 2875 798 ,
2930 739 2978 784 et
3030 731 3305 786 translatus
3377 741 3456 786 est
3532 731 3555 804 (
3589 730 3718 785 Gen.

2212 816 2304 926 2.4?
2355 837 2368 874 :
2423 827 2469 873 et
2517 830 2691 892 postea
2745 832 2848 877 toto
2923 824 3113 880 mundo
3170 841 3419 896 aquarum
3499 826 3770 926 inundatiq

2214 911 2421 1006 deleto,
2472 915 2610 968 solus
2665 913 2780 970 Noe
2831 932 2946 970 cum
3007 917 3223 988 conjuge
3267 928 3315 972 et
3377 919 3517 988 ï¬liis
3571 927 3625 972 et
3699 911 3770 1006 mal

2214 1001 2304 1058 bus
2331 1005 2436 1059 suis
2461 1006 2514 1060 in
2541 1023 2662 1061 arca
2699 1008 2882 1062 meruit
2907 1007 3110 1063 liberari
3137 1007 3246 1080 (Id.
3273 1025 3368 1076 vn,
3398 1010 3482 1081 l).
3521 1010 3770 1112 Adjungq

2215 1099 2374 1155 etiam
2426 1099 2495 1156 de
2537 1099 2690 1169 Loth,
2740 1101 2876 1171 quod
2901 1101 3041 1156 solus
3081 1118 3194 1156 cum
3235 1101 3442 1173 ï¬liabus
3473 1101 3551 1156 de
3604 1099 3770 1184 Sodali

2218 1192 2456 1248 liberatus
2484 1193 2548 1284 sit
2591 1193 2706 1265 (Id.
2737 1209 2846 1259 xtx,
2880 1192 2992 1266 12).
3027 1194 3104 1250 De
3131 1193 3248 1264 ipso
3275 1209 3502 1265 quoque
3535 1195 3770 1284 Î‘á½‘Ï„Î±á½µÎ±á¿†

2217 1284 2391 1354 Isaac,
2423 1293 2469 1340 et
2497 1283 2683 1353 Iacob,
2713 1285 2851 1355 quod
2894 1285 3046 1357 pauci
3092 1285 3282 1355 fuerint
3329 1285 3440 1340 Deo
3473 1285 3766 1356 placentes,

2219 1323 2391 1354 "mw,
2423 1323 2469 1340 Ï….
2497 1323 2683 1353 ...Ï€Î·
2713 1323 2850 1355 .,...,..
2894 1323 3045 1357 Î¼Ï‰Î½...
3092 1323 3280 1355 ,........
3329 1323 3438 1340 Î¼Î¹Î½
3473 1323 3766 1356 ,...........,

2219 1387 2354 1434 terra
2379 1378 2528 1432 idolis
2547 1386 2591 1432 et
2612 1376 2925 1433 daemonibus
2948 1377 3121 1432 dedita
3149 1380 3188 1431 '.
3221 1375 3500 1432 Postremo
3513 1377 3647 1448 jam
3676 1323 3770 1460 mel

2219 1472 2406 1543 plicata
2437 1472 2625 1543 papula
2671 1469 2857 1539 Israel,
2892 1471 3007 1542 jam
3035 1469 3345 1541 temporibus
3389 1486 3585 1541 regum
3630 1470 3686 1523 in

2221 1565 2592 1636 promissionis,
2638 1580 2749 1635 qua:
2795 1568 2962 1637 fuerat
3005 1563 3236 1618 omnibus
3285 1563 3568 1618 duodecim
3623 1561 3748 1616 tribu

2223 1655 2510 1722 distributa,
2537 1664 2961 1712 commemorant
2997 1656 3167 1710 decem
3193 1656 3354 1710 tribus
3381 1655 3616 1719 divisas,
3648 1663 3695 1708 et

2224 1747 2356 1801 ditas
2399 1763 2538 1802 servo
2582 1747 2877 1804 Salomonis
2917 1765 2936 1803 :
2974 1748 3104 1804 duas
3145 1757 3319 1805 autem
3369 1747 3696 1803 remansisse
3735 1743 3770 1818 ï¬‚

2226 1839 2519 1895 Salomonis
2562 1840 2630 1893 ad
2672 1857 2903 1913 regnum,
2931 1842 3068 1912 quod
3105 1849 3211 1896 erat
3248 1839 3553 1896 Jerusalem
3585 1837 3686 1911 (Ill
3714 1836 3770 1932 Iit

2225 1947 2302 1998 XI,
2335 1929 2548 2001 11-15).
2582 1930 2672 1986 Sic
2709 1941 2757 1985 et
2782 1949 2935 1998 nunc,
2983 1932 3250 2003 inquiunt,
3284 1942 3420 1987 totus
3449 1932 3690 1987 mundus
3713 1929 3770 2004 ad

2227 2024 2427 2078 statavit
2447 2039 2468 2088 Í¾
2497 2039 2590 2077 nos
2618 2032 2785 2079 autem
2824 2033 3065 2094 tanquam
3094 2023 3210 2078 dua:
3236 2023 3343 2079 illa?
3369 2023 3540 2078 tribus
3567 2024 3626 2078 in
3660 2009 3770 2094 (and

2228 2112 2341 2180 Dei,
2372 2114 2468 2168 hoc
2493 2121 2584 2181 est,
2613 2114 2667 2168 in
2705 2113 2933 2169 Ecclesia
2960 2115 3314 2170 remansimus.
3349 2113 3651 2170 Dominum

2227 2205 2407 2260 Iesum
2455 2205 2711 2261 Christum
2754 2223 2871 2261 cum
2919 2207 3128 2278 plurimi
3169 2208 3413 2278 discipuli
3463 2219 3770 2281 sequerentlt

2229 2300 2548 2371 septuaginta
2568 2298 2763 2355 duobus
2779 2300 3197 2371 apostatantibus,
3215 2301 3311 2356 soli
3325 2319 3440 2357 cum
3458 2303 3560 2359 illo
3575 2302 3770 2372 duodect

2229 2402 2596 2448 remanserunt.
2631 2392 2724 2450 His
2754 2403 2911 2465 atque
2943 2393 3250 2466 bujusmodi
3281 2398 3555 2468 exemplis
3602 2393 3770 2464 Î´Îµá¿–ÏÎµ.)

2231 2500 2382 2540 suam
2414 2485 2733 2556 paucitatem
2751 2485 3129 2543 commendare
3153 2497 3436 2556 conantur,
3461 2497 3522 2546 et
3555 2489 3613 2545 in
3641 2493 3770 2556 sanet

2233 2577 2490 2634 Ecclesia:
2532 2578 2923 2634 multitudinem
2972 2589 3082 2635 toto
3124 2581 3254 2637 orbe
3282 2580 3538 2637 ditiâ€˜usam
3592 2565 3770 2651 blaspht

2232 2687 2380 2729 mare
2410 2688 2514 2729 non
2544 2683 2774 2729 cessant.
2807 2673 2912 2730 Sed
2939 2689 3122 2746 quacro
3149 2676 3217 2732 ab
3254 2676 3352 2742 eis,
3386 2676 3431 2731 si
3461 2675 3650 2748 (quod
3673 2669 3770 2730 absi

2233 2767 2430 2822 nollem
2473 2767 2694 2824 credere
2725 2782 2849 2824 vera
2884 2783 3003 2824 esse
3030 2768 3131 2824 ista
3171 2769 3287 2840 ipsa
3316 2784 3437 2840 qua:
3479 2768 3554 2825 ab
3581 2768 3662 2825 eis
3689 2779 3770 2844 eos

2233 2869 2599 2918 memorantur
2623 2862 2888 2933 exempla,
2919 2862 3060 2920 unde
3085 2878 3171 2919 me
3195 2862 3634 2920 convincerent?
3657 2861 3770 2928 Nom

2233 2953 2302 3008 de
2343 2952 2631 3024 Scripturis
2675 2955 2891 3020 sanctis,
2927 2953 3015 3009 ubi
3059 2954 3310 3025 leguntur
3337 2963 3486 3010 tanta
3519 2953 3770 3024 maniiestt

2235 3043 2400 3112 tione,
2432 3052 2489 3099 ut
2515 3043 2755 3115 quisquis
2793 3043 2908 3098 illas
2934 3043 3164 3100 Litteras
3189 3045 3242 3100 in
3271 3043 3430 3100 ï¬dem
3463 3047 3696 3116 recepit,
3727 3051 3770 3102 at

2235 3138 2404 3208 possit
2431 3138 2531 3192 nisi
2577 3147 2629 3193 et
2658 3137 2757 3193 ista
2787 3137 3061 3193 verissima
3099 3137 3389 3194 confiteri?
3417 3138 3596 3196 Porro
3630 3139 3676 3194 si
3718 3138 3770 3200 hs

2236 3231 2479 3300 exempla
2524 3229 2646 3286 ideo
2691 3244 2913 3300 cogerer
2963 3229 3186 3286 credere
3232 3245 3358 3286 vera
3409 3246 3555 3299 esse,
3605 3221 3770 3300 quisi

2237 3320 2433 3390 scripta
2461 3329 2606 3387 sunt,
2653 3320 2740 3377 ubi
2772 3335 2876 3375 non
2925 3335 3138 3390 possem
3181 3321 3360 3377 dicere
3388 3322 3525 3378 falsa
3571 3333 3770 3391 esscqu

2236 3411 2430 3481 scripta
2473 3421 2616 3476 sunt,
2649 3427 2744 3472 cur
2786 3427 2892 3467 non
2937 3421 2991 3466 et
3028 3411 3130 3482 ipsi
3159 3411 3226 3468 de
3272 3412 3519 3469 Ecclesia
3567 3424 3680 3469 toto
3706 3407 3770 3472 Î¿Ï„Î¹

2236 3502 2427 3559 dillâ€˜usa
2460 3501 2660 3558 eisdem
2693 3502 2984 3573 Scripturis
3026 3503 3296 3558 credunt?
3324 3503 3464 3560 Ecce
3513 3519 3618 3561 nos
3660 3499 3770 3559 omni

2237 3595 2322 3649 illa
2372 3593 2677 3660 credimus;
2707 3593 2930 3649 credant
2972 3602 3027 3650 et
3072 3595 3171 3665 ipsi
3221 3593 3363 3666 quod
3408 3596 3485 3651 ait
3531 3596 3770 3652 Dominus

2238 3686 2507 3757 prtedicari
2547 3687 2601 3741 in
2648 3687 2850 3742 nomine
2874 3703 2967 3741 suo
3000 3688 3364 3758 paenitentiam,
3396 3698 3446 3744 et
3491 3688 3770 3744 remissione!

2238 3787 2552 3848 peccatorum
2566 3795 2656 3848 per
2675 3795 2845 3833 omnes
2865 3786 3057 3849 gentes,
3078 3778 3434 3850 incipientibus
3450 3781 3514 3834 ab
3526 3779 3770 3836 Jerusnlcn

2238 3870 2469 3926 Credant
2487 3870 2630 3942 quod
2670 3887 2992 3928 ascensurus
3019 3871 3071 3927 in
3119 3873 3315 3928 cadum
3353 3874 3648 3930 novissime
3675 3870 3769 3927 dixit

2240 3963 2397 4019 Erilis
2412 3964 2536 4020 mihi
2559 3973 2703 4021 testes
2723 3967 2776 4020 in
2793 3965 3101 4033 Jerusalem,
3127 3975 3173 4020 et
3217 3967 3270 4021 in
3312 3976 3417 4021 tota
3433 3966 3467 4020 J
3476 3968 3647 4035 udrea,
3659 3976 3700 4020 et
3722 3963 3770 4019 St

2238 4057 2418 4122 maria,
2437 4067 2483 4112 et
2497 4073 2651 4128 usque
2666 4058 2718 4112 in
2735 4066 2889 4112 totam
2907 4067 3094 4112 terram
3109 4055 3261 4130 (Luc.
3277 4074 3424 4127 XXIV,
3440 4059 3512 4114 44
3520 4060 3624 4125 ~51;
3642 4068 3685 4112 et
3710 4056 3770 4110 Act

2239 4166 2278 4217 Î¹,
2294 4151 2346 4219 8,
2361 4149 2437 4223 9).
2467 4150 2534 4205 Î•Î¹
2552 4151 2658 4218 illa,
2679 4160 2732 4207 et
2747 4151 2846 4206 ista
2862 4166 2985 4208 vera
3003 4167 3124 4208 esse
3141 4150 3450 4217 credantur,
3466 4163 3522 4208 et
3535 4152 3677 4209 nulla
3693 4149 3770 4205 intt

2241 4260 2339 4300 nos
2367 4245 2638 4301 contentio
2657 4245 2988 4312 remanebit;
3021 4245 3142 4317 quia
3171 4261 3270 4301 nec
3291 4245 3397 4300 illis
3417 4245 3563 4302 veris
3591 4246 3702 4310 ista,
3724 4253 3770 4295 nc

2239 4336 2358 4393 istis
2387 4338 2522 4393 veris
2560 4337 2650 4392 illa
2696 4338 3076 4409 impediuntur.
3107 4338 3174 4392 Et
3211 4339 3329 4407 ista,
3365 4339 3636 4410 inquiunt,
3664 4331 3770 4392 credi

2241 4446 2373 4498 ntus,
2418 4439 2465 4485 et
2507 4431 2753 4501 completa
2797 4447 2904 4486 esse
2944 4433 3247 4501 conï¬temur
3267 4449 3287 4497 ;
3330 4431 3419 4486 sed
3465 4443 3644 4502 postea
3694 4427 3770 4484 orbi

2242 4529 2490 4576 terrarum
2518 4523 2838 4592 apostatavit,
2881 4533 2925 4577 et
2949 4521 3061 4578 sola
3090 4523 3331 4577 remansit
3374 4521 3569 4577 Donati
3607 4531 3770 4578 comunt

2240 4615 2345 4669 nio.
2393 4613 2507 4670 Hoc
2548 4613 2702 4669 nobis
2743 4615 2939 4686 legant,
2987 4614 3127 4670 sicut
3173 4615 3356 4686 legunt
3395 4613 3465 4670 de
3509 4613 3708 4677 Enocb,
3745 4606 3770 4662 á½

2238 4706 2373 4774 Noe,
2400 4705 2541 4762 etde
2566 4706 2854 4771 Abraham,
2883 4705 3052 4770 lsaac,
3084 4716 3137 4762 et
3164 4705 3348 4770 Jacob,
3384 4713 3440 4763 et
3466 4705 3536 4762 de
3566 4707 3665 4761 illis
3686 4702 3766 4757 dua

2241 4799 2340 4855 bus
2388 4797 2648 4864 tribubus,
2696 4815 2814 4870 qua:
2865 4798 3056 4854 decem
3103 4798 3364 4870 separatis
3411 4799 3630 4871 reliqua:
3676 4795 3770 4852 fact:

2241 4901 2448 4960 sunt,et
2478 4891 2546 4948 de
2561 4891 2839 4947 duodecim
2857 4891 3146 4962 Apostolis,
3167 4891 3257 4962 qui
3285 4891 3496 4948 caneris
3523 4897 3770 4962 apostatau

2240 4985 2380 5040 tibus
2409 4992 2820 5049 remanserunt;
2849 4991 2903 5038 et
2947 4981 3047 5038 hoc
3093 4980 3341 5038 similiter
3382 4983 3580 5054 legant,
3623 4991 3672 5038 et
3689 4973 3770 5034 nihi

2239 5077 2558 5133 resistimus.
2611 5076 2666 5131 Si
2697 5083 2872 5130 autem
2919 5090 3025 5130 non
3071 5091 3135 5130 ea
3184 5075 3252 5131 de
3296 5073 3590 5145 Scripturis
3633 5067 3769 5130 saneti:

2241 5171 2440 5243 legunt,
2473 5170 2567 5227 scd
2593 5169 2702 5226 suis
2725 5170 3159 5226 contentionibus
3186 5169 3512 5240 persuadere
3533 5175 3762 5226 conantur

2240 5264 2402 5320 credo
2448 5263 2536 5318 illa
2580 5279 2700 5335 quae
2747 5263 2800 5318 in
2838 5261 3128 5332 Scripturis
3167 5263 3366 5318 sanctis
3415 5263 3671 5334 leguntur,
3704 5267 3770 5311 n0t

2240 5356 2402 5412 credo
2432 5355 2530 5410 ista
2556 5371 2673 5425 qum
2703 5354 2771 5410 ab
2797 5354 3061 5410 haereticis
3090 5354 3242 5409 vanis
3271 5353 3544 5410 dicuntur.
3571 5352 3666 5410 Sed
3689 5344 3770 5420 qui!

2242 5463 2300 5504 se
2327 5446 2534 5503 duabus
2578 5446 2682 5502 illis
2729 5445 2988 5511 tribubus,
3039 5461 3159 5516 qua:
3201 5459 3324 5501 cum
3371 5444 3663 5501 Salomonis
3698 5436 3770 5493 lilit

2241 5551 2631 5608 remanserunt,
2678 5537 3067 5610 comparandos
3115 5546 3341 5610 putant,
3388 5537 3585 5610 legant,
3632 5545 3678 5595 et
3711 5539 3770 5587 eos

2305 5675 2758 5746 â€˜_.sic_Flor_iacet_tsis
2779 5675 2952 5746 codex.
2979 5683 3034 5728 At
3057 5675 3193 5742 editi,
3243 5683 3342 5729 Deo
3374 5674 3627 5743 placentes,
3660 5675 3770 5728 Ï„Î±Ï‰Î½Î¹

2240 5739 2386 5802 idolis
2407 5737 2559 5792 dediti
2580 5743 2625 5792 et
2647 5737 2958 5798 dcentonibus.
