3812 6128
26 295 86 351 'l‘l
860 295 1029 339 γυιεο
1067 279 1155 336 DE
1194 273 1495 336 UNITATE
1535 271 1599 329 Ε(

1713 269 1887 329 ΕΞΙᾸΞ
1919 269 2122 326 LIBER
2160 268 2362 328 UNUS.

25 420 97 464 ioc
134 401 360 473 elegisse
394 402 409 434 ί
439 400 738 474 ρωιιίιειιίι.
769 398 858 457 Sic
903 399 1047 455 enim
1073 400 1558 454 commemorantur

25 519 48 559 ιι
70 498 345 570 Scripturis
375 498 474 570 ipsi
503 497 610 553 duo
638 495 837 567 populi.
869 495 999 550 Pars
1038 508 1156 564 qua:
1181 499 1295 547 erat
1319 489 1385 544 ad
1409 488 1570 544 Jeru-

25 597 146 651 alem
172 591 308 650 Juda
335 591 642 647 nominatur
667 607 680 645 :
711 589 799 644 illa
837 602 966 644 vero
990 587 1094 642 alia
1122 601 1241 656 quae
1266 599 1388 640 cum
1414 594 1571 637 servo

25 685 278 745 Salomonis
306 685 362 740 in
405 683 662 754 ampliore
703 695 926 737 numero
955 687 1232 752 segregata
1259 687 1362 743 est,
1407 671 1572 730 Israel

25 789 219 836 iocatur.
269 777 476 848 Legant
522 791 642 846 qua:
703 775 887 830 dicant
939 771 1226 843 Propheta:
1270 769 1338 826 de
1406 768 1568 824 utris-

25 887 94 942 [ue
138 866 586 940 quemadmodum
637 866 875 938 pejorem
934 864 1113 919 dicant
1164 860 1355 918 Judam
1412 872 1575 930 quam

27 964 167 1031 srael,
197 963 270 1018 ita
307 970 371 1018 ut
404 959 744 1032 justilicatam
786 959 966 1015 dicant
1005 955 1382 1013 aversatricem
1410 951 1576 1008 Israel

25 1057 215 1116 teccatis
254 1053 699 1126 pratvaricatricis
744 1050 881 1107 Juda
924 1048 1141 1119 (Ezech.
1183 1062 1308 1113 xvi,
1357 1044 1450 1115 51)
1480 1061 1494 1096 :
1525 1041 1578 1098 id

25 1156 96 1213 ast,
125 1155 226 1201 tam
267 1143 451 1216 gravia
496 1157 615 1199 esse
643 1150 860 1214 peccata
890 1140 1068 1211 hujus,
1117 1147 1175 1194 ut
1207 1139 1258 1192 in
1289 1136 1404 1207 ejus
1431 1148 1580 1190 com-

25 1237 262 1309 paratione
298 1234 392 1290 illa
430 1233 573 1305 justa
613 1232 839 1289 dicenda
879 1231 967 1287 sit.
1015 1229 1125 1286 Nec
1152 1228 1310 1299 hujus
1357 1235 1534 1283 tamen
1560 1266 1576 1292 ,

25 1328 253 1386 necillius
282 1335 506 1398 peccata
551 1325 838 1383 obfuerunt
860 1323 1060 1394 aliquid
1088 1323 1263 1393 justis,
1295 1321 1386 1392 qui
1410 1328 1464 1375 et
1491 1317 1580 1374 hic

25 1431 69 1478 et
88 1421 184 1475 illic
210 1419 378 1476 fuisse
399 1419 762 1475 inveniuntur.
785 1418 916 1475 Nam
940 1424 995 1474 et
1024 1417 1076 1472 in
1105 1416 1192 1471 illa
1221 1421 1391 1485 parte,
1421 1427 1580 1483 quam

25 1527 101 1584 pro
142 1511 386 1583 exemplo
438 1510 753 1582 perditionis
799 1518 1024 1581 ponttnt,
1068 1507 1121 1563 id
1161 1515 1243 1563 est
1288 1505 1342 1560 in
1377 1504 1580 1572 Israel,

25 1603 210 1660 luerunt
248 1602 420 1658 sancti
469 1601 764 1673 prophetae.
812 1599 887 1656 Ibi
935 1608 1051 1655 erat
1089 1597 1180 1652 ille
1223 1593 1583 1652 memorabilis

25 1691 162 1759 Elias,
187 1701 244 1748 ut
266 1692 335 1749 de
349 1691 470 1748 aliis
493 1702 717 1759 taceam,
746 1691 832 1747 cui
856 1691 1017 1747 etiam
1037 1689 1235 1745 dictum
1258 1695 1360 1755 est,
1384 1684 1586 1756 Reliqui

25 1785 129 1839 mihi
159 1792 345 1853 septem
369 1781 534 1837 millia
562 1783 803 1849 virorum,
827 1782 913 1853 qui
939 1798 1041 1836 non
1066 1787 1394 1835 curvaverant
1421 1791 1586 1848 genua

27 1884 124 1929 ante
156 1873 280 1928 Baal
321 1872 427 1946 (ιιι
457 1873 585 1945 Reg.
632 1889 748 1942 xtx,
790 1873 902 1944 18).
933 1871 1060 1928 Ideo
1088 1882 1418 1941 nequaquam
1463 1881 1588 1937 pars

29 1963 103 2020 illa
145 1965 338 2036 populi,
374 1974 626 2036 tanquam
671 1965 892 2021 haeresis
934 1963 1098 2019 fuisse
1140 1959 1443 2032 deputanda
1483 1966 1585 2015 est.

31 2055 150 2112 Deus
188 2056 327 2112 enim
358 2055 577 2112 easdem
623 2055 789 2110 tribus
829 2056 1064 2126 jusserat
1106 2052 1364 2124 separari,
1397 2064 1503 2106 non
1533 2057 1592 2104 ut

31 2148 211 2219 religio,
237 2148 333 2205 sed
373 2157 432 2204 ut
461 2163 682 2220 regnum
708 2148 1052 2215 divideretur,
1081 2155 1138 2203 ot
1165 2146 1268 2201 hoc
1291 2143 1450 2200 modo
1475 2142 1592 2198 vin-

33 2240 270 2298 dicaretur
291 2241 345 2297 in
370 2257 593 2313 regnum
616 2241 770 2298 Juda.
796 2241 937 2296 Deus
956 2247 1132 2295 autem
1154 2250 1423 2308 nunquam
1442 2235 1594 2306 jubet

26 2333 239 2390 ‘schisma
265 2334 350 2391 vel
393 2333 643 2389 haeresim
691 2333 828 2388 ﬁeri.
871 2331 1052 2403 Neque
1095 2330 1237 2387 enim
1278 2329 1401 2400 quia
1442 2335 1498 2384 et
1537 2327 1593 2382 in

35 2429 145 2485 orbe
181 2437 446 2486 terrarum
473 2428 789 2500 plerumque
816 2441 978 2496 regna
1015 2423 1346 2489 dividuntur,
1378 2420 1499 2476 ideo
1541 2431 1596 2475 et

35 2522 186 2577 unitas
211 2521 497 2577 christiana
522 2519 796 2586 dividitur,
824 2533 946 2575 cum
974 2518 1028 2574 in
1070 2523 1296 2587 utraque
1322 2521 1472 2586 parte
1500 2526 1593 2568 ca-

37 2612 206 2667 tholica
229 2612 532 2668 inveniatur
552 2610 813 2666 Ecclesia.

97 2705 176 2761 54.
217 2704 326 2760 lloc
353 2703 475 2760 ideo
517 2703 586 2758 de
618 2702 752 2758 Juda
783 2709 837 2758 et
863 2701 1026 2758 Israel
1067 2691 1597 2757 commemorandum

41 2799 292 2855 arbitratus
333 2812 476 2865 sum,
527 2797 759 2852 maxime
805 2805 866 2850 ut
911 2794 1295 2850 admoneantur
1333 2792 1441 2858 isti,
1490 2806 1598 2847 non

43 2891 206 2948 obesse
224 2891 378 2962 justis
406 2891 460 2946 in
487 2889 665 2946 medio
692 2889 976 2959 impiorum
995 2885 1316 2954 constitutis,
1345 2883 1599 2955 quidquid

45 2980 88 3037 in
129 2982 262 3052 ipsos
315 2981 544 3053 populos
604 2988 824 3052 propter
877 2979 1158 3049 impiorum
1210 2975 1600 3032 multitudinem

47 3071 212 3128 dicitur
232 3091 245 3127 :
267 3082 324 3128 ut
347 3071 598 3128 desinant
621 3071 870 3140 colligere
894 3070 1218 3135 testimonia,
1249 3081 1601 3139 quacumque

48 3162 142 3218 sive
177 3179 268 3234 per
302 3162 623 3232 Prophetas,
678 3163 792 3217 sive
838 3175 934 3232 per
970 3175 1033 3216 os
1077 3159 1308 3226 Domini,
1351 3159 1463 3214 sive
1506 3173 1603 3229 per

50 3252 381 3326 Evangelistas
425 3254 480 3309 in
525 3253 725 3308 zizania
777 3253 860 3308 vel
905 3253 1114 3322 paleam
1155 3250 1298 3306 orbis
1343 3257 1603 3305 terrarum

50 3343 168 3401 dicta
208 3346 569 3403 inveniuntur.
619 3345 939 3414 Plerumque
985 3344 1127 3398 enim
1175 3356 1352 3398 sermo
1393 3341 1604 3396 divinus

53 3433 214 3506 impias
249 3436 431 3493 turbas
461 3435 739 3500 Ecclesiae,
780 3448 900 3504 quse
943 3447 1044 3488 nec
1072 3433 1125 3487 in
1168 3431 1405 3487 Ecclesia
1435 3429 1604 3501 depu-

53 3534 223 3596 tantur,
255 3536 432 3584 tamen
460 3534 678 3597 propter
703 3525 1066 3589 Sacramenta,
1097 3537 1215 3594 quae
1241 3537 1362 3577 cum
1406 3520 1606 3576 sanctis

52 3620 374 3677 communiter
409 3618 628 3685 habent,
657 3617 781 3688 quia
807 3617 945 3673 inest
984 3617 1038 3671 in
1061 3615 1140 3671 eis
1169 3614 1410 3686 quaedam
1438 3613 1608 3669 forma

55 3709 258 3779 pietatis,
287 3711 439 3782 cujus
483 3709 732 3765 virtutem
775 3715 990 3780 negant,
1021 3706 1158 3761 sicut
1185 3707 1259 3760 ait
1298 3704 1604 3776 Apostolus,

58 3799 281 3859 Habentes
322 3807 541 3876 formam
584 3802 804 3873 pietatis,
846 3803 1075 3855 virtutem
1109 3808 1278 3854 autem
1318 3799 1427 3870 ejus
1459 3797 1611 3852 abne-

58 3903 206 3961 gantes
231 3894 295 3968 (ιι
327 3894 461 3950 Tim.
498 3909 577 3960 ιιι,
606 3893 662 3961 5)
690 3911 704 3960 ;
735 3894 814 3949 sic
849 3891 1121 3963 redarguit
1148 3901 1397 3962 tanquam
1423 3903 1612 3945 omnes

60 3983 172 4040 tales
207 3986 331 4054 sint,
359 3994 419 4042 et
445 3984 620 4041 nullus
662 3985 834 4040 bonus
861 3983 1078 4039 omnino
1107 3979 1444 4037 remanserit.
1485 3978 1614 4035 lude

59 4078 230 4150 quippe
271 4081 658 4147 admonemur,
703 4078 756 4133 in
809 4091 906 4132 suo
951 4077 1180 4148 quodam
1241 4087 1466 4129 numero
1519 4086 1614 4129 eos

61 4167 148 4224 dici
185 4185 386 4237 omnes,
431 4169 485 4226 id
511 4178 616 4236 est,
665 4181 853 4224 omnes
882 4167 1020 4222 ﬁlios
1062 4167 1342 4237 gehennae,
1391 4179 1499 4236 quo
1522 4177 1616 4219 eos

63 4255 184 4314 Deus
221 4261 484 4330 pertinere
523 4258 808 4329 przescivit.
839 4255 932 4311 Isti
958 4271 1089 4326 ergo
1121 4255 1204 4310 vel
1234 4255 1500 4325 imperite,
1529 4252 1614 4308 vel

65 4346 294 4407 fallaciter
332 4359 571 4425 agentes,
597 4348 857 4419 colligunt
895 4347 962 4402 de
1006 4345 1295 4416 Scripturis
1323 4345 1466 4410 talia,
1497 4357 1617 4415 qua:

69 4440 136 4495 vel
159 4441 209 4496 in
233 4443 398 4499 malos
437 4442 591 4498 bonis
618 4454 785 4510 usque
813 4438 867 4494 in
894 4438 1055 4493 linem
1083 4436 1394 4508 permixtos,
1425 4433 1511 4490 vel
1548 4433 1618 4489 de

67 4533 331 4589 vastatione
347 4533 540 4605 prioris
561 4531 739 4602 populi
758 4529 1063 4586 Iudaeorum
1083 4527 1222 4583 dicta
1246 4527 1616 4598 reperiuntur:

69 4631 116 4676 et
132 4626 300 4682 volunt
325 4642 388 4682 ea
407 4625 726 4696 detorquere
751 4623 806 4678 in
831 4620 1128 4678 Ecclesium
1150 4619 1264 4684 Dei,
1286 4627 1344 4673 ut
1372 4625 1621 4688 tanquam

70 4711 304 4772 deiecisse
329 4731 393 4772 ac
421 4715 644 4786 periisse
667 4713 735 4770 de
763 4721 874 4769 toto
900 4710 1031 4766 orbe
1056 4709 1321 4765 videatur.
1367 4708 1625 4764 Desinant

72 4817 182 4874 ergo
206 4807 322 4863 talia
363 4805 624 4879 proferre,
651 4807 697 4861 si
741 4801 1067 4874 respondere
1092 4801 1218 4857 huic
1246 4799 1497 4870 Epistola:
1523 4814 1622 4854 vo-

75 4894 190 4950 lunt.
218 4898 394 4970 Neque
433 4898 578 4956 enim
624 4911 722 4952 nos
749 4895 824 4950 ita
865 4893 1092 4950 dicimus
1117 4907 1215 4962 per
1242 4899 1412 4946 totum
1441 4891 1625 4947 orbem

77 4984 272 5046 diffundi
299 4990 610 5057 Ecclesium,
640 4998 699 5044 ut
740 4987 796 5043 in
826 4984 1183 5043 Sacramentis
1207 4981 1326 5052 ejus
1352 4981 1498 5037 solos
1526 4982 1624 5037 bo-

79 5093 160 5134 nos
181 5095 291 5139 esse
315 5084 575 5149 dicamus,
604 5097 666 5138 ac
693 5096 799 5138 non
827 5079 988 5135 etiam
1016 5076 1183 5132 malos
1209 5092 1224 5141 ;
1266 5082 1323 5131 et
1346 5088 1441 5130 eos
1469 5073 1628 5129 etiam

81 5173 225 5229 multo
250 5176 444 5247 plures,
475 5183 534 5232 ut
567 5174 620 5230 in
650 5188 834 5230 eorum
861 5169 1257 5241 comparatione
1286 5165 1440 5238 pauci
1483 5165 1589 5222 sint
1612 5206 1626 5231 ,

81 5274 183 5320 cum
209 5281 295 5336 per
320 5283 378 5324 se
405 5268 550 5339 ipsos
575 5265 842 5336 ingentem
869 5276 1146 5318 numerum
1177 5259 1393 5314 faciant.

142 5356 346 5418 CAPUT
387 5360 504 5417 XIV
531 5361 626 5431 (a).
668 5389 740 5399 --
781 5358 869 5414 55.
916 5357 1182 5412 Habemus
1229 5351 1632 5410 innumerabilia

88 5449 381 5518 testimonia,
400 5461 454 5508 et
482 5451 547 5507 de
569 5449 943 5507 commixtione
972 5448 1233 5503 malorum
1261 5462 1380 5503 cum
1401 5446 1554 5502 bonis
1580 5445 1633 5499 in

87 5540 248 5597 eadem
263 5544 629 5600 communione
657 5541 973 5600 Sacramenti
998 5557 1012 5609 ;
1044 5540 1179 5596 sicut
1203 5539 1365 5596 ludas
1389 5539 1456 5596 ab
1483 5538 1634 5594 initio

146 5677 162 5745 ξ
191 5678 314 5745 βάὶιί,
333 5680 514 5745 legisse.
541 5682 704 5744 Aptius
724 5678 1036 5745 Flortacensis
1058 5685 1159 5740 51s.,
1179 5676 1388 5742 elegisse.

146 5737 209 5802 (α)
231 5737 348 5805 Apud
372 5737 470 5796 λιιι.
499 5750 549 5794 et
572 5737 665 5805 En,
690 5755 794 5808 cap.
825 5741 896 5794 15.

1530 5847 1612 5886 ..Η

3149 279 3263 339 418

1677 391 1850 447 malus
1891 391 2029 447 inter
2055 392 2225 448 bonos
2273 389 2517 446 undecim
2546 399 2890 448 conversatus
2919 399 3002 451 est
3043 410 3057 449 :
3100 404 3155 452 et
3197 395 3266 453 de

1679 481 1937 537 bonorum
1963 483 2243 553 paucitate,
2267 491 2482 553 propter
2502 482 2763 538 malorum
2792 485 3018 554 plurium
3044 501 3265 558 compa-

1679 572 1938 628 rationem
1963 589 1978 639 ;
2010 581 2063 627 et
2089 586 2271 628 rursus
2299 572 2365 628 de
2405 573 2666 628 bonorum
2714 574 3048 631 multitudine
3079 591 3174 646 per
3205 591 3266 634 se

1680 665 1849 736 ipsam
1891 665 2242 722 considerata.
2288 666 2370 720 Ex
2410 665 2620 736 quibus,
2671 681 2739 722 ne
2777 667 2990 739 longum
3031 668 3258 736 faciam,

1680 770 1846 826 pauca
1876 771 2256 812 commemoro.
2287 757 2385 813 Est
2411 757 2464 812 in
2486 757 2716 813 Canticis
2744 759 3095 828 canticorum,
3119 761 3263 832 quod

1682 846 1750 903 de
1773 856 1954 903 sancta
1978 848 2216 904 Ecclesia
2237 847 2433 903 dictum
2456 849 2629 904 omnis
2651 849 2968 905 christianus
2987 853 3231 923 agnoscit
3257 870 3270 908 :

1684 937 1832 994 Sicut
1859 939 2021 994 liliunt
2060 940 2114 994 in
2154 939 2318 994 medio
2357 939 2640 1010 spinarum,
2680 941 2752 996 ita
2793 943 3025 1012 proxima
3050 961 3162 999 mea
3218 947 3274 1000 in

1683 1030 1847 1084 medio
1875 1031 2098 1101 ﬁliarum
2138 1031 2307 1104 (Cant.
2339 1048 2396 1099 ιι,
2443 1031 2521 1102 2).
2570 1031 2724 1089 Unde
2765 1035 2995 1106 appellat
3042 1038 3224 1108 spinas
3257 1080 3272 1107 ,

1684 1121 1784 1177 nisi
1811 1132 2030 1194 propter
2072 1123 2450 1194 malignitatem
2479 1125 2730 1179 morum?
2754 1125 2824 1180 Et
2864 1127 3078 1183 easdem
3122 1129 3265 1186 unde

1685 1211 1841 1278 tilias,
1884 1212 1986 1267 nisi
2032 1220 2251 1283 propter
2295 1215 2724 1270 communionem
2762 1215 3267 1275 Sacramentorum?

1687 1301 1844 1358 Videt
1884 1304 2041 1359 etiam
2068 1303 2153 1359 hic
2183 1303 2429 1360 Ezechiel
2472 1304 2708 1376 signatos
2735 1307 3013 1376 quosdam,
3043 1325 3110 1364 ne
3144 1326 3269 1366 cum

1688 1396 1841 1450 malis
1883 1396 2079 1466 pariter
2120 1397 2420 1464 interirent,
2468 1396 2535 1452 de
2580 1396 2771 1467 quibus
2800 1398 2850 1453 ei
2893 1399 3086 1454 dicitur
3119 1418 3132 1455 :
3167 1400 3269 1466 Qui

1689 1495 1891 1556 gemunt
1936 1496 1984 1541 et
2019 1497 2225 1542 maerent
2269 1496 2472 1558 peccata
2515 1497 2563 1543 et
2589 1489 2875 1560 iniquitates
2920 1493 3096 1563 pepuli
3136 1495 3268 1563 mei,

1689 1593 1801 1646 qua:
1841 1578 1969 1647 ﬁunt
2013 1578 2067 1631 in
2106 1578 2268 1632 medio
2296 1595 2468 1633 eorunt
2516 1577 2726 1650 (Ezech.
2759 1596 2840 1648 ιχ,
2881 1579 2960 1654 4).
3006 1583 3268 1653 Populum

1688 1683 1842 1724 suum
1871 1683 1974 1724 non
2003 1669 2223 1735 diceret,
2251 1686 2405 1742 quem
2433 1671 2562 1727 solis
2587 1671 2690 1727 illis
2718 1673 2896 1728 illzesis
2924 1675 3100 1745 perire
3139 1693 3269 1734 mox

1687 1761 1856 1832 jubet,
1897 1761 1997 1816 nisi
2016 1776 2136 1817 cum
2168 1764 2418 1832 populum
2448 1763 2538 1834 qui
2579 1762 2695 1834 ejus
2719 1775 3051 1822 sacramenta
3087 1778 3270 1839 gesta-

1691 1853 1800 1908 bat.
1831 1853 1969 1909 Dicit
1995 1861 2050 1909 et
2073 1853 2329 1910 Dominus
2352 1853 2420 1910 de
2447 1857 2884 1926 superseminatis
2913 1858 3150 1930 zizaniis,
3185 1861 3274 1918 Si-

1693 1942 1794 1996 nite
1813 1953 2019 2012 utraque
2042 1960 2258 1998 crescere
2278 1961 2435 2016 usque
2457 1945 2526 2000 ad
2554 1962 2761 2002 messem
2787 1964 2807 2003 :
2832 1947 2885 2004 id
2914 1959 3016 2017 est,
3038 1951 3273 2009 triticum

1690 2042 1750 2102 et
1770 2033 1986 2089 zizania.
2020 2035 2087 2089 Et
2115 2035 2228 2105 ipse
2272 2035 2646 2107 interpretatur
2683 2053 2934 2107 messem,
2968 2041 3128 2098 linem
3153 2057 3276 2102 esse

1695 2127 1915 2194 surculi;
1946 2141 2129 2198 agrum
2159 2143 2305 2195 vero,
2354 2129 2444 2184 ubi
2486 2138 2771 2202 utrumque
2799 2135 3116 2190 seminatum
3146 2145 3230 2193 est
3255 2178 3274 2205 ,

1695 2219 1952 2276 mundum
1982 2235 2121 2276 esse.
2152 2219 2372 2291 Oportet
2398 2221 2572 2293 itaque
2614 2237 2782 2294 usque
2807 2224 2861 2279 in
2891 2224 3051 2281 tinem
3095 2229 3278 2284 saeculi

1697 2327 1940 2370 crescere
1967 2322 2250 2384 utrumque
2278 2329 2374 2384 per
2400 2314 2675 2370 mundum.
2709 2314 2858 2372 Unde
2879 2316 2990 2387 jam
3018 2333 3128 2374 non
3156 2335 3281 2390 per-

1697 2407 1979 2463 mittuntur
2007 2407 2094 2462 isti
2139 2407 2416 2478 suspicari,
2461 2416 2551 2462 aut
2592 2422 2832 2464 asserere
2872 2409 3016 2480 quod
3058 2410 3278 2482 dicunt,

1699 2514 1887 2556 omnes
1926 2500 2094 2556 bonos
2122 2499 2382 2556 defecisse
2423 2499 2491 2556 de
2531 2501 2751 2569 mundo,
2782 2509 2843 2557 ut
2870 2502 2924 2557 in
2968 2503 3082 2559 sola
3129 2513 3283 2575 parte

1700 2593 1892 2650 Donati
1921 2602 2280 2649 remanerent.
2310 2592 2585 2649 Conantur
2609 2594 2750 2649 enim
2795 2603 2981 2650 contra
3010 2597 3286 2667 apertissi-

1700 2700 1844 2740 mam
1891 2685 2204 2740 sententiam
2231 2684 2438 2739 Domini
2467 2683 2713 2752 dicentis,
2743 2685 2877 2756 Ager
2903 2696 2975 2741 est
3013 2688 3095 2741 hic
3131 2705 3284 2744 mun-

1704 2777 1798 2832 dus
1818 2794 1839 2842 ;
1863 2785 1934 2842 et,
1960 2777 2124 2832 Sinite
2159 2785 2369 2847 utraque
2393 2792 2613 2832 crescere
2634 2794 2790 2848 usque
2818 2779 2887 2832 ad
2931 2795 3181 2847 messem;
3205 2790 3283 2850 et,

1706 2867 1888 2924 Messis
1915 2878 1987 2924 est
2016 2869 2133 2937 ﬁnis
2159 2869 2348 2923 saeculi.
2379 2868 2475 2924 Est
2501 2869 2602 2924 alia
2631 2869 2922 2926 similitudo
2947 2872 3283 2941 apertissima

1705 2962 1774 3019 de
1815 2963 2192 3018 commixtione
2219 2963 2475 3018 malorum
2502 2971 2555 3019 et
2577 2963 2838 3020 bonorum
2870 2964 3006 3020 intra
3034 2967 3281 3025 eamdem

1705 3053 2170 3110 Sacramentorum
2234 3052 2662 3109 communionem
2727 3063 2782 3110 et
2853 3055 3286 3127 connexionem,

1707 3160 1864 3216 quam
1897 3145 2152 3200 Dominus
2186 3143 2298 3214 ipse
2323 3153 2377 3199 et
2418 3144 2586 3214 ponit,
2613 3151 2668 3200 et
2692 3145 2928 3216 exponit.
2971 3145 3154 3202 Simile
3178 3157 3287 3218 est,

1705 3240 1900 3311 inquit,
1941 3255 2149 3309 regnum
2175 3238 2416 3293 ctelorunt
2458 3253 2659 3309 sagena:
2695 3239 2862 3293 missa:
2886 3239 2938 3292 in
2976 3256 3134 3306 mare,
3176 3258 3290 3312 quae

1709 3338 1978 3404 congregat
2006 3329 2175 3384 omnia
2215 3345 2398 3399 genera
2424 3329 2655 3398 piscium.
2688 3327 2814 3383 Cum
2842 3338 3007 3383 autem
3037 3341 3160 3385 esset
3189 3332 3290 3384 im-

1711 3424 1867 3497 pleta,
1911 3422 2187 3477 eduxerunt
2238 3435 2350 3474 eam
2391 3419 2459 3472 ad
2499 3419 2655 3484 littus,
2695 3429 2741 3473 et
2777 3419 3000 3474 sedentes
3039 3419 3292 3490 elegerunt

1711 3517 1924 3588 Optimos
1951 3514 2005 3567 in
2040 3527 2160 3566 vasa
2199 3526 2312 3577 sua,
2352 3510 2514 3564 ntalos
2538 3519 2704 3563 autent
2730 3513 2868 3581 foras
2894 3511 3155 3564 miserunt.
3201 3511 3292 3567 Sic

1712 3608 1806 3664 erit
1831 3607 1883 3659 in
1917 3603 2344 3659 consuntmatiane
2387 3601 2557 3657 saeculi
2587 3616 2606 3655 :
2633 3602 2800 3658 exierit
2835 3601 3035 3674 Angeli,
3076 3611 3121 3658 et
3147 3619 3296 3675 sepa-

1714 3699 1896 3755 rabunt
1916 3698 2076 3752 malos
2105 3696 2167 3750 de
2190 3694 2640 3766 mediojustorum,
2671 3702 2719 3748 et
2740 3694 2934 3749 mittent
2963 3711 3047 3749 eos
3065 3695 3118 3749 in
3138 3696 3297 3751 cami-

1715 3808 1838 3847 num
1855 3793 1871 3822 ¹
1890 3790 2019 3860 ignis
2041 3803 2061 3854 ;
2079 3786 2147 3842 ibi
2162 3788 2254 3842 erit
2268 3788 2417 3857 ﬂetus
2437 3794 2484 3840 et
2513 3785 2700 3841 stridor
2713 3784 2936 3840 dentium
2953 3783 3159 3856 (Matth.
3181 3802 3294 3854 xtl,

1715 3884 1920 3956 24-50).
1952 3881 2104 3937 Nulla
2134 3894 2261 3951 ergo
2287 3879 2549 3934 malorum
2578 3877 2889 3933 commixtio
2917 3884 3082 3933 terret
3106 3877 3296 3947 bonos,

1717 3987 1780 4034 ut
1804 3983 2083 4048 propterea
2107 3974 2271 4028 velint
2298 3978 2546 4041 tanquam
2573 3971 2708 4026 retia
2737 3983 3007 4040 rumpere,
3039 3977 3093 4025 et
3119 3983 3149 4022 a
3171 3984 3300 4026 con-

1719 4070 2026 4142 gregatione
2052 4065 2269 4122 unitatis
2288 4065 2454 4131 exire,
2473 4078 2542 4118 ne
2568 4061 2812 4117 homines
2847 4076 2952 4116 non
2974 4061 3302 4130 pertinentes

1721 4165 1789 4220 ad
1813 4177 2032 4234 regnum
2057 4161 2314 4217 caelorum
2347 4159 2399 4213 in
2421 4157 2888 4212 Sacramentorum
2910 4152 3179 4208 consortio
3207 4167 3303 4222 pa-

1723 4250 2393 4323 tiattturzquandoquidem
2415 4263 2534 4303 cum
2559 4247 2625 4302 ad
2652 4247 2818 4311 littus,
2838 4245 2888 4299 id
2914 4252 3016 4309 est,
3042 4243 3107 4298 ad
3137 4243 3285 4306 linem

1725 4347 1909 4406 saeculi
1948 4353 2161 4402 ventum
2204 4342 2378 4404 fuerit,
2408 4340 2498 4396 lict
2524 4337 2702 4395 debita
2746 4336 3033 4407 separatio,
3063 4349 3170 4390 non
3198 4334 3290 4390 hu.

1725 4455 1881 4498 mana
1913 4437 2229 4500 temeritate,
2259 4432 2353 4488 sed
2381 4431 2563 4487 divino
2582 4429 2807 4501 judicio.

1798 4535 1887 4591 '56.
1937 4533 2011 4588 De
2038 4528 2299 4600 paucitate
2349 4534 2527 4581 autem
2577 4523 2838 4580 bonorum
2889 4521 3005 4592 ipse
3055 4519 3293 4580 Dominus

1729 4625 2062 4700 apertissime
2087 4622 2246 4687 dicit,
2278 4619 2474 4674 Intrate
2499 4633 2589 4688 per
2615 4624 2881 4687 angustam
2907 4622 3103 4686 portant
3119 4628 3138 4667 :
3158 4622 3298 4682 qua!

1730 4721 1833 4775 lata
1862 4725 1908 4772 et
1930 4715 2154 4786 spatiosa
2168 4713 2249 4768 via
2268 4720 2341 4767 est
2365 4753 2380 4779 ,
2410 4725 2520 4781 qute
2541 4707 2679 4763 ducit
2703 4707 2771 4761 ad
2795 4706 3071 4768 interitum;
3097 4713 3143 4756 et
3164 4702 3298 4759 mula

1731 4810 1954 4882 suntqui
1982 4815 2194 4879 pergunt
2224 4820 2312 4875 per
2339 4802 2514 4857 illam!
2546 4799 2712 4868 Quam
2743 4803 2959 4868 angusta
2980 4803 3125 4866 porta
3153 4802 3199 4848 et
3219 4809 3304 4848 ar-

1732 4915 1814 4962 cta
1841 4905 1921 4958 via
1941 4917 2053 4974 qua:
2075 4900 2210 4954 ducit
2238 4897 2306 4951 ad
2319 4896 2494 4959 vitam;
2515 4903 2561 4948 et
2591 4891 2738 4963 pauci
2762 4896 2879 4944 sunt
2899 4888 2986 4958 qui
3011 4885 3331 4967 ingrediun-_

1737 5009 1819 5054 tur
1851 5013 1940 5070 per
1964 4994 2106 5048 illam
2150 4989 2280 5063 (Id.
2307 5003 2381 5043 vn
2406 5027 2420 5053 ,
2454 4986 2551 5051 15,
2585 4981 2717 5056 li)!
2759 4981 2896 5036 Istos
2946 4992 3146 5050 paucos
3194 4977 3314 5070 Do-

1735 5067 1944 5148 natistae
1968 5101 2026 5142 sc
2049 5091 2235 5155 putant
2259 5095 2400 5144 esse,
2431 5086 2485 5133 ct
2513 5075 2631 5131 ideo
2655 5072 2838 5129 dicunt
2875 5071 3099 5142 periisse
3131 5067 3318 5124 orbem

1739 5195 1996 5240 terrarum
2023 5219 2038 5246 ,
2080 5191 2138 5232 se
2162 5181 2338 5229 autem
2361 5171 2412 5226 in
2441 5170 2538 5224 hac
2575 5165 2837 5238 paucitate
2857 5204 2872 5231 ,
2899 5177 3055 5233 quam
3087 5160 3320 5216 laudavit

1739 5273 2017 5334 Dominus,
2046 5264 2385 5323 remansisse.
2423 5259 2524 5328 Qui
2553 5255 2766 5328 quando
2791 5261 3170 5324 comparantur
3196 5265 3318 5306 cum
3378 5311 3382 5314 ,

1739 5366 1816 5422 eis
1841 5405 1854 5429 ,
1887 5362 2042 5431 longe
2082 5354 2361 5428 pauciores
2414 5349 2718 5420 Rogatistas
2769 5353 2860 5400 aut
2905 5339 3322 5397 Maximianistas

1739 5429 2019 5526 obiicimus
2041 5491 2055 5517 ,
2085 5447 2174 5518 qui
2201 5460 2261 5501 se
2300 5443 2367 5498 ab
2395 5442 2473 5498 eis
2497 5442 2912 5511 separaverunt,
2941 5431 2988 5488 si
3015 5429 3321 5487 existimant

1741 5519 1930 5606 sihide
1953 5539 2218 5613 paucitate
2254 5547 2372 5591 esse
2396 5528 2749 5604 gloriandum.
2776 5526 3153 5581 Verumtamen
3184 5519 3323 5576 hanc

1742 5611 2062 5708 paucitatem
2103 5630 2155 5684 in
2199 5624 2596 5698 comparatione
2639 5613 2986 5676 multitudinis
3016 5611 3276 5669 malorum
3306 5659 3322 5684 ,

1811 5730 1826 5762 ί
1862 5725 2174 5778 Floriacensis
2196 5720 2370 5782 codex,
2394 5715 2445 5769 in
2467 5717 2724 5781 fornacem.
