3812 6136
512 312 620 375 ιω

514 450 637 492 esse
665 449 694 490 a
738 434 966 493 Domino
1007 435 1435 494 commendatam
1462 454 1477 507 ;
1504 436 1898 493 multitudinem
1930 446 2108 493 autem

515 528 776 585 bonorum
798 572 814 599 ,
843 545 965 587 cum
1008 546 1105 602 per
1132 546 1191 587 se
1221 532 1390 603 ipsam
1438 530 1846 600 consideratur,
1880 547 1986 588 non
2031 542 2112 588 ta-

517 622 694 677 cuisse
717 621 1020 693 Scripturas
1039 664 1055 689 ,
1087 623 1304 695 legant,
1335 633 1391 681 et
1413 623 1630 679 videant
1653 639 1814 696 quam
1842 624 1993 694 plura
2026 631 2110 680 te-

516 714 767 772 stimonia
799 706 1152 785 reperiantur.
1180 714 1334 772 Unde
1350 714 1493 772 enim
1520 716 1693 785 ipsum
1719 730 1903 771 semen
1934 710 2110 770 Abra-

516 807 601 863 Ιιςε
623 850 638 874 ,
667 810 804 864 sicut
831 808 998 865 stella:
1022 809 1144 864 coeli
1171 817 1226 865 et
1244 810 1382 865 sicut
1405 823 1567 864 arena
1594 808 1758 864 maris
1782 807 2112 887 promittitur

518 896 669 969 (Gen.
696 916 762 955 xv
787 943 802 967 ,
844 899 879 957 5
900 943 915 969 ,
943 910 991 956 et
1034 916 1145 955 χιιι
1166 942 1182 969 ,
1207 898 1302 972 27)
1328 942 1343 967 ,
1372 898 1472 954 nisi
1504 908 1725 971 propter
1775 898 2109 955 innumeram

517 990 962 1049 multitudinem?
1010 992 1142 1048 Cum
1194 991 1339 1047 dicat
1391 990 1681 1062 Apostolus
1735 990 1857 1046 ideo
1909 989 2108 1045 dictum

517 1098 658 1152 esse,
683 1082 750 1138 In
772 1082 924 1140 Isaac
953 1084 1213 1140 vocabitur
1237 1084 1325 1140 tibi
1350 1100 1515 1138 semen
1534 1125 1548 1150 ,
1578 1083 1698 1153 quia
1738 1098 1840 1138 non
1867 1083 1961 1151 ﬁlii
1991 1098 2108 1136 car-

516 1177 629 1246 nis,
664 1178 751 1233 sed
786 1178 883 1249 ﬁlii
912 1176 1260 1248 promissionis
1304 1176 1615 1247 deputantur
1656 1175 1709 1229 in
1735 1191 1901 1230 semen
1930 1173 2106 1248 (Rom.

516 1285 599 1333 ιχ,
628 1268 709 1344 7)?
743 1270 911 1338 Unde,
944 1270 1097 1325 Multi
1119 1268 1216 1340 ﬁlii
1245 1269 1472 1335 desertis,
1502 1269 1663 1340 magis
1687 1284 1837 1339 quam
1861 1268 1971 1339 ejus
1996 1284 2109 1339 quas

517 1362 665 1417 habet
686 1363 848 1416 virum
874 1361 1029 1437 (lsai.
1061 1378 1166 1429 LIV,
1201 1361 1283 1431 1)?
1314 1360 1467 1417 Unde
1492 1402 1506 1426 ,
1537 1359 1693 1416 Multi
1735 1359 1797 1414 ab
1831 1358 2035 1415 Oriente
2059 1369 2108 1417 et

521 1456 791 1511 Occidente
819 1456 1011 1511 venient
1031 1496 1045 1519 ,
1077 1465 1125 1509 et
1153 1453 1436 1509 recumbent
1457 1470 1573 1508 cum
1596 1452 1853 1507 Abraham
1881 1462 1926 1507 et
1955 1451 2108 1506 Isaac

517 1556 564 1602 et
599 1546 760 1601 Jacob
786 1547 839 1601 in
863 1563 1016 1618 regno
1043 1546 1320 1609 caelorum;
1350 1544 1446 1614 ﬁlii
1487 1554 1655 1599 autem
1682 1545 1826 1616 regni
1865 1543 2007 1600 ibunt
2052 1545 2107 1599 in

519 1635 743 1692 tenebras
788 1637 1057 1691 exteriores
1099 1634 1310 1707 (Matth.
1344 1650 1431 1689 vnt
1457 1676 1471 1701 ,
1519 1635 1622 1700 11,
1656 1634 1744 1707 1?.)
1789 1651 1804 1688 :
1839 1633 1942 1690 hoc
1984 1642 2103 1704 est,

518 1727 668 1799 impii
695 1725 907 1784 Judmi?
934 1725 1083 1784 Unde
1109 1725 1237 1781 dicit
1260 1724 1548 1796 Apostolus
1569 1768 1584 1794 ,
1622 1724 1688 1780 Ut
1723 1724 1994 1780 mandaret
2016 1741 2108 1781 nos

514 1820 609 1875 sibi
633 1819 881 1890 papulum
914 1816 1252 1875 abundantem
1275 1859 1292 1886 ,
1322 1817 1664 1873 temulatorem
1691 1816 1937 1871 bonorum
1981 1832 2107 1888 ope-

513 1929 627 1967 rum
661 1910 786 1985 (Tit.
815 1926 883 1978 ιι,
917 1910 1042 1981 Ηγέ
1071 1908 1225 1966 Unde
1274 1908 1621 1980 Apocalypsis
1666 1908 1828 1963 millia
1877 1906 2107 1964 millium

513 2002 785 2083 dicitesse
811 2010 1118 2058 sanctorum
1150 1999 1409 2057 Ecclesia:
1442 1999 1668 2055 ﬁliorum
1688 1997 1870 2073 (Apoc.
1907 2015 1960 2062 v,
1988 2000 2107 2071 11)?

513 2090 652 2151 Ecce
678 2093 776 2165 ipsi
801 2092 1051 2149 dicuntur
1067 2092 1240 2159 multi,
1268 2091 1358 2164 qui
1378 2090 1626 2147 dicuntur
1641 2097 1695 2145 et
1714 2091 1886 2161 pauci.
1906 2091 2102 2161 Quare,

511 2185 617 2241 nisi
644 2184 794 2241 multi
821 2201 918 2257 per
945 2199 1003 2241 se
1051 2184 1197 2256 ipsos
1225 2182 1589 2252 considerati;
1622 2183 1777 2254 pauci
1823 2192 2000 2240 autem
2048 2183 2104 2241 in

511 2277 913 2347 comparatione
940 2275 1287 2347 iniquorum?

580 2365 806 2425 CAPUT
850 2365 967 2423 XV.
998 2395 1069 2408 —
1095 2365 1184 2423 57.
1232 2364 1312 2421 De
1352 2364 1529 2435 nobis,
1581 2366 1857 2437 inquiunt,
1909 2368 2105 2426 dictum

511 2462 584 2516 'est
607 2503 621 2529 ,
654 2458 821 2515 Erunt
849 2459 999 2530 primi
1026 2459 1113 2532 qui
1137 2467 1282 2513 erant
1322 2458 1578 2513 novissimi
1611 2458 1823 2534 (Matth.
1855 2476 1925 2517 xx
1946 2504 1962 2529 ,
1984 2462 2100 2537 16).

510 2552 593 2607 Ad
638 2551 868 2622 Africam
913 2552 1045 2607 enim
1099 2546 1436 2623 Evangelium
1476 2551 1800 2622 postmodum
1848 2554 2027 2610 venit:
2055 2564 2103 2611 et

509 2647 624 2702 ideo
674 2662 924 2718 nusquam
966 2644 1273 2701 Litterarum
1306 2645 1702 2716 apostolicarum
1745 2649 1990 2719 scriptum
2028 2657 2102 2703 est

508 2725 735 2808 Africam
776 2738 1067 2794 credidisse.
1110 2736 1192 2793 De
1239 2737 1567 2793 orientalibus
1604 2748 1775 2794 autem
1815 2750 1862 2795 et
1906 2741 2101 2796 caeteris

507 2832 740 2903 gentibus
763 2874 779 2901 ,
802 2848 916 2907 quae
954 2832 1009 2885 in
1036 2831 1227 2888 sanctis
1255 2829 1421 2887 Libris
1465 2841 1926 2889 commemorantur
1944 2834 2101 2905 ﬁdem

504 2926 752 2996 recepisse
775 2925 1121 2992 Christianam,
1139 2924 1329 2980 dictum
1356 2932 1448 2992 est,
1487 2942 1507 2977 ι
1534 2923 1701 2979 Erunt
1728 2926 1984 2983 novissimi
2010 2929 2099 3000 qui

507 3024 649 3071 erant
679 3016 866 3087 primis
898 3057 914 3085 ,
936 3016 1055 3087 quia
1074 3015 1317 3071 recessuri
1343 3024 1486 3071 erant
1519 3015 1537 3047 ι
1572 3032 1604 3069 a
1632 3016 1755 3087 ﬁde.
1782 3015 1970 3075 Nonne
1995 3018 2098 3075 ista

510 3116 594 3164 est
640 3106 1013 3164 haereticorum
1038 3108 1271 3165 cavenda
1303 3109 1563 3165 calliditas
1583 3150 1600 3177 ,
1630 3109 1923 3165 volentium
1961 3124 2096 3167 con-

505 3210 716 3257 vertere
745 3201 905 3257 verba
930 3200 1026 3257 Dei
1052 3216 1080 3255 a
1107 3198 1329 3258 veritate
1356 3211 1574 3272 pr0pter
1594 3216 1753 3273 quam
1782 3202 1924 3259 dicta
1946 3211 2094 3273 sunt,

502 3292 572 3348 ad
622 3293 1026 3365 perversitatem
1073 3294 1125 3348 in
1166 3308 1269 3364 qua
1316 3293 1417 3366 ipsi
1470 3293 1630 3349 sunt?
1657 3292 1766 3351 Cur
1809 3294 1951 3351 enim
1991 3293 2098 3367 hoc

504 3403 616 3445 non
668 3389 847 3458 potius
896 3387 965 3444 de
1001 3385 1201 3443 ludatis
1245 3386 1627 3459 intelligimus,
1664 3387 1756 3459 qui
1809 3387 2094 3444 novissimi

499 3477 623 3539 facti
654 3489 780 3537 sunt
823 3494 946 3537 cum
976 3478 1203 3537 fuissent
1248 3479 1441 3555 primi;
1472 3486 1526 3535 et
1560 3478 1629 3535 de
1656 3477 1975 3536 Christianis
2025 3494 2094 3536 ex

499 3571 784 3642 Gentibus,
813 3573 902 3644 qui
952 3571 1110 3643 primi
1142 3570 1265 3627 tacti
1311 3579 1438 3627 sunt
1480 3585 1604 3626 cum
1634 3568 1861 3630 fuissent
1908 3571 2091 3628 novis-

497 3664 660 3721 simi?
688 3663 857 3732 Quem
883 3662 1211 3719 intellectum
1236 3662 1281 3719 si
1301 3662 1482 3734 aliquo
1509 3662 1741 3719 certiore
1765 3663 2091 3722 documento

498 3759 734 3830 probare
770 3772 879 3813 non
916 3770 1151 3827 possem,
1186 3754 1433 3812 sufﬁcere
1459 3754 1642 3812 debuit
1668 3755 1809 3812 bene
1830 3756 2107 3828 iudicanti

499 3849 765 3914 auditori,
791 3848 932 3922 quod
959 3847 1254 3904 invenerim
1296 3846 1500 3903 exitum
1517 3845 1571 3901 in
1601 3845 1688 3903 his
1715 3847 1916 3913 verbis,
1944 3849 2091 3915 unde

497 3940 630 3999 istos
650 3947 902 4012 appareat
923 3939 1056 3995 nihil
1091 3953 1186 4010 pro
1213 3952 1273 3996 se
1292 3937 1533 3994 attulisse
1558 3945 1812 4009 tanquam
1836 3948 2044 3997 certum
2066 3982 2084 4011 ,

496 4041 555 4090 ut
580 4031 814 4089 dubitari
836 4047 942 4087 non
972 4030 1163 4102 possit.
1203 4028 1338 4098 Quia
1364 4029 1465 4086 etsi
1492 4044 1597 4085 non
1627 4038 1809 4087 essent
1836 4029 2004 4087 Judaei
2033 4039 2089 4089 et

495 4124 717 4197 Gentes,
739 4123 806 4181 de
831 4124 1021 4194 quibus
1041 4108 1149 4179 hoc
1176 4121 1378 4179 dictum
1405 4122 1780 4195 intelligerem;
1808 4124 2086 4179 nonnullae

493 4216 736 4275 barbara).
771 4214 1017 4271 nationes
1058 4215 1220 4271 etiam
1267 4222 1392 4285 post
1419 4214 1654 4270 Africam
1702 4214 2081 4283 crediderunt;

492 4308 635 4366 unde
655 4316 860 4366 certum
885 4308 956 4365 sit
983 4306 1220 4365 Africam
1249 4307 1302 4362 in
1341 4308 1528 4365 ordine
1552 4308 1805 4365 credendi
1829 4325 1935 4366 non
1962 4324 2085 4368 esse

492 4402 860 4459 novissimam.
916 4401 1032 4458 Huc
1076 4399 1317 4467 accedit,
1360 4400 1503 4472 quod
1552 4400 1670 4473 ipse
1717 4402 1974 4459 Dominus
2013 4401 2083 4462 de

492 4494 686 4565 quibus
731 4493 833 4548 hoc
879 4490 1053 4558 dixit,
1084 4491 1370 4563 exposuit,
1411 4500 1466 4548 et
1509 4505 1604 4548 ora
1635 4492 2083 4552 calumniatorum

490 4586 765 4658 oppilavit.
796 4584 1048 4655 Loquens
1072 4584 1215 4640 enim
1250 4582 1448 4641 Judmis
1469 4626 1483 4653 ,
1511 4584 1600 4655 qui
1626 4585 1676 4640 ei
1699 4583 1889 4642 dicturi
1917 4595 2077 4657 sunt,

490 4676 559 4734 In
610 4678 789 4752 plateis
830 4677 1014 4733 nostris
1058 4675 1273 4732 docuisti
1319 4692 1337 4732 :
1378 4674 1507 4734 Cum
1551 4676 1807 4746 videritis,
1861 4678 2075 4751 inquit,

491 4768 770 4838 Abraham,
810 4778 859 4824 et
884 4766 1060 4836 Isaac,
1100 4775 1150 4824 et
1190 4765 1387 4834 Iacob,
1417 4777 1465 4823 et
1503 4784 1677 4826 onmes
1716 4767 2001 4842 Prophetas
2025 4770 2080 4835 in

490 4878 646 4935 regno
693 4861 787 4919 Dei
806 4904 823 4932 ,
870 4878 955 4919 vos
999 4870 1166 4918 autem
1219 4860 1405 4931 expelli
1442 4864 1582 4934 foras
1628 4877 1647 4917 :
1682 4869 1730 4917 et
1774 4864 1969 4918 venient
2014 4862 2080 4920 ab

495 4954 721 5025 Oriente,
742 4963 789 5011 et
811 4952 1081 5011 Occidente
1100 4996 1115 5023 ,
1140 4962 1188 5009 et
1212 4953 1481 5026 Aquilone,
1508 4962 1556 5009 et
1577 4953 1784 5023 Austro,
1808 4965 1855 5009 et
1876 4971 2079 5013 accum-

491 5050 607 5106 bent
648 5051 704 5105 in
745 5064 899 5120 regno
926 5047 1021 5104 Dei
1048 5063 1068 5103 :
1094 5054 1141 5103 et
1192 5063 1303 5103 ecce
1348 5055 1465 5103 sunt
1509 5047 1766 5102 novissimi
1803 5048 1891 5119 qui
1934 5058 2079 5105 erant

489 5140 682 5214 primi,
712 5148 759 5195 et
786 5149 904 5195 sunt
928 5140 1080 5214 primi
1099 5139 1186 5212 qui
1211 5148 1354 5195 erant
1380 5138 1638 5195 novissimi
1658 5137 1807 5213 (Luc.
1841 5156 1957 5210 xui,
1978 5139 2078 5200 26-

486 5233 604 5304 50).
631 5232 732 5289 Hic
756 5240 903 5289 certe
931 5232 1060 5305 quid
1083 5231 1500 5300 contradicatur,
1530 5246 1640 5287 non
1679 5232 1967 5293 invenitur.

557 5325 648 5383 58.
674 5324 806 5383 Item
826 5324 1042 5393 dicunt,
1073 5324 1138 5380 de
1164 5324 1421 5396 apostasia
1443 5323 1578 5380 orbis
1614 5332 1863 5381 terrarum
1888 5326 2077 5385 dictum

483 5437 591 5479 esse
608 5419 745 5493 quod
768 5421 840 5475 ait
864 5418 1115 5475 Dominus
1132 5435 1151 5473 :
1183 5437 1202 5472 ι
1224 5417 1391 5475 Filius
1420 5419 1636 5474 hominis
1655 5422 1872 5483 veniens,
1888 5430 2037 5492 putas
2053 5461 2074 5492 ,

482 5513 697 5570 inveniet
723 5512 876 5583 ﬁdem
900 5512 955 5567 in
976 5519 1112 5566 terra
1131 5529 1150 5564 ι
1181 5508 1292 5582 (Id.
1324 5526 1477 5580 xvut,
1503 5511 1587 5582 8)?
1615 5510 1768 5581 Quod
1789 5528 1887 5569 nos
1912 5513 2073 5571 intel-

484 5604 698 5676 ligimus
725 5603 927 5662 dictum
952 5603 1041 5662 vel
1068 5612 1290 5675 propter
1317 5604 1488 5675 ipsam
1511 5603 1633 5661 fidei
1664 5604 2069 5676 perfectionem,

484 5712 605 5766 quae
628 5701 704 5753 ita
730 5697 962 5756 difficilis
988 5705 1071 5754 est
1093 5698 1148 5754 in
1174 5696 1479 5755 hominibus
1504 5738 1518 5765 ,
1550 5706 1607 5755 ut
1631 5699 1682 5755 in
1715 5698 1843 5770 ipsis
1863 5715 2073 5775 quoque

545 5832 565 5866 ³
597 5830 909 5893 ιἰοήειοθιιδιε
929 5841 1031 5899 ωδ..
1054 5837 1365 5890 recesserunt.

1603 316 1879 377 CONTRA
1918 314 2342 378 DONATISTAS
2380 318 2733 394 EPISTOLA,
3720 61 3802 380 41‘!

3732 568 3761 605 Vi

2218 626 2483 696 trepidare
2529 628 2830 698 potuerint,
2887 631 2969 686 vel
3030 644 3250 705 prOpIer
3309 637 3456 694 illam
3507 640 3701 713 iniquo

2216 714 2629 786 abundantiam,
2656 728 2710 775 et
2751 722 3065 791 paucitatem
3116 725 3408 799 bonorum,
3436 730 3508 788 de
3532 750 3645 805 qua
3690 741 3796 797 satis

2215 807 2466 865 diximus.
2500 808 2786 883 Propterea
2813 816 2957 871 enim
3004 827 3253 891 tanquam
3280 822 3537 882 dubitans
3568 827 3680 886 hoc

2224 438 2627 496 admirabilibus
2681 444 2917 514 sanctis,
2969 444 3107 502 sicut
3153 446 3205 504 in
3235 447 3352 521 ipso
3399 444 3587 527 Moyse
3638 386 3802 933 (03

2224 548 2363 588 xxxii
2390 573 2405 598 ,
2433 533 2549 607 51),
2581 535 2883 594 inveniatur
2917 539 3115 612 aliquid
3157 542 3243 599 ubi
3270 547 3670 616 trepidaverint
3692 594 3708 620 ,
3732 568 3761 605 γ

2224 626 2483 696 trepidare
2529 628 2830 698 potuerint,
2887 631 2969 686 vel
3030 644 3250 705 prOpIer
3309 637 3456 694 illam
3507 640 3701 713 iniquo

2224 714 2629 786 abundantiam,
2656 728 2710 775 et
2751 722 3065 791 paucitatem
3116 725 3408 799 bonorum,
3436 730 3508 788 de
3532 750 3645 805 qua
3690 741 3796 797 satis

2224 807 2466 865 diximus.
2500 808 2786 883 Propterea
2813 816 2957 871 enim
3004 827 3253 891 tanquam
3280 822 3537 882 dubitans
3568 827 3680 886 hoc

2224 902 2389 933 m:nnn
2417 901 2543 933 ιιῐυῐι
2600 905 2780 933 λιν-η..
2809 909 2947 933 -..ιη
2994 911 3064 933 -2.
3123 910 3278 933 v-4-
3338 932 3343 933 ,
3380 917 3479 933 π...
3582 920 3598 933 .
3720 927 3729 933 .
3767 926 3775 933 .

2218 548 2363 588 xxxii
2390 573 2405 598 ,
2433 533 2549 607 51),
2581 535 2883 594 inveniatur
2917 539 3115 612 aliquid
3157 542 3243 599 ubi
3270 547 3670 616 trepidaverint
3692 594 3708 620 ,

2216 902 2392 957 minus
2416 901 2567 958 dixit.
2600 905 2782 977 Neque
2805 909 2949 964 enim
2992 911 3093 976 ait,
3123 910 3356 973 Veniens
3377 917 3553 979 Filius
3582 920 3775 979 homini

2214 1008 2321 1049 non
2353 993 2587 1050 inveniet
2612 994 2769 1053 ﬁdem
2793 1000 2845 1055 in
2873 1009 3035 1069 terra;
3066 1003 3182 1070 sed,
3208 996 3392 1078 Putas,
3421 996 3649 1068 inveniet
3666 1016 3704 1083 ﬁ

2214 1086 2268 1141 in
2299 1088 2478 1143 terra?
2510 1089 2606 1145 Cui
2635 1091 2815 1163 utique
2854 1104 3046 1151 cuncta
3090 1098 3280 1157 scienti
3322 1110 3378 1160 et
3406 1109 3722 1175 praescienti

2214 1178 2389 1251 aliqua
2406 1195 2464 1236 re
2479 1180 2722 1239 dubitare
2740 1200 2846 1240 non
2866 1188 3115 1246 convenit
3135 1208 3148 1247 :
3163 1193 3258 1251 sed
3277 1195 3419 1254 illius
3432 1198 3707 1259 dubitatio

2213 1272 2377 1328 Stram
2394 1272 2777 1332 dubitationem
2797 1278 3060 1351 figuravit;
3079 1283 3203 1354 quia
3226 1295 3446 1357 propter
3465 1292 3641 1349 multa

2214 1365 2331 1460 dala
2353 1368 2492 1424 circa
2510 1364 2671 1426 ﬁnem
2692 1373 2870 1428 sceculi
2889 1374 3221 1445 pullulantia,
3240 1379 3343 1436 hoc
3357 1391 3474 1439 erat
3488 1364 3802 1460 quandoun

2213 1458 2495 1516 inﬁrmitas
2528 1459 2761 1520 humana
2794 1464 3021 1523 dictura.
3046 1468 3199 1528 Unde
3226 1473 3283 1529 in
3308 1474 3540 1536 Psalmis
3565 1458 3761 1538 dicitur
3783 1458 3801 1541 τί

2212 1548 2521 1608 Dormitauit
2541 1555 2713 1610 anima
2737 1573 2848 1612 mea
2873 1576 2982 1630 pra:
3001 1563 3173 1632 taedio,
3200 1567 3450 1638 conﬁrma
3470 1586 3553 1627 me
3569 1572 3628 1628 in
3655 1576 3801 1638 verbis

2214 1645 2312 1701 tuis
2343 1644 2510 1717 (Psal.
2538 1663 2700 1705 cxvm
2719 1691 2734 1718 ,
2762 1650 2879 1721 28).
2911 1653 3121 1723 Quare,
3149 1655 3461 1717 Dormitavit
3492 1667 3675 1721 citima

2212 1755 2321 1810 pra:
2340 1739 2513 1809 taedio,
2544 1743 2645 1798 nisi
2677 1753 2894 1816 propter
2917 1747 3047 1804 illud
3073 1750 3218 1821 quod
3244 1752 3506 1815 Dominus
3529 1760 3642 1828 ait,
3674 1739 3802 1829 Qui

2212 1831 2351 1885 niam
2370 1832 2645 1889 abundavit
2664 1836 2921 1907 iniquitas,
2943 1842 3232 1914 refrigescet
3251 1845 3476 1904 charitas
3498 1831 3801 1914 multorum

2212 1922 2281 1979 Et
2304 1940 2488 1995 quare,
2516 1925 2776 1998 Conﬁrma
2800 1948 2879 1986 me
2917 1934 2973 1989 in
2998 1935 3157 1992 verbis
3194 1938 3321 2008 tuis,
3356 1941 3461 1999 nisi
3490 1954 3719 2017 propter

2210 2017 2352 2111 quod
2375 2020 2634 2111 sequitur,
2656 2022 2758 2090 Qui
2776 2033 3340 2099 autemperseveraverit
3364 2051 3525 2108 usque
3549 2038 3607 2095 in
3630 2040 3795 2111 ﬁnal,

2211 2108 2293 2164 hic
2310 2109 2480 2167 salvus
2507 2115 2601 2168 erit
2622 2114 2836 2187 (Matth.
2863 2120 3122 2192 xxiv,12,
3142 2123 3258 2196 13)?
3277 2124 3416 2184 Sunt
3442 2143 3576 2201 ergo
3604 2108 3705 2202 per
3723 2108 3795 2191 to;

2211 2211 2323 2257 tum
2355 2205 2609 2262 mundum
2631 2249 2645 2272 ,
2676 2208 2727 2262 in
2758 2210 2954 2279 quibus
2981 2214 3237 2284 quoniam
3264 2217 3500 2276 abundat
3530 2223 3795 2295 iniquitas,

2208 2296 2520 2368 refrigescet
2564 2300 2799 2360 Charitas
2842 2304 3130 2363 multorum
3162 2325 3176 2363 :
3204 2318 3258 2366 et
3299 2321 3426 2368 sunt
3475 2329 3669 2374 rursus
3714 2332 3797 2389 per

2211 2393 2377 2446 totum
2423 2391 2719 2462 mundum,
2750 2396 2841 2466 qui
2888 2400 3282 2468 perseverando
3323 2419 3492 2475 usque
3541 2407 3598 2464 in
3646 2409 3797 2467 fine-

2207 2484 2340 2544 salvi
2364 2494 2522 2541 erunt
2548 2505 2563 2541 :
2595 2488 2739 2559 quia,
2769 2487 2968 2556 Sinite,
3004 2492 3207 2566 inquit,
3234 2504 3448 2568 utraque
3470 2516 3705 2558 crescere
3724 2520 3797 2560 Its-

2206 2592 2302 2646 que
2327 2577 2397 2631 ad
2423 2595 2656 2647 messem;
2684 2590 2773 2650 et,
2806 2582 2989 2640 Messis
3010 2595 3086 2641 est
3107 2587 3229 2656 ﬁnis
3253 2591 3461 2661 seculi,
3485 2609 3610 2666 ager
3638 2606 3795 2652 autem

2207 2669 2427 2725 mundus
2457 2670 2568 2745 (td.
2610 2688 2748 2743 xm,
2777 2674 2869 2744 so,
2898 2677 2991 2749 59,
3020 2679 3136 2754 ss).
3185 2681 3349 2754 Cujus
3375 2683 3630 2745 humanae
3655 2670 3801 2747 επεν-ι

2204 2763 2403 2819 mitatis
2426 2774 2508 2821 est
2538 2766 2699 2823 etiam
2741 2769 2829 2826 illa
2857 2786 2998 2828 vox:
3030 2773 3246 2832 Salvum
3290 2795 3370 2834 me
3392 2784 3515 2850 fac,
3543 2780 3790 2851 Bantius,

2203 2856 2443 2924 quoniam
2472 2858 2655 2932 defecit
2679 2871 2885 2919 sanctus
2908 2905 2924 2931 ,
2952 2867 3192 2937 quoniam
3230 2870 3491 2929 diminuta
3523 2885 3655 2931 sunt
3679 2878 3789 2933 veri-

2204 2956 2332 3003 tates
2350 2965 2383 3003 a
2403 2949 2529 3019 ﬁliis
2552 2951 2833 3011 hominum.
2854 2956 2921 3011 Et
2937 2958 3076 3014 inter
3089 2958 3189 3016 bos
3200 2968 3379 3019 tamen
3390 2974 3475 3022 est
3490 2981 3662 3023 unum
3688 2982 3788 3033 cor,

2202 3049 2258 3098 et
2294 3057 2398 3097 una
2440 3042 2495 3099 in
2522 3044 2690 3101 Deum
2720 3048 2897 3104 anima
2922 3049 3158 3108 ﬁdebam
3185 3054 3444 3124 clamans,
3471 3057 3699 3117 Salvum
3724 3072 3789 3117 ut

2202 3136 2324 3226 (ας,
2357 3132 2597 3193 Domine.
2649 3137 2783 3206 Quia
2808 3141 2950 3197 enim
2983 3143 3064 3200 sic
3092 3160 3233 3204 unus
3256 3155 3340 3205 est
3370 3149 3476 3207 iste
3500 3152 3678 3210 homo
3712 3132 3801 3226 qui)

2202 3225 2366 3294 dicit,
2397 3227 2614 3285 Saluum
2641 3247 2720 3287 me
2742 3232 2848 3300 fac,
2881 3233 3129 3301 Domine,
3157 3247 3218 3294 ut
3239 3253 3305 3296 ex
3335 3241 3522 3298 multis
3546 3225 3785 3312 constiti;

2202 3320 2361 3390 paulo
2388 3330 2513 3393 post
2556 3324 2613 3380 in
2655 3323 2844 3382 eodem
2875 3327 3081 3397 psalmo
3129 3329 3346 3402 dicitur,
3375 3331 3603 3407 Propter

2199 3414 2330 3469 riam
2372 3415 2583 3488 inopum
2623 3426 2670 3474 et
2690 3420 2929 3491 gemitum
2956 3439 3237 3494 pauperum
3259 3467 3276 3493 ,
3305 3443 3440 3483 nunc
3480 3436 3801 3503 assurgunt,

2200 3508 2326 3564 dicit
2356 3507 2628 3567 Dominus.
2656 3511 2722 3567 Et
2750 3527 2938 3570 rursus
2965 3515 3127 3585 paulo
3170 3526 3293 3587 post
3331 3518 3519 3589 plurali
3565 3536 3801 3579 mmet».

2196 3597 2411 3667 dicitur,
2440 3600 2518 3657 Tu
2567 3618 2685 3658 vero
2711 3603 2930 3661 servabis
2952 3620 3046 3662 nos
3062 3645 3078 3674 ,
3107 3617 3159 3663 et
3186 3611 3438 3667 custodies
3460 3628 3556 3669 nos
3579 3630 3616 3668 a
3644 3631 3801 3688 θαι,

2197 3691 2395 3747 ratione
2417 3692 2514 3748 hac
2536 3692 2591 3750 in
2613 3702 2857 3749 (sternam
2880 3694 3051 3765 (Psal.
3084 3714 3139 3754 ιι
3156 3740 3172 3766 ,
3204 3699 3262 3767 2,
3288 3700 3344 3769 6,
3370 3700 3451 3775 8).
3480 3703 3600 3773 Qua
3622 3722 3781 3779 gene-

2194 3783 2425 3851 ratione,
2455 3784 2559 3841 nisi
2583 3784 2653 3842 de
2674 3800 2779 3857 qua
2802 3789 3048 3858 superius
3070 3789 3271 3848 dictum
3298 3801 3412 3861 est,
3439 3794 3641 3868 Deiecit
3667 3815 3781 3855 san-

2194 3883 2326 3942 ctus,
2350 3883 2397 3929 et
2415 3873 2680 3932 diminuta:
2715 3888 2836 3934 sunt
2858 3880 3095 3938 veritates
3117 3900 3150 3939 a
3187 3883 3310 3954 ﬁliis
3347 3885 3661 3948 hominum?
3687 3891 3780 3950 Sed

2196 3972 2480 4036 utrumque
2519 3965 2623 4024 hoc
2661 3983 2834 4040 genus
2880 3986 2976 4042 per
2996 3980 3167 4030 totum
3219 3976 3478 4035 mundum
3514 3996 3696 4054 usque
3732 3984 3781 4039 in

2192 4056 2355 4112 finem
2387 4075 2400 4112 :
2427 4059 2573 4129 quia,
2607 4059 2805 4131 Sinite,
2853 4064 3058 4136 inquit,
3101 4075 3315 4140 utraque
3360 4087 3585 4129 crescere
3630 4092 3780 4147 usque

2190 4150 2262 4206 ad
2289 4168 2521 4222 messem;
2547 4163 2622 4223 et,
2653 4156 2789 4230 Ager
2825 4167 2901 4214 est
2926 4163 3183 4230 mundus;
3210 4165 3406 4231 messis,
3437 4167 3558 4236 ﬁnis
3585 4172 3777 4226 statuti.

2186 4241 2308 4313 Ipse
2332 4244 2475 4301 enim
2492 4262 2629 4304 unus
2640 4248 2822 4318 homo,
2840 4252 2982 4323 quod
3002 4262 3083 4309 est
3093 4268 3289 4326 corpus
3303 4254 3577 4315 Christiex
3605 4263 3779 4318 multis

2187 4343 2442 4393 constans
2465 4378 2481 4403 ,
2510 4347 2761 4412 tanquam
2790 4339 2975 4398 Enoch
3006 4343 3118 4400 Deo
3158 4344 3380 4416 placens
3427 4348 3780 4409 transferetur

2189 4424 2342 4502 (Gen.
2376 4444 2431 4499 v,
2453 4429 2585 4504 ει),
2612 4440 2670 4489 et
2687 4440 2934 4506 tanquam
2960 4433 3098 4491 Loth
3122 4436 3191 4493 de
3229 4436 3478 4497 Sodomis
3498 4439 3614 4515 (Id.
3655 4459 3776 4511 xxx,

3789 1382 3802 2097 lt

3799 2786 3801 2887 l

2188 4521 2283 4593 12)
2303 4561 2319 4587 ,
2347 4529 2405 4578 et
2427 4531 2683 4594 tanquam
2724 4525 2839 4582 Noe
2867 4525 2936 4583 de
2962 4527 3161 4585 diluvio
3188 4528 3504 4588 liberabitur
3528 4531 3643 4604 (Id.
3671 4550 3769 4601 vn,

2186 4615 2263 4688 1).
2293 4615 2349 4672 In
2377 4616 2493 4688 ipso
2520 4618 2604 4676 εει
2624 4619 2839 4676 miseria
2870 4621 3088 4693 in0pum
3114 4631 3169 4679 et
3195 4625 3426 4697 gemitus
3452 4626 3770 4699 pauperum,

2185 4709 2311 4778 quia
2337 4709 2453 4781 ejus
2477 4711 2653 4767 anima
2682 4710 2938 4772 dormitat
2959 4722 2989 4770 a
3015 4714 3206 4786 taedio,
3236 4732 3359 4775 cum
3394 4733 3455 4776 se
3483 4720 3619 4792 petit
3640 4734 3770 4779 eon-

2180 4800 2389 4858 ilrmari
2429 4802 2484 4858 in
2508 4802 2691 4860 verbis
2718 4804 2833 4862 Dei.
2858 4805 2913 4862 In
2942 4821 3009 4864 eo
3031 4816 3210 4865 autem
3237 4810 3443 4880 psalmo
3466 4811 3600 4869 dicit
3630 4814 3770 4870 unde

2183 4897 2256 4954 sit
2303 4897 2479 4969 ipsum
2526 4898 2745 4955 taedium
2777 4896 3084 4971 :Tardium,
3113 4903 3318 4975 inquit,
3359 4903 3573 4961 detinuit
3616 4924 3700 4965 me
3742 4924 3771 4962 o

2180 4989 2528 5059 peccatoribus
2569 4990 2963 5063 relinquentibus
2987 4994 3148 5066 legem
3190 5004 3331 5051 tuam
3365 4994 3536 5069 (Psal.
3575 5012 3764 5065 cxvtn,

2183 5080 2298 5153 55).
2331 5080 2450 5154 Ipse
2478 5081 2606 5139 item
2633 5084 2860 5151 clamat,
2889 5097 3009 5140 cum
3037 5085 3228 5143 eodem
3245 5087 3403 5144 taedio
3427 5103 3521 5146 cor
3543 5090 3665 5161 ejus
3688 5106 3769 5145 an-

2178 5174 2325 5247 gitur
2338 5192 2351 5229 :
2366 5174 2463 5231 sed
2477 5174 2693 5233 videant
2714 5175 2856 5233 unde
2869 5177 3084 5233 clamat.
3112 5176 3158 5233 Α
3174 5178 3361 5243 ﬁnibus
3387 5174 3553 5251 tm,
3580 5182 3765 5255 inquit,

2182 5270 2252 5325 ad
2271 5278 2319 5325 te
2332 5260 2609 5326 exclamavi
2626 5312 2642 5337 ,
2670 5270 2793 5326 dum
2809 5279 3076 5344 angeretur
3094 5288 3182 5329 cor
3194 5261 3359 5330 meum
3381 5273 3553 5348 (Psal.
3574 5290 3667 5346 ιι,
3691 5275 3762 5349 5).

2182 5362 2303 5435 ipse
2333 5364 2757 5436 persecutionem
2784 5380 2913 5421 vere
2952 5381 3048 5435 pro
3068 5366 3279 5437 justitia
3303 5358 3522 5439 patitur,
3550 5383 3659 5425 non
3686 5385 3763 5425 so.

2182 5455 2292 5512 lum
2318 5456 2363 5511 si
2391 5457 2671 5513 tormentis
2691 5458 3055 5529 corporalibus
3077 5459 3327 5529 patiatur;
3357 5459 3462 5517 hoc
3489 5460 3636 5518 enim
3663 5475 3761 5517 non

2181 5562 2424 5621 semper;
2456 5549 2553 5606 sed
2580 5549 2722 5622 quod
2764 5566 2999 5624 semper,
3024 5550 3274 5623 quamdiu
3315 5560 3549 5610 transeat
3573 5554 3760 5627 iniqui-

2182 5653 2264 5702 tas
2287 5686 2301 5710 ,
2329 5645 2548 5716 patitur,
2576 5642 2844 5701 cruciatus
2863 5644 3114 5702 videlicet
3136 5645 3314 5703 cordis
3331 5686 3346 5711 ,
3368 5659 3490 5702 cum
3514 5660 3641 5703 eum
3670 5655 3760 5703 tae-

2181 5739 2325 5795 dium
2375 5739 2581 5795 detinet
2630 5753 2658 5792 a
2708 5739 3077 5809 peccatoribus
3130 5738 3556 5811 relinquentibus
3593 5738 3757 5813 legem
3800 5782 3801 5813 ἦ

2182 5833 2297 5894 Dei.
2329 5831 2513 5906 Neque
2537 5832 2681 5896 enim
2710 5796 2913 5895 nullam
2950 5796 3375 5908 persecutionem
3401 5796 3549 5895 Loth
3570 5835 3629 5894 in
3647 5796 3759 5895 "So
