3792 6136
502 257 612 318 425

505 385 665 430 unam
695 367 893 428 faciunt
921 361 1388 435 interrogationem
1405 398 1419 424 ,
1448 354 1596 412 nullo
1624 353 1784 412 modo
1810 351 2087 424 permitte-

502 477 625 527 rent
661 477 977 538 quemquam
1015 458 1083 515 ad
1122 471 1278 514 suum
1317 466 1535 511 sensum
1576 450 1732 506 istam
1770 446 2093 517 detorquere

501 560 844 622 sententiam.
869 557 937 612 Et
964 555 1008 611 si
1039 561 1291 623 tanquam
1320 545 1581 619 quaerenti
1616 542 1706 600 ubi
1734 548 2006 614 pasceret,
2035 546 2092 594 et

501 654 594 712 ubi
619 651 857 714 cubaret,
884 646 953 703 de
978 653 1192 702 terreno
1215 642 1335 697 loco
1361 635 1803 708 responderetur,
1840 631 1910 687 In
1941 630 2093 686 meri-

500 745 617 811 die;
648 756 753 798 non
779 737 1034 796 continuo
1059 734 1292 791 Africam
1319 729 1562 801 accipere
1586 725 1922 784 deberemus.
1947 721 2091 778 Afri-

497 852 560 893 ca
590 835 733 892 enim
765 831 817 888 in
847 839 998 902 parte
1037 825 1250 900 quidem
1291 820 1584 879 meridiana
1623 817 1806 875 mundi
1847 822 1961 882 est,
1995 812 2091 870 sed

498 927 568 985 ad
597 924 835 982 Africum
856 965 872 991 ,
900 935 1005 977 non
1035 918 1103 975 ad
1126 918 1381 974 Austrum
1415 912 1505 969 ubi
1543 925 1668 968 vere
1705 907 1960 966 meridies
1985 915 2087 962 est.

500 1021 574 1078 lbi
605 1018 748 1076 enim
779 1016 858 1072 sol
893 1012 1020 1070 facit
1054 1009 1290 1068 medium
1323 1006 1464 1063 diem
1483 1047 1499 1073 ,
1531 1003 1628 1060 sub
1656 1018 1760 1075 qua
1787 1000 1909 1058 caeli
1939 999 2090 1071 plaga

498 1112 678 1185 potius
705 1107 969 1180 Egyptus
995 1101 1281 1161 invenitur.
1310 1098 1367 1156 Si
1395 1112 1522 1170 ergo
1550 1109 1776 1168 sponsus
1804 1095 1872 1150 ab
1894 1105 2090 1185 sponsa

501 1183 755 1276 tanquam
776 1200 846 1257 de
870 1199 989 1255 loco
1016 1193 1328 1252 familiarius
1356 1189 1571 1257 dilecto,
1601 1196 1656 1245 et
1679 1186 1840 1244 cubili
1860 1183 2090 1257 quodam

500 1311 601 1354 suo
614 1275 831 1351 secreto
850 1292 1228 1360 interrogatus,
1251 1282 1600 1355 responderet
1619 1295 1740 1337 esse
1760 1279 1813 1334 in
1833 1275 2085 1341 meridie;

498 1389 672 1447 multo
709 1383 1037 1459 probabilius
1066 1379 1304 1436 Ecclesia
1333 1375 1592 1433 catholica
1630 1373 1685 1428 in
1721 1373 1808 1427 his
1835 1369 2090 1426 membris

500 1483 614 1541 suis
641 1481 745 1536 hoc
767 1483 1118 1550 agnosceret,
1145 1485 1265 1543 qua:
1287 1476 1412 1525 sunt
1437 1467 1489 1522 in
1515 1465 1748 1538 IEgypto
1778 1463 1831 1518 in
1857 1461 2092 1518 millibus

502 1587 780 1632 servorum
821 1567 915 1625 Dei
935 1608 950 1634 ,
988 1565 1078 1638 qui
1121 1578 1215 1636 per
1247 1575 1487 1618 eremum
1517 1566 1698 1614 sancta
1725 1555 1981 1611 societate
2005 1553 2088 1608 vi-

501 1675 653 1734 vunt,
681 1661 1060 1738 perfectionem
1084 1653 1337 1728 praecepti
1375 1649 1666 1722 evangelici
1704 1645 1980 1703 studentes
2005 1653 2088 1738 te-

500 1773 651 1828 nere,
679 1737 784 1829 quo
813 1753 1010 1810 dictum
1035 1758 1118 1806 est
1142 1766 1158 1804 :
1185 1746 1274 1802 Vis
1301 1748 1552 1817 perfectus
1576 1739 1721 1796 esse?
1747 1738 1873 1793 vade
1889 1780 1904 1805 ,
1934 1737 2091 1794 vende

501 1852 672 1910 omnia
697 1863 811 1921 qua:
839 1843 988 1900 habes
1007 1884 1022 1909 ,
1049 1849 1097 1896 et
1123 1839 1190 1894 da
1215 1836 1518 1912 pauperibus
1537 1875 1551 1901 ,
1574 1841 1624 1910 et
1650 1831 1852 1887 habebis
1883 1829 2090 1884 thesau-

499 1961 617 2002 rum
661 1942 716 1996 in
758 1938 928 2004 cretis;
967 1945 1013 1990 et
1052 1933 1194 2001 veni,
1228 1947 1430 2002 sequere
1465 1944 1545 1982 me
1574 1924 1785 2000 (Matth.
1813 1940 1937 1991 χιχ,
1967 1921 2087 1995 21).

500 2035 715 2104 Quanto
743 2029 886 2087 enim
914 2026 1104 2083 melius
1133 2022 1204 2079 ibi
1234 2021 1492 2078 secretius
1519 2031 1761 2090 pascere,
1792 2022 1847 2071 et
1871 2015 2086 2083 cubare,

501 2129 558 2186 id
582 2137 683 2193 est,
709 2123 1047 2196 requiescere
1075 2118 1243 2174 Filius
1271 2115 1365 2172 Dei
1393 2114 1680 2176 diceretur,
1712 2126 1870 2183 quam
1899 2109 1952 2165 in
1982 2119 2092 2164 tur—

500 2221 585 2278 bis
611 2208 860 2288 inquietis
885 2211 1207 2268 furiosorum
1230 2204 1727 2264 Circumcellionum
1748 2203 1789 2270 ¹,
1819 2201 1958 2272 quod
1980 2216 2093 2256 ma-

500 2311 614 2367 lum
643 2307 834 2363 Africa:
864 2301 1139 2375 proprium
1180 2307 1280 2355 est.
1317 2297 1455 2353 Nam
1483 2295 1549 2350 de
1575 2294 1802 2366 Egypto
1831 2294 1903 2348 ita
1928 2293 2092 2349 Isaias

503 2401 785 2476 prophetat
814 2415 826 2452 :
859 2395 961 2452 Illo
988 2395 1070 2448 die
1095 2393 1187 2447 erit
1213 2392 1375 2446 altare
1399 2389 1602 2444 Domini
1626 2389 1679 2442 in
1704 2387 1904 2459 regione
1922 2385 2091 2458 Λῐῃῃο

504 2495 728 2567 ptiorum
748 2532 762 2557 ,
793 2498 842 2544 et
879 2486 1056 2542 titulus
1091 2485 1160 2540 ad
1197 2485 1323 2556 ﬁnes
1351 2499 1524 2537 eorum
1550 2479 1768 2534 Domino
1789 2519 1803 2546 ,
1835 2487 1880 2532 et
1920 2478 2011 2533 erit
2037 2479 2093 2532 in

502 2588 703 2659 signant
742 2583 796 2637 in
833 2589 1077 2637 wternum
1120 2577 1338 2632 Domino
1378 2575 1433 2629 in
1474 2574 1677 2646 regione
1704 2569 2089 2643 Egyptiorum.

507 2675 760 2746 Quoniam
797 2669 1084 2728 clamabunt
1122 2669 1191 2723 ad
1224 2666 1500 2722 Dominum
1535 2667 1772 2719 adversus
1801 2679 1883 2717 eos
1907 2662 1993 2733 qui
2022 2662 2093 2716 eis

503 2783 792 2842 pressuram
829 2764 1080 2837 faciebant
1111 2776 1131 2817 :
1159 2767 1205 2814 et
1235 2759 1392 2812 mittet
1431 2757 1534 2812 illis
1566 2755 1813 2811 Dominus
1843 2753 2095 2808 hominem

501 2863 588 2935 qui
615 2860 779 2917 salvos
808 2873 891 2914 eos
918 2856 1101 2929 faciet,
1123 2852 1363 2926 judicans
1389 2850 1602 2905 servabit
1630 2866 1732 2904 eos.
1774 2847 1842 2901 Et
1867 2848 2094 2918 cognitus

503 2955 598 3009 erit
619 2951 872 3007 Dominus
892 2947 1156 3020 Egyptiis
1185 2962 1202 2999 :
1229 2953 1274 3000 et
1300 2945 1540 2999 timebunt
1561 2941 1800 3014 Ai’ggptii
1825 2941 2097 2995 Dominum

503 3047 558 3102 in
583 3046 672 3100 illo
700 3044 813 3111 die,
842 3050 888 3096 et
917 3043 1102 3113 facient
1131 3037 1384 3106 sacriﬁcia
1405 3078 1420 3104 ,
1453 3044 1499 3090 et
1527 3045 1641 3089 vota
1668 3033 1956 3105 promittent
1983 3032 2094 3087 Do-

504 3138 643 3193 mino
663 3177 679 3204 ,
710 3143 757 3191 et
794 3132 1024 3188 reddent.
1066 3129 1132 3186 Et
1170 3129 1315 3200 feriet
1342 3127 1591 3182 Dominus
1615 3124 1892 3197 ZEgyptios
1921 3124 2091 3196 plaga,

504 3237 554 3284 et
581 3226 777 3283 sanabit
805 3241 887 3280 eos
916 3240 1009 3279 sua
1033 3219 1376 3276 misericordia
1396 3260 1411 3287 ,
1445 3227 1489 3274 et
1519 3226 1864 3273 convertentur
1891 3217 1958 3270 ad
1987 3215 2097 3269 Do-

505 3321 721 3386 minum,
745 3327 791 3372 et
811 3314 1044 3371 exaudiet
1064 3330 1165 3380 eos,
1189 3321 1235 3366 et
1255 3311 1450 3366 sanabit
1466 3327 1549 3364 eos
1579 3308 1729 3380 (lsai.
1747 3323 1864 3375 xrx,
1886 3304 2094 3379 19-22).

505 3408 646 3479 Quid
673 3407 741 3464 ad
768 3407 883 3462 haec
906 3403 1122 3461 dicunt?
1148 3402 1324 3470 Quare
1355 3416 1459 3456 non
1487 3398 1884 3456 communicant
1911 3397 2099 3453 Eccle-

505 3502 620 3566 siae,
647 3513 768 3572 quae
794 3495 1043 3568 praedicta
1071 3502 1182 3560 est,
1211 3489 1621 3565 ngyptiorum?
1645 3489 1750 3544 Aut
1778 3489 1823 3544 si
1850 3490 2098 3560 praefigu-

505 3591 715 3648 ratione
737 3587 1043 3662 prophetica
1066 3583 1328 3656 Egyptus
1349 3583 1606 3637 mundum
1629 3581 1911 3653 signiﬁcat,
1935 3595 2100 3652 quare

506 3700 616 3741 non
643 3679 1039 3739 communicant
1070 3676 1327 3732 Ecclesiae
1357 3675 1504 3731 orbis
1533 3673 1837 3730 terrarum?

579 3774 670 3832 ὀὶ.
709 3771 941 3829 Proinde
987 3776 1390 3840 perscrutentur
1438 3765 1773 3837 Scripturas,
1819 3773 1874 3821 et
1914 3772 2101 3822 contra

509 3876 618 3924 tam
668 3864 832 3920 multa
885 3859 1223 3927 testimonia,
1277 3859 1470 3930 quibus
1522 3857 1820 3913 ostenditur
1866 3858 2104 3914 Ecclesia

507 3956 711 4016 Christi
751 3962 864 4011 toto
903 3961 1166 4009 terrarum
1201 3950 1331 4008 orbe
1367 3948 1586 4005 diffundi
1609 3991 1622 4015 ,
1659 3950 1741 4004 vel
1774 3965 1936 4005 unum
1973 3965 2103 4022 pro-

511 4053 688 4110 ferant
713 4059 820 4104 tam
845 4055 1051 4103 certum
1078 4054 1133 4100 et
1159 4051 1266 4099 tam
1291 4040 1628 4098 manifestum
1659 4056 1818 4113 quam
1845 4041 1932 4096 illa
1956 4049 2100 4111 sunt,

511 4159 620 4217 quo
644 4142 1014 4200 demonstrent
1037 4137 1332 4194 Ecelesiam
1360 4132 1559 4190 Christi
1598 4133 1823 4204 periisse
1849 4132 1916 4190 de
1940 4143 2121 4202 caete-_

511 4238 588 4294 ris
615 4233 875 4308 gentibus,
901 4239 957 4288 et
981 4232 1034 4286 in
1060 4229 1172 4285 sola
1193 4226 1370 4284 Africa
1397 4225 1738 4293 remansisse,
1766 4234 2015 4297 tanquam
2037 4225 2106 4281 ab

512 4330 620 4387 alio
648 4327 801 4383 initio
820 4327 864 4393 ’,
897 4338 1003 4380 non
1031 4323 1098 4379 ab
1121 4321 1438 4386 Jerusalem,
1471 4317 1564 4375 sed
1590 4333 1620 4372 a
1647 4317 1989 4389 Carthagine,
2016 4318 2106 4374 ubi

513 4424 688 4498 primo
709 4421 1018 4492 episcopum
1042 4423 1227 4473 contra
1248 4413 1555 4485 episcopum
1579 4411 1910 4466 levaverunt.
1936 4409 1992 4466 Si
2013 4425 2108 4466 au-

514 4529 623 4575 tem
645 4516 872 4572 velimus
899 4511 1195 4582 intelligere
1218 4509 1478 4564 Donatum
1499 4506 1795 4578 principem
1814 4505 1962 4577 Tyri,
1985 4505 2108 4576 quia

513 4609 688 4682 Tyrus
736 4605 758 4638 ³
799 4601 1067 4673 Carthago
1136 4599 1509 4670 cognominata
1567 4604 1651 4652 est
1679 4638 1693 4662 ,
1733 4611 1853 4666 quae
1893 4596 1946 4650 in
1986 4611 2109 4652 eum

514 4718 613 4775 per
641 4695 978 4756 Ezechielem
1009 4690 1433 4765 prophetantur?
1461 4689 1562 4747 Ubi
1591 4705 1712 4745 eum
1744 4689 1972 4744 maxime
2009 4687 2109 4744 de-

516 4794 710 4865 signat,
737 4788 880 4863 quod
905 4787 954 4844 ei
982 4785 1214 4843 dicitur:
1244 4781 1520 4837 Ostendam
1546 4780 1634 4835 tibi
1661 4780 1780 4851 quia
1809 4779 1956 4834 homo
1988 4795 2039 4835 es
2064 4787 2113 4835 et

581 4971 598 5002 ί
634 4975 682 5018 ln
721 4966 1010 5019 rloriaeensi
1031 4969 1137 5025 his,
1173 4957 1578 5033 Cercicellionum.
1613 4955 1924 5029 cireelliones
1963 4955 2112 5068 vulg:

581 5033 607 5068 »ί
633 5030 800 5068 mlilm
820 5027 1071 5068 inmlliaps
1092 5038 1155 5068 ex
1181 5029 1464 5068 Augustino.
1481 5027 1642 5068 Enarr.
1666 5033 1716 5068 ιιι
1734 5018 1853 5068 Psal.
1871 5017 1978 5068 152.
1995 5032 2045 5068 ιι.
2099 5056 2110 5067 .

516 5032 608 5084 dici
632 5017 800 5082 solitos
820 5017 1071 5091 intelliges
1092 5017 1156 5091 e'x
1181 5023 1464 5091 augustino,
1475 5027 1645 5091 βων.
1666 5020 1716 5068 in
1734 5018 1853 5091 Psal.
1871 5017 1978 5079 152,
1995 5017 2110 5068 ιι.5.

585 5080 607 5126 ί
791 5080 1122 5161 _tanqnai'n_.ab
1155 5080 1429 5144 alio'initio,
1451 5080 1601 5132 forte
1633 5080 1914 5145 legendum,
1939 5093 2114 5146 propa-

521 5155 737 5221 gandam
751 5151 814 5204 ab
836 5151 932 5201 alio
955 5151 1106 5200 initio.
1355 5208 1367 5220 .

585 5219 606 5251 ³
640 5224 690 5266 In
727 5223 811 5266 Ms.
856 5212 1170 5278 Floriacensis
1187 5245 1202 5271 ,
1241 5218 1413 5278 _1‘yr_ia_,
1461 5207 1555 5278 hoc
1579 5211 1764 5278 tantum
1972 5213 2116 5256 Porro

521 5279 755 5342 Carthago
796 5275 1048 5342 Tyriorum
1070 5267 1310 5342 gcolonia"
1333 5267 1445 5330 fuit,
1482 5277 1537 5342 ut
1595 5276 1746 5342 grus
1769 5267 2111 5342 "Sidoniorum.

520 5342 656 5392 Unde
682 5330 857 5403 Virgil:
889 5335 974 5385 lib.
1003 5335 1025 5384 1
1053 5334 1242 5403 Ξηρὶά.
1264 5371 1278 5394 ,
1305 5346 1439 5403 vers.
1478 5331 1568 5390 12,
1596 5330 1691 5403 i5:
1724 5348 1745 5403 ε
1769 5330 1888 5403 Urbs
1921 5331 2117 5403 antiqua

529 5390 678 5465 (fuit,
849 5405 1064 5466 tenuere
1083 5390 1272 5466 coloni,
1291 5395 1543 5466 Cardiago.
1569 5409 1592 5438 ι
1622 5391 1766 5466 Βιβώ
1796 5390 1974 5466 eodem
2003 5390 2116 5466 pare

523 5454 677 5530 thago
692 5454 907 5530 T§ria_et
939 5458 1350 5530 carthaginenses
1379 5454 1505 5530 Tyrii
1533 5455 2028 5530 vocantur.oui_n__et
2045 5454 2117 5530 _i_n

522 5517 660 5586 Isaia,
683 5517 888 5590 (εὴ).Ξῇ
906 5523 989 5572 ubi
1015 5517 1340 5590 Tyri'eversio
1361 5517 1650 5590 priedicitur,
1673 5517 1982 5590 Septuaginta
1996 5527 2118 5590 xer-

524 5577 711 5649 terunt,
742 5577 946 5645 bluldte,
987 5577 1131 5633 naues
1169 5577 1487 5652 Carthaginis.
1527 5579 1697 5652 (puber
1733 5577 1974 5652 Optatum,
1996 5577 2119 5650 libro

527 5640 1076 5706 contra't’armenianum
1100 5655 1272 5718 tertio,
1309 5640 1392 5714 qui
1434 5641 1696 5718 Εῑςεοὶιξθιὶδ
1731 5640 2033 5718 Ρέοριιςιιθηξ
2057 5641 2122 5718 Sif

529 5718 707 5827 millltlfgr
722 5724 928 5792 torquet
950 5719 998 5767 in
1031 5717 1296 5766 Donatistas
1320 5712 1410 5764 fet
1446 5712 1710 5776 principem
1745 5712 1850 5772 Tyri
1888 5712 2123 5757 Donatum

530 5792 579 5827 in
604 5793 630 5827 e
671 5789 754 5827 itm

530 5781 754 5843 tntclligit

1584 234 1856 295 CONTRA
1897 226 2321 291 DONATISTAS
2356 230 2712 302 EPISTOLA,
3165 183 3171 188 ’
3263 179 3281 216 κ’
3441 213 3450 222 ’
3683 241 3770 300 ω

2201 367 2304 406 non
2329 351 2487 410 Deus.
2517 354 2608 412 isti
2637 355 2780 410 enim
2808 353 2876 412 de
2905 353 3062 426 hujus
3088 357 3258 428 magis
3282 370 3443 430 quam
3469 359 3540 417 de
3569 359 3667 418 Dei
3694 379 3787 430 ao-g

2198 443 2343 500 mine
2378 444 2693 516 gloriantur.
2722 446 2789 501 Et
2815 460 2942 502 cum
2965 447 3111 503 solus
3137 448 3278 505 Deus
3307 450 3425 508 sine
3450 463 3674 522 peccato
3696 458 3773 521 sit,

2198 545 2254 592 et
2276 537 2526 593 sacerdos
2551 537 2641 596 ille
2667 539 2760 610 qui
2789 539 3094 610 interpellat
3131 555 3230 612 pro
3268 541 3459 610 nobis,
3490 545 3621 615 quia
3647 557 3699 601 et
3720 547 3776 605 de

2198 628 2315 699 ipso
2351 628 2552 685 dictum
2590 638 2707 700 est,
2735 631 2836 698 Qui
2860 639 2934 687 est
2961 648 3113 704 super
3136 633 3308 688 omnia
3331 633 3473 690 Deus
3501 635 3787 704 benedictum

2196 721 2251 776 in
2275 721 2462 776 swcula
2490 720 2668 793 (Rom.
2691 737 2768 791 ιχ,
2791 722 2847 795 5)
2881 740 2894 777 :
2924 723 3010 779 isti
3038 724 3226 781 Donati
3251 725 3550 786 imitatores
3579 729 3653 785 ita
3677 720 3787 800 sine}

2197 820 2420 884 peccato
2441 827 2500 870 se
2524 814 2708 870 volunt
2726 814 2914 882 videri,
2945 824 3004 872 ut
3028 816 3187 872 etiam
3207 817 3594 889 justiticatores
3619 815 3787 878 horai-3

2197 917 2325 958 num
2353 917 2413 960 se
2437 913 2700 974 asserant,
2730 915 2786 964 et
2811 921 2966 964 suum
2996 907 3173 964 oleum
3201 909 3343 980 quod
3371 925 3480 966 non
3507 913 3584 968 sit
3616 913 3776 971 oleam

2198 997 2492 1066 peccatoris
2517 996 2688 1071 (Psal.
2711 1013 2834 1067 exn,
2857 997 2936 1072 5).
2959 999 3144 1056 Merito
3164 999 3358 1058 dicitur
3379 1004 3614 1076 principi
3634 999 3787 1077 Tyrii

2196 1087 2419 1158 Dixisti,
2448 1091 2585 1147 Deus
2621 1109 2736 1148 sum
2760 1108 2780 1148 :
2804 1109 2857 1148 es
2889 1103 3055 1150 autent
3083 1094 3234 1151 homo
3251 1135 3268 1164 ,
3293 1104 3344 1150 et
3379 1112 3482 1152 non
3511 1096 3670 1152 Deus.
3694 1097 3787 1156 Cuil

2196 1180 2359 1237 etiam
2378 1181 2572 1238 dicitur
2595 1201 2609 1238 :
2635 1181 2902 1255 Numquid
2925 1194 2978 1240 tu
2997 1185 3175 1241 melior
3191 1202 3345 1257 quam
3366 1186 3554 1244 Daniel
3576 1169 3787 1262 (Ezech‘

2198 1287 2370 1328 xxvm
2391 1314 2406 1340 ,
2433 1273 2593 1346 2-9)?
2627 1273 2921 1332 Conﬁtetur
2948 1277 3092 1333 enim
3121 1277 3311 1335 Daniel
3336 1288 3557 1351 peccata
3586 1295 3710 1346 sua,
3733 1267 3787 1352 et?

2197 1376 2413 1437 peccata
2440 1368 2620 1438 populi
2643 1368 2724 1423 sui
2755 1368 2916 1440 (Dan.
2944 1384 3018 1437 rx,
3043 1369 3140 1442 20)
3166 1388 3178 1424 :
3205 1371 3290 1426 isti
3315 1381 3496 1430 autem

2197 1465 2281 1514 tes
2303 1459 2371 1515 ad
2397 1461 2693 1532 principem
2719 1461 2880 1535 Tyri,
2911 1461 3034 1519 ideo
3069 1439 3130 1519 se
3156 1463 3340 1520 dicunt
3372 1439 3596 1524 orantes
3622 1439 3787 1525 audiri1

2196 1566 2295 1622 pro
2325 1555 2556 1625 peccatis
2584 1556 2784 1627 populi,
2818 1556 2941 1628 quia
2970 1557 3070 1629 ipsi
3098 1559 3215 1615 sine
3241 1569 3462 1631 peccato
3489 1569 3636 1617 sunt.
3675 1562 3787 1631 Me-1

2194 1643 2302 1700 rito
2339 1643 2534 1702 dicitur
2570 1625 2796 1719 principi
2823 1625 3292 1722 Tyriftvumquid
3327 1659 3383 1706 tu
3421 1652 3606 1709 metior
3640 1625 3787 1716 quam?

2195 1734 2423 1792 Daniel?
2443 1739 2580 1795 Ecce
2600 1755 2700 1796 nos
2719 1755 3002 1811 possumus
3018 1741 3258 1798 invenire
3272 1742 3470 1815 aliquid
3490 1723 3787 1818 proprium,l

2194 1840 2250 1887 et
2275 1831 2378 1888 hoc
2403 1832 2600 1889 malum
2628 1833 2921 1889 maximum
2948 1848 2979 1888 a
3004 1834 3178 1906 capite
3201 1834 3417 1903 Africte,
3448 1835 3502 1892 id
3525 1845 3635 1904 est,
3660 1819 3787 1894 αιτοί

2196 1921 2411 1995 thagine
2439 1932 2707 1980 exortum.
2736 1923 2945 2002 Norant
2980 1925 3123 1981 enim
3170 1924 3418 1983 homines
3455 1941 3621 1999 quam
3659 1942 3787 2002 ωηο)

2199 1967 2411 1995 -..των
2439 1967 2707 1980 --.η
2736 1967 2945 2002 ...,,.....
3170 1967 3418 1983 ...η-...νς
3455 1967 3621 1999 .,.......
3659 1967 3773 1986 νυ..-

2195 2023 2448 2086 gruenter
2467 2015 2639 2088 Tyrus
2657 2030 2755 2088 pro
2769 2013 3090 2088 Carthagine
3109 2017 3389 2088 accipitur.
3408 2026 3463 2074 et
3483 2027 3665 2076 tamen
3683 2036 3774 2076 non

2197 2107 2403 2178 agimus
2428 2107 2655 2175 talibus;
2686 2107 2930 2164 fortassis
2956 2107 3102 2164 enim
3131 2108 3330 2180 aliquid
3355 2110 3500 2166 aliud
3529 2110 3774 2183 signiﬁcet

2197 2200 2373 2274 Tyrus
2401 2219 2416 2256 :
2443 2209 2642 2273 quanto
2667 2203 2837 2274 magis
2862 2202 3137 2272 meridies,
3163 2216 3288 2259 cum
3315 2213 3371 2259 et
3393 2203 3509 2275 ipsa
3540 2205 3698 2262 verba
3717 2204 3773 2259 ad

2197 2293 2360 2348 alium
2389 2303 2581 2365 cogant
2612 2294 2980 2351 intellectum?

2269 2388 2362 2444 45.
2401 2386 2508 2444 Sed
2535 2402 2695 2460 quam
2717 2389 2734 2420 ⁸
2764 2402 2872 2445 non
2901 2389 3278 2460 permittantur
3317 2391 3510 2448 saltem
3552 2405 3774 2463 quaerere

2198 2479 2395 2552 aliquid
2425 2495 2531 2552 quo
2568 2480 2798 2552 probent
2832 2496 2954 2539 esse
2993 2483 3335 2554 praedictum,
3362 2483 3727 2541 deﬁcientibus
3747 2500 3771 2538 a

2201 2569 2308 2626 ﬁde
2331 2570 2620 2628 christiana
2647 2573 2856 2629 caeteris
2885 2574 3150 2644 gentibus,
3181 2575 3234 2630 in
3261 2575 3374 2632 sola
3399 2575 3583 2634 Africa
3610 2577 3771 2633 Eccle-

2200 2665 2334 2721 siam
2365 2681 2734 2723 remansuram
2764 2685 2778 2722 :
2809 2667 3088 2725 attendant
3114 2668 3242 2724 illud
3279 2669 3421 2740 quod
3458 2685 3609 2742 saepe
3643 2665 3787 2728 com-1

2201 2758 2532 2826 memoravi,
2563 2768 2790 2830 utraque
2824 2773 3068 2817 crescere
3107 2775 3280 2833 usque
3319 2759 3386 2816 ad
3431 2777 3697 2828 messem,
3726 2769 3770 2818 et

2201 2862 2386 2920 agrum
2425 2864 2546 2905 esse
2582 2850 2871 2920 mundum,
2901 2866 3134 2909 messem
3173 2852 3334 2909 ﬁnem
3363 2854 3551 2910 saeculi
3581 2853 3771 2926 (Matth.

2204 2957 2332 3010 xm,
2361 2941 2450 3010 '50,
2480 2942 2570 3010 58,
2602 2942 2730 3015 59),
2761 2957 2867 2999 non
2898 2944 3082 3012 nobis,
3112 2945 3208 3001 sed
3233 2946 3350 3017 ipso
3375 2946 3610 3003 Domino
3634 2947 3771 3002 inter-

2204 3044 2450 3106 pretante
2478 3037 2782 3107 parabolam
2813 3052 2986 3094 suam.
3031 3039 3129 3096 Est
3171 3048 3228 3096 et
3265 3041 3408 3098 aliud
3449 3037 3787 3107 evidentissi-i

2203 3143 2382 3195 mum,
2421 3128 2566 3199 quod
2603 3129 2683 3186 eis
2728 3131 2948 3186 omnino
2993 3131 3202 3188 auferat
3244 3132 3482 3189 laborem
3523 3131 3773 3206 quzerendi

2203 3221 2347 3277 unde
2367 3221 2597 3293 probent
2615 3221 2910 3278 Ecclesiam
2933 3223 3134 3279 mundo
3154 3224 3366 3294 perdito
3383 3224 3451 3280 ad
3473 3225 3625 3282 solos
3643 3223 3774 3280 Afros

2204 3313 2498 3371 redacram.
2528 3313 2712 3370 Potest
2737 3315 2880 3370 enim
2910 3314 3110 3386 aliquid
3137 3328 3292 3382 esse,
3319 3323 3376 3371 et
3398 3330 3510 3371 non
3539 3315 3770 3373 inveniri:

2206 3421 2312 3462 non
2340 3419 2459 3462 esse
2483 3415 2684 3473 autem,
2712 3415 2767 3461 et
2791 3405 3040 3474 inveniri,
3069 3420 3175 3461 non
3204 3415 3401 3476 potest.
3429 3407 3689 3464 Desinant
3705 3421 3773 3462 er-

2207 3517 2275 3575 go
2313 3515 2556 3574 quaerere
2598 3500 2742 3573 quod
2779 3500 3019 3557 invenire
3056 3516 3164 3557 non
3208 3509 3494 3572 poterunt,
3536 3518 3645 3558 non
3676 3501 3773 3572 quia

2209 3593 2473 3649 occultum
2496 3601 2598 3658 est,
2622 3591 2716 3647 sed
2741 3592 2864 3662 quia
2890 3606 2994 3646 non
3017 3598 3118 3648 est.
3147 3591 3284 3647 Sunt
3302 3592 3449 3648 enim
3469 3592 3650 3649 adhuc
3668 3605 3774 3647 non.

2211 3685 2371 3741 nullae
2393 3693 2583 3756 gentes
2607 3683 2659 3738 in
2687 3684 2879 3754 quibus
2905 3682 3140 3738 nondum
3172 3692 3254 3738 est
3280 3683 3630 3754 Evangelium
3660 3671 3787 3756 praef

2211 3775 2479 3842 dicatum;
2509 3789 2730 3831 necesse
2767 3783 2850 3830 est
2890 3783 3068 3830 autem
3107 3774 3313 3846 impleri
3355 3775 3542 3831 omnia
3583 3789 3694 3846 quae
3724 3773 3775 3827 de

2212 3865 2425 3922 Christo
2449 3874 2503 3921 et
2527 3864 2765 3922 Ecclesia
2796 3864 3047 3935 praedicta
3076 3875 3202 3921 sunt
3227 3884 3240 3920 :
3271 3873 3484 3938 oportet
3521 3880 3648 3939 ergo
3671 3864 3787 3942 etin;

2213 3958 2294 4015 eis
2323 3957 2598 4030 praedicari
2622 3960 2665 4012 ’³.
3786 3951 3787 4000 i

2286 4051 2511 4109 CAPUT
2548 4050 2688 4107 XVII
2711 4050 2811 4125 (a).
2830 4050 3189 4119 —Quomodo
3212 4065 3341 4124 ergo
3366 4052 3452 4108 isti
3476 4053 3660 4110 dicunt
3687 4050 3787 4122 jam:

2215 4160 2334 4203 esse
2350 4145 2674 4217 completum
2696 4145 2837 4217 quod
2860 4146 3115 4201 Dominus
3131 4146 3223 4213 ait,
3248 4147 3522 4218 pradicari
3540 4149 3594 4204 in
3609 4147 3787 4216 nomine}

2217 4243 2326 4312 ejus
2365 4241 2703 4312 paenitentiam
2736 4250 2784 4294 ct
2818 4239 3160 4296 remissionem
3195 4249 3520 4312 peccatorum
3558 4243 3612 4296 in
3635 4219 3787 4298 σηιηαῖ

2216 4343 2406 4406 gentes,
2431 4332 2782 4405 incipientibus
2803 4331 2866 4386 ab
2890 4331 3175 4387 Jerusalem
3200 4331 3348 4404 (Luc.
3377 4348 3531 4400 xxrv,
3559 4333 3649 4404 47)

2217 4433 2403 4496 postea
2427 4425 2638 4480 caeteris
2671 4422 3076 4490 deﬁcientibus,
3117 4423 3286 4480 solam
3325 4423 3540 4480 Christo
3575 4422 3787 4496 Africam1

2219 4515 2576 4582 remansisse;
2606 4529 2730 4570 cum
2773 4513 2947 4569 adhuc
2992 4513 3120 4569 illud
3166 4513 3499 4585 implendum
3541 4514 3638 4582 sit,
3665 4524 3787 4566 non-1

2221 4607 2347 4662 dum
2375 4605 2650 4677 impletum
2676 4604 2784 4660 sit?
2811 4603 2948 4660 Cum
2977 4612 3154 4660 autem
3195 4604 3473 4674 impletum
3503 4603 3686 4666 fuerit,
3709 4612 3780 4653 ve-

2222 4698 2334 4753 niet
2360 4697 2500 4752 ﬁnis.
2528 4695 2616 4753 Sic
2641 4696 2784 4752 enim
2814 4696 3072 4752 Dominus
3097 4697 3172 4751 ait
3199 4713 3212 4750 :
3241 4695 3311 4750 Et
3335 4696 3684 4767 praedicabili"
3706 4693 3778 4745 hac

2223 4788 2555 4862 Evangelium
2577 4789 2718 4859 regni
2743 4787 2797 4842 in
2821 4788 3051 4843 universo
3080 4787 3224 4854 orbe,
3252 4788 3306 4842 in
3339 4787 3670 4842 testimonium
3694 4797 3787 4837 σπι-η

2225 4882 2370 4938 nibus
2408 4880 2674 4954 gentibus;
2702 4887 2749 4934 et
2782 4889 2900 4934 tunc
2928 4879 3088 4933 veniet
3115 4878 3235 4947 ﬁnis
3272 4876 3490 4949 (Matth.
3522 4892 3664 4944 xxxv,
3691 4872 3787 4954 li).

2225 4951 2505 5044 Quomodo
2538 4987 2696 5045 ergo,
2739 4987 2860 5028 cum
2901 4971 3188 5042 adimpleta
3231 4977 3378 5026 esset
3414 4969 3548 5026 ﬁdes
3575 4951 3787 5025 omnium}

2226 5069 2491 5141 gentium,
2523 5077 2648 5124 tunc
2682 5066 2912 5138 perditio
2939 5065 3177 5137 gentium
3203 5072 3426 5134 excepta
3447 5063 3622 5119 Africa
3639 5101 3653 5127 ,
3679 5072 3781 5114 con'

2228 5169 2409 5217 secuta
2436 5160 2554 5216 est?
2594 5157 3036 5230 Quandoquidem
3075 5157 3190 5229 ipsa
3230 5156 3364 5214 ﬁdes
3405 5156 3638 5214 omnium
3677 5166 3782 5224 gen.

2229 5253 2359 5309 tium
2389 5252 2622 5308 nondum
2654 5251 2940 5322 adimpleta
2967 5258 3070 5308 est.

2300 5345 2389 5400 44.
2411 5343 2519 5399 Nisi
2540 5343 2673 5399 forte
2686 5343 2786 5398 hoc
2800 5341 3251 5399 restathominum
3273 5341 3516 5407 insanire,
3539 5349 3594 5398 ut
3613 5339 3778 5396 dicant.

2232 5453 2338 5493 non
2367 5451 2432 5492 ex
2461 5435 2566 5491 illis
2610 5434 2884 5502 Ecclesiis,
2907 5449 3028 5506 quae
3051 5434 3282 5490 fundatae
3297 5441 3423 5489 sunt
3440 5426 3780 5505 perApostolo-

2300 5574 2316 5604 ί
2336 5572 2576 5636 Fditi,_sed_
2591 5571 3108 5636 quamvisconcinnius
3117 5571 3430 5623 Floriacensis
3442 5576 3547 5630 Its.,
3560 5567 3640 5636 scd
3649 5572 3777 5636 tuta";

2293 5637 2314 5667 ι
2327 5615 2900 5706 ἡξιξῑζῶἆεᾘῖιξᾶξῖἀῖἶζ
2906 5615 3787 5706 ἷὰὶὶἑῌιὶςὲὰίζῇᾈιᾙᾷἆάἱιῖᾐίςιως

2230 5696 2377 5764 fuerit
2391 5735 2403 5754 ,
2430 5702 2541 5746 tunc
2562 5695 2652 5747 erit
2677 5695 2818 5761 ﬁnis;
2839 5695 2947 5762 quae
2971 5699 3117 5748 verba
3140 5699 3231 5749 hoc
3255 5695 3357 5750 loco
3374 5699 3551 5749 absunt
3571 5709 3597 5746 a
3615 5701 3707 5744 Mss.
3786 5695 3787 5720 ξ

2301 5761 2372 5823 (a)
2407 5758 2542 5822 Olim,
2567 5772 2671 5822 cap.
2701 5761 2773 5811 t5.
