3812 6128
106 178 209 240 428

88 939 163 1007 ὼ
180 939 477 1012 Scripturis
490 940 710 1011 sanctis,
733 950 788 998 et
801 940 1069 997 credimus
1091 959 1104 997 :

80 1397 436 1471 baptizandas
461 1415 581 1457 esse
623 1414 653 1455 a
684 1408 837 1473 parte
875 1400 1105 1468 Donati,
1138 1409 1297 1474 atque
1321 1402 1447 1459 inde
1471 1404 1681 1463 caeteris

78 1494 338 1565 gentibus
363 1537 379 1565 ,
434 1509 555 1567 qua:
609 1494 847 1551 nondum
905 1493 1226 1565 audierunt,
1280 1495 1680 1567 praedicandum

76 1586 455 1659 Evangelium.
486 1587 598 1644 Hoc
624 1587 779 1644 nobis
809 1587 985 1660 legant
1012 1606 1025 1641 :
1057 1587 1185 1659 quid
1212 1588 1526 1645 morantur?
1551 1590 1679 1662 quid

76 1678 540 1749 tergiversantur?
559 1678 684 1751 quid
714 1678 1010 1751 impediunt
1032 1679 1257 1736 salutem
1282 1682 1556 1752 gentium?
1576 1682 1681 1741 Le-

74 1778 205 1841 gant
228 1771 335 1827 hoc
355 1811 369 1836 ,
402 1779 596 1828 etcum
617 1771 732 1843 ipsa
746 1772 976 1830 lectione
996 1788 1163 1831 novos
1176 1775 1449 1846 apostolos
1464 1778 1678 1836 mittant

73 1866 142 1921 ad
160 1874 245 1922 tot
260 1874 449 1938 gentes
468 1865 875 1938 rebaptizandas
894 1877 948 1923 et
965 1867 1033 1923 ad
1049 1867 1292 1925 residuas
1309 1869 1674 1942 baptizandas.

141 1958 243 2014 45.
278 1955 388 2014 Sed
416 1957 575 2029 plane
601 1957 850 2027 videant,
880 1973 1003 2015 cum
1040 1958 1107 2015 ad
1137 1957 1486 2019 Colossenses
1506 1977 1674 2020 vene-

68 2051 183 2108 rint
205 2092 224 2119 ,
255 2051 526 2123 quomodo
552 2051 626 2108 ibi
652 2052 739 2109 vel
765 2054 947 2125 legant
970 2053 1055 2110 vel
1084 2052 1305 2111 audiant
1326 2055 1393 2112 ad
1422 2072 1517 2113 eos
1540 2057 1673 2130 Epi-

67 2142 273 2199 stolam
294 2142 495 2211 datam,
524 2142 615 2200 ubi
644 2143 723 2200 eis
748 2143 876 2201 dicit
899 2144 1223 2216 Apostolus:
1244 2145 1449 2202 Gratias
1474 2149 1673 2219 agimus

68 2236 185 2292 Deo
214 2235 366 2292 Patri
388 2235 597 2293 Domini
624 2239 785 2294 nostri
807 2237 937 2294 Iesu
959 2237 1167 2307 Christi,
1198 2257 1393 2313 semper
1418 2258 1511 2315 pro
1533 2241 1673 2299 vobis

68 2330 447 2402 deprecantes;
475 2330 737 2386 audientes
762 2330 917 2401 fidem
954 2339 1167 2387 vestram
1195 2333 1248 2387 in
1274 2330 1475 2389 Christo
1506 2332 1633 2390 Iesu
1651 2376 1669 2399 .

66 2434 115 2479 et
147 2423 474 2479 dilectionem
498 2440 653 2497 quam
680 2423 872 2480 habetis
898 2426 951 2480 in
989 2442 1161 2482 omnes
1198 2435 1398 2483 sanctos
1417 2468 1432 2494 ,
1465 2438 1673 2500 prapter

66 2532 217 2587 spem
236 2533 353 2588 qua:
372 2516 592 2589 reposita
616 2525 688 2573 est
710 2516 845 2572 vobis
871 2518 924 2572 in
945 2516 1083 2573 cretis
1104 2533 1125 2584 ;
1145 2535 1296 2591 quam
1316 2528 1434 2575 ante
1457 2520 1672 2577 audistis

65 2608 120 2663 in
150 2608 303 2663 verba
326 2610 550 2665 veritatis
580 2608 875 2682 Evangelii,
903 2610 1042 2684 quod
1081 2613 1302 2683 pervenit
1326 2613 1380 2668 in
1407 2628 1515 2684 vos,
1542 2615 1674 2671 sicut

64 2699 123 2753 in
164 2699 308 2755 omni
331 2700 520 2755 mundo
545 2709 615 2757 est
645 2701 961 2773 fructiﬁcans
999 2712 1050 2756 et
1086 2719 1346 2773 crescens,
1376 2705 1509 2761 sicut
1542 2716 1591 2761 et
1615 2708 1671 2764 in

64 2792 213 2849 vobis
236 2810 302 2848 ea:
340 2810 443 2866 qua
470 2794 552 2850 die
585 2794 799 2851 audistis
836 2803 884 2850 et
911 2795 1213 2867 cognovistis
1238 2797 1455 2868 gratiam
1486 2796 1585 2853 Dei
1616 2800 1668 2855 in

63 2886 284 2940 veritate
311 2884 531 2959 (Cotoss.
559 2902 597 2954 ι,
639 2885 796 2958 3-6).
820 2885 948 2944 Haec
975 2887 1119 2943 enim
1152 2887 1316 2944 verba
1343 2890 1671 2949 conveniunt

64 2991 197 3033 cum
243 2976 569 3049 Evangelio,
600 2977 692 3034 ubi
736 2977 938 3035 dictum
976 2988 1080 3049 est,
1126 2980 1310 3037 Simile
1346 2992 1421 3038 est
1457 2999 1671 3056 regnum

65 3069 317 3125 caelorum
341 3068 534 3125 homini
574 3071 846 3127 seminanti
884 3071 1069 3128 bonum
1107 3089 1276 3130 semen
1316 3075 1372 3131 in
1400 3092 1525 3149 agro
1552 3094 1666 3135 suo.

64 3160 141 3217 Et
162 3169 349 3234 postea
368 3162 653 3235 exponitur
674 3179 802 3237 ager
819 3179 940 3222 esse
965 3164 1055 3221 hic
1078 3166 1331 3225 mundus.
1354 3167 1505 3226 Sicut
1524 3170 1669 3228 enim

63 3253 198 3322 hoc,
225 3270 298 3310 ex
343 3269 449 3327 quo
476 3256 798 3313 seminatum
827 3266 911 3315 est
931 3299 946 3326 ,
973 3272 1218 3317 crescere
1247 3260 1561 3332 prredictum
1586 3273 1671 3321 est

64 3361 245 3418 usque
273 3345 342 3403 ad
370 3360 603 3404 messem
644 3365 659 3404 :
697 3348 771 3404 ita
812 3357 869 3406 et
897 3349 1188 3420 Apostolus
1228 3349 1397 3422 dicit,
1436 3353 1491 3409 in
1530 3355 1671 3411 omni

60 3438 267 3494 mundo
292 3438 609 3511 fructiﬁcans
636 3449 683 3496 et
711 3456 961 3511 crescens,
990 3443 1121 3499 sicut
1148 3452 1195 3499 et
1232 3444 1286 3499 in
1315 3444 1453 3501 vobis
1481 3462 1545 3501 ea:
1566 3462 1670 3519 qua

61 3532 155 3586 die
175 3530 412 3586 audistis.
438 3532 645 3589 Crescit
667 3543 848 3591 autem
872 3550 1043 3607 usque
1069 3536 1123 3592 in
1146 3535 1332 3607 finem,
1354 3539 1477 3610 quia
1497 3556 1669 3613 usque

61 3624 137 3680 ad
171 3638 424 3680 messem.
453 3622 639 3681 Messis
673 3626 817 3683 enim
852 3636 927 3684 est
952 3629 1072 3699 ﬁnis
1096 3631 1270 3687 διεσαιί
1297 3631 1519 3705 (Matth.
1550 3651 1664 3705 xm,

59 3713 163 3783 24,
189 3714 285 3783 50,
312 3714 402 3785 38,
432 3715 557 3790 59).
593 3717 786 3775 Dicent
809 3734 938 3792 ergo
964 3735 1070 3777 non
1096 3721 1271 3778 solum
1296 3723 1661 3797 Colossenses,

61 3806 137 3863 ad
166 3821 302 3879 quos
327 3808 450 3865 data
474 3819 559 3866 est
580 3852 595 3879 ,
624 3810 719 3868 sed
744 3813 906 3869 etiam
944 3814 1124 3871 caeteri
1150 3832 1339 3876 omnes
1367 3820 1507 3891 apud
1532 3836 1668 3893 quos

62 3901 269 3972 legitur
296 3901 414 3959 haec
453 3902 734 3975 Epistola,
786 3905 875 3962 ubi
924 3922 1022 3979 per
1064 3909 1390 3980 apostolicas
1432 3911 1667 3971 Litteras

62 4003 283 4052 constat
308 3996 508 4053 bonum
552 4012 741 4055 semen
770 4014 892 4057 esse
935 4002 1256 4059 seminatum
1280 4045 1296 4072 ,
1324 4013 1379 4061 et
1397 4005 1511 4077 jam
1539 4014 1668 4065 tunc

61 4101 319 4144 crescere
357 4097 413 4145 et
440 4088 763 4147 fructificare
801 4091 1032 4162 coepisse
1066 4112 1079 4148 :
1111 4092 1251 4162 Quid
1280 4096 1438 4153 nobis
1462 4096 1668 4156 all'ertis

60 4179 233 4238 novi?
253 4178 518 4253 Numquid
535 4182 728 4239 iterum
746 4184 1120 4242 seminandum
1137 4196 1220 4244 est
1237 4188 1437 4246 bonum
1454 4204 1661 4261 semen,

60 4272 289 4346 quando
308 4288 374 4331 ex
400 4290 507 4347 quo
532 4276 851 4333 seminatum
878 4287 983 4348 est,
1013 4279 1210 4337 crescit
1233 4296 1404 4353 usque
1428 4283 1495 4339 ad
1524 4299 1668 4342 mes-

59 4365 223 4424 sem?
266 4364 322 4423 Si
349 4365 525 4423 dicitis
554 4368 781 4439 periisse
822 4370 878 4426 in
922 4370 1028 4427 illis
1072 4371 1206 4429 locis
1233 4373 1376 4445 quod
1424 4384 1542 4433 erat
1569 4392 1667 4448 per

61 4458 360 4529 Apostolos
398 4460 742 4532 seminatum,
773 4471 828 4518 et
847 4460 971 4519 ideo
1011 4478 1132 4521 esse
1168 4480 1359 4522 rursus
1386 4482 1457 4524 ex
1487 4467 1664 4526 Africa

61 4553 481 4623 seminandum;
523 4555 974 4627 respondebitur,
1020 4558 1205 4631 Legite
1248 4559 1403 4617 nobis
1454 4560 1555 4618 hoc
1597 4577 1665 4619 ex

62 4644 267 4701 divinis
294 4646 524 4703 oraculis
553 4663 568 4701 :
597 4646 742 4719 quod
775 4647 1016 4719 profecto
1048 4649 1229 4723 legere
1269 4665 1377 4707 non
1407 4653 1663 4723 potestis,

62 4738 172 4793 nisi
195 4738 343 4809 prius
366 4739 713 4797 ostenderitis
737 4740 929 4797 falsum
955 4756 1079 4800 esse
1103 4742 1245 4815 quod
1276 4744 1531 4816 scriptum
1557 4754 1662 4815 est,

61 4844 257 4886 semen
274 4830 378 4888 illic
390 4839 514 4889 ante
527 4833 845 4890 seminatum
860 4850 1082 4891 crescere
1095 4852 1252 4907 usque
1264 4834 1334 4891 ad
1349 4852 1577 4893 messem.
1596 4836 1669 4895 Et

63 4923 194 4995 quia
214 4922 361 4980 nullo
381 4933 537 4994 pacto
556 4924 659 4983 sibi
678 4925 859 4984 divina
878 4927 1087 4999 eloquia
1109 4927 1500 4997 contradicunt,
1519 4929 1666 4987 nullo

62 5014 232 5072 modo
244 5016 296 5072 in
313 5016 707 5087 eisinvenietis,
723 5020 867 5093 quod
882 5030 1068 5078 contra
1086 5021 1187 5079 hoc
1202 5030 1310 5079 tam
1324 5023 1667 5083 manifestum

64 5108 298 5166 recitare
321 5111 558 5181 possitis.
583 5111 771 5170 Restat
796 5129 925 5187 ergo
954 5125 1010 5171 ut
1038 5131 1145 5173 non
1178 5130 1243 5172 ex
1268 5116 1462 5173 divinis
1491 5117 1662 5186 libris,

66 5202 166 5258 scd
177 5218 243 5260 ex
256 5204 405 5263 vobis
417 5206 519 5263 ista
531 5206 739 5265 dicatis.
758 5207 989 5267 Proinde
1005 5208 1313 5282 dignissime
1324 5211 1667 5284 respondebi-

68 5304 175 5362 tur,
201 5297 501 5357 Anatbema
527 5301 659 5357 sitis.
690 5299 899 5359 Tenent
923 5302 1068 5360 enim
1095 5303 1349 5361 Ecclesiae
1372 5306 1667 5377 apostolico

70 5388 259 5447 labore
278 5391 531 5459 fundatm,
563 5410 685 5450 cum
710 5406 906 5467 quanta
928 5412 1055 5453 cura
1075 5397 1177 5454 sibi
1206 5398 1519 5469 praedictum
1551 5400 1620 5456 sit
1649 5416 1664 5455 :

74 5480 140 5542 Si
164 5483 279 5555 quis
311 5485 448 5541 vobis
474 5488 887 5559 euangelizaverit
928 5498 1263 5563 praterquam
1301 5491 1437 5565 quod
1463 5492 1667 5565 accepi-

145 5638 808 5705 fabesgsidicantmuss.

141 5700 170 5741 ⁸
186 5706 239 5756 In
256 5700 385 5766 διες..
402 5703 497 5758 sibi
514 5700 767 5759 tradition.

311 5790 542 5858 Sacr.
582 5793 862 5860 Ληουεῖ.
906 5794 1001 5862 IX

996 192 1165 240 vesco
1200 179 1291 239 DE
1327 178 1629 240 UNITATE
1667 180 2024 246 ECCLESl/E
2060 181 2267 248 LIBER
2303 188 2513 250 UNUS.

104 308 223 352 rum
235 290 470 363 labores,
486 291 765 366 adimpleri
779 292 1210 367 prtedicationem
1231 296 1506 369 Evangelii
1521 297 1572 352 in
1592 312 1706 353 om.

103 386 263 449 nibus
277 386 545 460 gentibus,
560 385 655 443 sed
670 386 773 443 illis
801 386 1171 458 pereuntibus,
1201 402 1386 444 earum
1417 389 1707 460 reparatio-

100 494 225 537 nem
246 469 319 536 ξι
334 479 515 537 Africa
556 480 785 537 futuram
808 495 905 552 per
922 490 1129 554 partem
1147 481 1359 549 Donati,
1387 490 1443 538 et
1474 481 1705 539 residua-

100 585 223 628 rum
244 571 483 643 gentium
498 572 927 644 acquisitioncm.
952 572 1087 628 Puto
1098 573 1239 644 quod
1261 574 1363 645 ipsi
1384 575 1544 630 etiam
1566 574 1703 673 ride-
1806 599 2123 673 Ierusalem,

95 673 211 736 ant,
228 680 353 723 cum
382 665 485 724 hoc
508 665 763 723 audiunt:
783 674 838 723 et
862 674 1040 723 tamen
1063 666 1165 723 nisi
1195 666 1299 723 hoc
1326 667 1527 736 dicant,
1556 668 1699 738 quod

94 756 479 816 erubescuntsi
494 757 677 814 dicant
690 758 732 825 ¹,
746 772 854 814 non
872 756 1075 814 habent
1087 758 1307 815 omnino
1327 759 1469 830 quod
1493 759 1693 817 dicant.

89 847 202 906 Sed
223 848 353 921 quid
372 848 440 905 ad
464 863 563 905 nos
579 847 828 905 lNemini
854 847 1180 905 invidemus.
1210 849 1323 905 Hoc
1342 850 1497 906 nobis
1517 851 1697 923 legant

3297 203 3408 264 ηδ

1815 324 1926 393 stis,
1957 327 2227 383 anathema
2248 329 2314 385 sit
2343 329 2554 402 (Galat.
2583 344 2619 399 t,
2656 329 2747 404 9‘).

1883 419 2106 478 CAPUT
2127 422 2291 480 XVIII
2315 425 2411 500 (a).
2430 457 2502 468 —
2514 426 2603 484 46.
2622 425 2887 497 Quoniam
2912 431 3072 504 igitur
3091 436 3145 492 in
3163 435 3401 510 Scriptu-

1810 511 1884 600 ris
1901 514 2098 570 sanctis
2110 515 2348 574 Ecclesia
2365 520 2642 580 manifeste
2660 523 3019 596 cognoscitur,
3044 528 3304 600 incipiens
3332 534 3400 589 ab

2146 616 2202 662 et
2222 623 2320 679 per
2343 610 2478 667 alias
2504 620 2691 684 gentes
2715 628 2988 687 crescens,
3014 618 3188 678 donec
3208 638 3399 682 omnes

1805 705 2030 767 occupet
2069 713 2237 771 usque
2267 700 2321 756 in
2349 701 2507 758 finem
2538 704 2721 762 saeculi
2744 748 2760 773 ,
2789 722 2898 765 non
2928 720 3106 768 autem
3137 714 3249 771 sola
3282 715 3397 774 fru-

1802 796 1981 843 menta
2006 829 2021 856 ,
2060 789 2156 846 sed
2201 801 2257 848 et
2298 805 2648 866 purgamenta
2692 797 2809 870 ejus
2852 817 3346 866 commemorantur
3383 830 3397 867 :

1797 877 1948 948 prius
1975 883 2204 939 correcti
2231 886 2622 945 communicate
2650 888 2932 949 frumentis
2955 935 2970 961 ,
3004 906 3059 952 et
3085 908 3214 956 tunc
3238 901 3392 959 vide-

1124 940 1247 1011 hoc,
1275 942 1519 1047 inquam,
1535 943 1691 1001 nobis
1796 940 1923 1027 imis
1950 974 2077 1044 quid

1884 971 1923 1027 is
1950 974 2077 1044 quid
2120 975 2178 1031 in
2216 976 2421 1035 zizania
2452 980 2507 1047 ⁸,
2536 980 2624 1037 vel
2665 983 2872 1054 paleam
2908 940 3088 1044 dicere
3127 989 3389 1049 debeatis.

86 1049 158 1089 ex
188 1048 397 1090 canone
424 1031 727 1089 divinorum
755 1031 1040 1089 Librorum
1068 1032 1286 1105 legant,
1315 1042 1394 1089 tot
1418 1034 1686 1106 civitates,
1795 1063 1883 1121 Ali

84 1138 211 1195 quas
239 1140 411 1196 usque
436 1123 501 1179 ad
527 1122 846 1181 hodiernum
873 1123 1013 1180 diem
1052 1124 1383 1193 Baptismum
1411 1141 1510 1198 per
1536 1128 1686 1199 Apo-

82 1215 257 1272 stolus
286 1216 389 1273 sibi
414 1216 785 1288 consignatum
814 1216 837 1248 ⁸
866 1223 1157 1272 tenuerunt
1184 1224 1405 1288 pr0pter
1434 1217 1685 1275 Afrorum
1791 1260 1917 1303 rore
1943 1262 2008 1305 co

81 1307 188 1365 sibi
212 1308 483 1381 incognita
509 1309 734 1365 crimina
759 1308 982 1380 periisse
1008 1323 1038 1364 a
1065 1308 1169 1365 fide
1189 1308 1410 1408 Christi,
1434 1321 1488 1367 ct
1505 1312 1684 1408 denuo
1790 1351 1912 1395 mus
1935 1381 1950 1408 ’

1885 1066 2047 1137 oq'uin
2092 1077 2149 1125 et
2189 1070 2363 1127 malos
2406 1073 2676 1131 bonorum
2722 1077 2970 1135 laudibus
2998 1097 3263 1142 exornare
3290 1130 3305 1155 ,
3337 1099 3392 1145 et

1792 1155 1966 1214 bonos
2003 1160 2266 1218 malorum
2310 1164 2626 1223 criminibus
2672 1183 2927 1228 accusare
2954 1173 3269 1234 detestando
3295 1195 3388 1237 er-

2009 1249 2217 1321 gimini.
2255 1252 2462 1326 Nempe
2491 1256 2543 1311 in
2579 1259 2827 1316 manibus
2851 1261 3172 1322 documenta
3202 1280 3383 1340 gesta-

2003 1341 2196 1412 quibus
2246 1345 2536 1415 probemus
2587 1351 2822 1422 majores
2862 1364 3073 1414 vestros
3097 1401 3113 1427 ,
3154 1376 3385 1433 quorum

1787 1429 2023 1487 schtsma
2050 1435 2371 1505 sectamini,
2413 1447 2469 1495 et
2507 1442 2921 1513 municipalibus
2964 1446 3144 1507 Gestis
3172 1429 3388 1512 sanctos

1786 1518 1980 1577 Libros
2003 1522 2217 1595 ignibus
2242 1527 2545 1601 tradidisse,
2570 1540 2626 1589 et
2651 1536 3027 1597 ecclesiasticis
3053 1558 3249 1616 negare
3275 1563 3386 1605 non

1787 1614 2026 1713 potuisse
2049 1657 2066 1684 ,
2092 1618 2420 1692 eosdemque
2466 1622 2610 1681 inter
2644 1625 2855 1697 judices
2898 1630 3063 1690 fuisse
3108 1614 3227 1694 illos
3251 1683 3267 1708 ,
3298 1644 3388 1713 qui

1786 1704 1928 1777 apud
1975 1707 2357 1783 Carthaginem
2409 1725 2598 1773 contra
2652 1719 2997 1780 Caicilianum
3048 1736 3103 1783 et
3153 1704 3388 1806 collegas

1784 1798 1904 1871 ejus
1941 1801 2195 1860 absentes
2236 1807 2536 1865 sententias
2578 1812 2941 1872 contulerunt.
2988 1818 3190 1893 Nempe
3221 1798 3384 1883 iidem

1783 1889 2038 1962 leguntur
2064 1892 2244 1952 Gestis
2270 1904 2326 1953 et
2350 1899 2766 1972 municipalibus
2794 1915 2850 1963 et
2878 1889 3255 1972 ecclesiasticis
3279 1927 3388 1975 tra-

1782 1980 1985 2077 ditores
2003 2026 2021 2055 ,
2047 1986 2140 2058 qui
2165 1996 2350 2058 postea
2378 1990 2728 2062 proferuntur
2751 2013 2782 2053 a
2805 1999 2962 2057 vobis
2995 2012 3243 2077 tanquam
3275 2019 3384 2068 tra-

1783 2072 2017 2133 ditorum
2046 2078 2350 2138 absentium
2381 2083 2745 2149 damnatores.
2789 2089 2996 2166 Nempe
3023 2072 3385 2161 Nundinarius

1780 2168 1926 2261 illius
1946 2174 2202 2245 temporis
2220 2175 2478 2236 diaconus
2495 2188 2694 2252 vester,
2714 2184 2856 2255 apud
2874 2186 3227 2261 Zenopbilum
3247 2210 3382 2253 con-

1780 2260 2014 2319 sularem
2029 2279 2221 2323 omnes
2233 2266 2454 2326 Lucillae
2468 2272 2733 2330 nundinas
2748 2260 3157 2354 patefecit,qu;e
3168 2284 3233 2340 da
3241 2302 3385 2344 mna-

1781 2356 1983 2414 tionem
2003 2360 2276 2418 Caaciliani
2291 2364 2423 2420 emit
2441 2365 2510 2423 ab
2527 2366 2813 2441 episcopis,
2837 2374 2925 2443 qui
2938 2374 2990 2431 ei
3009 2374 3179 2434 factus
3200 2378 3380 2439 fuerat

1778 2448 2046 2520 inimicus,
2070 2469 2259 2512 verum
2280 2456 2598 2527 praedicans.
2620 2460 2825 2534 Nempe
2843 2464 2946 2536 ipsi
2972 2479 3156 2539 postea
3177 2470 3383 2533 litteras

1776 2540 1845 2599 ad
1865 2542 2250 2637 imperatorem
2273 2547 2686 2609 Constantinum
2712 2553 3015 2629 dederunt,
3043 2560 3286 2637 datisque
3312 2567 3382 2624 ab

1778 2645 1865 2698 eo,
1880 2632 2019 2690 sicut
2038 2637 2357 2708 petiverant,
2371 2639 2819 2713 disceptatoribus
2839 2648 3107 2724 episcOpis
3123 2632 3233 2712 non
3253 2673 3384 2715 con-

1777 2736 2106 2798 senserunt,
2135 2730 2464 2805 eosdemque
2506 2738 2848 2807 postmodum
2889 2743 3034 2813 apud
3076 2745 3225 2804 illum
3254 2760 3380 2807 tan-

1776 2834 1939 2890 quam
1962 2820 2175 2894 iniquos
2193 2823 2404 2896 judices
2435 2841 2839 2901 accusaverunt,
2869 2842 2924 2891 et
2942 2836 3011 2893 ab
3038 2838 3158 2897 aliis
3184 2843 3287 2899 sibi
3310 2846 3380 2902 ad

1776 2912 2051 3009 Arelatum
2078 2914 2220 3009 datis
2246 2917 2316 2974 ad
2343 2918 2518 2991 ipsum
2547 2920 2930 2994 Imperatorem
2951 2931 3376 3009 appellaverunt,

1777 3004 2077 3078 eodemque
2122 3007 2265 3067 inter
2316 3020 2496 3082 partes
2537 3014 2787 3074 audiente
2823 3018 3237 3083 calumniatores
3289 3004 3373 3085 in;

1775 3099 1922 3155 venti
1965 3107 2128 3172 atque
2172 3101 2451 3174 damnati,
2501 3106 2555 3162 in
2602 3107 2791 3166 eadem
2840 3110 3038 3173 furoris
3084 3120 3378 3188 pertinacia

1777 3202 2210 3261 permanserunt.
2234 3193 2440 3266 Nempe
2467 3213 2565 3255 vos
2592 3200 2733 3271 ipsi,
2760 3204 2851 3275 qui
2877 3217 3159 3279 propterea
3198 3212 3378 3273 dicitis

1776 3283 2126 3341 cliristianam
2162 3289 2499 3346 sanctitatem
2545 3290 2613 3349 de
2658 3302 2739 3350 tot
2779 3298 3030 3367 gentibus
3052 3341 3069 3368 ,
3100 3301 3156 3358 in
3180 3304 3375 3375 quibus

1776 3374 2022 3447 Apostoli
2041 3392 2159 3434 eam
2180 3377 2606 3438 fundatissimam
2631 3385 2985 3460 reliquerunt,
3013 3374 3225 3463 penitus
3252 3412 3375 3457 esse

1779 3466 2037 3533 deletam.
2056 3469 2181 3541 quia
2208 3473 2739 3534 communicaverunt
2760 3478 2841 3536 eis
2857 3520 2873 3547 ,
2899 3496 3034 3552 quos
3066 3487 3225 3544 vestri
3253 3505 3373 3547 ma-

1771 3558 1921 3631 jores
1949 3562 2283 3633 septuaginta
2310 3564 2683 3637 episcoporum
2710 3570 2941 3630 concilio
2965 3572 3369 3651 Carthaginensi

1775 3651 2199 3722 damnaverant;
2227 3670 2408 3714 nonne
2448 3658 2590 3727 illis,
2623 3675 2759 3734 quos
2786 3668 3012 3723 trecenti
3053 3669 3238 3730 decem
3265 3674 3373 3734 Ba-

1774 3747 1980 3821 gaiensi
2026 3750 2256 3808 concilio
2298 3765 2421 3809 cum
2464 3752 2787 3813 Maximiano
2832 3758 3130 3822 damnastis
3149 3807 3166 3836 ,
3207 3770 3372 3829 modo

1775 3842 2219 3900 communicatis?
2260 3842 2453 3903 Nonne
2478 3844 2835 3908 Praetextatus
2859 3854 3207 3917 Assuritanus
3231 3872 3285 3919 et
3312 3864 3369 3921 in

1774 3931 1895 4004 ipso
1932 3933 2159 3991 concilio
2187 3933 2471 3995 damnatus
2498 3936 2695 4011 legitur
2717 3982 2735 4009 ,
2764 3950 2821 3999 et
2870 3943 3048 4004 Gestis
3074 3964 3372 4021 proconsu-

1775 4023 1977 4083 laribus
2005 4042 2037 4081 a
2059 4027 2213 4084 vobis
2234 4038 2516 4086 accusatus
2552 4040 2608 4088 et
2633 4046 3001 4109 oppugnatus;
3030 4051 3086 4099 et
3109 4050 3287 4103 tamen
3311 4050 3368 4106 in

1774 4130 1882 4187 quo
1919 4116 2204 4176 damnatus
2246 4130 2398 4189 erat,
2445 4121 2649 4180 honore
2690 4138 2998 4200 susceptus,
3029 4136 3163 4193 etin
3190 4148 3369 4197 vestra

1774 4211 2150 4269 communione
2173 4211 2455 4272 defunctus
2479 4217 2607 4273 est?
2634 4217 2826 4277 Nonne
2854 4223 3154 4286 Felicianus
3177 4230 3366 4290 Musti-

1773 4308 1934 4359 tanus
1956 4303 2148 4361 eodem
2175 4305 2338 4363 modo
2358 4348 2375 4378 ,
2408 4308 2463 4364 in
2491 4308 2679 4367 eadem
2706 4326 2889 4382 causa,
2921 4317 3114 4376 eodem
3138 4324 3368 4383 concilio

1775 4392 2057 4461 damnatus
2077 4395 2146 4453 ab
2165 4397 2455 4489 episcopis,
2479 4411 2763 4461 accusatus
2781 4408 2921 4478 apud
2935 4408 3163 4483 judices,
3179 4424 3366 4489 postea

1775 4494 2026 4559 receptus
2066 4504 2099 4545 a
2139 4488 2299 4546 vobis
2319 4532 2335 4559 ,
2374 4507 2518 4549 nunc
2552 4493 2831 4554 vobiscum
2873 4500 3155 4577 episcopus
3184 4488 3372 4569 vivit?

1774 4576 1963 4636 Nomia
1991 4580 2105 4649 illi,
2136 4580 2229 4653 qui
2251 4581 2321 4638 ab
2363 4583 2481 4642 istis
2522 4585 2789 4647 damnatis
2816 4591 3070 4665 baptizati
3112 4608 3278 4668 sunt,
3312 4602 3367 4660 in

1775 4672 1965 4731 eodem
1987 4674 2260 4746 Baptismo
2278 4678 2431 4735 vobis
2453 4681 2615 4739 modo
2637 4688 3068 4747 communicant?
3092 4692 3202 4751 Sed
3221 4698 3369 4757 vide-

1775 4767 1900 4824 licet
1926 4776 2005 4825 tot
2028 4768 2288 4828 Ecclesia:
2314 4776 2688 4834 transmarinae
2711 4782 3007 4850 apostolico
3032 4785 3217 4847 labore
3243 4791 3368 4849 fun-

1774 4858 1935 4927 datas,
1962 4860 2009 4917 si
2034 4863 2547 4924 communicaverint
2597 4867 2945 4931 Sacramenta
2965 4891 3088 4935 cum
3113 4880 3211 4951 eis,
3231 4900 3370 4957 quos

1776 4967 1879 5009 nec
1901 4952 2044 5025 apud
2085 4970 2146 5012 se
2171 4958 2192 4989 ³
2227 4968 2505 5018 accusatos
2534 4961 2635 5033 ipsi
2680 4964 3035 5040 damnarunt,
3066 4982 3122 5032 et
3151 4977 3220 5036 ab
3246 4952 3368 5040 aliis

1778 5054 1964 5117 postea
2032 5057 2286 5121 purgatos
2326 5059 2383 5107 et
2451 5052 2724 5113 absolutos
2768 5059 3088 5135 audierunt,
3118 5070 3371 5133 amittunt

1775 5135 2003 5193 salutem
2032 5139 2457 5213 religionemque
2479 5143 2825 5206 cltristianam
2858 5170 2873 5207 :
2907 5170 3031 5226 pars
3058 5170 3236 5219 autem
3263 5165 3372 5223 Do-

1776 5232 1887 5287 nati
1916 5240 1971 5287 et
2006 5231 2223 5290 damnat
2249 5249 2384 5306 quos
2413 5237 2639 5295 voluerit
2664 5284 2678 5310 ,
2709 5252 2763 5300 et
2791 5244 2841 5301 in
2883 5246 2999 5320 ipsa
3025 5252 3371 5316 damnatione

1776 5324 2056 5398 sacrilegia
2099 5325 2404 5385 schismatis
2447 5344 2635 5387 eorum
2683 5336 2761 5392 sic
2801 5353 3120 5415 exaggerat,
3169 5358 3226 5404 ut
3265 5350 3373 5408 illis

1779 5528 2037 5643 (insigni,
2081 5528 2200 5594 quid
2236 5528 2289 5583 in
2322 5530 2392 5583 eis
2694 5541 2854 5607 Abest,
2890 5546 2975 5609 eis,
3024 5559 3053 5601 a
3084 5546 3379 5616 Floriacensl

1842 5655 1867 5726 ξ
1898 5652 2029 5726 idem
2050 5659 2133 5703 Its.
2158 5657 2353 5726 omittit,
2378 5660 2511 5726 apud
2525 5673 2594 5716 se.

1848 5714 1923 5785 (α)
1945 5714 2086 5785 Olim,
2110 5729 2215 5785 cap.
2242 5719 2323 5772 16.

2539 5810 2954 5903 (Quamne)
