3812 6144
491 201 597 259 427

491 356 627 414 quos
655 337 804 398 vivos
833 347 974 395 terra
1002 335 1242 403 sorbuit,
1273 345 1586 404 comparare
1613 347 1718 388 non
1748 331 2000 398 dubitet,
2029 341 2084 388 et

490 436 571 492 eis
592 446 779 489 rursus
803 445 924 488 cum
954 429 1182 486 voluerit
1206 471 1220 496 ,
1254 427 1306 482 in
1349 425 1539 482 eodem
1583 426 1788 481 honore
1817 425 2084 496 susceptis

496 525 880 589 communicat,
909 533 964 578 et
985 531 1169 580 sancta
1212 529 1373 591 atque
1415 522 1617 591 integra
1665 521 2003 591 perseveratl
2036 517 2081 574 Ο

489 621 671 692 regula
709 618 847 690 juris
888 614 1192 672 Numidici!
1223 629 1255 669 0
1295 613 1568 684 privilegia
1607 613 1896 684 Vagaitana
1928 612 1983 666 ιε
2015 612 2082 667 Et

492 713 800 782 Baptistnus
822 709 1018 767 Christi
1044 707 1355 764 cxsul’ﬂatur
1380 708 1435 761 in
1462 708 1541 762 eis
1561 707 1651 778 qui
1677 723 1797 761 eum
1819 707 1869 760 in
1894 705 2080 761 Eccle-

485 807 582 862 siis
610 804 918 874 apostolicis
963 807 1316 873 perceperunt
1357 817 1370 852 :
1415 798 1470 853 in
1498 799 1576 854 eis
1607 807 1782 852 autem
1812 811 1946 868 quos
1980 796 2077 851 da-

489 898 650 953 mnati
674 895 910 967 sacrilegi
929 936 942 960 ,
971 895 1111 950 sicut
1137 894 1188 948 in
1234 891 1524 963 Bagaitano
1563 891 1794 946 concilio
1821 891 2077 959 scriptum

483 999 568 1047 est
590 1032 605 1053 ,
639 989 993 1044 Prmtextatus
1019 995 1075 1042 et
1100 985 1401 1042 Felicianus
1430 983 1836 1056 baptizaverunt
1856 1024 1872 1051 ,
1905 983 2079 1052 parci-

481 1093 572 1139 tur
591 1082 866 1152 Baptismo
887 1080 1116 1146 Christi;
1145 1095 1252 1134 non
1275 1079 1397 1149 quia
1425 1078 1728 1149 Baptismns
1753 1075 1950 1132 Christi
1973 1084 2074 1142 est,

481 1175 580 1234 sed
611 1175 733 1246 quia
761 1190 858 1244 per
884 1187 978 1229 eos
1013 1171 1169 1227 datus
1194 1179 1310 1236 est,
1339 1171 1428 1241 qui
1465 1185 1494 1224 a
1537 1170 1648 1225 suis
1675 1168 2078 1223 damnatoribus

485 1269 724 1340 episcopi
755 1270 776 1301 ³
801 1265 1075 1331 recedere,
1101 1272 1156 1321 et
1195 1263 1261 1319 ad
1304 1277 1431 1322 suos
1473 1262 1816 1318 damnatores
1841 1260 2077 1332 episcOpi

485 1362 667 1418 redire
693 1366 1002 1416 meruerunt
1029 1356 1128 1431 (α).

554 1457 644 1512 47.
684 1454 886 1523 Nempe
915 1452 1029 1506 hmc
1052 1449 1229 1506 omnia
1247 1489 1261 1513 ,
1288 1463 1407 1518 quae
1430 1447 1539 1518 jam
1566 1446 1657 1502 diu
1683 1459 2071 1512 commemoro,

478 1545 748 1619 regalibus
775 1543 981 1608 litteris,
1012 1550 1067 1597 et
1091 1539 1464 1596 ecclesiasticis
1489 1546 1544 1594 et
1582 1537 1994 1608 municipalibus
2021 1546 2077 1594 et

478 1634 951 1714 proconsularibus
994 1631 1171 1688 Gestis
1217 1630 1354 1685 facta
1405 1629 1695 1684 recitamus
1737 1647 1751 1682 :
1797 1636 2012 1695 tamen,
2041 1644 2074 1683 ο

479 1730 792 1793 Donatistae,
823 1726 869 1780 si
898 1739 994 1780 vos
1021 1723 1276 1779 teneretis
1302 1721 1596 1777 Ecclesiam
1627 1727 1738 1776 toto
1765 1720 1897 1775 orbe
1919 1718 2075 1776 αισα-

478 1837 595 1879 sam
617 1864 632 1887 ,
663 1835 782 1891 qua:
807 1816 1251 1874 manifestissimis
1277 1813 1652 1870 canonicarum
1679 1813 2072 1884 Scripturarum

476 1911 799 1970 testimoniis
839 1909 1113 1980 designata
1139 1915 1196 1963 et
1219 1919 1474 1976 expressa
1502 1913 1585 1961 est
1607 1946 1622 1971 ,
1653 1902 1788 1960 nihil
1817 1904 2073 1960 adversus

475 2022 578 2063 vos
600 2004 778 2061 omnia
817 2003 916 2057 ista
955 2001 1135 2056 valere
1178 2000 1440 2056 deberent
1484 2017 1497 2052 :
1548 2000 1672 2069 quia
1719 2012 1892 2068 neque
1922 1995 2073 2053 vobis

473 2099 646 2169 paleae
675 2095 899 2152 crimina
947 2092 1386 2164 praeiudicarent,
1419 2091 1463 2145 si
1505 2105 1601 2144 vos
1645 2090 1699 2144 in
1743 2104 1806 2146 ea
1836 2089 2070 2144 triticum

481 2189 703 2252 essetis;
736 2202 836 2243 nec
861 2187 908 2242 si
931 2200 1027 2242 vos
1055 2184 1247 2240 essetis
1274 2183 1444 2252 palea,
1478 2190 1534 2236 et
1560 2190 1734 2236 vestra
1759 2189 1941 2236 essent
1963 2181 2072 2236 cri-

476 2283 644 2347 mina,
671 2280 846 2336 tritico
870 2277 1154 2334 dominica:
1178 2275 1374 2345 segetis
1402 2273 1601 2344 aliquid
1629 2273 2068 2344 praeiudicaretis,

474 2371 619 2444 quod
645 2373 715 2428 ita
746 2371 801 2426 in
827 2385 956 2440 agro
997 2367 1209 2426 Domini
1251 2365 1573 2422 semiustum
1617 2375 1735 2432 est,
1769 2373 1824 2420 ut
1864 2374 2072 2420 crescat

477 2481 650 2537 usque
674 2465 740 2521 ad
769 2477 1034 2528 messem;
1061 2461 1114 2517 id
1141 2470 1244 2528 est,
1271 2459 1415 2530 quod
1440 2459 1512 2514 ita
1541 2459 1596 2514 in
1623 2459 1826 2515 mundo
1842 2459 2071 2516 semina-

475 2569 592 2614 tum
619 2564 721 2622 est,
755 2565 812 2612 ut
841 2562 1052 2610 crescat
1095 2568 1267 2623 usque
1310 2553 1364 2607 in
1407 2551 1572 2607 linem
1599 2552 1800 2608 saculi.
1840 2553 2070 2625 Eoergo

474 2649 636 2708 modo
661 2648 706 2702 si
735 2647 891 2711 forte,
923 2642 1066 2716 quod
1089 2643 1268 2700 adhuc
1297 2643 1452 2699 nobis
1476 2657 1750 2713 nunquam
1778 2644 2066 2715 probastis,

475 2743 735 2798 adversus
764 2741 972 2810 paleam
999 2746 1237 2794 nostram
1265 2737 1390 2793 talia
1419 2737 1740 2796 documenta
1767 2738 2028 2809 gereretis
2047 2780 2064 2805 ,

474 2850 577 2891 nos
602 2845 778 2889 autem
820 2830 1082 2890 adversus
1117 2845 1218 2886 vos
1246 2838 1391 2885 tanta
1421 2829 1522 2884 ista
1545 2869 1561 2897 ,
1594 2845 1714 2900 quae
1743 2842 2068 2885 commemo-

473 2928 593 2988 ravi
617 2967 634 2995 ,
661 2941 768 2980 non
796 2923 1116 2981 haberemus
1145 2940 1160 2977 :
1192 2926 1352 2978 etiam
1393 2923 1472 2977 sic
1501 2921 1940 2978 nihill‘rumentis
1969 2937 2068 2978 no-

471 3019 602 3076 stris
625 3025 736 3072 toto
764 3015 896 3072 orbe
921 3013 1128 3070 diti‘usis
1167 3013 1390 3069 omnino
1414 3013 1789 3084 prtejudlcaret
1815 3013 2070 3084 quidquid

473 3112 532 3168 in
559 3125 744 3166 eorum
775 3109 1000 3179 paleam,
1030 3106 1275 3178 quamvis
1304 3106 1664 3174 verissimum,
1692 3107 1934 3177 quamvis
1956 3119 2070 3162 ms-

474 3201 885 3261 nifestissimum
915 3242 932 3268 ,
999 3198 1245 3272 quamvis
1301 3197 1733 3268 probatissimum
1798 3197 2065 3257 diceretis.

481 3293 717 3352 Proinde
741 3301 1118 3356 removeantur
1135 3306 1324 3347 omnes
1348 3291 1654 3347 moratorize
1678 3291 2068 3362 tergiversatio-

478 3401 600 3444 nes.
632 3383 901 3456 Quidquid
915 3383 987 3440 de
1004 3382 1238 3453 peccatis
1261 3382 1539 3438 hominum
1576 3381 1770 3437 falsum
1790 3381 2037 3453 obiicitur
2052 3426 2065 3450 ,

475 3482 828 3541 conveniatur
869 3479 1198 3536 conscientia
1218 3521 1233 3546 ,
1257 3487 1313 3534 et
1379 3493 1486 3534 non
1554 3477 1853 3549 obiiciatur.
1906 3477 2070 3546 Quid-

475 3575 604 3648 quid
646 3574 717 3631 de
759 3573 992 3644 peccatis
1038 3572 1317 3628 hominum
1364 3571 1526 3628 etiam
1574 3586 1760 3628 verum
1797 3572 2064 3641 obiicitur,

477 3679 534 3730 et
558 3669 642 3724 vel
671 3666 885 3738 probari
926 3679 1034 3722 non
1064 3674 1283 3737 potest,
1312 3665 1399 3720 vel
1438 3679 1563 3720 cum
1601 3664 1787 3721 debuit
1815 3664 2064 3735 probari,

473 3778 586 3820 non
613 3762 823 3832 potuit,
851 3775 959 3816 non
984 3758 1288 3830 obiiciatur.
1316 3758 1586 3830 Quidquid
1611 3759 1682 3816 de
1708 3761 1942 3832 peccatis
1968 3760 2068 3818 bo-

474 3857 681 3914 minum
711 3863 765 3911 et
790 3865 978 3910 verum
1019 3861 1078 3909 et
1117 3853 1402 3923 probatum
1443 3851 1694 3924 obiicitur
1715 3896 1730 3922 ,
1762 3867 1863 3910 nec
1891 3863 2066 3912 tamen

475 3950 546 4006 ad
575 3948 842 4005 frumenta
866 3961 985 4018 quae
1025 3945 1165 4004 inter
1192 3945 1402 4017 paleam
1443 3947 1651 4015 latent,
1681 3947 1778 4004 sed
1805 3947 1873 4004 ad
1898 3949 2066 4020 ipsam

471 4043 686 4114 paleam
708 4082 724 4107 ,
746 4055 868 4112 quae
892 4039 948 4096 in
977 4040 1082 4095 line
1105 4039 1443 4110 separabitur
1463 4081 1478 4106 ,
1505 4040 1774 4111 pertinet,
1803 4055 1908 4096 non
1935 4039 2070 4113 obii-

473 4135 666 4194 ciatur.
689 4133 818 4190 Haec
833 4131 977 4188 enim
995 4141 1053 4188 et
1071 4146 1170 4187 nos
1190 4131 1362 4188 multo
1379 4131 1650 4202 copiosius
1668 4139 1721 4188 et
1742 4132 2068 4203 probabilius

473 4227 708 4300 obiicere
733 4239 1018 4296 possumus
1039 4266 1057 4293 ,
1083 4239 1196 4280 non
1223 4239 1288 4281 ea
1332 4224 1590 4281 inanitate
1633 4240 1738 4297 qua
1781 4225 1900 4292 iiii,
1933 4226 2068 4282 utin

475 4321 558 4380 eis
577 4334 794 4376 causam
818 4328 1059 4376 uestram
1079 4316 1507 4376 constituamus:
1531 4317 1628 4374 sed
1669 4327 1729 4374 ut
1768 4318 1849 4374 eis
1891 4325 2070 4374 osten-

472 4414 663 4472 damus
691 4454 706 4479 ,
733 4427 843 4469 non
871 4413 995 4469 ideo
1033 4427 1137 4468 nos
1165 4413 1307 4470 nolle
1348 4413 1544 4471 talibus
1573 4412 1741 4470 ﬁdere
1762 4456 1777 4484 ,
1809 4415 1932 4485 quia
1961 4429 2067 4471 non

470 4508 777 4567 invenimus
803 4505 926 4569 talia
967 4520 1091 4577 quc
1117 4505 1361 4562 dicamus
1383 4547 1399 4572 ,
1432 4506 1526 4562 sed
1570 4521 1639 4563 ne
1665 4515 1878 4578 tempus
1909 4507 2068 4564 rebus

476 4598 800 4656 necessariis
828 4597 993 4664 utile,
1038 4598 1092 4652 in
1137 4598 1299 4654 rebus
1347 4613 1455 4654 non
1484 4601 1798 4656 necessariis
1826 4609 2069 4656 contem—

473 4708 615 4750 mus.
642 4691 794 4760 Quod
815 4699 1098 4763 propterea
1119 4691 1196 4747 illi
1221 4691 1440 4760 facient,
1461 4693 1586 4764 quia
1607 4693 1825 4749 robusta
1842 4701 1896 4749 et
1915 4693 2067 4750 firma

470 4787 698 4844 veritate
743 4786 970 4844 subnixa
1013 4783 1370 4854 documenta,
1423 4785 1617 4858 quibus
1658 4799 1872 4841 musam
1917 4801 2067 4844 suam

475 4889 728 4936 tueantur
749 4921 764 4948 ,
797 4880 1036 4937 invenire
1063 4894 1171 4935 non
1196 4887 1453 4951 possunt;
1484 4886 1540 4935 et
1564 4879 1752 4935 volunt
1776 4877 1948 4936 videri
1971 4879 2070 4935 ali-

476 4971 604 5042 quid
631 4970 844 5038 dicere,
880 4971 1008 5027 dum
1037 4978 1218 5027 tacere
1253 4971 1612 5036 erubescunt,
1641 4978 1696 5026 et
1720 4971 1898 5026 inania
1925 4970 2069 5043 loqui

479 5077 590 5120 non
628 5061 972 5122 erubescunt.
1000 5063 1241 5122 Remotis
1281 5079 1409 5136 ergo
1454 5064 1702 5121 omnibus
1739 5065 1932 5122 talibus
1968 5066 2070 5122 Ec-

477 5154 696 5210 clesiam
729 5169 881 5211 suam
922 5155 1325 5226 demonstrent,
1353 5158 1398 5214 si
1443 5167 1702 5228 possunt,
1733 5173 1839 5214 non
1876 5159 1928 5214 in
1957 5174 2070 5216 ser-

474 5247 725 5304 monibus
753 5257 808 5306 et
828 5251 1132 5307 rumoribus
1161 5250 1436 5320 Afrorum,
1471 5267 1575 5307 non
1603 5251 1656 5308 in
1682 5252 1923 5309 conciliis
1953 5255 2068 5325 epi-

473 5357 763 5413 scoporum
789 5357 1028 5411 suorum,
1059 5360 1167 5400 non
1194 5345 1246 5400 in
1278 5345 1472 5400 litteris
1500 5345 1863 5416 quorumlibet
1887 5345 2070 5417 dispu-

473 5445 706 5494 latorum
732 5479 748 5506 ,
779 5452 882 5492 non
928 5437 980 5492 in
1011 5438 1176 5510 signis
1215 5448 1270 5495 et
1318 5437 1574 5511 prodigiis
1600 5437 1876 5498 fallacibus
1899 5483 1914 5508 ,
1946 5442 2069 5513 quia

538 5532 555 5562 ι
591 5537 698 5593 Pt‘o,
723 5525 1005 5593 Bagaitana.

535 5593 557 5664 ξ
590 5589 1312 5664 ξὶρΙιιωεξοι-ξιοιὶειοθηξίεειιε.
1328 5599 1396 5664 _At
1430 5599 1506 5642 Er.
1533 5599 1622 5664 .et.
1643 5599 1773 5654 t.o.v.,
1795 5592 2068 5664 Αερίεερρίδ.

536 5634 914 5716 (uineta—iiiis
926 5634 1311 5726 “sesesese:
1327 5634 1627 5708 maenaa
1645 5634 1773 5719 filii}
1793 5634 2070 5721 ἕτετίἕῖΞὶ

473 5711 562 5765 ω».
586 5714 620 5766 4
640 5722 808 5770 contra
824 5720 1150 5770 Crescomum.
1185 5729 1237 5767 ιι.
1261 5715 1341 5766 32.

550 5748 562 5764 ο
586 5748 620 5766 τ
640 5748 808 5770 wn-“
825 5748 1150 5780 νινσννωωι,
1186 5748 1237 5767 ιι.
1262 5748 1341 5766 νυ.

1141 5871 1183 5888 ιαμ

1562 197 1839 256 coms
1877 189 2302 253 nonartsras
2339 192 2694 267 EPISTOLA,
2908 166 2909 170 1
3704 213 3784 272 ης

2193 329 2353 386 etiam
2382 341 2569 387 contra
2608 332 2708 388 ista
2751 331 2918 391 verbo
2965 333 3176 402 Domini
3225 340 3510 414 praeparati
3550 354 3618 402 et
3666 349 3786 402 cauti

2189 421 2382 479 redditi
2404 439 2587 481 sumus
2613 443 2626 480 :
2657 425 2753 483 sed
2776 427 2830 482 in
2862 430 3175 502 praescripto
3198 428 3377 504 Legis,
3408 432 3461 492 in
3489 421 3791 509 Propheta;

2189 533 2308 574 rum
2330 519 2616 590 praedictis,
2641 519 2695 575 in
2717 520 3051 579 Psalmorum
3077 525 3339 594 cantibus,
3361 526 3414 584 in
3438 525 3617 601 ipsius
3643 521 3791 601 unius;

2190 608 2430 667 Pastoris
2457 613 2675 668 vocibus
2697 655 2711 678 ,
2745 613 2798 668 in
2825 612 3284 688 Evangelistarum
3316 619 3782 691 praedicationibus

2187 711 2244 758 et.
2262 702 2556 772 laboribus,
2576 703 2680 760 hoc
2701 714 2805 774 est,
2833 705 2884 766 in
2906 708 3155 766 omnibus
3175 711 3450 768 canonicis
3471 722 3791 769 sanctorum

2186 793 2467 851 Librorum
2494 797 2920 855 auctoritatibus.
2968 798 3078 856 Nec
3110 802 3180 857 ita
3201 843 3217 868 ,
3245 812 3303 858 ut
3345 819 3409 860 ea
3453 804 3721 876 colligant
3741 809 3791 862 eti

2185 900 2633 960 commemorent,
2663 908 2780 962 qua:
2810 891 3041 950 obscure
3068 893 3151 948 vel
3181 895 3430 969 ambigue
3449 897 3540 955 vel
3564 897 3791 970 ﬁgurate

2184 980 2326 1038 dicta
2353 993 2499 1052 sum,
2531 1000 2651 1055 quae
2681 985 2906 1056 quisque
2935 983 3075 1042 sicut
3103 987 3370 1058 voluerit,
3397 990 3780 1064 interpretetur

2185 1076 2480 1132 secundum
2509 1091 2728 1132 sensum
2773 1092 2949 1134 suum.
2997 1077 3145 1134 Talia
3189 1077 3334 1138 enim
3373 1091 3522 1139 recte
3562 1075 3791 1156 intelligi

3789 395 3791 424 1

3790 451 3791 466 1

3790 469 3791 494 1

3790 497 3791 514 1

3790 583 3791 622 1

2183 1171 2482 1242 exponique
2500 1185 2604 1225 non
2629 1178 2870 1241 possunt,
2890 1171 2991 1228 nisi
3017 1172 3166 1244 prius
3193 1189 3276 1240 ea,
3299 1191 3418 1248 quae
3439 1178 3791 1250 apertissimei

2181 1259 2321 1318 dicta
2347 1271 2492 1330 sunt,
2524 1261 2677 1317 ﬁrma
2704 1261 2808 1318 (ide
2840 1272 3144 1320 teneantur.

2251 1355 2341 1412 48.
2365 1355 2615 1428 Quisquis
2635 1372 2761 1428 ergo
2778 1354 2902 1412 huic
2924 1355 3179 1428 Epismlze
3203 1360 3533 1432 respondere
3559 1377 3625 1420 se
3651 1381 3791 1436 prae»

2183 1456 2358 1522 parat,
2392 1457 2517 1503 ante
2545 1445 2825 1516 denuntio,
2852 1464 2919 1504 ne
2946 1449 3077 1504 mihi
3116 1450 3259 1507 dicat
3287 1470 3300 1506 :
3332 1450 3409 1507 illi
3437 1453 3665 1512 codices
3689 1455 3778 1512 do-

2181 1540 2409 1596 minicos
2438 1539 2647 1612 ignibus
2688 1538 3056 1608 tradiderunt,
3093 1540 3164 1596 illi
3209 1542 3510 1601 simulacris
3540 1547 3774 1618 gentium

2179 1631 2634 1700 sacriﬁcaverunt,
2662 1631 2733 1688 illi
2761 1630 2916 1686 nobis
2939 1629 3328 1704 iniquissimam
3349 1636 3776 1706 persecutionem

2180 1725 2452 1793 iecerunt;
2483 1731 2536 1782 et
2558 1741 2650 1780 vos
2679 1725 2758 1781 eis
2784 1726 2836 1780 in
2864 1725 3114 1782 omnibus
3137 1727 3505 1785 consensistis.
3537 1729 3777 1789 Breviter

2179 1819 2322 1874 enim
2351 1816 2675 1890 respondeo,
2717 1817 2859 1888 quod
2885 1833 3026 1890 saepe
3055 1819 3306 1890 respondi
3335 1838 3350 1875 :
3387 1821 3493 1876 Aut
3524 1821 3672 1880 falsa
3701 1823 3776 1879 dio

2179 1909 2327 1976 citis;
2352 1915 2443 1964 aut
2461 1908 2506 1963 si
2538 1924 2660 1965 vera
2689 1917 2850 1978 sunt,
2880 1925 2983 1964 non
3015 1908 3081 1965 ad
3120 1909 3388 1968 frumenta
3424 1912 3658 1982 Christi,
3691 1915 3775 1970 sed

2180 2001 2246 2058 ad
2275 2018 2462 2059 eorum
2494 2001 2702 2073 paleam
2735 2001 3001 2072 pertinent
3023 1999 3125 2058 ista
3151 2019 3271 2074 quae
3290 2003 3484 2061 dicitis.
3510 2005 3638 2062 Non
3663 2006 3775 2062 inde

2178 2095 2318 2168 perit
2348 2093 2608 2164 Ecclesia,
2636 2110 2754 2168 quae
2777 2094 2964 2149 ultimo
2983 2094 3186 2166 judicio
3205 2097 3459 2154 ventilata
3481 2099 3522 2166 ⁸,
3551 2099 3769 2156 istorum

2178 2187 2417 2243 omnium
2441 2187 2778 2258 separatione
2797 2187 3128 2260 purgabitur.
3156 2189 3266 2260 Ego
3287 2190 3456 2262 ipsam
3473 2189 3772 2248 Ecclesiam

2177 2278 2412 2350 requiro,
2439 2277 2527 2334 ubi
2558 2277 2646 2345 sit,
2665 2293 2784 2350 quae
2804 2279 3070 2335 audiendo
3089 2281 3248 2336 verba
3269 2279 3468 2338 Christi
3490 2291 3551 2338 et
3578 2282 3773 2341 facien-

2177 2368 2248 2426 do
2274 2369 2503 2426 aediﬁcat
2527 2385 2688 2442 super
2715 2380 2919 2442 petram
2945 2387 2962 2438 ;
2986 2380 3040 2426 et
3061 2371 3325 2428 audiendo
3346 2382 3402 2429 et
3425 2372 3681 2431 faciendo
3703 2386 3791 2433 to-I

2177 2463 2313 2520 lerat
2338 2477 2451 2532 eos,
2485 2465 2576 2535 qui
2613 2463 2878 2520 audiendo
2906 2473 2959 2521 et
2985 2481 3091 2522 non
3118 2464 3364 2522 faciendo
3389 2467 3668 2526 mdiiicant
3692 2486 3770 2526 su-

2176 2569 2273 2629 per
2297 2569 2514 2612 arenam
2538 2555 2750 2630 (Matth.
2774 2573 2866 2625 vn,
2889 2555 3106 2629 2&27):
3134 2558 3223 2615 ubi
3249 2559 3319 2614 sit
3346 2559 3612 2632 triticum,
3638 2563 3768 2634 quod

2175 2647 2321 2706 inter
2351 2649 2550 2705 aizania
2583 2651 2778 2706 crescit
2802 2665 2971 2720 usque
2997 2649 3067 2707 ad
3096 2667 3326 2708 messem
3355 2650 3464 2725 (Id.
3493 2671 3616 2723 xm,
3653 2655 3764 2728 30);

2175 2755 2284 2800 non
2330 2743 2456 2815 quid
2503 2741 2726 2800 fecerint
2766 2743 2849 2798 vel
2897 2743 3094 2800 faciant
3136 2744 3250 2816 ipsa
3294 2744 3494 2802 zizania
3525 2763 3543 2802 :
3578 2747 3675 2804 ubi
3710 2748 3767 2804 sit

2174 2838 2420 2910 proxima
2451 2835 2647 2892 Christi
2674 2837 2730 2891 in
2759 2835 2938 2892 medio
2967 2835 3198 2893 ﬁliarum
3226 2837 3507 2908 malarum,
3543 2839 3691 2896 sicut
3711 2840 3766 2896 li-

2175 2929 2303 2986 lium
2334 2931 2386 2985 in
2416 2927 2592 2985 medio
2617 2929 2890 3001 Spinarum
2917 2928 3096 3001 (Cant.
3129 2946 3188 2999 ιι,
3215 2928 3309 3004 2);
3339 2947 3444 2988 non
3474 2929 3612 3003 quid
3635 2932 3766 2990 fem-

2174 3020 2284 3078 rint
2308 3022 2394 3077 vel
2420 3020 2616 3077 iaciant
2643 3021 2771 3093 ipsae
2796 3022 2964 3093 spina:
2990 3038 3003 3074 :
3031 3020 3124 3076 ubi
3153 3021 3261 3079 sint
3287 3022 3460 3095 pisces
3483 3023 3658 3094 boni,
3689 3026 3767 3096 qui

2175 3111 2346 3170 donec
2365 3114 2432 3170 ad
2453 3114 2600 3169 littus
2624 3115 2955 3184 perveniant,
2985 3113 3214 3170 tolerant
3237 3115 3409 3187 pisces
3428 3115 3609 3174 malos
3636 3117 3768 3189 pari-

2174 3215 2258 3264 ter
2286 3205 2522 3262 irretitos
2552 3205 2766 3275 (Matth.
2795 3221 2912 3272 χιιι,
2943 3205 3035 3273 47,
3067 3205 3197 3282 48);
3241 3223 3348 3263 non
3375 3207 3501 3282 quid
3545 3207 3767 3266 fecerint

2173 3301 2260 3357 vel
2285 3299 2408 3371 quid
2433 3295 2630 3356 faciant
2657 3299 2754 3370 ipsi
2781 3298 2956 3369 pisces
2981 3299 3127 3354 mali.

2230 3391 2454 3450 CAPUT
2474 3389 2597 3452 XIX
2619 3389 2899 3464 (ai—49.
2931 3389 3156 3447 Omissis
3184 3407 3314 3464 ergo
3353 3391 3468 3449 istis
3495 3409 3763 3450 morarum

2175 3484 2454 3543 tendiculis
2468 3483 2715 3540 ostendat
2730 3483 3021 3542 Ecclesium
3036 3483 3119 3540 vel
3136 3484 3187 3540 in
3202 3485 3314 3541 sola
3331 3484 3529 3552 Africa,
3546 3488 3762 3559 perditis

2175 3584 2256 3634 tot
2278 3577 2524 3649 gentibus
2545 3617 2560 3643 ,
2590 3575 2923 3632 retinendam
2943 3618 2958 3641 ,
2992 3575 3074 3634 vel
3115 3592 3182 3632 cx
3226 3577 3405 3634 Africa
3435 3577 3491 3633 in
3518 3580 3762 3636 omnibus

2175 3670 2422 3743 gentibus
2443 3668 2794 3742 reparandam
2825 3677 2984 3742 atque
3023 3668 3416 3741 adimplendam
3443 3690 3458 3727 :
3489 3680 3544 3727 et
3575 3673 3658 3729 sic
3686 3688 3762 3730 ese

2175 3764 2376 3832 tendat,
2407 3772 2466 3819 ut
2490 3779 2595 3818 non
2622 3761 2797 3834 dicat,
2834 3759 3030 3819 Verum
3057 3774 3138 3820 est
3157 3806 3172 3833 ,
3204 3765 3327 3836 quia
3356 3764 3456 3822 hoc
3491 3781 3600 3838 ego
3631 3767 3758 3830 dico,

2174 3866 2269 3912 aut
2290 3857 2413 3928 quia
2442 3855 2544 3911 hoc
2572 3854 2705 3910 dixit
2733 3852 2825 3911 ille
2853 3854 3056 3928 collega
3096 3870 3280 3924 meus,
3318 3867 3411 3914 aut
3445 3855 3521 3914 illi
3549 3859 3762 3929 collega

2175 3950 2304 4018 mei,
2332 3959 2422 4004 aut
2452 3949 2528 4004 illi
2555 3945 2816 4020 episcopi,
2845 3948 2931 4004 vel
2955 3947 3167 4017 clerici,
3193 3949 3276 4006 vel
3305 3949 3425 4005 laici
3455 3952 3654 4019 nostri,
3683 3959 3762 4005 aut

2177 4043 2299 4100 ideo
2323 4058 2508 4098 verum
2539 4051 2640 4108 est,
2670 4041 2793 4116 quia
2823 4043 2911 4098 illa
2938 4049 2993 4098 et
3021 4044 3109 4098 illa
3145 4043 3405 4100 mirabilia
3429 4044 3554 4101 fecit
3590 4045 3759 4101 Dona-

2177 4144 2262 4192 tus
2281 4135 2366 4192 vel
2395 4135 2618 4191 Pontius
2643 4135 2743 4208 (ὁ),
2776 4135 2860 4191 vel
2883 4135 3106 4208 quilibet
3143 4136 3301 4204 alius,
3329 4145 3420 4192 aut
3439 4136 3566 4208 quia
3601 4138 3763 4195 homi-

2175 4244 2275 4286 nes
2317 4229 2384 4284 ad
2414 4227 2703 4284 memorias
2751 4239 3084 4286 mortuorum
3131 4241 3436 4286 nostrorum
3480 4242 3674 4301 orant,
3717 4241 3762 4288 et

2175 4321 2553 4388 exaudiuntur,
2599 4327 2691 4375 aut
2739 4322 2862 4392 quia
2911 4319 3001 4376 illa
3052 4330 3106 4377 et
3159 4321 3250 4377 illa
3300 4321 3370 4378 ibi
3411 4322 3758 4397 contingunt,

2176 4423 2270 4471 aut
2311 4413 2432 4485 quia
2486 4413 2576 4470 ille
2634 4412 2799 4469 i'rater
2847 4422 3064 4482 noster,
3094 4422 3188 4469 aut
3237 4414 3326 4469 illa
3375 4430 3528 4471 soror
3587 4425 3759 4474 nostra

2177 4509 2283 4564 tale
2325 4510 2497 4564 visum
2538 4505 2766 4579 vigilans
2809 4505 2969 4574 vidit,
3011 4507 3095 4564 vel
3133 4507 3240 4564 tale
3282 4509 3454 4564 visum
3491 4509 3758 4567 dormiens

2178 4599 2480 4656 somniavit.
2525 4599 2921 4656 Removeantur
2966 4601 3066 4656 ista
3119 4600 3203 4657 vel
3246 4600 3492 4675 ﬁgmenta
3526 4601 3791 4680 menda-l

2177 4695 2318 4750 cium
2341 4695 2636 4762 hominum,
2657 4693 2743 4749 vel
2771 4702 3013 4766 portenta
3035 4693 3302 4750 fallacium
3327 4694 3634 4767 spirituum.
3663 4695 3757 4750 Aut

2177 4783 2322 4844 enim
2348 4799 2455 4842 non
2480 4793 2604 4843 sunt
2621 4801 2743 4842 vera
2765 4801 2884 4858 qua:
2906 4785 3177 4856 dicuntur,
3200 4795 3291 4844 aut
3317 4787 3362 4846 si
3390 4785 3754 4844 haereticorum

2178 4877 2353 4950 aliqua
2379 4878 2513 4934 mira
2538 4875 2677 4934 facta
2708 4885 2852 4946 sunt,
2882 4878 3050 4951 magis
3075 4894 3266 4936 cavere
3292 4877 3550 4936 debemus
3576 4897 3590 4934 :
3625 4877 3754 4952 quod

2178 4987 2299 5030 cum
2324 4970 2546 5028 dixisset
2573 4971 2830 5027 Dominus
2855 4971 3115 5044 quosdam
3143 4973 3348 5029 futuros
3376 4985 3496 5029 esse
3523 4972 3753 5034 fallaces.

2178 5065 2270 5138 qui
2297 5063 2548 5120 nonnulla
2591 5064 2742 5136 signa
2783 5059 3026 5119 faciendo
3053 5106 3069 5133 ,
3098 5064 3257 5126 etiam
3301 5063 3536 5131 electos,
3577 5065 3625 5121 si
3653 5061 3753 5118 ﬁeri

2179 5169 2379 5232 posset,
2411 5159 2676 5226 fallerent,
2704 5156 2899 5230 adiecit
2928 5157 3274 5215 vehementer
3288 5158 3690 5222 commendans,
3709 5165 3752 5210 et

2179 5252 2273 5319 ait,
2295 5251 2426 5305 Ecce
2436 5250 2652 5322 μεθιεάίπί
2664 5249 2797 5304 vobis
2813 5247 2922 5324 (Id.
2939 5267 3081 5318 xxtv,
3095 5247 3208 5323 25).
3227 5249 3374 5307 Unde
3401 5260 3455 5306 et
3478 5249 3751 5321 Apostolus

2180 5343 2476 5400 admonens
2505 5357 2518 5395 :
2555 5342 2816 5413 Spiritus,
2851 5342 3050 5414 inquit,
3081 5343 3346 5414 manifeste
3372 5343 3530 5412 dicit,
3573 5345 3689 5417 quia
3709 5343 3751 5394 in

2180 5435 2463 5493 novissimis
2489 5434 2795 5507 temporibus
2818 5433 3048 5490 recedent
3075 5435 3282 5507 quidam
3301 5452 3333 5490 α
3352 5434 3475 5506 ﬁde,
3503 5434 3749 5492 intenden-

2246 5596 2268 5668 t
2301 5598 2484 5668 ριιξςβι
2618 5589 3000 5668 answers
3026 5605 3044 5644 -'
3067 5592 3318 5645 mendose-

2246 5655 2323 5781 in;
2356 5654 2479 5726 olim
2502 5655 2635 5705 nulla
2649 5654 2814 5728 isthic
2829 5655 3020 5706 divisio.

2274 5717 2300 5767 b
2343 5719 2686 5771 contertract.
2711 5718 2772 5771 l3
2798 5718 3296 5785 thoanuem,n.i7.
