3792 6128
24 231 116 291 s29
901 197 1068 288 me.
1105 228 1192 286 ne
1233 228 1532 287 unum
1569 225 1920 284 eccnesun
1961 226 2163 283 manu
2206 226 2403 285 unus.

31 359 88 404 te:
127 347 378 417 spiritibus
418 347 790 416 seductor-ibus,
836 357 883 402 et
931 347 1172 402 doctrinis
1233 345 1599 400 dwmoniorum

35 440 66 510 (l
82 438 201 493 Tim.
219 455 290 504 tv,
314 437 393 510 1).
415 436 590 495 Porro
624 439 670 495 si
699 441 888 511 aliquis
917 440 971 494 in
999 439 1374 494 haereticorum
1402 451 1604 492 memo-

31 535 105 589 riis
128 547 280 586 orans
302 532 617 598 exauditur,
643 549 746 588 non
776 549 870 604 pro
891 533 1082 588 merito
1104 532 1227 599 loci,
1257 531 1349 587 sed
1375 547 1469 603 pro
1492 545 1606 586 me-

29 627 116 682 rito
136 624 388 680 desiderii
420 627 502 681 sui
524 626 712 697 recipit
733 626 844 681 sive
871 625 1088 694 bonum,
1108 625 1218 679 sive
1236 624 1453 678 malum.
1481 622 1605 694 Spi-

27 719 131 772 ritus
171 716 313 772 enim
357 715 592 784 Domini,
617 718 753 772 sicut
782 719 1035 787 scriptum
1066 725 1168 782 est,
1195 715 1400 786 replevit
1438 713 1606 768 orbem

29 821 287 872 terrarum;
313 816 408 871 et,
446 795 608 864 Auris.
633 809 728 863 zeli
770 809 911 862 audit
949 824 1117 862 omnia
1148 805 1300 880 (Sap.
1336 821 1372 872 ι,
1401 806 1454 870 7,
1489 804 1602 876 i0).

29 899 81 953 Et
118 901 259 954 multi
307 901 458 956 irato
507 899 616 956 Deo
661 901 1017 956 exaudiuntur
1047 916 1060 952 :
1092 898 1158 954 de
1186 897 1430 969 qualibus
1476 897 1606 952 dicit

31 993 322 1061 Apostolus,
357 992 599 1048 Tradidit
639 993 755 1048 illos
786 991 925 1048 Deus
949 994 1004 1047 in
1029 991 1460 1063 concupiscentias
1488 1007 1603 1044 cor-

30 1086 92 1139 dis
118 1087 314 1139 illorum
345 1086 530 1158 (Rom.
553 1102 588 1152 ι,
621 1085 738 1156 24).
765 1086 831 1140 Ει
852 1085 1030 1140 multis
1052 1083 1310 1155 propitius
1331 1083 1472 1138 Deus
1500 1097 1605 1136 non

31 1178 186 1231 tribuit
214 1177 362 1247 quod
408 1177 619 1244 volunt,
651 1186 711 1232 ut
739 1177 880 1248 quod
912 1177 1040 1232 utile
1069 1184 1170 1241 est,
1203 1175 1418 1229 tribuat.
1449 1171 1604 1229 Unde

29 1269 144 1323 idem
170 1270 455 1339 apostolus
477 1271 550 1325 ait
571 1270 638 1325 de
658 1270 875 1324 stimulo
918 1269 1094 1323 carnis
1141 1282 1271 1333 sum,
1301 1265 1492 1338 angelo
1515 1277 1602 1320 sa-

30 1369 160 1425 tance,
191 1377 353 1432 quem
387 1361 493 1418 sibi
529 1362 710 1417 datum
757 1361 919 1430 dicit,
952 1375 981 1415 a
1026 1375 1131 1432 quo
1157 1359 1600 1430 colaphizaretur,

31 1467 84 1507 ne
114 1455 484 1548 magnitudine
522 1455 909 1512 revelationum
956 1455 1304 1510 extolleretur
1336 1473 1348 1508 :
1383 1454 1604 1525 Propter

31 1545 139 1614 quod
155 1543 225 1600 ter
241 1543 527 1602 Demittunt
545 1549 737 1619 rogavi,
758 1557 814 1601 ut
831 1551 1050 1620 auferret
1077 1563 1190 1601 eum
1209 1563 1238 1600 a
1255 1562 1352 1600 me.
1386 1543 1456 1600 Et
1477 1545 1602 1600 dixit

29 1637 131 1690 mihi
155 1655 172 1690 :
202 1637 412 1709 Suﬂicit
444 1639 532 1693 tibi
558 1641 725 1711 gratia
749 1656 859 1694 mea
884 1655 904 1702 ;
933 1654 1051 1694 nam
1093 1639 1250 1693 virtus
1291 1638 1345 1693 in
1387 1637 1603 1707 infirmi-

31 1738 108 1784 late
130 1730 390 1799 perﬁcitur
411 1730 480 1802 (ll
504 1730 622 1786 Cor.
648 1747 745 1798 xu,
775 1730 906 1800 7-9).
936 1729 1121 1785 Nonne
1146 1729 1373 1802 legimus
1396 1728 1462 1784 ab
1489 1729 1603 1799 ipso

33 1818 228 1874 Domino
255 1821 371 1874 Deo
405 1820 696 1876 nonnullos
717 1819 996 1876 exauditos
1017 1821 1070 1876 in
1094 1820 1318 1876 excelsis
1340 1819 1601 1874 montium

33 1909 215 1978 ledae-ae,
247 1928 373 1984 qua:
425 1922 604 1968 tamen
647 1913 856 1968 excelsa
888 1913 958 1968 ita
988 1911 1341 1984 displicebant
1382 1911 1513 1979 Deo,
1547 1921 1604 1967 ut

33 2013 76 2057 et
97 2020 238 2074 rcges
285 2006 378 2076 qui
429 2021 491 2060 ea
523 2021 629 2060 non
659 2015 984 2070 everterent,
1029 2005 1400 2076 culparentur;
1432 2013 1485 2060 ct
1513 2006 1603 2077 qui

33 2103 331 2164 everterent,
368 2097 761 2153 laudarentur?
793 2097 942 2154 Unde
970 2099 1280 2170 intelligitur
1304 2100 1473 2171 magis
1507 2113 1601 2154 va-

36 2185 122 2240 lere
149 2189 375 2255 petentis
404 2187 675 2256 ail‘ectum,
705 2204 861 2260 quam
903 2189 1170 2260 petitionis
1197 2190 1394 2246 locum.
1425 2190 1500 2247 De
1524 2192 1601 2246 vi-

35 2277 91 2332 sis
111 2287 277 2334 autem
308 2279 596 2337 fallacibus
631 2281 812 2353 legant
837 2299 955 2353 quze
989 2283 1183 2353 scripta
1223 2292 1368 2349 sunt,
1400 2293 1452 2339 et
1481 2285 1602 2355 quia

39 2369 128 2439 ipse
163 2382 375 2427 satanas
407 2375 750 2444 transﬁgurat
795 2389 854 2430 se
897 2384 1148 2444 tanquam
1193 2375 1438 2447 angelum
1470 2376 1602 2431 lucis

37 2459 143 2528 (Id.
187 2478 258 2531 xi,
290 2465 383 2534 ib)
405 2507 418 2530 ,
453 2473 510 2520 et
546 2465 670 2535 quia
701 2465 895 2520 multos
921 2465 1245 2521 seduxerunt
1276 2469 1480 2522 somnia
1507 2483 1601 2522 sua

39 2551 197 2622 (Eccii.
227 2571 417 2623 xxxiv,
446 2557 526 2629 7).
558 2557 790 2612 Audiant
816 2557 976 2614 etiam
1005 2575 1124 2630 qua:
1155 2569 1374 2615 narrent
1402 2560 1600 2632 Pagani

40 2644 92 2701 de
114 2651 317 2720 templis
341 2660 398 2706 et
425 2650 530 2706 diis
560 2651 672 2707 suis
698 2651 1012 2707 mirabiliter
1038 2653 1121 2708 vel
1167 2654 1300 2707 facta
1328 2654 1411 2709 vel
1439 2655 1550 2709 visa
1583 2672 1598 2712 :

42 2745 83 2790 et
107 2747 265 2794 tamen
291 2741 366 2794 dii
397 2740 636 2796 Gentium
661 2740 911 2796 damonia
929 2785 944 2810 ,
982 2741 1234 2797 Dominus
1259 2753 1425 2798 autem
1451 2747 1602 2801 caelos

43 2829 135 2897 fecit
155 2829 321 2901 (Psal.
350 2849 480 2902 xcv,
509 2832 586 2906 5).
619 2833 994 2889 Exaudiantur
1020 2849 1146 2906 ergo
1173 2835 1322 2890 multi
1344 2845 1396 2891 et
1423 2837 1602 2894 multis

46 2922 207 2990 modis,
234 2939 342 2981 non
373 2927 554 2982 solum
576 2926 862 2982 Christiani
887 2927 1155 2997 catholici,
1185 2929 1282 2986 sed
1304 2939 1356 2986 et
1383 2929 1600 3002 Pagani,

44 3021 87 3064 et
108 3012 280 3083 Judaei,
315 3025 373 3073 et
403 3017 664 3085 haeretici,
697 3019 856 3074 variis
877 3020 1151 3076 erroribus
1186 3031 1240 3077 et
1269 3024 1604 3092 superstitio-

48 3102 175 3160 nibus
198 3107 380 3164 dediti.
414 3109 789 3165 Exaudiantur
816 3120 992 3166 autem
1014 3113 1094 3167 vel
1123 3112 1190 3168 ab
1215 3114 1493 3184 spiritibus
1519 3131 1605 3172 se.

45 3196 354 3270 ductoribus;
384 3205 476 3276 qui
501 3211 679 3261 tamen
704 3204 834 3260 nihil
858 3205 1080 3272 faciunt,
1105 3207 1205 3262 nisi
1229 3210 1604 3278 permittuntur

51 3287 136 3345 Deo
158 3296 457 3353 sublimiter
477 3305 638 3368 atque
660 3296 999 3353 ineffabiliter
1018 3297 1036 3330 ί
1057 3298 1327 3368 judicante
1349 3299 1473 3370 quid
1499 3299 1604 3356 cui-

50 3397 131 3452 que
153 3389 488 3447 tribuendum
516 3392 584 3446 sit
610 3411 622 3446 :
650 3393 765 3448 sive
791 3391 858 3446 ah
883 3393 998 3463 ipso
1026 3393 1152 3458 Deo,
1177 3393 1262 3449 vel
1293 3393 1361 3449 ad
1390 3409 1600 3465 poenam

49 3477 230 3534 malitia:
251 3524 266 3549 ,
303 3483 389 3538 vel
416 3482 485 3538 ad
511 3484 758 3539 solatium
785 3485 1016 3541 miseriae
1034 3527 1049 3553 ,
1079 3487 1160 3541 vel
1185 3485 1250 3541 ad
1279 3485 1601 3544 admonitio-

49 3579 143 3623 nem
164 3575 466 3642 qutereudte
491 3577 678 3632 salutis
708 3586 942 3633 (elerum.
976 3578 1054 3633 Ad
1087 3580 1254 3650 ipsam
1283 3593 1412 3636 vero
1452 3580 1596 3635 salu-

45 3665 132 3715 tem
156 3679 213 3720 ac
237 3670 404 3724 vitam
431 3679 688 3726 aeternam
716 3687 874 3726 nemo
899 3673 1160 3742 pervenit,
1194 3673 1293 3728 nisi
1325 3675 1413 3744 qui
1444 3671 1602 3730 habet

48 3763 178 3825 caput
197 3759 489 3817 Christum.
521 3763 728 3820 Habere
758 3775 937 3820 autem
967 3774 1125 3835 caput
1152 3765 1418 3822 Christum
1444 3781 1602 3822 nemo

51 3852 232 3915 poterit,
260 3853 362 3910 nisi
399 3855 486 3925 qui
519 3855 570 3910 in
599 3855 714 3926 ejus
747 3871 973 3927 corpore
1002 3857 1192 3925 fuerit,
1221 3858 1360 3929 quod
1387 3869 1469 3914 est
1498 3859 1601 3915 Ec-

51 3938 354 4014 clesia,quam
369 3948 508 4002 sicut
524 3950 691 4019 ipsum
707 3961 863 4019 caput
877 3951 927 4004 in
945 3949 1228 4022 Scripturis
1243 3952 1437 4007 sanctis
1450 3966 1604 4008 cano-

52 4031 156 4088 uicis
169 4037 418 4095 debemus
436 4057 742 4112 agnoscere,
765 4059 868 4097 non
888 4044 938 4098 in
958 4045 1116 4100 variis
1133 4044 1403 4100 hominum
1416 4060 1602 4104 rumo-

52 4121 606 4201 ribus,ctopinionihus,
621 4147 670 4190 et
687 4133 917 4202 factis,et
930 4135 1161 4204 dictis,et
1174 4138 1298 4192 visis
1312 4138 1598 4210 inquirere.

105 4221 180 4275 50.
216 4225 380 4282 Nemo
414 4228 541 4282 mihi
581 4244 707 4299 ergo
740 4229 855 4284 hmc
883 4239 1145 4299 opponat,
1187 4232 1274 4300 qui
1324 4233 1452 4287 mihi
1503 4250 1597 4290 rc-

53 4315 280 4380 spondere
312 4330 534 4390 paratus
563 4331 646 4378 est
684 4338 696 4375 :
742 4323 866 4394 quia
896 4338 993 4378 nec
1029 4337 1128 4394 ego
1160 4323 1278 4378 dico
1305 4325 1423 4379 ideo
1468 4326 1598 4381 mihi

53 4414 145 4460 esse
167 4411 507 4484 credendum,
535 4416 964 4472 communionem
1003 4417 1190 4470 Donati
1219 4433 1324 4471 non
1355 4433 1472 4473 csse
1503 4419 1601 4475 Ec-

57 4493 234 4556 clesium
259 4503 494 4575 Christi,
527 4507 648 4578 quia
679 4507 893 4579 quidam
934 4510 1022 4579 qui
1057 4509 1195 4579 apud
1236 4524 1329 4564 eos
1359 4512 1596 4584 episcopi

31 4584 247 4674 .fuerunt,
268 4597 444 4654 divina
474 4600 827 4656 instrumenta
860 4601 1066 4670 ignibus
1089 4600 1392 4669 tradidisse,
1422 4603 1598 4660 Gcslis

56 4683 389 4746 ecclesiasticis
414 4700 467 4746 et
497 4691 905 4763 municipalibus
930 4701 981 4749 et
1008 4693 1345 4764 iudicialibus
1374 4696 1595 4750 convin-

56 4783 238 4860 cuntur;
283 4795 374 4839 aut
409 4785 530 4854 quia
581 4787 631 4839 in
673 4785 872 4856 judicio
907 4785 1296 4856 cpiscolzorum,
1346 4789 1489 4860 quod
1532 4789 1598 4846 ab

59 4859 338 4936 lmperatore
386 4877 713 4947 petiverant,
746 4892 959 4932 causam
1005 4893 1155 4932 suam
1196 4894 1302 4934 non
1347 4859 1594 4938 obtinue-

58 4966 184 5026 runt;
214 4973 299 5020 aut
334 4967 457 5038 quia
485 4978 842 5039 provocantes
869 4967 933 5023 ad
975 4969 1142 5038 ipsum
1171 4969 1551 5040 Imperatorem
1578 5016 1592 5040 ,

60 5052 186 5111 etiam
208 5061 268 5117 ab
294 5062 408 5134 ipso
433 5065 756 5120 contrariam
777 5062 876 5119 sibi
905 5065 1219 5119 sententiam
1251 5076 1593 5134 meruerunt;

61 5153 130 5199 θυι
152 5151 257 5220 quia
283 5156 412 5212 tales
445 5165 568 5212 sunt
592 5157 729 5227 apud
758 5169 852 5211 eos
872 5155 1368 5211 Circumcellionum
1393 5157 1590 5227 princi-

65 5248 163 5305 Pes;
183 5254 262 5299 aut
284 5250 400 5319 quia
423 5257 569 5304 tanta
592 5249 730 5304 mala
750 5249 1088 5305 committunt
1109 5249 1592 5318 Circumcelliones;

63 5335 133 5380 aut
154 5335 257 5402 quia
295 5348 417 5395 sunt
451 5337 590 5411 apud
621 5353 714 5396 eos
749 5341 836 5412 qui
875 5355 934 5398 se
963 5357 1058 5412 per
1091 5341 1314 5414 abrupta
1355 5343 1596 5414 przecipi-

67 5423 178 5507 ιξηι,
205 5429 279 5486 vel
315 5433 734 5490 concremandos
782 5434 992 5506 ignibus
1039 5432 1297 5504 inferant,
1331 5450 1464 5507 quos
1494 5435 1593 5505 ipsi

64 5505 237 5573 sibimet
259 5523 632 5590 accenderunt,
678 5534 768 5579 aut
803 5505 1207 5581 trucidationem
1235 5505 1385 5581 suam
1427 5525 1590 5582 etiam

67 5597 209 5664 invitis
232 5612 529 5674 hominibus
553 5617 800 5674 terrendo
827 5626 1194 5686 extorqueant,
1228 5626 1284 5675 et
1321 5626 1399 5676 tot
1425 5632 1589 5690 spon-

116 5743 141 5777 '
157 5747 286 5806 Abest
299 5767 329 5807 a
345 5755 633 5808 Floriaccnsi
653 5763 731 5808 Ms.
741 5793 757 5821 ,
779 5761 923 5820 atque
943 5751 1266 5820 inemtbiliter.

3190 232 3301 292 ιδο

1717 350 1899 398 tmeas
1923 351 1976 398 et
2004 343 2231 399 furiosus
2257 353 2476 411 mortes,
2504 351 2559 399 ut
2587 342 2832 402 colantur
2853 343 2921 404 ab
2957 345 3262 407 hominibus
3282 393 3298 420 ,

1711 445 1996 506 appetant;
2028 447 2118 492 aut
2148 437 2288 508 quod
2313 437 2377 493 ad
2404 452 2589 494 eorum
2617 440 2861 510 sepulcra
2886 441 3085 498 ebriosi
3104 459 3295 516 greges

1710 543 1963 600 vagorum
1995 539 2048 584 et
2079 545 2331 602 vagarum
2357 531 2619 602 permixta
2649 532 2884 605 nequitia
2913 533 3000 590 die
3031 544 3299 610 noctuque

1711 633 1770 676 se
1812 622 1932 676 vino
1974 621 2254 692 sepeliant,
2307 621 2624 694 ﬂagitiisque
2663 635 3026 696 corrumpant.
3078 625 3160 683 Sit
3198 627 3300 686 ista

1711 711 1887 766 omnis
1918 712 2068 766 turba
2098 711 2250 782 palea
2271 727 2493 779 eorum;
2527 729 2624 770 nec
2653 714 2936 772 frumentis
2964 719 3298 788 praejudicet,

1710 803 1756 859 si
1775 803 1874 874 ipsi
1901 803 2198 859 Ecclesiam
2224 812 2424 860 tenent.
2447 804 2551 862 Sed
2575 816 2748 862 utrum
2769 805 2871 878 ipsi
2894 807 3188 866 Ecclesium
3219 822 3294 868 tc-

1710 907 1893 966 neant,
1916 913 2024 952 non
2045 898 2150 953 nisi
2173 897 2242 954 de
2263 898 2562 954 divinarum
2593 899 2990 970 Scripturarum
3023 905 3296 960 canonicis

1709 991 1858 1048 libris
1875 991 2186 1048 ostendant:
2213 993 2334 1064 quia
2357 1007 2456 1049 nec
2476 1008 2576 1048 nos
2597 1003 2876 1065 propterea
2895 997 3122 1053 dicimus
3143 997 3298 1055 nobis

1709 1083 1855 1140 credi
1887 1093 2137 1155 Oportere
2167 1084 2313 1156 quod
2345 1085 2397 1140 in
2428 1085 2668 1141 Ecclesia
2696 1085 2896 1142 Christi
2936 1103 3140 1154 sumus,
3173 1091 3296 1162 quia

1709 1177 1876 1249 ipsam
1907 1192 2063 1247 quam
2085 1185 2350 1247 tenemus,
2373 1178 2767 1235 commendavit
2785 1178 3114 1238 Milevitanus
3134 1183 3296 1255 Opta-

1709 1270 1906 1336 tus,vel
1919 1269 2328 1326 Mediolanensis
2342 1271 2766 1336 Ambrosius,vel
2779 1273 2866 1328 alii
2882 1274 3298 1334 innumerabiles

1709 1373 1906 1418 nostra:
1919 1364 2307 1420 communionis
2321 1365 2576 1437 episcopi;
2591 1374 2683 1421 aut
2702 1368 2824 1437 quia
2851 1379 3154 1425 nostrorum
3188 1372 3300 1427 col-

1707 1453 1945 1526 legarum
1994 1457 2234 1512 conciliis
2283 1458 2393 1527 ipsa
2435 1459 2721 1528 praedicata
2759 1469 2875 1528 est;
2918 1471 3008 1517 aut
3046 1464 3167 1534 quia
3207 1480 3300 1536 per

1707 1553 1874 1602 totum
1902 1545 2084 1602 orbem
2116 1548 2168 1602 in
2199 1547 2330 1604 locis
2367 1549 2583 1616 sanctis,
2616 1566 2736 1622 qua:
2781 1551 3082 1624 frequentat
3120 1565 3297 1611 nostra

1706 1641 2033 1707 communio,
2064 1648 2205 1695 tanta
2235 1640 2500 1697 mirabilia
2532 1643 2616 1698 vel
2645 1644 3066 1716 exauditionum,
3094 1650 3177 1704 vel
3207 1666 3297 1705 sa-

1706 1730 1930 1786 nitatum
1977 1731 2130 1799 fiunt,
2163 1732 2235 1787 ita
2277 1742 2333 1788 ut
2375 1733 2590 1789 latentia
2631 1751 2729 1807 per
2765 1747 2840 1792 tot
2875 1754 3045 1795 annos
3073 1757 3299 1815 corpora

1710 1832 2003 1896 martyrum
2037 1822 2133 1899 (a),
2174 1824 2313 1896 quod
2351 1836 2575 1898 possunt
2615 1842 2645 1882 a
2685 1829 2866 1885 multis
2911 1833 3298 1908 interrogantes

1706 1914 1918 1982 audire,
1947 1916 2232 1971 Ambrosio
2258 1915 2453 1972 fuerint
2476 1919 2731 1988 revelata,
2759 1929 2813 1975 et
2839 1921 2906 1976 ad
2937 1923 3048 1993 ipsa
3075 1940 3298 1997 corpora

1707 2019 1882 2060 caecus
1907 2007 2197 2062 multorum
2224 2023 2482 2064 annorum
2513 2009 2711 2066 civitati
2731 2011 3113 2072 Mediolanensi
3141 2019 3298 2076 notis-

1705 2097 1876 2153 simus
1905 2099 2089 2154 oculos
2120 2098 2407 2170 lumenque
2432 2103 2733 2172 receperit;
2761 2113 2851 2159 aut
2886 2105 3009 2176 quia
3063 2108 3151 2164 ille
3205 2125 3294 2167 so-

1707 2191 1910 2246 mnium
1939 2191 2158 2259 vidit,et
2185 2191 2274 2247 ille
2303 2193 2353 2247 in
2384 2193 2573 2263 spiritu
2602 2207 2908 2267 assumptus
2935 2199 3150 2268 audivit,
3186 2203 3298 2260 sive

1706 2296 1775 2339 ue
1815 2285 1917 2339 iret
1961 2284 2014 2339 in
2055 2293 2260 2355 partem
2291 2285 2518 2355 Donati,
2558 2287 2671 2343 sive
2701 2296 2757 2343 ut
2791 2290 3065 2349 recederet
3093 2308 3123 2348 a
3150 2303 3300 2365 parte

1706 2376 1918 2433 Donati.
1942 2377 2297 2449 Qumcumque
2322 2377 2446 2432 talia
2474 2377 2527 2433 in
2549 2377 2817 2436 Catholica
2847 2382 2999 2450 fiunt,
3025 2384 3146 2441 ideo
3170 2398 3298 2444 sunt

1706 2468 2081 2539 approbanda,
2116 2469 2238 2538 quia
2274 2468 2327 2523 in
2364 2467 2639 2525 Catholica
2669 2470 2834 2540 fiunt;
2879 2489 2984 2529 non
3026 2474 3148 2531 ideo
3186 2477 3300 2550 ipsa

1705 2559 2076 2615 manifestatur
2094 2559 2387 2626 Catholica,
2415 2561 2537 2632 quia
2565 2562 2680 2618 haec
2705 2562 2757 2618 in
2786 2579 2848 2620 ea
2879 2565 3031 2622 fiunt.
3062 2566 3177 2638 Ipse
3197 2570 3302 2626 Do-

1706 2651 1883 2706 minus
1905 2651 2060 2707 Jesus
2089 2667 2208 2707 cum
2241 2655 2622 2710 resurrexisset
2651 2671 2680 2710 a
2707 2658 2952 2724 mortuis,
2983 2670 3037 2715 ct
3060 2661 3299 2733 discipu-

1707 2740 1881 2798 lorum
1910 2743 2077 2797 oculis
2105 2742 2412 2810 videndum,
2444 2745 2796 2817 manibusque
2826 2751 3146 2820 tangendum
3173 2769 3298 2810 cor-

1703 2848 1809 2906 pus
1841 2849 1996 2888 suum
2027 2833 2277 2901 offerret,
2317 2851 2387 2890 ne
2430 2835 2555 2908 quid
2601 2844 2776 2894 tamen
2823 2839 3050 2898 fallacia:
3089 2860 3148 2901 se
3189 2850 3298 2917 pati

1705 2926 2111 2994 arbitrarentur,
2141 2927 2309 2998 magis
2338 2943 2432 2984 eos
2455 2929 2775 2986 testimoniis
2801 2931 2958 3004 Legis
2984 2943 3038 2991 et
3058 2935 3297 3008 Prophe-

1705 3025 1881 3074 tarum
1929 3026 1983 3074 et
2031 3017 2363 3073 Psalmorum
2413 3021 2809 3079 conﬁrmandos
2859 3039 2978 3081 esse
3019 3025 3296 3100 judicavit,

1705 3110 1998 3166 ostendens
2027 3124 2089 3165 ea
2120 3109 2185 3165 de
2223 3125 2282 3165 se
2322 3111 2570 3182 impleta,
2603 3130 2722 3185 qua:
2752 3115 2960 3173 fuerant
3002 3130 3148 3178 tanto
3176 3135 3300 3184 ante

1706 3203 1981 3275 praedicta.
2025 3203 2114 3259 Sic
2147 3213 2201 3258 et
2229 3203 2527 3260 Ecclesium
2571 3222 2722 3262 suam
2769 3213 3168 3271 commendavit
3212 3217 3298 3274 di-

1705 3309 1832 3351 cens
1861 3313 1874 3348 :
1903 3293 2192 3349 Prtedicari
2217 3296 2270 3348 in
2297 3297 2498 3351 neruine
2521 3314 2613 3352 suo
2641 3300 2984 3368 paenitentiam
3003 3346 3017 3372 ,
3048 3315 3096 3359 et
3122 3310 3300 3363 remis-

1706 3391 1894 3445 sionem
1937 3398 2254 3460 peccatorum
2286 3405 2376 3458 per
2413 3405 2586 3444 omnes
2621 3402 2824 3462 gentes,
2856 3395 3209 3465 incipientibus
3233 3403 3297 3456 ab

1704 3481 2009 3538 Jerusalem.
2041 3479 2154 3537 Hoc
2179 3482 2233 3536 in
2257 3479 2421 3553 Lege,
2449 3491 2506 3538 et
2523 3483 2825 3555 Prophetis,
2857 3497 2909 3544 et
2933 3489 3156 3550 Psalmis
3175 3510 3297 3554 esse

1705 3574 1960 3644 scriptum
2003 3573 2117 3646 ipse
2153 3580 2379 3628 testatus
2422 3583 2507 3631 est
2551 3573 2700 3648 (Luc.
2727 3592 2873 3644 xxw,
2905 3580 3096 3654 ιιι-47)
3140 3603 3152 3638 :
3195 3585 3298 3644 hoc

1704 3665 1820 3738 ejus
1841 3677 1934 3721 ore
1959 3665 2390 3722 commendatum
2415 3675 2678 3725 tenemus.
2705 3671 2830 3727 Huic
2853 3683 2976 3728 sunt
3000 3690 3176 3733 causae
3195 3693 3296 3735 no-

1706 3767 1830 3815 strae
1858 3757 2176 3814 documenta
2201 3760 2240 3828 ⁸,
2270 3758 2386 3814 haec
2411 3759 2776 3832 fundamenta,
2806 3763 2920 3820 haec
2943 3767 3294 3828 firmamenta.

1777 3851 1864 3909 51.
1905 3851 2157 3923 Legimus
2202 3852 2254 3907 in
2300 3853 2520 3910 Actibus
2565 3855 2941 3925 Apostolorum
2985 3861 3185 3918 dictum
3229 3865 3298 3923 de

1704 3943 2020 4017 quibusdam
2061 3943 2439 4013 credentibus,
2473 3946 2614 4017 quod
2653 3949 2892 4018 quotidie
2933 3963 3298 4013 scrutarentur

1705 4037 2041 4110 Scripturas,
2075 4053 2142 4094 an
2178 4039 2292 4095 haec
2333 4040 2402 4094 ita
2446 4057 2505 4096 se
2544 4041 2801 4098 haberent
2829 4046 2964 4116 (Act.
2992 4065 3130 4118 xvu,
3164 4050 3293 4124 ﬂ):

1704 4147 1836 4204 quas
1863 4131 2044 4202 utique
2073 4130 2376 4202 Scripturas
2396 4174 2408 4198 ,
2434 4133 2536 4187 nisi
2573 4137 2859 4192 canonicas
2886 4139 3039 4211 Legis
3077 4151 3133 4198 et
3159 4143 3298 4200 Pro-

1704 4225 2029 4297 phetarum?
2073 4224 2188 4281 Huc
2231 4235 2570 4281 accesserunt
2614 4227 2901 4301 Evangelia
2926 4274 2939 4297 ,
2986 4236 3296 4305 apostolica:

1704 4318 1991 4390 Epistolze,
2031 4317 2199 4373 Actus
2231 4318 2638 4388 Apostolorum,
2671 4321 3017 4395 Apocalypsis
3051 4325 3297 4389 Joannis.

1704 4410 2027 4468 Scrutamini
2075 4409 2193 4465 haec
2236 4409 2443 4474 omnia,
2495 4421 2550 4466 ct
2596 4413 2768 4469 eruite
2818 4415 3014 4488 aliquid
3067 4421 3294 4479 manife-

1704 4512 1876 4572 stum,
1907 4518 2014 4576 quo
2041 4501 2418 4559 demonstretis
2454 4500 2746 4560 Eeclesiam
2780 4507 2866 4563 vel
2895 4507 2950 4564 in
2977 4511 3088 4567 sola
3117 4512 3294 4572 Africa

1704 4596 2057 4664 remansisse,
2084 4594 2168 4652 vel
2207 4610 2276 4651 ex
2314 4593 2489 4650 Africa
2532 4594 2765 4654 futurum
2792 4603 2953 4656 esse'
2977 4611 3034 4658 ut
3068 4603 3294 4676 implea-

1706 4700 1788 4746 tur
1810 4689 1950 4762 quod
1973 4689 2230 4745 Dominus
2249 4689 2375 4745 dicit
2403 4708 2416 4744 :
2443 4688 2811 4748 Prasdicabitur
2837 4695 2932 4749 hoc
2963 4695 3294 4771 Evangelium

1703 4785 1842 4857 regni
1882 4785 1934 4839 in
1970 4783 2202 4838 universo
2246 4783 2365 4838 orbe
2411 4783 2465 4838 in
2508 4785 2844 4839 testimonium
2892 4787 3120 4845 omnibus
3165 4811 3293 4864 gen-

1705 4876 1870 4944 tibus;
1899 4885 1945 4930 et
1975 4861 2094 4930 tunc
2121 4875 2280 4930 veniet
2313 4875 2432 4946 ﬁnis
2463 4873 2677 4949 (Matth.
2719 4893 2866 4944 xxiv,
2909 4879 3022 4952 14).
3057 4861 3292 4942 Sedvali-

1703 4967 1829 5040 quid
1869 4965 2105 5039 proferte
2126 5008 2141 5035 ,
2172 4965 2318 5038 quod
2347 4980 2454 5022 non
2484 4976 2638 5038 egeat
2665 4967 2952 5039 interprete
2971 5013 2986 5040 ,
3023 4987 3123 5030 nec
3151 4975 3294 5034 unde

1703 5058 2088 5116 convincamiui
2141 5057 2284 5129 quod
2341 5056 2409 5114 de
2454 5057 2558 5112 alia
2611 5073 2670 5113 re
2715 5057 2915 5116 dictum
2959 5063 3058 5132 sit,
3099 5078 3155 5122 et
3196 5081 3292 5125 vos

1702 5153 1830 5210 illud
1860 5152 1927 5208 ad
1955 5160 2192 5208 vestrum
2234 5165 2452 5207 sensum
2497 5150 2817 5224 detorquere
2863 5158 3150 5216 conemini.
3194 5161 3290 5218 Vi-

1702 5244 1841 5301 detis
1876 5245 2018 5300 enim
2046 5245 2264 5300 unicum
2314 5243 2444 5298 illud
2495 5245 2636 5315 quod
2680 5245 2922 5317 proferre
2965 5255 3287 5324 consuestis,

1709 5337 1805 5395 Ubi
1832 5339 2020 5410 pascis,
2042 5336 2127 5392 ubi
2152 5335 2305 5390 cubas
2333 5336 2388 5390 in
2414 5336 2622 5392 meridie
2644 5335 2815 5411 (Cant.
2846 5355 2884 5408 ι,
2908 5338 2963 5409 6)
2989 5357 3005 5408 ;
3033 5346 3261 5416 quemad

1702 5431 1920 5489 modum
1949 5429 2190 5489 excussis
2217 5429 2465 5487 omnibus
2505 5430 2742 5502 ejusdem
2763 5431 2868 5490 loci
2893 5437 3091 5505 verbis,
3128 5437 3287 5510 longe

1766 5571 1784 5634 ξ
1815 5577 1994 5634 omnes
2016 5575 2123 5634 Mss.
2143 5582 2155 5617 :
2178 5577 2267 5634 me
2287 5574 2396 5634 sunt
2417 5582 2581 5634 δαπέδῳ
2600 5576 2795 5634 nostra,
2819 5570 2926 5624 haec
2949 5572 3254 5628 documta.

1763 5631 1786 5664 ⁸
1814 5631 1889 5695 sic
1908 5629 2222 5695 Floriacensis
2238 5631 2413 5695 codex.
2436 5639 2493 5683 At
2521 5633 2656 5695 editi,
2687 5629 2900 5695 futuram
2921 5649 3040 5686 esse.

1764 5693 2060 5767 (a)_frqm§ﬁ
2084 5699 2136 5767 et
2155 5694 2387 5766 Qervasii.
2410 5693 2799 5767 vide_lib._'22de
2818 5697 3022 5751 diritate
3048 5701 3154 5765 nd,
3175 5711 3288 5767 cup.

1701 5756 1753 5821 8,
1767 5754 1969 5809 et'lib.9
1987 5754 2366 5820 confessionum,
2387 5767 2494 5821 cap.
2517 5757 2568 5820 7,
2592 5764 2693 5810 etc.
