3812 6132
519 187 622 246 431

517 303 662 360 aliud
705 301 905 359 indicat
947 317 1105 374 quam
1145 315 1240 357 vos
1295 301 1510 372 putatis.
1570 300 1636 354 Et
1665 301 1709 355 si
1741 301 1842 355 hoc
1886 306 2104 354 sonaret

517 396 661 470 quod
686 396 865 459 vultis,
885 395 1294 451 Maximianista:
1315 408 1410 448 vos
1441 394 1492 447 in
1521 407 1586 448 eo
1613 393 1907 448 vincerent.
1943 390 2108 461 Magis

517 492 661 546 enim
689 489 941 545 meridies
969 487 1268 554 Provincia,
1295 486 1606 559 Byzacium,
1632 485 1886 556 Tripolis,
1919 484 2010 540 ubi
2041 483 2114 540 illi

515 593 641 639 sunt
662 581 980 651 quicumque
1001 588 1146 648 sunt,
1171 595 1332 650 quam
1354 578 1624 645 Numidia,
1648 578 1846 632 ubivos
1870 575 2109 647 prcepol-

515 677 656 733 letis.
688 675 761 730 lta
817 689 944 746 ergo
973 674 1073 744 ipsi
1119 672 1427 744 germanius
1471 681 1526 728 et
1553 671 1853 727 distinctius
1885 677 2108 741 possunt

511 769 581 825 de
605 766 827 823 meridie
856 767 1102 838 gloriari,
1151 774 1210 821 ut
1236 780 1332 822 eos
1359 763 1652 820 excludere
1681 763 1748 818 ab
1772 763 1871 819 hac
1891 771 2112 818 sentcn-

514 863 588 917 tia
617 876 722 917 non
745 861 963 931 possitis
988 902 1000 925 ,
1027 860 1129 915 nisi
1158 860 1209 914 in
1244 859 1352 914 illis
1384 858 1563 914 verbis
1595 873 1786 913 verum
1816 871 2032 913 sensum
2059 864 2114 911 et

512 953 840 1009 catholicum
909 952 1172 1019 teneatis,
1228 950 1621 1017 ostendentes,
1692 950 1774 1006 eis
1819 947 2110 1004 secundum

512 1055 745 1119 quatuor
791 1047 1013 1119 angulos
1065 1045 1212 1101 orbis
1257 1052 1524 1101 terrarum
1573 1044 1642 1099 ab
1695 1043 1891 1098 Austro
1936 1039 2105 1111 magis

511 1157 672 1213 quam
700 1140 767 1196 ab
815 1139 994 1195 Africo
1021 1153 1142 1195 esse
1171 1137 1450 1194 meridiem
1481 1153 1494 1202 ;
1530 1134 1824 1192 secundum
1858 1135 2110 1205 ﬁguratas

512 1243 692 1291 autem
743 1233 1140 1306 Scripturarum
1184 1231 1511 1296 locutiones,
1565 1228 1855 1300 perlectam
1911 1225 2106 1281 mentis

512 1329 995 1395 illuminationem,
1046 1326 1419 1395 fervoremque
1472 1322 1764 1378 maximum
1794 1318 2106 1386 charitatis,

511 1422 695 1478 vocari
720 1420 1000 1478 meridiem
1029 1437 1042 1486 ;
1071 1419 1211 1474 unde
1236 1418 1492 1488 scriptum
1518 1425 1633 1481 est,
1667 1413 1737 1469 Et
1768 1414 1985 1470 tenebra:
2009 1423 2110 1468 tua:

512 1524 756 1585 tanquam
784 1512 1017 1568 meridies
1041 1519 1190 1567 erunt
1217 1509 1370 1583 (Isai.
1392 1525 1536 1576 Lvm,
1562 1507 1679 1580 10).
1717 1506 1934 1577 Aliquid
1973 1518 2102 1577 ergo

508 1606 748 1677 proferte
773 1603 915 1675 quod
954 1618 1060 1658 non
1110 1609 1296 1657 contra
1325 1614 1422 1656 vos
1467 1599 1646 1654 verius
1687 1598 2105 1669 interpretetur;

509 1699 609 1756 sed
638 1696 777 1768 quod
808 1698 1100 1767 interprete
1123 1695 1342 1750 omnino
1359 1710 1465 1750 non
1493 1701 1668 1764 egeat.
1690 1692 1840 1749 Sicut
1859 1707 1966 1747 non
1987 1699 2109 1763 eget

506 1788 822 1858 interprete,
877 1786 945 1840 In
987 1786 1176 1840 semine
1207 1794 1291 1839 tuo
1349 1784 1707 1839 benedicentur
1739 1799 1909 1838 omnes
1939 1791 2108 1854 gentes

517 1879 686 1952 (Gen.
713 1895 844 1944 χχιι,
871 1877 960 1951 18)
996 1878 1155 1949 :quia
1184 1892 1368 1933 semen
1411 1877 1641 1932 Abrahae
1686 1874 1956 1932 Christum
1999 1890 2106 1932 non

509 1986 633 2042 ego,
662 1971 755 2027 sed
779 1970 1066 2042 Apostolus
1084 1972 1471 2042 interpretatur
1491 1970 1510 2042 (
1527 1968 1701 2025 Gatat.
1721 1985 1799 2037 Ill,
1829 1969 1941 2041 16).
1961 1968 2110 2025 Sicut

508 2081 621 2123 non
647 2074 766 2138 eget
797 2065 1110 2136 interprete,
1142 2062 1224 2118 Tu
1248 2065 1383 2118 enim
1410 2063 1666 2118 vocaberis
1708 2063 1944 2118 voluntas
1973 2079 2104 2128 mea,

509 2169 559 2213 et
580 2169 713 2214 terra
735 2169 820 2212 tua
845 2158 976 2212 orbis
1005 2167 1256 2212 terrarum
1297 2155 1454 2228 (Isai.
1495 2172 1618 2222 Lxu,
1657 2155 1714 2228 4)
1747 2172 1760 2208 :
1793 2156 1912 2226 quia
1941 2156 1991 2211 ei
2020 2155 2105 2210 di-

511 2252 652 2307 citur
674 2293 687 2316 ,
711 2266 868 2321 quam
909 2265 1068 2305 nemo
1100 2249 1425 2305 christianus
1450 2249 1552 2304 nisi
1582 2249 1878 2305 Ecclesiam
1905 2249 2104 2305 Christi

507 2343 778 2416 intelligit.
809 2343 958 2400 Sicut
981 2359 1088 2398 non
1114 2351 1234 2414 eget
1263 2343 1578 2413 interprete,
1608 2342 2097 2399 Commemorabuu—

511 2445 597 2491 tur
621 2447 667 2492 et
695 2446 1044 2491 convertentur
1071 2435 1138 2489 ad
1169 2435 1440 2490 Dominum
1466 2435 1682 2490 universi
1704 2437 1830 2506 fines
1859 2446 2035 2504 terrai,
2059 2446 2105 2490 et

509 2528 796 2583 adorabunt
835 2528 887 2581 in
913 2535 1186 2597 conspectu
1227 2529 1336 2599 ejus
1365 2527 1612 2582 universa:
1639 2529 1822 2598 patria:
1843 2529 2104 2600 gentium;

507 2621 750 2692 quoniam
777 2621 937 2691 ipsius
958 2627 1029 2674 est
1053 2635 1284 2691 regnum,
1314 2628 1360 2673 et
1385 2619 1492 2692 ipse
1515 2619 1858 2675 dominabitur
1879 2621 2104 2692 gentium

509 2710 683 2783 (Psal.
708 2727 818 2776 xxr,
867 2709 939 2766 28
961 2752 976 2777 ,
1011 2709 1165 2781 29):
1195 2709 1318 2781 quia
1345 2711 1396 2764 in
1437 2726 1502 2766 eo
1530 2711 1738 2781 psalmo
1769 2711 1981 2779 dicitur,
2017 2712 2104 2769 ubi

508 2806 692 2878 passio
755 2804 967 2860 Domini
1022 2805 1182 2859 etiam
1238 2812 1377 2860 teste
1432 2805 1723 2876 Evangelio
1805 2805 2105 2862 declaratur

508 2899 728 2970 (Matth.
758 2913 926 2964 xxvii,
959 2897 1046 2963 55,
1080 2905 1126 2950 et
1158 2896 1448 2963 Joan.x1x,
1477 2897 1592 2968 24).
1645 2897 1796 2954 Sicut
1847 2913 1952 2954 non
1984 2907 2106 2970 eget

505 2993 827 3062 interprete,
863 2989 997 3056 Quia
1025 2989 1286 3059 oportebat
1313 2988 1573 3043 Christum
1614 2989 1738 3061 pati,
1772 2999 1818 3044 et
1842 3006 2105 3062 resurgere

511 3086 660 3140 tertia
684 3085 782 3150 die,
823 3091 868 3138 et
896 3082 1165 3156 praedicari
1190 3083 1241 3135 in
1267 3082 1473 3137 nomine
1503 3082 1615 3153 ejus
1637 3083 1981 3153 paenitentiam
2009 3125 2024 3150 ,
2055 3093 2105 3138 et

507 3176 853 3233 remissionem
875 3183 1195 3247 peccatorum
1225 3191 1314 3246 per
1338 3190 1509 3228 omnes
1536 3183 1728 3246 gentes,
1749 3175 2104 3246 incipientibus

509 3269 576 3324 ab
600 3267 886 3323 Jerusalem
918 3265 1067 3339 (Luc.
1107 3281 1252 3332 xxiv,
1296 3265 1386 3332 46,
1418 3266 1536 3338 47).
1562 3266 1711 3322 Sicut
1732 3281 1838 3322 non
1864 3277 1987 3338 eget
2016 3268 2102 3325 in-

511 3369 768 3432 terprete,
801 3358 869 3413 Et
897 3359 1035 3413 eritis
1062 3357 1188 3412 mihi
1221 3366 1366 3412 testes
1408 3359 1460 3413 in
1495 3355 1804 3426 Jerusalem,
1827 3368 1874 3414 et
1899 3359 1953 3414 in
1999 3368 2105 3416 tota

509 3454 720 3519 Iudam,
749 3463 798 3508 et
830 3451 1090 3518 Samaria,
1123 3459 1170 3505 et
1197 3466 1356 3520 usque
1383 3450 1436 3504 in
1467 3457 1621 3504 totam
1646 3449 1876 3524 terram(
1904 3451 2017 3507 Act.
2050 3467 2090 3520 ι,

508 3549 601 3621 8).
633 3546 872 3617 Coepisse
908 3545 1052 3600 enim
1106 3543 1403 3598 Ecclesiam
1441 3542 1509 3597 ab
1562 3541 1900 3610 Jerusalem‘,
1944 3553 2102 3615 atque

509 3641 638 3699 inde
678 3641 784 3695 isse
810 3639 1011 3693 circum
1060 3634 1321 3700 Iudaeam,
1353 3642 1408 3691 et
1441 3634 1762 3700 Samariam,
1792 3642 1846 3690 et
1874 3643 2097 3692 crateras

509 3741 698 3805 gentes
724 3773 737 3795 ,
779 3727 1160 3799 consequentia
1197 3735 1346 3797 gesta
1389 3735 1652 3783 testantur
1689 3728 1964 3783 canonicis
2007 3728 2100 3784 ﬁr-

510 3832 656 3880 mata
683 3820 1038 3876 documentis.
1069 3817 1219 3873 Sicut
1247 3833 1353 3872 non
1382 3826 1504 3888 eget
1532 3817 1844 3889 interprete,
1873 3816 1943 3872 Et
1973 3835 2104 3889 prce-

515 3913 765 3968 dicabitur
787 3912 880 3966 hoc
917 3909 1254 3981 Euangelium
1285 3909 1427 3979 regni
1452 3909 1505 3962 in
1533 3909 1767 3964 universo
1789 3909 1907 3964 orbe
1934 3911 1990 3964 in
2033 3919 2104 3966 te-

511 4004 804 4060 stimonium
833 4001 1066 4056 omnibus
1092 3999 1359 4072 gentibus;
1389 4009 1433 4054 et
1451 4011 1570 4054 tunc
1591 4001 1748 4054 veniet
1767 4001 1903 4070 ﬁnis.
1931 4001 2102 4057 Inter-

511 4107 732 4171 rogatus
775 4097 918 4153 enim
977 4094 1234 4150 Dominus
1283 4092 1351 4148 dc
1381 4093 1486 4148 ﬁne
1539 4093 1698 4164 hujus
1727 4094 1930 4162 saeculi,
1978 4109 2100 4151 cum

511 4192 758 4266 quaedam
785 4191 931 4245 initia
960 4187 1354 4259 parturitionum
1381 4186 1397 4217 ί
1429 4185 1670 4255 dixisset,
1703 4187 1776 4241 ait
1807 4205 1819 4240 :
1847 4187 1954 4243 Sed
1979 4205 2105 4243 non-

512 4288 635 4343 dum
672 4294 746 4341 est
797 4283 911 4354 ﬁnis
941 4279 1153 4354 (Matth.
1191 4294 1333 4345 xxw,
1368 4279 1454 4343 M,
1492 4278 1524 4334 8
1551 4319 1565 4344 ,
1593 4279 1670 4349 ϐ).
1703 4278 1891 4334 Finem
1925 4288 2102 4336 autem

510 4383 750 4435 futurum
799 4372 1039 4446 praidixit
1093 4380 1214 4442 post
1253 4370 1684 4441 praedicationem
1732 4371 2005 4442 Evangelii
2050 4371 2102 4427 in

511 4473 767 4529 universo
793 4465 1005 4522 orbein
1053 4463 1300 4519 omnibus
1337 4461 1603 4533 gentibus.
1659 4462 1807 4517 Sicut
1849 4479 1955 4518 non
1981 4473 2106 4534 eget

513 4565 834 4634 interprete,
867 4558 1032 4614 Sinite
1055 4566 1269 4628 utraque
1301 4571 1522 4610 crescere
1545 4572 1703 4625 usque
1731 4556 1800 4609 ad
1844 4573 2055 4611 messem
2082 4574 2100 4611 :

516 4655 643 4727 quia
669 4667 789 4710 cum
822 4657 1006 4722 egeret
1036 4647 1348 4716 interprete,
1390 4645 1503 4716 ipse
1543 4646 1799 4701 Dominus
1845 4648 2103 4720 interpre-

515 4757 660 4805 tatus
684 4753 803 4811 est;
857 4751 914 4799 et
967 4742 1081 4813 ipse
1108 4739 1395 4810 exposuit,
1426 4740 1513 4793 cui
1545 4753 1704 4794 nemo
1733 4740 2103 4797 contradicere

499 4855 569 4912 po
585 4849 710 4904 test,
739 4837 979 4894 maxime
1007 4834 1060 4889 in
1088 4849 1151 4888 ea
1182 4830 1455 4902 parabola,
1485 4847 1604 4901 qua:
1645 4831 1713 4886 ab
1760 4832 1847 4886 illo
1897 4833 2100 4902 prolata

499 4943 584 4989 est
623 4948 637 4984 :
658 4939 713 4986 et
736 4931 851 5001 ipse
867 4928 940 4983 ait
960 4927 1157 4982 bonum
1178 4939 1360 4979 semen
1382 4939 1503 4979 esse
1525 4925 1662 4979 ﬁlios
1685 4926 1865 4995 regni;
1893 4941 2100 4998 agrum,

502 5023 816 5088 mundum;
846 5034 1098 5085 messem,
1142 5017 1302 5072 ﬁnem
1340 5017 1522 5072 saeculi
1556 5015 1574 5088 (
1602 5015 1689 5070 Id.
1719 5034 1830 5084 xui,
1871 5019 1958 5084 50,
1993 5020 2096 5088 '58,

502 5118 572 5172 59
601 5117 644 5187 ).
669 5115 797 5172 Tale
824 5111 1021 5182 aliquid
1049 5110 1285 5182 proferte
1307 5109 1390 5166 vel
1416 5125 1578 5165 unum
1605 5151 1619 5176 ,
1648 5125 1753 5180 quo
1770 5111 2103 5180 apertissime

511 5210 692 5267 Africa
725 5208 1046 5272 declaretur,
1080 5205 1163 5260 vel
1197 5205 1248 5259 in
1278 5203 1498 5275 reliquis
1524 5210 1544 5240 ³
1571 5202 1683 5257 sola
1722 5202 1999 5273 derelicta,
2019 5205 2101 5260 vel

515 5303 582 5359 ad
615 5299 933 5374 principium
955 5297 1251 5354 renovandi
1280 5304 1338 5353 et
1387 5295 1640 5367 implendi
1671 5296 1817 5354 orbis
1846 5297 1959 5352 sola
1985 5313 2102 5354 ser-

518 5393 875 5465 vata.Nequc
931 5392 1072 5447 enim
1139 5399 1217 5447 tot
1267 5389 1588 5447 testimoniis
1633 5391 2104 5449 commendaretur

576 5578 592 5610 ¹
631 5582 681 5626 In
703 5571 962 5638 Evangelia
995 5584 1156 5636 graece
1182 5578 1276 5630 est,
1294 5568 1472 5624 suum»
1493 5584 1510 5622 :
1534 5572 1579 5621 id
1603 5581 1696 5635 est,
1723 5573 1944 5629 dolorum
1966 5577 2105 5644 quasi

507 5640 560 5694 ὴ
574 5645 936 5753 magismagis
958 5698 1128 5762 codex,
1155 5695 1226 5746 rel
1249 5694 1299 5746 in
1321 5694 1552 5758 reliquiis.

1603 184 1875 242 CONTRA
1917 173 2345 238 DONATISTAS
2385 181 2740 252 EPISTOLA,
3722 193 3802 254 ιδξ

2225 297 2367 368 quod
2397 309 2515 354 erat
2539 301 2646 354 cito
2677 301 3004 370 periturum,
3036 309 3088 358 et
3137 303 3213 358 sic
3239 310 3528 373 taceretur,
3555 317 3646 363 aut
3675 311 3802 379 quod

2225 389 2394 445 solum
2417 401 2558 447 esset
2584 392 3013 462 relinquendum,
3043 403 3135 449 aut
3154 411 3219 451 ex
3249 412 3356 467 quo
3383 399 3500 453 solo
3530 407 3708 454 totum
3731 417 3802 457 es-

2224 491 2306 538 set
2326 485 2679 555 reparandum
2703 487 3119 557 etimplcndum.
3138 489 3195 544 Si
3225 498 3403 546 autem
3431 507 3539 547 non
3569 495 3801 562 potestis,

2222 575 2366 646 quod
2393 585 2498 631 tam
2522 577 2665 648 juste
2695 593 2725 632 a
2750 579 2900 636 vobis
2927 579 3246 652 ﬂagitamus,
3296 583 3582 640 ostendere
3602 601 3617 652 ;
3637 585 3802 643 cedite

2222 668 2434 722 veritati
2463 670 2502 735 ί,
2531 670 2896 738 conticescite,
2930 671 3328 740 obdormiscite,
3365 689 3396 729 a
3425 675 3606 732 furore
3621 691 3802 748 expet.

2219 759 2482 830 giscimini
2512 760 2564 816 in
2593 762 2839 818 salutem.

2292 850 2381 907 52.
2410 852 2493 907 Αη
2523 852 2696 909 adhuc
2719 854 2896 910 dicitis
2926 873 2938 911 :
2973 857 3035 912 Si
3061 857 3200 927 apud
3223 874 3310 914 vos
3343 869 3417 914 est
3441 859 3677 916 Ecclesia
3699 905 3713 928 ,
3745 877 3802 917 st-

2220 943 2347 1013 quid
2375 961 2468 998 nos
2496 945 2564 998 ad
2585 949 2693 1016 ejus
2711 964 2884 1018 pacem
2912 950 3254 1021 persequendo
3282 953 3583 1023 compellitis
3605 956 3631 1009 .9
3661 967 3756 1009 aut
3779 975 3801 1010 ε

2218 1037 2343 1091 mali
2381 1053 2556 1093 sumus
2579 1081 2594 1105 ,
2639 1040 2762 1111 quid
2789 1057 2881 1096 nos
2905 1043 3171 1113 queritis?
3206 1043 3274 1098 Et
3307 1045 3351 1099 si
3379 1046 3578 1101 zizania
3617 1065 3798 1104 sumus

2217 1129 2365 1184 sinite
2389 1147 2484 1187 nos
2503 1148 2722 1188 crescere
2757 1151 2912 1205 usque
2930 1135 2998 1188 ad
3018 1137 3263 1193 messem?
3281 1137 3444 1207 Quasi
3471 1155 3586 1206 nos,
3621 1142 3802 1212 quiqu

2219 1220 2391 1277 modis
2437 1238 2742 1293 possumus,
2788 1225 2929 1282 aliud
2958 1242 3213 1298 agamus,
3245 1230 3346 1285 nisi
3373 1245 3442 1286 ne
3479 1232 3722 1287 triticum
3755 1235 3802 1287 si-

2217 1315 2327 1370 mul
2357 1316 2678 1386 eradicetur,
2713 1319 2839 1374 dum
2862 1327 2985 1374 ante
3013 1329 3221 1390 tempus
3245 1322 3447 1377 zizania
3473 1333 3801 1395 separantur.

2216 1407 2548 1482 Quicumque
2573 1412 2715 1468 enim
2745 1412 2869 1468 boni
2913 1413 2965 1468 in
3005 1425 3265 1470 aeternum
3306 1415 3469 1472 futuri
3513 1428 3682 1485 sunt,
3723 1429 3801 1474 ets

2217 1501 2284 1557 ad
2308 1511 2517 1573 tempus
2544 1505 2668 1560 mali
2699 1515 2822 1562 sunt
2847 1509 2892 1575 ',
2920 1522 3028 1563 non
3053 1508 3271 1576 zizania,
3301 1509 3398 1566 sed
3429 1511 3666 1567 triticum
3699 1525 3802 1568 sum

2216 1595 2271 1652 in
2313 1598 2650 1668 praescientia
2693 1600 2804 1656 Dei.
2851 1601 2942 1657 Sic
2984 1611 3162 1658 autem
3192 1617 3290 1660 nos
3314 1606 3615 1674 accusatis,
3650 1622 3801 1677 quam

2215 1701 2311 1743 vos
2340 1703 2641 1759 quaeramus
2667 1691 2710 1746 si
2733 1691 2855 1746 mali
2873 1693 3024 1760 estis,
3055 1695 3206 1765 quasi
3233 1709 3338 1751 non
3368 1695 3432 1764 in
3450 1711 3516 1752 eo
3549 1699 3802 1768 perierim

2215 1794 2322 1850 quo
2349 1780 2472 1836 mali
2500 1783 2649 1852 estis,
2676 1791 2731 1839 et
2757 1783 2877 1840 ideo
2902 1785 3019 1841 sitis
3046 1787 3320 1856 qumrendi
3346 1829 3362 1855 ,
3399 1789 3520 1860 quia
3554 1791 3802 1860 periistis,

2215 1880 2276 1928 ut
2321 1874 2514 1944 perditi
2542 1876 2892 1947 quteramini,
2921 1880 3128 1948 (μιωεὶιί
3176 1880 3560 1947 inveniamini,
3607 1881 3802 1937 inventi

2215 1967 2540 2022 revoccmini
2566 2009 2580 2033 ,
2610 1967 2750 2024 sicut
2789 1969 2877 2024 illa
2904 1971 3018 2025 ovis
3043 1987 3073 2026 a
3115 1980 3328 2041 pastore
3347 2014 3363 2040 ,
3402 1971 3546 2027 sicut
3572 1972 3670 2027 illa
3698 1972 3802 2028 dra-

2213 2057 2370 2114 chma
2407 2073 2437 2114 a
2463 2059 2688 2117 muliere
2707 2103 2722 2128 ,
2751 2061 2890 2116 sicut
2915 2061 3004 2116 ille
3033 2061 3170 2119 ﬁlius
3203 2064 3294 2134 qui
3325 2073 3572 2121 mortuus
3598 2074 3727 2121 erat
3765 2077 3802 2121 et

2214 2153 2446 2219 revixit,
2480 2154 2710 2225 perierat
2735 2164 2788 2210 et
2820 2155 3066 2210 inventus
3094 2165 3178 2212 est
3216 2156 3380 2228 (Luc.
3431 2157 3564 2228 xv).
3593 2158 3700 2215 Ille
3724 2175 3802 2215 vos

2211 2246 2354 2302 enim
2381 2247 2592 2317 quaerit,
2637 2249 2725 2319 qui
2769 2249 2822 2303 in
2875 2249 3073 2306 sanctis
3122 2249 3345 2321 habitat,
3380 2261 3437 2308 et
3475 2253 3715 2323 imperat
3761 2265 3802 2310 ut

2211 2338 2545 2409 quteramini.

2281 2429 2510 2487 CAPUT
2529 2431 2804 2503 XX(a).—
2819 2434 2908 2490 55.
2934 2433 3010 2490 De
3030 2437 3399 2506 persecutione
3422 2447 3606 2494 autem
3633 2448 3802 2496 vestra

2211 2523 2424 2594 querela
2447 2525 2739 2592 sedabitur,
2760 2527 2804 2582 si
2821 2527 3065 2598 cogitetis
3087 2537 3142 2585 et
3165 2529 3474 2601 intelligatis
3498 2532 3676 2603 prius,
3709 2547 3800 2588 nos

2210 2628 2423 2671 omnem
2480 2618 2904 2687 persecutionem
2963 2633 3083 2676 esse
3142 2620 3458 2691 culpabilem
3509 2641 3524 2678 :
3575 2623 3800 2696 alioquin

2209 2720 2318 2762 non
2347 2706 2682 2766 laudabiliter
2721 2708 3022 2777 diceretur,
3049 2711 3408 2768 Detrahentem
3441 2716 3685 2784 proximo
3721 2734 3798 2771 sua

2211 2803 2430 2870 occulte,
2460 2803 2596 2858 hunc
2623 2806 2953 2876 persequebar
2977 2805 2996 2878 (
3018 2805 3161 2862 Psal.
3189 2822 3218 2863 c
3243 2851 3258 2876 ,
3285 2808 3378 2879 5).
3408 2807 3544 2864 Nam
3572 2810 3801 2880 quotidie

2208 2895 2452 2952 videmus
2491 2905 2545 2952 et
2593 2895 2757 2952 ﬁlium
2800 2897 2868 2953 de
2906 2907 3056 2969 patre
3091 2907 3341 2970 tanquam
3367 2901 3436 2957 de
3463 2913 3798 2972 persecutore

2210 3003 2310 3045 suo
2337 2989 2618 3061 conqueri;
2650 2998 2705 3046 et
2737 2989 3018 3062 coniugem
3044 2990 3112 3047 de
3140 2992 3332 3048 marito
3355 3034 3370 3061 ,
3401 3003 3458 3049 et
3493 3007 3721 3050 servum
3747 2995 3798 3050 de

2209 3081 2449 3150 domino,
2463 3091 2516 3139 et
2544 3082 2792 3139 colonum
2819 3083 2888 3139 de
2907 3097 3237 3154 possessore,
3251 3093 3309 3142 et
3335 3101 3486 3143 reum
3507 3087 3581 3144 de
3600 3088 3794 3159 judice,

2209 3181 2264 3229 et
2287 3173 2509 3228 militem
2549 3171 2636 3228 vel
2665 3172 3043 3244 provincialem
3085 3174 3155 3231 de
3195 3173 3333 3232 duce
3357 3177 3440 3234 vel
3478 3193 3646 3251 rege;
3694 3195 3798 3236 cum

2211 3263 2284 3320 illi
2325 3263 2636 3336 plerumque
2675 3265 3068 3322 ordinatissima
3117 3275 3384 3338 potestate
3416 3270 3517 3326 sibi
3563 3271 3798 3328 homines

2209 3355 2450 3412 subditos
2489 3371 2587 3428 per
2633 3366 2864 3414 terrores
2889 3357 3148 3415 leviorum
3176 3375 3457 3430 pinnarum
3487 3377 3515 3417 a
3549 3365 3799 3434 graviori-

2209 3446 2312 3503 bus
2338 3447 2493 3503 malis
2521 3448 2842 3519 prohibeant
2882 3457 3041 3522 atque
3063 3462 3442 3523 compescant;
3487 3455 3793 3529 plerumque

2209 3548 2388 3596 autem
2411 3555 2443 3596 a
2473 3540 2612 3596 bona
2637 3541 2744 3597 vita
2774 3550 2828 3598 et
2870 3556 2901 3597 a
2936 3542 3092 3600 bonis
3121 3543 3273 3601 lactis
3317 3547 3578 3604 minando
3618 3561 3677 3606 et
3707 3565 3792 3606 se-

2209 3631 2403 3687 viendo
2423 3632 2765 3688 deterreant:
2797 3633 2892 3690 sed
2931 3649 3052 3691 cum
3075 3652 3105 3691 a
3135 3638 3278 3694 malo
3319 3647 3375 3694 et
3399 3639 3591 3696 illicito
3633 3641 3790 3713 probi-

2209 3723 2358 3791 bent,
2405 3735 2737 3782 correctores
2775 3735 2831 3783 et
2855 3728 3188 3786 consultores
3225 3739 3381 3798 sunt;
3408 3747 3529 3788 cum
3574 3744 3793 3791 autem:

2211 3816 2354 3871 bono
2381 3825 2436 3873 et
2461 3817 2628 3886 licito,
2659 3828 3034 3889 persecutores
3059 3830 3114 3877 et
3137 3836 3482 3892 oppressores
3507 3836 3667 3882 sunt.
3690 3825 3793 3882 Cui.

2212 3917 2403 3979 pantur
2425 3911 2584 3966 etiam
2606 3911 2696 3982 qui
2724 3911 3011 3982 prohibent
3033 3928 3062 3967 a
3083 3913 3224 3969 malo
3251 3957 3265 3982 ,
3291 3915 3334 3970 si
3357 3915 3579 3972 modum
3609 3922 3794 3990 peccati

2210 4001 2401 4058 modus
2429 4001 2773 4060 coercitionis
2802 4005 3047 4062 excedat.
3077 4005 3205 4062 Item
3231 4007 3354 4078 jure
3373 4010 3630 4081 culpandi
3661 4021 3788 4077 sunt,

2211 4094 2299 4165 qui
2330 4094 2542 4151 turbide
2575 4103 2734 4167 atque
2758 4096 3059 4155 inordinate
3087 4099 3141 4153 in
3167 4113 3263 4156 eos
3299 4102 3636 4160 coercendos
3682 4107 3771 4160 insi

2211 4185 2366 4254 liunt,
2394 4189 2484 4258 qui
2509 4187 2654 4244 nulla
2679 4188 2778 4245 sibi
2802 4193 2920 4260 lege
2942 4190 3168 4262 subjecti
3194 4202 3337 4248 sunt.

2282 4281 2372 4336 54.
2411 4281 2640 4338 Proinde
2666 4281 3165 4340 Circumcellionum
3197 4294 3493 4343 vestrorum
3529 4288 3786 4346 inordina-

2213 4380 2294 4429 tas
2334 4373 2574 4432 licentias
2621 4383 2676 4432 et
2715 4378 2971 4447 superbas
3009 4378 3243 4435 insanias
3273 4379 3416 4450 juste
3459 4383 3792 4452 reprehendi-

2211 4481 2352 4530 mus,
2396 4465 2556 4521 eliam
2597 4482 2716 4522 cum
2747 4469 3012 4540 aliquibus
3065 4472 3314 4543 pessimis
3365 4474 3592 4529 violenti
3640 4487 3790 4530 sunt:

2211 4558 2332 4628 quia
2363 4557 2545 4613 illicita
2568 4559 2749 4616 illicite
2777 4559 3072 4631 vindicare,
3100 4573 3154 4620 et
3181 4565 3248 4621 ab
3273 4564 3469 4622 illicitis
3495 4567 3689 4624 illicite
3712 4567 3793 4622 de-

2213 4660 2434 4718 terrere,
2463 4665 2568 4706 non
2597 4660 2679 4707 est
2706 4652 2926 4709 bonum.
2948 4655 3082 4710 Cum
3111 4671 3240 4712 vero
3288 4666 3343 4713 et
3385 4658 3708 4717 innocentes
3727 4662 3790 4716 vel

2211 4758 2367 4798 causa
2417 4743 2702 4815 incognita,
2754 4746 2840 4801 vel
2884 4747 3230 4818 iniquissimis
3277 4749 3572 4806 inimicitiis
3631 4769 3794 4825 perse-

2211 4842 2466 4905 quuntur,
2509 4835 2628 4906 quis
2678 4851 2864 4892 eorum
2916 4839 3326 4895 sceleratissima
3378 4842 3664 4900 latrocinia
3703 4862 3790 4901 non

2211 4926 2621 4998 perhorrescat?
2651 4929 2720 4982 At
2756 4944 2884 4985 vero
2925 4931 3068 5001 quod
3109 4932 3624 4994 Maximianistarum
3669 4941 3792 4994 turo-

2211 5035 2324 5076 rem
2351 5019 2556 5090 legibus
2583 5019 2809 5090 publicis
2841 5022 3194 5080 coercendum
3222 5027 3467 5095 putastis,
3495 5037 3554 5082 ut
3594 5047 3692 5086 eos
3717 5047 3791 5101 per

2207 5112 2355 5183 jussa
2391 5113 2631 5183 judicum
2681 5123 2736 5169 et
2755 5116 3154 5172 exsecutionem
3184 5117 3489 5175 Ofﬁciorum
3524 5131 3583 5176 et
3614 5125 3789 5179 auxilia

2212 5207 2480 5262 civitatum
2509 5207 2691 5278 pulsos
2714 5207 2781 5262 de
2799 5207 3032 5266 basilicis
3057 5227 3190 5282 quas
3220 5213 3493 5282 tenebant,
3525 5217 3596 5270 ad
3629 5219 3784 5274 consi-

2213 5298 2541 5356 derationem
2567 5298 2648 5354 sui
2687 5299 2904 5357 sceleris
2933 5304 3194 5374 urgeretis
3214 5304 3236 5338 ³
3259 5348 3274 5375 ,
3316 5321 3422 5362 non
3458 5311 3785 5381 reprehendi-

2277 5456 2295 5486 ¹
2329 5455 2401 5504 Sic
2419 5451 2736 5505 Floriacensis
2754 5453 2929 5505 codex.
2956 5459 3009 5504 At
3033 5453 3172 5515 editi,
3189 5457 3371 5508 credite
3394 5459 3608 5512 ueritati.

2276 5519 2298 5548 ³
2329 5517 2460 5566 Idem
2496 5515 2809 5568 Floriacensis
2843 5525 2922 5567 Ms.
2979 5518 3175 5578 omittit,
3217 5519 3308 5570 etsi
3342 5523 3409 5572 ad
3447 5529 3643 5587 tempus
3695 5521 3782 5574 [-1th

2209 5587 2466 5714 “gladia,
2489 5641 2772 5714 arguentis.
2797 5644 3094 5709 casugantur
3111 5655 3176 5698 ex
3197 5647 3554 5714 manuscriptis.

2283 5705 2358 5773 (tt)
2393 5704 2664 5796 Olim,.'cap.
2690 5707 2766 5759 17.
