3812 6132
41 279 175 336 455

41 409 217 461 mus;
262 394 366 452 nisi
393 393 516 465 quia
555 394 657 450 hoc
703 393 756 448 in
787 393 866 449 eis
911 393 1152 449 iuseetati
1178 393 1326 458 estis,
1375 391 1514 463 quod
1560 391 1661 463 ipsi

41 487 290 554 fecistis,
324 487 435 542 imo
460 486 629 542 multo
661 485 830 541 levius
855 500 1014 556 quam
1037 484 1258 542 fecistis.
1289 484 1372 540 llli
1398 483 1541 540 enim
1562 483 1662 539 ad-

41 593 258 635 versus
306 587 512 650 partem
554 577 762 645 Donati,
815 591 913 634 vos
960 585 1137 634 autem
1179 576 1433 634 adversus
1476 575 1662 633 orbem

43 682 355 739 terrarum,
377 681 434 728 et
455 671 710 728 adversus
736 671 853 742 ejus
868 670 1050 738 verba,
1073 671 1161 742 qui
1183 669 1480 728 Ecclesiam
1510 684 1662 726 suam

41 767 412 838 incipientem
441 766 508 823 ab
524 765 820 823 Jerusalem
849 781 946 837 per
971 779 1159 821 omnes
1178 773 1363 837 gentes
1392 779 1665 822 commen-

39 857 232 927 davit,
259 859 533 931 sacrilegae
555 857 907 916 dissensionis
932 857 1099 913 altare
1131 857 1397 913 erexistis.
1421 857 1591 913 Porro
1617 856 1664 913 si

41 952 474 1010 Maximianistae
499 952 826 1023 iussionibus
846 951 1087 1024 iudicum
1114 950 1371 1007 adversus
1402 965 1460 1007 se
1491 951 1662 1021 impe-

42 1045 218 1102 tratis
245 1045 432 1102 illicite
463 1055 519 1103 et
540 1045 740 1101 furiose
766 1045 1018 1101 resistere
1046 1042 1324 1109 auderent,
1356 1058 1533 1098 nonne
1563 1041 1662 1112 ipsi

38 1137 159 1193 sibi
177 1137 443 1208 judicium
465 1138 844 1209 acquirerem?
866 1136 1075 1192 dicente
1090 1136 1351 1207 Apostolo
1366 1176 1380 1202 ,
1414 1134 1516 1203 Qui
1531 1133 1664 1189 enim

41 1233 252 1287 resistit
281 1235 535 1303 potestati,
558 1231 657 1286 Dei
693 1231 1002 1287 ordinationi
1034 1231 1255 1297 resistit;
1279 1231 1365 1301 qui
1390 1239 1558 1284 autem
1576 1245 1661 1284 re-

39 1325 269 1392 sistunt,
296 1324 397 1395 ipsi
415 1324 509 1380 sibi
517 1324 773 1396 judicium
799 1325 1085 1395 acquirunt,
1115 1323 1384 1394 Principes
1405 1323 1538 1377 enim
1561 1339 1664 1377 non

43 1425 177 1471 sunt
238 1415 410 1471 timori
455 1415 585 1470 bono
622 1415 782 1487 operi,
827 1416 914 1471 sed
951 1414 1085 1470 malo
1115 1414 1289 1488 (Rom.
1321 1429 1452 1482 xm,
1489 1413 1547 1481 2,
1577 1413 1659 1484 3).

43 1507 195 1562 Cum
238 1521 371 1580 ergo
419 1522 606 1564 eorum
645 1507 847 1563 malum
892 1522 1028 1578 opus
1071 1506 1362 1573 existeret,
1394 1505 1536 1577 quod
1566 1520 1664 1562 vos

41 1614 151 1670 per
183 1599 464 1656 ordinatas
489 1608 780 1671 potestates
807 1599 1062 1656 cohibere
1084 1598 1423 1656 conabamini
1444 1616 1458 1666 ;
1482 1598 1528 1654 si
1556 1597 1663 1654 vcl-

40 1694 168 1750 lent
191 1693 272 1749 illi
300 1708 397 1765 pro
424 1694 542 1765 ipso
569 1694 712 1749 malo
740 1707 904 1764 opere
933 1707 1032 1749 suo
1055 1732 1070 1761 ,
1102 1692 1288 1764 peiore
1325 1707 1488 1763 opere
1532 1690 1662 1762 legi-

42 1786 154 1843 bus
181 1785 488 1853 adversari;
522 1786 778 1858 numquid
814 1801 847 1841 a
874 1786 1048 1851 vobis,
1103 1795 1160 1842 et
1189 1801 1296 1842 non
1330 1800 1359 1839 a
1407 1800 1467 1841 se
1507 1784 1658 1856 ipsis,

41 1879 319 1951 quidquid
347 1880 428 1936 eis
449 1880 577 1934 mali
605 1879 891 1946 accideret,
916 1878 1261 1950 paterentur?
1304 1876 1661 1946 Quemadmo-

41 1975 185 2030 dum
236 1975 560 2046 quicumque
615 1973 870 2030 voluisset
919 1973 1100 2029 dicere
1162 1971 1548 2042 blasphemiam
1605 1971 1658 2025 in

45 2067 233 2122 Deum
259 2065 482 2122 Sidrach
503 2107 517 2131 ,
546 2064 746 2121 Misach
768 2107 784 2134 ,
830 2073 885 2121 et
913 2063 1224 2134 Abdenago,
1265 2072 1318 2119 et
1367 2062 1659 2118 secundum

43 2158 298 2214 edictum
323 2158 463 2229 regis
484 2172 604 2214 cum
632 2157 794 2212 domo
816 2164 911 2212 s’ua
937 2154 1334 2227 disperderetur
1373 2155 1548 2226 (Dan.
1576 2171 1656 2222 ιιι,

45 2253 200 2322 96);
232 2251 490 2324 numquid
521 2251 622 2308 hoc
657 2252 724 2308 ab
753 2251 882 2322 ipsis
928 2250 1097 2306 tribus
1140 2249 1270 2305 viris
1291 2293 1305 2317 ,
1351 2248 1543 2320 quibus
1591 2248 1660 2304 de

48 2345 182 2416 igne
209 2344 450 2400 liberatis
477 2359 573 2399 rex
599 2351 899 2399 commotus
926 2341 1056 2397 illud
1101 2341 1372 2409 edixerat,
1414 2348 1506 2397 aut
1530 2356 1658 2397 vero

47 2437 226 2492 etiam
246 2435 317 2490 ab
341 2435 459 2506 ipso
486 2449 633 2506 rege,
661 2449 724 2490 ac
750 2449 858 2489 non
887 2433 1065 2504 potius
1084 2448 1114 2488 a
1138 2448 1197 2488 se
1224 2432 1355 2504 ipsis
1381 2432 1472 2487 illa
1498 2432 1658 2504 digna

46 2531 202 2586 mala
246 2531 601 2602 paterentur?
650 2529 706 2586 Si
749 2529 908 2586 etiam
966 2529 1317 2601 quadraginta
1364 2529 1439 2584 illi
1463 2527 1655 2596 Judtei,

47 2624 148 2693 qui
193 2621 417 2677 Paulum
446 2620 746 2677 interficere
785 2621 1193 2692 coniuraverant
1216 2662 1232 2686 ,
1264 2621 1317 2675 in
1343 2628 1596 2685 armatos,
1626 2635 1658 2675 a

48 2715 258 2788 quibus
316 2715 559 2772 ordinata
609 2716 834 2771 tuitione
881 2715 1020 2771 idem
1072 2714 1266 2770 Paulus
1295 2713 1660 2769 deducebatur

52 2811 211 2880 (Act.
245 2824 410 2877 χχιιι,
443 2808 620 2881 12-55)
646 2850 660 2876 ,
692 2809 1000 2875 irruissent;
1029 2807 1287 2878 numquid
1311 2822 1406 2863 eos
1439 2807 1651 2872 Paulus,

47 2918 116 2958 ac
143 2916 256 2958 non
293 2917 354 2958 se
405 2902 506 2972 ipsi
537 2901 887 2972 potestatibus
925 2900 1225 2956 resistendo
1271 2898 1657 2971 peremissent?

124 2993 223 3050 55.
263 2992 599 3064 Quapropter
647 3002 700 3048 et
741 3006 841 3048 vos
886 2992 1001 3048 sine
1032 2991 1261 3046 tumultu
1307 2990 1510 3058 animi,
1538 2989 1656 3045 sine

51 3087 365 3144 turbulenta
411 3087 791 3153 contentione,
838 3087 954 3142 sine
995 3085 1350 3140 amaritudine
1411 3084 1655 3140 odiorum

46 3181 396 3237 considerate
434 3179 717 3251 diligenter
740 3194 804 3236 ea
841 3195 961 3251 quae
1008 3187 1191 3234 contra
1225 3192 1322 3233 vos
1367 3191 1521 3249 reges
1556 3192 1655 3232 no-

49 3286 186 3330 sirm
243 3273 634 3329 communionis
690 3271 1058 3339 constituunt,
1108 3285 1210 3341 qua
1277 3285 1437 3325 causa
1490 3269 1656 3338 patia-

48 3367 210 3422 mini.
273 3365 339 3420 Et
387 3365 434 3420 si
480 3379 576 3421 vos
631 3365 684 3419 in
723 3363 966 3420 Ecclesia
1005 3362 1203 3418 Christi
1255 3377 1377 3417 esse
1432 3360 1654 3416 invene-

47 3459 208 3526 ritis;
240 3457 467 3529 gaudete
485 3465 539 3512 et
561 3456 822 3513 exsultate
843 3498 858 3523 ,
887 3455 1010 3526 quia
1039 3468 1246 3509 merces
1269 3463 1444 3508 vestra
1487 3452 1653 3508 multa

46 3562 137 3608 est
189 3552 245 3607 in
295 3551 445 3607 costis
494 3550 712 3623 (Matth.
764 3566 830 3617 v,
879 3549 1008 3620 12).
1062 3546 1172 3602 Vos
1209 3547 1351 3603 enim
1404 3555 1653 3618 tanquam

46 3651 324 3715 martyres
351 3642 675 3699 coronamini
694 3683 708 3709 ,
741 3642 819 3697 illi
846 3652 1025 3698 autem
1069 3650 1318 3712 tanquam
1346 3647 1653 3712 persecuto-

48 3750 144 3791 res
170 3743 464 3806 martyrum
486 3733 811 3804 iudicantur.
843 3732 899 3789 Si
928 3740 1104 3788 autem
1128 3746 1224 3786 vos
1245 3741 1430 3787 contra
1457 3731 1652 3787 Eccle-

48 3827 192 3882 siam
213 3825 412 3882 Christi
437 3827 606 3882 altare
644 3825 900 3892 erexisse,
931 3834 984 3881 et
1023 3841 1055 3881 a
1087 3825 1376 3880 christiana
1423 3824 1648 3893 unitate,

46 3936 174 3990 quae
215 3927 330 3974 toto
354 3918 482 3975 orbe
521 3918 864 3986 diffunditur,
893 3918 1154 3989 sacrilego
1183 3917 1469 3974 schismate
1493 3932 1650 3989 sepa-

47 4022 203 4068 ratos
232 4027 354 4068 esse
382 4020 437 4068 et
463 4012 675 4083 corpori
695 4011 894 4066 Christi
915 4053 930 4076 ,
975 4010 1118 4082 quod
1157 4019 1238 4068 est
1267 4011 1507 4067 Ecclesia
1537 4019 1650 4066 toto

45 4106 187 4163 orbe
214 4105 407 4162 diffusa
428 4149 443 4175 ,
491 4115 547 4162 et
579 4105 962 4178 rebaptizando
1004 4114 1060 4162 et
1083 4105 1503 4177 blasphemando
1524 4147 1541 4174 ,
1595 4115 1651 4162 et

44 4206 312 4268 quantum
364 4196 589 4268 potestis
643 4196 1033 4268 oppugnando,
1077 4196 1351 4251 adversari
1384 4206 1568 4253 saneta
1593 4206 1649 4253 et

44 4289 312 4346 canonica
341 4289 616 4360 Scriptura
657 4289 964 4355 convincit;
994 4302 1089 4344 vos
1119 4288 1273 4358 impii
1302 4297 1463 4360 atque
1491 4289 1650 4344 sacri-

45 4382 179 4453 legi,
206 4381 280 4437 illi
321 4391 498 4438 autem
523 4382 614 4453 qui
643 4396 738 4437 vos
765 4396 862 4452 pro
900 4390 1047 4436 tanto
1077 4381 1282 4437 scelere
1322 4390 1428 4436 tam
1455 4381 1649 4437 leniter

43 4475 372 4532 damnorum
408 4473 864 4530 admonitionibus
889 4515 903 4542 ,
933 4473 1017 4529 vel
1065 4473 1326 4540 locorum,
1360 4473 1448 4528 vel
1473 4471 1646 4528 hono-

45 4582 194 4628 rum.
224 4567 309 4623 vel
337 4566 575 4638 pecuniae
598 4565 901 4638 privatione
921 4565 1271 4621 deterrendos
1291 4565 1648 4620 coercendos-

44 4678 155 4734 que
191 4660 508 4728 decernunt,
536 4669 595 4716 ut
616 4660 911 4732 cogitantes
938 4673 1103 4730 quare
1127 4660 1225 4715 ista
1255 4658 1546 4729 patiamini,
1571 4672 1648 4714 sa-

45 4753 328 4825 crilegium
371 4762 610 4810 vestrum
646 4753 917 4823 cognitum
956 4751 1190 4822 fugiatis,
1237 4760 1293 4806 et
1335 4751 1402 4807 ab
1449 4761 1646 4807 aeterna

47 4846 392 4902 damnatione
419 4843 715 4902 liberemini
738 4886 753 4911 ,
784 4854 837 4900 et
872 4851 1109 4900 rectores
1143 4842 1569 4915 diligentissimi,
1594 4852 1649 4899 et

47 4939 387 4995 consultores
415 4938 637 5009 piissimi
665 4937 1007 5007 deputantur.
1047 4936 1194 4991 Hanc
1218 4935 1372 4992 vobis
1396 4935 1643 4992 dilectio-

49 5048 172 5089 nem
187 5031 383 5088 debent
398 5029 674 5086 christiani
688 5031 932 5086 catholici
952 5031 1322 5102 imperatores,
1349 5038 1409 5086 ut
1435 5031 1646 5088 sacrile-

46 5130 130 5196 εἰει
154 5137 348 5190 vestra.
365 5133 418 5181 et
438 5134 655 5196 propter
683 5123 1025 5181 christianam
1045 5122 1507 5179 mansuetudinem
1535 5139 1643 5180 non

48 5239 146 5293 pro
160 5222 352 5278 merito
379 5219 646 5292 punienda
663 5219 976 5286 decernant,
998 5227 1053 5274 et
1066 5227 1280 5289 propter
1295 5217 1642 5274 christianam

47 5315 459 5372 sollicitudinem
488 5328 596 5368 non
635 5313 854 5368 omnino
906 5311 1163 5384 impunita
1191 5311 1480 5367 dimittant.
1530 5312 1642 5369 lloc

49 5409 101 5463 in
145 5409 225 5464 eis
264 5407 404 5463 Deus
451 5413 722 5476 operatur,
754 5403 905 5475 cuius
934 5402 1356 5460 misericordiam
1386 5404 1547 5461 etiam
1576 5405 1628 5461 in

47 5499 130 5554 his
152 5497 431 5563 molestiis,
451 5496 520 5553 de
533 5496 723 5566 quibus
744 5496 1154 5567 conquerimini,
1173 5511 1279 5552 non
1302 5496 1460 5552 vultis
1483 5512 1642 5569 agno-

47 5606 218 5647 scere.
263 5589 372 5646 Nos
413 5598 591 5645 autem
618 5631 633 5655 ,
684 5595 938 5659 quantum
969 5588 1020 5642 in
1046 5588 1198 5644 nobis
1250 5597 1349 5654 est,
1383 5599 1638 5660 quantum

49 5686 300 5746 Dominus
325 5675 488 5740 donat
513 5692 672 5754 atque
698 5681 973 5752 permittit,
1003 5696 1101 5738 nec
1125 5682 1263 5752 ipsas
1293 5681 1439 5755 leges
1463 5681 1636 5739 lonis~

47 5782 192 5842 sinite
243 5776 582 5844 coercitiouis
631 5774 885 5848 adversus
931 5788 1023 5838 vos
1057 5789 1364 5849 movemus,
1427 5775 1525 5839 nisi
1578 5784 1634 5846 ut

953 291 1122 334 VULGO
1161 276 1250 334 DE
1289 275 1590 335 UNITATE
1629 274 1988 336 ECCLESUE
2029 280 2232 339 LIBER
2274 282 2478 340 UNUS.

3264 294 3373 353 454

1773 392 2012 450 Ecclesia
2052 395 2334 464 catholica,
2384 405 2602 469 pr0pter
2630 399 2964 457 infirmorum
2993 403 3369 479 fragilitatem,

1771 495 1829 540 ut
1855 486 1932 541 eis
1961 486 2116 544 liceat
2145 489 2262 544 sine
2313 491 2503 547 timore
2530 492 2730 564 eligere
2769 495 2895 566 quid
2923 505 3140 553 teneant
3167 500 3252 556 vel
3277 516 3372 558 se-

1769 587 2034 648 quantur,
2059 593 2090 634 a
2121 581 2312 638 vestris
2343 583 2636 640 terroribus
2679 586 2846 642 libera
2886 597 3169 659 prmstetur
3195 609 3208 645 ε
3238 601 3294 649 ut
3322 595 3373 651 si
3391 601 3408 662 ς

1771 669 1970 741 aliquid
1997 671 2159 727 vestri
2179 673 2233 728 in
2262 682 2478 730 nostros
2503 675 2767 734 violenter
2797 676 3056 748 fecerint,
3091 689 3218 738 tunc
3246 698 3367 754 vos,

1770 777 1906 833 quos
1936 771 2188 834 tanquam
2229 765 2444 822 obsides
2471 767 2523 822 in
2570 766 2746 825 fundis
2777 779 2832 825 et
2868 771 2920 826 in
2947 771 3248 831 civitatibus
3275 773 3373 832 ba-

1769 853 1979 924 bemus,
2016 871 2120 912 non
2145 857 2320 929 qualia
2344 860 2508 914 vestri
2535 859 2736 916 faciunt
2757 903 2772 928 ,
2805 863 3077 932 patiamini
3102 905 3118 932 ,
3151 865 3247 920 sed
3273 882 3372 937 per

1769 947 2015 1002 ordinata
2054 949 2252 1020 iudicia
2300 950 2527 1022 subiecti
2574 953 2777 1023 legibus
2821 952 3018 1010 damno
3058 958 3372 1027 pecuniario

1769 1042 2051 1112 vapuletis.
2070 1043 2224 1112 Quod
2269 1044 2314 1100 si
2340 1044 2490 1100 vobis
2509 1060 2671 1116 grave
2699 1046 2938 1115 videtur;
2970 1050 3134 1105 vestri
3166 1051 3322 1107 nobis
3342 1051 3364 1084 ⁸

1770 1146 2009 1206 parcant,
2043 1147 2095 1192 et
2149 1139 2444 1208 quiescant.
2492 1139 2551 1196 Si
2589 1149 2767 1197 autem
2815 1143 2867 1197 in
2941 1158 3039 1200 nos
3079 1160 3187 1202 non
3213 1148 3370 1217 quie-

1770 1229 1972 1286 scendo
1999 1231 2074 1286 illi
2104 1233 2330 1288 saeviunt
2348 1276 2363 1301 ,
2407 1234 2496 1304 qui
2528 1235 2610 1290 vel
2637 1235 2738 1290 sub
2765 1236 2916 1293 vobis
2936 1278 2950 1303 ,
2976 1239 3062 1294 vel
3095 1240 3371 1298 vobiscum

1767 1331 1926 1388 sunt;
1952 1323 2093 1394 quod
2137 1323 2203 1380 de
2231 1324 2384 1380 nobis
2409 1327 2812 1397 conqueramini
2860 1343 2966 1383 non
2994 1329 3202 1387 habetis
3227 1373 3243 1398 ,
3272 1332 3371 1404 qui

1768 1414 1822 1470 in
1853 1423 2046 1482 vestra,
2075 1416 2161 1472 vel
2187 1427 2487 1474 vestrorum
2516 1428 2781 1489 potestate
2801 1422 3098 1492 posuimus,
3121 1430 3181 1479 ut
3205 1424 3369 1482 etiam

1767 1518 2031 1566 sectantes
2057 1510 2317 1568 hzeresem
2362 1522 2623 1580 vestram,
2668 1515 2812 1570 nulla
2840 1515 3035 1571 damna
3063 1518 3368 1588 patiamini,

1768 1601 1814 1656 si
1841 1602 2013 1657 nullas
2040 1602 2316 1660 Catholica
2341 1647 2357 1672 ,
2413 1605 2525 1661 sive
2553 1621 2584 1661 a
2627 1605 2778 1661 vobis
2795 1649 2810 1673 ,
2839 1608 2952 1663 sive
2972 1623 3003 1663 a
3029 1610 3222 1666 vestris
3249 1611 3370 1668 vio-

1768 1691 1959 1749 lentias
1985 1695 2236 1765 patiatur.
2279 1694 2432 1763 Quod
2461 1697 2504 1752 si
2529 1697 2724 1767 aliquae
2765 1697 2922 1754 factae
2958 1698 3181 1765 fuerint,
3214 1703 3371 1760 vobis

1767 1785 1948 1841 invitis
1989 1795 2044 1841 et
2069 1801 2412 1858 compescere
2437 1804 2546 1844 non
2572 1790 2903 1857 valentibus,
2947 1793 3370 1852 misericorditer

1766 1876 1896 1948 ipsis
1921 1877 2132 1934 damnis
2161 1887 2215 1934 et
2249 1880 2394 1950 iuste
2424 1881 2784 1937 admonemini
2811 1925 2826 1950 ,
2855 1883 3037 1953 quales
3065 1885 3306 1944 habeatis
3335 1903 3369 1944 a

1765 1971 1956 2041 quibus
1981 1986 2076 2027 vos
2097 1973 2448 2028 contaminari
2475 1988 2580 2029 non
2608 1975 2806 2044 putatis
2826 2016 2839 2040 ,
2868 1985 3027 2046 atque
3051 1976 3176 2034 hinc
3202 1978 3369 2035 intel-

1766 2061 1930 2132 ligere
1979 2063 2264 2133 cogimini,
2317 2078 2479 2133 quam
2534 2065 2720 2120 inanes
2777 2067 3070 2123 calumnias
3108 2067 3370 2126 Ecclesia:

1764 2152 1960 2210 Christi
2005 2164 2117 2211 toto
2157 2157 2287 2212 orbe
2327 2155 2534 2212 diffusae
2569 2157 2795 2212 faciatis.
2839 2158 3023 2230 Neque
3070 2160 3180 2229 iam
3212 2161 3370 2216 nobis

1765 2246 2026 2317 obiiciatis
2048 2289 2062 2312 ,
2091 2248 2232 2318 quod
2264 2248 2637 2318 persequimur
2662 2263 2786 2316 vos;
2820 2250 2914 2305 scd
2944 2252 3138 2306 vestris
3166 2253 3364 2321 potius,

1763 2337 1809 2392 si
1835 2345 1890 2392 et
1915 2352 2012 2393 nos
2038 2338 2151 2394 suis
2179 2338 2446 2394 violentiis
2474 2339 2730 2407 infestari,
2764 2349 2817 2396 et
2847 2356 2941 2396 vos
2971 2343 3199 2411 publicis
3227 2344 3364 2416 legi-

1764 2429 1864 2485 bus
1892 2430 2098 2484 malunt
2143 2431 2370 2496 conteri,
2399 2447 2558 2502 quam
2590 2447 2650 2487 se
2676 2447 2706 2486 a
2758 2433 2917 2488 solito
2947 2433 3128 2496 furore
3166 2436 3367 2494 sedari.

1764 2521 1823 2577 Si
1852 2522 1982 2592 quid
2027 2537 2155 2578 sane
2183 2538 2214 2577 a
2255 2524 2453 2578 nostris
2491 2524 2797 2582 christianm
2840 2527 3115 2584 charitalis
3143 2531 3368 2590 modum

1765 2624 2058 2687 votumque
2099 2631 2206 2671 non
2251 2617 2693 2686 eustodientibus,
2742 2617 2926 2675 odiose
2971 2630 3024 2676 et
3064 2623 3369 2692 perniciose

1762 2707 2027 2779 patimini,
2063 2724 2167 2763 non
2191 2723 2311 2765 esse
2338 2709 2462 2765 illos
2487 2718 2700 2766 nostros
2725 2711 2832 2766 cito
2855 2711 3116 2780 dixerim;
3144 2715 3241 2772 sed
3269 2725 3365 2774 aut

1762 2800 1990 2869 futuros,
2017 2803 2061 2858 si
2092 2817 2151 2858 se
2171 2803 2541 2868 correxerint,
2569 2813 2659 2859 aut
2688 2805 2740 2858 in
2783 2803 2888 2860 line
2915 2807 3242 2876 separandos
3264 2850 3280 2874 ,
3314 2809 3366 2866 si

1766 2892 1821 2947 in
1863 2893 2064 2947 malitia
2092 2892 2435 2964 perdurarint
2468 2912 2482 2949 :
2505 2908 2604 2949 nos
2625 2904 2802 2950 tamen
2824 2910 2922 2950 nec
2945 2907 3165 2967 propter
3185 2899 3364 2970 pisces

1761 2984 1934 3040 malos
1978 2986 2111 3042 retia
2156 2986 2452 3057 rumpimus
2497 2985 2710 3054 (Matth.
2757 3004 2872 3054 xm,
2900 2989 3044 3060 47),
3089 3005 3188 3046 nec
3239 3007 3366 3062 prow

1763 3086 1880 3147 pter
1903 3093 2029 3134 vasa
2071 3079 2123 3133 in
2148 3079 2526 3134 contumeliam
2572 3079 2707 3134 facta
2748 3079 2969 3135 domum
3000 3097 3247 3153 magnam
3268 3082 3366 3140 de-

1760 3170 1992 3225 serimus
2021 3168 2098 3238 (ll
2126 3169 2261 3225 Tim.
2308 3187 2383 3238 ιι,
2413 3169 2486 3226 20
2510 3171 2550 3242 ).
2579 3171 2733 3237 Quod
2763 3173 2809 3226 si
2837 3188 2931 3228 vos
2969 3189 3180 3246 quoque
3220 3177 3363 3246 illos,

1759 3275 1789 3314 a
1819 3261 2010 3332 quibus
2033 3262 2153 3316 talia
2184 3261 2458 3317 Catholica
2485 3262 2701 3333 patitur,
2732 3278 2837 3318 non
2865 3279 2984 3320 esse
3015 3275 3224 3322 vestros
3266 3283 3362 3323 ea-

1759 3352 1884 3408 dem
1911 3353 2091 3424 regula
2116 3353 2291 3409 dicitis
2322 3374 2334 3408 :
2373 3354 2594 3424 probate
2619 3356 2856 3410 animum
2895 3365 3155 3425 vestrum,
3183 3361 3361 3415 corri-

1757 3445 1866 3514 gite
1908 3460 2166 3512 errorem,
2195 3446 2580 3516 amplectimini
2622 3448 2879 3504 unitatem
2903 3449 3119 3518 spiritus
3155 3452 3208 3506 in
3237 3453 3361 3508 vin-

1758 3536 1878 3590 culo
1907 3537 2069 3606 pacis.
2108 3537 2240 3592 Nam
2280 3539 2325 3592 si
2353 3552 2453 3593 nec
2486 3553 2581 3594 vos
2609 3539 2684 3594 illi
2705 3541 3068 3596 contaminant
3093 3583 3107 3610 ,
3136 3559 3237 3599 nec
3261 3561 3361 3603 nos

1759 3629 1876 3696 isti;
1918 3645 2024 3686 non
2054 3631 2210 3686 nobis
2236 3631 2462 3687 invicem
2501 3632 2693 3688 alienis
2713 3633 3027 3691 criminibus
3059 3637 3360 3695 columnie-

1758 3737 1914 3777 mur:
1958 3723 2013 3777 in
2053 3738 2154 3778 una
2197 3723 2460 3780 eharitate
2513 3723 2778 3781 frumenta
2817 3741 3123 3785 crescamus
3150 3729 3356 3800 simul,

1757 3831 1926 3886 usque
1972 3815 2038 3870 ad
2067 3817 2418 3873 ventilabrum
2453 3818 2658 3888 paleam
2690 3819 2999 3876 toleremus.

1827 3908 1916 3965 56.
1957 3908 2319 3977 Quamobrem
2353 3911 2397 3966 si
2421 3912 2570 3967 nullo
2596 3911 2891 3983 interprete
2924 3913 3165 3985 indigent
3191 3931 3358 3972 cano-

1755 4001 1994 4057 nicarum
2026 4002 2420 4073 Scripturarum
2471 4004 2775 4059 testimonia
2819 4021 2939 4076 qum
2979 4008 3361 4065 commendant

1756 4093 2051 4150 Ecclesiam
2078 4096 2128 4150 in
2153 4096 2315 4151 totius
2334 4096 2479 4151 orbis
2521 4097 2899 4152 communione
2938 4101 3254 4168 consistere,
3300 4113 3360 4159 et

1755 4186 2077 4256 separationi
2103 4196 2295 4255 vestrae
2324 4189 2376 4242 in
2408 4186 2587 4243 Africa
2610 4190 2910 4245 constituta:
2937 4206 3004 4246 ex
3032 4192 3219 4248 iisdem
3260 4193 3356 4248 Li-

1755 4278 1866 4335 bris
1885 4278 2030 4334 nulla
2058 4280 2179 4333 talia
2211 4279 2430 4349 potestis
2471 4280 2713 4337 invenire
2743 4281 3014 4353 suffragia,
3063 4299 3162 4340 nec
3207 4285 3356 4356 iuste

1753 4369 1820 4425 do
1846 4371 2306 4440 persecutionibus
2331 4373 2743 4443 conquerimini,
2774 4389 2904 4444 quas
2934 4376 3212 4446 graviores
3235 4377 3354 4449 ipsa

1702 4502 1708 4507 .
1754 4464 2065 4533 perpetitur,
2094 4478 2200 4534 quo
2245 4463 2400 4519 latius
2438 4464 2772 4534 dill'unditur,
2799 4481 2861 4521 ac
2887 4466 3020 4545 fide,
3052 4477 3105 4523 et
3143 4484 3257 4541 spe,
3299 4481 3354 4526 et

1753 4555 2011 4611 eharitate
2029 4556 2206 4612 omnia
2226 4556 2434 4624 tolerat,
2455 4571 2560 4612 non
2586 4567 2789 4612 tantum
2815 4558 2958 4623 talia,
2984 4560 3157 4630 qualia
3186 4562 3351 4617 vestri

1751 4647 2240 4713 Circumcelliones,
2273 4656 2327 4704 et
2350 4664 2535 4704 eorum
2563 4648 2769 4706 similes
2801 4651 2889 4705 ubi
2927 4663 3148 4720 possunt
3182 4669 3353 4709 mem.

1753 4741 1862 4796 bris
1883 4739 2294 4811 eiusiutligunt,
2324 4739 2420 4796 sed
2467 4740 2645 4796 omnia
2693 4741 2962 4796 variarum
3005 4742 3349 4813 iniquitatum

1752 4832 2001 4889 scandala
2023 4847 2121 4903 per
2141 4833 2448 4889 universum
2475 4833 2733 4889 mundum
2755 4835 3040 4903 scatentia,
3064 4835 3132 4891 de
3155 4837 3350 4907 quibus

1751 4927 2009 4982 Dominus
2033 4927 2367 4993 exclamavit,
2410 4925 2498 4980 Va:
2528 4927 2714 4981 mundo
2741 4928 2803 4980 ab
2833 4929 3091 4983 scandatis
3113 4928 3345 5002 (Matth.

1753 5035 1907 5086 xvm,
1941 5018 1996 5093 7)
2020 5039 2032 5075 :
2054 5021 2268 5092 gravius
2295 5021 2436 5076 enim
2460 5021 2796 5092 persequitur
2814 5021 2951 5077 tilius
2982 5031 3189 5094 patrem
3208 5026 3349 5082 male

1753 5112 1999 5180 vivendo,
2048 5129 2204 5185 quam
2249 5121 2400 5183 pater
2434 5112 2599 5167 ﬁlium
2652 5113 2995 5184 castigando;
3031 5125 3083 5170 et
3129 5118 3347 5187 gravius

1748 5207 1940 5264 ancilla
1971 5205 2158 5263 Saram
2189 5217 2467 5278 persecuta
2510 5215 2591 5262 est
2616 5222 2712 5277 per
2743 5207 2982 5278 iniquam
3015 5211 3344 5280 superbiam,

1747 5316 1904 5372 quam
1933 5316 2051 5357 eam
2077 5301 2207 5358 Sara
2239 5316 2333 5370 per
2363 5300 2596 5357 debitam
2623 5300 2957 5372 disciplinam
2990 5301 3149 5375 (Gen.
3190 5303 3338 5375 XVI);
3397 5298 3405 5340 ’

1747 5404 1800 5452 et
1825 5397 2034 5468 gravius
2089 5396 2371 5451 Dominum
2416 5396 2910 5468 persequebantur,
2941 5408 3159 5469 propter
3207 5413 3344 5468 quos
3399 5407 3404 5412 '

1745 5491 1942 5546 dictum
1971 5497 2077 5556 est,
2101 5489 2252 5545 Zelus
2277 5490 2456 5546 domus
2484 5499 2586 5546 tua:
2604 5491 2818 5546 comedit
2848 5508 2926 5545 me
2957 5489 2975 5564 (
2998 5491 3136 5545 Psat.
3159 5507 3340 5555 vam,

1746 5583 1858 5656 10),
1883 5599 2039 5656 quam
2067 5598 2161 5640 eos
2189 5584 2302 5655 ipse
2324 5599 2443 5640 cum
2465 5599 2654 5641 eorum
2689 5599 2906 5642 mensas
2930 5585 3139 5646 evertit,
3169 5592 3222 5638 et
3242 5598 3338 5641 eos

1747 5723 1824 5846 to;
1863 5729 1960 5775 Am.
1992 5728 2040 5778 et
2070 5721 2378 5778 Florlacensls
2399 5721 2554 5779 codex
2576 5758 2590 5794 ,
2610 5721 2738 5783 vobis
2758 5734 2775 5777 :
2797 5718 3008 5782 etinfra;
3031 5719 3079 5783 Si
3099 5724 3260 5788 autem
3288 5732 3343 5793 ιιι
