3792 6132
465 246 572 307 455

467 366 681 440 ﬂagello
708 365 777 424 de
802 365 998 438 templo
1021 364 1224 437 expulit
1249 363 1428 436 (Joan.
1449 377 1509 432 ιι,
1537 361 1628 435 15)
1655 381 1667 417 :
1696 361 1823 434 quid
1851 358 2064 418 habetis

468 461 697 532 amplius
724 461 866 532 quod
890 459 1123 516 dicatis?

539 553 764 611 CAPUT
794 553 916 610 XXI
937 551 1037 628 (a).
1056 583 1128 594 —
1146 553 1237 610 57.
1271 553 1352 607 An
1375 550 1502 608 illud
1530 551 1772 606 ultimum
1801 558 2058 619 vestrum,

463 648 576 717 jam
604 646 817 718 placet,
847 647 902 702 in
928 645 1160 702 medium
1190 644 1555 717 proferamus?
1583 644 1723 700 Ecce
1745 687 1760 710 ,
1792 645 2059 716 inquiunt,

465 755 551 794 vos
604 739 780 794 tenetis
804 737 1106 794 Ecclesiam.
1133 739 1397 805 Quomodo
1423 756 1514 796 nos
1528 739 1802 811 suscipitis,
1822 739 1864 793 si
1892 739 1960 793 ad
1976 755 2062 795 vos

467 832 683 886 transire
697 831 1039 886 voluerimus?
1061 831 1302 887 Breviter
1329 831 1632 902 respondeo
1659 849 1672 885 :
1695 832 1784 888 Sic
1822 847 1917 888 vos
1937 846 2058 887 sus-

464 925 710 995 cipimus,
741 923 1012 995 quomodo
1063 925 1285 996 suscipit
1305 925 1569 992 Ecclesia,
1599 941 1759 996 quam
1789 927 1841 980 in
1863 926 2061 982 sanctis

462 1017 638 1073 Libris
666 1018 942 1075 canonicis
987 1019 1308 1075 invenimus.
1343 1019 1595 1090 Deposita
1634 1020 1831 1092 quippe
1856 1019 2062 1076 animo-

465 1111 622 1167 sitate
648 1112 1082 1180 contradicendi,
1111 1128 1215 1184 qua
1257 1121 1466 1169 tument
1493 1129 1680 1170 omnes
1717 1115 1807 1184 qui
1836 1114 2058 1172 veritate

465 1201 559 1256 Dei
588 1202 728 1259 vinci
750 1204 956 1271 nolunt,
981 1213 1036 1260 et
1065 1218 1157 1260 sua
1186 1204 1535 1274 perversitate
1568 1205 1875 1269 vincuntur,
1906 1205 2060 1260 facile

467 1295 692 1363 potestis
718 1296 1015 1368 intelligere
1057 1304 1113 1351 et
1156 1296 1206 1350 in
1233 1297 1390 1352 bonis
1437 1311 1554 1352 esse
1582 1306 1636 1352 et
1666 1297 1716 1351 in
1765 1297 1918 1352 malis
1962 1296 2060 1354 Sa-

463 1400 733 1442 cramenta
780 1388 992 1454 divina;
1033 1387 1128 1444 sed
1166 1387 1218 1443 in
1263 1387 1370 1443 illis
1407 1388 1476 1444 ad
1514 1388 1774 1454 salutem,
1824 1389 1875 1443 in
1904 1390 2059 1447 malis

461 1478 530 1533 ad
556 1478 969 1535 damnationem.
1013 1479 1078 1535 Et
1103 1495 1225 1535 cum
1264 1487 1468 1536 tantum
1505 1479 1668 1537 distet
1693 1480 1832 1536 inter
1851 1496 1945 1538 eos
1967 1481 2059 1552 qui

463 1566 582 1626 haec
622 1569 781 1641 digne
808 1571 1126 1642 indigneque
1148 1573 1510 1638 tractaverint,
1534 1572 1647 1642 ipsa
1671 1582 1845 1630 tamen
1867 1573 2058 1630 eadem

458 1668 624 1726 sunt,
669 1661 774 1716 illis
817 1662 882 1717 ad
915 1663 1188 1732 praemium
1220 1663 1449 1720 valentia
1477 1705 1493 1730 ,
1524 1664 1632 1720 illis
1679 1665 1746 1720 ad
1771 1665 2054 1736 judicium.

529 1752 618 1808 58.
649 1755 983 1827 Quapropter
1022 1756 1235 1827 quando
1265 1757 1446 1827 plures
1483 1773 1642 1828 quam
1669 1757 1905 1815 Joannes
1945 1760 2056 1815 Do-

459 1843 637 1900 minus
662 1845 992 1916 baptizabat,
1031 1848 1170 1904 sicut
1210 1849 1263 1904 in
1297 1849 1587 1921 Evangelio
1633 1853 1889 1923 scriptum
1938 1863 2053 1921 est,

455 1937 543 1992 ubi
588 1938 812 2007 subjecit
853 1939 1214 2011 Evangelista,
1271 1941 1514 2010 Quamvis
1559 1944 1666 2014 ipse
1699 1961 1800 1999 non
1828 1944 2056 2017 baptiza-

453 2030 680 2095 bat,sed
727 2031 962 2104 discipuli
1004 2035 1113 2106 ejus
1142 2033 1262 2108 (Id.
1295 2052 1367 2102 tv,
1396 2037 1449 2104 1,
1494 2036 1568 2108 2)
1619 2055 1631 2092 :
1678 2054 1799 2094 cum
1847 2047 2054 2098 tantum

451 2120 674 2178 distaret
718 2125 860 2178 inter
914 2124 1130 2180 Petrum
1189 2135 1244 2181 et
1282 2125 1507 2193 Judam,
1550 2127 1679 2183 nihil
1747 2139 1923 2186 tamen
1971 2132 2056 2186 di-

453 2213 628 2270 stabat
671 2214 809 2270 inter
848 2215 1176 2286 Baptismum
1215 2218 1308 2288 qui
1332 2218 1558 2274 dabatur
1588 2235 1682 2291 per
1708 2221 1930 2277 Petrum
1953 2264 1966 2289 ,
1997 2232 2056 2281 et

452 2306 541 2376 qui
584 2305 808 2362 dabatur
871 2323 968 2378 per
1018 2307 1232 2364 Judam.
1282 2309 1416 2366 Illud
1472 2311 1614 2368 enim
1669 2313 1812 2384 quod
1839 2330 1932 2385 per
1955 2331 2052 2372 eos

455 2396 702 2466 dabatur,
735 2415 900 2454 unum
923 2409 1058 2468 erat,
1082 2416 1204 2456 cum
1229 2401 1331 2472 ipsi
1376 2417 1483 2458 non
1513 2413 1697 2461 essent
1735 2422 1898 2463 unum
1927 2425 1942 2463 :
1991 2416 2050 2465 et

451 2489 584 2546 illud
623 2491 822 2547 Christi
853 2501 972 2549 erat
993 2534 1011 2562 ,
1041 2493 1252 2550 illorum
1283 2505 1464 2552 autem
1505 2512 1644 2552 unus
1690 2498 1758 2554 ad
1804 2499 2047 2556 membra

453 2584 671 2650 Christi,
694 2585 829 2642 alter
851 2586 920 2642 ad
946 2595 1154 2658 partem
1180 2587 1379 2644 diaboli
1411 2590 1731 2660 pertinebat.
1757 2591 1889 2648 Cum
1914 2607 2044 2650 vero

446 2674 683 2731 Joannes
727 2677 960 2748 Baptista
1003 2687 1058 2734 et
1093 2678 1291 2736 Paulus
1333 2681 1622 2752 Apostolus
1647 2699 1809 2738 unum
1836 2693 2040 2755 essent,

446 2768 569 2838 quia
595 2779 820 2841 uterque
846 2773 1030 2842 sponsi
1055 2773 1257 2829 amicus
1283 2782 1418 2840 erat,
1449 2783 1627 2832 tamen
1650 2779 1772 2848 quia
1794 2793 1900 2834 non
1925 2787 2045 2836 erat

447 2876 587 2916 unus
631 2862 926 2933 baptismus
963 2865 1054 2936 qui
1091 2865 1316 2922 dabatur
1340 2882 1370 2921 a
1396 2866 1636 2934 Joanne,
1661 2879 1715 2924 et
1739 2870 1828 2942 qui
1877 2871 2042 2928 daba-

446 2962 535 3009 tur
559 2969 589 3008 a
615 2954 798 3022 Paulo,
824 2956 984 3027 jussit
1020 2957 1214 3014 Paulus
1257 2957 1458 3016 Christi
1485 2960 1758 3032 Baptismo
1780 2964 2040 3035 baptizari

451 3062 565 3114 eos,
599 3049 692 3120 qui
735 3049 1000 3120 baptismo
1028 3050 1249 3108 Joannis
1296 3053 1507 3110 fuerant
1533 3055 1804 3125 baptizati.
1857 3057 2038 3128 Itaque

445 3137 536 3194 ille
563 3138 858 3210 baptismus
903 3141 1126 3199 Joannis
1179 3143 1352 3200 dictus
1398 3154 1523 3202 est:
1568 3146 1659 3217 qui
1713 3156 1892 3205 autem
1942 3166 2039 3219 per

445 3230 669 3288 Paulum
705 3232 860 3290 datus
890 3244 991 3300 est,
1037 3251 1144 3293 non
1169 3244 1253 3294 est
1296 3237 1468 3294 dictus
1513 3239 1811 3311 baptismus
1853 3242 2033 3310 Pauli;

440 3326 538 3382 sed
555 3328 713 3397 jussit
733 3345 834 3395 eos,
866 3330 1057 3402 inquit,
1087 3333 1332 3404 baptizari
1359 3333 1414 3387 in
1431 3330 1631 3390 Christo
1651 3334 1787 3407 (Act.
1814 3353 1909 3393 XIX
1931 3379 1945 3403 ,
1974 3339 2030 3405 4,

441 3417 539 3490 5).
594 3419 734 3477 Ecce
778 3438 941 3478 unum
974 3433 1100 3480 sunt
1143 3425 1377 3484 Joannes
1431 3435 1489 3483 et
1528 3427 1765 3496 Paulus,
1819 3439 1874 3486 et
1921 3448 2030 3487 non

440 3531 605 3571 unum
631 3516 759 3572 dant
788 3534 954 3576 :ecce
979 3535 1086 3576 non
1125 3529 1250 3576 sunt
1279 3538 1442 3578 unum
1470 3523 1661 3580 Petrus
1687 3533 1740 3580 et
1758 3524 1942 3590 Judas,
1977 3536 2034 3584 et

440 3623 605 3662 unum
635 3608 765 3664 dant
791 3629 804 3664 :
831 3620 885 3666 at
921 3627 1047 3667 vero
1071 3613 1261 3670 Petrus
1298 3625 1354 3670 et
1379 3615 1576 3671 Paulus
1613 3624 1668 3672 et
1693 3633 1856 3674 unum
1882 3629 2027 3685 sunt,

439 3707 495 3753 et
521 3715 685 3754 unum
712 3701 862 3756 dant.
895 3702 1167 3759 Abraham
1204 3715 1259 3761 et
1283 3705 1564 3763 Cornelius
1599 3723 1669 3764 ex
1702 3709 1808 3765 ﬁde
1829 3710 2027 3780 justiﬁ-

439 3789 541 3844 cati
573 3806 734 3845 unum
759 3799 914 3858 sunt,
937 3803 990 3849 et
1027 3810 1134 3850 non
1164 3812 1325 3851 unum
1364 3797 1766 3856 Sacramentum
1803 3817 2027 3873 accepe-

437 3889 563 3936 runt
596 3899 609 3935 :
661 3883 893 3954 itemque
934 3884 1213 3941 Cornelius
1238 3895 1294 3942 et
1331 3887 1516 3944 Simon
1554 3891 1734 3961 Magus
1762 3907 1869 3949 non
1905 3903 2032 3951 sunt

439 3988 602 4027 unum
629 4015 642 4038 ,
684 3982 738 4029 et
783 3991 944 4030 unum
993 3976 1394 4036 Sacramentum
1429 3995 1748 4052 acceperunt
1772 4002 1786 4040 :
1814 3995 1869 4042 at
1901 4003 2029 4043 vero

438 4064 714 4121 Cornelius
738 4109 754 4131 ,
801 4076 856 4123 et
902 4068 990 4125 ille
1021 4069 1209 4141 spado,
1250 4087 1410 4143 quem
1451 4075 1730 4146 Philippus
1753 4077 1807 4132 in
1836 4079 2028 4137 itinere

437 4155 746 4227 baptizavit,
802 4169 857 4215 et
899 4177 1064 4216 unum
1117 4174 1260 4231 sunt,
1317 4173 1372 4220 et
1419 4182 1580 4223 unum
1621 4167 2028 4231 Sacramentum

435 4259 761 4320 acceperunt
799 4251 920 4325 (Id.
968 4270 1002 4310 x
1029 4296 1043 4321 ,
1094 4254 1163 4312 48
1186 4298 1202 4324 ,
1233 4267 1281 4312 et
1311 4274 1422 4327 vni,
1449 4261 1535 4327 15,
1582 4261 1709 4335 58).
1734 4263 1866 4320 Cum
1896 4283 2028 4338 ergo

435 4357 601 4398 unum
631 4351 715 4398 est
755 4343 1182 4414 Sacramentum,
1212 4365 1314 4406 nec
1329 4350 1526 4408 diversi
1553 4353 1790 4422 datores,
1818 4373 1917 4413 nec
1939 4359 2025 4416 di-

433 4434 572 4490 versi
585 4445 926 4508 perceptores
938 4439 1135 4495 faciunt
1146 4449 1320 4498 utnon
1338 4443 1407 4498 sit
1422 4461 1582 4501 unum
1592 4448 1733 4518 quod
1751 4465 1911 4505 unum
1923 4460 2025 4508 est.

503 4526 594 4582 59.
645 4524 736 4583 Isti
775 4538 951 4586 autem
994 4531 1123 4588 dum
1168 4535 1353 4591 volunt
1399 4538 1673 4596 hominum
1719 4557 1838 4599 esse
1882 4546 2025 4616 quod

435 4617 631 4676 Christi
666 4631 748 4678 est
769 4664 786 4690 ,
815 4639 903 4680 res
941 4623 1258 4682 falsissimas
1283 4638 1339 4686 et
1365 4631 1776 4691 absurdissimas
1801 4653 2022 4707 persua~

435 4713 565 4770 dere
591 4726 872 4783 conantur,
896 4727 955 4774 ut
979 4735 1146 4791 prope
1168 4730 1246 4776 tot
1261 4723 1371 4778 sint
1389 4723 1659 4796 baptismi,
1685 4738 1816 4800 quot
1844 4731 2022 4788 homi-

431 4818 528 4858 nes
559 4820 654 4874 per
679 4823 814 4878 quos
842 4809 1054 4866 dantur.
1102 4811 1282 4883 Itaque
1324 4814 1453 4870 illud
1482 4819 1626 4888 quod
1671 4821 1925 4880 Dominus
1947 4829 2023 4882 ait

433 4893 500 4948 de
527 4893 744 4953 homine
765 4908 820 4955 et
848 4917 1010 4971 opere
1027 4903 1278 4969 hominis,
1305 4905 1467 4961 Arbor
1487 4908 1618 4964 bona
1638 4911 1794 4967 bonos
1822 4917 2019 4984 fructus

430 4986 573 5058 facit,
615 4989 766 5044 arbor
797 4994 935 5048 mala
970 4996 1131 5051 malos
1149 5001 1341 5069 fructus
1364 4998 1488 5068 facit
1517 4999 1730 5074 (Matth.
1761 5019 1856 5073 vn,
1888 5007 2014 5079 I7);

425 5077 514 5132 isti
535 5078 602 5133 ad
629 5079 732 5135 hoc
755 5081 1078 5155 detorquere
1102 5098 1385 5157 conantur,
1415 5101 1472 5146 ut
1501 5107 1531 5148 a
1549 5093 1688 5150 bono
1717 5077 2017 5166 baptizatus

425 5169 602 5226 bonus
624 5172 713 5241 sit,
736 5182 790 5229 et
813 5190 843 5230 a
866 5178 1005 5234 malo
1027 5180 1321 5253 baptizatus
1341 5185 1515 5242 malus
1537 5189 1626 5243 sit.
1656 5189 1808 5247 Unde
1833 5195 2015 5264 sequi-

424 5269 514 5318 tur
541 5277 656 5328 eos,
689 5265 894 5322 etiamsi
922 5271 1183 5338 nolint,ut
1205 5291 1234 5330 a
1259 5277 1481 5336 meliore
1507 5279 1804 5350 baptizatus
1824 5286 2016 5344 melior

423 5355 512 5425 sit,
548 5366 600 5412 et
630 5357 698 5414 ab
720 5359 972 5418 inferiore
1013 5365 1311 5436 baptizatus
1348 5372 1569 5430 inferior
1593 5376 1680 5432 sit.
1723 5377 1803 5434 Ex
1828 5396 1934 5451 quo
1957 5383 2014 5439 Iit

421 5458 478 5503 ut
524 5450 596 5505 illi
644 5467 776 5523 quos
818 5463 945 5512 ante
997 5457 1205 5515 Domini
1240 5465 1538 5531 passionem
1568 5484 1671 5524 non
1699 5471 1813 5542 ipse
1848 5450 2012 5532 iJesns

419 5537 742 5610 baptizabat,
783 5546 875 5601 sed
904 5547 1146 5619 discipuli
1187 5553 1332 5622 ejus,
1364 5559 1532 5614 multo
1562 5537 1796 5620 sanctius
1822 5583 2009 5624 nasce«

423 5641 638 5701 rentur,
665 5635 708 5689 si
738 5638 804 5692 ab
836 5638 953 5709 ipso
988 5640 1398 5711 baptizarentur.
1429 5650 1559 5716 Quis
1589 5655 1730 5711 enim
1757 5659 1840 5714 vel
1860 5662 2008 5732 cogi-

480 5739 553 5804 (a)
585 5745 720 5808 olim,
747 5763 850 5812 cap.
892 5753 964 5802 18.

1527 241 1800 300 CONTRA
1841 237 2269 300 DONATISTAS
2306 244 2659 318 EPISTOLA,
3673 273 3758 330 α

2175 367 2292 418 tare
2327 367 2515 434 possit,
2543 378 2800 440 quantum
2836 371 3092 432 intererat
3131 377 3271 436 inter
3298 381 3498 453 ipsum,
3543 394 3600 442 et
3624 389 3767 450 disci.

2174 455 2330 524 pulos
2373 457 2489 528 ejus
2531 475 2562 516 a
2590 462 2786 532 quibus
2824 465 3269 538 baptizabantur?
3294 474 3436 548 Ergo
3475 479 3667 536 invidit
3699 488 3767 548 eis;

2173 551 2494 608 sanctiorem
2515 559 2914 626 generationem
2932 605 2946 629 ,
2974 580 3109 638 quos
3137 581 3168 621 a
3196 568 3478 642 discipulis
3516 575 3632 631 suis
3661 592 3767 636 sese

2173 640 2262 699 hic
2287 648 2576 743 constituto
2596 654 2780 709 maluit
2810 655 3104 743 baptizari?
3137 661 3292 730 Quod
3314 640 3506 738 utique
3540 672 3760 743 quisquis

2172 730 2381 799 credit,
2423 732 2643 793 insanus
2677 750 2780 796 est.
2805 741 2944 810 Quid
2969 759 3097 817 ergo
3133 747 3391 809 Dominus
3409 730 3492 810 ’θα
3523 730 3643 826 ipso

2171 833 2473 882 monstrare
2501 827 2749 901 dignatus
2765 844 2867 902 est,
2895 836 2999 892 nisi
3025 853 3180 897 suum
3208 857 3331 901 esse
3355 847 3506 916 quod
3535 848 3755 918 daretur,

2171 928 2269 1012 per
2292 920 2583 988 quemlibet
2605 924 2822 982 daretur
2842 945 2857 993 ;
2882 936 2937 986 et
2964 945 3024 987 se
3044 932 3334 1004 baptizare,
3352 939 3422 996 de
3439 957 3560 1012 quo
3576 946 3767 1012 amicus,

2171 1007 2262 1064 ille
2287 1014 2472 1081 sponsi
2497 1013 2724 1086 dixerat,
2756 1019 2858 1076 Hic
2878 1030 2949 1078 est
2971 1027 3059 1096 qui
3077 1026 3302 1099 baptism
3323 1032 3341 1103 (
3362 1007 3531 1090 latin.
3563 1053 3602 1101 ι,
3635 1040 3754 1110 35);

2169 1115 2266 1201 per
2291 1104 2576 1201 cujuslibet
2597 1127 2787 1170 manus
2807 1117 3038 1176 ministri
3067 1121 3452 1195 baptizaretur,
3476 1131 3576 1201 qui
3601 1104 3767 1196 credis

2169 1193 2337 1251 disset
2362 1197 2414 1252 in
2440 1202 2598 1256 eum?
2627 1204 2764 1261 Dicit
2789 1209 2950 1267 etiam
2982 1212 3200 1283 Paulus,
3229 1193 3444 1276 Gratias
3474 1193 3606 1291 :3...
3639 1233 3754 1297 quod

2168 1290 2416 1344 neminem
2436 1303 2654 1350 uestrum
2675 1298 2923 1370 baptizari
2945 1344 2960 1368 ,
2991 1305 3090 1360 nisi
3125 1306 3365 1381 Crispum
3397 1323 3446 1368 et
3472 1315 3680 1382 Gaium,
3709 1307 3767 1388 ιιι]

2166 1382 2280 1452 quis
2303 1384 2438 1438 dicat
2476 1388 2612 1458 quod
2635 1390 2688 1444 in
2704 1395 2904 1449 nomine
2919 1413 3028 1452 meo
3052 1398 3344 1474 baptisaui(
3377 1407 3395 1460 I
3427 1407 3556 1464 Cor.
3585 1427 3636 1477 ι,
3666 1415 3751 1480 II,

2169 1473 2298 1543 I5).
2329 1474 2400 1530 Et
2436 1477 2538 1535 iste
2565 1496 2695 1553 ergo
2719 1486 2970 1544 credatur
3008 1490 3266 1552 invidisse
3313 1473 3632 1559 hominibus

2166 1565 2356 1623 liorem
2384 1573 2879 1648 sanctiﬁcationem,
2907 1583 2953 1638 sl
2977 1596 3177 1655 quanto
3215 1593 3411 1648 melior
3435 1605 3560 1651 erat
3579 1640 3593 1664 ,
3626 1607 3767 1658 tanto.

2164 1659 2356 1756 melius
2394 1671 2644 1732 poterant
2685 1668 2966 1741 baptizari,
2994 1678 3084 1747 qui
3114 1679 3303 1738 abillo
3341 1659 3749 1756 baptizarentur.

2169 1751 2283 1809 Imo
2322 1769 2453 1812 vero
2477 1757 2545 1813 ad
2573 1758 2675 1816 hoc
2703 1763 2878 1832 ipsum
2904 1767 3140 1840 vigilavit
3160 1751 3462 1834 cautissimi
3487 1791 3548 1836 et
3574 1781 3767 1840 ﬁdelis.

2164 1843 2285 1899 simi
2310 1845 2696 1916 dispensatoris
2718 1854 2964 1926 intentio,
2992 1877 3058 1917 ne
3075 1865 3356 1937 quisquam
3375 1870 3504 1928 ideo
3531 1877 3767 1933 sanctius?

2163 1951 2223 1991 se
2247 1937 2569 2009 baptizatum
2598 1954 2838 2017 putaret,
2869 1952 3010 2021 quod
3037 1969 3068 2010 a
3096 1957 3348 2016 ministro
3374 1967 3647 2024 sanctiore
3671 1963 3767 2025 bs?

2161 2030 2472 2100 ptizaretur,
2505 2045 2562 2092 et
2588 2039 2729 2107 quod
2761 2041 2973 2101 Domini
2999 2058 3148 2116 erat,
3181 2067 3345 2110 servo
3372 2059 3654 2117 tribuent.

2232 2122 2320 2225 (30.
2348 2123 2480 2180 Cum
2505 2127 2662 2200 igitur
2679 2133 2804 2190 boni
2821 2145 2875 2193 et
2890 2139 3013 2195 mali
3041 2140 3173 2199 dent
3195 2155 3253 2201 et
3279 2150 3554 2221 accipiant
3581 2155 3741 2228 Bspti-
3766 2171 3767 2212 1

2158 2214 2261 2268 smi
2311 2230 2744 2291 sacramentum,
2799 2243 2900 2285 nec
2948 2238 3247 2304 regenerati
3303 2214 3670 2310 spiritaliter.
3700 2251 3740 2303 in

2157 2318 2352 2402 corpus
2406 2319 2460 2366 et
2503 2315 2741 2374 membra
2782 2317 2982 2378 Christi
3029 2327 3427 2389 coaediﬁcentur
3465 2339 3571 2393 nisi
3599 2339 3767 2402 boni;l

2156 2401 2398 2470 profecto
2425 2405 2477 2460 in
2505 2407 2660 2465 bonis
2691 2421 2775 2469 est
2798 2414 2886 2470 illa
2913 2415 3155 2476 Ecclesia
3174 2465 3189 2490 ,
3222 2426 3309 2480 cui
3333 2425 3538 2486 dicitur
3565 2449 3580 2486 :
3614 2401 3740 2488 Sicut
3766 2453 3767 2464 π

2156 2489 2322 2548 lilium
2360 2498 2414 2552 in
2454 2501 2620 2557 medio
2659 2505 2943 2576 spinarum,
2973 2512 3044 2568 ita
3074 2517 3308 2584 proxima
3346 2535 3463 2577 mea
3499 2527 3555 2580 in
3595 2529 3736 2583 medio
3766 2543 3767 2598 ξ

2154 2583 2380 2652 ﬁliarum
2417 2588 2436 2660 (
2459 2589 2606 2646 Cant.
2658 2611 2711 2660 ιι,
2753 2596 2790 2650 2
2811 2599 2854 2671 ).
2882 2598 2940 2655 In
2966 2600 3050 2658 his
3076 2583 3159 2661 est
3201 2609 3344 2665 enim
3371 2615 3464 2683 qui
3492 2617 3734 2674 aedificem
3766 2595 3767 2612 ἦ

2152 2690 2316 2776 super
2344 2690 2549 2776 petram
2575 2726 2589 2751 ,
2619 2686 2670 2742 id
2699 2698 2785 2745 est
2804 2731 2820 2757 ,
2849 2694 2940 2762 qui
2984 2696 3206 2756 audiunt
3250 2703 3410 2761 verba
3436 2707 3664 2776 Christi,
3688 2721 3732 2768 et
3766 2727 3767 2732 ‘

2149 2767 2351 2827 faciunt
2379 2791 2392 2828 :
2419 2775 2539 2846 quia
2581 2785 2636 2833 et
2676 2779 2838 2838 Petro
2863 2785 3136 2845 confitenti
3163 2805 3222 2848 se
3249 2791 3532 2854 Christum
3560 2767 3727 2856 Filium

2148 2861 2264 2928 Dei,
2288 2864 2367 2920 sic
2393 2866 2469 2922 ait
2494 2884 2508 2920 :
2535 2867 2604 2923 Et
2625 2887 2780 2942 super
2797 2873 2928 2931 hanc
2953 2889 3150 2950 petram
3170 2885 3435 2956 testiﬁcatio
3466 2890 3728 2950 Ecclesism
3766 2923 3767 2952 ;

2146 2973 2312 3012 meam
2338 2957 2560 3033 (Matth.
2593 2979 2700 3029 xvr,
2732 2967 2862 3039 I8).
2890 2969 3008 3028 Non
3037 2983 3120 3030 est
3140 2991 3270 3048 ergo
3297 2979 3350 3036 in
3379 2982 3461 3040 eis
3495 2988 3585 3056 qui
3609 2987 3721 3042 cedi-

2147 3050 2307 3106 ticant
2336 3068 2498 3125 super
2525 3071 2767 3128 arenam,
2790 3061 2841 3117 id
2858 3073 2960 3130 est,
2982 3067 3069 3136 qui
3085 3069 3310 3127 audiunt
3330 3075 3497 3132 verba
3513 3050 3720 3145 Christi,
3766 3113 3767 3142 ι

2143 3156 2199 3201 et
2224 3161 2331 3202 non
2365 3147 2582 3206 iaciunt.
2616 3153 2737 3224 Ipse
2775 3158 2920 3213 enim
2949 3158 3123 3217 dixit:
3151 3164 3252 3232 Qui
3285 3168 3431 3224 audit
3459 3172 3610 3227 verba
3631 3190 3725 3227 mea

2143 3239 2252 3296 [uec
2271 3251 2317 3296 et
2338 3244 2460 3314 facit
2480 3261 2557 3311 ea,
2599 3248 2830 3306 similabo
2867 3269 2982 3306 eum
3006 3255 3114 3311 viro
3142 3259 3391 3328 sapienti,
3416 3267 3509 3333 qui
3527 3267 3724 3336 redi/im

2142 3331 2347 3387 domum
2389 3351 2538 3390 suam
2582 3355 2736 3411 super
2764 3352 2979 3409 petram.
3025 3345 3095 3402 Et
3143 3349 3338 3406 ibidem
3389 3331 3556 3424 paqu
3581 3331 3716 3428 post:

2144 3427 2246 3494 Qui
2272 3429 2436 3496 audit,
2462 3431 2652 3503 inquit,
2685 3434 2834 3491 verba
2852 3453 2963 3493 mea
2980 3439 3109 3507 hac,
3133 3451 3182 3496 et
3210 3460 3312 3499 non
3341 3450 3465 3517 facit
3495 3427 3718 3518 eiushui-

2139 3519 2254 3574 laba
2277 3537 2392 3576 eum
2428 3523 2534 3578 viro
2559 3526 2734 3592 stulto,
2773 3530 2860 3600 qui
2881 3532 3104 3601 aedificat
3132 3535 3337 3593 domum
3385 3557 3540 3598 suam
3584 3561 3716 3612 super

2137 3629 2346 3668 arenam
2377 3614 2490 3688 (Id.
2519 3633 2626 3687 vn,
2649 3618 2740 3687 24,
2765 3620 2836 3677 26
2852 3621 2894 3694 ).
2923 3623 3025 3691 Qui
3063 3640 3192 3699 ergo
3223 3644 3485 3705 compago
3512 3637 3716 3693 charita-

2137 3705 2205 3759 tis
2234 3705 2557 3779 incorporati
2586 3720 2712 3767 sunt
2739 3713 2968 3772 aedilicio
2993 3731 3157 3788 super
3189 3728 3394 3791 petram
3415 3730 3707 3797 constituto,
3766 3705 3767 3714 ἶ

2136 3806 2190 3853 et
2212 3799 2324 3856 lilio
2349 3800 2492 3858 inter
2512 3805 2695 3875 spinas
2720 3809 2969 3866 candenti
2997 3853 3013 3879 ,
3040 3812 3142 3883 ipsi
3166 3816 3351 3887 utique
3386 3824 3713 3892 possidebunt
3766 3893 3767 3904 χ

2135 3908 2356 3964 regnum
2383 3895 2500 3954 Dei.
2534 3897 2635 3966 Qui
2680 3908 2857 3958 autem
2886 3917 3050 3974 super
3078 3921 3300 3964 arenam
3327 3912 3622 3983 aediﬁcant,
3643 3915 3711 3971 vel
3766 3895 3767 3946 Ῠ

2135 3985 2188 4040 in
2227 3987 2398 4057 spinis
2439 3988 2783 4060 deputantur,
2814 3996 2933 4066 quis
2985 3997 3308 4059 dubitaverit
3347 4009 3490 4078 quod
3511 4025 3709 4082 regnum

2134 4076 2233 4132 Dei
2286 4094 2394 4135 non
2437 4083 2819 4152 possidebunt?
2841 4085 2980 4144 Nihil
3027 4091 3210 4164 utique
3274 4076 3468 4156 talibus
3521 4076 3708 4173 prbdest

2132 4168 2388 4243 Baptismi
2439 4185 2829 4234 sacramentum
2878 4197 2894 4236 :
2955 4196 3055 4238 nec
3127 4192 3304 4244 tamen
3363 4168 3580 4264 propter
3634 4207 3708 4249 eo-

2131 4279 2251 4318 rum
2293 4264 2538 4324 instabile
2580 4267 2981 4330 Iundamentum
3030 4279 3375 4353 sterilemque
3427 4289 3699 4351 malitiam,

2132 4358 2290 4414 etia
2350 4360 2698 4421 Sacramento
2751 4366 2895 4437 quod
2952 4367 3194 4441 habent,
3243 4375 3351 4431 ulla
3403 4379 3591 4452 injuria
3635 4379 3701 4435 Ia-

2131 4449 2322 4506 cienda
2348 4462 2450 4509 est.

2194 4542 2422 4602 CAPUT
2460 4546 2626 4603 XXII.
2657 4579 2722 4591 —
2749 4550 2837 4607 61.
2873 4553 3104 4612 Proinde
3125 4556 3178 4612 in
3219 4558 3338 4616 loco
3374 4562 3470 4620 illo
3498 4582 3560 4622 es
3595 4565 3701 4636 Epi-

2129 4641 2264 4696 stola
2301 4642 2452 4700 Pauli
2491 4649 2751 4715 apostoli,
2783 4665 2943 4720 quam
2984 4655 3200 4725 scripsit
3228 4657 3293 4713 ad
3319 4659 3573 4727 Galatas,
3601 4661 3696 4716 sine

2127 4733 2304 4790 studio
2327 4739 2687 4796 contentionis
2710 4741 2996 4813 advertite,
3028 4763 3187 4819 quam
3215 4761 3362 4809 recte
3390 4753 3501 4820 ﬂat,
3529 4764 3581 4810 nt
3607 4755 3696 4808 Inr-

2127 4827 2347 4883 retieum
2404 4832 2734 4902 corrigentes
2775 4851 3035 4907 errorem,
3083 4842 3129 4898 si
3171 4843 3574 4906 Sacramentum
3611 4849 3693 4903 hoc

2126 4916 2325 4976 habent
2347 4922 2488 4992 quod
2521 4925 2718 4982 habere
2737 4927 3057 4999 debuerunt,
3103 4936 3232 4992 illud
3268 4941 3532 5011 accipiant
3573 4940 3691 5014 quod

2125 5011 2204 5069 eis
2252 5016 2454 5085 deerat,
2505 5035 2610 5076 non
2656 5023 2988 5095 improbetur
3023 5035 3079 5085 et
3129 5031 3532 5103 blasphemetur
3572 5011 3690 5108 quod

2124 5106 2312 5164 inerat.
2344 5109 2640 5184 Manifesta,
2670 5115 2858 5187 inquit,
2900 5129 3020 5174 sunt
3041 5136 3197 5191 Opera
3229 5127 3399 5180 carnis
3423 5169 3436 5191 ,
3465 5106 3688 5198 quiescat

2122 5201 2498 5272 fornicationes,
2529 5206 2886 5276 immunditiis,
2904 5212 3124 5268 luxuria:
3142 5257 3156 5282 ,
3199 5217 3456 5275 idolorum
3485 5222 3682 5282 servitus.

2119 5294 2378 5363 veneﬁcia,
2406 5297 2702 5366 inimicitiae,
2731 5305 3091 5374 contentiones,
3119 5310 3490 5379 aemulationes,
3522 5314 3686 5368 animo-

2118 5386 2306 5452 sitates,
2334 5389 2668 5448 dissensiones
2686 5435 2699 5458 ,
2730 5395 2963 5464 hereses,
2993 5399 3195 5456 invidiae
3214 5445 3227 5469 ,
3257 5405 3521 5464 ebrietates
3538 5450 3552 5476 ,
3572 5421 3682 5461 com-

2117 5479 2386 5536 essationes
2421 5524 2434 5549 ,
2479 5492 2525 5536 et
2567 5485 2646 5539 his
2687 5487 2908 5554 similia;
2942 5508 3057 5563 qute
3110 5495 3331 5564 praedico
3373 5500 3530 5567 vobis,
3574 5499 3678 5553 sicut

2116 5573 2352 5643 praedixi,
2383 5577 2621 5644 quoniam
2645 5581 2730 5649 qui
2747 5581 2871 5636 talia
2887 5596 3062 5654 agunt,
3089 5604 3298 5659 regnum
3326 5589 3426 5648 Dei
3452 5611 3550 5650 non
3578 5607 3679 5664 pot-

2113 5663 2344 5720 sidebant
2393 5667 2666 5738 (Galat.v,
2702 5672 2908 5746 19-21).
2943 5677 3022 5748 (a)
3065 5679 3261 5739 Omnes
3285 5684 3466 5757 itaque
3483 5663 3678 5746 istinon
3766 5663 3767 5757 ξ

2182 5779 2255 5842 (a)
2291 5779 2410 5850 Olim
2433 5781 2509 5834 hic
2530 5796 2635 5848 cap.
2665 5785 2742 5850 I9,
2767 5789 2894 5851 apud
2913 5799 3014 5840 Am.
3039 5799 3090 5843 et
3111 5799 3183 5842 Er.
