3792 6138
7 271 123 330 ιὸἹ

11 402 150 451 sunt
182 391 241 449 in
268 390 384 448 lilio
402 429 420 458 ,
445 401 547 445 nec
569 399 735 458 super
757 388 963 456 petram
1010 397 1025 435 κ
1055 377 1196 435 inter
1236 377 1336 432 hos
1365 382 1545 430 autem
1577 377 1636 426 et

13 484 276 541 haeretici
297 480 458 554 positi
483 488 631 534 sunt.
648 476 760 534 Cur
778 489 907 546 ergo
925 486 1043 539 vos,
1067 479 1127 526 ut
1145 469 1388 525 omittam
1409 472 1628 528 caetera,

17 594 138 634 non
171 552 606 647 bapti'aatispost
631 568 872 626 ebriosos
899 606 914 633 ,
939 563 1258 626 luxuriosos,
1284 557 1511 624 invidos,
1543 552 1648 626 qui

17 683 264 741 regnum
298 666 396 724 Dei
424 680 535 720 non
574 659 963 735 possidebunt,
994 664 1050 713 et
1085 654 1210 710 ideo
1250 653 1304 708 in
1343 659 1493 723 petra
1530 659 1640 704 non

23 771 197 828 sunt;
230 771 288 819 et
313 760 438 832 quia
463 758 518 814 in
547 765 696 828 petra
721 769 829 809 non
858 761 1016 818 sunt,
1048 743 1234 821 procul
1259 745 1423 803 dubio
1448 744 1503 799 in
1532 742 1639 798 Ec-

23 857 206 913 clesia
228 870 335 910 non
360 853 715 923 deputantur;
740 847 865 919 quia
891 859 1042 918 super
1062 843 1193 900 hanc
1208 850 1424 914 petram,
1449 836 1636 909 inquit,

26 949 312 1021 adi/icubo
337 946 624 1004 Ecclesium
652 958 816 1000 meum
838 952 858 996 :
883 949 938 997 et
966 954 1064 994 nos
1090 937 1109 970 ⁸
1135 935 1298 992 vultis
1321 942 1380 989 ut
1402 930 1643 1002 baptize-

29 1060 160 1098 mus
189 1049 318 1114 post
342 1038 645 1103 haereticos,
667 1034 758 1106 qui
783 1033 924 1089 inter
951 1029 1170 1087 easdem
1210 1027 1392 1098 spinas
1420 1036 1646 1095 regnum

29 1137 132 1193 Dei
167 1151 284 1192 non
311 1143 650 1205 possessuras
687 1123 984 1184 enumerati
1008 1129 1170 1190 sunt,
1199 1127 1254 1177 et
1279 1117 1473 1191 quibus
1494 1114 1648 1172 simi-

33 1231 166 1286 liter
222 1229 570 1285 Sacramenta
612 1221 815 1288 insunt,
862 1217 1076 1290 quando
1118 1213 1306 1272 eadem
1349 1220 1509 1276 sunt;
1552 1207 1649 1265 sed

34 1339 150 1379 non
186 1328 434 1394 prosunt,
462 1316 588 1389 quia
613 1330 736 1372 cum
782 1312 871 1368 illa
912 1318 1058 1366 recta
1107 1307 1233 1374 sint,
1285 1293 1384 1376 ipsi
1411 1300 1650 1376 perversi

37 1425 170 1471 sunt
185 1413 213 1468 2

113 1508 216 1564 62.
258 1506 389 1564 Haec
423 1503 540 1560 sine
563 1497 856 1574 pertinacia
877 1495 1282 1553 considerantes
1313 1499 1471 1562 atque
1509 1487 1656 1560 cogi-

47 1613 254 1667 tantes,
282 1599 440 1656 facile
461 1594 684 1668 potestis
708 1590 1008 1662 intelligere
1031 1630 1045 1654 ,
1077 1584 1131 1643 id
1157 1587 1210 1642 in
1235 1595 1453 1655 quoque
1479 1580 1656 1637 corri-

45 1693 293 1765 gendum
332 1704 454 1747 esse
479 1685 622 1759 quod
661 1697 886 1756 pravum
911 1688 1028 1747 est,
1050 1675 1194 1750 quod
1237 1684 1414 1733 autem
1451 1683 1655 1730 rectum

49 1798 158 1855 est,
187 1779 637 1857 npprobandum;
664 1786 719 1834 et
745 1775 849 1832 hoc
878 1772 1115 1830 dandum
1144 1785 1266 1827 esse
1293 1769 1434 1841 quod
1464 1767 1655 1835 deerit,

49 1877 204 1950 quod
229 1885 412 1932 autem
439 1872 616 1937 inerit,
644 1866 1061 1942 agnoscendum.
1087 1864 1320 1920 Veniens
1343 1859 1521 1932 itaque
1545 1858 1660 1914 hae-

55 1973 268 2030 reticus
294 1977 356 2026 ut
381 1966 674 2024 catholicus
700 1964 814 2029 tiat,
842 1973 1086 2016 errorem
1110 1957 1344 2027 corrigat
1365 1953 1658 2025 prpprium,

56 2081 170 2121 non
209 2061 417 2120 Christi
459 2057 623 2116 violet
651 2056 1052 2113 Sacrameutum
1083 2068 1097 2104 :
1125 2048 1350 2119 accipiat
1396 2045 1665 2101 vinculum

61 2156 213 2227 pacis
255 2151 405 2225 quod
433 2165 540 2208 non
566 2147 800 2205 habebat
817 2188 832 2212 ,
861 2146 982 2203 sine
1019 2157 1126 2216 quo
1154 2142 1232 2198 illi
1261 2138 1519 2213 prodesse
1558 2151 1667 2194 non

62 2252 278 2317 poterat
297 2243 566 2314 Baptismo
591 2239 734 2313 quod
777 2237 1025 2293 habebat.
1063 2234 1361 2304 Utrumque
1395 2230 1537 2286 enim
1568 2243 1670 2285 ne-

65 2337 370 2396 cessarium
415 2340 502 2390 est
535 2332 605 2390 ad
636 2343 859 2402 regnum
888 2327 984 2385 Dei
1022 2324 1420 2398 adipiscendum
1445 2363 1461 2390 ,
1483 2332 1538 2380 et
1563 2319 1671 2376 Ba-

65 2436 326 2505 ptismus,
349 2439 407 2487 et
426 2426 649 2500 justitia.
681 2425 751 2482 Et
774 2425 828 2481 in
849 2429 1219 2494 contemptore
1243 2418 1458 2490 quidem
1485 2415 1670 2486 Bapti-

68 2527 174 2581 smi
203 2523 402 2582 Christi
427 2538 536 2578 non
557 2526 732 2592 potest
755 2531 876 2574 esse
898 2514 1102 2586 jnstitia
1127 2530 1141 2566 :
1169 2511 1470 2582 Baptismus
1493 2515 1674 2562 autem

71 2628 124 2673 et
167 2619 226 2674 in
265 2631 332 2672 eo
377 2614 471 2686 qui
506 2611 768 2684 justitiam
806 2625 916 2666 non
942 2607 1140 2672 habet,
1171 2613 1348 2676 potest
1392 2618 1547 2666 esse,
1579 2600 1677 2658 sed

74 2727 184 2768 non
214 2719 391 2782 potest
421 2707 694 2779 prodesse.
719 2704 872 2762 Sicut
894 2703 1038 2759 enim
1069 2700 1282 2756 Veritas
1301 2696 1453 2762 dixit,
1479 2696 1540 2752 Si
1565 2695 1679 2766 quis

77 2826 186 2865 non
221 2814 428 2862 renatus
458 2800 613 2876 fuerit
655 2817 720 2857 ea:
747 2815 881 2870 aqua
922 2806 970 2852 et
1009 2796 1215 2868 spiritu,
1249 2809 1350 2847 non
1389 2790 1596 2846 intrabit
1623 2789 1680 2844 in

79 2916 297 2972 regnum
338 2895 580 2953 calorum
617 2891 800 2966 (Joan.
843 2907 938 2959 ιιι,
971 2889 1072 2959 5);
1120 2887 1195 2942 ita
1237 2884 1426 2942 eadem
1468 2883 1680 2939 Veritas

82 2993 242 3057 dixit,
269 2989 392 3046 Nisi
424 2985 754 3043 abundaverit
775 2982 978 3056 justitia
1005 2989 1170 3036 uestra
1193 2993 1351 3049 super
1379 2974 1682 3033 Scribarum

83 3097 128 3140 et
175 3082 564 3139 Pharisaornm
588 3121 604 3145 ,
644 3094 746 3133 non
798 3073 1048 3131 intrabitis
1089 3072 1145 3127 in
1181 3085 1394 3144 regnum
1441 3068 1684 3124 caelorum

87 3177 303 3251 (Matth.
335 3191 388 3241 v,
413 3173 510 3242 ‘20)
538 3191 552 3228 :
583 3179 641 3228 ut
681 3184 785 3226 non
829 3168 1136 3238 liaptismus
1172 3166 1320 3222 solus
1343 3205 1359 3230 ,
1382 3162 1478 3218 sed
1520 3161 1684 3218 etiam

85 3270 293 3342 iustitia
340 3265 596 3338 perducat
621 3262 690 3319 ad
728 3275 985 3332 regnum;
1012 3259 1098 3314 cui
1139 3265 1317 3312 autem
1361 3255 1449 3310 vel
1476 3262 1684 3308 utrum-

91 3378 230 3434 que,
263 3360 349 3416 vel
390 3372 552 3414 unum
593 3353 857 3421 defuerit,
887 3354 1014 3408 illuc
1047 3353 1330 3423 pervenire
1365 3362 1473 3403 non
1492 3345 1682 3418 possit.

91 3456 431 3525 Quapropter
485 3463 605 3507 cum
659 3447 866 3503 dicatur
919 3443 1225 3510 hmreticis,
1280 3439 1489 3498 Iustitia
1535 3437 1690 3494 vobis

94 3547 283 3610 deest,
312 3558 474 3615 quam
512 3541 628 3596 sine
660 3537 923 3594 charitate
965 3551 1029 3591 ac
1054 3533 1270 3589 vinculo
1303 3531 1448 3604 pacis
1489 3529 1692 3585 habere

96 3638 278 3695 nullus
308 3642 487 3707 potest
510 3651 526 3700 ;
547 3645 776 3702 cumque
816 3639 872 3686 et
915 3629 1017 3698 ipsi
1047 3627 1342 3690 fateantur,
1366 3623 1566 3679 multos
1584 3621 1691 3676 Ba-

97 3733 354 3804 ptismum
395 3727 595 3786 habere
619 3769 634 3794 ,
661 3735 717 3783 et
739 3724 998 3795 justitiam
1029 3737 1136 3778 non
1180 3720 1400 3786 habere,
1431 3725 1486 3773 et
1508 3717 1555 3773 si
1581 3729 1693 3770 non

100 3825 405 3888 fateantur,
447 3833 544 3876 eos
592 3819 876 3876 convincat
921 3816 1194 3887 Scriptura
1235 3813 1413 3869 divina
1467 3829 1481 3866 :
1529 3811 1696 3866 miror

101 3914 374 3989 quomodo
412 3921 636 3984 putent,
659 3925 782 3967 cum
806 3923 902 3966 eos
931 3908 1191 3964 habentes
1229 3921 1338 3963 non
1373 3919 1528 3961 suum
1553 3946 1568 3972 ,
1599 3902 1697 3960 sed

103 4008 304 4065 Christi
352 4005 719 4076 Baptismum,
754 4003 949 4058 iterum
987 4001 1237 4056 nolumus
1276 3997 1583 4068 baptizare,
1625 3994 1697 4050 ita

105 4120 203 4160 nos
225 4115 389 4174 agere
411 4141 427 4167 ,
455 4113 519 4155 ac
546 4098 591 4154 si
617 4098 696 4154 eis
727 4097 837 4168 jam
881 4095 1014 4151 nihil
1053 4094 1242 4150 deesse
1284 4091 1614 4164 judicemus;
1645 4093 1702 4144 et

104 4196 225 4268 quia
247 4193 554 4264 Baptismus
577 4191 657 4247 eis
680 4191 735 4246 in
756 4188 1028 4246 Catholica
1067 4203 1172 4243 non
1201 4186 1357 4241 datur
1378 4226 1392 4250 ,
1419 4197 1579 4255 quem
1601 4182 1700 4237 ha-

109 4291 234 4346 bere
260 4287 602 4344 inveniuntur
623 4325 640 4352 ,
669 4283 802 4342 nihil
829 4298 891 4339 se
917 4283 1026 4338 illic
1064 4282 1307 4351 accipere
1338 4279 1699 4342 arbitrentur,

111 4383 198 4438 ubi
227 4382 332 4438 hoc
356 4379 647 4450 accipiunt,
689 4378 805 4433 sine
831 4391 940 4446 quo
961 4373 1087 4430 illud
1116 4372 1258 4444 quod
1287 4371 1504 4433 habent,
1533 4370 1612 4425 eis
1636 4367 1704 4423 ad

113 4473 405 4544 perniciem
433 4471 628 4536 valeat,
656 4484 761 4524 non
788 4468 856 4524 ad
879 4467 1127 4523 salutem.
1155 4463 1311 4534 Quod
1340 4463 1384 4519 si
1405 4462 1595 4518 nolunt
1621 4461 1706 4516 in-

117 4565 376 4638 telligere,
407 4563 607 4620 suliicit
629 4561 786 4618 nobis
811 4560 953 4632 quod
977 4573 1096 4616 eam
1123 4569 1367 4615 tenemus
1387 4556 1702 4621 Ecclesiam,

116 4676 233 4730 quae
260 4656 712 4740 manifestissimis
738 4663 1043 4712 sanctarum
1072 4663 1128 4709 et
1155 4653 1532 4709 canonicarum
1557 4648 1706 4708 Scri-

118 4763 394 4824 pturarum
425 4749 750 4808 testimoniis
776 4747 1192 4804 demonstratur.

185 4844 278 4900 65.
319 4843 474 4900 Dicat
495 4842 625 4898 mihi
655 4857 797 4898 nunc
823 4842 1107 4899 haereticus
1140 4859 1152 4894 :
1185 4840 1466 4909 Quomodo
1486 4855 1573 4896 me
1592 4853 1713 4896 sus-

122 4935 293 5007 cipis?
329 4934 452 4992 Cito
488 4933 789 5006 respondeo
818 4952 832 4988 :
861 4933 1010 4991 Sicut
1049 4933 1272 5004 suscipit
1310 4932 1550 4988 Ecclesia
1579 4972 1593 4997 ,
1626 4930 1712 4987 cui

123 5029 365 5084 Christus
404 5027 652 5098 perhibet
690 5027 1075 5084 testimonium.
1120 5024 1386 5096 Numquid
1425 5033 1482 5080 tu
1523 5023 1712 5080 melius

125 5131 277 5193 potes
319 5135 481 5178 nosse
522 5120 792 5190 quomodo
815 5120 1183 5190 suscipiendus
1211 5120 1314 5184 sis,
1337 5133 1498 5190 quam
1530 5117 1715 5173 Salva-

128 5227 206 5272 tor
225 5224 412 5272 noster
439 5212 683 5270 medicus
703 5212 938 5270 vulneris
959 5211 1077 5268 tui?
1102 5212 1201 5268 llic
1220 5211 1356 5268 forte
1379 5211 1512 5267 dicis
1536 5228 1549 5264 :
1573 5210 1715 5282 Lege

130 5309 255 5366 mihi
293 5323 424 5380 ergo
477 5306 928 5379 quemadmodum
974 5305 1217 5364 Christus
1259 5306 1457 5377 suscipi
1498 5304 1718 5376 jusserit

133 5417 240 5471 eos,
268 5401 362 5473 qui
402 5399 472 5456 ab
518 5399 784 5457 haereticis
814 5400 1043 5456 transire
1073 5399 1142 5456 ad
1176 5399 1468 5456 Ecclesiam
1511 5397 1714 5453 volunt.

134 5492 241 5550 Hoc
267 5503 454 5566 aperte
481 5503 643 5564 atque
665 5493 970 5559 evidenter,
1000 5508 1100 5550 nec
1122 5509 1222 5566 ego
1250 5493 1369 5564 lego
1386 5534 1402 5561 ,
1434 5507 1533 5548 nec
1562 5501 1636 5546 tu.
1663 5490 1720 5547 Si

141 5587 271 5663 enim
299 5587 588 5644 haereticus
609 5595 750 5644 esset
772 5587 1028 5656 Joannes,
1063 5597 1118 5646 et
1143 5589 1197 5645 in
1219 5589 1435 5644 nomine
1464 5586 1637 5643 Patris
1665 5593 1722 5643 et

203 5738 223 5774 ³
251 5744 320 5793 sic
341 5747 454 5792 Mss.
478 5746 533 5791 At
551 5739 685 5802 editi,
709 5744 755 5792 et
775 5753 869 5794 vos.

924 271 1094 316 γυιςο
1133 253 1223 312 DE
1259 247 1564 313 UNITATE
1599 243 1963 305 ECCLESIA!
2001 247 2208 307 LIBER
2249 250 2448 310 UNUS.

3223 243 3336 306 ιω

1740 369 1862 427 Filii
1890 377 1945 426 et
1987 367 2218 442 Spiritus
2256 371 2424 428 sancti
2464 368 2759 443 baptizaret
2782 410 2798 438 ,
2826 376 2947 443 post
2973 367 3127 440 cujus
3155 367 3338 439 bapti-

1741 483 1916 523 smum
1938 464 2101 539 jussit
2141 465 2337 522 Paulus
2371 465 2616 522 homines
2645 465 2940 536 baptizari;
2970 474 3024 520 tu
3061 464 3337 521 obtineres

1743 561 1888 632 quod
1913 559 2068 628 dicis,
2101 559 2173 616 ita
2191 565 2457 616 utcontra
2486 559 2611 631 quid
2636 559 2894 628 dicerem,
2926 573 3036 614 non
3055 558 3335 615 haberem.

1745 655 1975 721 Rursus,
2001 653 2048 710 si
2068 653 2259 709 Petrus
2287 653 2340 709 in
2370 653 2586 709 nomine
2615 651 2788 708 Patris
2807 659 2862 708 et
2885 651 3003 708 Filii
3030 661 3083 708 et
3110 651 3341 724 Spiritus

1747 749 1932 837 sancti‘
1956 746 2026 803 ab
2063 743 2331 803 haereticis
2358 745 2657 816 baptizatus
2705 744 2924 811 fuisset,
2959 744 3047 800 cui
3074 744 3338 801 Dominus

1749 839 1843 907 ait,
1875 835 1974 906 Qui
2000 838 2133 894 lotus
2150 846 2223 893 est
2249 837 2421 906 semel,
2451 853 2552 891 non
2592 836 2739 892 habet
2776 835 3120 892 necessitatem
3157 836 3343 890 iterum

1750 930 1956 988 lavandi
1979 929 2159 1004 (Joan.
2187 937 2301 997 xiu,
2335 928 2424 1004 10)
2448 945 2464 997 ;
2491 944 2594 1001 ego
2621 927 2918 985 obtinerem
2940 927 3082 1000 quod
3102 927 3242 995 dico,
3273 928 3348 982 ita

1751 1033 1811 1082 ut
1835 1034 1892 1081 tu
1936 1032 2120 1086 contra
2148 1023 2278 1097 quid
2311 1021 2553 1092 dioeres,
2582 1036 2689 1078 non
2726 1021 2974 1078 haberes.
3019 1021 3171 1078 Nunc
3216 1035 3348 1076 vero

1753 1132 1874 1175 cum
1900 1116 1956 1172 in
1984 1115 2276 1187 Scripturis
2309 1129 2418 1170 non
2447 1113 2778 1169 inveniamus
2815 1112 3022 1184 aliquos
3067 1112 3133 1168 ad
3162 1111 3350 1169 Eccle-

1755 1213 1890 1269 slam
1934 1209 2194 1285 transisse
2234 1208 2302 1264 ab
2344 1207 2610 1264 haereticis
2634 1248 2649 1274 ,
2675 1215 2730 1262 et
2768 1206 2907 1262 sicut
2939 1221 3038 1277 ego
3078 1205 3230 1271 dico,
3261 1215 3352 1260 aut

1757 1304 1893 1360 sicut
1923 1312 1977 1358 tu
2004 1302 2161 1369 dicis,
2193 1317 2315 1374 esse
2342 1309 2656 1370 susceptos;
2687 1299 2892 1370 puto‘si
2919 1294 3109 1368 aliQuis
3139 1299 3354 1368 sapiens

1758 1395 2087 1463 exstitisset,
2115 1396 2203 1453 cui
2232 1395 2488 1451 Dominus
2513 1392 2762 1450 Christus
2788 1392 3149 1448 testimonium
3179 1390 3357 1462 perhi-

1759 1492 1944 1559 beret,
1973 1499 2029 1547 et
2072 1489 2144 1546 de
2187 1487 2289 1545 hac
2338 1487 2635 1559 quastione
2684 1486 3056 1542 consuleretur
3100 1499 3128 1538 a
3182 1479 3353 1560 nobis,

1762 1586 1910 1642 nullo
1933 1584 2096 1642 modo
2135 1581 2382 1640 dubitare
2425 1581 2745 1637 deberemus
2787 1580 2844 1634 id
2877 1579 3055 1635 facere
3083 1578 3225 1650 quod
3268 1575 3361 1633 ille

1763 1677 2003 1744 dixisset,
2033 1691 2100 1732 ne
2129 1690 2236 1731 non
2263 1682 2372 1729 tam
2401 1673 2503 1744 ipsi
2525 1679 2685 1744 quam
2701 1655 2929 1727 Domino
2948 1669 3180 1736 Christo,
3209 1669 3361 1740 cujus

1766 1768 2072 1826 testimonio
2150 1763 2628 1838 commendabatur
2655 1805 2672 1830 ,
2736 1777 3036 1834 repugnare
3091 1761 3363 1832 judicare-

1766 1877 1888 1919 mur
1918 1859 2017 1935 (a).
2057 1857 2311 1915 Perhibet
2347 1864 2526 1912 autem
2576 1853 2938 1910 testimonium
2984 1853 3227 1908 Christus
3259 1851 3362 1908 Ec-

1769 1956 1948 2013 clesia:
1985 1967 2117 2010 suae.
2146 1951 2284 2007 Ecce
2310 1947 2657 2020 Evangelium
2678 1987 2694 2012 ,
2719 1946 2837 2016 lege
2870 1945 2958 2000 ubi
2981 1945 3054 1999 ait
3087 1962 3100 1998 :
3138 1943 3359 2014 Oporte-

1772 2050 1856 2104 bat
1886 2047 2140 2103 Christum
2169 2043 2304 2116 pati,
2336 2052 2383 2098 et
2406 2056 2666 2112 resurgere
2700 2040 2848 2093 tertia
2875 2039 2956 2092 die
2976 2080 2991 2106 ,
3023 2046 3069 2092 et
3097 2037 3368 2110 praedicari

1772 2143 1828 2198 in
1853 2141 2056 2197 nomine
2080 2146 2190 2210 ejus
2222 2135 2564 2208 paenitentiam
2593 2142 2641 2188 et
2678 2132 3021 2190 remissionem
3052 2142 3371 2204 peccatorum

1775 2256 1865 2312 per
1914 2251 2084 2293 omnes
2131 2241 2322 2308 gentes,
2371 2227 2729 2300 incipientibus
2769 2227 2832 2282 ab
2873 2225 3159 2282 Jerusalem
3213 2225 3365 2299 (Luc.

1776 2349 1929 2400 xxiv,
1967 2329 2058 2400 46,
2082 2323 2198 2402 4⁵1).
2245 2322 2525 2395 Quomodo
2567 2338 2696 2394 ergo
2733 2322 2958 2393 suscipit
2997 2321 3096 2377 ista
3127 2319 3372 2386 Ecclesia

1777 2443 1876 2500 per
1896 2439 2084 2484 omnes
2110 2430 2299 2495 gentes
2322 2417 2696 2490 incipientibus
2717 2416 2789 2490 ab
2805 2415 3126 2484 Jerusalem,
3152 2414 3378 2470 remotis

1780 2518 2031 2576 omnibus
2075 2514 2389 2586 ambagibus
2417 2517 2473 2569 et
2505 2509 3035 2584 tergiversationibus
3057 2550 3072 2576 ,
3105 2509 3183 2564 sic
3204 2507 3377 2563 susci-

1781 2609 2011 2683 piendus
2037 2623 2119 2664 es.
2149 2605 2303 2675 Quod
2331 2606 2377 2660 si
2407 2619 2515 2660 non
2545 2604 2626 2659 vis
2650 2646 2666 2671 ,
2691 2617 2799 2659 non
2821 2600 2985 2668 mihi,
3013 2607 3104 2655 aut
3130 2600 3380 2670 cuiquam

1783 2702 2082 2766 hominum,
2111 2697 2202 2770 qui
2224 2707 2276 2752 te
2295 2696 2411 2752 vult
2429 2696 2503 2750 ita
2526 2694 2824 2765 suscipere,
2857 2691 2950 2748 sed
2980 2692 3080 2762 ipsi
3108 2690 3379 2747 Salvatori

1785 2804 1973 2853 contra
2019 2795 2248 2850 salutem
2293 2802 2440 2846 tuam
2469 2787 2923 2861 perniciosissimo
2944 2787 3224 2842 reluctaris
3243 2829 3258 2853 ,
3290 2785 3384 2857 qui

1786 2896 1841 2944 te
1869 2887 1949 2944 sic
1991 2883 2390 2955 suscipiendum
2427 2895 2548 2938 esse
2593 2896 2700 2936 non
2731 2881 2812 2936 vis
2840 2878 3092 2943 credere,
3125 2875 3384 2949 quemad-

1787 2978 2007 3036 modum
2048 2975 2272 3048 suscipit
2307 2974 2395 3030 illa
2424 2973 2701 3039 Ecclesia,
2732 2986 2892 3044 quam
2941 2970 3247 3027 testimonio
3283 2983 3386 3025 suo

1789 3069 2130 3130 commendat
2166 3069 2256 3124 ille
2277 3109 2292 3136 ,
2321 3066 2410 3124 cui
2444 3065 2627 3122 fateris
2680 3063 2943 3121 nefarium
2979 3079 3100 3120 esse
3129 3079 3236 3120 non
3262 3078 3386 3120 cre-

1789 3163 1939 3221 dere.

1862 3255 2089 3314 CAPUT
2109 3252 2376 3310 XXlll.—
2393 3253 2483 3309 64.
2512 3252 2579 3306 At
2597 3252 2732 3306 enim
2751 3249 2878 3306 dixit
2896 3247 3162 3317 Jeremias,
3197 3270 3215 3302 ‹
3229 3248 3391 3303 Facta

1793 3361 1867 3408 est
1894 3351 2020 3406 mihi
2045 3358 2101 3405 ut
2122 3365 2255 3420 aqua
2279 3347 2498 3402 mendax
2516 3388 2531 3412 ,
2577 3362 2679 3400 non
2707 3344 2894 3398 habens
2921 3341 3092 3414 ﬁdem.
3130 3362 3148 3395 ι
3180 3341 3296 3396 Non
3321 3341 3393 3398 de

1795 3447 1899 3502 hac
1935 3461 2071 3517 aqua
2095 3445 2256 3508 dixit,
2286 3455 2445 3512 quam
2494 3448 2669 3510 putas.
2710 3437 2852 3508 Lege
2877 3435 3178 3507 diligenter.
3215 3435 3392 3505 Ipsam

1796 3545 1941 3602 enim
1969 3540 2308 3598 mendacium
2325 3535 2602 3592 hominum
2624 3530 3014 3588 multitudinem
3041 3530 3174 3586 dixit
3198 3546 3393 3602 aquam

1797 3636 2113 3694 mendacem
2152 3647 2303 3688 more
2331 3629 2645 3702 prophetico
2666 3668 2681 3695 ,
2713 3627 2852 3682 sicut
2883 3625 3104 3696 figurate
3133 3623 3278 3695 loqui
3305 3639 3395 3679 so-

1799 3733 1946 3788 lent:
1973 3729 2110 3786 sicut
2144 3729 2198 3784 in
2236 3724 2591 3798 Apocalypsi,
2620 3722 2846 3794 populos
2886 3735 3142 3792 aquarum
3179 3719 3396 3776 nomine

1801 3823 2048 3881 novimus
2069 3819 2364 3892 appellatos
2395 3815 2581 3889 (Apoc.
2615 3831 2754 3882 xvu,
2784 3813 2895 3885 l5).
2926 3812 3058 3868 Nam
3096 3813 3173 3869 sic
3203 3812 3277 3866 ait
3304 3811 3396 3868 Je-

1801 3917 1998 3975 remias
2026 3931 2041 3970 :
2075 3911 2267 3983 thuid
2295 3911 2381 3983 qui
2414 3909 2713 3966 contristent
2742 3924 2821 3962 me
2839 3949 2855 3976 ,
2888 3906 3205 3980 prazvalent?
3226 3905 3398 3978 Plaga

1803 4027 1917 4067 mea
1944 4009 2116 4066 valida
2137 4015 2208 4062 est
2227 4049 2242 4076 ,
2271 4005 2406 4060 unde
2443 4001 2697 4059 sanabor?
2725 4000 2890 4055 Facta
2935 4009 3008 4056 est
3041 4001 3166 4055 mihi
3191 4010 3244 4055 ut
3265 4016 3401 4072 aqua

1804 4103 2026 4161 mendax
2067 4118 2171 4156 non
2207 4097 2395 4153 habens
2435 4096 2587 4167 fidem
2625 4093 2839 4169 (Jerem.
2880 4109 2983 4162 xv,
3030 4093 3143 4164 18).
3183 4093 3400 4162 Plagam

1807 4211 1958 4253 suam
2002 4194 2104 4250 sibi
2132 4191 2267 4248 dixit
2309 4191 2501 4244 factam
2533 4195 2594 4244 ut
2633 4201 2824 4257 aquam
2861 4184 3176 4241 mendacem
3206 4202 3219 4238 :
3248 4199 3398 4239 eam-

1807 4289 1930 4346 dem
1955 4301 2083 4343 vero
2110 4285 2319 4355 plagam
2346 4295 2495 4338 suam
2537 4293 2633 4335 eos
2670 4277 2956 4349 appellavit
2989 4275 3081 4347 qui
3119 4291 3178 4332 se
3201 4274 3404 4329 contri-

1809 4381 2040 4438 stabant.
2068 4376 2220 4446 Quod
2256 4374 2398 4430 enim
2437 4372 2542 4438 ait,
2564 4371 2651 4445 qui
2675 4369 2974 4424 contristant
3000 4385 3117 4433 me;
3140 4367 3244 4425 hoc
3265 4367 3406 4424 dixit

1810 4480 1998 4546 postea
2018 4513 2032 4538 ,
2069 4469 2223 4541 plaga
2253 4481 2402 4521 mea:
2431 4472 2487 4521 et
2521 4461 2663 4534 quod
2688 4475 2848 4533 supra
2879 4459 3056 4527 dixit,
3088 4459 3405 4530 prmalent;

1812 4566 1915 4622 hoc
1939 4571 2121 4635 postea
2149 4559 2304 4626 dixit,
2335 4553 2506 4612 valida
2525 4565 2618 4610 est.

1885 4656 1974 4713 65.
2008 4655 2098 4711 Sic
2121 4659 2175 4709 et
2211 4651 2319 4708 illic
2348 4649 2554 4715 facitis,
2586 4647 2674 4704 ubi
2711 4645 2968 4716 scriptum
3005 4652 3124 4700 est:
3160 4643 3237 4698 Ab
3274 4659 3410 4714 aqua

1814 4753 1982 4809 aliena
2006 4747 2197 4804 abstine
2220 4755 2285 4811 te,
2312 4753 2360 4799 et
2390 4743 2452 4798 de
2483 4747 2622 4816 fonte
2647 4740 2811 4796 alieno
2835 4754 2899 4793 ne
2919 4737 3099 4793 biberis
3121 4735 3307 4809 (Prov.
3335 4752 3369 4790 ν
3388 4778 3408 4804 ,

1817 4847 1934 4919 15).
1968 4843 2175 4900 Putatis
2217 4839 2362 4896 enim
2389 4837 2455 4894 de
2484 4835 2757 4908 Baptismo
2786 4831 2989 4889 dictum
3029 4831 3121 4901 qui
3155 4838 3238 4886 est
3262 4828 3406 4902 apud

1819 4939 2122 5004 hiereticos,
2151 4944 2211 4992 ut
2233 4933 2357 4991 ideo
2377 4932 2446 4989 sit
2471 4945 2608 5002 aqua
2644 4927 2816 4984 aliena
2842 4967 2856 4992 ,
2886 4924 3011 4998 quia
3048 4922 3286 4980 haeretici
3324 4938 3411 4980 re-

1817 5051 1980 5110 gnum
2007 5031 2103 5088 Dei
2121 5045 2228 5086 non
2258 5025 2644 5100 possidebunt:
2674 5025 2827 5092 quasi
2849 5033 2954 5076 non
2982 5018 3055 5074 ita
3082 5019 3152 5074 sit
3176 5026 3232 5074 et
3268 5017 3412 5088 apud

1819 5108 2062 5185 ebriosos
2081 5165 2096 5190 ,
2122 5128 2179 5178 et
2202 5118 2342 5191 apud
2370 5113 2606 5181 invidos,
2632 5120 2688 5168 et
2711 5117 2937 5166 exteros
2977 5108 3280 5182 hujusmodi
3296 5150 3312 5175 ,
3344 5108 3417 5166 de

1821 5218 2017 5292 quibus
2045 5213 2246 5288 pariter
2286 5210 2486 5267 dictum
2509 5215 2620 5270 est,
2653 5204 2890 5278 Regnum
2916 5200 3013 5257 Dei
3047 5218 3150 5258 non
3185 5201 3414 5273 posside-

1821 5290 2007 5383 ὁπηεα
2053 5305 2291 5370 conn,
2323 5301 2431 5368 to,
2463 5305 2507 5355 et
2537 5295 2708 5354 Galat.
2742 5292 2924 5365 v,2l)
2979 5312 2993 5348 :
3037 5301 3091 5349 et
3140 5301 3319 5383 tamen
3358 5290 3415 5346 in

1822 5382 2073 5460 omnibus
2092 5397 2287 5454 talibus
2312 5437 2328 5463 ,
2359 5394 2405 5449 si
2441 5387 2735 5448 secundum
2771 5385 3114 5459 Evangelium
3158 5382 3413 5454 baptizati

1789 5513 1800 5526 ’
1825 5507 1969 5562 sunt,
1997 5493 2194 5550 Christi
2217 5499 2301 5548 est
2327 5487 2653 5559 Baptismus,
2675 5499 2781 5540 non
2804 5481 3064 5553 ipsorum.
3093 5476 3245 5535 Unde
3272 5489 3410 5548 aqua

1827 5593 1916 5648 illa
1946 5605 2050 5646 non
2079 5595 2162 5643 est
2189 5585 2389 5648 aliena;
2414 5597 2534 5637 cum
2576 5579 2677 5652 ipsi
2727 5575 2887 5632 alieni
2930 5574 3037 5630 sint
3059 5614 3074 5639 ,
3100 5571 3295 5642 quibus
3323 5570 3411 5626 di-

1894 5744 1964 5808 (a)
1987 5739 2155 5793 Confer
2180 5739 2263 5790 lib.
2289 5740 2309 5787 1
2337 5745 2503 5789 contra
2524 5735 2849 5790 Cresconium,
2872 5740 3008 5790 capp.
3035 5726 3093 5776 3t
3119 5732 3172 5776 et
3192 5724 3268 5774 33.
