3812 6146
425 219 531 278 459

422 344 606 392 cturus
645 343 762 402 est,
793 333 915 392 Non
943 334 1058 391 novi
1097 350 1184 392 eos
1209 335 1426 408 (Matth.
1462 352 1572 407 vn,
1602 339 1718 413 25).
1756 339 1867 398 Cur
1907 356 2016 399 non

422 443 554 500 ergo
579 427 758 499 potius
779 426 1071 498 intelligam
1093 443 1285 499 aquam
1307 428 1538 486 alienam
1568 440 1623 487 et
1646 430 1850 490 fontem
1880 433 2012 492 alie-

421 536 570 586 num,
602 519 899 577 doctrinam
932 534 1054 576 esse
1081 519 1297 592 maligni
1335 521 1585 592 spiritus,
1607 539 1711 596 qua
1737 523 2017 598 decipiun-

421 623 506 669 tur
546 621 602 669 et
643 612 970 669 seducuntur
1019 612 1238 670 alienati
1275 628 1304 669 a
1345 614 1458 673 Deo
1495 632 1594 689 per
1631 617 2007 690 ignorantiam,

416 721 535 775 qua:
553 713 637 760 est
666 705 718 760 in
741 703 867 774 illis,
887 712 1107 776 propter
1131 705 1428 764 caecitatem
1455 708 1632 765 cordis
1652 725 1836 767 eorum
1862 728 1877 778 ;
1911 711 2014 769 hoc

415 796 720 866 expressius
758 795 1170 854 commendante
1212 798 1472 870 Apostolo
1509 819 1523 855 :
1566 801 1792 874 Spiritus
1843 811 2012 860 autem

416 890 680 963 manifeste
706 890 849 960 dicit,
872 890 994 964 quia
1027 891 1082 947 in
1120 892 1407 951 novissimis
1447 897 1754 968 temporibus
1778 898 2008 977 recedent

412 982 620 1053 quidam
660 1000 691 1037 a
726 983 860 1054 ﬁde,
900 985 1216 1041 attendentes
1234 986 1496 1057 spiritibus
1537 989 1883 1047 seductoribus
1903 1033 1918 1060 ,
1963 1001 2009 1048 et

409 1072 655 1129 doctrinis
697 1075 1066 1135 dtemoniorum
1097 1076 1140 1152 (Ι
1178 1076 1314 1133 Tim.
1337 1095 1411 1149 iv,
1467 1080 1564 1153 l)?
1594 1081 1720 1139 Haec
1752 1092 1835 1141 est
1867 1100 2006 1158 aqua

409 1164 608 1234 aliena,
641 1176 698 1223 et
719 1167 836 1224 fons
859 1169 1086 1226 alienus.
1130 1169 1186 1227 Si
1212 1171 1357 1228 enim
1393 1187 1528 1244 aqua
1559 1173 1614 1230 in
1639 1174 1781 1231 bono
1810 1177 2008 1245 intelli-

410 1256 554 1329 gitur
573 1267 626 1312 et
655 1257 887 1329 Spiritus
907 1269 1155 1328 sanctus;
1177 1275 1275 1318 cur
1302 1279 1412 1319 non
1437 1278 1574 1337 aqua
1602 1265 1657 1321 in
1687 1267 1830 1322 malo
1857 1267 2009 1327 intel-

409 1348 606 1422 ligatur
625 1360 683 1408 et
709 1352 932 1423 spiritus
973 1355 1274 1426 malignus?
1301 1356 1420 1414 Non
1461 1358 1606 1416 enim
1648 1375 1871 1435 semper
1913 1363 2002 1422 ubi

409 1457 605 1516 aquam
647 1447 886 1503 nominat
909 1447 1219 1521 Scriptura,
1249 1450 1353 1510 hoc
1392 1453 1604 1514 visibile
1632 1456 1895 1530 Baptismi
1923 1475 2004 1518 sa-

408 1545 742 1594 cramentum
773 1539 891 1595 vult
918 1540 1140 1614 intelligi
1169 1560 1183 1597 :
1216 1543 1311 1600 sed
1347 1546 1638 1618 aliquando
1667 1551 1873 1637 ipsqm,
1904 1553 2002 1612 ali-

406 1627 626 1699 quando
653 1628 819 1686 aliud.
842 1630 961 1688 Jam
989 1633 1132 1689 enim
1163 1633 1267 1692 hoc
1303 1637 1497 1695 visibili
1535 1627 1812 1713 Baptismi)
1838 1644 2001 1703 etiam

404 1717 539 1774 alios
560 1717 802 1791 discipuli
823 1721 1031 1780 Domini
1046 1723 1468 1799 baptizaverant,
1488 1741 1771 1805 antequam
1795 1737 2004 1796 veniret

405 1811 459 1866 in
479 1825 573 1867 eos
595 1812 886 1870 secundum
907 1815 1023 1886 ejus
1049 1819 1458 1888 promissionem
1483 1821 1715 1894 Spiritus
1743 1837 1960 1886 sanctus
1983 1847 1998 1887 :

405 1901 475 1959 de
502 1918 610 1974 quo
641 1914 816 1962 tamen
846 1905 987 1963 idem
1016 1907 1174 1966 Jesus
1203 1911 1350 1980 dicit,
1382 1913 1444 1970 Si
1463 1916 1576 1986 quis
1603 1917 1729 1988 sitit,
1759 1921 1925 1978 veniat
1953 1932 2002 1979 et

402 1995 575 2051 bibat:
601 1997 687 2067 qui
714 1999 875 2054 credit
915 1999 971 2055 in
994 2017 1106 2068 me,
1133 2003 1263 2058 sicut
1289 2003 1410 2060 dicit
1450 2005 1721 2079 Scriptura
1739 2053 1754 2081 ,
1781 2013 2001 2084 ﬂumina

401 2102 548 2158 aqua:
567 2087 689 2144 uiua:
714 2089 877 2160 ﬂuent
921 2091 985 2147 de
1012 2102 1182 2148 ventre
1208 2095 1339 2168 ejus.
1378 2096 1446 2153 Et
1477 2101 1718 2172 sequitur
1757 2105 1998 2179 Evange-

400 2178 543 2247 lista,
570 2187 626 2236 et
650 2182 868 2253 exponit
894 2183 1036 2241 unde
1063 2185 1135 2242 sit
1162 2185 1363 2245 dictum
1390 2207 1404 2244 :
1442 2189 1558 2274 Hoc
1581 2203 1770 2262 autent,
1799 2178 1992 2270 inquit,

401 2273 595 2330 dicebat
623 2275 686 2330 de
723 2275 958 2349 Spiritu,
986 2297 1135 2353 quem
1166 2287 1424 2356 accepturi
1456 2273 1602 2345 erant
1623 2291 1662 2346 ii
1693 2293 1782 2364 qui
1801 2293 1856 2347 in
1879 2310 1997 2350 eum

402 2378 546 2425 erant
568 2371 828 2426 credituri.
863 2372 1091 2445 Spiritus
1116 2377 1250 2432 enim
1275 2379 1502 2435 nondum
1525 2391 1634 2438 erat
1667 2384 1816 2442 datus
1831 2427 1846 2453 ,
1873 2387 1996 2457 quia

397 2459 549 2517 Jesus
586 2463 815 2519 nondum
852 2467 1018 2536 fuerat
1056 2467 1370 2540 clari/iectus
1407 2471 1587 2546 (Joan.
1635 2493 1708 2534 vn
1731 2519 1746 2544 ,
1779 2479 1992 2553 37-59).

399 2553 539 2610 Ecce
562 2570 754 2628 aquam
781 2557 911 2614 dicit
944 2558 1224 2632 Spiritum,
1256 2565 1346 2635 qui
1376 2566 1614 2625 nondum
1642 2579 1759 2627 erat
1793 2571 1951 2631 datus
1973 2616 1990 2643 ,

396 2661 519 2703 cum
541 2648 652 2719 jam
673 2665 810 2721 aqua
841 2651 929 2708 illa
955 2653 1212 2725 Baptismi
1240 2657 1420 2714 multis
1447 2658 1637 2719 fuisset
1660 2664 1805 2722 data.

470 2740 559 2796 66.
591 2740 742 2798 Unde
766 2751 822 2798 et
861 2744 990 2801 illud
1017 2788 1032 2815 ,
1062 2747 1208 2820 quod
1236 2749 1483 2809 similiter
1514 2770 1621 2810 non
1653 2756 1947 2831 intelligitis
1970 2800 1987 2829 ,

394 2833 538 2904 quod
561 2835 816 2907 scriptum
842 2847 946 2908 est,
967 2837 1092 2896 Bibe
1114 2858 1298 2915 aquam
1321 2845 1385 2900 de
1411 2847 1509 2903 tuis
1541 2849 1702 2917 uasis,
1724 2860 1772 2908 et
1801 2852 1865 2908 de
1886 2870 1988 2926 pu-

395 2932 591 2981 teorum
611 2935 812 2984 tuorum
840 2931 1103 3001 fontibus;
1128 2944 1176 2989 et
1201 2939 1317 3008 fons
1349 2955 1497 3010 aqua!
1521 2951 1623 2997 tute
1648 2948 1716 2998 sit
1752 2944 1842 3000 tibi
1869 2963 1990 3018 pro-

399 3015 541 3085 prius
559 3058 573 3084 ,
601 3027 649 3072 et
693 3035 839 3075 nemo
873 3022 1069 3079 alienus
1100 3029 1432 3086 communicet
1465 3031 1584 3101 tibi,
1606 3043 1654 3089 et
1689 3051 1790 3091 non
1812 3053 1992 3110 super-

393 3108 555 3175 ﬂuant
585 3109 672 3164 tibi
691 3127 838 3182 aqum
861 3117 1023 3186 foras,
1055 3125 1102 3171 et
1125 3117 1178 3172 in
1194 3119 1374 3190 plateis
1403 3123 1501 3178 tuis
1526 3124 1813 3183 discurrant
1841 3108 1990 3202 aqua

395 3212 498 3256 tua:
533 3200 716 3275 (Prov.
760 3221 815 3260 ν.
859 3207 1053 3281 ιδ-ι-ι)
1109 3228 1122 3264 ε
1164 3228 1272 3268 non
1315 3214 1580 3274 visibilem
1620 3200 1982 3296 Baplismum,

390 3309 549 3367 quem
600 3307 821 3366 possunt
854 3298 1053 3357 habere
1094 3312 1150 3360 et
1188 3304 1377 3374 alieni,
1410 3307 1462 3364 id
1490 3321 1604 3376 est,
1629 3312 1718 3384 qui
1755 3330 1982 3388 regnum

391 3386 488 3442 Dei
528 3403 633 3444 non
676 3391 1062 3462 possidebunt;
1108 3396 1204 3453 sed
1251 3398 1356 3456 hoc
1400 3400 1600 3458 donum
1640 3386 1984 3470 commendat

391 3480 620 3552 Spiritus
634 3485 821 3552 sancti,
852 3487 999 3560 quod
1025 3493 1298 3563 proprium
1315 3504 1398 3552 est
1424 3512 1612 3556 eorum
1636 3509 1862 3574 tantum,
1889 3508 1982 3579 qui

387 3573 687 3645 regnabunt
711 3591 832 3634 cum
859 3577 1073 3638 Christo
1094 3584 1149 3639 in
1171 3595 1454 3646 aeternum.
1473 3592 1736 3661 Quoniam
1757 3573 1981 3658 charitas

388 3663 506 3733 Dei,
534 3667 672 3723 sicut
700 3669 828 3726 dicit
852 3672 1142 3744 Apostolus
1161 3719 1175 3745 ,
1199 3679 1391 3748 di/I'usa
1429 3693 1502 3740 est
1531 3687 1587 3742 in
1609 3691 1845 3748 cordibus
1881 3713 1978 3752 no-

385 3757 504 3812 stris
532 3775 621 3830 per
649 3759 902 3833 Spiritum
939 3777 1206 3837 sanctum,
1233 3773 1323 3843 qui
1347 3776 1498 3832 datus
1523 3788 1595 3834 est
1620 3783 1763 3839 nobis
1793 3786 1976 3856 (Rom.

385 3863 438 3914 v,
468 3848 547 3920 5).
581 3850 697 3921 Ipsa
722 3853 865 3910 enim
892 3856 1115 3917 latitudo
1141 3863 1321 3922 cordis
1345 3908 1360 3935 ,
1390 3884 1549 3939 quam
1575 3848 1811 3933 Charitas
1826 3877 1974 3951 facit,

383 3937 526 3996 unde
557 3941 702 3998 illam
745 3943 990 4004 diﬁ‘usam
1019 3949 1184 4020 dicit,
1214 3964 1269 4011 et
1294 3937 1435 4016 unde
1462 3961 1530 4017 ad
1571 3963 1876 4025 Corinthios
1901 3937 1976 4031 ita

381 4028 638 4100 loquitur,
673 4032 745 4090 0s
765 4045 992 4095 nostrum
1011 4052 1148 4112 patet
1172 4046 1242 4100 ad
1265 4065 1352 4104 vos
1370 4091 1384 4114 ,
1410 4067 1441 4106 ο
1466 4051 1746 4128 Corinthii,
1765 4076 1855 4118 cor
1877 4080 1976 4120 no-

379 4132 541 4177 strum
565 4123 835 4183 dilatatam
861 4141 933 4187 est
953 4133 1019 4206 (ll
1041 4135 1158 4193 Cor.
1182 4155 1254 4209 vr,
1286 4139 1399 4216 ii),
1433 4123 1741 4216 platearum
1757 4157 1974 4218 nomine

380 4215 672 4288 signiﬁcata
690 4230 793 4277 est.

452 4309 540 4364 67.
565 4310 720 4379 Quod
748 4327 879 4386 ergo
905 4327 1089 4390 aperte
1109 4323 1375 4398 audimus,
1409 4329 1584 4388 Nolite
1604 4337 1743 4393 omni
1766 4341 1971 4412 spiritui

375 4400 611 4468 credere,
641 4403 731 4459 sed
774 4407 981 4476 probate
1017 4413 1226 4484 spiritus
1254 4419 1297 4473 si
1337 4436 1400 4476 ex
1423 4421 1534 4480 Deo
1571 4427 1708 4482 sint'
1737 4400 1968 4501 (I'Joan.

375 4509 448 4558 iv,
477 4493 565 4565 l);
595 4493 697 4552 hoc
739 4496 964 4570 ﬁgurate
1001 4504 1277 4576 audimus,
1305 4511 1380 4567 Ab
1419 4531 1552 4586 aqua
1578 4493 1754 4577 aliena
1775 4525 1972 4583 abstine

376 4593 424 4638 te
441 4627 456 4652 ,
479 4594 524 4640 et
551 4587 614 4641 de
642 4590 782 4657 fonte
813 4592 979 4648 alieno
1020 4612 1083 4651 ne
1109 4598 1309 4657 biberis.
1331 4603 1402 4660 Et
1428 4608 1570 4678 quod
1598 4625 1784 4684 aperte
1812 4617 1968 4675 audi-

379 4693 520 4746 mus,
540 4679 774 4736 Charitas
801 4681 898 4739 Dei
930 4685 1120 4755 di/I'usa
1160 4701 1233 4747 est
1271 4694 1324 4749 in
1367 4699 1602 4756 cordibus
1634 4679 1834 4763 nostris
1875 4727 1966 4781 per

374 4769 630 4839 Spiritum
672 4783 903 4831 sanctum
926 4819 942 4846 ,
970 4781 1058 4851 qui
1095 4781 1247 4839 datus
1273 4797 1345 4842 est
1392 4791 1565 4860 nobis,
1597 4793 1700 4852 hoc
1742 4769 1966 4870 ﬁgurate

371 4861 633 4931 audimus,
669 4863 810 4923 Fons
832 4885 977 4942 aqua:
1001 4880 1104 4929 tua:
1125 4875 1190 4930 sit
1210 4877 1299 4933 tibi
1318 4883 1573 4954 praprius,
1600 4898 1648 4944 et
1665 4907 1812 4947 nemo
1833 4893 1963 4952 atie-

371 4970 467 5008 nus
490 4958 819 5014 communicet
843 4961 953 5017 tibi.
981 4964 1142 5023 Multa
1167 4969 1312 5027 enim
1351 4989 1572 5034 munera
1605 4979 1700 5037 Dei
1739 4997 1963 5056 possunt

371 5044 569 5102 habere
594 5056 650 5103 et
676 5048 856 5120 alieni,
888 5068 994 5110 non
1021 5058 1194 5115 solum
1219 5061 1321 5118 ista
1347 5071 1652 5129 communia
1678 5087 1800 5132 cum
1823 5076 1960 5151 lapi-

367 5135 525 5193 dibus
552 5146 606 5194 et
629 5140 908 5201 arboribus
926 5187 941 5214 ,
970 5147 1126 5208 sicuti
1155 5163 1238 5210 est
1265 5171 1385 5215 esse
1409 5169 1460 5216 et
1487 5162 1700 5234 vigere;
1732 5183 1833 5226 nec
1871 5187 1960 5230 so-

281 5258 291 5263 -
367 5229 479 5286 lum
505 5234 808 5290 communia
847 5251 969 5294 cum
999 5245 1318 5315 pecoribus,
1369 5251 1524 5310 sicuti
1561 5257 1799 5330 spirare,
1828 5276 1956 5322 sen-

366 5322 471 5378 tire
503 5339 518 5378 :
545 5323 638 5380 sed
665 5327 827 5383 etiam
858 5331 1060 5404 majora
1077 5334 1188 5409 jam
1214 5339 1490 5402 hominum
1516 5322 1733 5422 propria
1753 5395 1768 5424 ,
1800 5356 1958 5418 sicuti

363 5422 448 5471 est
475 5414 612 5474 ratio
627 5458 640 5484 ,
670 5417 866 5478 locutio
886 5463 901 5492 ,
924 5433 1068 5483 artes
1089 5429 1248 5487 utiles
1290 5414 1703 5500 innumerabiles
1726 5487 1742 5513 ,
1771 5456 1826 5504 et
1849 5449 1954 5513 alia

322 5522 330 5528 ·
365 5505 551 5563 multa.
586 5509 702 5587 Ipsa
725 5514 886 5572 etiam
911 5533 1032 5590 quae
1051 5519 1231 5584 domui
1262 5525 1356 5584 Dei
1378 5529 1499 5588 data
1525 5545 1667 5606 sunt,
1701 5543 1953 5607 nonnulla

369 5615 431 5661 ex
478 5603 555 5658 cis
594 5603 793 5666 habent
819 5611 978 5670 alieni
1007 5655 1020 5682 ,
1048 5615 1101 5673 ιιι
1128 5626 1212 5677 est
1233 5662 1247 5688 ,
1272 5638 1380 5684 non
1405 5603 1708 5699 possessu-ri
1733 5651 1953 5713 regnum

432 5715 447 5750 ι
485 5713 811 5791 Flot‘taoeusls,
836 5723 1028 5794 probate
1058 5729 1281 5800 spiritum
1322 5739 1405 5807 qui
1435 5757 1498 5799 ea:
1536 5755 1637 5804 Deo
1667 5756 1752 5808 cst.

1480 223 1756 284 comma
1794 225 2221 289 DONATISTAS
2260 231 2618 310 EPISTOLA,

2128 342 2247 416 Dei,
2269 347 2462 420 quibus
2490 351 2544 409 in
2569 352 2676 413 ﬁne
2698 356 2924 432 dicetur,
2959 361 3082 422 Non
3103 367 3218 425 novi
3244 384 3370 441 uos,-
3400 373 3565 434 etiam
3589 394 3708 438 cum

2123 438 2382 511 dixerint,
2413 442 2479 501 In
2504 449 2704 506 nomine
2729 461 2816 509 tuo
2835 457 3244 528 prophetauimus
3262 475 3311 520 et
3333 438 3556 526 uirtutes
3583 475 3713 530 nud-

2123 538 2202 586 tas
2230 533 2460 604 fecimus.
2485 535 2641 610 Quia,
2668 537 2783 598 Etsi
2810 544 3042 618 habeam,
3075 550 3267 625 inquit,
3301 559 3642 632 prophetiam,
3663 576 3714 622 et

2121 625 2278 689 sciam
2303 630 2474 685 omnia
2508 646 2825 693 sacramenta
2852 649 2900 696 et
2925 657 3125 701 omnem
3157 649 3448 721 scientiam,
3471 665 3522 710 et
3539 659 3586 712 si
3621 660 3712 716 ha-

2121 718 2274 776 buero
2299 737 2497 780 onmem
2524 726 2700 798 ﬁdem,
2731 731 2804 788 ita
2831 743 2885 790 ut
2911 748 3105 795 montes
3133 718 3460 817 transferant,
3486 752 3711 810 charito-

2117 818 2216 864 tein
2245 823 2418 872 autem
2445 833 2548 874 non
2571 819 2805 890 habeam,
2826 827 2957 884 nihil
2982 847 3096 886 sum
3125 833 3170 908 (ι
3193 833 3315 894 Cor.
3343 856 3464 912 xui,
3495 843 3577 916 2).
3601 846 3712 907 Hoc

2116 909 2200 958 est
2224 917 2353 976 ergo
2377 904 2579 966 donum
2605 909 2836 984 Spiritus
2863 921 3034 977 sancti
3059 904 3334 996 proprium
3361 904 3673 994 sanctorum
3692 983 3706 1008 ,

2115 993 2257 1052 unde
2285 1012 2445 1056 nemo
2481 1007 2841 1064 communicat
2873 1010 3099 1071 alienus.
3138 993 3252 1078 [loc
3275 1020 3430 1082 deest
3456 1030 3710 1090 omnibus

2114 1087 2360 1160 malignis
2385 1101 2440 1148 ct
2476 1094 2738 1164 gehennae
2775 1101 2921 1170 ﬁliis,
2949 1106 3158 1166 etiamsi
3196 1111 3394 1172 Christi
3433 1087 3708 1193 Baptisma

2110 1177 2466 1252 baptizentur,
2493 1186 2634 1247 sicut
2657 1189 2842 1252 Simon
2863 1195 3039 1257 fuerat
3059 1202 3376 1276 baptizatus.
3402 1177 3530 1271 Hoc'

2112 1277 2272 1331 etiam
2299 1275 2565 1338 haereticis
2592 1301 2608 1340 :
2638 1283 2742 1344 hoc
2761 1291 3047 1364 accipiunt,
3078 1275 3201 1356 cum
3225 1307 3457 1363 correcti
3479 1311 3709 1371 veniunt

2112 1374 2167 1423 et
2194 1369 2410 1430 unitatis
2441 1375 2716 1436 vinculum
2742 1383 3022 1446 sinceriter
3044 1394 3461 1464 amplectuntur.
3483 1402 3642 1473 Quod
3659 1409 3706 1467 si

2112 1473 2222 1517 non
2270 1463 2606 1538 acciperent,
2639 1474 2802 1532 etiam
2839 1476 3098 1541 habentes
3127 1485 3458 1561 Baptismum
3481 1463 3703 1572 Christi,

2108 1569 2216 1612 non
2246 1568 2399 1616 erant
2413 1565 2711 1632 possessuri
2731 1583 2955 1642 regnum
2975 1575 3208 1648 Christi;
3229 1584 3353 1655 quia
3368 1602 3476 1645 non
3491 1565 3705 1654 introie:

2107 1658 2228 1705 rant
2250 1651 2320 1708 ad
2361 1653 2562 1713 fontem
2599 1658 2751 1717 illum
2789 1667 3067 1738 proprium
3092 1651 3351 1745 aquarum
3385 1651 3703 1745 discurren-

2109 1742 2240 1799 tium
2273 1744 2327 1801 in
2373 1747 2566 1818 plateis
2606 1763 2917 1814 sanctorum
2942 1801 2956 1829 ,
2983 1770 3039 1818 et
3085 1742 3229 1825 foras
3269 1785 3378 1830 non
3413 1789 3705 1839 excurren-

2107 1834 2261 1905 tium,
2291 1854 2399 1912 quo
2423 1841 2569 1901 lonte
2600 1844 2834 1906 charitas
2867 1851 2965 1910 Dei
2999 1854 3192 1917 diﬁ‘usa
3221 1872 3308 1921 est
3349 1865 3404 1923 in

2105 1931 2303 1988 nostris
2344 1948 2442 2006 per
2469 1935 2726 2008 Spiritum
2764 1953 3048 2018 sanctum,
3078 1953 3171 2022 qui
3207 1954 3366 2016 datus
3390 1969 3478 2018 est
3522 1931 3698 2026 nobis:

2105 2021 2345 2084 Desinite
2371 2027 2552 2102 itaque
2575 2031 2663 2090 illa
2683 2037 2985 2096 testimonia
3001 2021 3429 2110 commemorare
3439 2070 3585 2128 ,qua‘.
3609 2068 3702 2117 aut

2103 2131 2211 2174 non
2238 2118 2535 2194 intelligitis
2550 2165 2566 2192 ,
2596 2135 2689 2184 aut
2717 2144 2816 2200 pro
2838 2133 2994 2191 nobis
3019 2146 3206 2194 contra
3231 2156 3328 2199 vos
3352 2118 3700 2213 esse-intelli-

2101 2209 2243 2281 gitis.
2273 2211 2426 2280 Quod
2469 2217 2516 2273 si
2543 2219 2796 2293 ambigue
2829 2225 2999 2295 posita
3022 2269 3039 2296 ,
3066 2238 3122 2286 et
3165 2247 3262 2303 pro
3289 2236 3449 2294 nobis
3471 2279 3489 2307 ,
3519 2251 3576 2297 et
3600 2209 3702 2316 pro

2103 2301 2254 2358 vobis
2291 2315 2511 2376 possent
2538 2309 2876 2383 interpretari
2894 2358 2911 2386 ,
2970 2319 3102 2377 nihil
3147 2301 3330 2397 utique
3380 2301 3699 2401 adjuvarent

2098 2408 2314 2453 causam
2343 2409 2574 2459 vestram
2605 2421 2619 2458 :
2646 2407 2769 2478 quia
2793 2417 2850 2466 et
2877 2425 2978 2469 nos
2999 2414 3045 2470 si
3076 2415 3266 2474 talibus
3286 2421 3361 2478 uti
3388 2425 3652 2485 vellemus
3674 2471 3694 2500 ,

2099 2486 2580 2553 innumerabilibus
2608 2505 2910 2571 uteremur,
2941 2520 3063 2577 qua:
3087 2521 3303 2568 causam
3336 2524 3578 2575 nostram
3607 2486 3693 2579 ni:

2097 2579 2174 2638 hil
2193 2582 2440 2642 similiter
2466 2589 2800 2660 adjuvarent.
2842 2595 2949 2654 Sed
2983 2599 3144 2672 plane
3183 2604 3308 2663 talia
3332 2610 3530 2668 malam
3559 2628 3690 2673 cau-

2097 2687 2210 2729 sam
2237 2676 2320 2732 vel
2345 2693 2522 2737 moras
2552 2682 2792 2744 faciendo
2817 2700 3139 2754 sustentant.

2166 2764 2395 2826 CAPUT
2433 2771 2624 2832 XXIV.
2651 2807 2726 2818 —
2751 2778 2842 2837 68.
2881 2781 3036 2854 Ecce,
3074 2787 3340 2862 inquiunt,
3366 2794 3447 2864 fde
3469 2814 3685 2873 corpore

2095 2857 2305 2918 Domini
2332 2880 2466 2936 aqua
2492 2870 2758 2939 proﬂuxit.
2788 2874 2858 2931 Et
2879 2878 3005 2948 quid
3034 2888 3086 2937 te
3114 2857 3219 2941 hoc
3243 2857 3477 2960 adjuvat,
3509 2857 3690 2954 οἸιτεεζ

2093 2951 2300 3009 retice?
2321 2954 2565 3027 Multum,
2596 2961 2807 3034 inquit:
2840 2966 3107 3040 Baptisma
3137 2977 3274 3032 enim
3302 2951 3561 3055 significat
3586 2951 3690 3047 non

2093 3057 2220 3112 esse,
2247 3045 2347 3100 nisi
2365 3047 2419 3104 in
2441 3065 2654 3122 corpore
2673 3054 2898 3127 Domini,
2927 3061 2984 3116 id
3006 3071 3099 3133 est,
3126 3066 3182 3122 in
3211 3067 3462 3131 Ecclesia.
3496 3077 3688 3140 Melius

2093 3133 2322 3206 diceres,
2369 3139 2439 3198 de
2477 3157 2705 3217 corpore
2745 3149 2979 3224 Domini,
3019 3157 3122 3214 hoc
3167 3169 3271 3231 est,
3297 3164 3366 3222 de
3408 3167 3684 3244 Ecclesia;

2090 3230 2302 3288 etiamsi
2332 3233 2445 3305 jam
2500 3247 2709 3296 constet
2755 3243 2922 3316 (quod
2969 3249 3145 3308 adhuc
3194 3230 3330 3313 forte
3376 3230 3686 3334 diligentius

2089 3323 2466 3395 requirendum
2495 3333 2624 3406 est),
2655 3349 2792 3408 aqua
2821 3339 2910 3396 illa
2946 3342 3276 3414 Baptismum
3306 3366 3426 3410 esse
3472 3323 3684 3430 signiﬁ;

2088 3423 2286 3472 catum.
2312 3417 2446 3476 Nam
2468 3431 2524 3479 et
2551 3440 2650 3482 nos
2674 3427 3003 3499 Baptismum
3029 3451 3190 3506 quem
3216 3439 3444 3514 habetis,
3473 3417 3684 3509 demor-

2087 3520 2219 3576 pore
2263 3509 2480 3570 Domini
2529 3530 2649 3574 esse
2693 3519 2940 3592 dicimus,
2992 3526 3096 3586 hoc
3135 3540 3239 3602 est,
3295 3535 3362 3594 de
3411 3539 3679 3617 Ecclesia,

2085 3602 2330 3668 quamvis
2367 3604 2420 3660 in
2465 3620 2532 3663 ea
2563 3608 2666 3680 ipsi
2698 3627 2807 3668 non
2848 3616 2985 3682 sitis,
3032 3621 3172 3679 sicut
3209 3641 3396 3687 omnes
3438 3635 3531 3705 qui
3570 3602 3678 3696 non

2084 3691 2351 3752 aediﬁcant
2387 3714 2550 3771 super
2601 3714 2828 3776 petram,
2878 3711 2974 3776 sed
3014 3729 3176 3787 super
3213 3691 3471 3781 arenam:
3500 3691 3678 3796 Quare

2086 3790 2262 3840 tamen
2299 3802 2406 3845 non
2438 3793 2672 3851 attendis
2698 3811 2890 3870 aquam
2922 3802 3086 3874 illam,
3114 3824 3217 3880 qua
3243 3790 3574 3886 Baptismum
3604 3825 3675 3880 si-

2083 3873 2388 3943 gniﬁcatum
2437 3879 2606 3954 dicis,
2657 3901 2764 3944 non
2815 3900 3020 3952 tantum
3069 3873 3146 3954 in-
3173 3873 3400 3974 corpore
3458 3909 3674 3972 Domini

2081 3962 2265 4034 fuisse,
2309 3969 2406 4026 sed
2433 3972 2595 4030 etiam
2633 3975 2701 4034 de
2745 3995 2973 4054 corpore
3011 3987 3126 4060 ejus
3167 3962 3313 4052 foras
3357 3999 3578 4072 exiisse,
3616 4015 3676 4063 et

2081 4053 2184 4112 hoc
2208 4072 2304 4128 per
2330 4062 2522 4122 vulnus
2563 4053 2966 4138 persecutoris?
2992 4053 3174 4152 Neque
3212 4086 3354 4144 enim
3370 4053 3381 4055 ⁷
3397 4053 3673 4154 θιήίιιέιέί

2079 4147 2170 4204 tici
2193 4157 2249 4205 et
2267 4165 2454 4211 omnes
2474 4158 2600 4215 mali
2619 4175 2802 4221 secum
2827 4165 2973 4227 foras
2988 4147 3332 4234 Sacramenta
3355 4184 3666 4258 traxissent,

2076 4242 2124 4296 si
2155 4243 2374 4304 unitatis
2401 4248 2763 4324 integritatem
2807 4259 2860 4316 in
2901 4277 3126 4335 corpore
3154 4269 3365 4329 Domini
3400 4242 3669 4340 custodis:-

2075 4345 2216 4394 sent.
2253 4339 2360 4396 Sed
2387 4344 2548 4402 etiam
2577 4347 2681 4406 hoc
2706 4351 2899 4411 videtis
2941 4373 3102 4428 quam
3131 4363 3452 4433 profundum
3475 4372 3576 4442 sit,
3611 4339 3668 4434 et

2073 4437 2274 4499 quanta
2302 4435 2542 4506 mysterii
2567 4440 2846 4502 altitudine
2873 4449 3159 4508 occultum.

2147 4522 2237 4580 69.
2276 4524 2396 4582 Jam
2439 4529 2670 4591 sufﬁciat
2700 4552 2713 4591 :
2742 4536 2970 4598 desinite
3013 4545 3206 4605 talibus
3250 4565 3430 4624 agere.
3468 4559 3662 4623 Omnia

2073 4629 2192 4686 quae
2219 4616 2526 4690 hujusmodi
2556 4630 2903 4705 protuleritis,
2929 4646 3024 4694 aut
3052 4654 3150 4712 pro
3177 4616 3332 4704 nobis
3368 4661 3516 4722 sunt,

2071 4717 2130 4764 ut
2156 4710 2382 4769 multum
2422 4730 2599 4774 causae
2624 4730 2825 4780 nostrai
2861 4710 3120 4799 minuam,
3150 4735 3409 4796 incertum
3449 4710 3534 4802 est
3562 4710 3661 4818 pro

2071 4800 2262 4871 quibus
2305 4804 2431 4861 sint.
2471 4806 2578 4868 Sed
2605 4811 2835 4874 libenter
2860 4818 2915 4874 in
2944 4824 3148 4894 opertis
3177 4800 3660 4905 immoramini,'ne

2069 4889 2224 4950 fateri
2244 4908 2428 4972 aperta
2457 4905 2740 4975 cogamini.
2770 4909 2910 4969 Ecce
2939 4889 3199 4987 Ecclesia,
3230 4937 3382 4996 rogo,

2069 4985 2279 5044 tiinini?
2307 4990 2449 5051 Ecce
2477 4994 2717 5056 Ecclesia
2761 5010 2841 5059 tot
2879 4985 3329 5072 manifestissimis
3349 4985 3656 5082 sanctarum

2066 5087 2464 5162 Scripturarum
2509 5098 2830 5158 testimoniis
2867 5107 3238 5167 commendata
3281 5121 3336 5170 et
3377 5130 3654 5192 expressa,
3694 5134 3698 5138 ‘

2059 5185 2318 5262 praedicta
2344 5199 2398 5246 et
2442 5190 3008 5255 demonstrata:Sicut
3029 5202 3331 5276 audiuimus,
3358 5185 3506 5266 ita-et
3519 5185 3655 5270 nidi:-
3698 5245 3708 5276 ι

2064 5279 2363 5353 ntns(Psat.
2391 5299 2556 5352 xcvu,
2585 5285 2660 5358 9).
2687 5286 2826 5356 Quid
2851 5291 3217 5364 tergiversaris
3239 5266 3510 5370 quomodo
3683 5266 3708 5385 ,ξ

2069 5373 2320 5446 cipiaris?
2347 5375 2458 5434 Cur
2480 5377 2749 5438 detrectas
2773 5383 2852 5440 sic
2877 5387 3096 5459 suscipi,
3119 5365 3389 5463 quomodo
3410 5397 3503 5455 illa
3526 5365 3653 5459 sus-

2063 5467 2238 5541 cipit,
2286 5471 2373 5527 cui
2425 5472 2785 5532 testimonium
2833 5479 3079 5550 perhibet
3131 5485 3224 5557 qui
3273 5490 3488 5548 mentiri
3542 5509 3651 5554 non

2063 5563 2270 5635 potuit?
2328 5564 2470 5628 Doce
2516 5566 2816 5640 Scripturas
2865 5575 3150 5634 canonicas
3191 5591 3375 5652 aperte
3421 5584 3645 5661 dixisse,

2061 5654 2435 5726 baptizattdum
2465 5673 2585 5718 esse
2615 5658 2669 5724 in
2695 5662 2958 5724 catholica
2985 5667 3222 5730 Ecclesia
3251 5673 3341 5747 qui
3365 5677 3505 5753 apud
3531 5654 3650 5744 tua;

2064 5751 2259 5814 retices
2308 5753 2360 5816 in
2403 5756 2616 5819 nomine
2656 5757 2826 5823 Patris
2857 5768 2909 5825 ct
2951 5763 3072 5826 Filii
3112 5774 3165 5828 et
3203 5751 3435 5848 Spiritus
3469 5775 3646 5841 sancti
