3792 6140
15 298 102 358 ιιι
912 299 1086 344 rusco
1123 283 1213 340 DE
1251 273 1555 340 UNITATE
1594 273 1626 332 li

1788 272 1952 334 ΕδιιιΕ
1991 279 2200 340 LIBER
2238 283 2330 344 UN
2338 282 2438 344 US.

15 413 175 474 inerit
214 413 544 487 baptizatus.
585 407 737 479 Quod
777 406 821 464 si
874 406 976 462 hoc
1016 403 1212 461 docere
1264 416 1372 458 non
1427 407 1614 470 potes;

15 509 140 566 llud
173 509 343 578 doce,
394 506 520 562 huic
556 499 916 560 communioni
955 508 1081 567 tute,
1111 496 1164 554 id
1193 503 1299 564 est,
1339 494 1478 567 parti
1505 493 1616 548 Do-

15 605 142 672 nati,
177 602 278 660 ubi
327 601 434 658 hoc
460 597 711 663 didicisti,
753 601 1000 666 apertum
1042 589 1260 664 aliquod
1300 599 1354 646 et
1395 586 1622 645 manife-

15 707 158 754 stum
205 692 576 753 testimonium
620 705 649 746 a
687 687 978 759 Scripturis
1003 683 1274 741 canonicis
1304 681 1615 753 perhiberi:

15 799 51 847 ει
79 788 309 846 fatebor
357 784 427 842 ad
461 794 514 841 te
559 795 678 840 esse
716 777 1118 845 transeundum,
1159 789 1261 831 nec
1300 773 1456 829 aliter
1498 787 1620 828 esse

15 878 397 953 nrscipiendos
437 875 737 944 btereticos,
769 887 928 946 quam
959 870 1098 928 sicut
1137 867 1359 940 suscipit
1391 865 1619 923 ecclesia

19 1000 56 1038 ιι
101 996 224 1054 qua
261 994 346 1046 es,
385 977 507 1051 quia
549 975 643 1032 tali
677 974 984 1048 testimonio
1025 969 1294 1026 declarata
1341 974 1446 1023 est.
1482 964 1619 1035 Quid

15 1075 257 1132 estuas?
285 1071 414 1146 quid
439 1068 768 1144 perturbaris
786 1067 812 1120 ἲ
837 1064 957 1122 Νοιι
995 1061 1207 1119 invenis
1247 1061 1300 1117 in
1328 1058 1621 1131 Scripturis

15 1167 319 1233 amnicis,
351 1163 491 1238 quod
517 1179 548 1220 a
569 1170 623 1220 te
647 1159 947 1234 iustissime
984 1154 1287 1228 exigimus?
1313 1153 1450 1210 Nam
1477 1149 1620 1223 quod

15 1263 203 1319 dicere
226 1259 434 1324 soletis,
454 1255 552 1313 Ubi
581 1254 769 1328 pascis,
800 1251 886 1308 ubi
911 1250 1064 1306 cubas
1083 1249 1137 1303 in
1153 1247 1358 1303 meridie
1387 1245 1557 1320 (Cant.
1578 1261 1616 1313 ι,

15 1357 95 1427 li);
126 1352 291 1410 vides
318 1349 474 1424 quale
498 1348 587 1418 sit,
615 1356 673 1405 et
695 1361 856 1419 quam
887 1358 984 1416 pro
1014 1352 1066 1400 te
1095 1357 1201 1398 non
1230 1341 1319 1397 sit.
1348 1339 1464 1394 Noli
1491 1352 1623 1409 ergo

15 1447 136 1503 talia
169 1458 442 1519 quaerere.
472 1441 607 1512 Quia
649 1447 706 1496 et
731 1437 778 1494 si
814 1437 868 1492 in
907 1433 1146 1506 partibus
1185 1430 1449 1504 aquilonis
1478 1435 1623 1486 esset

15 1555 140 1613 pars
162 1537 386 1605 Donati,
412 1549 532 1607 quae
557 1531 841 1590 contraria:
865 1539 993 1586 sunt
1021 1526 1259 1600 partibus
1283 1524 1616 1593 meridianis,

15 1635 228 1690 diceret
255 1630 330 1688 de
355 1643 418 1687 se
441 1642 562 1686 esse
589 1625 791 1682 dictum
821 1642 834 1678 :
865 1623 1067 1679 Montes
1112 1619 1263 1688 Sion,
1292 1619 1451 1674 latera
1477 1615 1622 1688 aqui-

15 1726 170 1792 lonis,
209 1723 390 1779 civitas
424 1719 560 1792 regis
584 1717 756 1790 magni
782 1714 958 1789 (Psal.
986 1729 1150 1781 nvu,
1181 1712 1258 1784 5).
1282 1711 1414 1767 Nam
1441 1710 1624 1782 utique

15 1819 210 1875 civitas
237 1815 387 1888 regis
423 1810 602 1884 magni
626 1825 732 1867 non
761 1818 844 1867 cst
871 1807 972 1864 nisi
1001 1807 1277 1872 Ecclesia;
1305 1803 1483 1861 ethoc
1519 1817 1619 1873 po-

19 1913 120 1968 tius
164 1907 542 1966 indubitanter
580 1913 737 1962 sonat
777 1901 1093 1969 Ecclesiam,
1133 1915 1291 1972 quam
1335 1896 1489 1964 illud,
1524 1895 1624 1953 Ubi

17 2005 213 2077 pascis,
243 2001 336 2058 ubi
362 2000 514 2056 cubas
532 1999 588 2055 in
613 1996 842 2054 meridie.
870 1995 979 2053 Sed
1016 1993 1242 2050 fortasse
1267 1993 1358 2048 illo
1383 1992 1625 2048 testimo-

19 2099 107 2154 nio
148 2094 398 2154 Marcion
424 2092 709 2150 haereticus
735 2096 998 2157 uteretur,
1027 2087 1118 2158 qui
1146 2085 1339 2142 dicitur
1365 2083 1623 2140 Ponticus

21 2189 352 2260 fuisse,qua:
374 2194 558 2259 partes
585 2183 652 2241 ad
677 2182 980 2255 aquilonem
1006 2177 1369 2235 sunt.Rursus
1393 2177 1437 2232 si
1454 2176 1508 2230 in
1533 2189 1626 2232 oc-

21 2280 238 2338 cidente
259 2286 409 2336 esset
434 2292 558 2350 pars
583 2275 795 2344 Donati,
825 2273 1030 2330 diceret
1053 2270 1121 2327 de
1146 2283 1205 2326 se
1231 2284 1352 2326 esse
1380 2267 1579 2324 dictum
1607 2284 1621 2321 :

25 2373 126 2430 Iter
178 2373 341 2446 facite
382 2371 429 2428 ei
477 2369 564 2442 qui
611 2367 834 2425 ascendit
871 2383 1025 2438 super
1076 2381 1350 2430 occasum;
1374 2361 1625 2417 Dominus

25 2481 212 2522 nomen
248 2473 327 2520 est
348 2461 428 2518 illi
457 2461 631 2534 (Psal.
674 2477 838 2528 van,
869 2460 944 2532 5).
981 2457 1249 2515 Fortassis
1277 2458 1422 2514 enim
1460 2457 1626 2513 subli-

27 2562 164 2619 mius
220 2575 346 2618 esse
387 2559 613 2625 diceret,
661 2555 887 2613 ascendit
935 2571 1086 2627 super
1131 2568 1392 2618 occasum;
1442 2567 1624 2624 quam,

30 2658 175 2712 cubat
205 2655 261 2712 in
304 2653 532 2710 meridie.
560 2652 686 2709 Haec
723 2650 945 2724 mystica
985 2657 1129 2715 sunt,
1161 2657 1347 2720 operta
1385 2656 1530 2716 sunt,
1560 2647 1627 2702 ﬁ-

34 2760 218 2821 gurata
248 2756 378 2805 sunt
404 2765 418 2802 :
445 2745 646 2818 aliquid
673 2743 1012 2800 manifestum
1033 2741 1176 2814 quod
1206 2741 1498 2812 interprete
1518 2755 1626 2797 non

33 2850 206 2914 meat,
237 2856 268 2896 a
296 2839 450 2897 vobis
474 2838 794 2912 ﬂagitamus.

97 2935 196 2990 70.
238 2932 357 3006 Ego
385 2933 566 3004 itaque
590 2931 668 2988 sic
693 2941 744 2988 te
771 2929 1023 3002 suscipio,
1039 2928 1487 3002 quemadmodum
1502 2942 1624 2984 sus-

34 3029 158 3100 cipit
210 3042 398 3084 semen
427 3025 676 3091 Abrahzn,
709 3025 762 3078 in
793 3040 891 3094 quo
921 3021 1283 3078 benedicuntur
1307 3039 1477 3077 omnes
1502 3038 1628 3094 gen-

39 3132 100 3176 tes
135 3119 294 3194 (Gen.
323 3116 596 3192 xxu,l8).
646 3117 759 3172 Hoc
801 3115 938 3172 forte
979 3115 1268 3171 obscurum
1311 3124 1478 3181 esset,
1525 3113 1627 3169 nisi

40 3213 232 3268 Paulus
274 3211 575 3283 aperuisset
602 3223 786 3266 semen
820 3206 1051 3263 Abrahae
1085 3206 1226 3278 quod
1260 3215 1344 3262 est
1382 3204 1628 3262 Christus

44 3305 230 3371 (Gatat.
261 3319 340 3370 ιιι,
369 3303 486 3374 16).
529 3301 618 3358 Sic
648 3309 700 3357 te
741 3299 995 3370 suscipio,
1017 3297 1463 3370 quemadmodum
1499 3313 1627 3354 sus-

39 3397 160 3468 cipit
225 3395 317 3452 illa
354 3395 560 3463 sterilis,
593 3394 744 3465 cujus
782 3392 928 3447 multi
966 3391 1083 3462 ﬁlii,
1130 3391 1292 3464 magis
1319 3409 1472 3462 quant
1515 3393 1627 3463 ejus

40 3507 142 3561 qua
183 3490 333 3546 habet
364 3489 546 3544 virum.
575 3487 728 3556 Quod
763 3487 1049 3544 obscurum
1092 3494 1256 3554 esset,
1289 3485 1392 3542 nisi
1429 3485 1628 3542 Paulus

41 3583 276 3651 dixisset,
307 3583 477 3654 ipsam
503 3595 625 3637 esse
647 3580 945 3637 Ecclesiam
971 3589 1196 3635 matrem
1226 3588 1464 3634 nostram
1489 3597 1501 3633 :
1535 3578 1624 3635 cui

41 3674 234 3730 dictum
259 3683 362 3740 est,
406 3673 652 3730 Dominus
673 3673 762 3743 qui
797 3673 927 3727 eruit
967 3681 1029 3739 te,
1070 3673 1179 3742 ipse
1215 3670 1354 3727 Deus
1382 3672 1628 3727 universa:

45 3776 184 3822 teme
223 3764 482 3822 vocabitur
521 3763 674 3838 (lsai.
720 3780 831 3830 Liv,
873 3764 925 3830 1,
956 3764 1021 3830 5;
1056 3762 1227 3818 Galat.
1272 3780 1346 3832 iv,
1377 3763 1467 3828 26,
1499 3761 1622 3835 27);

47 3859 119 3914 cui
158 3856 365 3914 dictum
408 3863 509 3922 est,
554 3854 712 3910 Terra
747 3865 836 3910 tua
877 3853 1011 3910 orbis
1040 3864 1286 3910 terrarum
1315 3853 1469 3926 (Isai.
1496 3869 1623 3921 Lxu,

48 3950 111 4019 ι).
139 3949 294 4006 Sicut
324 3946 546 4017 suscipit
581 3947 764 4019 regina
803 3945 914 4015 illa,
946 3945 1015 4003 de
1042 3961 1146 4018 qua
1185 3946 1240 4002 in
1285 3946 1513 4002 Psalmis
1546 3945 1629 4002 di-

48 4043 194 4112 citur,
215 4042 391 4099 Astitit
413 4041 587 4114 regina
615 4057 648 4095 a
678 4040 868 4097 dextris
895 4041 992 4096 tuis
1015 4055 1035 4095 :
1053 4049 1103 4097 et
1131 4040 1216 4097 cui
1267 4039 1482 4106 dicitur,
1516 4039 1624 4096 Pro

50 4135 266 4205 patribus
291 4135 393 4192 tuis
418 4134 527 4189 nati
560 4142 678 4190 sunt
701 4133 790 4189 tibi
813 4133 931 4204 ﬁlii,
959 4135 1229 4190 constitues
1255 4151 1340 4190 eos
1370 4135 1626 4205 principes

48 4243 188 4300 super
223 4244 428 4284 omnem
465 4236 651 4282 terram
690 4225 860 4300 (Psal.
889 4243 1032 4296 xuv,
1061 4227 1149 4294 l0,
1180 4227 1290 4299 17).
1323 4227 1625 4294 Postremo,

51 4333 109 4375 ne
130 4319 301 4375 multa
327 4332 762 4384 commemorem,
811 4317 889 4374 sic
925 4327 977 4375 te
1005 4318 1258 4388 suscipio,
1288 4318 1424 4374 sicut
1451 4317 1627 4374 susci-

51 4411 117 4479 pit
142 4411 384 4469 Ecclesia
413 4425 503 4482 per
539 4425 708 4465 omnes
745 4419 916 4483 gentes
957 4410 1202 4482 incipiens
1244 4409 1306 4464 ab
1343 4409 1629 4465 Jerusalem

59 4500 192 4569 (Luc.
241 4517 392 4570 μιν,
438 4499 532 4575 47)
557 4518 572 4556 :
600 4501 738 4558 sicut
780 4502 1004 4574 suscipit
1043 4501 1284 4558 Ecclesia
1325 4517 1444 4574 qua:
1489 4502 1627 4558 testis

56 4606 132 4663 est,
152 4596 368 4654 Christo
395 4596 450 4652 in
473 4593 778 4666 Jerusalem,
806 4605 854 4652 et
873 4597 928 4651 in
948 4604 1053 4651 tota
1073 4596 1259 4651 ludam
1284 4605 1332 4652 et
1363 4595 1626 4666 Samaria,

56 4698 94 4742 et
129 4707 283 4762 usque
319 4690 391 4745 ad
434 4699 592 4746 totam
621 4700 809 4746 terram
857 4688 993 4760 (Act.
1031 4706 1070 4760 ι,
1120 4690 1196 4760 8).
1245 4689 1340 4747 ille
1385 4691 1529 4747 enim
1575 4699 1629 4747 te

55 4781 282 4852 suscipit,
311 4781 404 4854 qui
427 4780 530 4838 hoc
548 4779 618 4838 de
649 4781 739 4836 illa
767 4780 919 4847 dixit,
949 4780 1040 4852 qui
1070 4781 1262 4837 talibus
1280 4797 1400 4838 eam
1427 4781 1626 4850 verbis,

60 4884 117 4926 ne
152 4872 434 4945 quisquam
462 4871 530 4929 de
568 4870 658 4929 illa
684 4871 970 4940 dubitaret,
993 4871 1247 4928 ostendit.
1278 4872 1368 4928 Sic
1415 4881 1469 4928 te
1512 4888 1629 4931 sus-

58 4962 179 5034 cipio
198 5006 214 5034 ,
235 4963 686 5035 quemadmodum
715 4964 936 5036 suscipit
971 4964 1205 5020 triticum
1230 4965 1547 5022 seminatum
1575 4966 1626 5022 in

60 5067 187 5126 agro,
213 5056 358 5130 quod
383 5071 504 5114 cum
531 5056 754 5113 zizaniis
781 5057 974 5113 crescit
995 5071 1162 5128 usque
1191 5056 1258 5113 ad
1282 5071 1534 5114 messem.
1562 5057 1628 5114 Hi

61 5151 322 5210 suntenim
338 5150 437 5222 ﬁlii
449 5153 590 5223 regni
607 5168 758 5224 ;ager
767 5161 934 5206 autem
947 5160 1018 5206 est
1033 5152 1273 5221 mundus,
1292 5151 1465 5207 messis
1486 5162 1558 5207 est
1574 5153 1630 5222 ﬁ-

63 5243 127 5298 nis
145 5244 314 5300 screnti
333 5242 547 5317 (Matth.
568 5259 687 5310 xui,
710 5243 799 5312 50,
819 5243 907 5310 58,
934 5245 1023 5315 59)
1054 5262 1068 5300 :
1091 5244 1344 5301 Dominus
1360 5245 1626 5315 exposuit,

64 5333 388 5411 Evangelium
414 5345 519 5403 est,
544 5335 709 5394 verba
747 5337 956 5393 Domini
989 5347 1132 5406 sunt,
1173 5336 1455 5395 manifesta
1483 5347 1627 5394 sunt.

67 5424 262 5487 Possem
301 5429 398 5487 tibi
427 5429 649 5487 dicere:
679 5428 769 5485 Sic
799 5436 851 5485 te
897 5429 1149 5500 suscipio,
1178 5430 1628 5503 quemadmodum

67 5527 112 5574 et
131 5535 218 5578 vos
256 5522 570 5594 suscepistis
604 5535 740 5594 quos
769 5521 1121 5579 Praetextatus
1161 5531 1215 5579 ct
1256 5523 1554 5580 Felicianus
1598 5536 1630 5584 a

70 5613 198 5672 vobis
218 5615 476 5685 damnati,
509 5622 663 5674 extra
681 5623 914 5673 vestram
938 5616 1369 5677 communionem
1394 5617 1627 5692 baptiza-

72 5716 252 5768 verunt.
277 5705 376 5770 Cui
410 5707 492 5770 rei
518 5706 645 5785 quid
675 5709 1030 5779 contradicas,
1057 5709 1273 5770 omnino
1303 5724 1408 5769 non
1437 5709 1622 5770 habes.

76 5794 162 5860 Sed
189 5799 281 5864 hoc
305 5798 486 5883 potius
512 5801 708 5876 dicam,
736 5802 878 5882 quod
915 5811 969 5865 et
1006 5802 1258 5864 adversus
1284 5803 1428 5881 ipsos
1458 5802 1622 5864 Maxi-
1649 5896 1679 5905 φ

1728 397 2004 455 mianistas
2033 402 2381 464 invictissime
2410 407 2602 476 valeat,
2637 409 2724 482 qui
2753 424 2846 468 vos
2873 413 2929 470 in
2953 412 3161 472 duobus
3185 431 3325 488 prae-

1728 491 1883 562 cipue
1927 493 2246 552 testimoniis
2291 499 2482 570 quibus
2521 502 2938 574 imperitissimo,
2986 517 3160 566 tamen
3199 526 3323 569 cre-

1729 582 1962 641 berrime
2010 587 2086 641 uti
2138 589 2344 658 soletis,
2392 593 2610 649 omnino
2665 595 2929 666 vicerunt,
2985 606 3040 654 et
3088 599 3156 656 de
3203 617 3322 672 pau-

1730 679 1890 735 citate
1917 687 1971 735 et
1997 679 2063 736 de
2086 683 2327 740 meridie.
2352 683 2462 741 Hoc
2479 701 2606 758 ergo
2625 687 2818 754 dicam,
2845 691 2986 761 quod
3012 707 3109 748 vos
3135 709 3323 750 omnes

1733 781 1981 844 tanquam
2017 776 2215 844 pariter
2230 771 2418 832 contra
2445 793 2544 834 nos
2565 780 2872 854 insurgatis,
2892 785 3214 856 exstinguat.
3230 785 3322 844 Sic

1729 879 1826 920 vos
1853 867 2192 937 suscipimus,
2227 869 2270 924 si
2298 871 2492 942 corrigi
2518 873 2695 941 vultis,
2725 876 3171 946 quemadmodum
3199 895 3322 937 sus-

1729 957 1859 1029 cipit
1910 958 2184 1028 Ecclesia,
2232 977 2391 1032 quam
2444 965 2700 1021 Dominus
2750 967 2906 1024 Jesus
2948 969 3082 1025 dixit
3122 971 3190 1026 ab
3231 972 3318 1029 Je-

1729 1049 1961 1105 rusalem
2005 1060 2327 1122 erepturam,
2375 1063 2431 1110 et
2475 1055 2529 1112 in
2568 1057 2789 1114 Actibus
2832 1060 3210 1131 Apostolorum
3239 1065 3320 1122 le-

1728 1142 1902 1212 gimus
1947 1143 2072 1201 inde
2119 1145 2390 1217 coepisse:
2418 1157 2473 1204 et
2514 1165 2611 1220 per
2651 1164 2840 1207 omnes
2873 1162 3060 1224 gentes
3102 1157 3317 1226 ituram,

1729 1243 1785 1290 et
1819 1236 1870 1291 in
1910 1236 2132 1294 Actibus
2175 1241 2553 1313 Apostolorum
2584 1244 2809 1317 legimus
2844 1261 2941 1317 per
2967 1250 3160 1307 multas
3188 1251 3316 1322 isse,

1729 1336 2016 1400 antequam
2058 1333 2264 1390 veniret
2310 1333 2366 1389 in
2394 1333 2652 1403 Africam,
2696 1344 2750 1392 et
2779 1353 2874 1406 per
2914 1353 3102 1397 omnes
3135 1352 3322 1414 gentes

1730 1419 1921 1476 ituram
1946 1430 2231 1495 antequam
2253 1426 2434 1482 veniat
2459 1426 2619 1496 ﬁnis;
2649 1429 2771 1499 quia
2796 1430 2909 1500 ipse
2939 1432 3195 1492 Dominus
3223 1437 3319 1506 ait,

1731 1513 2105 1571 Prwdicabitur
2139 1517 2234 1573 hoc
2262 1517 2596 1591 Evangelium
2641 1521 2694 1576 in
2723 1523 2954 1579 omnibus
2993 1528 3243 1598 gentibus,
3274 1538 3322 1586 et

1730 1617 1849 1662 tunc
1894 1609 2055 1664 veniet
2106 1610 2246 1680 ﬁnis.
2297 1611 2437 1668 Ecce
2474 1627 2822 1684 purgamenta
2874 1618 3033 1687 ejus:
3067 1621 3320 1689 Quoniam

1729 1703 2003 1758 abundavit
2028 1705 2286 1775 iniquitas,
2312 1707 2600 1778 refrigescet
2620 1710 2843 1766 charitns
2863 1712 3158 1769 multorum.
3184 1717 3323 1774 Ecce

1729 1792 1994 1851 frumenta
2043 1797 2158 1866 ejus
2199 1815 2211 1851 :
2259 1798 2361 1866 Qui
2409 1809 2577 1854 autem
2631 1804 3017 1870 perseveraverit
3061 1821 3216 1877 usque
3267 1809 3322 1863 in

1729 1889 1900 1958 ﬁnem,
1929 1889 2012 1943 hic
2032 1891 2202 1946 salvus
2229 1893 2323 1945 erit
2347 1890 2456 1963 (Id.
2486 1908 2633 1961 xxrv,
2661 1893 2872 1966 12-14).
2900 1895 3003 1952 Ubi
3030 1895 3116 1953 hic
3141 1898 3320 1956 Africa

1729 1981 2002 2037 nominata
2030 1990 2111 2037 est
2137 1982 2189 2037 in
2231 1991 2381 2054 parte
2411 1984 2638 2041 Donati?
2664 1987 2802 2043 Ecce
2831 1989 3021 2044 iterum
3056 1989 3320 2048 frumenta

1729 2074 1889 2145 ejus:
1925 2073 1990 2130 Ut
2031 2076 2182 2142 scias,
2231 2075 2402 2147 inquit
2451 2077 2759 2148 Apostolus,
2808 2081 3229 2151 quemadmodum
3274 2093 3324 2140 te

1730 2175 1955 2236 oporteat
1983 2168 2037 2222 in
2076 2167 2226 2222 domo
2253 2168 2349 2223 Dei
2374 2171 2677 2238 conversari,
2708 2188 2820 2244 qua:
2860 2185 2934 2229 est
2959 2173 3189 2232 Ecclesia
3229 2177 3325 2234 Dei

1729 2262 1847 2329 vivi,
1898 2263 2134 2318 columna
2163 2273 2208 2318 et
2235 2265 2609 2335 ﬁrmamentum
2651 2268 2892 2324 veritatis.
2927 2268 2994 2322 Et
3032 2271 3140 2325 sine
3167 2271 3320 2327 dubio

1730 2371 1973 2429 magnum
2009 2364 2082 2410 est
2119 2356 2319 2427 pietatis
2356 2367 2749 2427 sacramentum,
2785 2360 2921 2431 quod
2946 2363 3326 2435 manifestatum

1731 2456 1804 2502 est
1829 2449 1883 2502 in
1907 2465 2078 2510 carne,
2100 2449 2444 2520 justi/iculum
2473 2459 2545 2506 est
2579 2453 2631 2506 in
2661 2452 2862 2523 spiritu,
2891 2455 3132 2526 apparuit
3153 2455 3326 2527 Ange-

1732 2539 1816 2606 lis,
1843 2539 2174 2609 prwdicatum
2198 2549 2272 2595 est
2297 2542 2349 2595 in
2372 2542 2624 2613 gentibus,
2657 2543 2902 2598 creditum
2930 2555 3004 2600 est
3028 2547 3082 2600 in
3107 2548 3316 2617 mundo,

1731 2642 2046 2704 assumptum
2086 2642 2159 2687 est
2204 2633 2256 2686 in
2302 2634 2466 2704 gloria
2495 2634 2539 2705 (l
2567 2634 2697 2688 Tim.
2749 2653 2827 2701 ιιι,
2873 2638 2960 2706 15,
3013 2635 3123 2712 16).
3182 2639 3326 2697 Ecce

1730 2733 2079 2796 purgamenta
2125 2725 2240 2795 ejus
2274 2742 2286 2778 :
2319 2725 2545 2795 Spiritus
2591 2737 2780 2794 autem,
2824 2728 3015 2799 inquit,
3060 2732 3328 2802 manifeste

1731 2817 1872 2883 dicit,
1920 2818 2040 2890 quia
2066 2816 2119 2872 in
2147 2817 2428 2873 novissimis
2464 2819 2768 2890 temporibus
2796 2821 3024 2876 recedent
3049 2823 3258 2894 quidam
3292 2841 3328 2879 a

1732 2911 1853 2982 ﬁde,
1896 2912 2206 2966 attendentes
2244 2912 2504 2983 spiritibus
2546 2913 2908 2982 seductoribus,
2941 2917 3184 2973 doctrinis
3217 2917 3326 2974 dce-

1731 3005 2038 3071 moniorum,
2067 3003 2178 3074 (Id.
2212 3021 2282 3069 iv,
2315 3004 2367 3077 1)
2399 3013 2502 3062 etc.
2535 3005 2636 3062 Ubi
2688 3015 2743 3062 et
2767 3006 2852 3063 hic
2880 3007 3056 3065 Africa
3085 3011 3136 3066 in
3173 3019 3326 3082 parte

1732 3097 1922 3152 Donati
1955 3099 2226 3153 nominata
2251 3107 2354 3164 est,
2392 3107 2452 3154 ut
2480 3099 2533 3154 in
2563 3114 2626 3155 ea
2648 3102 2966 3157 remanserit
2994 3103 3242 3159 columna
3270 3113 3326 3162 et

1732 3192 2126 3247 ﬁrmamentum
2157 3191 2415 3260 veritatis,
2447 3201 2538 3247 aut
2563 3192 2775 3264 pietatis
2813 3206 3229 3265 sacramentum,
3254 3198 3326 3255 de

1731 3297 1838 3354 quo
1881 3299 2051 3354 usque
2093 3283 2144 3337 in
2192 3282 2352 3338 ﬁnem
2400 3284 2472 3338 ita
2515 3285 2771 3350 cucurrit,
2815 3271 2872 3340 ut
2915 3285 3136 3354 diceret,
3173 3287 3324 3344 Prat-

1731 3375 1956 3430 dicatum
1979 3384 2051 3430 est
2076 3376 2128 3430 in
2151 3375 2397 3448 gentibus,
2426 3376 2675 3431 creditum
2702 3386 2775 3431 est
2802 3378 2853 3432 in
2885 3379 3095 3448 mundo,
3122 3397 3322 3436 assum-

1731 3475 1870 3540 ptum
1900 3477 1971 3522 est
2000 3469 2052 3521 in
2072 3468 2279 3540 gloria?

1804 3559 1892 3613 7i.
1932 3558 2070 3626 Quid
2114 3573 2242 3630 ergo
2286 3559 2526 3630 pluribus
2567 3560 2816 3614 teneam?
2854 3561 2954 3628 Qui
2997 3565 3323 3635 respondere

1731 3651 1929 3722 cogitat
1979 3649 2102 3705 huic
2133 3643 2407 3721 Epistulre,
2449 3659 2720 3707 scrutetur
2758 3651 3062 3724 Scripturas
3092 3674 3104 3711 :
3138 3667 3192 3713 et
3231 3669 3325 3716 aut

1732 3744 2071 3800 manifestum
2103 3743 2170 3799 de
2208 3743 2408 3813 Africa,
2446 3746 2531 3802 vel
2578 3747 2761 3820 inqua
2805 3749 2940 3816 sola,
2989 3751 3074 3806 vel
3123 3767 3186 3808 ex
3217 3769 3322 3826 qua

1730 3837 1842 3894 sola
1891 3845 1975 3892 est
2017 3853 2140 3908 pars
2187 3837 2400 3904 Donati,
2457 3838 2692 3908 proferat
2743 3841 3148 3900 testimonium:
3179 3845 3324 3917 quod

1731 3929 1855 3985 ideo
1883 3929 2126 4002 proferre
2165 3945 2272 3987 non
2312 3939 2508 4002 potest,
2549 3933 2671 4004 quia
2710 3933 2814 3989 illis
2846 3943 2952 3990 tam
2995 3937 3317 4008 manifestis,

1731 4037 1851 4093 qua:
1889 4037 1919 4076 a
1949 4021 2105 4078 nobis
2133 4023 2336 4092 prolata
2379 4031 2522 4088 sunt,
2556 4038 2856 4096 repugnare
2893 4025 3168 4098 Scriptura
3210 4045 3321 4086 non

1731 4121 1907 4184 potest
1937 4130 1950 4166 :
1984 4121 2076 4168 aut
2126 4114 2170 4168 si
2226 4129 2445 4168 suarum
2492 4115 2875 4184 suspicionum,
2927 4117 3016 4172 vel
3063 4119 3320 4175 crimina-

1733 4204 1956 4272 tionum,
2004 4205 2084 4261 vel
2111 4206 2500 4261 calumniarum
2548 4214 2841 4262 sectatores
2884 4209 3134 4266 credulos
3162 4227 3313 4282 qum-

1729 4297 1821 4365 rit,
1849 4305 1903 4352 et
1928 4298 2042 4352 vult
2073 4298 2350 4354 traducere
2385 4298 2439 4352 in
2474 4297 2616 4354 aliud
2642 4298 3007 4371 Evangelium,
3039 4302 3182 4372 quod
3209 4318 3319 4361 non

1730 4399 1815 4448 est
1839 4390 2001 4459 aliud,
2041 4401 2200 4464 atque
2237 4391 2555 4449 annuntiare
2591 4393 2744 4450 nobis
2783 4403 3138 4466 praeterquam
3173 4400 3317 4470 quod

1731 4485 2054 4558 accepimus,
2110 4485 2210 4541 etsi
2256 4485 2474 4558 angelus
2517 4485 2584 4542 de
2630 4487 2768 4543 coelo
2815 4496 2977 4554 esset,
3029 4488 3316 4548 anathema

1732 4591 1875 4638 esset
1917 4580 2112 4653 (Galat.
2139 4596 2176 4647 ι,
2210 4578 2264 4652 8)
2300 4597 2313 4633 :
2343 4579 2595 4651 quoniam
2636 4588 2691 4637 et
2730 4579 2995 4648 diabolus,
3051 4582 3143 4653 qui
3190 4599 3320 4654 pro-

1732 4682 1916 4746 pterea
1941 4671 2008 4726 de
2039 4671 2176 4727 coelo
2201 4670 2414 4739 cecidit,
2441 4671 2563 4742 quia
2592 4671 2644 4726 in
2669 4672 2895 4728 veritate
2936 4687 3040 4729 non
3071 4675 3240 4741 stetit,
3273 4677 3320 4733 si

1732 4766 2015 4824 anathema
2038 4765 2223 4822 luisset
2245 4765 2468 4834 homini,
2494 4766 2706 4838 quando
2727 4767 2774 4823 ei
2796 4776 3149 4839 prreterquam
3177 4770 3322 4842 quod

1733 4874 1762 4914 a
1791 4859 2015 4915 Domino
2043 4859 2152 4915 Deo
2178 4868 2482 4930 acceperat,
2510 4859 2858 4926 annuntiavit,
2890 4859 3045 4930 primi
3069 4871 3320 4931 parentes

1733 4951 1910 5008 carnis
1936 4961 2151 5018 nostrae,
2180 4966 2279 5007 nec
2304 4952 2355 5006 in
2389 4965 2605 5022 ptenam
2625 4950 2812 5006 mortis
2851 4950 3185 5020 incidissent,
3219 4969 3320 5012 nec

1733 5043 1801 5100 de
1831 5045 1950 5099 loco
1978 5043 2243 5100 felicitatis
2269 5044 2524 5099 exissent.

1807 5137 2032 5194 CAPUT
2058 5136 2204 5193 XXV
2226 5135 2491 5208 (a).——72.
2511 5135 2843 5206 Quapropter
2859 5151 2974 5206 vos,
2992 5136 3318 5208 charissimi,

1734 5233 1924 5304 quibus
1971 5231 2109 5286 hanc
2155 5230 2447 5301 Epistolam
2487 5228 2684 5295 scribo,
2727 5239 3050 5302 praeceptum
3093 5233 3323 5304 pastoris

1735 5325 1826 5396 qui
1868 5323 2098 5378 animam
2147 5337 2296 5376 suam
2341 5319 2522 5391 posuit
2549 5334 2646 5391 pro
2675 5320 2867 5377 ovibus
2902 5322 3035 5390 suis,
3081 5332 3135 5379 et
3178 5338 3323 5380 nunc

1735 5414 2059 5488 gloriﬁcatus
2097 5421 2151 5468 et
2195 5413 2457 5468 exaltatus
2487 5411 2638 5468 sedet
2668 5413 2736 5468 ad
2764 5413 3038 5470 dexteram
3083 5417 3175 5470 Dei
3216 5417 3322 5472 Pa-

1737 5509 1853 5576 tris,
1880 5506 2040 5564 corde
2063 5505 2372 5562 ﬁdelissimo
2398 5513 2452 5562 et
2479 5505 2788 5563 ﬁrmissimo
2813 5508 3040 5564 retinete
3065 5505 3314 5573 dicentis.

1739 5604 1868 5677 Quae
1894 5609 2010 5658 sunt
2033 5615 2144 5658 oves
2172 5615 2312 5666 mete,
2341 5615 2510 5657 vocem
2552 5615 2717 5658 meam
2754 5599 2987 5667 audiunt,
3029 5608 3076 5655 et
3103 5613 3321 5669 sequun-

1739 5707 1819 5755 tur
1845 5712 1922 5755 me
1949 5693 2123 5770 (Joau.
2155 5709 2212 5762 χ,
2244 5689 2356 5768 τι).
2387 5691 2624 5754 Audistis
2645 5692 2761 5770 ejus
2785 5706 2969 5752 vocent
3000 5688 3308 5760 manifestis

1805 5811 1878 5882 (α)
1911 5810 2047 5878 olim,
2069 5823 2172 5879 cap.
2199 5807 2396 5877 20apud
2422 5815 2519 5864 Am.
2550 5817 2602 5866 et
2628 5814 2700 5865 Et.
3322 5833 3338 5880 χ
