  <div class='ocr_page' id='page_1' title='image "/cluster/home/n/w/nwhite01/storage/ocr_20150623/43/uva.x000827113/229.png"; bbox 0 0 3792 6138; ppageno 0'>
   <div class='ocr_carea' id='block_1_1' title="bbox 483 259 591 326">
    <p class='ocr_par' dir='ltr' id='par_1_1' title="bbox 483 259 591 326">
     <span class='ocr_line' id='line_1_1' title="bbox 483 259 591 326; baseline 0.009 -11"><span class='ocrx_word' id='word_1_1' title='bbox 483 259 591 326; x_wconf 69' lang='grc'><strong>443</strong></span> 
     </span>
    </p>
   </div>
   <div class='ocr_carea' id='block_1_2' title="bbox 477 369 2063 449">
    <p class='ocr_par' dir='ltr' id='par_1_2' title="bbox 477 369 2063 449">
     <span class='ocr_line' id='line_1_2' title="bbox 477 369 2063 449; baseline -0.011 -10"><span class='ocrx_word' id='word_1_2' title='bbox 477 381 690 449; x_wconf 83' lang='lat' dir='ltr'><strong>simam,</strong></span> <span class='ocrx_word' id='word_1_3' title='bbox 719 393 824 436; x_wconf 92' lang='lat' dir='ltr'><strong>non</strong></span> <span class='ocrx_word' id='word_1_4' title='bbox 854 377 1028 435; x_wconf 90' lang='lat' dir='ltr'><strong>solum</strong></span> <span class='ocrx_word' id='word_1_5' title='bbox 1057 390 1154 448; x_wconf 87' lang='lat' dir='ltr'><strong>per</strong></span> <span class='ocrx_word' id='word_1_6' title='bbox 1173 375 1369 447; x_wconf 89' lang='lat' dir='ltr'><strong>Legem</strong></span> <span class='ocrx_word' id='word_1_7' title='bbox 1408 374 1545 446; x_wconf 90' lang='lat' dir='ltr'><strong>ejus,</strong></span> <span class='ocrx_word' id='word_1_8' title='bbox 1575 381 1630 428; x_wconf 90' lang='lat' dir='ltr'><strong>et</strong></span> <span class='ocrx_word' id='word_1_9' title='bbox 1660 369 1975 441; x_wconf 79' lang='lat' dir='ltr'><strong>Prophetas,</strong></span> <span class='ocrx_word' id='word_1_10' title='bbox 2007 374 2063 424; x_wconf 92' lang='lat' dir='ltr'><strong>et</strong></span> 
     </span>
    </p>
   </div>
   <div class='ocr_carea' id='block_1_3' title="bbox 476 463 2062 542">
    <p class='ocr_par' dir='ltr' id='par_1_3' title="bbox 476 463 2062 542">
     <span class='ocr_line' id='line_1_3' title="bbox 476 463 2062 542; baseline -0.006 -12"><span class='ocrx_word' id='word_1_11' title='bbox 476 475 735 540; x_wconf 87' lang='lat' dir='ltr'><strong>Psalmos,</strong></span> <span class='ocrx_word' id='word_1_12' title='bbox 777 472 871 528; x_wconf 85' lang='lat' dir='ltr'><strong>sed</strong></span> <span class='ocrx_word' id='word_1_13' title='bbox 909 471 1068 527; x_wconf 90' lang='lat' dir='ltr'><strong>etiam</strong></span> <span class='ocrx_word' id='word_1_14' title='bbox 1104 486 1202 542; x_wconf 88' lang='lat' dir='ltr'><strong>per</strong></span> <span class='ocrx_word' id='word_1_15' title='bbox 1240 485 1302 524; x_wconf 90' lang='lat' dir='ltr'><strong>os</strong></span> <span class='ocrx_word' id='word_1_16' title='bbox 1329 467 1602 539; x_wconf 90' lang='lat' dir='ltr'><strong>proprium</strong></span> <span class='ocrx_word' id='word_1_17' title='bbox 1633 463 2062 523; x_wconf 72' lang='lat' dir='ltr'><strong>commendantis</strong></span> 
     </span>
    </p>
   </div>
   <div class='ocr_carea' id='block_1_4' title="bbox 476 560 2059 634">
    <p class='ocr_par' dir='ltr' id='par_1_4' title="bbox 476 560 2059 634">
     <span class='ocr_line' id='line_1_4' title="bbox 476 560 2059 634; baseline -0.006 -10"><span class='ocrx_word' id='word_1_18' title='bbox 476 568 766 624; x_wconf 88' lang='lat' dir='ltr'><strong>Ecclesiam</strong></span> <span class='ocrx_word' id='word_1_19' title='bbox 792 580 939 620; x_wconf 89' lang='lat' dir='ltr'><strong>suam</strong></span> <span class='ocrx_word' id='word_1_20' title='bbox 966 563 1219 620; x_wconf 79' lang='lat' dir='ltr'><strong>futuram.</strong></span> <span class='ocrx_word' id='word_1_21' title='bbox 1251 562 1322 621; x_wconf 88' lang='lat' dir='ltr'><strong>Et</strong></span> <span class='ocrx_word' id='word_1_22' title='bbox 1344 577 1407 619; x_wconf 91' lang='lat' dir='ltr'><strong>ea</strong></span> <span class='ocrx_word' id='word_1_23' title='bbox 1427 577 1547 634; x_wconf 66' lang='lat' dir='ltr'><strong>quae</strong></span> <span class='ocrx_word' id='word_1_24' title='bbox 1573 560 1838 631; x_wconf 77' lang='lat' dir='ltr'><strong>praedixit,</strong></span> <span class='ocrx_word' id='word_1_25' title='bbox 1865 573 2059 629; x_wconf 86' lang='lat' dir='ltr'><strong>quem-</strong></span> 
     </span>
    </p>
   </div>
   <div class='ocr_carea' id='block_1_5' title="bbox 473 652 2062 722">
    <p class='ocr_par' dir='ltr' id='par_1_5' title="bbox 473 652 2062 722">
     <span class='ocr_line' id='line_1_5' title="bbox 473 652 2062 722; baseline -0.005 -6"><span class='ocrx_word' id='word_1_26' title='bbox 473 658 756 716; x_wconf 89' lang='lat' dir='ltr'><strong>admodum</strong></span> <span class='ocrx_word' id='word_1_27' title='bbox 801 673 865 713; x_wconf 80' lang='lat' dir='ltr'><strong>ex</strong></span> <span class='ocrx_word' id='word_1_28' title='bbox 914 657 1100 714; x_wconf 88' lang='lat' dir='ltr'><strong>ordine</strong></span> <span class='ocrx_word' id='word_1_29' title='bbox 1146 664 1434 713; x_wconf 76' lang='lat' dir='ltr'><strong>consecuta</strong></span> <span class='ocrx_word' id='word_1_30' title='bbox 1475 655 1602 722; x_wconf 88' lang='lat' dir='ltr'><strong>sint,</strong></span> <span class='ocrx_word' id='word_1_31' title='bbox 1644 655 1696 709; x_wconf 92' lang='lat' dir='ltr'><strong>in</strong></span> <span class='ocrx_word' id='word_1_32' title='bbox 1744 652 1966 710; x_wconf 78' lang='lat' dir='ltr'><strong>Actibus</strong></span> <span class='ocrx_word' id='word_1_33' title='bbox 2007 661 2062 710; x_wconf 88' lang='lat' dir='ltr'><strong>et</strong></span> 
     </span>
    </p>
   </div>
   <div class='ocr_carea' id='block_1_6' title="bbox 471 746 2059 822">
    <p class='ocr_par' dir='ltr' id='par_1_6' title="bbox 471 746 2059 822">
     <span class='ocr_line' id='line_1_6' title="bbox 471 746 2059 822; baseline -0.003 -16"><span class='ocrx_word' id='word_1_34' title='bbox 471 751 690 806; x_wconf 89' lang='lat' dir='ltr'><strong>Litteris</strong></span> <span class='ocrx_word' id='word_1_35' title='bbox 736 751 1138 822; x_wconf 75' lang='lat' dir='ltr'><strong>Apostolorum,</strong></span> <span class='ocrx_word' id='word_1_36' title='bbox 1175 765 1297 821; x_wconf 67' lang='lat' dir='ltr'><strong>quae</strong></span> <span class='ocrx_word' id='word_1_37' title='bbox 1321 747 1621 805; x_wconf 90' lang='lat' dir='ltr'><strong>divinarum</strong></span> <span class='ocrx_word' id='word_1_38' title='bbox 1662 746 2059 818; x_wconf 85' lang='lat' dir='ltr'><strong>Scripturarum</strong></span> 
     </span>
    </p>
   </div>
   <div class='ocr_carea' id='block_1_7' title="bbox 469 840 2057 914">
    <p class='ocr_par' dir='ltr' id='par_1_7' title="bbox 469 840 2057 914">
     <span class='ocr_line' id='line_1_7' title="bbox 469 840 2057 914; baseline -0.002 -15"><span class='ocrx_word' id='word_1_39' title='bbox 469 858 728 900; x_wconf 85' lang='lat' dir='ltr'><strong>canonem</strong></span> <span class='ocrx_word' id='word_1_40' title='bbox 758 843 1046 912; x_wconf 88' lang='lat' dir='ltr'><strong>complent,</strong></span> <span class='ocrx_word' id='word_1_41' title='bbox 1079 843 1304 914; x_wconf 83' lang='lat' dir='ltr'><strong>legendo</strong></span> <span class='ocrx_word' id='word_1_42' title='bbox 1331 842 1650 913; x_wconf 77' lang='lat' dir='ltr'><strong>perspicitis.</strong></span> <span class='ocrx_word' id='word_1_43' title='bbox 1678 840 1795 897; x_wconf 87' lang='lat' dir='ltr'><strong>Non</strong></span> <span class='ocrx_word' id='word_1_44' title='bbox 1845 850 1928 898; x_wconf 88' lang='lat' dir='ltr'><strong>est</strong></span> <span class='ocrx_word' id='word_1_45' title='bbox 1957 841 2057 896; x_wconf 86' lang='lat' dir='ltr'><strong>ob-</strong></span> 
     </span>
    </p>
   </div>
   <div class='ocr_carea' id='block_1_8' title="bbox 470 934 2057 1008">
    <p class='ocr_par' dir='ltr' id='par_1_8' title="bbox 470 934 2057 1008">
     <span class='ocr_line' id='line_1_8' title="bbox 470 934 2057 1008; baseline 0.001 -18"><span class='ocrx_word' id='word_1_46' title='bbox 470 951 624 992; x_wconf 88' lang='lat' dir='ltr'><strong>scura</strong></span> <span class='ocrx_word' id='word_1_47' title='bbox 655 936 880 1008; x_wconf 78' lang='lat' dir='ltr'><strong>qntcstio</strong></span> <span class='ocrx_word' id='word_1_48' title='bbox 911 937 962 992; x_wconf 91' lang='lat' dir='ltr'><strong>in</strong></span> <span class='ocrx_word' id='word_1_49' title='bbox 988 951 1088 1007; x_wconf 83' lang='lat' dir='ltr'><strong>qua</strong></span> <span class='ocrx_word' id='word_1_50' title='bbox 1120 951 1219 992; x_wconf 86' lang='lat' dir='ltr'><strong>vos</strong></span> <span class='ocrx_word' id='word_1_51' title='bbox 1249 934 1450 1001; x_wconf 79' lang='lat' dir='ltr'><strong>fallant,</strong></span> <span class='ocrx_word' id='word_1_52' title='bbox 1494 950 1629 1006; x_wconf 91' lang='lat' dir='ltr'><strong>quos</strong></span> <span class='ocrx_word' id='word_1_53' title='bbox 1659 935 1774 1005; x_wconf 91' lang='lat' dir='ltr'><strong>ipse</strong></span> <span class='ocrx_word' id='word_1_54' title='bbox 1802 935 2057 991; x_wconf 83' lang='lat' dir='ltr'><strong>Dominus</strong></span> 
     </span>
    </p>
   </div>
   <div class='ocr_carea' id='block_1_9' title="bbox 471 1025 2054 1099">
    <p class='ocr_par' dir='ltr' id='par_1_9' title="bbox 471 1025 2054 1099">
     <span class='ocr_line' id='line_1_9' title="bbox 471 1025 2054 1099; baseline -0.001 -15"><span class='ocrx_word' id='word_1_55' title='bbox 471 1027 715 1099; x_wconf 72' lang='lat' dir='ltr'><strong>prmdixit</strong></span> <span class='ocrx_word' id='word_1_56' title='bbox 734 1027 940 1083; x_wconf 79' lang='lat' dir='ltr'><strong>futuros</strong></span> <span class='ocrx_word' id='word_1_57' title='bbox 965 1037 1122 1098; x_wconf 91' lang='lat' dir='ltr'><strong>atque</strong></span> <span class='ocrx_word' id='word_1_58' title='bbox 1148 1027 1403 1095; x_wconf 90' lang='lat' dir='ltr'><strong>dicturos,</strong></span> <span class='ocrx_word' id='word_1_59' title='bbox 1430 1025 1563 1082; x_wconf 81' lang='lat' dir='ltr'><strong>Ecce</strong></span> <span class='ocrx_word' id='word_1_60' title='bbox 1589 1026 1670 1082; x_wconf 78' lang='lat' dir='ltr'><strong>hic</strong></span> <span class='ocrx_word' id='word_1_61' title='bbox 1697 1036 1771 1082; x_wconf 87' lang='lat' dir='ltr'><strong>est</strong></span> <span class='ocrx_word' id='word_1_62' title='bbox 1799 1025 2054 1096; x_wconf 74' lang='lat' dir='ltr'><strong>Christus,</strong></span> 
     </span>
    </p>
   </div>
   <div class='ocr_carea' id='block_1_10' title="bbox 401 1120 2056 1194">
    <p class='ocr_par' dir='ltr' id='par_1_10' title="bbox 401 1120 2056 1194">
     <span class='ocr_line' id='line_1_10' title="bbox 401 1120 2056 1194; baseline 0 -18"><span class='ocrx_word' id='word_1_63' title='bbox 401 1191 406 1194; x_wconf 19' lang='grc' dir='ltr'>ν</span> <span class='ocrx_word' id='word_1_64' title='bbox 467 1139 578 1177; x_wconf 76' lang='lat' dir='ltr'><strong>cccc</strong></span> <span class='ocrx_word' id='word_1_65' title='bbox 617 1122 756 1177; x_wconf 81' lang='lat' dir='ltr'><strong>illic:</strong></span> <span class='ocrx_word' id='word_1_66' title='bbox 784 1138 894 1176; x_wconf 87' lang='lat' dir='ltr'><strong>ecce</strong></span> <span class='ocrx_word' id='word_1_67' title='bbox 921 1122 973 1176; x_wconf 87' lang='lat' dir='ltr'><strong>in</strong></span> <span class='ocrx_word' id='word_1_68' title='bbox 1001 1122 1218 1190; x_wconf 81' lang='lat' dir='ltr'><strong>deserto,</strong></span> <span class='ocrx_word' id='word_1_69' title='bbox 1250 1122 1402 1193; x_wconf 88' lang='lat' dir='ltr'><strong>quasi</strong></span> <span class='ocrx_word' id='word_1_70' title='bbox 1427 1121 1516 1179; x_wconf 85' lang='lat' dir='ltr'><strong>ubi</strong></span> <span class='ocrx_word' id='word_1_71' title='bbox 1555 1137 1663 1178; x_wconf 90' lang='lat' dir='ltr'><strong>non</strong></span> <span class='ocrx_word' id='word_1_72' title='bbox 1695 1130 1777 1177; x_wconf 85' lang='lat' dir='ltr'><strong>est</strong></span> <span class='ocrx_word' id='word_1_73' title='bbox 1803 1120 2056 1192; x_wconf 75' lang='lat' dir='ltr'><strong>frequen-</strong></span> 
     </span>
    </p>
   </div>
   <div class='ocr_carea' id='block_1_11' title="bbox 402 1212 2048 1284">
    <p class='ocr_par' dir='ltr' id='par_1_11' title="bbox 402 1212 2048 1284">
     <span class='ocr_line' id='line_1_11' title="bbox 402 1212 2048 1284; baseline 0 -15"><span class='ocrx_word' id='word_1_74' title='bbox 402 1221 412 1232; x_wconf 80' lang='lat'>&quot;</span> <span class='ocrx_word' id='word_1_75' title='bbox 469 1216 538 1269; x_wconf 90' lang='lat' dir='ltr'><strong>tia</strong></span> <span class='ocrx_word' id='word_1_76' title='bbox 581 1214 976 1270; x_wconf 88' lang='lat' dir='ltr'><strong>multitudinis:</strong></span> <span class='ocrx_word' id='word_1_77' title='bbox 1007 1231 1117 1270; x_wconf 83' lang='lat' dir='ltr'><strong>ecce</strong></span> <span class='ocrx_word' id='word_1_78' title='bbox 1152 1215 1208 1269; x_wconf 88' lang='lat' dir='ltr'><strong>in</strong></span> <span class='ocrx_word' id='word_1_79' title='bbox 1246 1213 1489 1268; x_wconf 76' lang='lat' dir='ltr'><strong>cubiculis</strong></span> <span class='ocrx_word' id='word_1_80' title='bbox 1528 1212 1740 1284; x_wconf 80' lang='lat' dir='ltr'><strong>(Matth.</strong></span> <span class='ocrx_word' id='word_1_81' title='bbox 1777 1229 1924 1280; x_wconf 79' lang='lat' dir='ltr'><strong>xxw,</strong></span> <span class='ocrx_word' id='word_1_82' title='bbox 1956 1213 2048 1280; x_wconf 70' lang='lat'><strong>23,</strong></span> 
     </span>
    </p>
   </div>
   <div class='ocr_carea' id='block_1_12' title="bbox 465 1303 2048 1377">
    <p class='ocr_par' dir='ltr' id='par_1_12' title="bbox 465 1303 2048 1377">
     <span class='ocr_line' id='line_1_12' title="bbox 465 1303 2048 1377; baseline 0.001 -19"><span class='ocrx_word' id='word_1_83' title='bbox 465 1305 583 1376; x_wconf 75' lang='lat'><strong>26),</strong></span> <span class='ocrx_word' id='word_1_84' title='bbox 625 1306 775 1377; x_wconf 90' lang='lat' dir='ltr'><strong>quasi</strong></span> <span class='ocrx_word' id='word_1_85' title='bbox 810 1306 862 1360; x_wconf 91' lang='lat' dir='ltr'><strong>in</strong></span> <span class='ocrx_word' id='word_1_86' title='bbox 909 1306 1132 1362; x_wconf 87' lang='lat' dir='ltr'><strong>secretis</strong></span> <span class='ocrx_word' id='word_1_87' title='bbox 1176 1305 1548 1361; x_wconf 74' lang='lat' dir='ltr'><strong>traditionibus</strong></span> <span class='ocrx_word' id='word_1_88' title='bbox 1581 1313 1742 1374; x_wconf 86' lang='lat' dir='ltr'><strong>atque</strong></span> <span class='ocrx_word' id='word_1_89' title='bbox 1768 1303 2048 1360; x_wconf 86' lang='lat' dir='ltr'><strong>doctrinis.</strong></span> 
     </span>
    </p>
   </div>
   <div class='ocr_carea' id='block_1_13' title="bbox 468 1395 2048 1468">
    <p class='ocr_par' dir='ltr' id='par_1_13' title="bbox 468 1395 2048 1468">
     <span class='ocr_line' id='line_1_13' title="bbox 468 1395 2048 1468; baseline 0.002 -17"><span class='ocrx_word' id='word_1_90' title='bbox 468 1396 685 1453; x_wconf 83' lang='lat' dir='ltr'><strong>Habetis</strong></span> <span class='ocrx_word' id='word_1_91' title='bbox 713 1397 1006 1453; x_wconf 85' lang='lat' dir='ltr'><strong>Ecclesiam</strong></span> <span class='ocrx_word' id='word_1_92' title='bbox 1034 1396 1230 1468; x_wconf 91' lang='lat' dir='ltr'><strong>ubique</strong></span> <span class='ocrx_word' id='word_1_93' title='bbox 1253 1395 1495 1460; x_wconf 85' lang='lat' dir='ltr'><strong>dill&#39;undi,</strong></span> <span class='ocrx_word' id='word_1_94' title='bbox 1524 1403 1578 1453; x_wconf 92' lang='lat' dir='ltr'><strong>et</strong></span> <span class='ocrx_word' id='word_1_95' title='bbox 1605 1410 1853 1452; x_wconf 85' lang='lat' dir='ltr'><strong>crescere</strong></span> <span class='ocrx_word' id='word_1_96' title='bbox 1878 1411 2048 1466; x_wconf 81' lang='lat' dir='ltr'><strong>usque</strong></span> 
     </span>
    </p>
   </div>
   <div class='ocr_carea' id='block_1_14' title="bbox 465 1486 2047 1556">
    <p class='ocr_par' dir='ltr' id='par_1_14' title="bbox 465 1486 2047 1556">
     <span class='ocr_line' id='line_1_14' title="bbox 465 1486 2047 1556; baseline 0.001 -14"><span class='ocrx_word' id='word_1_97' title='bbox 465 1487 532 1542; x_wconf 89' lang='lat' dir='ltr'><strong>ad</strong></span> <span class='ocrx_word' id='word_1_98' title='bbox 572 1503 824 1544; x_wconf 88' lang='lat' dir='ltr'><strong>messem.</strong></span> <span class='ocrx_word' id='word_1_99' title='bbox 858 1487 1076 1544; x_wconf 83' lang='lat' dir='ltr'><strong>Habetis</strong></span> <span class='ocrx_word' id='word_1_100' title='bbox 1101 1487 1390 1552; x_wconf 86' lang='lat' dir='ltr'><strong>civitatem,</strong></span> <span class='ocrx_word' id='word_1_101' title='bbox 1432 1486 1500 1542; x_wconf 88' lang='lat' dir='ltr'><strong>de</strong></span> <span class='ocrx_word' id='word_1_102' title='bbox 1526 1501 1628 1555; x_wconf 91' lang='lat' dir='ltr'><strong>qua</strong></span> <span class='ocrx_word' id='word_1_103' title='bbox 1673 1486 1786 1556; x_wconf 88' lang='lat' dir='ltr'><strong>ipse</strong></span> <span class='ocrx_word' id='word_1_104' title='bbox 1811 1487 1901 1554; x_wconf 88' lang='lat' dir='ltr'><strong>qui</strong></span> <span class='ocrx_word' id='word_1_105' title='bbox 1927 1502 2047 1544; x_wconf 84' lang='lat' dir='ltr'><strong>eam</strong></span> 
     </span>
    </p>
   </div>
   <div class='ocr_carea' id='block_1_15' title="bbox 463 1577 2046 1650">
    <p class='ocr_par' dir='ltr' id='par_1_15' title="bbox 463 1577 2046 1650">
     <span class='ocr_line' id='line_1_15' title="bbox 463 1577 2046 1650; baseline 0.001 -17"><span class='ocrx_word' id='word_1_106' title='bbox 463 1578 718 1646; x_wconf 86' lang='lat' dir='ltr'><strong>condidit,</strong></span> <span class='ocrx_word' id='word_1_107' title='bbox 756 1579 828 1633; x_wconf 89' lang='lat' dir='ltr'><strong>ait</strong></span> <span class='ocrx_word' id='word_1_108' title='bbox 855 1597 868 1631; x_wconf 89' lang='lat'>:</span> <span class='ocrx_word' id='word_1_109' title='bbox 895 1578 1014 1633; x_wconf 86' lang='lat' dir='ltr'><strong>Non</strong></span> <span class='ocrx_word' id='word_1_110' title='bbox 1042 1588 1202 1650; x_wconf 78' lang='lat' dir='ltr'><strong>potest</strong></span> <span class='ocrx_word' id='word_1_111' title='bbox 1229 1579 1403 1634; x_wconf 78' lang='lat' dir='ltr'><strong>civitas</strong></span> <span class='ocrx_word' id='word_1_112' title='bbox 1439 1577 1679 1632; x_wconf 81' lang='lat' dir='ltr'><strong>abscondi</strong></span> <span class='ocrx_word' id='word_1_113' title='bbox 1715 1595 1867 1648; x_wconf 80' lang='lat' dir='ltr'><strong>super</strong></span> <span class='ocrx_word' id='word_1_114' title='bbox 1895 1595 2046 1635; x_wconf 86' lang='lat' dir='ltr'><strong>mon-</strong></span> 
     </span>
    </p>
   </div>
   <div class='ocr_carea' id='block_1_16' title="bbox 463 1671 2043 1744">
    <p class='ocr_par' dir='ltr' id='par_1_16' title="bbox 463 1671 2043 1744">
     <span class='ocr_line' id='line_1_16' title="bbox 463 1671 2043 1744; baseline 0 -17"><span class='ocrx_word' id='word_1_115' title='bbox 463 1684 558 1727; x_wconf 86' lang='lat' dir='ltr'><strong>tem</strong></span> <span class='ocrx_word' id='word_1_116' title='bbox 588 1673 858 1727; x_wconf 86' lang='lat' dir='ltr'><strong>constituta</strong></span> <span class='ocrx_word' id='word_1_117' title='bbox 886 1673 910 1744; x_wconf 87' lang='lat'>(</span> <span class='ocrx_word' id='word_1_118' title='bbox 935 1671 1023 1726; x_wconf 83' lang='lat' dir='ltr'><strong>Id.</strong></span> <span class='ocrx_word' id='word_1_119' title='bbox 1082 1688 1137 1738; x_wconf 79' lang='grc' dir='ltr'><strong>ν,</strong></span> <span class='ocrx_word' id='word_1_120' title='bbox 1194 1672 1258 1727; x_wconf 71' lang='grc'><strong>14</strong></span> <span class='ocrx_word' id='word_1_121' title='bbox 1284 1671 1328 1742; x_wconf 90' lang='grc'><strong>).</strong></span> <span class='ocrx_word' id='word_1_122' title='bbox 1362 1671 1478 1742; x_wconf 89' lang='lat' dir='ltr'><strong>Ipsa</strong></span> <span class='ocrx_word' id='word_1_123' title='bbox 1522 1681 1604 1726; x_wconf 89' lang='lat' dir='ltr'><strong>est</strong></span> <span class='ocrx_word' id='word_1_124' title='bbox 1629 1687 1756 1741; x_wconf 85' lang='lat' dir='ltr'><strong>ergo</strong></span> <span class='ocrx_word' id='word_1_125' title='bbox 1786 1687 1905 1742; x_wconf 69' lang='lat' dir='ltr'><strong>qua:</strong></span> <span class='ocrx_word' id='word_1_126' title='bbox 1937 1688 2043 1728; x_wconf 93' lang='lat' dir='ltr'><strong>non</strong></span> 
     </span>
    </p>
   </div>
   <div class='ocr_carea' id='block_1_17' title="bbox 459 1761 2039 1834">
    <p class='ocr_par' dir='ltr' id='par_1_17' title="bbox 459 1761 2039 1834">
     <span class='ocr_line' id='line_1_17' title="bbox 459 1761 2039 1834; baseline 0 -16"><span class='ocrx_word' id='word_1_127' title='bbox 459 1764 512 1818; x_wconf 90' lang='lat' dir='ltr'><strong>in</strong></span> <span class='ocrx_word' id='word_1_128' title='bbox 543 1763 718 1834; x_wconf 88' lang='lat' dir='ltr'><strong>aliqua</strong></span> <span class='ocrx_word' id='word_1_129' title='bbox 751 1772 902 1832; x_wconf 88' lang='lat' dir='ltr'><strong>parte</strong></span> <span class='ocrx_word' id='word_1_130' title='bbox 929 1771 1216 1826; x_wconf 88' lang='lat' dir='ltr'><strong>terrarum,</strong></span> <span class='ocrx_word' id='word_1_131' title='bbox 1265 1761 1359 1818; x_wconf 89' lang='lat' dir='ltr'><strong>sed</strong></span> <span class='ocrx_word' id='word_1_132' title='bbox 1405 1761 1598 1832; x_wconf 87' lang='lat' dir='ltr'><strong>ubique</strong></span> <span class='ocrx_word' id='word_1_133' title='bbox 1628 1761 1904 1818; x_wconf 87' lang='lat' dir='ltr'><strong>notissima</strong></span> <span class='ocrx_word' id='word_1_134' title='bbox 1935 1773 2039 1818; x_wconf 89' lang='lat' dir='ltr'><strong>est.</strong></span> 
     </span>
    </p>
   </div>
   <div class='ocr_carea' id='block_1_18' title="bbox 459 1852 2044 1927">
    <p class='ocr_par' dir='ltr' id='par_1_18' title="bbox 459 1852 2044 1927">
     <span class='ocr_line' id='line_1_18' title="bbox 459 1852 2044 1927; baseline 0 -13"><span class='ocrx_word' id='word_1_135' title='bbox 459 1857 584 1914; x_wconf 62' lang='lat' dir='ltr'><strong>Hsec</strong></span> <span class='ocrx_word' id='word_1_136' title='bbox 623 1856 944 1927; x_wconf 87' lang='lat' dir='ltr'><strong>temporales</strong></span> <span class='ocrx_word' id='word_1_137' title='bbox 971 1854 1258 1926; x_wconf 87' lang='lat' dir='ltr'><strong>aliquando</strong></span> <span class='ocrx_word' id='word_1_138' title='bbox 1305 1855 1464 1910; x_wconf 88' lang='lat' dir='ltr'><strong>etiam</strong></span> <span class='ocrx_word' id='word_1_139' title='bbox 1514 1855 1570 1910; x_wconf 91' lang='lat' dir='ltr'><strong>in</strong></span> <span class='ocrx_word' id='word_1_140' title='bbox 1612 1855 1725 1910; x_wconf 88' lang='lat' dir='ltr'><strong>suis</strong></span> <span class='ocrx_word' id='word_1_141' title='bbox 1762 1852 2044 1914; x_wconf 80' lang='lat' dir='ltr'><strong>frumentis</strong></span> 
     </span>
    </p>
   </div>
   <div class='ocr_carea' id='block_1_19' title="bbox 456 1946 2040 2023">
    <p class='ocr_par' dir='ltr' id='par_1_19' title="bbox 456 1946 2040 2023">
     <span class='ocr_line' id='line_1_19' title="bbox 456 1946 2040 2023; baseline -0.003 -17"><span class='ocrx_word' id='word_1_142' title='bbox 456 1951 652 2023; x_wconf 89' lang='lat' dir='ltr'><strong>patitur</strong></span> <span class='ocrx_word' id='word_1_143' title='bbox 683 1957 1047 2020; x_wconf 89' lang='lat' dir='ltr'><strong>tempestates,</strong></span> <span class='ocrx_word' id='word_1_144' title='bbox 1098 1957 1156 2003; x_wconf 89' lang='lat' dir='ltr'><strong>ut</strong></span> <span class='ocrx_word' id='word_1_145' title='bbox 1203 1949 1254 2003; x_wconf 93' lang='lat' dir='ltr'><strong>in</strong></span> <span class='ocrx_word' id='word_1_146' title='bbox 1293 1946 1607 2019; x_wconf 89' lang='lat' dir='ltr'><strong>quibusdam</strong></span> <span class='ocrx_word' id='word_1_147' title='bbox 1633 1946 1768 2002; x_wconf 89' lang='lat' dir='ltr'><strong>locis</strong></span> <span class='ocrx_word' id='word_1_148' title='bbox 1809 1962 1917 2002; x_wconf 88' lang='lat' dir='ltr'><strong>non</strong></span> <span class='ocrx_word' id='word_1_149' title='bbox 1944 1962 2040 2002; x_wconf 88' lang='lat' dir='ltr'><strong>co-</strong></span> 
     </span>
    </p>
   </div>
   <div class='ocr_carea' id='block_1_20' title="bbox 451 2039 2042 2116">
    <p class='ocr_par' dir='ltr' id='par_1_20' title="bbox 451 2039 2042 2116">
     <span class='ocr_line' id='line_1_20' title="bbox 451 2039 2042 2116; baseline -0.001 -19"><span class='ocrx_word' id='word_1_150' title='bbox 451 2051 808 2116; x_wconf 87' lang='lat' dir='ltr'><strong>gnoscantur:</strong></span> <span class='ocrx_word' id='word_1_151' title='bbox 868 2041 963 2099; x_wconf 88' lang='lat' dir='ltr'><strong>sed</strong></span> <span class='ocrx_word' id='word_1_152' title='bbox 1019 2049 1198 2096; x_wconf 85' lang='lat' dir='ltr'><strong>tamen</strong></span> <span class='ocrx_word' id='word_1_153' title='bbox 1251 2043 1412 2096; x_wconf 89' lang='lat' dir='ltr'><strong>etiam</strong></span> <span class='ocrx_word' id='word_1_154' title='bbox 1469 2039 1579 2094; x_wconf 91' lang='lat' dir='ltr'><strong>illic</strong></span> <span class='ocrx_word' id='word_1_155' title='bbox 1625 2039 1834 2094; x_wconf 87' lang='lat' dir='ltr'><strong>latent:</strong></span> <span class='ocrx_word' id='word_1_156' title='bbox 1865 2054 2042 2110; x_wconf 86' lang='lat' dir='ltr'><strong>neque</strong></span> 
     </span>
    </p>
   </div>
   <div class='ocr_carea' id='block_1_21' title="bbox 451 2131 2040 2206">
    <p class='ocr_par' dir='ltr' id='par_1_21' title="bbox 451 2131 2040 2206">
     <span class='ocr_line' id='line_1_21' title="bbox 451 2131 2040 2206; baseline -0.002 -14"><span class='ocrx_word' id='word_1_157' title='bbox 451 2135 594 2192; x_wconf 91' lang='lat' dir='ltr'><strong>enim</strong></span> <span class='ocrx_word' id='word_1_158' title='bbox 633 2135 739 2190; x_wconf 77' lang='lat' dir='ltr'><strong>falli</strong></span> <span class='ocrx_word' id='word_1_159' title='bbox 770 2142 944 2206; x_wconf 88' lang='lat' dir='ltr'><strong>potest</strong></span> <span class='ocrx_word' id='word_1_160' title='bbox 969 2133 1148 2189; x_wconf 87' lang='lat' dir='ltr'><strong>divina</strong></span> <span class='ocrx_word' id='word_1_161' title='bbox 1183 2131 1469 2199; x_wconf 86' lang='lat' dir='ltr'><strong>sententia,</strong></span> <span class='ocrx_word' id='word_1_162' title='bbox 1508 2131 1761 2203; x_wconf 90' lang='lat' dir='ltr'><strong>quoniam</strong></span> <span class='ocrx_word' id='word_1_163' title='bbox 1791 2140 2040 2190; x_wconf 89' lang='lat' dir='ltr'><strong>crescunt</strong></span> 
     </span>
    </p>
   </div>
   <div class='ocr_carea' id='block_1_22' title="bbox 449 2226 989 2298">
    <p class='ocr_par' dir='ltr' id='par_1_22' title="bbox 449 2226 989 2298">
     <span class='ocr_line' id='line_1_22' title="bbox 449 2226 989 2298; baseline -0.007 -14"><span class='ocrx_word' id='word_1_164' title='bbox 449 2241 618 2298; x_wconf 88' lang='lat' dir='ltr'><strong>usque</strong></span> <span class='ocrx_word' id='word_1_165' title='bbox 641 2226 708 2282; x_wconf 89' lang='lat' dir='ltr'><strong>ad</strong></span> <span class='ocrx_word' id='word_1_166' title='bbox 735 2241 989 2282; x_wconf 87' lang='lat' dir='ltr'><strong>messem.</strong></span> 
     </span>
    </p>
   </div>
   <div class='ocr_carea' id='block_1_23' title="bbox 517 2317 2038 2391">
    <p class='ocr_par' dir='ltr' id='par_1_23' title="bbox 517 2317 2038 2391">
     <span class='ocr_line' id='line_1_23' title="bbox 517 2317 2038 2391; baseline -0.002 -15"><span class='ocrx_word' id='word_1_167' title='bbox 517 2323 608 2378; x_wconf 80' lang='grc'><strong>75.</strong></span> <span class='ocrx_word' id='word_1_168' title='bbox 649 2321 829 2391; x_wconf 85' lang='lat' dir='ltr'><strong>Itaque</strong></span> <span class='ocrx_word' id='word_1_169' title='bbox 854 2319 976 2375; x_wconf 91' lang='lat' dir='ltr'><strong>etin</strong></span> <span class='ocrx_word' id='word_1_170' title='bbox 999 2319 1119 2378; x_wconf 85' lang='lat' dir='ltr'><strong>aliis</strong></span> <span class='ocrx_word' id='word_1_171' title='bbox 1145 2318 1394 2391; x_wconf 79' lang='lat' dir='ltr'><strong>gentibus</strong></span> <span class='ocrx_word' id='word_1_172' title='bbox 1417 2333 1560 2388; x_wconf 72' lang='lat' dir='ltr'><strong>stepe</strong></span> <span class='ocrx_word' id='word_1_173' title='bbox 1587 2317 1840 2373; x_wconf 90' lang='lat' dir='ltr'><strong>nonnulla</strong></span> <span class='ocrx_word' id='word_1_174' title='bbox 1867 2333 2038 2373; x_wconf 88' lang='lat' dir='ltr'><strong>mem-</strong></span> 
     </span>
    </p>
   </div>
   <div class='ocr_carea' id='block_1_24' title="bbox 447 2409 2038 2484">
    <p class='ocr_par' dir='ltr' id='par_1_24' title="bbox 447 2409 2038 2484">
     <span class='ocr_line' id='line_1_24' title="bbox 447 2409 2038 2484; baseline -0.003 -14"><span class='ocrx_word' id='word_1_175' title='bbox 447 2411 542 2470; x_wconf 90' lang='lat' dir='ltr'><strong>bra</strong></span> <span class='ocrx_word' id='word_1_176' title='bbox 571 2412 827 2469; x_wconf 77' lang='lat' dir='ltr'><strong>Ecclesia:</strong></span> <span class='ocrx_word' id='word_1_177' title='bbox 866 2411 1276 2484; x_wconf 68' lang='lat' dir='ltr'><strong>praevalentibus</strong></span> <span class='ocrx_word' id='word_1_178' title='bbox 1319 2410 1583 2466; x_wconf 80' lang='lat' dir='ltr'><strong>haeresum</strong></span> <span class='ocrx_word' id='word_1_179' title='bbox 1605 2417 1661 2466; x_wconf 91' lang='lat' dir='ltr'><strong>et</strong></span> <span class='ocrx_word' id='word_1_180' title='bbox 1688 2409 2038 2466; x_wconf 88' lang='lat' dir='ltr'><strong>schismatum</strong></span> 
     </span>
    </p>
   </div>
   <div class='ocr_carea' id='block_1_25' title="bbox 447 2502 2037 2575">
    <p class='ocr_par' dir='ltr' id='par_1_25' title="bbox 447 2502 2037 2575">
     <span class='ocr_line' id='line_1_25' title="bbox 447 2502 2037 2575; baseline -0.002 -15"><span class='ocrx_word' id='word_1_181' title='bbox 447 2504 820 2569; x_wconf 89' lang='lat' dir='ltr'><strong>seditionibus,</strong></span> <span class='ocrx_word' id='word_1_182' title='bbox 849 2519 1030 2575; x_wconf 87' lang='lat' dir='ltr'><strong>pressa</strong></span> <span class='ocrx_word' id='word_1_183' title='bbox 1061 2511 1223 2574; x_wconf 90' lang='lat' dir='ltr'><strong>atque</strong></span> <span class='ocrx_word' id='word_1_184' title='bbox 1243 2502 1558 2558; x_wconf 88' lang='lat' dir='ltr'><strong>obumbrata</strong></span> <span class='ocrx_word' id='word_1_185' title='bbox 1585 2509 1746 2566; x_wconf 90' lang='lat' dir='ltr'><strong>sunt;</strong></span> <span class='ocrx_word' id='word_1_186' title='bbox 1783 2509 1838 2558; x_wconf 90' lang='lat' dir='ltr'><strong>et</strong></span> <span class='ocrx_word' id='word_1_187' title='bbox 1857 2508 2037 2557; x_wconf 89' lang='lat' dir='ltr'><strong>tamen</strong></span> 
     </span>
    </p>
   </div>
   <div class='ocr_carea' id='block_1_26' title="bbox 443 2593 2033 2669">
    <p class='ocr_par' dir='ltr' id='par_1_26' title="bbox 443 2593 2033 2669">
     <span class='ocr_line' id='line_1_26' title="bbox 443 2593 2033 2669; baseline -0.003 -16"><span class='ocrx_word' id='word_1_188' title='bbox 443 2597 570 2669; x_wconf 86' lang='lat' dir='ltr'><strong>quia</strong></span> <span class='ocrx_word' id='word_1_189' title='bbox 595 2598 826 2663; x_wconf 88' lang='lat' dir='ltr'><strong>inerant,</strong></span> <span class='ocrx_word' id='word_1_190' title='bbox 861 2596 1017 2666; x_wconf 89' lang='lat' dir='ltr'><strong>paulo</strong></span> <span class='ocrx_word' id='word_1_191' title='bbox 1047 2605 1170 2667; x_wconf 91' lang='lat' dir='ltr'><strong>post</strong></span> <span class='ocrx_word' id='word_1_192' title='bbox 1203 2594 1350 2650; x_wconf 92' lang='lat' dir='ltr'><strong>nullo</strong></span> <span class='ocrx_word' id='word_1_193' title='bbox 1383 2593 1658 2650; x_wconf 88' lang='lat' dir='ltr'><strong>dubitante</strong></span> <span class='ocrx_word' id='word_1_194' title='bbox 1686 2593 1990 2650; x_wconf 87' lang='lat' dir='ltr'><strong>claruerunt</strong></span> <span class='ocrx_word' id='word_1_195' title='bbox 2019 2611 2033 2648; x_wconf 88' lang='lat'><strong>:</strong></span> 
     </span>
    </p>
   </div>
   <div class='ocr_carea' id='block_1_27' title="bbox 445 2687 2035 2760">
    <p class='ocr_par' dir='ltr' id='par_1_27' title="bbox 445 2687 2035 2760">
     <span class='ocr_line' id='line_1_27' title="bbox 445 2687 2035 2760; baseline -0.001 -14"><span class='ocrx_word' id='word_1_196' title='bbox 445 2698 500 2746; x_wconf 91' lang='lat' dir='ltr'><strong>et</strong></span> <span class='ocrx_word' id='word_1_197' title='bbox 533 2690 586 2744; x_wconf 90' lang='lat' dir='ltr'><strong>in</strong></span> <span class='ocrx_word' id='word_1_198' title='bbox 618 2689 731 2760; x_wconf 88' lang='lat' dir='ltr'><strong>ipsa</strong></span> <span class='ocrx_word' id='word_1_199' title='bbox 761 2687 938 2745; x_wconf 80' lang='lat' dir='ltr'><strong>Africa</strong></span> <span class='ocrx_word' id='word_1_200' title='bbox 966 2697 1088 2759; x_wconf 89' lang='lat' dir='ltr'><strong>post</strong></span> <span class='ocrx_word' id='word_1_201' title='bbox 1136 2687 1263 2744; x_wconf 91' lang='lat' dir='ltr'><strong>illud</strong></span> <span class='ocrx_word' id='word_1_202' title='bbox 1302 2687 1532 2744; x_wconf 88' lang='lat' dir='ltr'><strong>Secundi</strong></span> <span class='ocrx_word' id='word_1_203' title='bbox 1581 2687 1854 2760; x_wconf 85' lang='lat' dir='ltr'><strong>Tigisitani</strong></span> <span class='ocrx_word' id='word_1_204' title='bbox 1894 2687 2035 2760; x_wconf 87' lang='lat' dir='ltr'><strong>apud</strong></span> 
     </span>
    </p>
   </div>
   <div class='ocr_carea' id='block_1_28' title="bbox 444 2780 2032 2853">
    <p class='ocr_par' dir='ltr' id='par_1_28' title="bbox 444 2780 2032 2853">
     <span class='ocr_line' id='line_1_28' title="bbox 444 2780 2032 2853; baseline -0.001 -15"><span class='ocrx_word' id='word_1_205' title='bbox 444 2780 818 2853; x_wconf 79' lang='lat' dir='ltr'><strong>Carthaginem</strong></span> <span class='ocrx_word' id='word_1_206' title='bbox 862 2780 1176 2837; x_wconf 89' lang='lat' dir='ltr'><strong>seditiosum</strong></span> <span class='ocrx_word' id='word_1_207' title='bbox 1217 2780 1683 2851; x_wconf 88' lang='lat' dir='ltr'><strong>turbulentumque</strong></span> <span class='ocrx_word' id='word_1_208' title='bbox 1725 2781 2032 2846; x_wconf 89' lang='lat' dir='ltr'><strong>concilium,</strong></span> 
     </span>
    </p>
   </div>
   <div class='ocr_carea' id='block_1_29' title="bbox 444 2871 2032 2947">
    <p class='ocr_par' dir='ltr' id='par_1_29' title="bbox 444 2871 2032 2947">
     <span class='ocr_line' id='line_1_29' title="bbox 444 2871 2032 2947; baseline -0.001 -19"><span class='ocrx_word' id='word_1_209' title='bbox 444 2874 530 2929; x_wconf 91' lang='lat' dir='ltr'><strong>ubi</strong></span> <span class='ocrx_word' id='word_1_210' title='bbox 578 2882 634 2929; x_wconf 89' lang='lat' dir='ltr'><strong>et</strong></span> <span class='ocrx_word' id='word_1_211' title='bbox 678 2889 707 2927; x_wconf 91' lang='lat' dir='ltr'><strong>a</strong></span> <span class='ocrx_word' id='word_1_212' title='bbox 736 2874 928 2928; x_wconf 79' lang='lat' dir='ltr'><strong>femina</strong></span> <span class='ocrx_word' id='word_1_213' title='bbox 953 2873 1121 2929; x_wconf 91' lang='lat' dir='ltr'><strong>nobili</strong></span> <span class='ocrx_word' id='word_1_214' title='bbox 1145 2871 1346 2930; x_wconf 86' lang='lat' dir='ltr'><strong>Lucilla</strong></span> <span class='ocrx_word' id='word_1_215' title='bbox 1370 2882 1585 2944; x_wconf 87' lang='lat' dir='ltr'><strong>operata</strong></span> <span class='ocrx_word' id='word_1_216' title='bbox 1621 2874 1891 2946; x_wconf 86' lang='lat' dir='ltr'><strong>corruptio</strong></span> <span class='ocrx_word' id='word_1_217' title='bbox 1923 2872 1996 2947; x_wconf 89' lang='lat' dir='ltr'><strong>(a)</strong></span> <span class='ocrx_word' id='word_1_218' title='bbox 2017 2915 2032 2941; x_wconf 92' lang='lat'><strong>,</strong></span> 
     </span>
    </p>
   </div>
   <div class='ocr_carea' id='block_1_30' title="bbox 446 2966 2034 3038">
    <p class='ocr_par' dir='ltr' id='par_1_30' title="bbox 446 2966 2034 3038">
     <span class='ocr_line' id='line_1_30' title="bbox 446 2966 2034 3038; baseline 0.003 -17"><span class='ocrx_word' id='word_1_219' title='bbox 446 2976 628 3037; x_wconf 87' lang='lat' dir='ltr'><strong>postea</strong></span> <span class='ocrx_word' id='word_1_220' title='bbox 652 2966 996 3038; x_wconf 78' lang='lat' dir='ltr'><strong>iudicialibus</strong></span> <span class='ocrx_word' id='word_1_221' title='bbox 1017 2966 1196 3024; x_wconf 87' lang='lat' dir='ltr'><strong>Gestis</strong></span> <span class='ocrx_word' id='word_1_222' title='bbox 1212 2977 1626 3025; x_wconf 88' lang='lat' dir='ltr'><strong>commemorata</strong></span> <span class='ocrx_word' id='word_1_223' title='bbox 1644 2977 1745 3036; x_wconf 88' lang='lat' dir='ltr'><strong>est,</strong></span> <span class='ocrx_word' id='word_1_224' title='bbox 1765 2983 1887 3024; x_wconf 89' lang='lat' dir='ltr'><strong>cum</strong></span> <span class='ocrx_word' id='word_1_225' title='bbox 1911 2968 2034 3026; x_wconf 85' lang='lat' dir='ltr'><strong>inde</strong></span> 
     </span>
    </p>
   </div>
   <div class='ocr_carea' id='block_1_31' title="bbox 444 3060 2034 3133">
    <p class='ocr_par' dir='ltr' id='par_1_31' title="bbox 444 3060 2034 3133">
     <span class='ocr_line' id='line_1_31' title="bbox 444 3060 2034 3133; baseline 0.002 -19"><span class='ocrx_word' id='word_1_226' title='bbox 444 3060 636 3115; x_wconf 86' lang='lat' dir='ltr'><strong>litterae</strong></span> <span class='ocrx_word' id='word_1_227' title='bbox 667 3075 802 3131; x_wconf 90' lang='lat' dir='ltr'><strong>pene</strong></span> <span class='ocrx_word' id='word_1_228' title='bbox 832 3075 926 3131; x_wconf 88' lang='lat' dir='ltr'><strong>per</strong></span> <span class='ocrx_word' id='word_1_229' title='bbox 953 3069 1116 3116; x_wconf 91' lang='lat' dir='ltr'><strong>totam</strong></span> <span class='ocrx_word' id='word_1_230' title='bbox 1141 3060 1397 3128; x_wconf 80' lang='lat' dir='ltr'><strong>Africam,</strong></span> <span class='ocrx_word' id='word_1_231' title='bbox 1425 3076 1526 3133; x_wconf 86' lang='lat' dir='ltr'><strong>qua</strong></span> <span class='ocrx_word' id='word_1_232' title='bbox 1554 3061 1810 3117; x_wconf 63' lang='lat' dir='ltr'><strong>Ecclesiae</strong></span> <span class='ocrx_word' id='word_1_233' title='bbox 1834 3060 2034 3118; x_wconf 86' lang='lat' dir='ltr'><strong>Christi</strong></span> 
     </span>
    </p>
   </div>
   <div class='ocr_carea' id='block_1_32' title="bbox 442 3152 2036 3225">
    <p class='ocr_par' dir='ltr' id='par_1_32' title="bbox 442 3152 2036 3225">
     <span class='ocr_line' id='line_1_32' title="bbox 442 3152 2036 3225; baseline 0.002 -17"><span class='ocrx_word' id='word_1_234' title='bbox 442 3152 548 3223; x_wconf 88' lang='lat' dir='ltr'><strong>jam</strong></span> <span class='ocrx_word' id='word_1_235' title='bbox 574 3154 1018 3225; x_wconf 86' lang='lat' dir='ltr'><strong>germinaverant,</strong></span> <span class='ocrx_word' id='word_1_236' title='bbox 1047 3155 1222 3210; x_wconf 75' lang='lat' dir='ltr'><strong>missa:</strong></span> <span class='ocrx_word' id='word_1_237' title='bbox 1243 3154 1487 3222; x_wconf 85' lang='lat' dir='ltr'><strong>fuissent,</strong></span> <span class='ocrx_word' id='word_1_238' title='bbox 1503 3153 1764 3211; x_wconf 90' lang='lat' dir='ltr'><strong>creditum</strong></span> <span class='ocrx_word' id='word_1_239' title='bbox 1791 3165 1873 3210; x_wconf 87' lang='lat' dir='ltr'><strong>est</strong></span> <span class='ocrx_word' id='word_1_240' title='bbox 1893 3153 2036 3211; x_wconf 89' lang='lat' dir='ltr'><strong>litte-</strong></span> 
     </span>
    </p>
   </div>
   <div class='ocr_carea' id='block_1_33' title="bbox 445 3247 2033 3320">
    <p class='ocr_par' dir='ltr' id='par_1_33' title="bbox 445 3247 2033 3320">
     <span class='ocr_line' id='line_1_33' title="bbox 445 3247 2033 3320; baseline 0.003 -18"><span class='ocrx_word' id='word_1_241' title='bbox 445 3247 520 3302; x_wconf 88' lang='lat' dir='ltr'><strong>ris</strong></span> <span class='ocrx_word' id='word_1_242' title='bbox 559 3247 800 3315; x_wconf 91' lang='lat' dir='ltr'><strong>concilii;</strong></span> <span class='ocrx_word' id='word_1_243' title='bbox 847 3247 1022 3320; x_wconf 84' lang='lat' dir='ltr'><strong>neque</strong></span> <span class='ocrx_word' id='word_1_244' title='bbox 1055 3249 1197 3304; x_wconf 88' lang='lat' dir='ltr'><strong>enim</strong></span> <span class='ocrx_word' id='word_1_245' title='bbox 1238 3247 1394 3305; x_wconf 87' lang='lat' dir='ltr'><strong>aliter</strong></span> <span class='ocrx_word' id='word_1_246' title='bbox 1435 3248 1714 3318; x_wconf 87' lang='lat' dir='ltr'><strong>oportebat</strong></span> <span class='ocrx_word' id='word_1_247' title='bbox 1743 3266 1755 3302; x_wconf 90' lang='lat'>:</span> <span class='ocrx_word' id='word_1_248' title='bbox 1781 3257 1836 3303; x_wconf 91' lang='lat' dir='ltr'><strong>et</strong></span> <span class='ocrx_word' id='word_1_249' title='bbox 1880 3248 2033 3319; x_wconf 74' lang='lat' dir='ltr'><strong>Quasi</strong></span> 
     </span>
    </p>
   </div>
   <div class='ocr_carea' id='block_1_34' title="bbox 444 3340 2032 3414">
    <p class='ocr_par' dir='ltr' id='par_1_34' title="bbox 444 3340 2032 3414">
     <span class='ocr_line' id='line_1_34' title="bbox 444 3340 2032 3414; baseline 0.003 -20"><span class='ocrx_word' id='word_1_250' title='bbox 444 3342 557 3398; x_wconf 81' lang='lat' dir='ltr'><strong>visa</strong></span> <span class='ocrx_word' id='word_1_251' title='bbox 577 3350 700 3397; x_wconf 84' lang='lat' dir='ltr'><strong>sunt</strong></span> <span class='ocrx_word' id='word_1_252' title='bbox 729 3357 824 3413; x_wconf 88' lang='lat' dir='ltr'><strong>per</strong></span> <span class='ocrx_word' id='word_1_253' title='bbox 843 3343 1072 3414; x_wconf 89' lang='lat' dir='ltr'><strong>aliquam</strong></span> <span class='ocrx_word' id='word_1_254' title='bbox 1106 3350 1309 3414; x_wconf 90' lang='lat' dir='ltr'><strong>partem</strong></span> <span class='ocrx_word' id='word_1_255' title='bbox 1339 3341 1452 3410; x_wconf 82' lang='lat' dir='ltr'><strong>agri</strong></span> <span class='ocrx_word' id='word_1_256' title='bbox 1483 3340 1742 3397; x_wconf 77' lang='lat' dir='ltr'><strong>frumenta</strong></span> <span class='ocrx_word' id='word_1_257' title='bbox 1764 3340 2032 3398; x_wconf 85' lang='lat' dir='ltr'><strong>dominica</strong></span> 
     </span>
    </p>
   </div>
   <div class='ocr_carea' id='block_1_35' title="bbox 443 3434 2032 3506">
    <p class='ocr_par' dir='ltr' id='par_1_35' title="bbox 443 3434 2032 3506">
     <span class='ocr_line' id='line_1_35' title="bbox 443 3434 2032 3506; baseline 0.003 -18"><span class='ocrx_word' id='word_1_258' title='bbox 443 3434 736 3500; x_wconf 81' lang='lat' dir='ltr'><strong>deiecisse;</strong></span> <span class='ocrx_word' id='word_1_259' title='bbox 781 3435 927 3490; x_wconf 91' lang='lat' dir='ltr'><strong>nullo</strong></span> <span class='ocrx_word' id='word_1_260' title='bbox 976 3435 1134 3490; x_wconf 93' lang='lat' dir='ltr'><strong>modo</strong></span> <span class='ocrx_word' id='word_1_261' title='bbox 1169 3445 1346 3492; x_wconf 89' lang='lat' dir='ltr'><strong>autem</strong></span> <span class='ocrx_word' id='word_1_262' title='bbox 1389 3434 1710 3500; x_wconf 78' lang='lat' dir='ltr'><strong>defecerant,</strong></span> <span class='ocrx_word' id='word_1_263' title='bbox 1759 3451 1877 3506; x_wconf 81' lang='lat' dir='ltr'><strong>qum</strong></span> <span class='ocrx_word' id='word_1_264' title='bbox 1906 3450 2032 3492; x_wconf 88' lang='lat' dir='ltr'><strong>vere</strong></span> 
     </span>
    </p>
   </div>
   <div class='ocr_carea' id='block_1_36' title="bbox 442 3526 2031 3598">
    <p class='ocr_par' dir='ltr' id='par_1_36' title="bbox 442 3526 2031 3598">
     <span class='ocr_line' id='line_1_36' title="bbox 442 3526 2031 3598; baseline 0.003 -18"><span class='ocrx_word' id='word_1_265' title='bbox 442 3526 705 3583; x_wconf 74' lang='lat' dir='ltr'><strong>frumenta</strong></span> <span class='ocrx_word' id='word_1_266' title='bbox 742 3535 896 3582; x_wconf 90' lang='lat' dir='ltr'><strong>erant</strong></span> <span class='ocrx_word' id='word_1_267' title='bbox 923 3527 1292 3598; x_wconf 83' lang='lat' dir='ltr'><strong>praedestinata</strong></span> <span class='ocrx_word' id='word_1_268' title='bbox 1338 3536 1496 3598; x_wconf 89' lang='lat' dir='ltr'><strong>atque</strong></span> <span class='ocrx_word' id='word_1_269' title='bbox 1537 3528 1817 3593; x_wconf 86' lang='lat' dir='ltr'><strong>seminata,</strong></span> <span class='ocrx_word' id='word_1_270' title='bbox 1845 3537 1899 3584; x_wconf 92' lang='lat' dir='ltr'><strong>et</strong></span> <span class='ocrx_word' id='word_1_271' title='bbox 1927 3529 2031 3584; x_wconf 85' lang='lat' dir='ltr'><strong>alta</strong></span> 
     </span>
    </p>
   </div>
   <div class='ocr_carea' id='block_1_37' title="bbox 444 3618 2032 3690">
    <p class='ocr_par' dir='ltr' id='par_1_37' title="bbox 444 3618 2032 3690">
     <span class='ocr_line' id='line_1_37' title="bbox 444 3618 2032 3690; baseline 0.003 -17"><span class='ocrx_word' id='word_1_272' title='bbox 444 3619 624 3675; x_wconf 88' lang='lat' dir='ltr'><strong>radice</strong></span> <span class='ocrx_word' id='word_1_273' title='bbox 666 3618 916 3676; x_wconf 83' lang='lat' dir='ltr'><strong>leraciter</strong></span> <span class='ocrx_word' id='word_1_274' title='bbox 945 3621 960 3651; x_wconf 89' lang='grc'>¹</span> <span class='ocrx_word' id='word_1_275' title='bbox 988 3621 1360 3690; x_wconf 86' lang='lat' dir='ltr'><strong>germinantia.</strong></span> <span class='ocrx_word' id='word_1_276' title='bbox 1398 3621 1553 3676; x_wconf 90' lang='lat' dir='ltr'><strong>Salva</strong></span> <span class='ocrx_word' id='word_1_277' title='bbox 1582 3621 1724 3676; x_wconf 90' lang='lat' dir='ltr'><strong>enim</strong></span> <span class='ocrx_word' id='word_1_278' title='bbox 1753 3621 2032 3677; x_wconf 86' lang='lat' dir='ltr'><strong>conscien-</strong></span> 
     </span>
    </p>
   </div>
   <div class='ocr_carea' id='block_1_38' title="bbox 444 3708 2034 3782">
    <p class='ocr_par' dir='ltr' id='par_1_38' title="bbox 444 3708 2034 3782">
     <span class='ocr_line' id='line_1_38' title="bbox 444 3708 2034 3782; baseline 0.003 -19"><span class='ocrx_word' id='word_1_279' title='bbox 444 3710 513 3764; x_wconf 90' lang='lat' dir='ltr'><strong>tia</strong></span> <span class='ocrx_word' id='word_1_280' title='bbox 550 3708 742 3764; x_wconf 88' lang='lat' dir='ltr'><strong>litteris</strong></span> <span class='ocrx_word' id='word_1_281' title='bbox 779 3709 988 3764; x_wconf 88' lang='lat' dir='ltr'><strong>concilii</strong></span> <span class='ocrx_word' id='word_1_282' title='bbox 1033 3709 1370 3766; x_wconf 84' lang='lat' dir='ltr'><strong>crediderant</strong></span> <span class='ocrx_word' id='word_1_283' title='bbox 1404 3729 1416 3764; x_wconf 92' lang='lat'>:</span> <span class='ocrx_word' id='word_1_284' title='bbox 1449 3727 1620 3782; x_wconf 89' lang='lat' dir='ltr'><strong>neque</strong></span> <span class='ocrx_word' id='word_1_285' title='bbox 1647 3711 1790 3766; x_wconf 89' lang='lat' dir='ltr'><strong>enim</strong></span> <span class='ocrx_word' id='word_1_286' title='bbox 1825 3711 1894 3767; x_wconf 87' lang='lat' dir='ltr'><strong>ab</strong></span> <span class='ocrx_word' id='word_1_287' title='bbox 1935 3711 2034 3768; x_wconf 86' lang='lat' dir='ltr'><strong>ho-</strong></span> 
     </span>
    </p>
   </div>
   <div class='ocr_carea' id='block_1_39' title="bbox 442 3799 2030 3871">
    <p class='ocr_par' dir='ltr' id='par_1_39' title="bbox 442 3799 2030 3871">
     <span class='ocr_line' id='line_1_39' title="bbox 442 3799 2030 3871; baseline 0.003 -16"><span class='ocrx_word' id='word_1_288' title='bbox 442 3800 674 3857; x_wconf 90' lang='lat' dir='ltr'><strong>minibus</strong></span> <span class='ocrx_word' id='word_1_289' title='bbox 695 3799 764 3856; x_wconf 87' lang='lat' dir='ltr'><strong>de</strong></span> <span class='ocrx_word' id='word_1_290' title='bbox 782 3801 900 3855; x_wconf 90' lang='lat' dir='ltr'><strong>aliis</strong></span> <span class='ocrx_word' id='word_1_291' title='bbox 923 3800 1229 3857; x_wconf 90' lang='lat' dir='ltr'><strong>hominibus</strong></span> <span class='ocrx_word' id='word_1_292' title='bbox 1253 3801 1450 3871; x_wconf 90' lang='lat' dir='ltr'><strong>aliquid</strong></span> <span class='ocrx_word' id='word_1_293' title='bbox 1478 3803 1788 3859; x_wconf 86' lang='lat' dir='ltr'><strong>incredibile</strong></span> <span class='ocrx_word' id='word_1_294' title='bbox 1811 3803 2030 3859; x_wconf 82' lang='lat' dir='ltr'><strong>diceba-</strong></span> 
     </span>
    </p>
   </div>
   <div class='ocr_carea' id='block_1_40' title="bbox 444 3892 2032 3962">
    <p class='ocr_par' dir='ltr' id='par_1_40' title="bbox 444 3892 2032 3962">
     <span class='ocr_line' id='line_1_40' title="bbox 444 3892 2032 3962; baseline 0.004 -14"><span class='ocrx_word' id='word_1_295' title='bbox 444 3902 564 3960; x_wconf 90' lang='lat' dir='ltr'><strong>tur,</strong></span> <span class='ocrx_word' id='word_1_296' title='bbox 611 3899 703 3946; x_wconf 90' lang='lat' dir='ltr'><strong>aut</strong></span> <span class='ocrx_word' id='word_1_297' title='bbox 755 3892 833 3947; x_wconf 91' lang='lat' dir='ltr'><strong>eis</strong></span> <span class='ocrx_word' id='word_1_298' title='bbox 885 3901 1070 3946; x_wconf 89' lang='lat' dir='ltr'><strong>contra</strong></span> <span class='ocrx_word' id='word_1_299' title='bbox 1123 3893 1471 3962; x_wconf 86' lang='lat' dir='ltr'><strong>Evangelium</strong></span> <span class='ocrx_word' id='word_1_300' title='bbox 1539 3893 1874 3950; x_wconf 82' lang='lat' dir='ltr'><strong>credebatur.</strong></span> <span class='ocrx_word' id='word_1_301' title='bbox 1924 3893 2032 3954; x_wconf 84' lang='lat' dir='ltr'><strong>Sed</strong></span> 
     </span>
    </p>
   </div>
   <div class='ocr_carea' id='block_1_41' title="bbox 443 3983 2032 4058">
    <p class='ocr_par' dir='ltr' id='par_1_41' title="bbox 443 3983 2032 4058">
     <span class='ocr_line' id='line_1_41' title="bbox 443 3983 2032 4058; baseline 0.003 -18"><span class='ocrx_word' id='word_1_302' title='bbox 443 3993 786 4056; x_wconf 88' lang='lat' dir='ltr'><strong>posteaquam</strong></span> <span class='ocrx_word' id='word_1_303' title='bbox 811 3984 882 4039; x_wconf 92' lang='lat' dir='ltr'><strong>illi</strong></span> <span class='ocrx_word' id='word_1_304' title='bbox 906 3983 1158 4039; x_wconf 82' lang='lat' dir='ltr'><strong>furiosam</strong></span> <span class='ocrx_word' id='word_1_305' title='bbox 1185 3985 1530 4056; x_wconf 88' lang='lat' dir='ltr'><strong>pertinaciam</strong></span> <span class='ocrx_word' id='word_1_306' title='bbox 1552 4002 1720 4058; x_wconf 91' lang='lat' dir='ltr'><strong>usque</strong></span> <span class='ocrx_word' id='word_1_307' title='bbox 1738 3988 1804 4043; x_wconf 92' lang='lat' dir='ltr'><strong>ad</strong></span> <span class='ocrx_word' id='word_1_308' title='bbox 1825 3988 2032 4045; x_wconf 89' lang='lat' dir='ltr'><strong>dissen-</strong></span> 
     </span>
    </p>
   </div>
   <div class='ocr_carea' id='block_1_42' title="bbox 441 4077 2031 4148">
    <p class='ocr_par' dir='ltr' id='par_1_42' title="bbox 441 4077 2031 4148">
     <span class='ocr_line' id='line_1_42' title="bbox 441 4077 2031 4148; baseline 0.005 -17"><span class='ocrx_word' id='word_1_309' title='bbox 441 4077 646 4132; x_wconf 88' lang='lat' dir='ltr'><strong>sionem</strong></span> <span class='ocrx_word' id='word_1_310' title='bbox 677 4077 986 4148; x_wconf 80' lang='lat' dir='ltr'><strong>sacrilegam</strong></span> <span class='ocrx_word' id='word_1_311' title='bbox 1013 4089 1198 4134; x_wconf 88' lang='lat' dir='ltr'><strong>contra</strong></span> <span class='ocrx_word' id='word_1_312' title='bbox 1246 4087 1411 4134; x_wconf 89' lang='lat' dir='ltr'><strong>totum</strong></span> <span class='ocrx_word' id='word_1_313' title='bbox 1453 4077 1637 4134; x_wconf 89' lang='lat' dir='ltr'><strong>orbem</strong></span> <span class='ocrx_word' id='word_1_314' title='bbox 1683 4080 2031 4140; x_wconf 86' lang='lat' dir='ltr'><strong>christianum</strong></span> 
     </span>
    </p>
   </div>
   <div class='ocr_carea' id='block_1_43' title="bbox 441 4169 2032 4245">
    <p class='ocr_par' dir='ltr' id='par_1_43' title="bbox 441 4169 2032 4245">
     <span class='ocr_line' id='line_1_43' title="bbox 441 4169 2032 4245; baseline 0.005 -22"><span class='ocrx_word' id='word_1_315' title='bbox 441 4169 782 4226; x_wconf 86' lang='lat' dir='ltr'><strong>contentione</strong></span> <span class='ocrx_word' id='word_1_316' title='bbox 815 4169 1230 4226; x_wconf 87' lang='lat' dir='ltr'><strong>obstinatissima</strong></span> <span class='ocrx_word' id='word_1_317' title='bbox 1264 4169 1659 4240; x_wconf 82' lang='lat' dir='ltr'><strong>perduxerunt,</strong></span> <span class='ocrx_word' id='word_1_318' title='bbox 1689 4183 1849 4245; x_wconf 92' lang='lat' dir='ltr'><strong>atque</strong></span> <span class='ocrx_word' id='word_1_319' title='bbox 1877 4175 2032 4231; x_wconf 90' lang='lat' dir='ltr'><strong>inno-</strong></span> 
     </span>
    </p>
   </div>
   <div class='ocr_carea' id='block_1_44' title="bbox 444 4259 2031 4332">
    <p class='ocr_par' dir='ltr' id='par_1_44' title="bbox 444 4259 2031 4332">
     <span class='ocr_line' id='line_1_44' title="bbox 444 4259 2031 4332; baseline 0.006 -18"><span class='ocrx_word' id='word_1_320' title='bbox 444 4261 545 4315; x_wconf 91' lang='lat' dir='ltr'><strong>tuit</strong></span> <span class='ocrx_word' id='word_1_321' title='bbox 565 4260 716 4316; x_wconf 91' lang='lat' dir='ltr'><strong>bonis</strong></span> <span class='ocrx_word' id='word_1_322' title='bbox 742 4259 987 4317; x_wconf 87' lang='lat' dir='ltr'><strong>ﬁdelibus</strong></span> <span class='ocrx_word' id='word_1_323' title='bbox 1006 4276 1140 4332; x_wconf 88' lang='lat' dir='ltr'><strong>quos</strong></span> <span class='ocrx_word' id='word_1_324' title='bbox 1162 4277 1192 4316; x_wconf 89' lang='lat' dir='ltr'><strong>a</strong></span> <span class='ocrx_word' id='word_1_325' title='bbox 1220 4261 1509 4318; x_wconf 66' lang='lat' dir='ltr'><strong>Caeciliano</strong></span> <span class='ocrx_word' id='word_1_326' title='bbox 1541 4263 1866 4322; x_wconf 87' lang='lat' dir='ltr'><strong>alienaverat</strong></span> <span class='ocrx_word' id='word_1_327' title='bbox 1899 4265 2031 4324; x_wconf 80' lang='lat' dir='ltr'><strong>falsa</strong></span> 
     </span>
    </p>
   </div>
   <div class='ocr_carea' id='block_1_45' title="bbox 443 4350 2030 4428">
    <p class='ocr_par' dir='ltr' id='par_1_45' title="bbox 443 4350 2030 4428">
     <span class='ocr_line' id='line_1_45' title="bbox 443 4350 2030 4428; baseline 0.005 -23"><span class='ocrx_word' id='word_1_328' title='bbox 443 4350 782 4406; x_wconf 87' lang='lat' dir='ltr'><strong>criminatio:</strong></span> <span class='ocrx_word' id='word_1_329' title='bbox 817 4351 1062 4408; x_wconf 89' lang='lat' dir='ltr'><strong>viderunt</strong></span> <span class='ocrx_word' id='word_1_330' title='bbox 1087 4368 1162 4420; x_wconf 83' lang='lat' dir='ltr'><strong>se,</strong></span> <span class='ocrx_word' id='word_1_331' title='bbox 1198 4353 1243 4408; x_wconf 94' lang='lat' dir='ltr'><strong>si</strong></span> <span class='ocrx_word' id='word_1_332' title='bbox 1288 4353 1339 4407; x_wconf 93' lang='lat' dir='ltr'><strong>in</strong></span> <span class='ocrx_word' id='word_1_333' title='bbox 1386 4353 1476 4410; x_wconf 89' lang='lat' dir='ltr'><strong>illa</strong></span> <span class='ocrx_word' id='word_1_334' title='bbox 1505 4356 1880 4413; x_wconf 85' lang='lat' dir='ltr'><strong>communione</strong></span> <span class='ocrx_word' id='word_1_335' title='bbox 1905 4372 2030 4428; x_wconf 89' lang='lat' dir='ltr'><strong>per-</strong></span> 
     </span>
    </p>
   </div>
   <div class='ocr_carea' id='block_1_46' title="bbox 439 4443 2029 4520">
    <p class='ocr_par' dir='ltr' id='par_1_46' title="bbox 439 4443 2029 4520">
     <span class='ocr_line' id='line_1_46' title="bbox 439 4443 2029 4520; baseline 0.004 -22"><span class='ocrx_word' id='word_1_336' title='bbox 439 4443 705 4508; x_wconf 84' lang='lat' dir='ltr'><strong>sisterent,</strong></span> <span class='ocrx_word' id='word_1_337' title='bbox 756 4460 859 4498; x_wconf 85' lang='lat' dir='ltr'><strong>non</strong></span> <span class='ocrx_word' id='word_1_338' title='bbox 879 4444 990 4514; x_wconf 88' lang='lat' dir='ltr'><strong>jam</strong></span> <span class='ocrx_word' id='word_1_339' title='bbox 1033 4444 1099 4500; x_wconf 90' lang='lat' dir='ltr'><strong>de</strong></span> <span class='ocrx_word' id='word_1_340' title='bbox 1138 4445 1370 4516; x_wconf 89' lang='lat' dir='ltr'><strong>quodam</strong></span> <span class='ocrx_word' id='word_1_341' title='bbox 1428 4445 1666 4513; x_wconf 89' lang='lat' dir='ltr'><strong>homine,</strong></span> <span class='ocrx_word' id='word_1_342' title='bbox 1700 4449 1782 4503; x_wconf 88' lang='lat' dir='ltr'><strong>vel</strong></span> <span class='ocrx_word' id='word_1_343' title='bbox 1812 4448 1879 4505; x_wconf 89' lang='lat' dir='ltr'><strong>de</strong></span> <span class='ocrx_word' id='word_1_344' title='bbox 1907 4449 2029 4520; x_wconf 82' lang='lat' dir='ltr'><strong>qui-</strong></span> 
     </span>
    </p>
   </div>
   <div class='ocr_carea' id='block_1_47' title="bbox 443 4536 2028 4604">
    <p class='ocr_par' dir='ltr' id='par_1_47' title="bbox 443 4536 2028 4604">
     <span class='ocr_line' id='line_1_47' title="bbox 443 4536 2028 4604; baseline 0.006 -14"><span class='ocrx_word' id='word_1_345' title='bbox 443 4536 665 4592; x_wconf 88' lang='lat' dir='ltr'><strong>busdam</strong></span> <span class='ocrx_word' id='word_1_346' title='bbox 713 4536 1036 4604; x_wconf 90' lang='lat' dir='ltr'><strong>hominibus,</strong></span> <span class='ocrx_word' id='word_1_347' title='bbox 1082 4538 1173 4592; x_wconf 84' lang='lat' dir='ltr'><strong>sed</strong></span> <span class='ocrx_word' id='word_1_348' title='bbox 1215 4538 1283 4595; x_wconf 87' lang='lat' dir='ltr'><strong>de</strong></span> <span class='ocrx_word' id='word_1_349' title='bbox 1329 4538 1568 4596; x_wconf 88' lang='lat' dir='ltr'><strong>Ecclesia</strong></span> <span class='ocrx_word' id='word_1_350' title='bbox 1616 4549 1726 4598; x_wconf 88' lang='lat' dir='ltr'><strong>toto</strong></span> <span class='ocrx_word' id='word_1_351' title='bbox 1768 4550 2028 4598; x_wconf 87' lang='lat' dir='ltr'><strong>terrarum</strong></span> 
     </span>
    </p>
   </div>
   <div class='ocr_carea' id='block_1_48' title="bbox 439 4629 2030 4708">
    <p class='ocr_par' dir='ltr' id='par_1_48' title="bbox 439 4629 2030 4708">
     <span class='ocr_line' id='line_1_48' title="bbox 439 4629 2030 4708; baseline 0.003 -22"><span class='ocrx_word' id='word_1_352' title='bbox 439 4631 569 4686; x_wconf 91' lang='lat' dir='ltr'><strong>orbe</strong></span> <span class='ocrx_word' id='word_1_353' title='bbox 601 4629 790 4685; x_wconf 79' lang='lat' dir='ltr'><strong>dilI&#39;usa</strong></span> <span class='ocrx_word' id='word_1_354' title='bbox 824 4646 1042 4698; x_wconf 86' lang='lat' dir='ltr'><strong>pravum</strong></span> <span class='ocrx_word' id='word_1_355' title='bbox 1087 4629 1285 4708; x_wconf 76' lang='lat' dir='ltr'><strong>habere</strong></span> <span class='ocrx_word' id='word_1_356' title='bbox 1324 4631 1609 4700; x_wconf 85' lang='lat' dir='ltr'><strong>judicium;</strong></span> <span class='ocrx_word' id='word_1_357' title='bbox 1640 4643 1695 4690; x_wconf 88' lang='lat' dir='ltr'><strong>et</strong></span> <span class='ocrx_word' id='word_1_358' title='bbox 1731 4635 2030 4690; x_wconf 86' lang='lat' dir='ltr'><strong>maluerunt</strong></span> 
     </span>
    </p>
   </div>
   <div class='ocr_carea' id='block_1_49' title="bbox 441 4721 2024 4793">
    <p class='ocr_par' dir='ltr' id='par_1_49' title="bbox 441 4721 2024 4793">
     <span class='ocr_line' id='line_1_49' title="bbox 441 4721 2024 4793; baseline 0.004 -17"><span class='ocrx_word' id='word_1_359' title='bbox 441 4721 636 4777; x_wconf 87' lang='lat' dir='ltr'><strong>Christi</strong></span> <span class='ocrx_word' id='word_1_360' title='bbox 671 4722 978 4793; x_wconf 84' lang='lat' dir='ltr'><strong>Evangelio,</strong></span> <span class='ocrx_word' id='word_1_361' title='bbox 1005 4735 1163 4792; x_wconf 87' lang='lat' dir='ltr'><strong>quam</strong></span> <span class='ocrx_word' id='word_1_362' title='bbox 1194 4721 1515 4792; x_wconf 85' lang='lat' dir='ltr'><strong>collegarum</strong></span> <span class='ocrx_word' id='word_1_363' title='bbox 1543 4725 1768 4780; x_wconf 90' lang='lat' dir='ltr'><strong>concilio</strong></span> <span class='ocrx_word' id='word_1_364' title='bbox 1785 4726 2024 4782; x_wconf 90' lang='lat' dir='ltr'><strong>credere.</strong></span> 
     </span>
    </p>
   </div>
   <div class='ocr_carea' id='block_1_50' title="bbox 442 4814 2025 4888">
    <p class='ocr_par' dir='ltr' id='par_1_50' title="bbox 442 4814 2025 4888">
     <span class='ocr_line' id='line_1_50' title="bbox 442 4814 2025 4888; baseline 0.004 -21"><span class='ocrx_word' id='word_1_365' title='bbox 442 4814 623 4883; x_wconf 91' lang='lat' dir='ltr'><strong>Itaque</strong></span> <span class='ocrx_word' id='word_1_366' title='bbox 652 4815 753 4869; x_wconf 91' lang='lat' dir='ltr'><strong>illis</strong></span> <span class='ocrx_word' id='word_1_367' title='bbox 780 4815 996 4878; x_wconf 84' lang='lat' dir='ltr'><strong>relictis,</strong></span> <span class='ocrx_word' id='word_1_368' title='bbox 1030 4829 1152 4869; x_wconf 80' lang='lat' dir='ltr'><strong>mox</strong></span> <span class='ocrx_word' id='word_1_369' title='bbox 1197 4814 1262 4868; x_wconf 89' lang='lat' dir='ltr'><strong>ad</strong></span> <span class='ocrx_word' id='word_1_370' title='bbox 1302 4814 1614 4870; x_wconf 82' lang='lat' dir='ltr'><strong>catholicam</strong></span> <span class='ocrx_word' id='word_1_371' title='bbox 1645 4832 1828 4886; x_wconf 86' lang='lat' dir='ltr'><strong>pacem</strong></span> <span class='ocrx_word' id='word_1_372' title='bbox 1854 4819 2025 4888; x_wconf 90' lang='lat' dir='ltr'><strong>multi,</strong></span> 
     </span>
    </p>
   </div>
   <div class='ocr_carea' id='block_1_51' title="bbox 441 4907 2032 4982">
    <p class='ocr_par' dir='ltr' id='par_1_51' title="bbox 441 4907 2032 4982">
     <span class='ocr_line' id='line_1_51' title="bbox 441 4907 2032 4982; baseline 0.003 -18"><span class='ocrx_word' id='word_1_373' title='bbox 441 4918 495 4964; x_wconf 90' lang='lat' dir='ltr'><strong>et</strong></span> <span class='ocrx_word' id='word_1_374' title='bbox 525 4908 794 4978; x_wconf 89' lang='lat' dir='ltr'><strong>episcopi,</strong></span> <span class='ocrx_word' id='word_1_375' title='bbox 824 4918 877 4963; x_wconf 89' lang='lat' dir='ltr'><strong>et</strong></span> <span class='ocrx_word' id='word_1_376' title='bbox 901 4908 1111 4972; x_wconf 87' lang='lat' dir='ltr'><strong>clerici,</strong></span> <span class='ocrx_word' id='word_1_377' title='bbox 1139 4918 1193 4962; x_wconf 86' lang='lat' dir='ltr'><strong>ct</strong></span> <span class='ocrx_word' id='word_1_378' title='bbox 1229 4908 1408 4978; x_wconf 86' lang='lat' dir='ltr'><strong>populi</strong></span> <span class='ocrx_word' id='word_1_379' title='bbox 1451 4907 1726 4964; x_wconf 86' lang='lat' dir='ltr'><strong>redierunt</strong></span> <span class='ocrx_word' id='word_1_380' title='bbox 1761 4929 1772 4964; x_wconf 92' lang='lat'><strong>:</strong></span> <span class='ocrx_word' id='word_1_381' title='bbox 1804 4911 1943 4982; x_wconf 89' lang='lat' dir='ltr'><strong>quod</strong></span> <span class='ocrx_word' id='word_1_382' title='bbox 1975 4919 2032 4968; x_wconf 81' lang='lat' dir='ltr'><strong>ct</strong></span> 
     </span>
    </p>
   </div>
   <div class='ocr_carea' id='block_1_52' title="bbox 442 4999 2031 5070">
    <p class='ocr_par' dir='ltr' id='par_1_52' title="bbox 442 4999 2031 5070">
     <span class='ocr_line' id='line_1_52' title="bbox 442 4999 2031 5070; baseline 0.005 -17"><span class='ocrx_word' id='word_1_383' title='bbox 442 5009 726 5069; x_wconf 88' lang='lat' dir='ltr'><strong>antequam</strong></span> <span class='ocrx_word' id='word_1_384' title='bbox 776 4999 1031 5067; x_wconf 82' lang='lat' dir='ltr'><strong>facerent,</strong></span> <span class='ocrx_word' id='word_1_385' title='bbox 1093 5001 1149 5056; x_wconf 89' lang='lat' dir='ltr'><strong>in</strong></span> <span class='ocrx_word' id='word_1_386' title='bbox 1188 5000 1364 5056; x_wconf 87' lang='lat' dir='ltr'><strong>tritico</strong></span> <span class='ocrx_word' id='word_1_387' title='bbox 1415 5000 1827 5070; x_wconf 90' lang='lat' dir='ltr'><strong>deputabantur.</strong></span> <span class='ocrx_word' id='word_1_388' title='bbox 1880 5005 2031 5062; x_wconf 88' lang='lat' dir='ltr'><strong>Tunc</strong></span> 
     </span>
    </p>
   </div>
   <div class='ocr_carea' id='block_1_53' title="bbox 441 5091 2028 5160">
    <p class='ocr_par' dir='ltr' id='par_1_53' title="bbox 441 5091 2028 5160">
     <span class='ocr_line' id='line_1_53' title="bbox 441 5091 2028 5160; baseline 0.006 -12"><span class='ocrx_word' id='word_1_389' title='bbox 441 5092 585 5148; x_wconf 89' lang='lat' dir='ltr'><strong>enim</strong></span> <span class='ocrx_word' id='word_1_390' title='bbox 613 5107 718 5146; x_wconf 92' lang='lat' dir='ltr'><strong>non</strong></span> <span class='ocrx_word' id='word_1_391' title='bbox 747 5091 1031 5160; x_wconf 80' lang='lat' dir='ltr'><strong>faciebant,</strong></span> <span class='ocrx_word' id='word_1_392' title='bbox 1064 5110 1184 5149; x_wconf 91' lang='lat' dir='ltr'><strong>cum</strong></span> <span class='ocrx_word' id='word_1_393' title='bbox 1215 5095 1471 5152; x_wconf 86' lang='lat' dir='ltr'><strong>adversus</strong></span> <span class='ocrx_word' id='word_1_394' title='bbox 1494 5096 1738 5153; x_wconf 86' lang='lat' dir='ltr'><strong>homines</strong></span> <span class='ocrx_word' id='word_1_395' title='bbox 1761 5100 1898 5155; x_wconf 87' lang='lat' dir='ltr'><strong>male</strong></span> <span class='ocrx_word' id='word_1_396' title='bbox 1925 5100 2028 5157; x_wconf 90' lang='lat' dir='ltr'><strong>sibi</strong></span> 
     </span>
    </p>
   </div>
   <div class='ocr_carea' id='block_1_54' title="bbox 444 5181 2027 5261">
    <p class='ocr_par' dir='ltr' id='par_1_54' title="bbox 444 5181 2027 5261">
     <span class='ocr_line' id='line_1_54' title="bbox 444 5181 2027 5261; baseline 0.008 -25"><span class='ocrx_word' id='word_1_397' title='bbox 444 5198 470 5236; x_wconf 87' lang='lat' dir='ltr'><strong>a</strong></span> <span class='ocrx_word' id='word_1_398' title='bbox 504 5182 724 5254; x_wconf 77' lang='lat' dir='ltr'><strong>collegis</strong></span> <span class='ocrx_word' id='word_1_399' title='bbox 771 5181 1094 5250; x_wconf 90' lang='lat' dir='ltr'><strong>insinuatos,</strong></span> <span class='ocrx_word' id='word_1_400' title='bbox 1138 5202 1242 5242; x_wconf 93' lang='lat' dir='ltr'><strong>non</strong></span> <span class='ocrx_word' id='word_1_401' title='bbox 1283 5186 1538 5243; x_wconf 84' lang='lat' dir='ltr'><strong>adversus</strong></span> <span class='ocrx_word' id='word_1_402' title='bbox 1579 5189 1867 5246; x_wconf 66' lang='lat' dir='ltr'><strong>I&#39;Jcclesiam</strong></span> <span class='ocrx_word' id='word_1_403' title='bbox 1912 5192 2027 5261; x_wconf 88' lang='lat' dir='ltr'><strong>Dei,</strong></span> 
     </span>
    </p>
   </div>
   <div class='ocr_carea' id='block_1_55' title="bbox 442 5275 2032 5348">
    <p class='ocr_par' dir='ltr' id='par_1_55' title="bbox 442 5275 2032 5348">
     <span class='ocr_line' id='line_1_55' title="bbox 442 5275 2032 5348; baseline 0.006 -18"><span class='ocrx_word' id='word_1_404' title='bbox 442 5292 560 5348; x_wconf 75' lang='lat' dir='ltr'><strong>qua:</strong></span> <span class='ocrx_word' id='word_1_405' title='bbox 609 5276 660 5330; x_wconf 92' lang='lat' dir='ltr'><strong>in</strong></span> <span class='ocrx_word' id='word_1_406' title='bbox 701 5275 904 5331; x_wconf 89' lang='lat' dir='ltr'><strong>cunctis</strong></span> <span class='ocrx_word' id='word_1_407' title='bbox 929 5278 1175 5346; x_wconf 83' lang='lat' dir='ltr'><strong>gentibus</strong></span> <span class='ocrx_word' id='word_1_408' title='bbox 1217 5280 1428 5347; x_wconf 86' lang='lat' dir='ltr'><strong>crescit,</strong></span> <span class='ocrx_word' id='word_1_409' title='bbox 1476 5281 1563 5336; x_wconf 90' lang='lat' dir='ltr'><strong>illa</strong></span> <span class='ocrx_word' id='word_1_410' title='bbox 1609 5297 1791 5338; x_wconf 89' lang='lat' dir='ltr'><strong>eorum</strong></span> <span class='ocrx_word' id='word_1_411' title='bbox 1819 5295 2032 5341; x_wconf 88' lang='lat' dir='ltr'><strong>contra-</strong></span> 
     </span>
    </p>
   </div>
   <div class='ocr_carea' id='block_1_56' title="bbox 440 5367 2030 5449">
    <p class='ocr_par' dir='ltr' id='par_1_56' title="bbox 440 5367 2030 5449">
     <span class='ocr_line' id='line_1_56' title="bbox 440 5367 2030 5449; baseline 0.006 -25"><span class='ocrx_word' id='word_1_412' title='bbox 440 5369 602 5425; x_wconf 91' lang='lat' dir='ltr'><strong>dictio</strong></span> <span class='ocrx_word' id='word_1_413' title='bbox 638 5367 906 5425; x_wconf 86' lang='lat' dir='ltr'><strong>nitebatur</strong></span> <span class='ocrx_word' id='word_1_414' title='bbox 931 5369 972 5422; x_wconf 77' lang='grc'><strong>⁸.</strong></span> <span class='ocrx_word' id='word_1_415' title='bbox 1005 5367 1184 5442; x_wconf 84' lang='lat' dir='ltr'><strong>Itaque</strong></span> <span class='ocrx_word' id='word_1_416' title='bbox 1222 5379 1277 5425; x_wconf 90' lang='lat' dir='ltr'><strong>et</strong></span> <span class='ocrx_word' id='word_1_417' title='bbox 1321 5372 1373 5427; x_wconf 90' lang='lat' dir='ltr'><strong>in</strong></span> <span class='ocrx_word' id='word_1_418' title='bbox 1416 5371 1594 5430; x_wconf 83' lang='lat' dir='ltr'><strong>Africa</strong></span> <span class='ocrx_word' id='word_1_419' title='bbox 1626 5376 1853 5432; x_wconf 85' lang='lat' dir='ltr'><strong>triticum</strong></span> <span class='ocrx_word' id='word_1_420' title='bbox 1888 5377 2030 5449; x_wconf 89' lang='lat' dir='ltr'><strong>quod</strong></span> 
     </span>
    </p>
   </div>
   <div class='ocr_carea' id='block_1_57' title="bbox 509 5604 1781 5676">
    <p class='ocr_par' dir='ltr' id='par_1_57' title="bbox 509 5604 1781 5676">
     <span class='ocr_line' id='line_1_57' title="bbox 509 5604 1781 5676; baseline 0.008 -19"><span class='ocrx_word' id='word_1_421' title='bbox 509 5610 525 5676; x_wconf 67' lang='grc' dir='ltr'><strong>ξ</strong></span> <span class='ocrx_word' id='word_1_422' title='bbox 562 5609 701 5676; x_wconf 77' lang='lat' dir='ltr'><strong>Editi,</strong></span> <span class='ocrx_word' id='word_1_423' title='bbox 725 5604 978 5676; x_wconf 74' lang='lat' dir='ltr'><strong>veraciter.</strong></span> <span class='ocrx_word' id='word_1_424' title='bbox 1007 5605 1321 5676; x_wconf 74' lang='lat' dir='ltr'><strong>Floriace_nsis</strong></span> <span class='ocrx_word' id='word_1_425' title='bbox 1343 5611 1516 5674; x_wconf 83' lang='lat' dir='ltr'><strong>codex,</strong></span> <span class='ocrx_word' id='word_1_426' title='bbox 1542 5615 1781 5676; x_wconf 79' lang='lat' dir='ltr'><strong>ferociter.</strong></span> 
     </span>
    </p>
   </div>
   <div class='ocr_carea' id='block_1_58' title="bbox 506 5669 1924 5735">
    <p class='ocr_par' dir='ltr' id='par_1_58' title="bbox 506 5669 1924 5735">
     <span class='ocr_line' id='line_1_58' title="bbox 506 5669 1924 5735; baseline 0.012 -19"><span class='ocrx_word' id='word_1_427' title='bbox 506 5671 526 5700; x_wconf 78' lang='grc'><strong><em>²</em></strong></span> <span class='ocrx_word' id='word_1_428' title='bbox 558 5672 630 5719; x_wconf 84' lang='lat' dir='ltr'><strong>sic</strong></span> <span class='ocrx_word' id='word_1_429' title='bbox 651 5669 964 5719; x_wconf 74' lang='lat' dir='ltr'><strong>Floriacensis</strong></span> <span class='ocrx_word' id='word_1_430' title='bbox 983 5676 1067 5720; x_wconf 80' lang='lat' dir='ltr'><strong>Ms.</strong></span> <span class='ocrx_word' id='word_1_431' title='bbox 1091 5676 1150 5720; x_wconf 82' lang='lat' dir='ltr'><strong>At</strong></span> <span class='ocrx_word' id='word_1_432' title='bbox 1166 5670 1302 5735; x_wconf 87' lang='lat' dir='ltr'><strong>editi,</strong></span> <span class='ocrx_word' id='word_1_433' title='bbox 1327 5669 1639 5729; x_wconf 75' lang='lat' dir='ltr'><strong>contradictio</strong></span> <span class='ocrx_word' id='word_1_434' title='bbox 1660 5679 1924 5734; x_wconf 77' lang='lat' dir='ltr'><strong>tenebatur.</strong></span> 
     </span>
    </p>
   </div>
   <div class='ocr_carea' id='block_1_59' title="bbox 505 5748 1170 5814">
    <p class='ocr_par' dir='ltr' id='par_1_59' title="bbox 505 5748 1170 5814">
     <span class='ocr_line' id='line_1_59' title="bbox 505 5748 1170 5814; baseline 0.006 -19"><span class='ocrx_word' id='word_1_435' title='bbox 505 5748 578 5810; x_wconf 90' lang='lat' dir='ltr'><strong>(a)</strong></span> <span class='ocrx_word' id='word_1_436' title='bbox 601 5755 766 5812; x_wconf 84' lang='lat' dir='ltr'><strong>Supra,</strong></span> <span class='ocrx_word' id='word_1_437' title='bbox 781 5761 886 5812; x_wconf 88' lang='lat' dir='ltr'><strong>cap.</strong></span> <span class='ocrx_word' id='word_1_438' title='bbox 915 5749 991 5814; x_wconf 75' lang='lat'><strong>18,</strong></span> <span class='ocrx_word' id='word_1_439' title='bbox 1014 5763 1063 5800; x_wconf 91' lang='lat' dir='ltr'><strong>n.</strong></span> <span class='ocrx_word' id='word_1_440' title='bbox 1091 5749 1170 5799; x_wconf 71' lang='grc'><strong>46.</strong></span> 
     </span>
    </p>
   </div>
   <div class='ocr_carea' id='block_1_60' title="bbox 1230 244 3240 333">
    <p class='ocr_par' dir='ltr' id='par_1_60' title="bbox 1230 244 3240 333">
     <span class='ocr_line' id='line_1_60' title="bbox 1230 244 3240 333; baseline 0.004 -21"><span class='ocrx_word' id='word_1_441' title='bbox 1230 255 1499 314; x_wconf 78' lang='lat' dir='ltr'><strong>CONTRA</strong></span> <span class='ocrx_word' id='word_1_442' title='bbox 1539 248 1968 311; x_wconf 80' lang='lat' dir='ltr'><strong>DONATISTAS</strong></span> <span class='ocrx_word' id='word_1_443' title='bbox 2010 244 2368 320; x_wconf 80' lang='lat' dir='ltr'><strong>EPISTOLA,</strong></span> <span class='ocrx_word' id='word_1_444' title='bbox 2410 269 2584 314; x_wconf 74' lang='lat' dir='ltr'><strong>vumo</strong></span> <span class='ocrx_word' id='word_1_445' title='bbox 2635 257 2724 314; x_wconf 88' lang='lat' dir='ltr'><strong>DE</strong></span> <span class='ocrx_word' id='word_1_446' title='bbox 2754 259 3075 333; x_wconf 84' lang='lat' dir='ltr'><strong>UNITATE,</strong></span> <span class='ocrx_word' id='word_1_447' title='bbox 3116 277 3240 321; x_wconf 73' lang='lat' dir='ltr'><strong>nrc.</strong></span> 
     </span>
    </p>
   </div>
   <div class='ocr_carea' id='block_1_61' title="bbox 3668 273 3752 342">
    <p class='ocr_par' dir='ltr' id='par_1_61' title="bbox 3668 273 3752 342">
     <span class='ocr_line' id='line_1_61' title="bbox 3668 273 3752 342; baseline 0 -2"><span class='ocrx_word' id='word_1_448' title='bbox 3668 273 3752 342; x_wconf 73' lang='lat' dir='ltr'><strong>ut</strong></span> 
     </span>
    </p>
   </div>
   <div class='ocr_carea' id='block_1_62' title="bbox 2173 367 3748 458">
    <p class='ocr_par' dir='ltr' id='par_1_62' title="bbox 2173 367 3748 458">
     <span class='ocr_line' id='line_1_62' title="bbox 2173 367 3748 458; baseline 0.02 -36"><span class='ocrx_word' id='word_1_449' title='bbox 2173 367 2340 425; x_wconf 86' lang='lat' dir='ltr'><strong>Filius</strong></span> <span class='ocrx_word' id='word_1_450' title='bbox 2384 369 2617 428; x_wconf 88' lang='lat' dir='ltr'><strong>hominis</strong></span> <span class='ocrx_word' id='word_1_451' title='bbox 2644 375 3033 448; x_wconf 88' lang='lat' dir='ltr'><strong>seminaverat,</strong></span> <span class='ocrx_word' id='word_1_452' title='bbox 3067 381 3294 442; x_wconf 86' lang='lat' dir='ltr'><strong>triticum</strong></span> <span class='ocrx_word' id='word_1_453' title='bbox 3337 385 3555 446; x_wconf 76' lang='lat' dir='ltr'><strong>mansit</strong></span> <span class='ocrx_word' id='word_1_454' title='bbox 3585 407 3597 443; x_wconf 94' lang='lat'><strong>:</strong></span> <span class='ocrx_word' id='word_1_455' title='bbox 3627 401 3676 450; x_wconf 89' lang='lat' dir='ltr'><strong>et</strong></span> <span class='ocrx_word' id='word_1_456' title='bbox 3696 410 3748 458; x_wconf 78' lang='lat' dir='ltr'><strong>er</strong></span> 
     </span>
    </p>
   </div>
   <div class='ocr_carea' id='block_1_63' title="bbox 2170 459 3746 556">
    <p class='ocr_par' dir='ltr' id='par_1_63' title="bbox 2170 459 3746 556">
     <span class='ocr_line' id='line_1_63' title="bbox 2170 459 3746 556; baseline 0.016 -42"><span class='ocrx_word' id='word_1_457' title='bbox 2170 459 2264 515; x_wconf 90' lang='lat' dir='ltr'><strong>illo</strong></span> <span class='ocrx_word' id='word_1_458' title='bbox 2287 477 2455 532; x_wconf 87' lang='lat' dir='ltr'><strong>usque</strong></span> <span class='ocrx_word' id='word_1_459' title='bbox 2483 463 2659 521; x_wconf 87' lang='lat' dir='ltr'><strong>adhuc</strong></span> <span class='ocrx_word' id='word_1_460' title='bbox 2681 469 2868 534; x_wconf 88' lang='lat' dir='ltr'><strong>crevit,</strong></span> <span class='ocrx_word' id='word_1_461' title='bbox 2900 479 2954 527; x_wconf 89' lang='lat' dir='ltr'><strong>et</strong></span> <span class='ocrx_word' id='word_1_462' title='bbox 2979 475 3192 543; x_wconf 85' lang='lat' dir='ltr'><strong>crescit,</strong></span> <span class='ocrx_word' id='word_1_463' title='bbox 3229 486 3282 535; x_wconf 89' lang='lat' dir='ltr'><strong>et</strong></span> <span class='ocrx_word' id='word_1_464' title='bbox 3305 479 3584 552; x_wconf 76' lang='lat' dir='ltr'><strong>deinceps</strong></span> <span class='ocrx_word' id='word_1_465' title='bbox 3607 499 3746 556; x_wconf 64' lang='lat' dir='ltr'><strong>usque</strong></span> 
     </span>
    </p>
   </div>
   <div class='ocr_carea' id='block_1_64' title="bbox 2171 553 3761 640">
    <p class='ocr_par' dir='ltr' id='par_1_64' title="bbox 2171 553 3761 640">
     <span class='ocr_line' id='line_1_64' title="bbox 2171 553 3761 640; baseline 0.021 -32"><span class='ocrx_word' id='word_1_466' title='bbox 2171 553 2238 610; x_wconf 89' lang='lat' dir='ltr'><strong>ad</strong></span> <span class='ocrx_word' id='word_1_467' title='bbox 2281 571 2511 614; x_wconf 87' lang='lat' dir='ltr'><strong>messem</strong></span> <span class='ocrx_word' id='word_1_468' title='bbox 2561 557 2904 620; x_wconf 87' lang='lat' dir='ltr'><strong>l‘ructiﬁeabit</strong></span> <span class='ocrx_word' id='word_1_469' title='bbox 2943 573 2999 622; x_wconf 87' lang='lat' dir='ltr'><strong>et</strong></span> <span class='ocrx_word' id='word_1_470' title='bbox 3048 577 3274 637; x_wconf 83' lang='lat' dir='ltr'><strong>crescet,</strong></span> <span class='ocrx_word' id='word_1_471' title='bbox 3322 573 3478 634; x_wconf 84' lang='lat' dir='ltr'><strong>sicut</strong></span> <span class='ocrx_word' id='word_1_472' title='bbox 3533 575 3586 632; x_wconf 90' lang='lat' dir='ltr'><strong>in</strong></span> 
     </span>
    </p>
   </div>
   <div class='ocr_carea' id='block_1_65' title="bbox 2167 651 2385 708">
    <p class='ocr_par' dir='ltr' id='par_1_65' title="bbox 2167 651 2385 708">
     <span class='ocr_line' id='line_1_65' title="bbox 2167 651 2385 708; baseline 0.005 -4"><span class='ocrx_word' id='word_1_473' title='bbox 2167 651 2385 708; x_wconf 89' lang='lat' dir='ltr'><strong>mundo.</strong></span> 
     </span>
    </p>
   </div>
   <div class='ocr_carea' id='block_1_66' title="bbox 2239 743 3761 832">
    <p class='ocr_par' dir='ltr' id='par_1_66' title="bbox 2239 743 3761 832">
     <span class='ocr_line' id='line_1_66' title="bbox 2239 743 3761 832; baseline 0.019 -34"><span class='ocrx_word' id='word_1_474' title='bbox 2239 743 2326 799; x_wconf 71' lang='lat'><strong>74.</strong></span> <span class='ocrx_word' id='word_1_475' title='bbox 2366 743 2615 804; x_wconf 90' lang='lat' dir='ltr'><strong>Nonnulli</strong></span> <span class='ocrx_word' id='word_1_476' title='bbox 2646 749 2808 805; x_wconf 86' lang='lat' dir='ltr'><strong>etiam</strong></span> <span class='ocrx_word' id='word_1_477' title='bbox 2828 751 2984 810; x_wconf 75' lang='lat' dir='ltr'><strong>honre</strong></span> <span class='ocrx_word' id='word_1_478' title='bbox 3007 754 3317 828; x_wconf 83' lang='lat' dir='ltr'><strong>voluntatis,</strong></span> <span class='ocrx_word' id='word_1_479' title='bbox 3359 775 3471 832; x_wconf 86' lang='lat' dir='ltr'><strong>per</strong></span> <span class='ocrx_word' id='word_1_480' title='bbox 3500 765 3761 828; x_wconf 42' lang='lat' dir='ltr'><strong>carnalem;</strong></span> 
     </span>
    </p>
   </div>
   <div class='ocr_carea' id='block_1_67' title="bbox 2164 834 3761 916">
    <p class='ocr_par' dir='ltr' id='par_1_67' title="bbox 2164 834 3761 916">
     <span class='ocr_line' id='line_1_67' title="bbox 2164 834 3761 916; baseline 0.014 -26"><span class='ocrx_word' id='word_1_481' title='bbox 2164 834 2467 907; x_wconf 76' lang='lat' dir='ltr'><strong>caliginem,</strong></span> <span class='ocrx_word' id='word_1_482' title='bbox 2500 839 2661 896; x_wconf 88' lang='lat' dir='ltr'><strong>etiam</strong></span> <span class='ocrx_word' id='word_1_483' title='bbox 2689 852 2808 912; x_wconf 84' lang='lat' dir='ltr'><strong>post</strong></span> <span class='ocrx_word' id='word_1_484' title='bbox 2833 846 3205 906; x_wconf 85' lang='lat' dir='ltr'><strong>conﬁrmatum</strong></span> <span class='ocrx_word' id='word_1_485' title='bbox 3243 861 3440 909; x_wconf 85' lang='lat' dir='ltr'><strong>contra</strong></span> <span class='ocrx_word' id='word_1_486' title='bbox 3475 856 3761 916; x_wconf 35' lang='lat' dir='ltr'><strong>Ecclesiatn.</strong></span> 
     </span>
    </p>
   </div>
   <div class='ocr_carea' id='block_1_68' title="bbox 2163 926 3761 1024">
    <p class='ocr_par' dir='ltr' id='par_1_68' title="bbox 2163 926 3761 1024">
     <span class='ocr_line' id='line_1_68' title="bbox 2163 926 3761 1024; baseline 0.017 -43"><span class='ocrx_word' id='word_1_487' title='bbox 2163 926 2258 984; x_wconf 90' lang='lat' dir='ltr'><strong>Dei</strong></span> <span class='ocrx_word' id='word_1_488' title='bbox 2292 929 2648 1002; x_wconf 88' lang='lat' dir='ltr'><strong>malignorum</strong></span> <span class='ocrx_word' id='word_1_489' title='bbox 2693 933 2951 1005; x_wconf 75' lang='lat' dir='ltr'><strong>furorem,</strong></span> <span class='ocrx_word' id='word_1_490' title='bbox 2984 939 3038 994; x_wconf 88' lang='lat' dir='ltr'><strong>in</strong></span> <span class='ocrx_word' id='word_1_491' title='bbox 3065 940 3154 996; x_wconf 86' lang='lat' dir='ltr'><strong>illa</strong></span> <span class='ocrx_word' id='word_1_492' title='bbox 3179 942 3538 1005; x_wconf 82' lang='lat' dir='ltr'><strong>dissensione</strong></span> <span class='ocrx_word' id='word_1_493' title='bbox 3572 949 3761 1024; x_wconf 45' lang='lat' dir='ltr'><strong>diutine</strong></span> 
     </span>
    </p>
   </div>
   <div class='ocr_carea' id='block_1_69' title="bbox 2161 1029 3761 1112">
    <p class='ocr_par' dir='ltr' id='par_1_69' title="bbox 2161 1029 3761 1112">
     <span class='ocr_line' id='line_1_69' title="bbox 2161 1029 3761 1112; baseline 0.018 -38"><span class='ocrx_word' id='word_1_494' title='bbox 2161 1031 2494 1090; x_wconf 86' lang='lat' dir='ltr'><strong>erraverunt,</strong></span> <span class='ocrx_word' id='word_1_495' title='bbox 2530 1032 2780 1096; x_wconf 86' lang='lat' dir='ltr'><strong>tanquam</strong></span> <span class='ocrx_word' id='word_1_496' title='bbox 2814 1029 2862 1084; x_wconf 83' lang='lat' dir='ltr'><strong>si</strong></span> <span class='ocrx_word' id='word_1_497' title='bbox 2903 1029 3080 1088; x_wconf 90' lang='lat' dir='ltr'><strong>adhuc</strong></span> <span class='ocrx_word' id='word_1_498' title='bbox 3107 1035 3284 1090; x_wconf 89' lang='lat' dir='ltr'><strong>mollia</strong></span> <span class='ocrx_word' id='word_1_499' title='bbox 3309 1040 3761 1112; x_wconf 72' lang='lat' dir='ltr'><strong>conculcet-eatur</strong></span> 
     </span>
    </p>
   </div>
   <div class='ocr_carea' id='block_1_70' title="bbox 2159 1109 3761 1198">
    <p class='ocr_par' dir='ltr' id='par_1_70' title="bbox 2159 1109 3761 1198">
     <span class='ocr_line' id='line_1_70' title="bbox 2159 1109 3761 1198; baseline 0.016 -32"><span class='ocrx_word' id='word_1_500' title='bbox 2159 1109 2446 1182; x_wconf 77' lang='lat' dir='ltr'><strong>frumenta,</strong></span> <span class='ocrx_word' id='word_1_501' title='bbox 2501 1124 2554 1170; x_wconf 88' lang='lat' dir='ltr'><strong>et</strong></span> <span class='ocrx_word' id='word_1_502' title='bbox 2595 1117 2778 1175; x_wconf 86' lang='lat' dir='ltr'><strong>radice</strong></span> <span class='ocrx_word' id='word_1_503' title='bbox 2818 1120 2935 1178; x_wconf 85' lang='lat' dir='ltr'><strong>viva</strong></span> <span class='ocrx_word' id='word_1_504' title='bbox 2971 1121 3152 1182; x_wconf 75' lang='lat' dir='ltr'><strong>berbte</strong></span> <span class='ocrx_word' id='word_1_505' title='bbox 3183 1127 3335 1198; x_wconf 83' lang='lat' dir='ltr'><strong>vigor</strong></span> <span class='ocrx_word' id='word_1_506' title='bbox 3388 1109 3761 1198; x_wconf 52' lang='lat' dir='ltr'><strong>attereretura</strong></span> 
     </span>
    </p>
   </div>
   <div class='ocr_carea' id='block_1_71' title="bbox 2158 1203 3761 1308">
    <p class='ocr_par' dir='ltr' id='par_1_71' title="bbox 2158 1203 3761 1308">
     <span class='ocr_line' id='line_1_71' title="bbox 2158 1203 3761 1308; baseline 0.017 -50"><span class='ocrx_word' id='word_1_507' title='bbox 2158 1203 2319 1261; x_wconf 91' lang='lat' dir='ltr'><strong>etiam</strong></span> <span class='ocrx_word' id='word_1_508' title='bbox 2344 1206 2458 1278; x_wconf 90' lang='lat' dir='ltr'><strong>ipsa</strong></span> <span class='ocrx_word' id='word_1_509' title='bbox 2479 1216 2657 1267; x_wconf 87' lang='lat' dir='ltr'><strong>tamen</strong></span> <span class='ocrx_word' id='word_1_510' title='bbox 2687 1211 2954 1274; x_wconf 77' lang='lat' dir='ltr'><strong>frumenta</strong></span> <span class='ocrx_word' id='word_1_511' title='bbox 2971 1232 3065 1274; x_wconf 86' lang='lat' dir='ltr'><strong>sua</strong></span> <span class='ocrx_word' id='word_1_512' title='bbox 3087 1231 3308 1280; x_wconf 83' lang='lat' dir='ltr'><strong>noverat</strong></span> <span class='ocrx_word' id='word_1_513' title='bbox 3330 1223 3506 1290; x_wconf 83' lang='lat' dir='ltr'><strong>Deus,</strong></span> <span class='ocrx_word' id='word_1_514' title='bbox 3523 1233 3761 1308; x_wconf 35' lang='lat' dir='ltr'><strong>quamvis,</strong></span> 
     </span>
    </p>
   </div>
   <div class='ocr_carea' id='block_1_72' title="bbox 2157 1301 3761 1392">
    <p class='ocr_par' dir='ltr' id='par_1_72' title="bbox 2157 1301 3761 1392">
     <span class='ocr_line' id='line_1_72' title="bbox 2157 1301 3761 1392; baseline 0.017 -40"><span class='ocrx_word' id='word_1_515' title='bbox 2157 1306 2218 1352; x_wconf 90' lang='lat' dir='ltr'><strong>ut</strong></span> <span class='ocrx_word' id='word_1_516' title='bbox 2259 1301 2642 1361; x_wconf 86' lang='lat' dir='ltr'><strong>reviviscerent</strong></span> <span class='ocrx_word' id='word_1_517' title='bbox 2683 1309 2951 1378; x_wconf 76' lang='lat' dir='ltr'><strong>arguendo</strong></span> <span class='ocrx_word' id='word_1_518' title='bbox 2981 1321 3036 1368; x_wconf 91' lang='lat' dir='ltr'><strong>et</strong></span> <span class='ocrx_word' id='word_1_519' title='bbox 3075 1313 3425 1388; x_wconf 83' lang='lat' dir='ltr'><strong>increpanda.</strong></span> <span class='ocrx_word' id='word_1_520' title='bbox 3469 1319 3591 1376; x_wconf 83' lang='lat' dir='ltr'><strong>Non</strong></span> <span class='ocrx_word' id='word_1_521' title='bbox 3620 1301 3761 1392; x_wconf 60' lang='lat' dir='ltr'><strong>enim</strong></span> 
     </span>
    </p>
   </div>
   <div class='ocr_carea' id='block_1_73' title="bbox 2156 1393 3761 1486">
    <p class='ocr_par' dir='ltr' id='par_1_73' title="bbox 2156 1393 3761 1486">
     <span class='ocr_line' id='line_1_73' title="bbox 2156 1393 3761 1486; baseline 0.015 -41"><span class='ocrx_word' id='word_1_522' title='bbox 2156 1405 2222 1446; x_wconf 92' lang='lat' dir='ltr'><strong>eo</strong></span> <span class='ocrx_word' id='word_1_523' title='bbox 2249 1393 2409 1486; x_wconf 91' lang='lat' dir='ltr'><strong>modo</strong></span> <span class='ocrx_word' id='word_1_524' title='bbox 2429 1394 2626 1452; x_wconf 92' lang='lat' dir='ltr'><strong>dictum</strong></span> <span class='ocrx_word' id='word_1_525' title='bbox 2648 1400 2922 1468; x_wconf 87' lang='lat' dir='ltr'><strong>estPetro,</strong></span> <span class='ocrx_word' id='word_1_526' title='bbox 2941 1401 3074 1458; x_wconf 83' lang='lat' dir='ltr'><strong>Redi</strong></span> <span class='ocrx_word' id='word_1_527' title='bbox 3083 1415 3304 1477; x_wconf 84' lang='lat' dir='ltr'><strong>postme,</strong></span> <span class='ocrx_word' id='word_1_528' title='bbox 3331 1421 3529 1466; x_wconf 71' lang='lat' dir='ltr'><strong>satam</strong></span> <span class='ocrx_word' id='word_1_529' title='bbox 3548 1413 3761 1486; x_wconf 45' lang='lat' dir='ltr'><strong>(ﬂaua,</strong></span> 
     </span>
    </p>
   </div>
   <div class='ocr_carea' id='block_1_74' title="bbox 2156 1485 3761 1578">
    <p class='ocr_par' dir='ltr' id='par_1_74' title="bbox 2156 1485 3761 1578">
     <span class='ocr_line' id='line_1_74' title="bbox 2156 1485 3761 1578; baseline 0.016 -41"><span class='ocrx_word' id='word_1_530' title='bbox 2156 1499 2269 1578; x_wconf 57' lang='lat' dir='ltr'><strong>avt,</strong></span> <span class='ocrx_word' id='word_1_531' title='bbox 2299 1485 2371 1540; x_wconf 69' lang='lat'><strong>25</strong></span> <span class='ocrx_word' id='word_1_532' title='bbox 2391 1487 2446 1560; x_wconf 85' lang='lat'><strong>);</strong></span> <span class='ocrx_word' id='word_1_533' title='bbox 2478 1491 2746 1560; x_wconf 92' lang='lat' dir='ltr'><strong>quomodo</strong></span> <span class='ocrx_word' id='word_1_534' title='bbox 2769 1492 2970 1551; x_wconf 88' lang='lat' dir='ltr'><strong>dictum</strong></span> <span class='ocrx_word' id='word_1_535' title='bbox 2993 1507 3076 1552; x_wconf 87' lang='lat' dir='ltr'><strong>est</strong></span> <span class='ocrx_word' id='word_1_536' title='bbox 3100 1498 3169 1555; x_wconf 90' lang='lat' dir='ltr'><strong>de</strong></span> <span class='ocrx_word' id='word_1_537' title='bbox 3183 1499 3339 1569; x_wconf 84' lang='lat' dir='ltr'><strong>Juda,</strong></span> <span class='ocrx_word' id='word_1_538' title='bbox 3366 1501 3529 1561; x_wconf 80' lang='lat' dir='ltr'><strong>Unus</strong></span> <span class='ocrx_word' id='word_1_539' title='bbox 3549 1522 3610 1578; x_wconf 58' lang='lat' dir='ltr'><strong>ea</strong></span> <span class='ocrx_word' id='word_1_540' title='bbox 3630 1508 3761 1563; x_wconf 37' lang='lat' dir='ltr'><strong>vobis.</strong></span> 
     </span>
    </p>
   </div>
   <div class='ocr_carea' id='block_1_75' title="bbox 2153 1575 3744 1669">
    <p class='ocr_par' dir='ltr' id='par_1_75' title="bbox 2153 1575 3744 1669">
     <span class='ocr_line' id='line_1_75' title="bbox 2153 1575 3744 1669; baseline 0.017 -41"><span class='ocrx_word' id='word_1_541' title='bbox 2153 1575 2383 1634; x_wconf 82' lang='lat' dir='ltr'><strong>diabolus</strong></span> <span class='ocrx_word' id='word_1_542' title='bbox 2401 1589 2477 1636; x_wconf 87' lang='lat' dir='ltr'><strong>est</strong></span> <span class='ocrx_word' id='word_1_543' title='bbox 2521 1580 2716 1653; x_wconf 80' lang='lat' dir='ltr'><strong>(Joan.</strong></span> <span class='ocrx_word' id='word_1_544' title='bbox 2750 1601 2823 1654; x_wconf 76' lang='lat' dir='ltr'><strong>vr,</strong></span> <span class='ocrx_word' id='word_1_545' title='bbox 2856 1588 2918 1644; x_wconf 78' lang='lat' dir='ltr'><strong>7i</strong></span> <span class='ocrx_word' id='word_1_546' title='bbox 2941 1587 2984 1660; x_wconf 96' lang='lat'><strong>).</strong></span> <span class='ocrx_word' id='word_1_547' title='bbox 3010 1589 3235 1659; x_wconf 86' lang='lat' dir='ltr'><strong>Quidam</strong></span> <span class='ocrx_word' id='word_1_548' title='bbox 3271 1609 3497 1668; x_wconf 81' lang='lat' dir='ltr'><strong>quoque</strong></span> <span class='ocrx_word' id='word_1_549' title='bbox 3526 1575 3744 1669; x_wconf 81' lang='lat' dir='ltr'><strong>etaper-</strong></span> 
     </span>
    </p>
   </div>
   <div class='ocr_carea' id='block_1_76' title="bbox 2152 1668 3761 1750">
    <p class='ocr_par' dir='ltr' id='par_1_76' title="bbox 2152 1668 3761 1750">
     <span class='ocr_line' id='line_1_76' title="bbox 2152 1668 3761 1750; baseline 0.014 -27"><span class='ocrx_word' id='word_1_550' title='bbox 2152 1668 2371 1726; x_wconf 67' lang='lat' dir='ltr'><strong>tissimte</strong></span> <span class='ocrx_word' id='word_1_551' title='bbox 2398 1673 2609 1731; x_wconf 85' lang='lat' dir='ltr'><strong>veritati</strong></span> <span class='ocrx_word' id='word_1_552' title='bbox 2633 1677 2776 1734; x_wconf 84' lang='lat' dir='ltr'><strong>malo</strong></span> <span class='ocrx_word' id='word_1_553' title='bbox 2799 1681 2976 1736; x_wconf 85' lang='lat' dir='ltr'><strong>studio</strong></span> <span class='ocrx_word' id='word_1_554' title='bbox 3003 1684 3454 1745; x_wconf 83' lang='lat' dir='ltr'><strong>contradixerunt</strong></span> <span class='ocrx_word' id='word_1_555' title='bbox 3483 1708 3498 1745; x_wconf 90' lang='lat'><strong>:</strong></span> <span class='ocrx_word' id='word_1_556' title='bbox 3536 1692 3612 1748; x_wconf 89' lang='lat' dir='ltr'><strong>illi</strong></span> <span class='ocrx_word' id='word_1_557' title='bbox 3633 1668 3761 1750; x_wconf 31' lang='lat' dir='ltr'><strong>vero,</strong></span> 
     </span>
    </p>
   </div>
   <div class='ocr_carea' id='block_1_77' title="bbox 2150 1760 3738 1848">
    <p class='ocr_par' dir='ltr' id='par_1_77' title="bbox 2150 1760 3738 1848">
     <span class='ocr_line' id='line_1_77' title="bbox 2150 1760 3738 1848; baseline 0.018 -34"><span class='ocrx_word' id='word_1_558' title='bbox 2150 1760 2405 1818; x_wconf 88' lang='lat' dir='ltr'><strong>eradicati</strong></span> <span class='ocrx_word' id='word_1_559' title='bbox 2431 1764 2515 1821; x_wconf 87' lang='lat' dir='ltr'><strong>vel</strong></span> <span class='ocrx_word' id='word_1_560' title='bbox 2544 1769 2752 1836; x_wconf 86' lang='lat' dir='ltr'><strong>praecisi</strong></span> <span class='ocrx_word' id='word_1_561' title='bbox 2780 1779 2966 1838; x_wconf 88' lang='lat' dir='ltr'><strong>erant;</strong></span> <span class='ocrx_word' id='word_1_562' title='bbox 3007 1774 3105 1830; x_wconf 89' lang='lat' dir='ltr'><strong>sed</strong></span> <span class='ocrx_word' id='word_1_563' title='bbox 3135 1791 3241 1832; x_wconf 93' lang='lat' dir='ltr'><strong>non</strong></span> <span class='ocrx_word' id='word_1_564' title='bbox 3286 1793 3675 1848; x_wconf 87' lang='lat' dir='ltr'><strong>permanentes</strong></span> <span class='ocrx_word' id='word_1_565' title='bbox 3695 1788 3738 1843; x_wconf 90' lang='lat' dir='ltr'><strong>i</strong></span> 
     </span>
    </p>
   </div>
   <div class='ocr_carea' id='block_1_78' title="bbox 2148 1849 3761 1947">
    <p class='ocr_par' dir='ltr' id='par_1_78' title="bbox 2148 1849 3761 1947">
     <span class='ocr_line' id='line_1_78' title="bbox 2148 1849 3761 1947; baseline 0.019 -43"><span class='ocrx_word' id='word_1_566' title='bbox 2148 1849 2479 1947; x_wconf 79' lang='lat' dir='ltr'><strong>inﬁdelitate,</strong></span> <span class='ocrx_word' id='word_1_567' title='bbox 2499 1857 2637 1914; x_wconf 90' lang='lat' dir='ltr'><strong>sicut</strong></span> <span class='ocrx_word' id='word_1_568' title='bbox 2661 1859 2731 1916; x_wconf 90' lang='lat' dir='ltr'><strong>de</strong></span> <span class='ocrx_word' id='word_1_569' title='bbox 2759 1861 3077 1934; x_wconf 88' lang='lat' dir='ltr'><strong>quibusdam</strong></span> <span class='ocrx_word' id='word_1_570' title='bbox 3104 1868 3270 1924; x_wconf 86' lang='lat' dir='ltr'><strong>ramis</strong></span> <span class='ocrx_word' id='word_1_571' title='bbox 3296 1869 3492 1930; x_wconf 81' lang='lat' dir='ltr'><strong>fractis</strong></span> <span class='ocrx_word' id='word_1_572' title='bbox 3525 1876 3761 1947; x_wconf 15' lang='lat' dir='ltr'><strong>Aposto-i</strong></span> 
     </span>
    </p>
   </div>
   <div class='ocr_carea' id='block_1_79' title="bbox 2147 1945 3737 2027">
    <p class='ocr_par' dir='ltr' id='par_1_79' title="bbox 2147 1945 3737 2027">
     <span class='ocr_line' id='line_1_79' title="bbox 2147 1945 3737 2027; baseline 0.016 -27"><span class='ocrx_word' id='word_1_573' title='bbox 2147 1945 2232 2002; x_wconf 89' lang='lat' dir='ltr'><strong>lus</strong></span> <span class='ocrx_word' id='word_1_574' title='bbox 2258 1946 2408 2017; x_wconf 90' lang='lat' dir='ltr'><strong>dicit,</strong></span> <span class='ocrx_word' id='word_1_575' title='bbox 2440 1965 2600 2007; x_wconf 90' lang='lat' dir='ltr'><strong>manu</strong></span> <span class='ocrx_word' id='word_1_576' title='bbox 2626 1951 2802 2009; x_wconf 90' lang='lat' dir='ltr'><strong>divina</strong></span> <span class='ocrx_word' id='word_1_577' title='bbox 2838 1957 3156 2027; x_wconf 89' lang='lat' dir='ltr'><strong>replantati,</strong></span> <span class='ocrx_word' id='word_1_578' title='bbox 3203 1969 3298 2016; x_wconf 90' lang='lat' dir='ltr'><strong>aut</strong></span> <span class='ocrx_word' id='word_1_579' title='bbox 3325 1963 3536 2021; x_wconf 85' lang='lat' dir='ltr'><strong>iterum</strong></span> <span class='ocrx_word' id='word_1_580' title='bbox 3572 1945 3737 2024; x_wconf 85' lang='lat' dir='ltr'><strong>inserti</strong></span> 
     </span>
    </p>
   </div>
   <div class='ocr_carea' id='block_1_80' title="bbox 2145 2039 3761 2128">
    <p class='ocr_par' dir='ltr' id='par_1_80' title="bbox 2145 2039 3761 2128">
     <span class='ocr_line' id='line_1_80' title="bbox 2145 2039 3761 2128; baseline 0.015 -35"><span class='ocrx_word' id='word_1_581' title='bbox 2145 2048 2269 2096; x_wconf 89' lang='lat' dir='ltr'><strong>sunt</strong></span> <span class='ocrx_word' id='word_1_582' title='bbox 2296 2039 2474 2114; x_wconf 83' lang='lat' dir='ltr'><strong>(Rom.</strong></span> <span class='ocrx_word' id='word_1_583' title='bbox 2509 2059 2586 2110; x_wconf 72' lang='grc' dir='ltr'><strong>ιι,</strong></span> <span class='ocrx_word' id='word_1_584' title='bbox 2620 2045 2839 2119; x_wconf 77' lang='grc'><strong>17-25).</strong></span> <span class='ocrx_word' id='word_1_585' title='bbox 2864 2048 3014 2106; x_wconf 88' lang='lat' dir='ltr'><strong>Tunc</strong></span> <span class='ocrx_word' id='word_1_586' title='bbox 3041 2052 3183 2108; x_wconf 90' lang='lat' dir='ltr'><strong>enim</strong></span> <span class='ocrx_word' id='word_1_587' title='bbox 3210 2055 3446 2128; x_wconf 88' lang='lat' dir='ltr'><strong>quisque</strong></span> <span class='ocrx_word' id='word_1_588' title='bbox 3466 2057 3736 2118; x_wconf 76' lang='lat' dir='ltr'><strong>inlructuo-</strong></span> <span class='ocrx_word' id='word_1_589' title='bbox 3760 2045 3761 2052; x_wconf 24' lang='lat'>‘</span> 
     </span>
    </p>
   </div>
   <div class='ocr_carea' id='block_1_81' title="bbox 2144 2135 3735 2212">
    <p class='ocr_par' dir='ltr' id='par_1_81' title="bbox 2144 2135 3735 2212">
     <span class='ocr_line' id='line_1_81' title="bbox 2144 2135 3735 2212; baseline 0.016 -27"><span class='ocrx_word' id='word_1_590' title='bbox 2144 2146 2256 2199; x_wconf 90' lang='lat' dir='ltr'><strong>sus,</strong></span> <span class='ocrx_word' id='word_1_591' title='bbox 2289 2141 2343 2188; x_wconf 90' lang='lat' dir='ltr'><strong>et</strong></span> <span class='ocrx_word' id='word_1_592' title='bbox 2369 2135 2607 2191; x_wconf 90' lang='lat' dir='ltr'><strong>nondum</strong></span> <span class='ocrx_word' id='word_1_593' title='bbox 2633 2152 2663 2191; x_wconf 89' lang='lat' dir='ltr'><strong>a</strong></span> <span class='ocrx_word' id='word_1_594' title='bbox 2693 2138 2873 2196; x_wconf 89' lang='lat' dir='ltr'><strong>radice</strong></span> <span class='ocrx_word' id='word_1_595' title='bbox 2901 2147 3157 2212; x_wconf 78' lang='lat' dir='ltr'><strong>praecisus</strong></span> <span class='ocrx_word' id='word_1_596' title='bbox 3177 2154 3290 2211; x_wconf 86' lang='lat' dir='ltr'><strong>est,</strong></span> <span class='ocrx_word' id='word_1_597' title='bbox 3321 2162 3452 2206; x_wconf 86' lang='lat' dir='ltr'><strong>cum</strong></span> <span class='ocrx_word' id='word_1_598' title='bbox 3495 2153 3634 2207; x_wconf 86' lang='lat' dir='ltr'><strong>mala</strong></span> <span class='ocrx_word' id='word_1_599' title='bbox 3658 2169 3735 2210; x_wconf 86' lang='lat' dir='ltr'><strong>cu-</strong></span> 
     </span>
    </p>
   </div>
   <div class='ocr_carea' id='block_1_82' title="bbox 2145 2225 3733 2313">
    <p class='ocr_par' dir='ltr' id='par_1_82' title="bbox 2145 2225 3733 2313">
     <span class='ocr_line' id='line_1_82' title="bbox 2145 2225 3733 2313; baseline 0.016 -35"><span class='ocrx_word' id='word_1_600' title='bbox 2145 2225 2367 2294; x_wconf 91' lang='lat' dir='ltr'><strong>piditate</strong></span> <span class='ocrx_word' id='word_1_601' title='bbox 2401 2229 2511 2301; x_wconf 86' lang='lat' dir='ltr'><strong>agit</strong></span> <span class='ocrx_word' id='word_1_602' title='bbox 2532 2231 2745 2300; x_wconf 84' lang='lat' dir='ltr'><strong>quidem</strong></span> <span class='ocrx_word' id='word_1_603' title='bbox 2776 2233 2862 2288; x_wconf 89' lang='lat' dir='ltr'><strong>illa</strong></span> <span class='ocrx_word' id='word_1_604' title='bbox 2886 2249 3050 2308; x_wconf 89' lang='lat' dir='ltr'><strong>opera</strong></span> <span class='ocrx_word' id='word_1_605' title='bbox 3083 2236 3151 2294; x_wconf 91' lang='lat' dir='ltr'><strong>de</strong></span> <span class='ocrx_word' id='word_1_606' title='bbox 3187 2239 3382 2311; x_wconf 85' lang='lat' dir='ltr'><strong>quibus</strong></span> <span class='ocrx_word' id='word_1_607' title='bbox 3406 2241 3617 2300; x_wconf 89' lang='lat' dir='ltr'><strong>dictum</strong></span> <span class='ocrx_word' id='word_1_608' title='bbox 3645 2255 3733 2313; x_wconf 86' lang='lat' dir='ltr'><strong>est,</strong></span> 
     </span>
    </p>
   </div>
   <div class='ocr_carea' id='block_1_83' title="bbox 2146 2316 3732 2407">
    <p class='ocr_par' dir='ltr' id='par_1_83' title="bbox 2146 2316 3732 2407">
     <span class='ocr_line' id='line_1_83' title="bbox 2146 2316 3732 2407; baseline 0.015 -35"><span class='ocrx_word' id='word_1_609' title='bbox 2146 2316 2401 2384; x_wconf 83' lang='lat' dir='ltr'><strong>Quoniam</strong></span> <span class='ocrx_word' id='word_1_610' title='bbox 2440 2324 2526 2394; x_wconf 86' lang='lat' dir='ltr'><strong>qui</strong></span> <span class='ocrx_word' id='word_1_611' title='bbox 2553 2325 2677 2379; x_wconf 88' lang='lat' dir='ltr'><strong>talia</strong></span> <span class='ocrx_word' id='word_1_612' title='bbox 2703 2337 2885 2396; x_wconf 86' lang='lat' dir='ltr'><strong>agunt,</strong></span> <span class='ocrx_word' id='word_1_613' title='bbox 2914 2345 3127 2402; x_wconf 80' lang='lat' dir='ltr'><strong>regnum</strong></span> <span class='ocrx_word' id='word_1_614' title='bbox 3151 2330 3247 2386; x_wconf 81' lang='lat' dir='ltr'><strong>Dei</strong></span> <span class='ocrx_word' id='word_1_615' title='bbox 3271 2350 3374 2390; x_wconf 87' lang='lat' dir='ltr'><strong>non</strong></span> <span class='ocrx_word' id='word_1_616' title='bbox 3417 2337 3732 2407; x_wconf 71' lang='lat' dir='ltr'><strong>possidebant</strong></span> 
     </span>
    </p>
   </div>
   <div class='ocr_carea' id='block_1_84' title="bbox 2147 2412 3730 2498">
    <p class='ocr_par' dir='ltr' id='par_1_84' title="bbox 2147 2412 3730 2498">
     <span class='ocr_line' id='line_1_84' title="bbox 2147 2412 3730 2498; baseline 0.013 -31"><span class='ocrx_word' id='word_1_617' title='bbox 2147 2412 2167 2486; x_wconf 95' lang='lat'><strong>(</strong></span> <span class='ocrx_word' id='word_1_618' title='bbox 2195 2413 2363 2469; x_wconf 84' lang='lat' dir='ltr'><strong>Galat.</strong></span> <span class='ocrx_word' id='word_1_619' title='bbox 2398 2432 2452 2484; x_wconf 88' lang='lat' dir='ltr'><strong>v,</strong></span> <span class='ocrx_word' id='word_1_620' title='bbox 2477 2415 2541 2472; x_wconf 78' lang='grc'><strong>21</strong></span> <span class='ocrx_word' id='word_1_621' title='bbox 2573 2416 2593 2490; x_wconf 93' lang='grc'>)</span> <span class='ocrx_word' id='word_1_622' title='bbox 2623 2436 2635 2471; x_wconf 92' lang='lat'>:</span> <span class='ocrx_word' id='word_1_623' title='bbox 2665 2419 2761 2476; x_wconf 90' lang='lat' dir='ltr'><strong>sed</strong></span> <span class='ocrx_word' id='word_1_624' title='bbox 2803 2435 2926 2476; x_wconf 91' lang='lat' dir='ltr'><strong>cum</strong></span> <span class='ocrx_word' id='word_1_625' title='bbox 2974 2439 3070 2494; x_wconf 89' lang='lat' dir='ltr'><strong>pro</strong></span> <span class='ocrx_word' id='word_1_626' title='bbox 3109 2424 3239 2494; x_wconf 88' lang='lat' dir='ltr'><strong>ipsis</strong></span> <span class='ocrx_word' id='word_1_627' title='bbox 3279 2428 3549 2498; x_wconf 86' lang='lat' dir='ltr'><strong>operibus</strong></span> <span class='ocrx_word' id='word_1_628' title='bbox 3589 2431 3730 2486; x_wconf 83' lang='lat' dir='ltr'><strong>etiam</strong></span> 
     </span>
    </p>
   </div>
   <div class='ocr_carea' id='block_1_85' title="bbox 2140 2506 3726 2594">
    <p class='ocr_par' dir='ltr' id='par_1_85' title="bbox 2140 2506 3726 2594">
     <span class='ocr_line' id='line_1_85' title="bbox 2140 2506 3726 2594; baseline 0.013 -34"><span class='ocrx_word' id='word_1_629' title='bbox 2140 2506 2353 2562; x_wconf 86' lang='lat' dir='ltr'><strong>veritati</strong></span> <span class='ocrx_word' id='word_1_630' title='bbox 2377 2509 2727 2579; x_wconf 71' lang='lat' dir='ltr'><strong>apertissima:</strong></span> <span class='ocrx_word' id='word_1_631' title='bbox 2756 2527 2859 2584; x_wconf 84' lang='lat' dir='ltr'><strong>qua</strong></span> <span class='ocrx_word' id='word_1_632' title='bbox 2888 2512 3244 2588; x_wconf 86' lang='lat' dir='ltr'><strong>redarguitur,</strong></span> <span class='ocrx_word' id='word_1_633' title='bbox 3267 2520 3536 2578; x_wconf 87' lang='lat' dir='ltr'><strong>resistere</strong></span> <span class='ocrx_word' id='word_1_634' title='bbox 3566 2537 3726 2594; x_wconf 72' lang='lat' dir='ltr'><strong>cmpe-</strong></span> 
     </span>
    </p>
   </div>
   <div class='ocr_carea' id='block_1_86' title="bbox 2141 2596 3728 2670">
    <p class='ocr_par' dir='ltr' id='par_1_86' title="bbox 2141 2596 3728 2670">
     <span class='ocr_line' id='line_1_86' title="bbox 2141 2596 3728 2670; baseline 0.011 -19"><span class='ocrx_word' id='word_1_635' title='bbox 2141 2596 2234 2666; x_wconf 91' lang='lat' dir='ltr'><strong>rit,</strong></span> <span class='ocrx_word' id='word_1_636' title='bbox 2263 2606 2388 2654; x_wconf 89' lang='lat' dir='ltr'><strong>tunc</strong></span> <span class='ocrx_word' id='word_1_637' title='bbox 2437 2601 2762 2669; x_wconf 66' lang='lat' dir='ltr'><strong>praeciditur.</strong></span> <span class='ocrx_word' id='word_1_638' title='bbox 2797 2602 2864 2658; x_wconf 90' lang='lat' dir='ltr'><strong>Et</strong></span> <span class='ocrx_word' id='word_1_639' title='bbox 2911 2606 3064 2662; x_wconf 91' lang='lat' dir='ltr'><strong>multi</strong></span> <span class='ocrx_word' id='word_1_640' title='bbox 3099 2607 3232 2664; x_wconf 85' lang='lat' dir='ltr'><strong>tales</strong></span> <span class='ocrx_word' id='word_1_641' title='bbox 3274 2620 3401 2666; x_wconf 89' lang='lat' dir='ltr'><strong>sunt</strong></span> <span class='ocrx_word' id='word_1_642' title='bbox 3441 2613 3502 2668; x_wconf 91' lang='lat' dir='ltr'><strong>in</strong></span> <span class='ocrx_word' id='word_1_643' title='bbox 3554 2612 3728 2670; x_wconf 84' lang='lat' dir='ltr'><strong>Sacra-</strong></span> 
     </span>
    </p>
   </div>
   <div class='ocr_carea' id='block_1_87' title="bbox 2141 2696 3722 2778">
    <p class='ocr_par' dir='ltr' id='par_1_87' title="bbox 2141 2696 3722 2778">
     <span class='ocr_line' id='line_1_87' title="bbox 2141 2696 3722 2778; baseline 0.013 -34"><span class='ocrx_word' id='word_1_644' title='bbox 2141 2700 2443 2748; x_wconf 88' lang='lat' dir='ltr'><strong>mentorum</strong></span> <span class='ocrx_word' id='word_1_645' title='bbox 2473 2696 2848 2753; x_wconf 90' lang='lat' dir='ltr'><strong>communione</strong></span> <span class='ocrx_word' id='word_1_646' title='bbox 2874 2713 2996 2754; x_wconf 90' lang='lat' dir='ltr'><strong>cum</strong></span> <span class='ocrx_word' id='word_1_647' title='bbox 3028 2700 3289 2771; x_wconf 83' lang='lat' dir='ltr'><strong>Ecclesia,</strong></span> <span class='ocrx_word' id='word_1_648' title='bbox 3317 2714 3376 2760; x_wconf 88' lang='lat' dir='ltr'><strong>et</strong></span> <span class='ocrx_word' id='word_1_649' title='bbox 3407 2715 3593 2762; x_wconf 83' lang='lat' dir='ltr'><strong>tamen</strong></span> <span class='ocrx_word' id='word_1_650' title='bbox 3627 2707 3722 2778; x_wconf 84' lang='lat' dir='ltr'><strong>jam</strong></span> 
     </span>
    </p>
   </div>
   <div class='ocr_carea' id='block_1_88' title="bbox 2142 2787 3724 2873">
    <p class='ocr_par' dir='ltr' id='par_1_88' title="bbox 2142 2787 3724 2873">
     <span class='ocr_line' id='line_1_88' title="bbox 2142 2787 3724 2873; baseline 0.013 -35"><span class='ocrx_word' id='word_1_651' title='bbox 2142 2801 2246 2840; x_wconf 92' lang='lat' dir='ltr'><strong>non</strong></span> <span class='ocrx_word' id='word_1_652' title='bbox 2283 2795 2409 2841; x_wconf 91' lang='lat' dir='ltr'><strong>sunt</strong></span> <span class='ocrx_word' id='word_1_653' title='bbox 2437 2787 2492 2842; x_wconf 93' lang='lat' dir='ltr'><strong>in</strong></span> <span class='ocrx_word' id='word_1_654' title='bbox 2517 2788 2780 2845; x_wconf 90' lang='lat' dir='ltr'><strong>Ecclesia.</strong></span> <span class='ocrx_word' id='word_1_655' title='bbox 2826 2791 3080 2863; x_wconf 84' lang='lat' dir='ltr'><strong>Alioquin</strong></span> <span class='ocrx_word' id='word_1_656' title='bbox 3109 2795 3155 2850; x_wconf 90' lang='lat' dir='ltr'><strong>si</strong></span> <span class='ocrx_word' id='word_1_657' title='bbox 3188 2805 3316 2854; x_wconf 91' lang='lat' dir='ltr'><strong>tunc</strong></span> <span class='ocrx_word' id='word_1_658' title='bbox 3338 2799 3577 2873; x_wconf 88' lang='lat' dir='ltr'><strong>quisque</strong></span> <span class='ocrx_word' id='word_1_659' title='bbox 3598 2816 3724 2872; x_wconf 66' lang='lat' dir='ltr'><strong>prte-</strong></span> 
     </span>
    </p>
   </div>
   <div class='ocr_carea' id='block_1_89' title="bbox 2139 2876 3723 2963">
    <p class='ocr_par' dir='ltr' id='par_1_89' title="bbox 2139 2876 3723 2963">
     <span class='ocr_line' id='line_1_89' title="bbox 2139 2876 3723 2963; baseline 0.011 -32"><span class='ocrx_word' id='word_1_660' title='bbox 2139 2876 2350 2945; x_wconf 90' lang='lat' dir='ltr'><strong>ciditur,</strong></span> <span class='ocrx_word' id='word_1_661' title='bbox 2379 2893 2503 2936; x_wconf 91' lang='lat' dir='ltr'><strong>cum</strong></span> <span class='ocrx_word' id='word_1_662' title='bbox 2531 2881 2811 2939; x_wconf 88' lang='lat' dir='ltr'><strong>visibiliter</strong></span> <span class='ocrx_word' id='word_1_663' title='bbox 2840 2888 3372 2956; x_wconf 81' lang='lat' dir='ltr'><strong>excommunicatur;</strong></span> <span class='ocrx_word' id='word_1_664' title='bbox 3403 2907 3723 2963; x_wconf 82' lang='lat' dir='ltr'><strong>consequens</strong></span> 
     </span>
    </p>
   </div>
   <div class='ocr_carea' id='block_1_90' title="bbox 2139 2969 3725 3045">
    <p class='ocr_par' dir='ltr' id='par_1_90' title="bbox 2139 2969 3725 3045">
     <span class='ocr_line' id='line_1_90' title="bbox 2139 2969 3725 3045; baseline 0.009 -21"><span class='ocrx_word' id='word_1_665' title='bbox 2139 2969 2242 3025; x_wconf 88' lang='lat' dir='ltr'><strong>erit</strong></span> <span class='ocrx_word' id='word_1_666' title='bbox 2265 2979 2324 3026; x_wconf 91' lang='lat' dir='ltr'><strong>ut</strong></span> <span class='ocrx_word' id='word_1_667' title='bbox 2351 2979 2476 3028; x_wconf 92' lang='lat' dir='ltr'><strong>tunc</strong></span> <span class='ocrx_word' id='word_1_668' title='bbox 2502 2989 2688 3030; x_wconf 89' lang='lat' dir='ltr'><strong>rursus</strong></span> <span class='ocrx_word' id='word_1_669' title='bbox 2717 2975 3007 3045; x_wconf 87' lang='lat' dir='ltr'><strong>inseratur,</strong></span> <span class='ocrx_word' id='word_1_670' title='bbox 3045 2994 3169 3035; x_wconf 91' lang='lat' dir='ltr'><strong>cum</strong></span> <span class='ocrx_word' id='word_1_671' title='bbox 3194 2982 3482 3040; x_wconf 90' lang='lat' dir='ltr'><strong>visibiliter</strong></span> <span class='ocrx_word' id='word_1_672' title='bbox 3505 3001 3725 3042; x_wconf 82' lang='lat' dir='ltr'><strong>commu-</strong></span> 
     </span>
    </p>
   </div>
   <div class='ocr_carea' id='block_1_91' title="bbox 2137 3061 3724 3150">
    <p class='ocr_par' dir='ltr' id='par_1_91' title="bbox 2137 3061 3724 3150">
     <span class='ocr_line' id='line_1_91' title="bbox 2137 3061 3724 3150; baseline 0.012 -35"><span class='ocrx_word' id='word_1_673' title='bbox 2137 3061 2285 3117; x_wconf 92' lang='lat' dir='ltr'><strong>nioni</strong></span> <span class='ocrx_word' id='word_1_674' title='bbox 2315 3064 2633 3120; x_wconf 90' lang='lat' dir='ltr'><strong>restituitur.</strong></span> <span class='ocrx_word' id='word_1_675' title='bbox 2665 3067 2804 3136; x_wconf 86' lang='lat' dir='ltr'><strong>Quid</strong></span> <span class='ocrx_word' id='word_1_676' title='bbox 2838 3069 2883 3124; x_wconf 90' lang='lat' dir='ltr'><strong>si</strong></span> <span class='ocrx_word' id='word_1_677' title='bbox 2921 3085 3051 3142; x_wconf 87' lang='lat' dir='ltr'><strong>ergo</strong></span> <span class='ocrx_word' id='word_1_678' title='bbox 3103 3071 3260 3128; x_wconf 86' lang='lat' dir='ltr'><strong>ﬁctus</strong></span> <span class='ocrx_word' id='word_1_679' title='bbox 3293 3077 3558 3146; x_wconf 85' lang='lat' dir='ltr'><strong>accedat,</strong></span> <span class='ocrx_word' id='word_1_680' title='bbox 3586 3089 3724 3150; x_wconf 86' lang='lat' dir='ltr'><strong>atque</strong></span> 
     </span>
    </p>
   </div>
   <div class='ocr_carea' id='block_1_92' title="bbox 2137 3154 3724 3227">
    <p class='ocr_par' dir='ltr' id='par_1_92' title="bbox 2137 3154 3724 3227">
     <span class='ocr_line' id='line_1_92' title="bbox 2137 3154 3724 3227; baseline 0.013 -19"><span class='ocrx_word' id='word_1_681' title='bbox 2137 3154 2396 3212; x_wconf 85' lang='lat' dir='ltr'><strong>adversus</strong></span> <span class='ocrx_word' id='word_1_682' title='bbox 2433 3157 2712 3215; x_wconf 86' lang='lat' dir='ltr'><strong>veritatem</strong></span> <span class='ocrx_word' id='word_1_683' title='bbox 2752 3169 2808 3216; x_wconf 90' lang='lat' dir='ltr'><strong>et</strong></span> <span class='ocrx_word' id='word_1_684' title='bbox 2845 3162 3138 3219; x_wconf 85' lang='lat' dir='ltr'><strong>Ecclesiam</strong></span> <span class='ocrx_word' id='word_1_685' title='bbox 3169 3179 3264 3221; x_wconf 92' lang='lat' dir='ltr'><strong>cor</strong></span> <span class='ocrx_word' id='word_1_686' title='bbox 3307 3167 3724 3227; x_wconf 88' lang='lat' dir='ltr'><strong>inimicissimum</strong></span> 
     </span>
    </p>
   </div>
   <div class='ocr_carea' id='block_1_93' title="bbox 2139 3250 3723 3332">
    <p class='ocr_par' dir='ltr' id='par_1_93' title="bbox 2139 3250 3723 3332">
     <span class='ocr_line' id='line_1_93' title="bbox 2139 3250 3723 3332; baseline 0.011 -32"><span class='ocrx_word' id='word_1_687' title='bbox 2139 3256 2308 3316; x_wconf 86' lang='lat' dir='ltr'><strong>gerat,</strong></span> <span class='ocrx_word' id='word_1_688' title='bbox 2338 3250 2585 3318; x_wconf 89' lang='lat' dir='ltr'><strong>quamvis</strong></span> <span class='ocrx_word' id='word_1_689' title='bbox 2607 3261 2890 3325; x_wconf 89' lang='lat' dir='ltr'><strong>peragatur</strong></span> <span class='ocrx_word' id='word_1_690' title='bbox 2915 3255 2970 3309; x_wconf 91' lang='lat' dir='ltr'><strong>in</strong></span> <span class='ocrx_word' id='word_1_691' title='bbox 2999 3270 3066 3311; x_wconf 89' lang='lat' dir='ltr'><strong>eo</strong></span> <span class='ocrx_word' id='word_1_692' title='bbox 3091 3256 3182 3312; x_wconf 91' lang='lat' dir='ltr'><strong>illa</strong></span> <span class='ocrx_word' id='word_1_693' title='bbox 3213 3258 3557 3332; x_wconf 87' lang='lat' dir='ltr'><strong>solemnitas,</strong></span> <span class='ocrx_word' id='word_1_694' title='bbox 3585 3279 3723 3318; x_wconf 90' lang='lat' dir='ltr'><strong>num-</strong></span> 
     </span>
    </p>
   </div>
   <div class='ocr_carea' id='block_1_94' title="bbox 2137 3340 3724 3418">
    <p class='ocr_par' dir='ltr' id='par_1_94' title="bbox 2137 3340 3724 3418">
     <span class='ocr_line' id='line_1_94' title="bbox 2137 3340 3724 3418; baseline 0.01 -24"><span class='ocrx_word' id='word_1_695' title='bbox 2137 3340 2265 3410; x_wconf 88' lang='lat' dir='ltr'><strong>quid</strong></span> <span class='ocrx_word' id='word_1_696' title='bbox 2306 3343 2720 3413; x_wconf 89' lang='lat' dir='ltr'><strong>reconciliatur,</strong></span> <span class='ocrx_word' id='word_1_697' title='bbox 2750 3347 3008 3418; x_wconf 90' lang='lat' dir='ltr'><strong>numquid</strong></span> <span class='ocrx_word' id='word_1_698' title='bbox 3051 3348 3341 3406; x_wconf 86' lang='lat' dir='ltr'><strong>inseritur?</strong></span> <span class='ocrx_word' id='word_1_699' title='bbox 3381 3354 3563 3412; x_wconf 79' lang='lat' dir='ltr'><strong>Absit.</strong></span> <span class='ocrx_word' id='word_1_700' title='bbox 3594 3355 3724 3412; x_wconf 88' lang='lat' dir='ltr'><strong>Sicut</strong></span> 
     </span>
    </p>
   </div>
   <div class='ocr_carea' id='block_1_95' title="bbox 2136 3435 3716 3514">
    <p class='ocr_par' dir='ltr' id='par_1_95' title="bbox 2136 3435 3716 3514">
     <span class='ocr_line' id='line_1_95' title="bbox 2136 3435 3716 3514; baseline 0.009 -25"><span class='ocrx_word' id='word_1_701' title='bbox 2136 3449 2264 3507; x_wconf 87' lang='lat' dir='ltr'><strong>ergo</strong></span> <span class='ocrx_word' id='word_1_702' title='bbox 2286 3435 2398 3507; x_wconf 88' lang='lat' dir='ltr'><strong>jam</strong></span> <span class='ocrx_word' id='word_1_703' title='bbox 2431 3436 2610 3492; x_wconf 92' lang='lat' dir='ltr'><strong>denuo</strong></span> <span class='ocrx_word' id='word_1_704' title='bbox 2645 3441 3050 3497; x_wconf 89' lang='lat' dir='ltr'><strong>communicans</strong></span> <span class='ocrx_word' id='word_1_705' title='bbox 3075 3443 3314 3500; x_wconf 90' lang='lat' dir='ltr'><strong>nondum</strong></span> <span class='ocrx_word' id='word_1_706' title='bbox 3345 3445 3587 3506; x_wconf 88' lang='lat' dir='ltr'><strong>insertus</strong></span> <span class='ocrx_word' id='word_1_707' title='bbox 3621 3459 3716 3514; x_wconf 86' lang='lat' dir='ltr'><strong>est;</strong></span> 
     </span>
    </p>
   </div>
   <div class='ocr_carea' id='block_1_96' title="bbox 2136 3528 3717 3616">
    <p class='ocr_par' dir='ltr' id='par_1_96' title="bbox 2136 3528 3717 3616">
     <span class='ocr_line' id='line_1_96' title="bbox 2136 3528 3717 3616; baseline 0.01 -33"><span class='ocrx_word' id='word_1_708' title='bbox 2136 3528 2214 3584; x_wconf 91' lang='lat' dir='ltr'><strong>sic</strong></span> <span class='ocrx_word' id='word_1_709' title='bbox 2237 3538 2290 3585; x_wconf 91' lang='lat' dir='ltr'><strong>et</strong></span> <span class='ocrx_word' id='word_1_710' title='bbox 2317 3538 2602 3602; x_wconf 87' lang='lat' dir='ltr'><strong>antequam</strong></span> <span class='ocrx_word' id='word_1_711' title='bbox 2632 3533 2915 3592; x_wconf 89' lang='lat' dir='ltr'><strong>visibiliter</strong></span> <span class='ocrx_word' id='word_1_712' title='bbox 2940 3540 3460 3611; x_wconf 81' lang='lat' dir='ltr'><strong>excommunicetur,</strong></span> <span class='ocrx_word' id='word_1_713' title='bbox 3494 3544 3717 3616; x_wconf 83' lang='lat' dir='ltr'><strong>quisquis</strong></span> 
     </span>
    </p>
   </div>
   <div class='ocr_carea' id='block_1_97' title="bbox 2135 3621 3718 3705">
    <p class='ocr_par' dir='ltr' id='par_1_97' title="bbox 2135 3621 3718 3705">
     <span class='ocr_line' id='line_1_97' title="bbox 2135 3621 3718 3705; baseline 0.009 -30"><span class='ocrx_word' id='word_1_714' title='bbox 2135 3629 2321 3676; x_wconf 89' lang='lat' dir='ltr'><strong>contra</strong></span> <span class='ocrx_word' id='word_1_715' title='bbox 2346 3621 2645 3690; x_wconf 89' lang='lat' dir='ltr'><strong>veritatem,</strong></span> <span class='ocrx_word' id='word_1_716' title='bbox 2674 3641 2778 3696; x_wconf 89' lang='lat' dir='ltr'><strong>qua</strong></span> <span class='ocrx_word' id='word_1_717' title='bbox 2820 3628 3157 3686; x_wconf 89' lang='lat' dir='ltr'><strong>convincitur</strong></span> <span class='ocrx_word' id='word_1_718' title='bbox 3181 3638 3238 3686; x_wconf 89' lang='lat' dir='ltr'><strong>et</strong></span> <span class='ocrx_word' id='word_1_719' title='bbox 3263 3634 3534 3705; x_wconf 87' lang='lat' dir='ltr'><strong>arguitur,</strong></span> <span class='ocrx_word' id='word_1_720' title='bbox 3563 3636 3718 3691; x_wconf 87' lang='lat' dir='ltr'><strong>inimi-</strong></span> 
     </span>
    </p>
   </div>
   <div class='ocr_carea' id='block_1_98' title="bbox 2135 3717 3720 3792">
    <p class='ocr_par' dir='ltr' id='par_1_98' title="bbox 2135 3717 3720 3792">
     <span class='ocr_line' id='line_1_98' title="bbox 2135 3717 3720 3792; baseline 0.008 -23"><span class='ocrx_word' id='word_1_721' title='bbox 2135 3729 2258 3770; x_wconf 91' lang='lat' dir='ltr'><strong>cum</strong></span> <span class='ocrx_word' id='word_1_722' title='bbox 2291 3723 2463 3787; x_wconf 90' lang='lat' dir='ltr'><strong>gestat</strong></span> <span class='ocrx_word' id='word_1_723' title='bbox 2502 3717 2738 3775; x_wconf 89' lang='lat' dir='ltr'><strong>animum</strong></span> <span class='ocrx_word' id='word_1_724' title='bbox 2762 3761 2776 3786; x_wconf 97' lang='lat'><strong>,</strong></span> <span class='ocrx_word' id='word_1_725' title='bbox 2811 3719 2923 3791; x_wconf 87' lang='lat' dir='ltr'><strong>jam</strong></span> <span class='ocrx_word' id='word_1_726' title='bbox 2956 3722 3212 3792; x_wconf 70' lang='lat' dir='ltr'><strong>praecisus</strong></span> <span class='ocrx_word' id='word_1_727' title='bbox 3249 3736 3351 3782; x_wconf 89' lang='lat' dir='ltr'><strong>est.</strong></span> <span class='ocrx_word' id='word_1_728' title='bbox 3386 3725 3464 3783; x_wconf 83' lang='lat' dir='ltr'><strong>Ita</strong></span> <span class='ocrx_word' id='word_1_729' title='bbox 3499 3729 3561 3785; x_wconf 87' lang='lat' dir='ltr'><strong>ﬁt</strong></span> <span class='ocrx_word' id='word_1_730' title='bbox 3595 3737 3649 3784; x_wconf 90' lang='lat' dir='ltr'><strong>ut</strong></span> <span class='ocrx_word' id='word_1_731' title='bbox 3675 3736 3720 3784; x_wconf 87' lang='lat' dir='ltr'><strong>et</strong></span> 
     </span>
    </p>
   </div>
   <div class='ocr_carea' id='block_1_99' title="bbox 2135 3807 3716 3894">
    <p class='ocr_par' dir='ltr' id='par_1_99' title="bbox 2135 3807 3716 3894">
     <span class='ocr_line' id='line_1_99' title="bbox 2135 3807 3716 3894; baseline 0.008 -32"><span class='ocrx_word' id='word_1_732' title='bbox 2135 3822 2321 3864; x_wconf 91' lang='lat' dir='ltr'><strong>semen</strong></span> <span class='ocrx_word' id='word_1_733' title='bbox 2347 3807 2578 3878; x_wconf 89' lang='lat' dir='ltr'><strong>bonum,</strong></span> <span class='ocrx_word' id='word_1_734' title='bbox 2610 3820 2664 3867; x_wconf 91' lang='lat' dir='ltr'><strong>et</strong></span> <span class='ocrx_word' id='word_1_735' title='bbox 2695 3825 2878 3869; x_wconf 89' lang='lat' dir='ltr'><strong>semen</strong></span> <span class='ocrx_word' id='word_1_736' title='bbox 2913 3814 3136 3883; x_wconf 91' lang='lat' dir='ltr'><strong>malum,</strong></span> <span class='ocrx_word' id='word_1_737' title='bbox 3169 3824 3397 3889; x_wconf 87' lang='lat' dir='ltr'><strong>utraque</strong></span> <span class='ocrx_word' id='word_1_738' title='bbox 3426 3835 3524 3889; x_wconf 89' lang='lat' dir='ltr'><strong>per</strong></span> <span class='ocrx_word' id='word_1_739' title='bbox 3551 3836 3716 3894; x_wconf 86' lang='lat' dir='ltr'><strong>agrum</strong></span> 
     </span>
    </p>
   </div>
   <div class='ocr_carea' id='block_1_100' title="bbox 2135 3903 3717 3986">
    <p class='ocr_par' dir='ltr' id='par_1_100' title="bbox 2135 3903 3717 3986">
     <span class='ocr_line' id='line_1_100' title="bbox 2135 3903 3717 3986; baseline 0.008 -31"><span class='ocrx_word' id='word_1_740' title='bbox 2135 3908 2379 3956; x_wconf 87' lang='lat' dir='ltr'><strong>crescant</strong></span> <span class='ocrx_word' id='word_1_741' title='bbox 2406 3918 2575 3974; x_wconf 89' lang='lat' dir='ltr'><strong>usque</strong></span> <span class='ocrx_word' id='word_1_742' title='bbox 2604 3903 2672 3959; x_wconf 85' lang='lat' dir='ltr'><strong>ad</strong></span> <span class='ocrx_word' id='word_1_743' title='bbox 2712 3919 2944 3962; x_wconf 89' lang='lat' dir='ltr'><strong>messem</strong></span> <span class='ocrx_word' id='word_1_744' title='bbox 2973 3922 2988 3960; x_wconf 89' lang='lat'><strong>:</strong></span> <span class='ocrx_word' id='word_1_745' title='bbox 3019 3907 3071 3964; x_wconf 92' lang='lat' dir='ltr'><strong>id</strong></span> <span class='ocrx_word' id='word_1_746' title='bbox 3099 3917 3213 3977; x_wconf 89' lang='lat' dir='ltr'><strong>est,</strong></span> <span class='ocrx_word' id='word_1_747' title='bbox 3243 3920 3299 3968; x_wconf 88' lang='lat' dir='ltr'><strong>et</strong></span> <span class='ocrx_word' id='word_1_748' title='bbox 3327 3911 3420 3968; x_wconf 87' lang='lat' dir='ltr'><strong>ﬁlii</strong></span> <span class='ocrx_word' id='word_1_749' title='bbox 3467 3916 3615 3986; x_wconf 85' lang='lat' dir='ltr'><strong>regni</strong></span> <span class='ocrx_word' id='word_1_750' title='bbox 3633 3957 3647 3978; x_wconf 84' lang='lat'><strong>,</strong></span> <span class='ocrx_word' id='word_1_751' title='bbox 3673 3922 3717 3968; x_wconf 85' lang='lat' dir='ltr'><strong>et</strong></span> 
     </span>
    </p>
   </div>
   <div class='ocr_carea' id='block_1_101' title="bbox 2136 3992 3714 4080">
    <p class='ocr_par' dir='ltr' id='par_1_101' title="bbox 2136 3992 3714 4080">
     <span class='ocr_line' id='line_1_101' title="bbox 2136 3992 3714 4080; baseline 0.008 -34"><span class='ocrx_word' id='word_1_752' title='bbox 2136 3992 2231 4049; x_wconf 90' lang='lat' dir='ltr'><strong>ﬁlii</strong></span> <span class='ocrx_word' id='word_1_753' title='bbox 2254 3994 2472 4067; x_wconf 84' lang='lat' dir='ltr'><strong>maligni</strong></span> <span class='ocrx_word' id='word_1_754' title='bbox 2499 3997 2708 4068; x_wconf 90' lang='lat' dir='ltr'><strong>utrique</strong></span> <span class='ocrx_word' id='word_1_755' title='bbox 2739 4015 2834 4070; x_wconf 91' lang='lat' dir='ltr'><strong>per</strong></span> <span class='ocrx_word' id='word_1_756' title='bbox 2874 4000 3135 4057; x_wconf 91' lang='lat' dir='ltr'><strong>mundum</strong></span> <span class='ocrx_word' id='word_1_757' title='bbox 3166 4015 3418 4060; x_wconf 89' lang='lat' dir='ltr'><strong>crescant</strong></span> <span class='ocrx_word' id='word_1_758' title='bbox 3465 4022 3634 4080; x_wconf 83' lang='lat' dir='ltr'><strong>usque</strong></span> <span class='ocrx_word' id='word_1_759' title='bbox 3672 4007 3714 4061; x_wconf 90' lang='lat' dir='ltr'><strong>in</strong></span> 
     </span>
    </p>
   </div>
   <div class='ocr_carea' id='block_1_102' title="bbox 2137 4084 3713 4164">
    <p class='ocr_par' dir='ltr' id='par_1_102' title="bbox 2137 4084 3713 4164">
     <span class='ocr_line' id='line_1_102' title="bbox 2137 4084 3713 4164; baseline 0.008 -26"><span class='ocrx_word' id='word_1_760' title='bbox 2137 4084 2296 4140; x_wconf 85' lang='lat' dir='ltr'><strong>linem</strong></span> <span class='ocrx_word' id='word_1_761' title='bbox 2323 4087 2538 4154; x_wconf 75' lang='lat' dir='ltr'><strong>saeculi;</strong></span> <span class='ocrx_word' id='word_1_762' title='bbox 2573 4087 2676 4144; x_wconf 92' lang='lat' dir='ltr'><strong>illis</strong></span> <span class='ocrx_word' id='word_1_763' title='bbox 2704 4090 2932 4147; x_wconf 78' lang='lat' dir='ltr'><strong>fructum</strong></span> <span class='ocrx_word' id='word_1_764' title='bbox 2955 4093 3248 4151; x_wconf 79' lang='lat' dir='ltr'><strong>ferentibus</strong></span> <span class='ocrx_word' id='word_1_765' title='bbox 3273 4110 3397 4154; x_wconf 89' lang='lat' dir='ltr'><strong>cum</strong></span> <span class='ocrx_word' id='word_1_766' title='bbox 3429 4098 3713 4164; x_wconf 85' lang='lat' dir='ltr'><strong>tolerantia,</strong></span> 
     </span>
    </p>
   </div>
   <div class='ocr_carea' id='block_1_103' title="bbox 2138 4176 3153 4241">
    <p class='ocr_par' dir='ltr' id='par_1_103' title="bbox 2138 4176 3153 4241">
     <span class='ocr_line' id='line_1_103' title="bbox 2138 4176 3153 4241; baseline 0.01 -11"><span class='ocrx_word' id='word_1_767' title='bbox 2138 4176 2240 4233; x_wconf 91' lang='lat' dir='ltr'><strong>illis</strong></span> <span class='ocrx_word' id='word_1_768' title='bbox 2260 4193 2382 4234; x_wconf 93' lang='lat' dir='ltr'><strong>cum</strong></span> <span class='ocrx_word' id='word_1_769' title='bbox 2410 4180 2690 4236; x_wconf 87' lang='lat' dir='ltr'><strong>sterilitate</strong></span> <span class='ocrx_word' id='word_1_770' title='bbox 2715 4182 3153 4241; x_wconf 86' lang='lat' dir='ltr'><strong>amaricantibus.</strong></span> 
     </span>
    </p>
   </div>
   <div class='ocr_carea' id='block_1_104' title="bbox 2209 4267 3712 4338">
    <p class='ocr_par' dir='ltr' id='par_1_104' title="bbox 2209 4267 3712 4338">
     <span class='ocr_line' id='line_1_104' title="bbox 2209 4267 3712 4338; baseline 0.007 -15"><span class='ocrx_word' id='word_1_771' title='bbox 2209 4269 2297 4325; x_wconf 84' lang='lat'><strong>75.</strong></span> <span class='ocrx_word' id='word_1_772' title='bbox 2343 4267 2448 4325; x_wconf 83' lang='lat' dir='ltr'><strong>Vos</strong></span> <span class='ocrx_word' id='word_1_773' title='bbox 2474 4279 2650 4326; x_wconf 88' lang='lat' dir='ltr'><strong>autem</strong></span> <span class='ocrx_word' id='word_1_774' title='bbox 2687 4272 2974 4329; x_wconf 90' lang='lat' dir='ltr'><strong>innitentes</strong></span> <span class='ocrx_word' id='word_1_775' title='bbox 3007 4282 3086 4329; x_wconf 90' lang='lat' dir='ltr'><strong>tot</strong></span> <span class='ocrx_word' id='word_1_776' title='bbox 3126 4276 3553 4338; x_wconf 88' lang='lat' dir='ltr'><strong>evidentissimis</strong></span> <span class='ocrx_word' id='word_1_777' title='bbox 3582 4280 3712 4338; x_wconf 84' lang='lat' dir='ltr'><strong>testi-</strong></span> 
     </span>
    </p>
   </div>
   <div class='ocr_carea' id='block_1_105' title="bbox 2135 4361 3713 4446">
    <p class='ocr_par' dir='ltr' id='par_1_105' title="bbox 2135 4361 3713 4446">
     <span class='ocr_line' id='line_1_105' title="bbox 2135 4361 3713 4446; baseline 0.006 -31"><span class='ocrx_word' id='word_1_778' title='bbox 2135 4361 2331 4418; x_wconf 89' lang='lat' dir='ltr'><strong>moniis</strong></span> <span class='ocrx_word' id='word_1_779' title='bbox 2357 4361 2536 4434; x_wconf 88' lang='lat' dir='ltr'><strong>Legis,</strong></span> <span class='ocrx_word' id='word_1_780' title='bbox 2572 4363 2978 4436; x_wconf 87' lang='lat' dir='ltr'><strong>Prophetarum,</strong></span> <span class='ocrx_word' id='word_1_781' title='bbox 3021 4366 3392 4440; x_wconf 89' lang='lat' dir='ltr'><strong>Psalmorum,</strong></span> <span class='ocrx_word' id='word_1_782' title='bbox 3422 4373 3589 4446; x_wconf 85' lang='lat' dir='ltr'><strong>ipsius</strong></span> <span class='ocrx_word' id='word_1_783' title='bbox 3624 4375 3713 4429; x_wconf 80' lang='lat' dir='ltr'><strong>Do-</strong></span> 
     </span>
    </p>
   </div>
   <div class='ocr_carea' id='block_1_106' title="bbox 2135 4454 3713 4526">
    <p class='ocr_par' dir='ltr' id='par_1_106' title="bbox 2135 4454 3713 4526">
     <span class='ocr_line' id='line_1_106' title="bbox 2135 4454 3713 4526; baseline 0.01 -19"><span class='ocrx_word' id='word_1_784' title='bbox 2135 4454 2285 4520; x_wconf 91' lang='lat' dir='ltr'><strong>mini,</strong></span> <span class='ocrx_word' id='word_1_785' title='bbox 2309 4464 2362 4510; x_wconf 92' lang='lat' dir='ltr'><strong>et</strong></span> <span class='ocrx_word' id='word_1_786' title='bbox 2391 4454 2791 4526; x_wconf 87' lang='lat' dir='ltr'><strong>Apostolorum,</strong></span> <span class='ocrx_word' id='word_1_787' title='bbox 2833 4458 2902 4514; x_wconf 91' lang='lat' dir='ltr'><strong>de</strong></span> <span class='ocrx_word' id='word_1_788' title='bbox 2945 4473 3131 4516; x_wconf 87' lang='lat' dir='ltr'><strong>sancta</strong></span> <span class='ocrx_word' id='word_1_789' title='bbox 3158 4462 3402 4522; x_wconf 85' lang='lat' dir='ltr'><strong>Ecclesia</strong></span> <span class='ocrx_word' id='word_1_790' title='bbox 3431 4477 3545 4524; x_wconf 85' lang='lat' dir='ltr'><strong>toto</strong></span> <span class='ocrx_word' id='word_1_791' title='bbox 3573 4480 3713 4523; x_wconf 84' lang='lat' dir='ltr'><strong>terra-</strong></span> 
     </span>
    </p>
   </div>
   <div class='ocr_carea' id='block_1_107' title="bbox 2135 4547 3713 4623">
    <p class='ocr_par' dir='ltr' id='par_1_107' title="bbox 2135 4547 3713 4623">
     <span class='ocr_line' id='line_1_107' title="bbox 2135 4547 3713 4623; baseline 0.008 -24"><span class='ocrx_word' id='word_1_792' title='bbox 2135 4562 2251 4601; x_wconf 92' lang='lat' dir='ltr'><strong>rum</strong></span> <span class='ocrx_word' id='word_1_793' title='bbox 2291 4547 2422 4603; x_wconf 89' lang='lat' dir='ltr'><strong>orbe</strong></span> <span class='ocrx_word' id='word_1_794' title='bbox 2462 4547 2674 4614; x_wconf 84' lang='lat' dir='ltr'><strong>dill‘usa,</strong></span> <span class='ocrx_word' id='word_1_795' title='bbox 2725 4549 2924 4623; x_wconf 86' lang='lat' dir='ltr'><strong>exigite</strong></span> <span class='ocrx_word' id='word_1_796' title='bbox 2970 4551 3038 4606; x_wconf 86' lang='lat' dir='ltr'><strong>ab</strong></span> <span class='ocrx_word' id='word_1_797' title='bbox 3082 4553 3199 4610; x_wconf 88' lang='lat' dir='ltr'><strong>istis</strong></span> <span class='ocrx_word' id='word_1_798' title='bbox 3245 4563 3306 4612; x_wconf 92' lang='lat' dir='ltr'><strong>ut-</strong></span> <span class='ocrx_word' id='word_1_799' title='bbox 3345 4560 3625 4617; x_wconf 86' lang='lat' dir='ltr'><strong>ostendant</strong></span> <span class='ocrx_word' id='word_1_800' title='bbox 3657 4558 3713 4612; x_wconf 81' lang='lat' dir='ltr'><strong>de</strong></span> 
     </span>
    </p>
   </div>
   <div class='ocr_carea' id='block_1_108' title="bbox 2134 4637 3710 4724">
    <p class='ocr_par' dir='ltr' id='par_1_108' title="bbox 2134 4637 3710 4724">
     <span class='ocr_line' id='line_1_108' title="bbox 2134 4637 3710 4724; baseline 0.008 -32"><span class='ocrx_word' id='word_1_801' title='bbox 2134 4637 2334 4703; x_wconf 80' lang='lat' dir='ltr'><strong>Africa,</strong></span> <span class='ocrx_word' id='word_1_802' title='bbox 2368 4639 2509 4710; x_wconf 90' lang='lat' dir='ltr'><strong>quod</strong></span> <span class='ocrx_word' id='word_1_803' title='bbox 2537 4641 2728 4697; x_wconf 87' lang='lat' dir='ltr'><strong>attinet</strong></span> <span class='ocrx_word' id='word_1_804' title='bbox 2757 4643 2822 4697; x_wconf 90' lang='lat' dir='ltr'><strong>ad</strong></span> <span class='ocrx_word' id='word_1_805' title='bbox 2853 4653 3057 4714; x_wconf 87' lang='lat' dir='ltr'><strong>partem</strong></span> <span class='ocrx_word' id='word_1_806' title='bbox 3086 4646 3312 4716; x_wconf 87' lang='lat' dir='ltr'><strong>Donati,</strong></span> <span class='ocrx_word' id='word_1_807' title='bbox 3344 4650 3525 4724; x_wconf 85' lang='lat' dir='ltr'><strong>aliqua</strong></span> <span class='ocrx_word' id='word_1_808' title='bbox 3559 4651 3710 4712; x_wconf 50' lang='lat' dir='ltr'><strong>mani.</strong></span> 
     </span>
    </p>
   </div>
   <div class='ocr_carea' id='block_1_109' title="bbox 2135 4731 3709 4817">
    <p class='ocr_par' dir='ltr' id='par_1_109' title="bbox 2135 4731 3709 4817">
     <span class='ocr_line' id='line_1_109' title="bbox 2135 4731 3709 4817; baseline 0.009 -33"><span class='ocrx_word' id='word_1_809' title='bbox 2135 4731 2266 4788; x_wconf 79' lang='lat' dir='ltr'><strong>festa</strong></span> <span class='ocrx_word' id='word_1_810' title='bbox 2316 4732 2384 4790; x_wconf 92' lang='lat' dir='ltr'><strong>de</strong></span> <span class='ocrx_word' id='word_1_811' title='bbox 2427 4735 2697 4790; x_wconf 87' lang='lat' dir='ltr'><strong>canonicis</strong></span> <span class='ocrx_word' id='word_1_812' title='bbox 2739 4735 2915 4793; x_wconf 86' lang='lat' dir='ltr'><strong>Libris</strong></span> <span class='ocrx_word' id='word_1_813' title='bbox 2957 4739 3291 4798; x_wconf 87' lang='lat' dir='ltr'><strong>testimonia.</strong></span> <span class='ocrx_word' id='word_1_814' title='bbox 3328 4743 3518 4817; x_wconf 87' lang='lat' dir='ltr'><strong>Neque</strong></span> <span class='ocrx_word' id='word_1_815' title='bbox 3563 4747 3709 4809; x_wconf 84' lang='lat' dir='ltr'><strong>cuitu,</strong></span> 
     </span>
    </p>
   </div>
   <div class='ocr_carea' id='block_1_110' title="bbox 2133 4826 3706 4904">
    <p class='ocr_par' dir='ltr' id='par_1_110' title="bbox 2133 4826 3706 4904">
     <span class='ocr_line' id='line_1_110' title="bbox 2133 4826 3706 4904; baseline 0.008 -24"><span class='ocrx_word' id='word_1_816' title='bbox 2133 4827 2272 4882; x_wconf 90' lang='lat' dir='ltr'><strong>sicut</strong></span> <span class='ocrx_word' id='word_1_817' title='bbox 2305 4827 2416 4896; x_wconf 90' lang='lat' dir='ltr'><strong>jam</strong></span> <span class='ocrx_word' id='word_1_818' title='bbox 2458 4826 2604 4897; x_wconf 78' lang='lat' dir='ltr'><strong>dixi,</strong></span> <span class='ocrx_word' id='word_1_819' title='bbox 2636 4829 2746 4884; x_wconf 90' lang='lat' dir='ltr'><strong>ullo</strong></span> <span class='ocrx_word' id='word_1_820' title='bbox 2770 4830 2932 4886; x_wconf 90' lang='lat' dir='ltr'><strong>modo</strong></span> <span class='ocrx_word' id='word_1_821' title='bbox 2979 4831 3092 4888; x_wconf 89' lang='lat' dir='ltr'><strong>ﬁeri</strong></span> <span class='ocrx_word' id='word_1_822' title='bbox 3139 4844 3323 4904; x_wconf 86' lang='lat' dir='ltr'><strong>posset</strong></span> <span class='ocrx_word' id='word_1_823' title='bbox 3368 4846 3427 4895; x_wconf 92' lang='lat' dir='ltr'><strong>ut</strong></span> <span class='ocrx_word' id='word_1_824' title='bbox 3467 4839 3706 4902; x_wconf 82' lang='lat' dir='ltr'><strong>Ecclesia,</strong></span> 
     </span>
    </p>
   </div>
   <div class='ocr_carea' id='block_1_111' title="bbox 2133 4920 3707 5004">
    <p class='ocr_par' dir='ltr' id='par_1_111' title="bbox 2133 4920 3707 5004">
     <span class='ocr_line' id='line_1_111' title="bbox 2133 4920 3707 5004; baseline 0.006 -28"><span class='ocrx_word' id='word_1_825' title='bbox 2133 4921 2272 4976; x_wconf 91' lang='lat' dir='ltr'><strong>sicut</strong></span> <span class='ocrx_word' id='word_1_826' title='bbox 2298 4920 2501 4990; x_wconf 91' lang='lat' dir='ltr'><strong>dicunt,</strong></span> <span class='ocrx_word' id='word_1_827' title='bbox 2533 4931 2588 4977; x_wconf 91' lang='lat' dir='ltr'><strong>et</strong></span> <span class='ocrx_word' id='word_1_828' title='bbox 2613 4922 2757 4994; x_wconf 88' lang='lat' dir='ltr'><strong>quod</strong></span> <span class='ocrx_word' id='word_1_829' title='bbox 2784 4923 2941 4991; x_wconf 89' lang='lat' dir='ltr'><strong>absit,</strong></span> <span class='ocrx_word' id='word_1_830' title='bbox 2975 4933 3082 4982; x_wconf 90' lang='lat' dir='ltr'><strong>tam</strong></span> <span class='ocrx_word' id='word_1_831' title='bbox 3125 4927 3234 4985; x_wconf 88' lang='lat' dir='ltr'><strong>cito</strong></span> <span class='ocrx_word' id='word_1_832' title='bbox 3261 4943 3330 4986; x_wconf 77' lang='lat' dir='ltr'><strong>ex</strong></span> <span class='ocrx_word' id='word_1_833' title='bbox 3375 4940 3454 4988; x_wconf 88' lang='lat' dir='ltr'><strong>tot</strong></span> <span class='ocrx_word' id='word_1_834' title='bbox 3481 4934 3707 5004; x_wconf 77' lang='lat' dir='ltr'><strong>gentibus</strong></span> 
     </span>
    </p>
   </div>
   <div class='ocr_carea' id='block_1_112' title="bbox 2137 5015 3696 5086">
    <p class='ocr_par' dir='ltr' id='par_1_112' title="bbox 2137 5015 3696 5086">
     <span class='ocr_line' id='line_1_112' title="bbox 2137 5015 3696 5086; baseline 0.006 -14"><span class='ocrx_word' id='word_1_835' title='bbox 2137 5015 2390 5086; x_wconf 90' lang='lat' dir='ltr'><strong>peritura,</strong></span> <span class='ocrx_word' id='word_1_836' title='bbox 2420 5025 2498 5072; x_wconf 88' lang='lat' dir='ltr'><strong>tot</strong></span> <span class='ocrx_word' id='word_1_837' title='bbox 2517 5016 2838 5074; x_wconf 89' lang='lat' dir='ltr'><strong>testimoniis</strong></span> <span class='ocrx_word' id='word_1_838' title='bbox 2862 5027 2969 5075; x_wconf 85' lang='lat' dir='ltr'><strong>tam</strong></span> <span class='ocrx_word' id='word_1_839' title='bbox 2985 5020 3291 5080; x_wconf 86' lang='lat' dir='ltr'><strong>sublimiter</strong></span> <span class='ocrx_word' id='word_1_840' title='bbox 3305 5035 3362 5082; x_wconf 88' lang='lat' dir='ltr'><strong>et</strong></span> <span class='ocrx_word' id='word_1_841' title='bbox 3382 5037 3491 5086; x_wconf 82' lang='lat' dir='ltr'><strong>tam</strong></span> <span class='ocrx_word' id='word_1_842' title='bbox 3515 5026 3696 5086; x_wconf 88' lang='lat' dir='ltr'><strong>indubi-</strong></span> 
     </span>
    </p>
   </div>
   <div class='ocr_carea' id='block_1_113' title="bbox 2134 5108 3705 5191">
    <p class='ocr_par' dir='ltr' id='par_1_113' title="bbox 2134 5108 3705 5191">
     <span class='ocr_line' id='line_1_113' title="bbox 2134 5108 3705 5191; baseline 0.007 -29"><span class='ocrx_word' id='word_1_843' title='bbox 2134 5115 2309 5163; x_wconf 89' lang='lat' dir='ltr'><strong>tanter</strong></span> <span class='ocrx_word' id='word_1_844' title='bbox 2328 5108 2738 5180; x_wconf 65' lang='lat' dir='ltr'><strong>praedicaretur;</strong></span> <span class='ocrx_word' id='word_1_845' title='bbox 2758 5110 2894 5167; x_wconf 91' lang='lat' dir='ltr'><strong>etde</strong></span> <span class='ocrx_word' id='word_1_846' title='bbox 2916 5111 3036 5180; x_wconf 90' lang='lat' dir='ltr'><strong>ista,</strong></span> <span class='ocrx_word' id='word_1_847' title='bbox 3060 5129 3221 5186; x_wconf 87' lang='lat' dir='ltr'><strong>quam</strong></span> <span class='ocrx_word' id='word_1_848' title='bbox 3243 5117 3452 5190; x_wconf 90' lang='lat' dir='ltr'><strong>volunt,</strong></span> <span class='ocrx_word' id='word_1_849' title='bbox 3475 5137 3585 5188; x_wconf 86' lang='lat' dir='ltr'><strong>sua,</strong></span> <span class='ocrx_word' id='word_1_850' title='bbox 3605 5131 3705 5191; x_wconf 63' lang='lat' dir='ltr'><strong>qua</strong></span> 
     </span>
    </p>
   </div>
   <div class='ocr_carea' id='block_1_114' title="bbox 2135 5201 3701 5280">
    <p class='ocr_par' dir='ltr' id='par_1_114' title="bbox 2135 5201 3701 5280">
     <span class='ocr_line' id='line_1_114' title="bbox 2135 5201 3701 5280; baseline 0.005 -24"><span class='ocrx_word' id='word_1_851' title='bbox 2135 5217 2302 5271; x_wconf 88' lang='lat' dir='ltr'><strong>usque</strong></span> <span class='ocrx_word' id='word_1_852' title='bbox 2327 5201 2380 5256; x_wconf 92' lang='lat' dir='ltr'><strong>in</strong></span> <span class='ocrx_word' id='word_1_853' title='bbox 2413 5201 2595 5271; x_wconf 90' lang='lat' dir='ltr'><strong>ﬁnem,</strong></span> <span class='ocrx_word' id='word_1_854' title='bbox 2619 5203 2757 5258; x_wconf 90' lang='lat' dir='ltr'><strong>sicut</strong></span> <span class='ocrx_word' id='word_1_855' title='bbox 2779 5204 3132 5274; x_wconf 87' lang='lat' dir='ltr'><strong>contendunt,</strong></span> <span class='ocrx_word' id='word_1_856' title='bbox 3156 5223 3508 5280; x_wconf 74' lang='lat' dir='ltr'><strong>permensum</strong></span> <span class='ocrx_word' id='word_1_857' title='bbox 3536 5212 3701 5275; x_wconf 74' lang='lat' dir='ltr'><strong>fuerat,</strong></span> 
     </span>
    </p>
   </div>
   <div class='ocr_carea' id='block_1_115' title="bbox 2135 5293 3700 5378">
    <p class='ocr_par' dir='ltr' id='par_1_115' title="bbox 2135 5293 3700 5378">
     <span class='ocr_line' id='line_1_115' title="bbox 2135 5293 3700 5378; baseline 0.013 -32"><span class='ocrx_word' id='word_1_858' title='bbox 2135 5301 2418 5350; x_wconf 91' lang='lat' dir='ltr'><strong>taceretur.</strong></span> <span class='ocrx_word' id='word_1_859' title='bbox 2446 5293 2771 5352; x_wconf 83' lang='lat' dir='ltr'><strong>Mementote</strong></span> <span class='ocrx_word' id='word_1_860' title='bbox 2801 5297 2944 5352; x_wconf 90' lang='lat' dir='ltr'><strong>enim</strong></span> <span class='ocrx_word' id='word_1_861' title='bbox 2969 5298 3100 5369; x_wconf 88' lang='lat' dir='ltr'><strong>quid</strong></span> <span class='ocrx_word' id='word_1_862' title='bbox 3133 5299 3208 5355; x_wconf 90' lang='lat' dir='ltr'><strong>illi</strong></span> <span class='ocrx_word' id='word_1_863' title='bbox 3239 5301 3390 5359; x_wconf 90' lang='lat' dir='ltr'><strong>diviti</strong></span> <span class='ocrx_word' id='word_1_864' title='bbox 3411 5302 3609 5378; x_wconf 88' lang='lat' dir='ltr'><strong>dictum</strong></span> <span class='ocrx_word' id='word_1_865' title='bbox 3628 5303 3700 5366; x_wconf 76' lang='lat' dir='ltr'><strong>sit.</strong></span> 
     </span>
    </p>
   </div>
   <div class='ocr_carea' id='block_1_116' title="bbox 2135 5385 3702 5460">
    <p class='ocr_par' dir='ltr' id='par_1_116' title="bbox 2135 5385 3702 5460">
     <span class='ocr_line' id='line_1_116' title="bbox 2135 5385 3702 5460; baseline 0.005 -19"><span class='ocrx_word' id='word_1_866' title='bbox 2135 5401 2256 5441; x_wconf 88' lang='lat' dir='ltr'><strong>cum</strong></span> <span class='ocrx_word' id='word_1_867' title='bbox 2313 5385 2453 5456; x_wconf 91' lang='lat' dir='ltr'><strong>apud</strong></span> <span class='ocrx_word' id='word_1_868' title='bbox 2498 5385 2698 5443; x_wconf 79' lang='lat' dir='ltr'><strong>inferos</strong></span> <span class='ocrx_word' id='word_1_869' title='bbox 2739 5397 3096 5460; x_wconf 89' lang='lat' dir='ltr'><strong>torqueretur,</strong></span> <span class='ocrx_word' id='word_1_870' title='bbox 3146 5401 3204 5448; x_wconf 90' lang='lat' dir='ltr'><strong>et</strong></span> <span class='ocrx_word' id='word_1_871' title='bbox 3254 5393 3322 5450; x_wconf 87' lang='lat' dir='ltr'><strong>ad</strong></span> <span class='ocrx_word' id='word_1_872' title='bbox 3361 5393 3555 5454; x_wconf 79' lang='lat' dir='ltr'><strong>fratres</strong></span> <span class='ocrx_word' id='word_1_873' title='bbox 3599 5409 3702 5453; x_wconf 84' lang='lat' dir='ltr'><strong>suos</strong></span> 
     </span>
    </p>
   </div>
   <div class='ocr_carea' id='block_1_117' title="bbox 2136 5478 3700 5561">
    <p class='ocr_par' dir='ltr' id='par_1_117' title="bbox 2136 5478 3700 5561">
     <span class='ocr_line' id='line_1_117' title="bbox 2136 5478 3700 5561; baseline 0.005 -29"><span class='ocrx_word' id='word_1_874' title='bbox 2136 5478 2369 5548; x_wconf 89' lang='lat' dir='ltr'><strong>aliquem</strong></span> <span class='ocrx_word' id='word_1_875' title='bbox 2396 5493 2462 5534; x_wconf 81' lang='lat' dir='ltr'><strong>ex</strong></span> <span class='ocrx_word' id='word_1_876' title='bbox 2489 5479 2714 5535; x_wconf 90' lang='lat' dir='ltr'><strong>mortuis</strong></span> <span class='ocrx_word' id='word_1_877' title='bbox 2741 5481 2878 5536; x_wconf 91' lang='lat' dir='ltr'><strong>mitti</strong></span> <span class='ocrx_word' id='word_1_878' title='bbox 2901 5482 3082 5538; x_wconf 91' lang='lat' dir='ltr'><strong>vellet.</strong></span> <span class='ocrx_word' id='word_1_879' title='bbox 3117 5483 3321 5541; x_wconf 83' lang='lat' dir='ltr'><strong>Habent</strong></span> <span class='ocrx_word' id='word_1_880' title='bbox 3348 5489 3492 5557; x_wconf 89' lang='lat' dir='ltr'><strong>illic,</strong></span> <span class='ocrx_word' id='word_1_881' title='bbox 3538 5491 3700 5561; x_wconf 82' lang='lat' dir='ltr'><strong>inquit,</strong></span> 
     </span>
    </p>
   </div>
   <div class='ocr_carea' id='block_1_118' title="bbox 2138 5571 3701 5652">
    <p class='ocr_par' dir='ltr' id='par_1_118' title="bbox 2138 5571 3701 5652">
     <span class='ocr_line' id='line_1_118' title="bbox 2138 5571 3701 5652; baseline 0.006 -26"><span class='ocrx_word' id='word_1_882' title='bbox 2138 5571 2352 5644; x_wconf 83' lang='lat' dir='ltr'><strong>Moysen</strong></span> <span class='ocrx_word' id='word_1_883' title='bbox 2387 5582 2432 5627; x_wconf 89' lang='lat' dir='ltr'><strong>et</strong></span> <span class='ocrx_word' id='word_1_884' title='bbox 2470 5572 2774 5644; x_wconf 81' lang='lat' dir='ltr'><strong>PrOpItetas.</strong></span> <span class='ocrx_word' id='word_1_885' title='bbox 2821 5576 2887 5631; x_wconf 87' lang='lat' dir='ltr'><strong>Et</strong></span> <span class='ocrx_word' id='word_1_886' title='bbox 2930 5592 3052 5633; x_wconf 89' lang='lat' dir='ltr'><strong>cum</strong></span> <span class='ocrx_word' id='word_1_887' title='bbox 3103 5579 3193 5635; x_wconf 90' lang='lat' dir='ltr'><strong>ille</strong></span> <span class='ocrx_word' id='word_1_888' title='bbox 3220 5580 3447 5652; x_wconf 85' lang='lat' dir='ltr'><strong>diceret,</strong></span> <span class='ocrx_word' id='word_1_889' title='bbox 3490 5601 3591 5640; x_wconf 87' lang='lat' dir='ltr'><strong>non</strong></span> <span class='ocrx_word' id='word_1_890' title='bbox 3627 5595 3701 5638; x_wconf 84' lang='lat' dir='ltr'><strong>eos</strong></span> 
     </span>
    </p>
   </div>
   <div class='ocr_carea' id='block_1_119' title="bbox 2137 5665 3699 5744">
    <p class='ocr_par' dir='ltr' id='par_1_119' title="bbox 2137 5665 3699 5744">
     <span class='ocr_line' id='line_1_119' title="bbox 2137 5665 3699 5744; baseline 0.003 -23"><span class='ocrx_word' id='word_1_891' title='bbox 2137 5665 2452 5732; x_wconf 89' lang='lat' dir='ltr'><strong>credituros,</strong></span> <span class='ocrx_word' id='word_1_892' title='bbox 2496 5666 2596 5720; x_wconf 85' lang='lat' dir='ltr'><strong>nisi</strong></span> <span class='ocrx_word' id='word_1_893' title='bbox 2631 5666 2697 5721; x_wconf 90' lang='lat' dir='ltr'><strong>ad</strong></span> <span class='ocrx_word' id='word_1_894' title='bbox 2725 5683 2820 5725; x_wconf 88' lang='lat' dir='ltr'><strong>eos</strong></span> <span class='ocrx_word' id='word_1_895' title='bbox 2849 5669 2982 5726; x_wconf 88' lang='lat' dir='ltr'><strong>isset</strong></span> <span class='ocrx_word' id='word_1_896' title='bbox 3021 5671 3209 5744; x_wconf 88' lang='lat' dir='ltr'><strong>aliquis</strong></span> <span class='ocrx_word' id='word_1_897' title='bbox 3252 5685 3622 5733; x_wconf 86' lang='lat' dir='ltr'><strong>mortuorum:</strong></span> <span class='ocrx_word' id='word_1_898' title='bbox 3652 5671 3699 5728; x_wconf 82' lang='lat' dir='ltr'><strong>Si</strong></span> 
     </span>
    </p>
   </div>
   <div class='ocr_carea' id='block_1_120' title="bbox 2143 5755 3698 5841">
    <p class='ocr_par' dir='ltr' id='par_1_120' title="bbox 2143 5755 3698 5841">
     <span class='ocr_line' id='line_1_120' title="bbox 2143 5755 3698 5841; baseline 0.01 -29"><span class='ocrx_word' id='word_1_899' title='bbox 2143 5755 2373 5830; x_wconf 76' lang='lat' dir='ltr'><strong>Moysen,</strong></span> <span class='ocrx_word' id='word_1_900' title='bbox 2404 5757 2592 5828; x_wconf 90' lang='lat' dir='ltr'><strong>inquit,</strong></span> <span class='ocrx_word' id='word_1_901' title='bbox 2616 5767 2664 5813; x_wconf 85' lang='lat' dir='ltr'><strong>et</strong></span> <span class='ocrx_word' id='word_1_902' title='bbox 2686 5758 2974 5830; x_wconf 81' lang='lat' dir='ltr'><strong>Prophetas</strong></span> <span class='ocrx_word' id='word_1_903' title='bbox 3014 5779 3115 5820; x_wconf 87' lang='lat' dir='ltr'><strong>non</strong></span> <span class='ocrx_word' id='word_1_904' title='bbox 3141 5764 3361 5823; x_wconf 81' lang='lat' dir='ltr'><strong>audiunt</strong></span> <span class='ocrx_word' id='word_1_905' title='bbox 3383 5807 3400 5836; x_wconf 91' lang='lat'><strong>,</strong></span> <span class='ocrx_word' id='word_1_906' title='bbox 3427 5786 3517 5826; x_wconf 80' lang='lat' dir='ltr'><strong>nec</strong></span> <span class='ocrx_word' id='word_1_907' title='bbox 3541 5769 3584 5826; x_wconf 81' lang='lat' dir='ltr'><strong>si</strong></span> <span class='ocrx_word' id='word_1_908' title='bbox 3607 5766 3698 5841; x_wconf 69' lang='lat' dir='ltr'><strong>quit</strong></span> 
     </span>
    </p>
   </div>
  </div>
