3812 6186
407 262 517 323 M7

406 381 596 441 venire
610 382 914 452 potuerunt;
930 388 1048 447 quae
1070 371 1161 430 tibi
1179 372 1350 428 visum
1375 380 1461 428 est
1484 370 1744 428 adversus
1770 385 1834 428 ea
1860 370 1999 428 scri-

407 477 537 535 bere
563 472 779 537 debere,
811 483 930 540 quae
957 466 1216 523 Petiliano
1248 464 1482 521 Cirtensi
1520 464 1774 536 episcopo
1816 472 2002 532 vestro

410 566 743 628 iterationem
770 559 1028 634 Baptismi
1065 567 1309 615 astruere
1349 557 1628 624 molienti,
1661 565 1716 614 et
1753 572 1997 615 commu-

411 664 626 720 nionem
653 665 890 714 nostram
910 669 1016 710 non
1037 653 1480 710 documentorum
1501 649 1740 722 pondere
1767 651 1998 722 urgenti,

405 753 503 811 sed
533 748 938 808 maledictorum
961 745 1179 802 levitate
1198 744 1523 813 criminanti,
1555 753 1612 799 ut
1641 744 1787 815 potui
1817 742 2000 800 brevi-

405 855 488 902 ter
535 858 633 916 pro
667 850 819 913 parte
861 837 1130 911 respondi.
1175 837 1290 892 Non
1322 837 1466 893 enim
1493 844 1604 892 tota
1631 835 1748 907 ejus
1773 836 2000 906 cpistola

407 941 458 994 in
507 952 697 994 manus
726 950 876 992 meas
906 944 1032 990 tunc
1073 941 1317 1001 venerat,
1360 930 1455 988 sed
1485 945 1648 1002 parva
1678 946 1801 1003 pars
1831 932 1998 1010 prior.

404 1030 558 1101 Quod
583 1046 680 1086 cur
707 1027 982 1096 acciderit,
1010 1025 1138 1098 quid
1179 1040 1313 1096 opus
1340 1034 1424 1081 est
1451 1039 1693 1096 quazrere
1715 1066 1730 1092 ,
1760 1024 2004 1096 quando-

403 1123 620 1195 quidem
635 1137 758 1180 cum
783 1120 851 1178 ad
873 1134 971 1176 nos
987 1125 1171 1190 postea
1190 1117 1435 1173 universa
1451 1117 1715 1189 pervenit,
1734 1116 2000 1173 universae

404 1215 733 1287 respondere
764 1229 870 1269 non
899 1211 1098 1284 piguit?
1127 1210 1220 1266 His
1246 1224 1376 1281 ergo
1403 1209 1597 1264 litteris
1624 1208 1750 1275 tuis,
1779 1224 1912 1280 quas
1933 1208 2000 1264 ad

404 1324 494 1366 me
517 1305 730 1373 dedisti,
764 1305 810 1362 si
839 1319 947 1360 non
973 1302 1349 1367 rescriberem,
1390 1301 1622 1358 fortasse
1650 1301 2002 1358 contumelio-

405 1415 525 1457 sum
557 1406 774 1471 putares
807 1395 990 1468 :quod
1037 1402 1214 1451 autem
1259 1393 1519 1460 rescribo,
1564 1407 1777 1448 rursum
1810 1407 2001 1449 vereor

408 1508 480 1549 ne
502 1491 894 1548 contentiosum
915 1496 1088 1560 putes.
1113 1486 1219 1544 Sed
1245 1487 1290 1543 si
1312 1495 1368 1542 tu
1386 1486 1616 1542 inventis
1633 1486 1824 1543 litteris
1841 1487 1995 1555 meis,

409 1599 518 1641 non
543 1584 611 1640 ad
638 1591 690 1640 te
712 1583 872 1650 datis,
903 1589 1107 1638 tantum
1133 1581 1257 1653 quia
1282 1581 1590 1651 episcopum
1614 1580 1781 1650 partis
1809 1580 2000 1637 Donati

408 1677 492 1734 vel
521 1676 690 1747 ipsam
720 1683 925 1745 partem
960 1673 1152 1730 Donati
1181 1671 1507 1744 redarguere
1533 1671 1851 1728 videbantur
1874 1715 1889 1740 ,
1929 1672 1999 1729 ad

404 1767 640 1825 ollicium
667 1775 812 1822 tuum
839 1765 1111 1836 pertinere
1135 1764 1426 1820 arbitratus
1451 1779 1541 1832 es,
1574 1779 1696 1820 cum
1725 1764 1819 1819 tibi
1849 1778 2000 1821 esses

403 1861 630 1932 alicujus
655 1859 902 1917 conscius
932 1857 1197 1915 facultatis
1217 1899 1232 1925 ,
1263 1857 1536 1928 suscipere
1564 1865 1724 1928 atque
1751 1871 2000 1914 exserere

403 1951 882 2008 contradictionem
899 1991 916 2020 ,
947 1951 1068 2022 quia
1091 1949 1209 2021 ejus
1229 1949 1624 2005 communionis
1647 1965 1728 2016 es,
1756 1951 2000 2022 quamvis

404 2045 549 2101 nulla
602 2043 873 2100 functione
915 2041 1188 2098 clericatui
1226 2040 1474 2096 astrictus
1523 2058 1537 2096 :
1573 2050 1772 2112 quanto
1823 2041 2000 2097 minus

403 2137 535 2194 mihi
562 2137 714 2192 licuit
738 2151 835 2206 pro
859 2149 1082 2190 munere
1111 2132 1335 2189 sarcinae
1365 2147 1530 2198 mete,
1566 2133 1649 2187 vel
1678 2140 1863 2188 contra
1894 2132 1999 2189 Pe-

405 2228 643 2284 tilianum
673 2227 759 2283 vel
797 2234 981 2282 contra
1027 2232 1079 2281 te
1119 2224 1292 2294 ipsum
1335 2231 1533 2290 tacere,
1561 2237 1684 2278 cum
1711 2222 1801 2279 ille
1826 2237 1999 2293 oppu-

402 2327 592 2392 gnarct
626 2317 917 2375 Ecclesiam
960 2331 1060 2388 pro
1098 2331 1202 2386 qua
1227 2315 1438 2382 milito;
1470 2323 1525 2370 tu
1550 2324 1729 2371 autem
1756 2315 1807 2370 in
1837 2315 1999 2372 simili

405 2427 569 2485 opere
593 2412 753 2470 etiam
780 2410 1092 2467 nominatim
1117 2409 1185 2465 ad
1211 2424 1299 2466 me
1325 2409 1632 2466 institueres
1650 2451 1666 2479 ,
1699 2424 1995 2481 promeres,

405 2506 884 2577 conseriberesque
910 2503 1256 2562 sermonem?

474 2599 530 2654 2.
558 2598 616 2654 In
641 2598 794 2670 cujus
818 2597 1003 2668 primis
1028 2596 1268 2668 partibus
1312 2594 1596 2663 laborasti,
1641 2604 1700 2651 ut
1741 2604 1998 2668 suspecta

407 2691 715 2749 hominibus
758 2690 1062 2762 eloquentia
1108 2689 1399 2746 videretur.
1440 2688 1574 2745 Nam
1601 2691 1746 2746 velut
1775 2689 1996 2746 laudans

405 2799 574 2858 genus
598 2784 807 2842 dicendi
843 2799 1020 2840 meum
1047 2825 1062 2850 ,
1101 2791 1156 2839 et
1199 2797 1387 2839 rursus
1412 2783 1556 2839 velut
1582 2783 1776 2840 timens
1801 2799 1868 2839 ne
1893 2783 1997 2841 hoc

406 2892 603 2950 genere
615 2886 668 2933 te
677 2876 1093 2948 velquemquam
1119 2873 1251 2931 falsa
1271 2874 1646 2946 persuadendo
1665 2875 1992 2948 deciperem,

403 2971 458 3028 in
483 2969 876 3027 accusationem
910 2970 927 3001 ί
957 2968 1123 3039 ipsius
1153 2967 1472 3038 eloquentia:
1508 2969 1812 3040 perrexisti,
1841 2969 1997 3025 adhi-

404 3062 539 3119 bens
566 3062 728 3118 etiam
759 3059 1123 3116 testimonium
1157 3057 1415 3114 adversus
1444 3072 1564 3114 eam
1603 3059 1672 3116 de
1705 3059 1997 3132 Scripturis

399 3153 622 3220 sanctis,
655 3153 741 3209 ubi
783 3151 983 3208 dictum
1025 3159 1180 3223 putes
1205 3153 1247 3218 ’,
1281 3151 1364 3206 Ea:
1391 3152 1553 3208 multa
1581 3154 1865 3226 eloquentia
1894 3173 1994 3212 non

400 3245 613 3318 e/fugies
645 3253 905 3316 peccatum
935 3261 954 3298 :
983 3257 1102 3299 cum
1134 3241 1334 3298 dictum
1361 3258 1467 3300 non
1497 3244 1588 3313 sit,
1618 3262 1680 3300 ea:
1703 3247 1863 3300 multa
1888 3252 1996 3302 elo-

400 3339 645 3411 quentia;
687 3337 781 3394 scd
804 3377 818 3404 ,
869 3353 932 3392 ea:
969 3335 1283 3405 multiloquio
1311 3334 1494 3409 (Prov.
1525 3353 1579 3404 x,
1614 3335 1726 3409 l9).
1757 3335 1994 3394 Multilo-

400 3433 584 3505 quium
613 3438 791 3488 autem
829 3437 914 3486 est
956 3428 1224 3501 superflua
1273 3428 1490 3497 locutio,
1546 3431 1735 3487 vitium
1790 3432 1996 3489 scilicet

399 3525 651 3600 loquendi
679 3539 862 3581 amore
889 3531 1240 3580 contractum.
1271 3521 1592 3596 Plerumque
1639 3532 1818 3581 autem
1846 3525 1992 3596 loqui

400 3628 629 3687 amant,
685 3618 845 3674 etiam
893 3617 985 3688 qui
1036 3615 1286 3673 nesciunt
1343 3615 1470 3688 quid
1499 3618 1848 3688 .loquantur,
1903 3618 1990 3673 vel

399 3711 670 3785 quomodo
699 3710 1002 3782 loquantur,
1033 3708 1147 3765 sive
1174 3707 1242 3763 ad
1272 3707 1554 3764 sanitatem
1578 3708 1988 3777 sententiarum,

399 3804 514 3861 sive
537 3803 604 3859 ad
633 3803 806 3874 ipsum
826 3800 917 3873 qui
946 3808 1062 3857 arte
1084 3799 1429 3872 grammatica
1455 3800 1701 3868 discitur,
1727 3801 1992 3872 integrum

402 3913 593 3955 sonum
638 3894 988 3965 ordinemque
1035 3894 1341 3950 verborum.
1387 3893 1703 3964 Eloquentia
1748 3909 1880 3950 vero
1907 3894 1990 3950 fa-

406 3991 578 4050 cultas
600 3987 811 4045 dicendi
847 3994 949 4052 est,
980 3994 1340 4058 congruenter
1363 3985 1637 4056 explicans
1669 4001 1788 4058 quae
1819 3987 1988 4044 senti-

402 4101 524 4143 mus
555 4103 568 4140 :
597 4098 699 4155 qua
727 4091 855 4138 tunc
882 4079 1140 4137 utendum
1177 4087 1259 4135 est
1286 4120 1301 4147 ,
1344 4094 1468 4136 cum
1508 4086 1654 4134 recta
1705 4080 1986 4137 sentimus.

400 4179 516 4235 Hoc
559 4175 719 4234 modo
767 4191 826 4230 ea
872 4189 980 4229 non
1015 4173 1094 4227 usi
1121 4180 1236 4228 sunt
1267 4171 1507 4226 heretici.
1548 4170 1682 4226 Nam
1725 4171 1905 4243 utique
1942 4173 1990 4229 si

396 4279 538 4328 recta
564 4268 878 4332 sensissent,
903 4281 1012 4321 non
1037 4265 1210 4321 solum
1240 4263 1372 4320 nihil
1405 4262 1550 4331 mali,
1580 4277 1763 4319 verum
1785 4274 1840 4319 et
1865 4264 1989 4320 boni

396 4361 594 4435 aliquid
628 4367 807 4429 esset,
835 4358 978 4431 quod
1006 4357 1319 4430 eloquenter
1349 4357 1621 4428 explicare
1667 4358 1985 4428 potuissent.

397 4455 616 4513 Frustra
640 4453 800 4527 igitur
825 4443 1050 4508 istorum
1079 4449 1449 4522 exemplorum
1475 4450 1990 4508 commemoratione

397 4547 658 4606 accusasti
707 4544 1090 4616 eloquentiam.
1140 4543 1324 4615 Neque
1367 4542 1511 4600 enim
1554 4553 1838 4616 propterea
1892 4559 1988 4616 pro

397 4640 568 4712 patria
608 4652 718 4694 non
759 4644 842 4694 est
868 4635 1024 4692 miles
1048 4635 1356 4719 armandus,
1387 4633 1508 4706 quia
1534 4645 1721 4692 contra
1761 4637 1987 4708 patriam

1181 254 1454 314 CONTRA
1491 250 1926 311 CRESCONIUM
1958 251 2418 325 DONATISTAM,
2460 256 2518 317 S.
2548 258 2915 318 AUGUSTlNl

3594 277 3748 334 448

2110 367 2348 424 nonnulli
2384 385 2531 426 arma
2564 384 2958 446 sumpserunt:
2983 389 3076 436 aut
3100 381 3224 438 ideo
3253 384 3330 442 uti
3374 399 3480 443 non
3507 388 3746 449 debent

2106 459 2232 516 boni
2258 469 2312 518 et
2335 463 2476 520 docti
2505 465 2700 523 medici
2721 466 3062 528 ferramentis
3085 474 3499 538 medicinalibus
3522 483 3586 538 ad
3623 499 3749 540 sa-

2107 554 2294 624 lutem,
2326 557 2449 628 quia
2478 558 2562 616 his
2586 559 2654 616 ad
2684 563 2978 632 perniciem
3020 567 3181 624 etiam
3213 569 3413 629 indocti
3455 579 3740 647 pessimi-

2106 661 2210 718 que
2252 648 2561 707 abutuntur.
2603 653 2732 720 Quis
2775 656 2920 712 enim
2958 660 3148 725 nescit,
3177 661 3334 720 sicuti
3360 676 3446 722 est
3467 678 3558 724 aut
3583 672 3736 728 fuc-

2106 738 2214 794 rint
2246 740 2262 771 ¹
2290 755 2353 796 ea
2379 757 2498 813 quae
2524 754 2872 815 quaeruntur;
2908 750 2979 805 ita
3020 752 3412 826 eloquentiam,
3443 759 3548 818 hoc
3574 775 3680 820 est
3715 809 3737 831 .

2108 830 2351 900 peritiam
2398 832 2815 910 facultatemque
2863 840 3075 899 dicendi
3123 846 3203 902 sic
3247 863 3368 907 esse
3397 853 3585 910 utilem
3619 830 3740 914 vel

2107 921 2385 993 inutilem,
2427 937 2485 982 ut
2521 929 2719 986 fuerint
2747 933 2895 989 utilia
2928 935 3011 992 vel
3047 937 3249 996 inutilia
3278 958 3398 1015 qua:
3427 945 3742 1006 dicuntur?

2107 1017 2250 1087 quod
2280 1033 2381 1075 nec
2409 1029 2459 1076 te
2485 1021 2717 1078 arbitror
2742 1025 3010 1096 ignorare.

2127 1121 2129 1124 ·
2177 1107 2405 1167 CAPUT
2433 1112 2498 1168 ll.
2528 1144 2599 1154 —
2623 1115 2678 1175 '5.
2707 1115 2833 1183 Sed,
2861 1120 3024 1176 credo
3055 1162 3072 1190 ,
3119 1139 3242 1180 cum
3291 1143 3380 1185 me
3426 1132 3650 1192 videres
3701 1153 3738 1194 τι

2107 1201 2381 1258 nonnullis
2426 1206 2602 1276 putari
2645 1207 3005 1280 eloquentem,
3037 1223 3096 1270 ut
3130 1231 3158 1269 a
3192 1233 3279 1275 me
3313 1219 3532 1279 lectoris
3560 1229 3742 1284 audi-

2108 1295 2305 1352 torisve
2331 1298 2565 1354 studium
2589 1299 2927 1372 deterreres,
2979 1312 3338 1369 accusandam
3385 1319 3737 1379 existimasti

2105 1386 2467 1483 eloquentiam
2498 1409 2511 1446 :
2545 1401 2605 1449 ut
2642 1394 2755 1466 jam
2795 1397 2923 1468 quid
2951 1398 3189 1460 dicerem
3219 1420 3327 1463 non
3354 1412 3677 1472 attenderes
3713 1458 3733 1483 ,

2105 1481 2349 1573 quisquis
2377 1483 2473 1540 abs
2504 1493 2556 1542 te
2602 1490 2922 1558 perterritus
2965 1500 3219 1565 tanquam
3263 1500 3585 1573 eloquenter
3622 1481 3736 1566 me

2105 1572 2372 1631 dicentem
2399 1591 2465 1632 eo
2493 1577 2610 1649 ipso
2642 1580 2754 1650 jam
2784 1583 3081 1641 cavendum
3126 1572 3541 1666 fugiendumque
3583 1614 3736 1656 cen-

2104 1676 2268 1724 seret.
2299 1667 2433 1726 Vide
2459 1685 2609 1743 ergo,
2642 1689 2712 1730 ne
2753 1674 2854 1732 hoc
2889 1677 3032 1747 quod
3079 1679 3291 1752 fecisti,
3321 1686 3392 1742 sit
3417 1691 3545 1744 artis
3570 1693 3736 1751 illius

2105 1760 2276 1828 malm,
2305 1777 2478 1830 quam,
2536 1763 2676 1820 sicut
2713 1765 2780 1822 de
2829 1767 3052 1826 Platone
3077 1781 3535 1847 commemorasti,
3581 1802 3733 1840 non-

2106 1852 2234 1945 nulli
2261 1861 2391 1908 recte
2406 1855 2770 1926 judicaverunt
2796 1859 2859 1914 de
2885 1861 3084 1918 ciuitate
3102 1881 3164 1920 ac
3187 1866 3249 1922 de
3269 1868 3484 1926 humani
3508 1879 3732 1945 generis

2105 1944 2341 1999 societate
2365 1946 2672 2015 pellendam.
2701 1949 2827 2006 Haec
2851 1967 2960 2008 non
2981 1964 3064 2011 est
3086 1957 3414 2030 eloquentia,
3445 1944 3570 2036 qua:
3600 1971 3726 2025 uti-

2105 2055 2230 2095 nam
2261 2037 2395 2096 mihi
2423 2041 2492 2097 ad
2527 2045 2840 2116 explicanda
2867 2063 2928 2104 ea
2952 2066 3072 2122 qua:
3109 2054 3285 2111 sentio
3313 2072 3412 2128 pro
3435 2059 3729 2120 desiderio

2107 2132 2476 2226 provenisset:
2505 2135 2601 2191 sed
2631 2137 2875 2208 quzedam
2900 2141 3192 2212 sophistica
3223 2154 3280 2202 et
3306 2150 3540 2223 maligna
3576 2171 3723 2226 pro-

2106 2221 2300 2292 fessio,
2349 2240 2468 2296 quae
2508 2226 2609 2283 sibi
2658 2231 2926 2302 proponit,
2969 2249 3079 2291 non
3125 2252 3190 2292 ex
3231 2240 3414 2298 animo
3430 2221 3462 2311 ,ν
3501 2221 3600 2302 sed
3643 2265 3726 2306 ex

2104 2317 2448 2374 contentione
2478 2320 2561 2375 vel
2589 2323 2914 2394 commodo,
2966 2343 3065 2398 pro
3107 2331 3359 2389 omnibus
3408 2345 3465 2393 et
3515 2353 3721 2398 contra

2103 2411 2282 2468 omnia
2311 2412 2509 2470 dicere.
2535 2417 2611 2472 De
2635 2417 2735 2474 hac
2764 2421 2785 2452 ⁸
2815 2421 2890 2476 ait
2914 2433 3100 2481 saneta
3129 2426 3404 2500 Scriptura
3434 2449 3446 2485 :
3483 2433 3588 2502 Qui
3619 2453 3722 2492 soo-

2104 2505 2317 2598 phistice
2345 2506 2588 2579 loquitur,
2643 2512 2844 2568 odibilis
2885 2524 2959 2570 est
3009 2517 3195 2590 (Eccli.
3241 2537 3446 2592 xxxv",
3475 2525 3592 2598 23).
3626 2529 3718 2584 Ab

2104 2594 2204 2653 hac
2239 2598 2370 2655 mihi
2408 2599 2620 2657 videtur
2655 2603 2852 2661 Paulus
2889 2611 3164 2678 apostolus
3208 2594 3554 2682 juventutem
3610 2620 3718 2676 Ti-

2103 2690 2308 2747 mothei
2332 2694 2640 2763 prohibere,
2672 2696 2761 2752 ubi
2786 2699 2861 2754 ait
2893 2717 2906 2752 :
2938 2699 3066 2756 Noli
3092 2705 3251 2762 verbis
3269 2711 3611 2776 contendere;
3640 2718 3715 2769 ad

2104 2781 2233 2836 nillil
2252 2784 2386 2838 enim
2404 2785 2526 2840 utile
2542 2797 2635 2856 est,
2663 2789 2763 2844 nisi
2785 2790 2854 2844 ad
2877 2792 3252 2852 subwrsionem
3276 2801 3612 2858 audientium.
3643 2807 3717 2862 Et

2104 2891 2173 2931 ne
2199 2891 2228 2930 a
2257 2875 2508 2934 facultate
2537 2890 2684 2938 recte
2707 2881 2921 2941 dicendi
2950 2902 3072 2942 eum
3118 2891 3454 2960 prohibuisse
3483 2909 3714 2967 putare-

2106 2975 2214 3036 tur,
2243 2969 2498 3026 continuo
2522 2972 2749 3042 subjecit
2782 2993 2795 3029 :
2827 2975 2969 3033 Satis
3000 2996 3093 3051 age
3122 2991 3170 3037 te
3197 2983 3366 3056 ipsum
3391 2988 3714 3056 probabilem

2102 3062 2392 3131 operarium
2439 3063 2739 3133 exhibendo,
2772 3085 2874 3124 non
2917 3071 3307 3145 erubescentem,
3337 3080 3542 3135 uerbum
3567 3084 3712 3138 veri-

2102 3153 2218 3205 tatis
2247 3162 2380 3209 recte
2410 3163 2710 3211 tractantem
2739 3157 2818 3228 (ll
2847 3158 2984 3214 Tim.
3025 3178 3084 3230 ιι,
3139 3166 3227 3233 14,
3279 3167 3392 3241 i5).
3439 3171 3712 3230 Nimirum

2101 3245 2280 3318 itaque
2307 3247 2402 3302 tibi
2429 3247 2545 3304 haec
2577 3249 2742 3306 animi
2771 3251 3042 3324 subrepsit
3062 3255 3295 3326 affectio,
3319 3263 3464 3332 quod
3489 3277 3710 3322 contra-

2100 3336 2316 3394 dicendi
2345 3340 2524 3398 studio
2555 3341 2689 3413 (non
2717 3358 2824 3414 quo
2845 3345 2917 3400 ita
2955 3349 3203 3417 sentires,
3235 3352 3329 3408 sed
3358 3371 3465 3426 quo
3491 3372 3523 3412 a
3547 3360 3708 3417 nobis

2100 3429 2448 3489 intentionem
2467 3434 2673 3491 discere
2687 3436 2914 3494 volentis
2934 3441 3227 3515 averteres)
3248 3445 3570 3515 perhibuisti
3603 3469 3705 3509 nos

2099 3521 2433 3616 eloquentes,
2480 3534 2536 3581 et
2591 3527 2903 3600 vituperasti
2956 3531 3335 3604 eloquentiam.
3388 3539 3522 3597 Nam
3567 3559 3706 3616 quo.

2097 3615 2256 3672 modo
2294 3626 2346 3674 te
2382 3617 2486 3675 hoc
2525 3635 2592 3677 ex
2635 3622 2814 3680 animo
2841 3623 3033 3684 fecisse
3071 3629 3323 3701 credam,
3367 3649 3489 3692 eum
3534 3615 3703 3698 sciam

2097 3709 2548 3778 quemadmodum
2592 3716 2892 3784 praedicare
2933 3720 3152 3777 soleatis
3199 3724 3561 3797 eloquentiam
3592 3734 3701 3789 Do-

2097 3801 2204 3855 nati
2227 3841 2242 3867 ,
2285 3802 2651 3898 Parmenioni,
2683 3808 3015 3882 aliorumque
3062 3823 3362 3874 vestrorum
3396 3838 3410 3876 :
3440 3839 3546 3895 qua
3573 3828 3700 3898 quid

2095 3903 2242 3951 esset
2269 3895 2481 3966 utilius,
2511 3897 2557 3954 si
2585 3907 2690 3956 tam
2722 3901 2870 3974 largo
2895 3904 3116 3965 flumine
3143 3925 3239 3979 pro
3276 3927 3410 3983 pace
3447 3895 3647 3975 Christi
3673 3963 3688 3988 ,

2097 4002 2195 4085 pro
2223 3988 2465 4085 unitate,
2495 3992 2741 4085 veritate,
2766 3993 3026 4056 charitate
3065 4002 3362 4072 proflueret
3381 4009 3406 4060 ?
3428 4007 3536 4067 Sed
3567 4015 3695 4085 quid

2095 4075 2165 4133 de
2189 4077 2308 4171 aliis
2335 4079 2563 4151 loquar?
2589 4082 2645 4138 In
2675 4093 2726 4140 te
2753 4086 2868 4158 ipso
2893 4103 3074 4148 nonne
3101 4098 3378 4166 aperuisti,
3407 4116 3570 4171 quam
3586 4075 3692 4162 non

2097 4182 2162 4224 ex
2197 4169 2397 4236 animo,
2429 4172 2524 4228 sed
2554 4189 2624 4230 ex
2654 4179 2995 4237 contentione
3024 4183 3357 4255 vituperalor
3383 4169 3554 4248 fueris
3582 4195 3694 4251 elo-

2093 4264 2321 4332 quentia:
2337 4281 2351 4329 ;
2367 4279 2486 4320 cum
2503 4274 2558 4322 et
2571 4276 2768 4325 caetera
2787 4287 2906 4342 qua:
2931 4275 3190 4346 scripsisti
3215 4293 3310 4349 per
3328 4282 3691 4355 eloquentiam

2093 4355 2341 4427 suadere,
2367 4368 2422 4414 et
2447 4360 2693 4418 eamdem
2745 4364 2913 4435 ipsam
2965 4369 3323 4442 eloquentiam
3372 4378 3689 4450 eloquenter

2091 4465 2346 4510 accusare
2367 4464 2596 4512 conatus
2623 4457 2718 4513 es?

2165 4545 2390 4604 CAPUT
2428 4547 2514 4604 lll.
2549 4579 2617 4592 —
2654 4552 2710 4608 4.
2741 4551 2873 4609 Nam
2901 4557 3042 4626 quod
3075 4567 3126 4615 te
3159 4559 3328 4630 dicis,
3367 4575 3416 4619 et
3457 4578 3571 4624 arte
3607 4573 3688 4626 di-

2096 4638 2241 4694 cendi
2269 4639 2518 4710 imparem
2563 4642 2723 4712 nobis,
2755 4653 2801 4700 et
2824 4651 3068 4719 exemplis
3103 4651 3232 4724 legis
3269 4655 3564 4715 christiana:
3606 4680 3690 4734 pe-

458 4748 2882 4837 ‘E":".‘_§'3_i°°.d:IE?2‘:;123‘319311??SE‘intLPIE’P'E‘BEE‘S.53%.:93939§L31§¥R€r§i¥i29i€
2912 4760 3193 4837 ιηενοείοοεε
3237 4781 3546 4837 quocumque
3580 4774 3687 4836 ιυά,

401 4837 425 4868 α
448 4817 531 4891 vel
553 4818 782 4891 fatentes
807 4813 890 4891 γει
912 4811 1520 4891 οοὲῗίοὲ·9⁵».¹ἒέἱί⁵,ἓὲίὲίέἷθ
1550 4819 1765 4891 ξεςῖξξιον
1789 4826 1989 4891 omnem.
2013 4813 2227 4891 est).in
2248 4814 2436 4891 absque
2449 4811 2690 4891 Qi‘alione
2723 4821 3008 4891 Perso'velie
3029 4811 3553 4891 dooo'ohu‘uﬁ'sf'oam
3581 4811 3689 4890 35:;

402 4899 426 4929 α
447 4880 699 4952 decem!»-
725 4873 778 4940 (8
794 4876 1046 4952 decenti:
1072 4887 1151 4952 an:
1167 4873 1287 4952 40.5)
1302 4873 1808 4952 βξιῖεέειξιέιὶἐίςβξρρέ
1839 4875 2223 4952 {lamminae
2400 4894 2422 4922 ν
2440 4885 2543 4952 Hac
2565 4873 2799 4930 Honorius
2832 4873 3088 4937 sanctione
3103 4873 3687 4952 rurastantus“;

396 4952 449 5016 εει
471 4935 1057 5016 Ρέτθὲίφθίφὶοὲἓξπὲξίἓίέ
1080 4935 2000 5016 #199,.Pii?.ll°‘i‘£‘1‘!!£f?k“§"hiﬂ
2014 4937 2414 5016 Ενὲιξιξηέεξςρω
2440 4939 2668 4991 “marum
2683 4955 2805 5006 an".
2829 4959 2942 5008 (ιιιω
2961 4935 3685 5016 ιθιιότέἱόἐίέἶὶἱέὀὲὧῖἶιέὶ

391 4994 782 5068 joris_in_omne_s'
800 4994 1059 5068 haereticos
1083 4994 1294 5068 erat'jam
1313 4994 1427 5047 olim
1445 4999 1721 5068 constituta,
1747 4994 2117 5068 persolvendam
2135 5000 2377 5068 compelli.

465 5063 683 5150 39.3931“
698 5060 3097 5150 ᾞΞὶῖηῗὲἓᾞ.ῗῖἔὶῖξῖ⁰ἔῖθξξέ.ξξὲἒ⁰ἓᾟ9ρηἷιῗῖἓίὲιθίηυὲηδίΕ-Ηθὲἓῖἷυέηίξζῗῖ,ῖῖεξὲἓθξὲίῐξῖ,ἓνὲρὲξέἓνίδεορί
3119 5075 3372 5150 danaum
3389 5083 3448 5150 at!
3465 5097 3588 5150 cum
3610 5101 3685 5150 ap-

395 5125 680 5200 pellatione,
702 5122 1399 5200 docet‘suwti‘nus‘inbujus
1416 5121 1732 5200 operis’l‘ibro
2007 5137 2234 5200 question
2254 5121 2494 5200 Possidius
2514 5129 2688 5200 invita
2713 5121 2982 5200 Augustini,
2996 5121 3100 5200 est):
3125 5121 3685 5200 ié‘,‘iii§i“§§iiiii?'i'c'}ii
3741 5185 3748 5190 .

403 5183 426 5237 ἧι
449 5189 616 5256 spinus
639 5183 965 5256 proconsulari
988 5191 1040 5235 et
1062 5184 1270 5256 libellari
1292 5183 1538 5256 sententia
1562 5191 1639 5256 est
1656 5183 1990 5256 pronuntiatus
2009 5183 2276 5256 haereticus
2300 5201 2314 5246 ;
2343 5202 2428 5250 pro
2448 5203 2548 5252 quo
2570 5189 2655 5256 ille
2677 5205 2771 5256 apu

2923 5199 3132 5274 nitorem
3148 5201 3412 5274 cautolicus
3436 5219 3480 5268 ei
3499 5199 3684 5274 iscopus

401 5271 424 5300 ι
448 5245 759 5324 ςὰθιεφὲιιεὶξ
782 5252 1038 5324 episcOpus
1052 5247 1318 5324 Possidius)
1343 5246 1642 5324 intercessit,
1657 5245 1733 5324 ἠεξ
1752 5249 1939 5324 auraria
1956 5245 2106 5324 multa
2132 5245 2446 5324 exigeretur;
2468 5245 2537 5324 '_et_
2559 5254 2606 5301 ei
2642 5245 2722 5304 est'
2738 5245 3039 5308 beneficium
3055 5245 3681 5324 idibéﬁéiiiﬁibﬁtiEEE

402 5333 424 5361 ·
447 5309 668 5388 “om”
688 5309 756 5388 ad.
771 5309 1036 5388 νὲδείωξξιη
1052 5311 1318 5388 "meum
1333 5317 1740 5388 Ρξοξοεξξεεειιει
1761 5311 1822 5388 at?
1848 5309 2384 5388 imperawscxelauooi
2407 5312 2628 5388 debitum
2648 5324 2724 5388 est
2744 5330 3032 5388 responsum
3052 5309 3681 5385 εοιῑιίιῖηῖ-ᾱᾱιῑξὲῐῶ

401 5395 426 5425 α
448 5369 527 5426 θεῖ
548 5369 863 5448 Praesentia;
881 5369 1357 5448 autumnalem
1376 5371 1634 5448 hereticos
1656 5369 1930 5448 Donatista?
1949 5372 2286 5448 δεδείξριξφνςρ
2306 5380 2358 5446 .et
2381 5387 2468 5446 ρος
2485 5375 2542 5423 ad
2567 5378 2661 5448 vin-3
2679 5369 2846 5448 ιθεᾳηί
2864 5369 3682 5448 canitur}'éaaia'uéafétiaaz‘ig‘a‘:

401 5457 425 5487 ι
446 5433 562 5489 ιιιισῐ
576 5433 761 5498 ubique
784 5433 946 5498 teneri
967 5433 1175 5498 debere.
1194 5440 1261 5498 Es

401 5457 425 5487 ι
446 5450 554 5489 rum
576 5447 761 5498 umque
784 5447 946 5483 teneri
967 5447 1175 5483 uenere.
1195 5447 1261 5482 ex
1284 5447 1382 5543 quo
1405 5447 1457 5483 et
1469 5447 1647 5494 iudex,
1677 5447 1728 5484 et
1749 5447 1963 5483 umerum
1979 5470 1993 5492 ,
2021 5447 2033 5482 ι

401 5519 426 5550 ε
445 5501 599 5552 denas
619 5498 722 5548 auri
741 5495 888 5547 libras
909 5493 1010 5545 fisci
1028 5495 1220 5552 jurtbus
1241 5495 1290 5544 in
1311 5509 1442 5546 erre.
1462 5512 1485 5542 ιι
1516 5496 1632 5546 vide
1655 5495 1844 5549 concilii
1866 5496 2033 5547 cartha

395 5565 513 5617 stini
537 5562 701 5626 epistt.
720 5558 800 5614 88.
826 5571 877 5608 n.
897 5558 945 5620 7,
975 5557 1081 5619 185,
1106 5571 1190 5610 nn.
1214 5557 1376 5610 ἥβῃ.

463 5712 482 5780 ξ
517 5710 637 5780 editi
675 5708 889 5780 adduut_._
921 5705 1100 5780 totius:
1135 5707 1262 5773 quod
1301 5707 1440 5764 abest
1478 5722 1506 5763 a
1571 5710 1922 5780 tuanuscriptis.

461 5772 482 5810 '
512 5772 586 5828 Sic
608 5779 710 5828 aliis.
738 5779 793 5826 At
817 5771 950 5838 editi,
979 5777 1134 5839 putas.

1319 5439 1492 5519 929‘}
1496 5434 1647 5519 ιέςέεέιξν
1657 5442 1742 5519 .‘i‘.
1749 5435 1965 5519 B’EP‘EP.
1973 5433 2505 5519 :..°.‘.1‘1‘1‘RPE‘§PE".9§:
2526 5433 2878 5519 oon-eooo
2899 5442 3046 5519 fateri!
3065 5433 3274 5500 έὶῐίὲἰὶιὲ
3282 5433 3552 5519 ζῦιῖεὲἕίῖὄῦ
3571 5433 3680 5511 ξιιῖὶ

2036 5498 2254 5566 ginensis
2275 5498 2386 5550 anni
2409 5498 2503 5548 40f
2526 5498 2837 5566 legationem,
2866 5505 2985 5560 infra
3018 5511 3068 5560 in
3101 5498 3677 5586 Append'ic‘éf'él'iuigiil

2158 5653 2172 5687 ¹
2194 5652 2328 5736 aditi,
2343 5653 2484 5706 sicuti
2505 5655 2639 5708 utilia
2649 5657 2725 5736 ivel
2747 5659 2934 5715 inutilia
2949 5666 3106 5730 fuerin
3119 5670 3447 5725 ..Przetu'imus
3464 5682 3676 5737 veterum

2158 5724 2523 5783 inuscnptorum
2549 5719 2826 5783 lectionem,
2851 5731 3042 5783 tametsi
3064 5675 3216 5783 adhuc
3242 5736 3542 5783 perplexam.

2096 5719 2523 5816 tiiqiiuscriptorum
2549 5719 2826 5786 lectionem,
2851 5719 3042 5787 tantetsi
3064 5719 3216 5786 adhuc
3233 5719 3544 5806 '[iéiﬁiéiain'il

2213 5788 2387 5836 omnes
2412 5787 2514 5835 Mss.
2590 5781 2650 5840 dc
2674 5785 2776 5842 hoc.

3663 5856 3708 5918 οἳ
