3792 6180
1515 203 1716 264 LIBER
1754 201 2028 264 prunus.
2693 224 2699 230 -
3329 215 3436 276 ιω

1849 318 2060 388 ierunt,
2088 318 2236 378 nullo
2279 321 2442 380 modo
2491 331 2819 384 assertor-um
2857 325 3163 387 christiana».
3205 331 3351 403 pacis
3379 343 3437 392 et

1844 414 2063 470 unitatis
2107 413 2491 475 infructuosam
2536 428 2591 476 et
2618 418 2838 478 inanem
2865 422 3204 480 arbitrareris
3229 409 3434 483 instan-

1844 508 1973 564 tiam
2001 526 2015 564 :
2039 512 2280 582 quamvis
2303 513 2463 570 etiam
2495 514 2541 571 si
2578 516 2666 573 cui
2684 518 2701 550 ί
2730 517 3002 591 diligentia
3029 519 3309 578 medicina:
3336 523 3433 578 hu-

1837 600 1927 672 jus
1957 603 2200 676 impensa
2233 622 2339 663 non
2368 608 2605 679 prodest,
2625 611 2818 668 sufﬁcit
2841 613 2910 669 ad
2933 614 3192 670 rationem
3212 615 3438 674 redden-

1841 691 1964 747 dam
1993 695 2104 751 Deo
2132 697 2274 768 quod
2304 714 2409 755 non
2440 703 2668 758 cessavit
2696 704 2953 776 impendi.
2977 705 3128 762 Sicut
3153 708 3296 764 enim
3315 725 3435 765 ma-

1842 785 2016 858 lignus
2045 801 2235 845 suasor
2266 793 2504 861 peccati,
2539 795 2746 851 etiamsi
2773 811 2876 852 non
2904 801 3268 868 persuaserit,
3311 817 3430 858 me-

1839 879 1945 934 rito
1970 895 2184 950 ptenam
2225 882 2530 956 deceptoris
2574 886 2850 944 incurret:
2882 890 2953 945 ita
3002 889 3170 948 ﬁdelis
3213 893 3435 963 justitiae

1839 972 2189 1042 praedicator,
2219 975 2428 1031 etiamsi
2455 976 2523 1031 ab
2551 977 2855 1035 hominibus
2879 991 3179 1051 respuatur,
3211 984 3347 1040 absit
3379 995 3434 1040 ut

1838 1062 1979 1132 apud
2011 1063 2178 1119 Deum
2206 1066 2289 1120 sui
2317 1065 2478 1123 ofﬁcii
2527 1069 2778 1124 mercede
2816 1070 3109 1127 fraudetur.
3155 1073 3262 1129 Res
3287 1075 3430 1131 enim

1838 1163 1984 1211 certa
2011 1155 2071 1212 ﬁt
2095 1156 2160 1212 ad
2184 1158 2465 1214 incertum.
2496 1157 2761 1217 lacertum
2786 1171 2962 1218 autem
2983 1163 3104 1220 dico
3124 1205 3140 1234 ,
3169 1180 3274 1220 non
3297 1181 3434 1236 prae-

1837 1248 2005 1302 mium
2069 1246 2337 1317 facientis,
2391 1250 2487 1307 sed
2535 1251 2772 1309 animum
2820 1253 3105 1313 audientis.
3163 1255 3429 1316 Incertum

1836 1341 1980 1395 enim
2011 1351 2092 1398 est
2114 1342 2288 1411 nobis,
2311 1352 2489 1400 utrum
2513 1361 2832 1403 assensurus
2861 1348 2929 1404 sit
2955 1349 3041 1404 cui
3066 1351 3260 1407 veritas
3297 1368 3433 1422 prae-

1836 1436 2046 1491 dicatur
2077 1455 2090 1490 :
2123 1437 2217 1492 sed
2243 1448 2448 1494 certum
2479 1449 2580 1507 est,
2599 1440 2760 1498 etiam
2789 1442 2984 1498 talibus
3001 1444 3275 1500 veritatem
3297 1460 3434 1516 prte-

1836 1528 2000 1586 dicari
2027 1539 2310 1602 oportere;
2335 1542 2390 1589 et
2417 1543 2622 1590 certum
2661 1545 2780 1604 est,
2821 1536 3050 1593 fideliter
3086 1553 3204 1594 eam
3235 1540 3429 1610 prtedi-

1835 1630 2018 1677 cantes
2042 1621 2258 1694 dignam
2288 1625 2696 1683 retributionem
2722 1643 2960 1696 manere,
2990 1629 3104 1686 sive
3135 1631 3430 1704 suscipian-

1837 1721 1952 1780 tur,
1983 1713 2096 1769 sive
2121 1717 2484 1784 'spernantur,
2515 1718 2628 1772 sive
2655 1719 2816 1774 etiam
2847 1729 3133 1791 propterea
3180 1724 3433 1792 quislibet

1835 1805 2202 1876 temporaliter
2213 1806 2435 1862 adversa
2457 1809 2745 1878 patiantur.
2771 1810 3026 1866 Dominus
3037 1811 3165 1868 dicit
3181 1813 3233 1866 in
3252 1813 3427 1870 Evan-

1832 1897 1972 1967 gelio
2001 1916 2013 1951 :
2046 1896 2172 1954 Cum
2200 1899 2414 1971 ingressi
2436 1902 2649 1973 fueritis,
2681 1902 2849 1968 dicite,
2883 1902 2998 1959 Pax
3017 1905 3134 1959 huic
3163 1906 3430 1964 domuini

1833 1989 1974 2060 digni
2003 1991 2190 2061 fuerint
2214 1992 2302 2062 qui
2345 1993 2414 2046 ibi
2435 2002 2586 2060 sunt,
2612 1996 2885 2066 requiescet
2915 2013 3068 2068 super
3087 2013 3172 2052 eos
3195 2015 3298 2069 pas;
3343 2015 3429 2054 ve-

1832 2090 1961 2147 stra;
1983 2083 2028 2135 si
2055 2083 2342 2151 quominus,
2366 2085 2433 2137 ad
2461 2100 2548 2139 vos
2571 2094 2845 2140 revertetur
2875 2087 3086 2159 (Matth.
3121 2105 3173 2154 x,
3206 2089 3427 2160 12,15).

1831 2172 2096 2244 Numquid
2118 2185 2294 2231 certos
2323 2175 2446 2232 fecit
2471 2177 2614 2248 quod
2644 2187 2825 2234 essent
2849 2193 3034 2234 eorum
3083 2197 3268 2252 pacem
3303 2198 3427 2240 sus-

1831 2268 2072 2337 cepturi,
2102 2269 2295 2338 quibus
2323 2284 2442 2325 eam
2473 2269 2876 2341 praedicarent?
2906 2273 3094 2330 Certos
3133 2287 3309 2332 tamen
3345 2276 3427 2334 fe—

77 211 210 270 H9

76 324 250 380 nitus
286 341 418 383 non
446 325 741 383 instructum
763 365 778 395 ,
819 337 924 397 quo
951 322 1222 396 pertinet,
1253 320 1517 379 obsecro?
1563 320 1735 377 Num-

76 418 400 489 quidnam
421 430 476 476 te
493 418 724 490 compuli
745 427 931 474 contra
954 431 1071 472 mea
1097 416 1295 487 scripta
1322 413 1655 480 rescribere;
1683 422 1739 470 et

76 509 224 565 ideo
262 514 590 570 recusantis
632 520 687 568 et
731 511 1036 568 excusantis
1082 509 1197 565 haec
1237 523 1338 564 vox
1368 509 1492 564 est?
1523 507 1580 564 Si
1609 522 1738 579 ergo

79 605 353 674 penitus
412 622 518 664 non
574 607 862 662 instructus
910 620 990 673 es,
1039 619 1137 660 cur
1183 619 1289 659 non
1348 603 1521 673 potius
1552 611 1733 669 taces,

75 709 178 754 aut
221 700 319 756 ita
349 702 591 774 loqueris
618 710 677 756 ut
701 699 892 756 instrui
939 709 989 756 te
1028 696 1342 755 desideres?
1385 697 1592 751 Instare
1616 712 1694 750 me
1717 736 1732 762 ,

75 791 266 860 dicis,
308 805 372 849 et
409 811 680 866 provocare
732 810 956 865 semper,
1008 802 1064 846 ut
1107 792 1175 846 ad
1214 789 1608 863 dignoscendam
1633 790 1737 844 veri

76 888 463 957 quaestionem
494 903 689 942 mecum
718 885 869 941 vestri
903 885 1183 956 disceptent
1216 900 1233 938 :
1272 883 1362 938 sed
1400 889 1586 938 vestros
1615 897 1734 953 pru-

77 978 333 1033 dentius
383 996 444 1032 ac
493 979 766 1050 patientius
817 983 986 1049 facere
1013 1019 1026 1044 ,
1079 977 1167 1048 qui
1194 977 1247 1030 in
1278 975 1508 1030 Ecclesia
1539 983 1736 1028 tantum

77 1085 213 1139 qua:
243 1071 316 1125 in
353 1069 488 1142 Lege
515 1070 758 1125 mandata
784 1078 902 1125 sunt
949 1069 1166 1140 populos
1215 1067 1414 1132 docent,
1467 1082 1558 1121 nec
1592 1067 1735 1120 nobis

75 1164 440 1233 respondere
463 1173 680 1228 curant;
709 1163 917 1218 scientes
940 1163 1057 1232 quia
1085 1162 1129 1216 si
1159 1161 1240 1216 lea:
1265 1161 1436 1215 divina
1463 1169 1511 1215 et
1539 1168 1609 1214 tot
1635 1159 1733 1213 da-

77 1264 371 1310 cumenta
414 1257 657 1328 legalium
700 1256 1070 1327 scripturarum
1101 1255 1242 1308 nobis
1269 1253 1390 1324 quid
1412 1254 1478 1308 sit
1507 1254 1687 1308 melius
1715 1293 1731 1321 ,

77 1347 227 1418 quid
290 1350 499 1415 verius,
532 1347 747 1403 suadere
779 1363 881 1401 non
935 1356 1165 1418 possunt,
1208 1362 1463 1415 nunquam
1507 1346 1732 1399 lumtana

79 1450 262 1510 queat
300 1443 585 1495 auctoritas
611 1457 701 1494 nos
727 1439 973 1494 discussis
1009 1436 1261 1493 erroribus
1293 1437 1361 1490 ad
1389 1437 1614 1491 veritatis
1652 1453 1734 1491 re-

81 1535 300 1605 gulam
333 1550 589 1590 reuocare.
615 1533 752 1602 Quid
781 1533 876 1588 tibi
898 1547 1028 1603 ergo
1058 1531 1230 1586 visum
1261 1539 1363 1598 est,
1393 1540 1449 1585 ut
1475 1530 1732 1586 adversus

82 1639 203 1680 nos
262 1626 381 1682 illis
430 1625 728 1682 tacentibus
773 1633 826 1679 tu
871 1622 1146 1694 loquaris?
1185 1622 1317 1676 Nam
1370 1622 1414 1678 si
1469 1623 1606 1678 bene
1650 1621 1730 1678 fa-

81 1718 287 1787 ciunt,
319 1733 418 1774 cur
439 1734 546 1774 non
569 1718 791 1772 imitaris
807 1716 830 1769 'i
856 1716 902 1771 si
929 1716 1088 1783 male,
1112 1730 1208 1770 cur
1230 1715 1448 1770 laudas?

166 1814 236 1870 5.
302 1813 449 1868 Dicis
505 1811 649 1882 quod
701 1810 1021 1865 intoleranda
1070 1809 1364 1880 arrogantia
1407 1807 1609 1862 credam
1651 1825 1732 1863 me

86 1904 289 1958 solum
335 1904 607 1958 terminare
657 1919 831 1974 posse,
874 1901 1010 1972 quod
1056 1901 1170 1955 aliis
1202 1902 1333 1955 velut
1378 1899 1732 1971 inexplicabile

91 1997 311 2061 visum,
354 2005 505 2069 atque
527 1995 641 2049 ideo
667 1995 833 2064 iudici
860 1993 968 2047 Deo
996 1993 1259 2047 dimissum
1287 2000 1377 2046 est.
1409 1991 1538 2046 Cum
1568 1991 1728 2061 paulo

89 2089 376 2158 superius
419 2088 642 2156 dixeris,
675 2088 769 2141 hoc
795 2103 876 2140 me
904 2086 1029 2140 velle
1068 2086 1216 2156 ﬁnire
1254 2094 1366 2158 post
1404 2094 1473 2139 tot
1521 2102 1680 2139 annos
1712 2127 1726 2150 ,

93 2191 228 2249 post
265 2189 345 2235 tot
361 2180 566 2252 judices
598 2189 751 2250 atque
779 2179 1013 2244 arbitros,
1047 2177 1185 2249 quod
1211 2176 1351 2248 apud
1376 2177 1627 2248 principes
1657 2186 1729 2232 tot

94 2274 524 2346 disceptantibus
555 2275 784 2328 litteratis
809 2272 872 2326 ab
899 2273 1156 2342 utriusque
1188 2271 1347 2341 partis
1385 2271 1635 2341 episcopis
1663 2271 1728 2338 ﬁ-

97 2367 213 2421 niri
245 2384 359 2421 non
387 2367 569 2437 potuit.
602 2365 762 2422 Certe
802 2366 948 2421 solus
994 2364 1118 2419 hinc
1157 2373 1362 2434 satago,
1391 2372 1541 2420 certe
1579 2363 1728 2418 solus

100 2457 482 2527 quaestionem
517 2457 672 2512 istam
713 2456 851 2511 ﬁniri
889 2454 1238 2524 disceptando
1276 2454 1563 2510 desidero?
1592 2453 1726 2510 Puto

103 2548 268 2604 enim
315 2551 361 2604 si
409 2549 556 2604 solos
602 2557 816 2605 nostros
845 2547 898 2604 id
926 2556 1147 2603 conatos
1173 2547 1392 2620 culpare
1423 2547 1683 2603 voluisses
1705 2589 1720 2614 ,

103 2658 228 2698 non
259 2644 426 2700 etiam
449 2652 658 2699 vestros
689 2643 741 2698 in
772 2657 836 2698 eo
866 2650 1086 2698 conatos
1114 2640 1277 2697 fuisse
1303 2641 1567 2696 fatereris.
1591 2641 1724 2709 Quia

112 2751 258 2808 ergo
284 2736 438 2792 illum
462 2746 734 2803 conatum,
758 2736 903 2792 illam
936 2735 1263 2792 voluntatem
1293 2745 1347 2790 et
1375 2735 1682 2790 instantiam
1707 2778 1722 2804 ,

107 2831 314 2886 saltem
342 2840 562 2901 propter
589 2839 816 2898 vestros,
838 2829 1234 2900 reprehendere
1255 2829 1364 2899 jam
1394 2843 1500 2884 non
1537 2837 1722 2899 potes;

112 2924 251 2979 nolo
274 2937 400 2980 esse
430 2939 461 2979 a
502 2931 610 2978 tam
645 2923 786 2979 bono
832 2937 998 2993 opere
1047 2921 1274 2977 alienus.
1320 2920 1458 2989 Quid
1501 2921 1726 2991 arguis?

110 3016 249 3087 quid
272 3015 673 3088 reprehendis?
700 3018 781 3072 An
800 3015 1048 3071 invides?
1076 3014 1193 3070 Non
1221 3014 1322 3070 hoc
1347 3015 1415 3071 de
1445 3024 1498 3071 te
1524 3023 1726 3071 temere

113 3108 455 3165 credendum
496 3117 601 3164 est.
656 3108 842 3162 Restat
887 3121 1014 3177 ergo
1050 3115 1108 3160 ut
1144 3106 1324 3162 studio
1366 3107 1725 3164 contentionis

114 3201 224 3257 hoc
274 3203 331 3257 in
383 3216 469 3256 me
515 3199 738 3272 culpes,
778 3198 922 3271 quod
962 3198 1126 3256 etiam
1172 3200 1224 3255 in
1272 3201 1466 3256 vestris
1503 3200 1726 3257 laudare

115 3293 489 3365 compelleris.

193 3384 429 3443 CAPUT
461 3385 550 3442 Ν.
574 3416 645 3427 -
672 3385 726 3444 6.
751 3386 820 3441 At
843 3386 986 3441 enim
1011 3384 1152 3456 quod
1199 3385 1339 3440 inter
1369 3393 1450 3441 tot
1479 3398 1542 3441 ac
1587 3385 1724 3442 tales

123 3478 341 3536 ﬁnitum
412 3495 518 3534 non
565 3487 678 3547 est,
729 3476 1082 3534 intolerabilis
1149 3477 1452 3549 arrogantia
1498 3485 1582 3533 est
1627 3491 1726 3548 per

119 3586 181 3627 se
249 3571 430 3629 solum
499 3571 638 3626 ﬁniri
703 3584 863 3642 posse
921 3585 1266 3642 praesumere.
1325 3569 1443 3638 Nc,
1495 3584 1678 3642 quaeso
1707 3613 1723 3638 ,

119 3665 254 3721 mihi
315 3667 415 3722 soli
472 3664 575 3720 hoc
621 3664 956 3720 tribuendum
1009 3674 1164 3735 putes
1211 3683 1224 3720 :
1272 3664 1482 3734 plurimi
1540 3679 1725 3719 sumus

122 3758 213 3827 qui
268 3758 372 3813 hoc
413 3765 476 3813 ut
513 3757 764 3824 finiatur,
822 3758 931 3812 imo
973 3756 1082 3826 jam
1136 3765 1189 3810 ut
1242 3755 1448 3811 ﬁnitum
1479 3769 1598 3812 esse
1645 3757 1727 3811 in-

121 3859 405 3919 notescat,
453 3851 732 3907 instamus.
777 3850 856 3906 Illi
901 3851 1044 3906 enim
1062 3850 1311 3906 dixerunt
1332 3865 1439 3906 non
1466 3865 1585 3907 esse
1607 3850 1726 3906 ﬁni.

125 3951 238 3999 tum
260 3985 276 4008 ,
307 3943 397 4014 qui
430 3942 606 3998 eidem
639 3942 728 3999 ﬁni
773 3942 1080 3998 consentire
1128 3942 1446 4010 noluerunt,
1495 3959 1726 4015 eumque

122 4037 278 4092 vobis
305 4035 741 4102 occultaverunt,
768 4043 826 4090 ut
861 4035 1022 4091 etiam
1051 4051 1147 4092 vos
1176 4051 1363 4092 eorum
1404 4039 1725 4095 auctoritate

125 4127 337 4199 decepti
367 4128 574 4183 ﬁnitum
605 4142 712 4184 non
739 4143 860 4184 esse
886 4127 1135 4184 credatis.
1183 4127 1361 4184 Nostri
1411 4136 1587 4185 autem
1610 4172 1625 4196 ,
1657 4145 1722 4186 ex

126 4235 234 4291 quo
262 4219 471 4275 ﬁnitum
499 4229 614 4288 est,
641 4220 790 4275 nullo
837 4234 1055 4291 prorsus
1083 4228 1325 4290 tempore
1364 4229 1422 4275 ut
1460 4221 1575 4290 ipse
1603 4219 1724 4276 finis

129 4311 494 4368 innotesceret
519 4320 898 4380 cessaverunt,
927 4311 1196 4382 quomodo
1231 4312 1282 4367 id
1313 4312 1522 4382 publice
1541 4315 1722 4385 priva-

129 4408 332 4479 timque
356 4422 514 4479 agere
558 4416 876 4480 potuerunt;
900 4423 969 4463 ne
998 4408 1279 4478 quisquam
1303 4408 1356 4463 in
1379 4409 1721 4480 perniciosis-

129 4502 266 4558 simo
290 4517 477 4558 errore
496 4503 793 4574 persistens
811 4543 826 4570 ,
857 4501 925 4557 de
948 4502 1169 4573 segnitia
1202 4501 1342 4557 circa
1371 4517 1430 4558 se
1454 4503 1723 4560 ministro-

128 4609 244 4650 rum
276 4593 372 4649 Dei
405 4594 457 4648 iu
491 4594 677 4650 ultimo
697 4593 897 4665 judicio
941 4602 1276 4664 quereretur.
1321 4593 1435 4649 Non
1467 4611 1594 4666 ergo
1625 4611 1724 4650 nos

130 4689 254 4743 olim
308 4685 514 4741 ﬁnitam
545 4701 758 4743 causam
785 4686 854 4742 de
884 4687 1092 4757 integro
1117 4686 1361 4742 volumus
1397 4695 1719 4755 retractare;

131 4781 219 4837 sed
273 4779 725 4851 quemadmodum
769 4779 912 4834 finita
944 4779 1014 4835 sit
1051 4778 1460 4846 demonstrare,
1505 4790 1724 4852 propter

133 4887 222 4927 eos
250 4871 485 4926 maxime
512 4872 599 4942 qui
655 4871 757 4926 hoc
809 4871 1097 4927 nesciunt:
1133 4881 1190 4926 ut
1237 4887 1358 4928 cum
1411 4871 1722 4930 defensores

133 4965 520 5022 convincuntur
535 4966 764 5032 erroris,
796 4972 888 5020 aut
915 4965 1074 5020 etiam
1104 4966 1202 5036 ipsi
1227 4967 1456 5022 correcti
1485 4967 1722 5024 liberen-

135 5067 247 5123 tur;
277 5067 370 5112 aut
394 5067 539 5113 certe
567 5057 694 5128 ipsis
721 5057 1006 5112 confutatis
1041 5066 1095 5112 et
1133 5057 1185 5111 iu
1217 5066 1400 5128 aperta
1432 5058 1721 5128 pertinacia

136 5150 530 5205 remanentibus
549 5190 564 5218 ,
600 5148 651 5202 hi
681 5149 771 5220 qui
813 5149 1118 5219 cupidiores
1145 5158 1268 5204 sunt
1295 5149 1534 5206 veritatis
1562 5166 1719 5222 quam

136 5243 507 5310 contentionis,
541 5241 756 5298 videant
777 5242 900 5313 quid
933 5251 1246 5314 sequantur.

201 5333 425 5390 CAPUT
461 5333 607 5388 V.—
627 5335 680 5389 7.
702 5333 886 5405 Neque
906 5335 999 5388 hoc
1019 5335 1077 5404 ﬁt
1101 5335 1208 5388 sine
1234 5337 1424 5407 fructu,
1455 5345 1513 5390 ut
1541 5336 1722 5392 existi-

140 5445 262 5485 mas.
278 5429 412 5486 Nam
431 5429 475 5484 si
495 5444 684 5501 posses
703 5429 886 5485 videre
901 5444 1061 5500 quam
1083 5429 1238 5500 longe
1253 5429 1464 5500 lateque
1486 5428 1718 5487 Africam

142 5537 279 5579 error
303 5525 405 5580 iste
431 5524 787 5594 pervaserat‘,
817 5533 870 5580 et
889 5537 1047 5594 quam
1091 5538 1259 5593 pauca
1299 5522 1416 5593 ejus
1444 5539 1720 5580 remanse-

144 5619 236 5676 rint
261 5635 380 5692 qua:
406 5617 648 5675 nondum
677 5616 727 5673 in
744 5632 927 5690 pacem
957 5615 1274 5673 catholicam
1295 5627 1535 5676 correcta
1556 5629 1721 5676 trans-

201 5737 216 5774 ⁸
247 5735 365 5794 aditi
386 5733 671 5804 pervaserit.
694 5737 865 5793 verius
886 5737 1214 5805 manuscripti,
1241 5746 1532 5806 permiserat.

1831 2360 1940 2424 cit,
1971 2369 2027 2415 ut
2053 2375 2172 2415 eam
2202 2361 2320 2417 sine
2347 2362 2686 2418 cunctatione
2712 2363 3084 2434 praedicarent.

1846 2517 1850 2522 η
1902 2450 2128 2509 CAPUT
2155 2451 2239 2507 Vl.
2269 2483 2343 2493 —
2370 2453 2424 2508 8.
2451 2454 2742 2524 Apostolus
2766 2457 2928 2512 etiam
2954 2457 3170 2526 Paulus,
3191 2458 3427 2529 Servum,

1830 2544 2003 2615 inquit
2028 2587 2044 2607 ,
2061 2545 2268 2600 Domini
2289 2547 2489 2619 litigare
2506 2563 2608 2602 non
2647 2557 2842 2620 oportet
2867 2591 2882 2616 ,
2932 2550 3022 2606 sed
3041 2567 3146 2607 esse
3165 2553 3336 2609 mitem
3361 2553 3430 2609 ad

1829 2653 2019 2706 omnes,
2039 2637 2324 2706 docibilem,
2343 2639 2634 2710 patientem,
2647 2641 2701 2695 in
2719 2641 2961 2697 modestia
2979 2644 3330 2716 corripientem
3347 2646 3430 2701 di-

1829 2747 1972 2786 versa
2003 2731 2306 2797 sentientes;
2332 2749 2395 2786 ne
2421 2732 2552 2802 forte
2577 2732 2658 2787 det
2701 2735 2806 2789 illis
2837 2734 2972 2790 Deus
2997 2738 3340 2808 paenitentiam
3359 2737 3430 2794 ad

1829 2825 2229 2896 cognoscendam
2257 2825 2536 2894 veritatem,
2552 2834 2600 2880 et
2618 2827 2914 2898 resipiscant
2932 2829 2995 2883 de
3009 2830 3197 2884 diaboli
3215 2831 3426 2901 laqueis,

1830 2917 2069 2987 captivati
2088 2917 2151 2971 ab
2178 2917 2292 2989 ipso
2308 2917 2360 2972 in
2381 2917 2544 2989 ipsius
2563 2919 2868 2973 voluntatem
2886 2919 2952 2991 (ll
2970 2919 3104 2974 Tim.
3125 2938 3182 2988 ιι,
3195 2922 3287 2991 24,
3305 2923 3426 2995 25).

1831 3008 2055 3065 Intende
2077 3009 2349 3080 quomodo
2367 3051 2384 3077 ,
2409 3025 2570 3081 quem
2596 3011 2766 3066 noluit
2791 3010 3000 3083 litigare
3016 3054 3030 3080 ,
3058 3015 3224 3069 voluit
3251 3025 3427 3072 tamen

1830 3101 1883 3157 in
1906 3101 2170 3158 modestia
2196 3103 2470 3174 corripere
2493 3101 2707 3160 diversa
2727 3107 3026 3161 sentientes
3058 3125 3072 3161 :
3102 3122 3170 3162 ne
3192 3107 3283 3163 Dei
3307 3124 3429 3164 ser-

1828 3210 1926 3252 vus
1983 3195 2398 3266 prohibitionem
2447 3197 2786 3268 petulantiae,
2838 3201 3174 3257 occasionem
3219 3211 3431 3274 putaret

1829 3303 1950 3345 esse
1999 3288 2246 3360 pigritiae.
2279 3287 2473 3344 Verum
2503 3290 2628 3360 quia
2654 3290 2809 3345 multi
2846 3299 2900 3347 et
2932 3292 3104 3363 ipsam
3133 3295 3431 3365 correptio-

1829 3397 1952 3437 nem
1981 3397 2099 3453 qua:
2126 3381 2368 3438 modeste
2396 3381 2484 3449 ﬁt,
2508 3382 2594 3438 vel
2618 3385 2855 3454 peccatis
2881 3385 2991 3441 suis
3029 3385 3298 3454 faventes,
3335 3388 3420 3445 vel

1830 3474 1957 3547 quid
1986 3473 2346 3546 respondeant
2366 3489 2472 3530 non
2498 3474 2835 3531 invenientes
2857 3519 2871 3544 ,
2896 3493 2996 3533 nec
3017 3486 3195 3535 tamen
3219 3481 3429 3537 veritati

1829 3566 2259 3638 acquiescentes,
2289 3580 2517 3622 onerose
2538 3580 2604 3622 ac
2627 3567 2853 3624 moleste
2868 3567 3078 3636 ferunt;
3105 3585 3198 3626 eos
3224 3571 3314 3642 qui
3340 3586 3429 3629 se-

1830 3674 1954 3715 cum
1975 3658 2160 3714 sedulo
2197 3668 2396 3730 agunt,
2425 3673 2526 3714 nec
2548 3660 2617 3715 ab
2637 3674 2824 3717 eorum
2844 3661 3214 3718 convincendo
3243 3677 3428 3722 errore

1830 3753 2198 3819 dissimulant,
2241 3752 2500 3824 litigiosos
2529 3763 2584 3810 et
2620 3756 2985 3812 contentiosos
3012 3767 3220 3812 vocant.
3254 3756 3427 3814 Falsi-

1833 3854 1914 3901 tas
1937 3845 2078 3901 enim
2106 3860 2226 3917 quas
2250 3845 2437 3901 nudari
2465 3854 2519 3902 et
2542 3846 2790 3919 redargui
2815 3849 3034 3915 metuit,
3062 3865 3248 3906 eorum
3271 3851 3427 3907 vitio-

1831 3954 1948 3994 rum
1973 3938 2190 3994 nomine
2209 3952 2328 4009 qum
2367 3938 2566 3994 veritas
2589 3939 2842 4008 damnat,
2872 3940 3199 4013 diligentiam
3225 3943 3426 3999 verita-

1831 4031 1899 4086 tis
1942 4039 2177 4086 accusat.
2208 4030 2473 4103 Numquid
2518 4030 2639 4088 ideo
2702 4044 2882 4089 tamen
2925 4035 2994 4092 ab
3040 4034 3140 4092 hac
3169 4036 3420 4093 instantia

1829 4122 2196 4179 desistendum
2225 4133 2309 4180 est
2346 4125 2370 4179 ?
2408 4123 2544 4180 Vide
2591 4125 3038 4196 quemadmodum
3085 4129 3424 4186 Timotheum

1830 4214 1970 4272 idem
1998 4217 2298 4288 obstringat
2324 4216 2610 4287 Apostolus
2629 4260 2644 4284 ,
2691 4234 2759 4275 ne
2789 4230 3006 4291 propter
3031 4220 3276 4278 homines
3303 4225 3425 4294 qui-

1829 4307 1928 4363 bus
1954 4308 2192 4364 insuavis
2219 4318 2300 4364 est
2323 4309 2632 4381 praedicatio
2655 4313 2893 4368 veritatis
2911 4355 2927 4380 ,
2951 4315 3125 4386 aliqua
3166 4316 3216 4372 ei
3240 4318 3423 4388 segni-

1829 4400 1898 4454 tia
1930 4399 2254 4470 prazdicandi
2297 4401 2628 4474 subreperet.
2657 4401 2945 4474 Testiﬁcor,
2993 4407 3200 4478 inquit,
3250 4425 3424 4466 coram

1828 4490 1936 4546 Deo
1969 4503 2012 4547 et
2039 4489 2240 4548 Christo
2277 4491 2422 4558 Iesu,
2454 4495 2542 4565 qui
2557 4494 2886 4566 judicaturus
2913 4507 2988 4553 est
3026 4499 3161 4555 vivos
3189 4516 3249 4554 ac
3287 4517 3425 4556 mor-

1830 4593 1941 4638 tuos
1965 4627 1978 4648 ,
2011 4597 2058 4640 et
2098 4601 2186 4655 per
2202 4585 2222 4617 '
2245 4585 2701 4656 manifestationem
2727 4598 2772 4644 et
2798 4606 3006 4661 regnum
3033 4592 3144 4660 ejus
3162 4635 3176 4659 ,
3201 4595 3423 4662 prtedica

1828 4676 2054 4742 verbum,
2080 4677 2212 4730 insta
2239 4686 2538 4748 opportune,
2567 4679 2877 4753 importune;
2903 4700 3077 4755 argue,
3103 4685 3321 4754 hortare,
3337 4688 3420 4741 in-

1827 4776 1997 4838 crepa,
2027 4767 2080 4822 in
2098 4768 2236 4822 omni
2254 4769 2636 4840 longanimitate
2663 4784 2709 4828 et
2737 4773 2986 4830 doctrina.
3023 4776 3151 4842 Quis
3185 4777 3296 4832 her
3322 4795 3420 4834 au-

1827 4862 1977 4918 diens
1996 4904 2011 4930 ,
2044 4863 2087 4918 si
2110 4863 2220 4918 Deo
2249 4861 2478 4920 ﬁdeliter
2506 4867 2689 4935 servit,
2708 4868 2751 4922 si
2779 4867 2995 4924 dolosas
3017 4871 3292 4940 operarius
3315 4889 3418 4928 non

1828 4963 1940 5023 est,
1964 4956 2030 5011 ab
2059 4955 2162 5011 hac
2186 4955 2458 5029 diligentia
2486 4967 2540 5015 et
2580 4959 2828 5015 instantia
2863 4963 3210 5033 conquiescat
3239 4964 3260 5018 ?
3291 4967 3421 5035 Quis

1827 5051 1927 5106 sub
1952 5059 2094 5106 tanta
2122 5051 2493 5108 testiﬁcatione
2546 5054 2724 5126 segnis
2767 5071 2886 5112 esse
2915 5057 3151 5114 audeat?
3177 5059 3292 5115 Non
3326 5061 3420 5116 ita-

1827 5159 1932 5214 que
1951 5143 2106 5199 nobis
2132 5145 2405 5216 obstrepat
2431 5145 2484 5201 in
2528 5145 2628 5201 hac
2656 5161 2816 5203 causa
2843 5149 3087 5206 facundia
3117 5162 3202 5207 tua
3233 5169 3247 5208 :
3281 5170 3420 5224 prie-

1828 5236 2066 5293 dicamus
2093 5237 2311 5292 omnino
2343 5238 2396 5292 in
2423 5236 2690 5308 adjutorio
2717 5239 2923 5296 Domini
2954 5244 3045 5299 Dei
3079 5246 3249 5300 nostri
3278 5246 3420 5302 chri-

1827 5333 2011 5387 stianae
2031 5331 2251 5386 unitatis
2267 5332 2568 5399 utilitatem,
2592 5333 2864 5403 pietatem,
2897 5341 3262 5407 sanctitatem,
3282 5358 3420 5411 prac-

1827 5425 2066 5481 dicamus
2093 5425 2394 5482 volentibus
2418 5435 2745 5497 opportune,
2801 5431 3155 5487 renitentibus
3204 5432 3407 5503 impor-

1827 5528 1987 5588 tune;
2012 5527 2067 5575 et
2092 5519 2304 5591 quantis
2329 5519 2566 5577 valemus
2589 5520 2791 5579 viribus
2819 5522 2973 5580 istam
2997 5524 3137 5580 inter
3177 5539 3276 5581 nos
3296 5541 3421 5598 pare

1892 5680 1914 5776 ἶ
1945 5676 2494 5814 ῗπῗιῗιὶίἕιῖἑῗῖἐηεει
2511 5742 2575 5814 ψ
2603 5743 2826 5804 amathus
2847 5750 2956 5812 uas.
