3792 6170
381 205 481 266 451

380 345 600 408 temque
645 333 831 391 Donati
863 331 1236 403 quz-cstionem,
1292 337 1346 382 et
1388 327 1608 399 qttibus'
1658 338 1969 397 possumus,

381 431 512 490 olim
544 429 742 485 ilnitam
773 441 891 484 esse
919 433 1295 480 monstramus.

321 510 324 541 ῖ
453 520 678 580 CAPUT
719 517 826 573 Vll.
869 549 939 557 —
987 515 1039 572 9.
1076 517 1379 586 Agnoscant
1429 513 1481 568 in
1528 529 1589 570 se
1619 511 1970 570 contentiosm

375 612 730 674 animositatis
759 624 952 666 nomen
974 617 1026 665 et
1051 609 1288 673 crimen,
1317 608 1405 679 qui
1436 605 1518 663 vel
1539 605 1800 678 pervicaci
1827 613 1971 660 astu—

376 711 446 765 tia
482 705 722 778 prmbent
760 695 1110 774 patrocinium
1133 699 1372 766 falsitati,
1400 698 1483 754 vel
1515 698 1690 754 invida
1714 697 1968 770 jactantia

373 801 681 856 ministrant
703 796 1026 868 praeconium
1046 793 1277 850 veritati.
1305 792 1598 864 Utrumque
1626 793 1727 847 hoc
1747 800 1970 846 conten-

371 892 631 948 tiosorum
661 905 829 961 genus
853 888 1127 960 apostolus
1151 886 1348 943 Paulus
1376 887 1638 957 eXpressit
1666 903 1679 941 :
1713 883 1837 939 illud
1861 883 1967 954 pri-

370 999 518 1040 mum
561 983 616 1039 in
655 979 994 1047 Alexandro,
1043 979 1110 1034 de
1149 994 1254 1049 quo
1303 978 1406 1042 ait,
1444 976 1731 1031 Alexander
1755 977 1967 1030 aerarius

372 1079 533 1134 multa
560 1078 698 1131 mala
724 1074 848 1130 mihi
875 1073 1125 1140 ostendit;
1154 1071 1330 1127 reddet
1367 1070 1448 1126 illi
1492 1070 1743 1125 Dominus
1787 1087 1967 1125 secun-

372 1174 495 1227 dum
527 1187 679 1243 opera
711 1171 819 1241 ejus
847 1185 866 1224 :
887 1183 1032 1234 quem
1063 1173 1110 1220 et
1138 1175 1192 1219 tu
1227 1164 1416 1228 devita;
1439 1163 1587 1218 valde
1625 1164 1758 1217 enim
1785 1161 1966 1216 restitit

370 1261 557 1316 nostris
580 1257 891 1314 sermonibus
913 1253 978 1328 (ll
1003 1251 1138 1308 Tim.
1163 1267 1239 1320 tv,
1273 1253 1324 1317 l,
1355 1251 1412 1316 2,
1443 1253 1532 1319 M,
1566 1249 1675 1322 15);
1708 1249 1810 1305 hoc
1835 1263 1966 1305 vero

371 1351 601 1408 alterum
625 1351 677 1405 in
705 1349 781 1405 eis
802 1347 868 1403 de
895 1345 1087 1419 quibus
1117 1344 1190 1399 ait
1215 1362 1229 1400 :
1255 1342 1476 1409 Quidam
1504 1341 1704 1414 quidem
1732 1357 1792 1396 ea:
1835 1341 1967 1394 invi—

373 1444 460 1500 dia
489 1453 534 1498 et
559 1443 874 1497 contentione
900 1438 1157 1495 Christum
1186 1436 1521 1504 annuntiant,
1548 1451 1650 1489 non
1669 1443 1824 1501 caste,
1856 1433 1966 1487 exi-

373 1538 634 1593 stimantes
656 1533 1025 1590 tribulationem
1054 1526 1292 1586 suscitari
1314 1526 1526 1582 vinculis
1550 1525 1693 1580 meis.
1720 1523 1850 1579 Nam
1884 1522 1963 1578 illi

377 1631 558 1705 procul
588 1627 749 1685 dubio
771 1625 1000 1698 ldipsum
1017 1622 1403 1680 annuntiabant
1426 1619 1570 1694 quod
1596 1617 1825 1683 Paulus;
1853 1630 1960 1672 non

373 1733 555 1782 tamen
580 1737 644 1777 eo
665 1720 864 1788 animo,
898 1733 1002 1774 non
1030 1731 1093 1772 ea
1117 1715 1389 1771 voluntate
1407 1756 1423 1782 ,
1451 1728 1557 1768 non
1579 1726 1646 1767 ex
1672 1709 1958 1772 charitate,

373 1813 467 1872 sed
495 1830 560 1871 ex
590 1812 815 1881 invidia,
845 1811 981 1867 sicut
1001 1808 1152 1876 dixit,
1172 1815 1226 1864 et
1246 1821 1312 1864 ex
1337 1803 1701 1867 contentione,
1719 1801 1962 1858 volentes

370 1904 603 1978 superbo
634 1919 795 1960 sensu
817 1902 869 1958 in
917 1899 1104 1957 eadem
1134 1900 1248 1971 ipsa
1291 1894 1697 1953 annuntiatione
1737 1891 1962 1964 praecel-

370 2000 507 2066 lere,
538 2005 593 2054 et
616 1994 858 2069 apostolo
885 1991 1051 2049 Paulo
1097 1989 1368 2061 anteponi.
1399 1985 1552 2057 Quod
1579 1985 1668 2042 ille
1703 1999 1810 2040 non
1842 1998 1960 2039 mo-

366 2093 500 2151 leste
528 2091 727 2158 ferens,
761 2090 868 2146 imo
899 2088 1057 2145 etiam
1079 2083 1337 2158 gaudens,
1363 2080 1505 2154 quod
1531 2080 1598 2136 ab
1619 2080 1696 2136 eis
1719 2077 1850 2134 illud
1873 2078 1959 2132 vi-

372 2187 533 2245 debat
560 2183 838 2257 prazdicari
863 2225 877 2249 ,
905 2179 1047 2254 quod
1095 2178 1252 2234 latius
1302 2175 1635 2231 innotescere
1671 2170 1955 2242 cupiebat:

371 2279 510 2348 Quid
535 2278 667 2334 enim
692 2319 706 2344 ,
750 2273 953 2345 inquit,
1002 2272 1123 2326 dum
1152 2270 1290 2324 omni
1314 2267 1465 2322 modo
1485 2309 1500 2332 ,
1533 2265 1634 2320 sive
1661 2263 1955 2328 occasione,

364 2376 470 2432 sive
496 2375 702 2429 veritate
739 2370 971 2427 Christus
1000 2365 1327 2421 annuntietur
1349 2363 1374 2417 .’
1400 2360 1582 2432 Neque
1609 2358 1752 2415 enim
1778 2356 1958 2412 cordis

363 2469 448 2528 Sui
475 2467 697 2525 veritate
717 2509 733 2536 ,
760 2463 883 2537 quia
914 2477 1018 2518 non
1046 2461 1251 2516 sincera
1277 2457 1572 2513 intentione
1593 2498 1608 2524 ,
1649 2453 1744 2511 sed
1766 2450 1957 2508 aemula

363 2561 725 2626 contentione,
758 2555 1034 2617 veritatem
1069 2562 1267 2617 tamen,
1300 2550 1403 2606 hoc
1421 2557 1503 2605 est
1530 2547 1802 2603 Christum
1825 2589 1839 2614 ,
1864 2559 1958 2600 an-

361 2652 698 2713 nuntiabant.
754 2649 837 2706 Tu
867 2649 1024 2720 igitur
1050 2662 1171 2704 cum
1195 2643 1360 2717 judex
1409 2641 1725 2698 interiorum
1780 2637 1958 2695 cordis

361 2747 531 2807 nostri
560 2759 677 2802 esse
724 2759 830 2800 non
882 2742 1082 2815 possis,
1131 2734 1501 2794 tantummodo
1531 2743 1708 2789 utrum
1748 2730 1956 2788 veritati

359 2841 707 2906 resistamus,
755 2852 821 2892 an
847 2849 941 2892 eos
970 2833 1061 2906 qui
1111 2831 1322 2888 veritati
1369 2829 1630 2886 resistunt
1671 2826 1948 2882 revincere

365 2937 665 3009 cupiamus,
697 2933 935 2990 adverte.
964 2929 1094 2986 Nam
1127 2926 1312 2998 procul
1366 2922 1529 2979 dubio
1579 2923 1622 2978 si
1670 2923 1952 2975 veritatem

360 3029 651 3088 suademus
673 3039 1018 3096 erroremque
1037 3019 1354 3087 refellimus,
1374 3014 1583 3074 etiamsi
1609 3027 1714 3070 non
1733 3011 1958 3070 veritate

363 3122 594 3197 propria:
625 3115 935 3176 intentionis
955 3157 968 3182 ,
1001 3113 1095 3170 sed
1125 3113 1544 3169 emolumentum
1572 3105 1754 3164 saeculi
1796 3103 1956 3174 hujus

362 3227 418 3277 et
444 3217 733 3273 humanam
759 3213 983 3287 gloriam
1011 3215 1316 3282 quaerentes
1341 3203 1395 3261 id
1428 3217 1683 3276 agamus;
1725 3198 1956 3272 gaudere

363 3312 563 3371 debent
591 3309 874 3367 dilectores
903 3302 1166 3370 veritatis,
1193 3300 1317 3374 quia
1345 3306 1400 3354 et
1426 3297 1526 3353 hac
1551 3295 1836 3352 occasione
1864 3307 1958 3348 ve-

362 3405 494 3465 ritas
519 3401 886 3470 annuntiatui',
914 3397 1053 3456 sicut
1073 3393 1362 3466 Apostolus
1389 3391 1480 3464 qui
1511 3389 1656 3456 dicit,
1686 3387 1756 3442 Et
1778 3387 1834 3442 in
1860 3387 1956 3441 hoc

362 3497 589 3574 gaudebo
620 3493 879 3571 (Philipp.
912 3506 951 3559 t,
985 3489 1074 3557 l7,
1129 3485 1244 3558 ll8).
1297 3484 1356 3540 Si
1403 3490 1582 3538 autem
1633 3478 1818 3553 (quod
1844 3478 1955 3534 Deo

359 3591 594 3650 maxime
625 3596 808 3644 notum
830 3589 945 3652 est,
976 3588 1030 3638 et
1061 3579 1206 3655 quod
1233 3577 1327 3634 tibi
1359 3577 1520 3632 etiam
1544 3574 1668 3646 ipsi,
1696 3581 1953 3644 quantum

360 3695 442 3744 est
470 3683 736 3740 facultatis
764 3681 1031 3744 humanm,
1077 3675 1123 3731 si
1154 3673 1434 3730 nobiscum
1462 3670 1674 3725 viveres
1698 3710 1713 3737 ,
1764 3676 1951 3722 notum

358 3792 480 3834 esse
518 3773 796 3846 potuisset)
854 3771 938 3842 pia
990 3762 1349 3824 sollicitudine
1395 3759 1673 3817 charitatis
1707 3759 1759 3814 in
1794 3757 1956 3830 hujus

361 3866 776 3940 dispensationis
824 3863 1008 3918 labore
1052 3871 1375 3921 versamur;
1436 3861 1564 3923 puto
1618 3866 1954 3923 nequaquam

356 3957 834 4034 justereprehendl
855 3955 1209 4013 ministerium
1227 3962 1494 4022 nostrum,
1511 3951 1556 4006 si
1583 3958 1771 4006 contra
1788 3963 1955 4020 quos-

363 4053 494 4112 libet
521 4051 859 4108 adversarios
883 4047 1123 4106 veritatis
1141 4046 1366 4104 ferventi
1394 4043 1583 4118 spiritu
1613 4059 1711 4116 pro
1731 4041 1956 4098 veritate

360 4155 650 4203 certemus.

436 4234 661 4295 CAPUT
689 4233 825 4292 Vili.
849 4267 919 4276 —
936 4235 1024 4293 10.
1050 4233 1185 4291 Nam
1209 4233 1257 4292 si
1281 4231 1647 4290 contentiosus
1672 4229 1898 4287 habetur
1924 4247 1953 4286 a

362 4331 517 4391 vobis
541 4330 626 4386 vel
653 4328 929 4386 animosus
952 4337 1277 4402 paratorque
1295 4327 1551 4392 rixarum,
1576 4325 1816 4397 quisquis
1840 4323 1956 4379 cui-

361 4441 520 4500 quam
569 4423 836 4481 sermonis
879 4424 1280 4480 altercationem
1321 4420 1405 4477 vel
1426 4419 1624 4475 inferre
1639 4417 1726 4474 vel
1755 4417 1957 4474 referre

361 4519 656 4586 curaverit;
693 4518 869 4575 videte
912 4517 1037 4589 quid
1077 4516 1145 4572 de
1170 4517 1286 4588 ipso
1309 4514 1535 4570 Domino
1564 4511 1691 4569 Jesu
1719 4509 1953 4577 Christo,

360 4614 582 4686 ejusque
605 4611 776 4669 servis
804 4608 1087 4679 Prophetis
1109 4619 1162 4663 et
1183 4606 1451 4678 Apostolis
1467 4603 1728 4660 sentiatis.
1753 4601 1956 4672 Nempe

362 4707 506 4759 enim
539 4705 794 4759 Dominus
820 4702 931 4772 ipse
956 4698 1123 4754 Filius
1150 4697 1282 4765 Dei,
1306 4695 1563 4766 numquid
1589 4709 1711 4751 cum
1729 4693 1856 4748 solis
1874 4692 1954 4747 di-

362 4795 581 4866 scipulis
605 4794 689 4850 vel
719 4792 887 4848 turbis
910 4789 1065 4862 quiin
1078 4805 1198 4844 eum
1212 4787 1574 4853 crediderunt,
1593 4801 1659 4840 an
1674 4801 1783 4840 non
1797 4784 1956 4840 etiam

364 4905 486 4945 cum
520 4887 748 4942 inimicis
774 4883 1123 4950 tentantibus,
1153 4878 1594 4946 obtrectantibus,
1618 4878 1957 4947 interrogan-

365 4981 526 5046 tibus,
555 4977 946 5043 resistentibus,
984 4973 1421 5031 maledicentibus
1446 5015 1459 5038 ,
1489 4970 1674 5026 habuit
1718 4970 1784 5026 de
1813 4970 1956 5026 veri-

366 5083 475 5130 tate
510 5071 847 5127 sermonem?
878 5067 1141 5140 Numquid
1181 5082 1302 5122 eum
1353 5065 1512 5123 etiam
1539 5080 1661 5122 cum
1703 5079 1805 5122 una
1837 5081 1957 5120 mu-

365 5167 497 5222 liere
513 5165 579 5220 de
605 5164 898 5235 quaestione
924 5161 1180 5218 orationis
1201 5169 1385 5217 contra
1406 5160 1710 5232 opinionem
1735 5160 1820 5215 vel
1850 5159 1959 5215 hae-

364 5275 540 5318 rescm
585 5257 1040 5314 Samaritanorum
1081 5255 1248 5328 piguit
1290 5253 1598 5328 disputare?
1641 5254 1746 5310 Sed
1789 5254 1956 5321 illam,

364 5353 544 5426 inquis
563 5349 886 5408 credituram
911 5364 1029 5406 esse
1053 5347 1390 5420 prmsciebat.
1413 5345 1552 5415 Quid
1583 5345 1743 5402 toties
1768 5344 1958 5401 adver-

369 5463 464 5504 sus
506 5445 741 5513 Iudaeos,
787 5443 1106 5512 Pharisaeos,
1136 5441 1477 5506 Sadducaros,
1532 5455 1636 5496 non
1661 5440 1834 5496 solum
1868 5440 1961 5494 mi-

367 5542 511 5599 nime
535 5537 858 5604 credituros,
884 5553 1073 5593 verum
1092 5535 1256 5592 etiam
1283 5533 1512 5590 maxime
1535 5531 1960 5591 contradicturos

431 5727 463 5761 ι
487 5732 590 5780 Am.
613 5733 669 5779 et
685 5731 784 5790 En,
805 5730 854 5778 et
874 5722 1023 5788 quod.
1050 5728 1177 5783 Msa,
1196 5724 1243 5772 et
1258 5730 1349 5784 pro
1367 5718 1557 5782 quibus.

1166 203 1437 260 CONTRA
1476 197 1910 259 causconmu
1952 187 2410 275 DONATISTAM,
2441 208 2498 265 s.
2528 209 2893 270 AUGUSTINI

3601 213 3727 275 452

2081 335 2133 382 et
2155 338 2551 398 persecuturos,
2583 346 2762 387 coram
2803 334 2858 387 in
2909 347 2970 390 os
2997 347 3182 390 eorum
3211 351 3373 408 quam
3403 337 3600 393 multa
3637 335 3725 391 ιο.

2079 430 2233 476 cutus
2263 424 2380 478 est?
2414 423 2602 480 Nonne
2631 423 2698 481 ab
2724 425 2804 480 eis
2834 425 2995 492 uitro,
3028 442 3147 482 cum
3180 428 3371 495 voluit,
3405 429 3569 500 quod
3611 446 3724 485 vo-

2078 516 2175 570 luit
2200 517 2488 588 inquisivit,
2507 528 2562 575 ut
2580 536 2766 576 eorum
2789 520 2908 576 illos
2926 522 3277 593 responsione
3297 525 3729 581 convinceret?

2077 606 2266 664 Nonne
2293 608 2397 664 illis
2424 610 2610 667 dolose
2642 613 2896 669 tentando
2921 615 3304 686 qumrentibus,
3340 633 3461 672 cum
3489 618 3720 673 redar-

2077 701 2185 772 guti
2206 701 2662 774 obmutescerent,
2695 706 2810 762 sine
2836 707 2942 762 ulla
2964 706 3307 779 ambiguitate
3341 709 3658 781 reSpondit
3688 712 3715 763 Ρ

2076 790 2228 859 Quod
2278 807 2398 848 cum
2428 792 2644 863 faceret,
2681 795 2858 850 nullus
2899 811 2964 852 ex
3007 796 3090 851 his
3113 797 3305 868 legitur
3341 799 3408 854 ad
3436 815 3579 855 eum
3617 816 3721 854 se-

2075 885 2344 956 quendum
2394 886 2557 943 fuisse
2603 903 2914 944 conversus.
2941 887 3012 944 Et
3050 890 3232 960 utique
3276 903 3527 958 noverat,
3570 896 3714 963 quia

2074 980 2329 1049 praescius
2355 988 2471 1035 erat
2496 1023 2510 1048 ,
2541 981 2673 1036 nihil
2710 996 2769 1037 se
2797 983 2863 1037 ad
2894 998 3081 1038 eorum
3110 984 3357 1050 salutem,
3388 1001 3516 1041 curn
3563 986 3704 1042 lizec

2073 1069 2142 1125 ad
2166 1085 2260 1127 eos
2286 1071 2371 1128 vel
2399 1073 2454 1127 in
2478 1089 2591 1140 eos,
2628 1073 2712 1130 vel
2740 1073 3000 1131 adversus
3030 1091 3124 1132 eos
3150 1076 3392 1144 diceret,
3421 1083 3711 1150 proruta.

2072 1178 2214 1219 rum.
2240 1165 2346 1221 Sed
2379 1182 2477 1224 nos
2515 1166 2742 1224 fortasse
2785 1182 2882 1225 suo
2909 1169 3139 1226 firmavit
3170 1173 3440 1244 exemplo,
3479 1174 3588 1243 qui
3627 1174 3714 1228 fu-

2072 1265 2248 1312 turam
2294 1257 2451 1314 fidem
2481 1259 2826 1332 perﬁdiamvc
2859 1261 3133 1318 hominum
3184 1279 3529 1336 praenoscere
3583 1282 3710 1321 non

2073 1351 2342 1420 valemus;
2369 1368 2436 1410 ne
2463 1353 2509 1409 si
2533 1354 2744 1425 quando
2769 1355 2993 1411 nimium
3015 1356 3165 1411 duris
3189 1357 3526 1429 nimiumque
3559 1375 3708 1430 per-

2074 1444 2248 1500 versis
2287 1444 2404 1500 sine
2433 1443 2609 1501 fructu
2638 1446 2826 1502 salutis
2857 1463 3043 1503 eorum
3071 1448 3235 1505 locuti
3271 1447 3562 1516 fuerimus,
3599 1451 3710 1506 de-

2072 1535 2315 1592 ficiamus
2343 1545 2399 1592 et
2424 1536 2743 1594 desistamus
2764 1539 2832 1594 ab
2857 1539 3108 1595 instantia
3140 1539 3469 1612 priedicandi
3497 1583 3514 1610 ,
3558 1557 3703 1596 cum

2071 1626 2302 1684 inaniter
2349 1629 2578 1701 piguerit
2613 1630 2877 1688 laborare.
2924 1632 3086 1702 Quid,
3115 1633 3261 1705 quod
3301 1634 3464 1689 etiam
3497 1634 3704 1705 ipsum

2071 1717 2366 1788 diabolum,
2413 1737 2571 1793 quem
2597 1720 2706 1793 jam
2740 1738 2850 1779 non
2877 1723 3049 1780 solum
3074 1725 3219 1782 Deus
3243 1767 3257 1792 ,
3285 1725 3380 1782 sed
3407 1741 3476 1781 ne
3501 1728 3707 1781 homi-

2070 1824 2169 1865 nes
2189 1809 2402 1882 quidem
2424 1812 2671 1870 dubitare
2691 1824 2936 1888 possunt,
2962 1816 3107 1872 nullo
3134 1817 3294 1874 modo
3316 1817 3382 1872 ad
3403 1818 3699 1889 justitiam

2069 1916 2387 1960 conversum
2414 1903 2477 1961 iri
2496 1907 2535 1972 ί,
2559 1905 2727 1963 Filius
2749 1907 2843 1964 Dei
2863 1917 3038 1965 tamen
3065 1908 3320 1967 insidiose
3345 1919 3693 1976 tentantem,

2069 1994 2215 2050 etde
2251 1995 2539 2068 Scripturis
2585 2001 2781 2058 sanctis
2823 2003 3177 2073 quaestionum
3244 2003 3463 2076 laqueos
3504 2020 3696 2078 oppo-

2068 2097 2309 2156 nentem,
2339 2091 2405 2147 de
2433 2091 2724 2163 Scripturis
2763 2095 2964 2152 sanctis
2987 2096 3359 2168 respondendo
3390 2099 3652 2156 convicit
3673 2153 3689 2168 ,

2068 2197 2169 2241 nec
2187 2184 2445 2256 judicavit
2473 2185 2746 2260 indignum
2785 2205 2906 2250 cum
2937 2201 3123 2246 satana
3152 2190 3397 2248 Christus
3425 2193 3496 2249 de
3528 2193 3690 2249 divi-

2067 2277 2152 2331 nis
2192 2277 2417 2350 eloquiis
2455 2273 2655 2336 habere
2701 2281 3026 2354 colloquium
3075 2283 3290 2356 (Matth.
3323 2301 3376 2340 tv
3399 2329 3417 2354 ,
3443 2287 3601 2343 5-10
3627 2288 3689 2357 )?

2065 2367 2194 2438 quid
2221 2370 2402 2440 utique
2446 2371 2748 2442 prmvidens
2773 2416 2788 2441 ,
2822 2375 2922 2430 nisi
2949 2375 3094 2446 quod
3118 2375 3318 2433 Iudaeis
3342 2387 3398 2433 et
3444 2378 3685 2436 diabolo

2066 2459 2197 2516 nihil
2225 2461 2498 2533 proderat,
2531 2464 2816 2521 creditt‘tris
2845 2465 3104 2524 Gentibus
3130 2469 3512 2540 profuturum?

2140 2555 2226 2610 tl.
2266 2554 2560 2627 Prophetas
2599 2559 2759 2614 etiam
2802 2559 3027 2632 legimus
3070 2562 3264 2619 missos
3302 2561 3368 2618 ad
3411 2563 3681 2621 homines

2065 2655 2172 2701 tam
2204 2647 2598 2717 inobedientes,
2631 2658 2690 2707 ut
2718 2651 2860 2709 Deus
2889 2653 3002 2724 ipse
3027 2655 3118 2727 qui
3148 2653 3446 2726 PrOphetas
3475 2657 3681 2712 mitte-

2062 2738 2172 2805 bat,
2201 2739 2269 2796 de
2298 2739 2381 2796 his
2411 2742 2476 2797 ad
2503 2759 2638 2814 quos
2667 2745 2910 2801 mittebat
2939 2747 3273 2818 praediceret,
3307 2748 3450 2819 quod
3481 2749 3678 2805 verbis

2065 2846 2251 2888 eorum
2281 2833 2693 2908 obtemperaturi
2734 2853 2842 2894 non
2877 2851 3078 2896 essent.
3113 2840 3313 2897 Omitto
3349 2843 3492 2912 quod
3537 2859 3677 2914 pro-

2063 2927 2279 2997 phetico
2300 2929 2485 2999 spiritu
2506 2946 2611 3001 quo
2637 2931 2812 2987 futura
2836 2935 3144 3002 cernebant,
3168 2935 3330 2990 etiam
3354 2934 3460 2991 hoc
3481 2937 3678 3006 utique

2062 3034 2223 3074 nosse
2247 3021 2565 3090 potuissent,
2594 3023 2735 3092 quod
2762 3038 2946 3078 eorum
2971 3023 3132 3080 verba
3161 3026 3525 3097 contemplari
3554 3027 3681 3083 fue-

2063 3123 2221 3182 rant,
2249 3115 2440 3186 quibus
2467 3131 2530 3171 ea
2561 3125 2734 3173 tamen
2763 3116 3067 3175 vehementi
3096 3119 3346 3175 instantia
3372 3137 3481 3177 non
3514 3131 3672 3177 tace-

2064 3210 2212 3264 bant.
2237 3210 2586 3280 Apertissime
2611 3210 2867 3266 Dominus
2889 3211 2955 3267 ad
2977 3212 3315 3268 Ezechielem
3342 3215 3673 3284 prophetam

2063 3302 2192 3358 dicit
2221 3320 2233 3357 :
2273 3301 2411 3356 Vade
2438 3313 2483 3358 et
2513 3305 2645 3358 intra
2673 3304 2724 3359 in
2759 3305 2962 3359 domum
2988 3304 3174 3371 Israel,
3207 3315 3256 3361 et
3281 3307 3491 3377 loquere
3514 3308 3674 3361 verba

2064 3410 2175 3448 mea
2201 3393 2268 3448 ad
2296 3393 2434 3465 ipsos
2467 3396 2629 3465 :quia
2663 3411 2764 3449 non
2799 3395 2866 3448 ad
2907 3397 3149 3466 populum
3175 3395 3361 3467 ignota:
3390 3397 3588 3470 lingua:
3618 3407 3673 3451 tu

2064 3485 2306 3550 mitteris,
2336 3484 2404 3538 ad
2429 3484 2635 3540 domum
2664 3484 2865 3551 Israel;
2893 3503 2981 3540 nec
3010 3488 3077 3541 ad
3116 3487 3331 3558 populos
3360 3488 3552 3542 multos
3585 3488 3672 3542 di-

2063 3576 2219 3630 versis
2244 3586 2332 3629 aut
2361 3575 2594 3646 gravibus
2621 3577 2806 3649 linguis
2835 3577 3106 3649 loquentes,
3141 3593 3358 3649 quorum
3382 3578 3534 3633 verba
3565 3596 3673 3634 non

2066 3671 2228 3742 possis
2253 3669 2469 3735 audire;
2495 3679 2540 3724 et
2569 3671 2612 3724 si
2637 3674 2704 3724 ad
2733 3671 2857 3726 tales
2885 3671 3130 3726 misissem
3157 3678 3222 3736 te,
3246 3673 3465 3743 forsitan
3491 3672 3672 3726 audis-

2064 3775 2173 3820 sent
2199 3775 2263 3819 te.
2291 3763 2487 3819 Domus
2510 3774 2677 3820 autem
2703 3763 2870 3819 Israel
2894 3781 2996 3819 non
3019 3763 3223 3819 audient
3247 3773 3315 3832 te,
3339 3767 3460 3836 quia
3485 3766 3672 3820 nolunt

2064 3857 2243 3912 audire
2272 3874 2367 3912 me.
2405 3857 2580 3912 Omnis
2611 3858 2742 3911 enim
2771 3857 2952 3912 domus
2991 3855 3154 3912 Israel
3190 3858 3413 3928 inquieto
3450 3869 3499 3913 et
3533 3858 3670 3912 duro

2063 3952 2215 4007 corde
2239 3961 2331 4007 est.
2362 3951 2473 4024 Ego
2504 3961 2669 4006 autem
2695 3951 2811 4006 dedi
2837 3953 3017 4024 facient
3048 3962 3186 4007 tuam
3216 3956 3399 4025 fortem
3422 3954 3668 4009 adversus

2065 4045 2249 4116 faciem
2288 4060 2458 4098 eorum
2479 4085 2492 4109 ,
2533 4053 2579 4098 et
2617 4054 2865 4099 certamen
2906 4055 3048 4098 tuum
3089 4043 3384 4114 confortabo
3422 4046 3667 4102 adversus

2065 4148 2313 4191 certamen
2343 4151 2517 4190 eorum
2551 4135 2774 4209 (Ezeeh.
2806 4152 2896 4205 ιιι,
2933 4137 3087 4208 4-8).
3126 4136 3267 4193 Ecce
3306 4139 3537 4194 mittitur
3568 4140 3663 4195 Dei

2066 4242 2273 4294 servus,
2301 4237 2356 4284 et
2383 4227 2461 4283 eis
2488 4228 2632 4300 loqui
2656 4228 2889 4298 jubetur,
2921 4230 3011 4302 qui
3039 4244 3159 4284 eum
3189 4245 3294 4285 non
3323 4240 3480 4286 erant
3506 4233 3661 4288 audi-

2066 4321 2189 4387 turi,
2207 4337 2273 4378 eo
2294 4321 2409 4392 ipso
2431 4320 2654 4376 Domino
2674 4322 2761 4393 qui
2784 4321 3026 4378 mittebat
3047 4333 3099 4378 et
3119 4324 3262 4394 loqui
3281 4325 3505 4394 jubehat
3526 4342 3661 4396 prae-

2064 4411 2276 4468 dicente
2295 4412 2436 4484 quod
2461 4429 2563 4467 non
2587 4422 2738 4468 erant
2761 4413 3009 4469 audituri.
3032 4413 3146 4484 Qua
3171 4430 3352 4485 causa,
3381 4417 3468 4472 cui
3492 4417 3659 4483 bono,

2064 4521 2170 4577 quo
2197 4505 2389 4572 fructu,
2413 4521 2584 4577 quove
2611 4507 2801 4562 effectu
2826 4507 3051 4563 mittitur
3073 4508 3141 4564 ad
3166 4519 3438 4566 certamen
3466 4511 3660 4582 praedi-

2064 4599 2248 4655 candre
2270 4600 2505 4655 veritatis
2527 4600 2780 4657 adversus
2800 4609 3094 4658 certaturos
3115 4613 3167 4657 et
3189 4619 3293 4658 non
3316 4591 3661 4659 obedituros?

2063 4692 2200 4748 Num
2233 4693 2510 4764 quisquam
2540 4691 2720 4750 dicere
2748 4694 2963 4750 audebit
2990 4705 3205 4750 sanctos
3238 4696 3330 4751 Dei
3361 4696 3657 4768 Prophetas

2066 4787 2316 4843 incidisse
2351 4788 2404 4842 in
2441 4787 2788 4858 opprobrium
2824 4789 2918 4844 abs
2948 4798 2999 4845 te
3032 4789 3163 4844 mihi
3196 4789 3464 4860 objectum
3487 4834 3503 4858 ,
3537 4806 3656 4847 cum

2063 4880 2270 4937 diceres
2301 4899 2314 4937 :
2348 4879 2408 4936 Si
2439 4889 2491 4934 tu
2528 4881 2625 4935 scis
2663 4895 2768 4935 rem
2799 4880 2862 4936 de
2897 4897 3001 4954 qua
3033 4881 3202 4953 agitur
3237 4897 3270 4935 a
3303 4890 3350 4934 te
3386 4881 3527 4951 finiri
3559 4898 3654 4936 non

2065 4991 2239 5047 posse,
2268 4990 2357 5029 cur
2383 4975 2638 5030 incassum
2663 4973 2887 5029 laborem
2910 4975 3102 5030 sumis?
3127 4992 3217 5029 cur
3237 4975 3439 5030 inanem
3463 4977 3656 5044 impen-

2065 5070 2144 5124 dis
2164 5086 2370 5141 operam
2387 5069 2412 5124 γ
2429 5085 2522 5124 cur
2538 5085 2846 5142 supervacue
2865 5085 2925 5122 ac
2943 5069 3051 5123 sine
3071 5072 3238 5140 fructu
3258 5069 3518 5124 contendis
3534 5071 3560 5125 ?
3577 5068 3653 5122 An

2065 5182 2168 5221 non
2195 5181 2406 5236 magnus
2435 5180 2575 5218 error
2600 5171 2694 5231 est,
2724 5163 2849 5217 velle
2875 5163 3010 5234 quod
3044 5178 3145 5216 non
3173 5162 3340 5217 valeas
3366 5162 3654 5232 explicare?

2065 5274 2181 5312 cum
2208 5266 2254 5312 et
2281 5256 2386 5311 Lex
2411 5264 2610 5310 moneat
2634 5254 2830 5321 dicens,
2868 5272 2888 5307 ι
2917 5254 3115 5308 Altiora
3140 5263 3186 5307 te
3211 5270 3272 5308 ne
3294 5253 3581 5325 quwsieris,
3611 5261 3652 5306 et

2067 5350 2281 5423 fortiora
2305 5355 2352 5403 te
2375 5364 2438 5402 ne
2461 5355 2714 5402 scrutatus
2750 5346 2905 5418 fueris
2937 5365 2956 5399 ι
2989 5344 3178 5414 (Eccli.
3211 5361 3289 5413 ιιι,
3319 5345 3448 5414 22);
3482 5355 3530 5400 et
3562 5348 3647 5399 ite.

2065 5457 2202 5506 rum,
2236 5459 2256 5493 ‹
2295 5439 2460 5495 Homo
2485 5440 2744 5494 animosus
2772 5447 2919 5512 parat
2943 5439 3074 5506 lites,
3103 5448 3149 5492 et
3173 5439 3248 5492 vir
3271 5438 3549 5492 iracundus
3572 5453 3653 5492 ea-

2067 5542 2275 5608 aggerat
2302 5539 2563 5605 peccatum
2597 5550 2616 5584 ι
2649 5529 2771 5608 (Id.
2809 5545 3010 5601 xxvm,
3048 5527 3184 5603 li)?
3217 5529 3489 5588 Ezechieli
3515 5540 3652 5588 certe

2134 5717 2154 5748 ί
2187 5723 2239 5766 tn
2259 5713 2485 5766 clunibus
2498 5717 2632 5774 uss,
2653 5723 3005 5765 conventam
