  <div class='ocr_page' id='page_1' title='image "/cluster/home/n/w/nwhite01/storage/ocr_20150623/43/uva.x000827113/234.png"; bbox 0 0 3792 6128; ppageno 0'>
   <div class='ocr_carea' id='block_1_1' title="bbox 33 271 1622 355">
    <p class='ocr_par' dir='ltr' id='par_1_1' title="bbox 33 271 1622 355">
     <span class='ocr_line' id='line_1_1' title="bbox 33 271 1622 355; baseline -0.016 -7"><span class='ocrx_word' id='word_1_1' title='bbox 33 293 118 347; x_wconf 81' lang='lat' dir='ltr'><strong>ista</strong></span> <span class='ocrx_word' id='word_1_2' title='bbox 147 300 252 343; x_wconf 88' lang='lat' dir='ltr'><strong>non</strong></span> <span class='ocrx_word' id='word_1_3' title='bbox 277 283 502 342; x_wconf 79' lang='lat' dir='ltr'><strong>diceres</strong></span> <span class='ocrx_word' id='word_1_4' title='bbox 519 323 534 352; x_wconf 93' lang='lat'><strong>,</strong></span> <span class='ocrx_word' id='word_1_5' title='bbox 565 282 656 355; x_wconf 86' lang='lat' dir='ltr'><strong>qui</strong></span> <span class='ocrx_word' id='word_1_6' title='bbox 682 293 806 338; x_wconf 85' lang='lat' dir='ltr'><strong>cum</strong></span> <span class='ocrx_word' id='word_1_7' title='bbox 833 277 1004 336; x_wconf 83' lang='lat' dir='ltr'><strong>verbo</strong></span> <span class='ocrx_word' id='word_1_8' title='bbox 1030 274 1130 333; x_wconf 84' lang='lat' dir='ltr'><strong>Dei</strong></span> <span class='ocrx_word' id='word_1_9' title='bbox 1167 273 1400 332; x_wconf 90' lang='lat' dir='ltr'><strong>mittitur</strong></span> <span class='ocrx_word' id='word_1_10' title='bbox 1426 271 1622 326; x_wconf 86' lang='lat' dir='ltr'><strong>inferre</strong></span> 
     </span>
    </p>
   </div>
   <div class='ocr_carea' id='block_1_2' title="bbox 33 362 1622 440">
    <p class='ocr_par' dir='ltr' id='par_1_2' title="bbox 33 362 1622 440">
     <span class='ocr_line' id='line_1_2' title="bbox 33 362 1622 440; baseline -0.014 -2"><span class='ocrx_word' id='word_1_11' title='bbox 33 388 289 440; x_wconf 78' lang='lat' dir='ltr'><strong>certamen</strong></span> <span class='ocrx_word' id='word_1_12' title='bbox 318 375 636 432; x_wconf 88' lang='lat' dir='ltr'><strong>hominibus</strong></span> <span class='ocrx_word' id='word_1_13' title='bbox 661 388 769 430; x_wconf 90' lang='lat' dir='ltr'><strong>non</strong></span> <span class='ocrx_word' id='word_1_14' title='bbox 797 368 1118 436; x_wconf 86' lang='lat' dir='ltr'><strong>obedituris,</strong></span> <span class='ocrx_word' id='word_1_15' title='bbox 1139 375 1330 423; x_wconf 88' lang='lat' dir='ltr'><strong>.contra</strong></span> <span class='ocrx_word' id='word_1_16' title='bbox 1365 362 1622 429; x_wconf 85' lang='lat' dir='ltr'><strong>sensuris,</strong></span> 
     </span>
    </p>
   </div>
   <div class='ocr_carea' id='block_1_3' title="bbox 35 458 1627 534">
    <p class='ocr_par' dir='ltr' id='par_1_3' title="bbox 35 458 1627 534">
     <span class='ocr_line' id='line_1_3' title="bbox 35 458 1627 534; baseline -0.011 -6"><span class='ocrx_word' id='word_1_17' title='bbox 35 481 200 530; x_wconf 86' lang='lat' dir='ltr'><strong>contra</strong></span> <span class='ocrx_word' id='word_1_18' title='bbox 226 469 469 526; x_wconf 85' lang='lat' dir='ltr'><strong>dicturis</strong></span> <span class='ocrx_word' id='word_1_19' title='bbox 487 511 502 534; x_wconf 95' lang='lat'><strong>,</strong></span> <span class='ocrx_word' id='word_1_20' title='bbox 532 476 719 523; x_wconf 89' lang='lat' dir='ltr'><strong>contra</strong></span> <span class='ocrx_word' id='word_1_21' title='bbox 749 463 984 521; x_wconf 82' lang='lat' dir='ltr'><strong>iacturis.</strong></span> <span class='ocrx_word' id='word_1_22' title='bbox 1025 460 1158 517; x_wconf 90' lang='lat' dir='ltr'><strong>Nam</strong></span> <span class='ocrx_word' id='word_1_23' title='bbox 1188 461 1235 514; x_wconf 88' lang='lat' dir='ltr'><strong>si</strong></span> <span class='ocrx_word' id='word_1_24' title='bbox 1261 458 1468 515; x_wconf 79' lang='lat' dir='ltr'><strong>diceres</strong></span> <span class='ocrx_word' id='word_1_25' title='bbox 1489 499 1504 524; x_wconf 94' lang='lat'><strong>,</strong></span> <span class='ocrx_word' id='word_1_26' title='bbox 1539 469 1627 511; x_wconf 88' lang='lat' dir='ltr'><strong>re-</strong></span> 
     </span>
    </p>
   </div>
   <div class='ocr_carea' id='block_1_4' title="bbox 35 549 1627 639">
    <p class='ocr_par' dir='ltr' id='par_1_4' title="bbox 35 549 1627 639">
     <span class='ocr_line' id='line_1_4' title="bbox 35 549 1627 639; baseline -0.011 -16"><span class='ocrx_word' id='word_1_27' title='bbox 35 563 307 639; x_wconf 84' lang='lat' dir='ltr'><strong>sponderet</strong></span> <span class='ocrx_word' id='word_1_28' title='bbox 337 562 444 618; x_wconf 85' lang='lat' dir='ltr'><strong>tibi</strong></span> <span class='ocrx_word' id='word_1_29' title='bbox 476 561 699 617; x_wconf 85' lang='lat' dir='ltr'><strong>fortasse</strong></span> <span class='ocrx_word' id='word_1_30' title='bbox 719 600 734 626; x_wconf 93' lang='lat'><strong>,</strong></span> <span class='ocrx_word' id='word_1_31' title='bbox 763 557 904 630; x_wconf 86' lang='lat' dir='ltr'><strong>quod</strong></span> <span class='ocrx_word' id='word_1_32' title='bbox 931 555 1134 612; x_wconf 85' lang='lat' dir='ltr'><strong>eisdem</strong></span> <span class='ocrx_word' id='word_1_33' title='bbox 1159 553 1358 610; x_wconf 64' lang='lat' dir='ltr'><strong>ludatis</strong></span> <span class='ocrx_word' id='word_1_34' title='bbox 1387 549 1627 622; x_wconf 88' lang='lat' dir='ltr'><strong>Apostoli</strong></span> 
     </span>
    </p>
   </div>
   <div class='ocr_carea' id='block_1_5' title="bbox 34 643 1628 727">
    <p class='ocr_par' dir='ltr' id='par_1_5' title="bbox 34 643 1628 727">
     <span class='ocr_line' id='line_1_5' title="bbox 34 643 1628 727; baseline -0.011 -13"><span class='ocrx_word' id='word_1_35' title='bbox 34 657 458 727; x_wconf 81' lang='lat' dir='ltr'><strong>responderunt,</strong></span> <span class='ocrx_word' id='word_1_36' title='bbox 481 653 572 710; x_wconf 86' lang='lat' dir='ltr'><strong>Cui</strong></span> <span class='ocrx_word' id='word_1_37' title='bbox 596 652 796 708; x_wconf 86' lang='lat' dir='ltr'><strong>obedire</strong></span> <span class='ocrx_word' id='word_1_38' title='bbox 821 648 1057 720; x_wconf 82' lang='lat' dir='ltr'><strong>oportet?</strong></span> <span class='ocrx_word' id='word_1_39' title='bbox 1077 647 1186 702; x_wconf 88' lang='lat' dir='ltr'><strong>Deo</strong></span> <span class='ocrx_word' id='word_1_40' title='bbox 1211 647 1374 717; x_wconf 84' lang='lat' dir='ltr'><strong>magis</strong></span> <span class='ocrx_word' id='word_1_41' title='bbox 1392 685 1407 712; x_wconf 95' lang='lat'><strong>,</strong></span> <span class='ocrx_word' id='word_1_42' title='bbox 1437 661 1505 699; x_wconf 87' lang='lat' dir='ltr'><strong>an</strong></span> <span class='ocrx_word' id='word_1_43' title='bbox 1531 643 1628 697; x_wconf 88' lang='lat' dir='ltr'><strong>Ito-</strong></span> 
     </span>
    </p>
   </div>
   <div class='ocr_carea' id='block_1_6' title="bbox 37 736 1631 821">
    <p class='ocr_par' dir='ltr' id='par_1_6' title="bbox 37 736 1631 821">
     <span class='ocr_line' id='line_1_6' title="bbox 37 736 1631 821; baseline -0.008 -17"><span class='ocrx_word' id='word_1_44' title='bbox 37 748 233 804; x_wconf 80' lang='lat' dir='ltr'><strong>atinibus</strong></span> <span class='ocrx_word' id='word_1_45' title='bbox 264 747 427 821; x_wconf 82' lang='lat' dir='ltr'><strong>(Act.</strong></span> <span class='ocrx_word' id='word_1_46' title='bbox 465 762 538 813; x_wconf 83' lang='lat' dir='ltr'><strong>tv,</strong></span> <span class='ocrx_word' id='word_1_47' title='bbox 569 746 660 813; x_wconf 75' lang='lat' dir='ltr'><strong>l9,</strong></span> <span class='ocrx_word' id='word_1_48' title='bbox 689 754 737 800; x_wconf 88' lang='lat' dir='ltr'><strong>et</strong></span> <span class='ocrx_word' id='word_1_49' title='bbox 768 759 824 810; x_wconf 92' lang='lat' dir='ltr'><strong>v,</strong></span> <span class='ocrx_word' id='word_1_50' title='bbox 853 741 1005 813; x_wconf 73' lang='lat'><strong>29)?</strong></span> <span class='ocrx_word' id='word_1_51' title='bbox 1040 741 1150 796; x_wconf 89' lang='lat' dir='ltr'><strong>Hoc</strong></span> <span class='ocrx_word' id='word_1_52' title='bbox 1186 739 1278 796; x_wconf 85' lang='lat' dir='ltr'><strong>tibi</strong></span> <span class='ocrx_word' id='word_1_53' title='bbox 1316 738 1476 794; x_wconf 87' lang='lat' dir='ltr'><strong>etiam</strong></span> <span class='ocrx_word' id='word_1_54' title='bbox 1515 736 1631 808; x_wconf 84' lang='lat' dir='ltr'><strong>ipse</strong></span> 
     </span>
    </p>
   </div>
   <div class='ocr_carea' id='block_1_7' title="bbox 35 841 421 911">
    <p class='ocr_par' dir='ltr' id='par_1_7' title="bbox 35 841 421 911">
     <span class='ocr_line' id='line_1_7' title="bbox 35 841 421 911; baseline -0.013 -14"><span class='ocrx_word' id='word_1_55' title='bbox 35 841 421 911; x_wconf 86' lang='lat' dir='ltr'><strong>responderim.</strong></span> 
     </span>
    </p>
   </div>
   <div class='ocr_carea' id='block_1_8' title="bbox 94 923 1634 996">
    <p class='ocr_par' dir='ltr' id='par_1_8' title="bbox 94 923 1634 996">
     <span class='ocr_line' id='line_1_8' title="bbox 94 923 1634 996; baseline -0.009 -8"><span class='ocrx_word' id='word_1_56' title='bbox 94 930 316 988; x_wconf 82' lang='lat' dir='ltr'><strong>CAPUT</strong></span> <span class='ocrx_word' id='word_1_57' title='bbox 347 929 451 985; x_wconf 74' lang='lat' dir='ltr'><strong>lx.</strong></span> <span class='ocrx_word' id='word_1_58' title='bbox 475 959 549 972; x_wconf 92' lang='lat'><strong>——</strong></span> <span class='ocrx_word' id='word_1_59' title='bbox 571 927 661 986; x_wconf 73' lang='grc'><strong>13.</strong></span> <span class='ocrx_word' id='word_1_60' title='bbox 693 927 794 983; x_wconf 84' lang='lat' dir='ltr'><strong>Hic</strong></span> <span class='ocrx_word' id='word_1_61' title='bbox 820 927 864 982; x_wconf 92' lang='lat' dir='ltr'><strong>si</strong></span> <span class='ocrx_word' id='word_1_62' title='bbox 895 935 953 981; x_wconf 89' lang='lat' dir='ltr'><strong>tu</strong></span> <span class='ocrx_word' id='word_1_63' title='bbox 978 923 1299 996; x_wconf 81' lang='lat' dir='ltr'><strong>ﬂagitaveris</strong></span> <span class='ocrx_word' id='word_1_64' title='bbox 1320 964 1336 990; x_wconf 96' lang='lat'><strong>,</strong></span> <span class='ocrx_word' id='word_1_65' title='bbox 1365 931 1423 977; x_wconf 91' lang='lat' dir='ltr'><strong>ut</strong></span> <span class='ocrx_word' id='word_1_66' title='bbox 1452 930 1634 976; x_wconf 85' lang='lat' dir='ltr'><strong>osten-</strong></span> 
     </span>
    </p>
   </div>
   <div class='ocr_carea' id='block_1_9' title="bbox 38 1011 1634 1089">
    <p class='ocr_par' dir='ltr' id='par_1_9' title="bbox 38 1011 1634 1089">
     <span class='ocr_line' id='line_1_9' title="bbox 38 1011 1634 1089; baseline -0.008 -11"><span class='ocrx_word' id='word_1_67' title='bbox 38 1025 143 1078; x_wconf 92' lang='lat' dir='ltr'><strong>dam</strong></span> <span class='ocrx_word' id='word_1_68' title='bbox 169 1023 256 1078; x_wconf 87' lang='lat' dir='ltr'><strong>ubi</strong></span> <span class='ocrx_word' id='word_1_69' title='bbox 285 1023 463 1078; x_wconf 82' lang='lat' dir='ltr'><strong>etlam</strong></span> <span class='ocrx_word' id='word_1_70' title='bbox 493 1020 625 1076; x_wconf 90' lang='lat' dir='ltr'><strong>mihi</strong></span> <span class='ocrx_word' id='word_1_71' title='bbox 654 1020 798 1075; x_wconf 87' lang='lat' dir='ltr'><strong>Deus</strong></span> <span class='ocrx_word' id='word_1_72' title='bbox 825 1016 1140 1089; x_wconf 76' lang='lat' dir='ltr'><strong>praeceperit</strong></span> <span class='ocrx_word' id='word_1_73' title='bbox 1177 1015 1228 1069; x_wconf 90' lang='lat' dir='ltr'><strong>id</strong></span> <span class='ocrx_word' id='word_1_74' title='bbox 1267 1029 1425 1086; x_wconf 88' lang='lat' dir='ltr'><strong>agere</strong></span> <span class='ocrx_word' id='word_1_75' title='bbox 1443 1053 1459 1082; x_wconf 92' lang='lat'><strong>,</strong></span> <span class='ocrx_word' id='word_1_76' title='bbox 1489 1011 1634 1084; x_wconf 90' lang='lat' dir='ltr'><strong>quod</strong></span> 
     </span>
    </p>
   </div>
   <div class='ocr_carea' id='block_1_10' title="bbox 40 1106 1634 1187">
    <p class='ocr_par' dir='ltr' id='par_1_10' title="bbox 40 1106 1634 1187">
     <span class='ocr_line' id='line_1_10' title="bbox 40 1106 1634 1187; baseline -0.008 -15"><span class='ocrx_word' id='word_1_77' title='bbox 40 1125 86 1172; x_wconf 89' lang='grc' dir='ltr'><strong>ιιι</strong></span> <span class='ocrx_word' id='word_1_78' title='bbox 121 1114 414 1187; x_wconf 83' lang='lat' dir='ltr'><strong>prohibes;</strong></span> <span class='ocrx_word' id='word_1_79' title='bbox 460 1122 730 1169; x_wconf 86' lang='lat' dir='ltr'><strong>memento</strong></span> <span class='ocrx_word' id='word_1_80' title='bbox 766 1110 1090 1183; x_wconf 78' lang='lat' dir='ltr'><strong>apostolicos</strong></span> <span class='ocrx_word' id='word_1_81' title='bbox 1112 1107 1376 1179; x_wconf 83' lang='lat' dir='ltr'><strong>Epistolas</strong></span> <span class='ocrx_word' id='word_1_82' title='bbox 1414 1122 1522 1161; x_wconf 93' lang='lat' dir='ltr'><strong>non</strong></span> <span class='ocrx_word' id='word_1_83' title='bbox 1554 1106 1634 1162; x_wconf 90' lang='lat' dir='ltr'><strong>eis</strong></span> 
     </span>
    </p>
   </div>
   <div class='ocr_carea' id='block_1_11' title="bbox 40 1200 1636 1278">
    <p class='ocr_par' dir='ltr' id='par_1_11' title="bbox 40 1200 1636 1278">
     <span class='ocr_line' id='line_1_11' title="bbox 40 1200 1636 1278; baseline -0.007 -14"><span class='ocrx_word' id='word_1_84' title='bbox 40 1219 226 1264; x_wconf 88' lang='lat' dir='ltr'><strong>tantum</strong></span> <span class='ocrx_word' id='word_1_85' title='bbox 254 1208 495 1277; x_wconf 80' lang='lat' dir='ltr'><strong>scriptas</strong></span> <span class='ocrx_word' id='word_1_86' title='bbox 519 1207 610 1278; x_wconf 87' lang='lat' dir='ltr'><strong>qui</strong></span> <span class='ocrx_word' id='word_1_87' title='bbox 639 1216 880 1276; x_wconf 90' lang='lat' dir='ltr'><strong>tempore</strong></span> <span class='ocrx_word' id='word_1_88' title='bbox 906 1204 998 1259; x_wconf 93' lang='lat' dir='ltr'><strong>illo</strong></span> <span class='ocrx_word' id='word_1_89' title='bbox 1022 1217 1129 1274; x_wconf 92' lang='lat' dir='ltr'><strong>quo</strong></span> <span class='ocrx_word' id='word_1_90' title='bbox 1152 1200 1522 1258; x_wconf 79' lang='lat' dir='ltr'><strong>scribebantur</strong></span> <span class='ocrx_word' id='word_1_91' title='bbox 1540 1213 1636 1254; x_wconf 91' lang='lat' dir='ltr'><strong>au-</strong></span> 
     </span>
    </p>
   </div>
   <div class='ocr_carea' id='block_1_12' title="bbox 39 1293 1633 1367">
    <p class='ocr_par' dir='ltr' id='par_1_12' title="bbox 39 1293 1633 1367">
     <span class='ocr_line' id='line_1_12' title="bbox 39 1293 1633 1367; baseline -0.003 -12"><span class='ocrx_word' id='word_1_92' title='bbox 39 1299 265 1367; x_wconf 85' lang='lat' dir='ltr'><strong>diebant,</strong></span> <span class='ocrx_word' id='word_1_93' title='bbox 298 1300 402 1356; x_wconf 87' lang='lat' dir='ltr'><strong>sed</strong></span> <span class='ocrx_word' id='word_1_94' title='bbox 433 1300 595 1356; x_wconf 89' lang='lat' dir='ltr'><strong>etiam</strong></span> <span class='ocrx_word' id='word_1_95' title='bbox 633 1298 790 1355; x_wconf 88' lang='lat' dir='ltr'><strong>nobis</strong></span> <span class='ocrx_word' id='word_1_96' title='bbox 823 1316 836 1352; x_wconf 91' lang='lat'><strong>:</strong></span> <span class='ocrx_word' id='word_1_97' title='bbox 870 1313 976 1352; x_wconf 91' lang='lat' dir='ltr'><strong>non</strong></span> <span class='ocrx_word' id='word_1_98' title='bbox 1007 1297 1151 1352; x_wconf 89' lang='lat' dir='ltr'><strong>enim</strong></span> <span class='ocrx_word' id='word_1_99' title='bbox 1176 1295 1247 1351; x_wconf 94' lang='lat' dir='ltr'><strong>ob</strong></span> <span class='ocrx_word' id='word_1_100' title='bbox 1273 1293 1417 1350; x_wconf 91' lang='lat' dir='ltr'><strong>aliud</strong></span> <span class='ocrx_word' id='word_1_101' title='bbox 1446 1293 1498 1348; x_wconf 92' lang='lat' dir='ltr'><strong>in</strong></span> <span class='ocrx_word' id='word_1_102' title='bbox 1527 1293 1633 1350; x_wconf 83' lang='lat' dir='ltr'><strong>Ec—</strong></span> 
     </span>
    </p>
   </div>
   <div class='ocr_carea' id='block_1_13' title="bbox 41 1385 1636 1460">
    <p class='ocr_par' dir='ltr' id='par_1_13' title="bbox 41 1385 1636 1460">
     <span class='ocr_line' id='line_1_13' title="bbox 41 1385 1636 1460; baseline -0.006 -11"><span class='ocrx_word' id='word_1_103' title='bbox 41 1395 183 1450; x_wconf 84' lang='lat' dir='ltr'><strong>clesia</strong></span> <span class='ocrx_word' id='word_1_104' title='bbox 207 1395 533 1450; x_wconf 83' lang='lat' dir='ltr'><strong>recitantur.</strong></span> <span class='ocrx_word' id='word_1_105' title='bbox 567 1391 798 1448; x_wconf 84' lang='lat' dir='ltr'><strong>Attende</strong></span> <span class='ocrx_word' id='word_1_106' title='bbox 825 1391 984 1447; x_wconf 89' lang='lat' dir='ltr'><strong>etiam</strong></span> <span class='ocrx_word' id='word_1_107' title='bbox 1017 1389 1147 1445; x_wconf 91' lang='lat' dir='ltr'><strong>illud</strong></span> <span class='ocrx_word' id='word_1_108' title='bbox 1175 1389 1317 1460; x_wconf 90' lang='lat' dir='ltr'><strong>quod</strong></span> <span class='ocrx_word' id='word_1_109' title='bbox 1346 1385 1636 1458; x_wconf 79' lang='lat' dir='ltr'><strong>Apostolus</strong></span> 
     </span>
    </p>
   </div>
   <div class='ocr_carea' id='block_1_14' title="bbox 42 1478 1639 1554">
    <p class='ocr_par' dir='ltr' id='par_1_14' title="bbox 42 1478 1639 1554">
     <span class='ocr_line' id='line_1_14' title="bbox 42 1478 1639 1554; baseline -0.005 -14"><span class='ocrx_word' id='word_1_110' title='bbox 42 1485 103 1540; x_wconf 85' lang='lat' dir='ltr'><strong>sit</strong></span> <span class='ocrx_word' id='word_1_111' title='bbox 128 1503 139 1538; x_wconf 92' lang='lat'><strong>:</strong></span> <span class='ocrx_word' id='word_1_112' title='bbox 171 1486 249 1539; x_wconf 85' lang='lat' dir='ltr'><strong>An</strong></span> <span class='ocrx_word' id='word_1_113' title='bbox 277 1486 442 1541; x_wconf 78' lang='lat' dir='ltr'><strong>uultis</strong></span> <span class='ocrx_word' id='word_1_114' title='bbox 471 1485 868 1554; x_wconf 72' lang='lat' dir='ltr'><strong>experimentum</strong></span> <span class='ocrx_word' id='word_1_115' title='bbox 898 1483 1006 1553; x_wconf 87' lang='lat' dir='ltr'><strong>ejus</strong></span> <span class='ocrx_word' id='word_1_116' title='bbox 1029 1481 1257 1551; x_wconf 87' lang='lat' dir='ltr'><strong>accipere</strong></span> <span class='ocrx_word' id='word_1_117' title='bbox 1274 1479 1361 1550; x_wconf 92' lang='lat' dir='ltr'><strong>qui</strong></span> <span class='ocrx_word' id='word_1_118' title='bbox 1383 1479 1436 1532; x_wconf 89' lang='lat' dir='ltr'><strong>in</strong></span> <span class='ocrx_word' id='word_1_119' title='bbox 1463 1494 1540 1532; x_wconf 88' lang='lat' dir='ltr'><strong>tne</strong></span> <span class='ocrx_word' id='word_1_120' title='bbox 1560 1478 1639 1532; x_wconf 80' lang='lat' dir='ltr'><strong>lo-</strong></span> 
     </span>
    </p>
   </div>
   <div class='ocr_carea' id='block_1_15' title="bbox 43 1569 1636 1646">
    <p class='ocr_par' dir='ltr' id='par_1_15' title="bbox 43 1569 1636 1646">
     <span class='ocr_line' id='line_1_15' title="bbox 43 1569 1636 1646; baseline -0.006 -15"><span class='ocrx_word' id='word_1_121' title='bbox 43 1578 194 1646; x_wconf 76' lang='lat' dir='ltr'><strong>quitur</strong></span> <span class='ocrx_word' id='word_1_122' title='bbox 219 1574 464 1632; x_wconf 72' lang='lat' dir='ltr'><strong>Christus</strong></span> <span class='ocrx_word' id='word_1_123' title='bbox 497 1575 574 1646; x_wconf 90' lang='lat' dir='ltr'><strong>(ll</strong></span> <span class='ocrx_word' id='word_1_124' title='bbox 605 1573 721 1629; x_wconf 83' lang='lat' dir='ltr'><strong>Cor.</strong></span> <span class='ocrx_word' id='word_1_125' title='bbox 765 1589 887 1638; x_wconf 86' lang='lat' dir='ltr'><strong>xtn,</strong></span> <span class='ocrx_word' id='word_1_126' title='bbox 916 1572 1006 1642; x_wconf 78' lang='lat'><strong>5).</strong></span> <span class='ocrx_word' id='word_1_127' title='bbox 1045 1572 1112 1626; x_wconf 91' lang='lat' dir='ltr'><strong>Et</strong></span> <span class='ocrx_word' id='word_1_128' title='bbox 1141 1570 1318 1626; x_wconf 87' lang='lat' dir='ltr'><strong>recole</strong></span> <span class='ocrx_word' id='word_1_129' title='bbox 1350 1569 1497 1639; x_wconf 86' lang='lat' dir='ltr'><strong>jam,</strong></span> <span class='ocrx_word' id='word_1_130' title='bbox 1531 1584 1636 1622; x_wconf 88' lang='lat' dir='ltr'><strong>non</strong></span> 
     </span>
    </p>
   </div>
   <div class='ocr_carea' id='block_1_16' title="bbox 43 1660 1634 1738">
    <p class='ocr_par' dir='ltr' id='par_1_16' title="bbox 43 1660 1634 1738">
     <span class='ocr_line' id='line_1_16' title="bbox 43 1660 1634 1738; baseline -0.004 -17"><span class='ocrx_word' id='word_1_131' title='bbox 43 1667 153 1738; x_wconf 91' lang='lat' dir='ltr'><strong>quid</strong></span> <span class='ocrx_word' id='word_1_132' title='bbox 182 1667 416 1734; x_wconf 81' lang='lat' dir='ltr'><strong>Paulus,</strong></span> <span class='ocrx_word' id='word_1_133' title='bbox 448 1666 544 1722; x_wconf 89' lang='lat' dir='ltr'><strong>sed</strong></span> <span class='ocrx_word' id='word_1_134' title='bbox 581 1663 708 1735; x_wconf 90' lang='lat' dir='ltr'><strong>quid</strong></span> <span class='ocrx_word' id='word_1_135' title='bbox 745 1679 839 1735; x_wconf 90' lang='lat' dir='ltr'><strong>per</strong></span> <span class='ocrx_word' id='word_1_136' title='bbox 871 1675 994 1720; x_wconf 91' lang='lat' dir='ltr'><strong>eum</strong></span> <span class='ocrx_word' id='word_1_137' title='bbox 1021 1661 1269 1718; x_wconf 81' lang='lat' dir='ltr'><strong>Christus</strong></span> <span class='ocrx_word' id='word_1_138' title='bbox 1301 1661 1508 1716; x_wconf 91' lang='lat' dir='ltr'><strong>locutus</strong></span> <span class='ocrx_word' id='word_1_139' title='bbox 1535 1660 1634 1725; x_wconf 85' lang='lat' dir='ltr'><strong>sit,</strong></span> 
     </span>
    </p>
   </div>
   <div class='ocr_carea' id='block_1_17' title="bbox 47 1751 1640 1830">
    <p class='ocr_par' dir='ltr' id='par_1_17' title="bbox 47 1751 1640 1830">
     <span class='ocr_line' id='line_1_17' title="bbox 47 1751 1640 1830; baseline -0.005 -17"><span class='ocrx_word' id='word_1_140' title='bbox 47 1759 167 1830; x_wconf 88' lang='lat' dir='ltr'><strong>quod</strong></span> <span class='ocrx_word' id='word_1_141' title='bbox 198 1758 360 1829; x_wconf 88' lang='lat' dir='ltr'><strong>paulo</strong></span> <span class='ocrx_word' id='word_1_142' title='bbox 397 1768 527 1820; x_wconf 88' lang='lat' dir='ltr'><strong>ante</strong></span> <span class='ocrx_word' id='word_1_143' title='bbox 553 1755 1004 1821; x_wconf 89' lang='lat' dir='ltr'><strong>commemoravi,</strong></span> <span class='ocrx_word' id='word_1_144' title='bbox 1036 1753 1272 1810; x_wconf 64' lang='lat' dir='ltr'><strong>Praedico</strong></span> <span class='ocrx_word' id='word_1_145' title='bbox 1299 1751 1530 1819; x_wconf 75' lang='lat' dir='ltr'><strong>uerbum,</strong></span> <span class='ocrx_word' id='word_1_146' title='bbox 1557 1753 1640 1806; x_wconf 64' lang='lat' dir='ltr'><strong>inn</strong></span> 
     </span>
    </p>
   </div>
   <div class='ocr_carea' id='block_1_18' title="bbox 47 1841 1639 1920">
    <p class='ocr_par' dir='ltr' id='par_1_18' title="bbox 47 1841 1639 1920">
     <span class='ocr_line' id='line_1_18' title="bbox 47 1841 1639 1920; baseline -0.004 -16"><span class='ocrx_word' id='word_1_147' title='bbox 47 1858 109 1904; x_wconf 85' lang='lat' dir='ltr'><strong>sta</strong></span> <span class='ocrx_word' id='word_1_148' title='bbox 134 1859 447 1920; x_wconf 79' lang='lat' dir='ltr'><strong>Opportune,</strong></span> <span class='ocrx_word' id='word_1_149' title='bbox 475 1849 778 1918; x_wconf 83' lang='lat' dir='ltr'><strong>importune,</strong></span> <span class='ocrx_word' id='word_1_150' title='bbox 810 1855 916 1903; x_wconf 89' lang='lat' dir='ltr'><strong>etc.</strong></span> <span class='ocrx_word' id='word_1_151' title='bbox 946 1844 1175 1900; x_wconf 79' lang='lat' dir='ltr'><strong>Attende</strong></span> <span class='ocrx_word' id='word_1_152' title='bbox 1199 1844 1358 1900; x_wconf 87' lang='lat' dir='ltr'><strong>etiam</strong></span> <span class='ocrx_word' id='word_1_153' title='bbox 1384 1841 1639 1914; x_wconf 84' lang='lat' dir='ltr'><strong>quemad-</strong></span> 
     </span>
    </p>
   </div>
   <div class='ocr_carea' id='block_1_19' title="bbox 49 1935 1640 2010">
    <p class='ocr_par' dir='ltr' id='par_1_19' title="bbox 49 1935 1640 2010">
     <span class='ocr_line' id='line_1_19' title="bbox 49 1935 1640 2010; baseline -0.006 -10"><span class='ocrx_word' id='word_1_154' title='bbox 49 1943 246 2000; x_wconf 86' lang='lat' dir='ltr'><strong>modum</strong></span> <span class='ocrx_word' id='word_1_155' title='bbox 269 1942 338 2000; x_wconf 82' lang='lat' dir='ltr'><strong>ad</strong></span> <span class='ocrx_word' id='word_1_156' title='bbox 362 1942 548 1998; x_wconf 87' lang='lat' dir='ltr'><strong>Titum</strong></span> <span class='ocrx_word' id='word_1_157' title='bbox 569 1957 688 1997; x_wconf 92' lang='lat' dir='ltr'><strong>cum</strong></span> <span class='ocrx_word' id='word_1_158' title='bbox 712 1940 1000 2010; x_wconf 80' lang='lat' dir='ltr'><strong>explicaret</strong></span> <span class='ocrx_word' id='word_1_159' title='bbox 1025 1937 1197 2010; x_wconf 84' lang='lat' dir='ltr'><strong>qualis</strong></span> <span class='ocrx_word' id='word_1_160' title='bbox 1218 1951 1336 1994; x_wconf 87' lang='lat' dir='ltr'><strong>esse</strong></span> <span class='ocrx_word' id='word_1_161' title='bbox 1358 1935 1640 2007; x_wconf 80' lang='lat' dir='ltr'><strong>episcOpus</strong></span> 
     </span>
    </p>
   </div>
   <div class='ocr_carea' id='block_1_20' title="bbox 51 2029 1640 2105">
    <p class='ocr_par' dir='ltr' id='par_1_20' title="bbox 51 2029 1640 2105">
     <span class='ocr_line' id='line_1_20' title="bbox 51 2029 1640 2105; baseline -0.004 -15"><span class='ocrx_word' id='word_1_162' title='bbox 51 2035 242 2103; x_wconf 81' lang='lat' dir='ltr'><strong>debeat,</strong></span> <span class='ocrx_word' id='word_1_163' title='bbox 265 2035 436 2091; x_wconf 87' lang='lat' dir='ltr'><strong>etiam</strong></span> <span class='ocrx_word' id='word_1_164' title='bbox 466 2041 898 2105; x_wconf 82' lang='lat' dir='ltr'><strong>perseverantem</strong></span> <span class='ocrx_word' id='word_1_165' title='bbox 925 2031 1060 2088; x_wconf 87' lang='lat' dir='ltr'><strong>dixit</strong></span> <span class='ocrx_word' id='word_1_166' title='bbox 1080 2046 1200 2088; x_wconf 88' lang='lat' dir='ltr'><strong>esse</strong></span> <span class='ocrx_word' id='word_1_167' title='bbox 1221 2038 1470 2101; x_wconf 86' lang='lat' dir='ltr'><strong>oportere</strong></span> <span class='ocrx_word' id='word_1_168' title='bbox 1489 2029 1640 2101; x_wconf 90' lang='lat' dir='ltr'><strong>juxta</strong></span> 
     </span>
    </p>
   </div>
   <div class='ocr_carea' id='block_1_21' title="bbox 53 2122 1641 2198">
    <p class='ocr_par' dir='ltr' id='par_1_21' title="bbox 53 2122 1641 2198">
     <span class='ocr_line' id='line_1_21' title="bbox 53 2122 1641 2198; baseline -0.006 -12"><span class='ocrx_word' id='word_1_169' title='bbox 53 2130 329 2186; x_wconf 84' lang='lat' dir='ltr'><strong>doctrinam</strong></span> <span class='ocrx_word' id='word_1_170' title='bbox 358 2129 538 2185; x_wconf 81' lang='lat' dir='ltr'><strong>fidelis</strong></span> <span class='ocrx_word' id='word_1_171' title='bbox 559 2128 729 2196; x_wconf 81' lang='lat' dir='ltr'><strong>verbi,</strong></span> <span class='ocrx_word' id='word_1_172' title='bbox 760 2125 830 2184; x_wconf 88' lang='lat' dir='ltr'><strong>Ut</strong></span> <span class='ocrx_word' id='word_1_173' title='bbox 857 2136 1033 2198; x_wconf 87' lang='lat' dir='ltr'><strong>potens</strong></span> <span class='ocrx_word' id='word_1_174' title='bbox 1057 2126 1142 2194; x_wconf 87' lang='lat' dir='ltr'><strong>sit,</strong></span> <span class='ocrx_word' id='word_1_175' title='bbox 1173 2125 1360 2195; x_wconf 88' lang='lat' dir='ltr'><strong>inquit,</strong></span> <span class='ocrx_word' id='word_1_176' title='bbox 1388 2133 1434 2179; x_wconf 90' lang='lat' dir='ltr'><strong>et</strong></span> <span class='ocrx_word' id='word_1_177' title='bbox 1459 2122 1641 2179; x_wconf 71' lang='lat' dir='ltr'><strong>exhor-</strong></span> 
     </span>
    </p>
   </div>
   <div class='ocr_carea' id='block_1_22' title="bbox 53 2214 1642 2289">
    <p class='ocr_par' dir='ltr' id='par_1_22' title="bbox 53 2214 1642 2289">
     <span class='ocr_line' id='line_1_22' title="bbox 53 2214 1642 2289; baseline -0.006 -11"><span class='ocrx_word' id='word_1_178' title='bbox 53 2223 136 2278; x_wconf 84' lang='lat' dir='ltr'><strong>tari</strong></span> <span class='ocrx_word' id='word_1_179' title='bbox 157 2223 208 2277; x_wconf 88' lang='lat' dir='ltr'><strong>in</strong></span> <span class='ocrx_word' id='word_1_180' title='bbox 231 2222 472 2278; x_wconf 86' lang='lat' dir='ltr'><strong>doctrina</strong></span> <span class='ocrx_word' id='word_1_181' title='bbox 495 2237 643 2287; x_wconf 88' lang='lat' dir='ltr'><strong>sano,</strong></span> <span class='ocrx_word' id='word_1_182' title='bbox 667 2229 714 2276; x_wconf 85' lang='lat' dir='ltr'><strong>et</strong></span> <span class='ocrx_word' id='word_1_183' title='bbox 737 2220 1132 2278; x_wconf 81' lang='lat' dir='ltr'><strong>contradicentes</strong></span> <span class='ocrx_word' id='word_1_184' title='bbox 1156 2217 1478 2289; x_wconf 83' lang='lat' dir='ltr'><strong>redarguere.</strong></span> <span class='ocrx_word' id='word_1_185' title='bbox 1507 2214 1642 2271; x_wconf 83' lang='lat' dir='ltr'><strong>Sunt</strong></span> 
     </span>
    </p>
   </div>
   <div class='ocr_carea' id='block_1_23' title="bbox 55 2310 1639 2383">
    <p class='ocr_par' dir='ltr' id='par_1_23' title="bbox 55 2310 1639 2383">
     <span class='ocr_line' id='line_1_23' title="bbox 55 2310 1639 2383; baseline -0.004 -15"><span class='ocrx_word' id='word_1_186' title='bbox 55 2317 169 2369; x_wconf 81' lang='lat' dir='ltr'><strong>enim</strong></span> <span class='ocrx_word' id='word_1_187' title='bbox 195 2316 345 2370; x_wconf 86' lang='lat' dir='ltr'><strong>multi</strong></span> <span class='ocrx_word' id='word_1_188' title='bbox 373 2331 480 2370; x_wconf 85' lang='lat' dir='ltr'><strong>non</strong></span> <span class='ocrx_word' id='word_1_189' title='bbox 509 2313 716 2378; x_wconf 83' lang='lat' dir='ltr'><strong>subditi,</strong></span> <span class='ocrx_word' id='word_1_190' title='bbox 746 2312 1022 2383; x_wconf 79' lang='lat' dir='ltr'><strong>oaniloqui,</strong></span> <span class='ocrx_word' id='word_1_191' title='bbox 1053 2320 1102 2367; x_wconf 89' lang='lat' dir='ltr'><strong>et</strong></span> <span class='ocrx_word' id='word_1_192' title='bbox 1129 2311 1308 2367; x_wconf 86' lang='lat' dir='ltr'><strong>mentis</strong></span> <span class='ocrx_word' id='word_1_193' title='bbox 1333 2310 1639 2376; x_wconf 86' lang='lat' dir='ltr'><strong>seductores,</strong></span> 
     </span>
    </p>
   </div>
   <div class='ocr_carea' id='block_1_24' title="bbox 55 2400 1644 2478">
    <p class='ocr_par' dir='ltr' id='par_1_24' title="bbox 55 2400 1644 2478">
     <span class='ocr_line' id='line_1_24' title="bbox 55 2400 1644 2478; baseline -0.004 -17"><span class='ocrx_word' id='word_1_194' title='bbox 55 2408 254 2462; x_wconf 75' lang='lat' dir='ltr'><strong>maxime</strong></span> <span class='ocrx_word' id='word_1_195' title='bbox 283 2407 373 2478; x_wconf 82' lang='lat' dir='ltr'><strong>qui</strong></span> <span class='ocrx_word' id='word_1_196' title='bbox 411 2421 476 2462; x_wconf 69' lang='lat' dir='ltr'><strong>ex</strong></span> <span class='ocrx_word' id='word_1_197' title='bbox 506 2405 886 2462; x_wconf 74' lang='lat' dir='ltr'><strong>circumcisione</strong></span> <span class='ocrx_word' id='word_1_198' title='bbox 917 2413 1075 2470; x_wconf 84' lang='lat' dir='ltr'><strong>sunt;</strong></span> <span class='ocrx_word' id='word_1_199' title='bbox 1108 2419 1230 2473; x_wconf 90' lang='lat' dir='ltr'><strong>quos</strong></span> <span class='ocrx_word' id='word_1_200' title='bbox 1257 2412 1450 2473; x_wconf 82' lang='lat' dir='ltr'><strong>Oportet</strong></span> <span class='ocrx_word' id='word_1_201' title='bbox 1481 2400 1644 2474; x_wconf 78' lang='lat' dir='ltr'><strong>refelli</strong></span> 
     </span>
    </p>
   </div>
   <div class='ocr_carea' id='block_1_25' title="bbox 60 2493 1644 2572">
    <p class='ocr_par' dir='ltr' id='par_1_25' title="bbox 60 2493 1644 2572">
     <span class='ocr_line' id='line_1_25' title="bbox 60 2493 1644 2572; baseline -0.004 -18"><span class='ocrx_word' id='word_1_202' title='bbox 60 2499 180 2569; x_wconf 85' lang='lat' dir='ltr'><strong>(Tit.</strong></span> <span class='ocrx_word' id='word_1_203' title='bbox 210 2516 249 2568; x_wconf 87' lang='lat' dir='ltr'><strong>I,</strong></span> <span class='ocrx_word' id='word_1_204' title='bbox 276 2499 475 2572; x_wconf 83' lang='lat' dir='ltr'><strong>9-H).</strong></span> <span class='ocrx_word' id='word_1_205' title='bbox 507 2498 626 2555; x_wconf 89' lang='lat' dir='ltr'><strong>Non</strong></span> <span class='ocrx_word' id='word_1_206' title='bbox 660 2512 788 2570; x_wconf 89' lang='lat' dir='ltr'><strong>ergo</strong></span> <span class='ocrx_word' id='word_1_207' title='bbox 825 2497 970 2554; x_wconf 89' lang='lat' dir='ltr'><strong>solos</strong></span> <span class='ocrx_word' id='word_1_208' title='bbox 1005 2496 1096 2568; x_wconf 89' lang='lat' dir='ltr'><strong>qui</strong></span> <span class='ocrx_word' id='word_1_209' title='bbox 1133 2511 1200 2552; x_wconf 87' lang='lat' dir='ltr'><strong>ex</strong></span> <span class='ocrx_word' id='word_1_210' title='bbox 1236 2493 1644 2551; x_wconf 83' lang='lat' dir='ltr'><strong>circumcisione</strong></span> 
     </span>
    </p>
   </div>
   <div class='ocr_carea' id='block_1_26' title="bbox 59 2589 1645 2660">
    <p class='ocr_par' dir='ltr' id='par_1_26' title="bbox 59 2589 1645 2660">
     <span class='ocr_line' id='line_1_26' title="bbox 59 2589 1645 2660; baseline -0.004 -12"><span class='ocrx_word' id='word_1_211' title='bbox 59 2603 184 2658; x_wconf 86' lang='lat' dir='ltr'><strong>sunt,</strong></span> <span class='ocrx_word' id='word_1_212' title='bbox 215 2594 311 2651; x_wconf 90' lang='lat' dir='ltr'><strong>sed</strong></span> <span class='ocrx_word' id='word_1_213' title='bbox 341 2610 441 2650; x_wconf 90' lang='lat' dir='ltr'><strong>eos</strong></span> <span class='ocrx_word' id='word_1_214' title='bbox 471 2593 702 2648; x_wconf 78' lang='lat' dir='ltr'><strong>maxime</strong></span> <span class='ocrx_word' id='word_1_215' title='bbox 732 2591 864 2648; x_wconf 85' lang='lat' dir='ltr'><strong>tales</strong></span> <span class='ocrx_word' id='word_1_216' title='bbox 889 2605 1010 2647; x_wconf 88' lang='lat' dir='ltr'><strong>esse</strong></span> <span class='ocrx_word' id='word_1_217' title='bbox 1039 2589 1113 2646; x_wconf 89' lang='lat' dir='ltr'><strong>ait</strong></span> <span class='ocrx_word' id='word_1_218' title='bbox 1141 2607 1154 2642; x_wconf 92' lang='lat'><strong>:</strong></span> <span class='ocrx_word' id='word_1_219' title='bbox 1187 2595 1438 2660; x_wconf 89' lang='lat' dir='ltr'><strong>oportere</strong></span> <span class='ocrx_word' id='word_1_220' title='bbox 1468 2595 1645 2643; x_wconf 84' lang='lat' dir='ltr'><strong>tamen</strong></span> 
     </span>
    </p>
   </div>
   <div class='ocr_carea' id='block_1_27' title="bbox 62 2681 1647 2756">
    <p class='ocr_par' dir='ltr' id='par_1_27' title="bbox 62 2681 1647 2756">
     <span class='ocr_line' id='line_1_27' title="bbox 62 2681 1647 2756; baseline -0.005 -15"><span class='ocrx_word' id='word_1_221' title='bbox 62 2685 107 2741; x_wconf 89' lang='lat' dir='ltr'><strong>in</strong></span> <span class='ocrx_word' id='word_1_222' title='bbox 127 2686 362 2743; x_wconf 83' lang='lat' dir='ltr'><strong>doctrina</strong></span> <span class='ocrx_word' id='word_1_223' title='bbox 404 2701 536 2742; x_wconf 86' lang='lat' dir='ltr'><strong>sana</strong></span> <span class='ocrx_word' id='word_1_224' title='bbox 578 2684 826 2756; x_wconf 89' lang='lat' dir='ltr'><strong>redargui</strong></span> <span class='ocrx_word' id='word_1_225' title='bbox 859 2682 1140 2754; x_wconf 82' lang='lat' dir='ltr'><strong>refellique</strong></span> <span class='ocrx_word' id='word_1_226' title='bbox 1172 2681 1240 2736; x_wconf 86' lang='lat' dir='ltr'><strong>ab</strong></span> <span class='ocrx_word' id='word_1_227' title='bbox 1267 2681 1519 2750; x_wconf 88' lang='lat' dir='ltr'><strong>episcopo</strong></span> <span class='ocrx_word' id='word_1_228' title='bbox 1553 2693 1647 2733; x_wconf 87' lang='lat' dir='ltr'><strong>va-</strong></span> 
     </span>
    </p>
   </div>
   <div class='ocr_carea' id='block_1_28' title="bbox 63 2771 1647 2848">
    <p class='ocr_par' dir='ltr' id='par_1_28' title="bbox 63 2771 1647 2848">
     <span class='ocr_line' id='line_1_28' title="bbox 63 2771 1647 2848; baseline -0.005 -16"><span class='ocrx_word' id='word_1_229' title='bbox 63 2777 289 2848; x_wconf 87' lang='lat' dir='ltr'><strong>niloquos</strong></span> <span class='ocrx_word' id='word_1_230' title='bbox 314 2788 370 2834; x_wconf 88' lang='lat' dir='ltr'><strong>et</strong></span> <span class='ocrx_word' id='word_1_231' title='bbox 396 2777 594 2834; x_wconf 87' lang='lat' dir='ltr'><strong>mentis</strong></span> <span class='ocrx_word' id='word_1_232' title='bbox 620 2775 950 2840; x_wconf 88' lang='lat' dir='ltr'><strong>seductores,</strong></span> <span class='ocrx_word' id='word_1_233' title='bbox 975 2773 1266 2828; x_wconf 81' lang='lat' dir='ltr'><strong>indubitata</strong></span> <span class='ocrx_word' id='word_1_234' title='bbox 1293 2771 1647 2842; x_wconf 73' lang='lat' dir='ltr'><strong>prmceptione</strong></span> 
     </span>
    </p>
   </div>
   <div class='ocr_carea' id='block_1_29' title="bbox 66 2868 1643 2938">
    <p class='ocr_par' dir='ltr' id='par_1_29' title="bbox 66 2868 1643 2938">
     <span class='ocr_line' id='line_1_29' title="bbox 66 2868 1643 2938; baseline -0.004 -14"><span class='ocrx_word' id='word_1_235' title='bbox 66 2871 289 2932; x_wconf 77' lang='lat' dir='ltr'><strong>limavit.</strong></span> <span class='ocrx_word' id='word_1_236' title='bbox 318 2871 477 2929; x_wconf 84' lang='lat' dir='ltr'><strong>Unde</strong></span> <span class='ocrx_word' id='word_1_237' title='bbox 504 2871 607 2926; x_wconf 93' lang='lat' dir='ltr'><strong>hoc</strong></span> <span class='ocrx_word' id='word_1_238' title='bbox 627 2871 786 2927; x_wconf 91' lang='lat' dir='ltr'><strong>etiam</strong></span> <span class='ocrx_word' id='word_1_239' title='bbox 809 2868 940 2924; x_wconf 88' lang='lat' dir='ltr'><strong>mihi</strong></span> <span class='ocrx_word' id='word_1_240' title='bbox 959 2868 1166 2938; x_wconf 85' lang='lat' dir='ltr'><strong>jussum</strong></span> <span class='ocrx_word' id='word_1_241' title='bbox 1193 2881 1312 2921; x_wconf 88' lang='lat' dir='ltr'><strong>esse</strong></span> <span class='ocrx_word' id='word_1_242' title='bbox 1337 2879 1603 2936; x_wconf 73' lang='lat' dir='ltr'><strong>cognosco</strong></span> <span class='ocrx_word' id='word_1_243' title='bbox 1631 2883 1643 2918; x_wconf 91' lang='lat'><strong>:</strong></span> 
     </span>
    </p>
   </div>
   <div class='ocr_carea' id='block_1_30' title="bbox 65 2957 1647 3035">
    <p class='ocr_par' dir='ltr' id='par_1_30' title="bbox 65 2957 1647 3035">
     <span class='ocr_line' id='line_1_30' title="bbox 65 2957 1647 3035; baseline -0.004 -19"><span class='ocrx_word' id='word_1_244' title='bbox 65 2960 153 3018; x_wconf 89' lang='lat' dir='ltr'><strong>hoc</strong></span> <span class='ocrx_word' id='word_1_245' title='bbox 184 2979 278 3034; x_wconf 88' lang='lat' dir='ltr'><strong>pro</strong></span> <span class='ocrx_word' id='word_1_246' title='bbox 306 2965 518 3020; x_wconf 85' lang='lat' dir='ltr'><strong>viribus</strong></span> <span class='ocrx_word' id='word_1_247' title='bbox 555 2977 687 3035; x_wconf 89' lang='lat' dir='ltr'><strong>ago;</strong></span> <span class='ocrx_word' id='word_1_248' title='bbox 732 2961 857 3018; x_wconf 92' lang='lat' dir='ltr'><strong>huic</strong></span> <span class='ocrx_word' id='word_1_249' title='bbox 897 2960 1076 3030; x_wconf 87' lang='lat' dir='ltr'><strong>operi,</strong></span> <span class='ocrx_word' id='word_1_250' title='bbox 1112 2967 1368 3028; x_wconf 88' lang='lat' dir='ltr'><strong>quantum</strong></span> <span class='ocrx_word' id='word_1_251' title='bbox 1406 2957 1520 3027; x_wconf 89' lang='lat' dir='ltr'><strong>ipse</strong></span> <span class='ocrx_word' id='word_1_252' title='bbox 1557 2957 1647 3028; x_wconf 85' lang='lat' dir='ltr'><strong>qui</strong></span> 
     </span>
    </p>
   </div>
   <div class='ocr_carea' id='block_1_31' title="bbox 64 3048 1649 3126">
    <p class='ocr_par' dir='ltr' id='par_1_31' title="bbox 64 3048 1649 3126">
     <span class='ocr_line' id='line_1_31' title="bbox 64 3048 1649 3126; baseline -0.003 -20"><span class='ocrx_word' id='word_1_253' title='bbox 64 3051 201 3122; x_wconf 65' lang='lat' dir='ltr'><strong>jussit</strong></span> <span class='ocrx_word' id='word_1_254' title='bbox 241 3055 496 3126; x_wconf 84' lang='lat' dir='ltr'><strong>adjuvat,</strong></span> <span class='ocrx_word' id='word_1_255' title='bbox 548 3061 951 3124; x_wconf 82' lang='lat' dir='ltr'><strong>perseveranter</strong></span> <span class='ocrx_word' id='word_1_256' title='bbox 990 3049 1200 3105; x_wconf 89' lang='lat' dir='ltr'><strong>insisto.</strong></span> <span class='ocrx_word' id='word_1_257' title='bbox 1246 3048 1382 3116; x_wconf 84' lang='lat' dir='ltr'><strong>Quid</strong></span> <span class='ocrx_word' id='word_1_258' title='bbox 1427 3048 1607 3104; x_wconf 90' lang='lat' dir='ltr'><strong>obstas</strong></span> <span class='ocrx_word' id='word_1_259' title='bbox 1625 3048 1649 3101; x_wconf 60' lang='grc' dir='ltr'>Υ</span> 
     </span>
    </p>
   </div>
   <div class='ocr_carea' id='block_1_32' title="bbox 68 3137 1651 3212">
    <p class='ocr_par' dir='ltr' id='par_1_32' title="bbox 68 3137 1651 3212">
     <span class='ocr_line' id='line_1_32' title="bbox 68 3137 1651 3212; baseline -0.001 -17"><span class='ocrx_word' id='word_1_260' title='bbox 68 3143 176 3210; x_wconf 89' lang='lat' dir='ltr'><strong>quid</strong></span> <span class='ocrx_word' id='word_1_261' title='bbox 202 3143 469 3212; x_wconf 83' lang='lat' dir='ltr'><strong>obstrepis</strong></span> <span class='ocrx_word' id='word_1_262' title='bbox 485 3143 510 3195; x_wconf 83' lang='lat' dir='ltr'><strong>‘t</strong></span> <span class='ocrx_word' id='word_1_263' title='bbox 545 3156 645 3196; x_wconf 89' lang='lat' dir='ltr'><strong>cur</strong></span> <span class='ocrx_word' id='word_1_264' title='bbox 683 3138 979 3211; x_wconf 78' lang='lat' dir='ltr'><strong>prohibes?</strong></span> <span class='ocrx_word' id='word_1_265' title='bbox 1014 3153 1112 3194; x_wconf 91' lang='lat' dir='ltr'><strong>cur</strong></span> <span class='ocrx_word' id='word_1_266' title='bbox 1148 3137 1536 3209; x_wconf 80' lang='lat' dir='ltr'><strong>reprehendis?</strong></span> <span class='ocrx_word' id='word_1_267' title='bbox 1561 3137 1651 3194; x_wconf 88' lang='lat' dir='ltr'><strong>Ti-</strong></span> 
     </span>
    </p>
   </div>
   <div class='ocr_carea' id='block_1_33' title="bbox 68 3232 952 3306">
    <p class='ocr_par' dir='ltr' id='par_1_33' title="bbox 68 3232 952 3306">
     <span class='ocr_line' id='line_1_33' title="bbox 68 3232 952 3306; baseline -0.001 -18"><span class='ocrx_word' id='word_1_268' title='bbox 68 3232 174 3291; x_wconf 90' lang='lat' dir='ltr'><strong>bine</strong></span> <span class='ocrx_word' id='word_1_269' title='bbox 199 3236 423 3292; x_wconf 89' lang='lat' dir='ltr'><strong>obedire</strong></span> <span class='ocrx_word' id='word_1_270' title='bbox 453 3242 683 3306; x_wconf 90' lang='lat' dir='ltr'><strong>oportet,</strong></span> <span class='ocrx_word' id='word_1_271' title='bbox 713 3249 780 3288; x_wconf 88' lang='lat' dir='ltr'><strong>an</strong></span> <span class='ocrx_word' id='word_1_272' title='bbox 809 3233 952 3289; x_wconf 84' lang='lat' dir='ltr'><strong>Deo?</strong></span> 
     </span>
    </p>
   </div>
   <div class='ocr_carea' id='block_1_34' title="bbox 127 3326 1652 3398">
    <p class='ocr_par' dir='ltr' id='par_1_34' title="bbox 127 3326 1652 3398">
     <span class='ocr_line' id='line_1_34' title="bbox 127 3326 1652 3398; baseline -0.001 -15"><span class='ocrx_word' id='word_1_273' title='bbox 127 3328 344 3386; x_wconf 85' lang='lat' dir='ltr'><strong>CAPUT</strong></span> <span class='ocrx_word' id='word_1_274' title='bbox 372 3329 448 3386; x_wconf 84' lang='lat' dir='ltr'><strong>X.</strong></span> <span class='ocrx_word' id='word_1_275' title='bbox 470 3359 542 3370; x_wconf 91' lang='lat'><strong>——</strong></span> <span class='ocrx_word' id='word_1_276' title='bbox 567 3329 658 3386; x_wconf 76' lang='lat' dir='ltr'><strong>l3.</strong></span> <span class='ocrx_word' id='word_1_277' title='bbox 683 3327 795 3383; x_wconf 88' lang='lat' dir='ltr'><strong>Nisi</strong></span> <span class='ocrx_word' id='word_1_278' title='bbox 821 3326 959 3384; x_wconf 87' lang='lat' dir='ltr'><strong>forte</strong></span> <span class='ocrx_word' id='word_1_279' title='bbox 988 3327 1087 3383; x_wconf 89' lang='lat' dir='ltr'><strong>ista</strong></span> <span class='ocrx_word' id='word_1_280' title='bbox 1107 3342 1226 3398; x_wconf 65' lang='lat' dir='ltr'><strong>quas</strong></span> <span class='ocrx_word' id='word_1_281' title='bbox 1249 3341 1279 3381; x_wconf 89' lang='lat' dir='ltr'><strong>a</strong></span> <span class='ocrx_word' id='word_1_282' title='bbox 1305 3342 1393 3384; x_wconf 90' lang='lat' dir='ltr'><strong>me</strong></span> <span class='ocrx_word' id='word_1_283' title='bbox 1415 3327 1484 3383; x_wconf 91' lang='lat' dir='ltr'><strong>de</strong></span> <span class='ocrx_word' id='word_1_284' title='bbox 1509 3327 1652 3383; x_wconf 89' lang='lat' dir='ltr'><strong>Scri-</strong></span> 
     </span>
    </p>
   </div>
   <div class='ocr_carea' id='block_1_35' title="bbox 71 3421 1650 3492">
    <p class='ocr_par' dir='ltr' id='par_1_35' title="bbox 71 3421 1650 3492">
     <span class='ocr_line' id='line_1_35' title="bbox 71 3421 1650 3492; baseline -0.001 -15"><span class='ocrx_word' id='word_1_285' title='bbox 71 3425 220 3492; x_wconf 88' lang='lat' dir='ltr'><strong>pturis</strong></span> <span class='ocrx_word' id='word_1_286' title='bbox 247 3425 450 3480; x_wconf 88' lang='lat' dir='ltr'><strong>sanctis</strong></span> <span class='ocrx_word' id='word_1_287' title='bbox 477 3422 796 3478; x_wconf 88' lang='lat' dir='ltr'><strong>documenta</strong></span> <span class='ocrx_word' id='word_1_288' title='bbox 828 3421 1034 3492; x_wconf 83' lang='lat' dir='ltr'><strong>prolata</strong></span> <span class='ocrx_word' id='word_1_289' title='bbox 1063 3430 1208 3488; x_wconf 90' lang='lat' dir='ltr'><strong>sunt,</strong></span> <span class='ocrx_word' id='word_1_290' title='bbox 1238 3421 1316 3476; x_wconf 91' lang='lat' dir='ltr'><strong>sic</strong></span> <span class='ocrx_word' id='word_1_291' title='bbox 1343 3421 1650 3491; x_wconf 89' lang='lat' dir='ltr'><strong>accipienda</strong></span> 
     </span>
    </p>
   </div>
   <div class='ocr_carea' id='block_1_36' title="bbox 73 3511 1653 3584">
    <p class='ocr_par' dir='ltr' id='par_1_36' title="bbox 73 3511 1653 3584">
     <span class='ocr_line' id='line_1_36' title="bbox 73 3511 1653 3584; baseline 0.001 -18"><span class='ocrx_word' id='word_1_292' title='bbox 73 3514 345 3581; x_wconf 88' lang='lat' dir='ltr'><strong>arbitraris,</strong></span> <span class='ocrx_word' id='word_1_293' title='bbox 377 3523 442 3570; x_wconf 89' lang='lat' dir='ltr'><strong>ut</strong></span> <span class='ocrx_word' id='word_1_294' title='bbox 466 3512 608 3584; x_wconf 91' lang='lat' dir='ltr'><strong>quod</strong></span> <span class='ocrx_word' id='word_1_295' title='bbox 631 3521 840 3568; x_wconf 88' lang='lat' dir='ltr'><strong>vestros</strong></span> <span class='ocrx_word' id='word_1_296' title='bbox 868 3512 1106 3567; x_wconf 88' lang='lat' dir='ltr'><strong>factitare</strong></span> <span class='ocrx_word' id='word_1_297' title='bbox 1131 3511 1378 3579; x_wconf 84' lang='lat' dir='ltr'><strong>laudasti,</strong></span> <span class='ocrx_word' id='word_1_298' title='bbox 1401 3512 1454 3566; x_wconf 92' lang='lat' dir='ltr'><strong>in</strong></span> <span class='ocrx_word' id='word_1_299' title='bbox 1479 3512 1653 3568; x_wconf 89' lang='lat' dir='ltr'><strong>eccle-</strong></span> 
     </span>
    </p>
   </div>
   <div class='ocr_carea' id='block_1_37' title="bbox 73 3604 1654 3678">
    <p class='ocr_par' dir='ltr' id='par_1_37' title="bbox 73 3604 1654 3678">
     <span class='ocr_line' id='line_1_37' title="bbox 73 3604 1654 3678; baseline 0.001 -18"><span class='ocrx_word' id='word_1_300' title='bbox 73 3605 138 3660; x_wconf 89' lang='lat' dir='ltr'><strong>sia</strong></span> <span class='ocrx_word' id='word_1_301' title='bbox 163 3615 360 3664; x_wconf 89' lang='lat' dir='ltr'><strong>tantum</strong></span> <span class='ocrx_word' id='word_1_302' title='bbox 387 3621 513 3678; x_wconf 65' lang='lat' dir='ltr'><strong>quae</strong></span> <span class='ocrx_word' id='word_1_303' title='bbox 541 3607 597 3662; x_wconf 91' lang='lat' dir='ltr'><strong>in</strong></span> <span class='ocrx_word' id='word_1_304' title='bbox 627 3605 769 3676; x_wconf 89' lang='lat' dir='ltr'><strong>Lege</strong></span> <span class='ocrx_word' id='word_1_305' title='bbox 798 3605 1044 3664; x_wconf 89' lang='lat' dir='ltr'><strong>mandata</strong></span> <span class='ocrx_word' id='word_1_306' title='bbox 1069 3613 1196 3662; x_wconf 90' lang='lat' dir='ltr'><strong>sunt</strong></span> <span class='ocrx_word' id='word_1_307' title='bbox 1221 3604 1399 3676; x_wconf 89' lang='lat' dir='ltr'><strong>populi</strong></span> <span class='ocrx_word' id='word_1_308' title='bbox 1424 3605 1654 3662; x_wconf 67' lang='lat' dir='ltr'><strong>doceam</strong></span> 
     </span>
    </p>
   </div>
   <div class='ocr_carea' id='block_1_38' title="bbox 76 3695 1651 3768">
    <p class='ocr_par' dir='ltr' id='par_1_38' title="bbox 76 3695 1651 3768">
     <span class='ocr_line' id='line_1_38' title="bbox 76 3695 1651 3768; baseline 0 -16"><span class='ocrx_word' id='word_1_309' title='bbox 76 3706 165 3753; x_wconf 89' lang='lat' dir='ltr'><strong>tur.</strong></span> <span class='ocrx_word' id='word_1_310' title='bbox 195 3699 266 3755; x_wconf 89' lang='lat' dir='ltr'><strong>lbi</strong></span> <span class='ocrx_word' id='word_1_311' title='bbox 306 3701 455 3756; x_wconf 90' lang='lat' dir='ltr'><strong>enim</strong></span> <span class='ocrx_word' id='word_1_312' title='bbox 495 3697 716 3754; x_wconf 83' lang='lat' dir='ltr'><strong>forsitan</strong></span> <span class='ocrx_word' id='word_1_313' title='bbox 759 3706 912 3768; x_wconf 89' lang='lat' dir='ltr'><strong>putas</strong></span> <span class='ocrx_word' id='word_1_314' title='bbox 948 3695 1315 3767; x_wconf 86' lang='lat' dir='ltr'><strong>corripiendos</strong></span> <span class='ocrx_word' id='word_1_315' title='bbox 1344 3706 1398 3752; x_wconf 92' lang='lat' dir='ltr'><strong>et</strong></span> <span class='ocrx_word' id='word_1_316' title='bbox 1426 3697 1651 3753; x_wconf 91' lang='lat' dir='ltr'><strong>convin-</strong></span> 
     </span>
    </p>
   </div>
   <div class='ocr_carea' id='block_1_39' title="bbox 74 3790 1654 3862">
    <p class='ocr_par' dir='ltr' id='par_1_39' title="bbox 74 3790 1654 3862">
     <span class='ocr_line' id='line_1_39' title="bbox 74 3790 1654 3862; baseline -0.001 -15"><span class='ocrx_word' id='word_1_317' title='bbox 74 3791 254 3848; x_wconf 89' lang='lat' dir='ltr'><strong>cendos</strong></span> <span class='ocrx_word' id='word_1_318' title='bbox 275 3808 399 3850; x_wconf 89' lang='lat' dir='ltr'><strong>esse</strong></span> <span class='ocrx_word' id='word_1_319' title='bbox 424 3791 634 3847; x_wconf 88' lang='lat' dir='ltr'><strong>diversa</strong></span> <span class='ocrx_word' id='word_1_320' title='bbox 662 3790 974 3859; x_wconf 85' lang='lat' dir='ltr'><strong>sentientes,</strong></span> <span class='ocrx_word' id='word_1_321' title='bbox 1003 3799 1060 3846; x_wconf 91' lang='lat' dir='ltr'><strong>ut</strong></span> <span class='ocrx_word' id='word_1_322' title='bbox 1083 3790 1442 3862; x_wconf 86' lang='lat' dir='ltr'><strong>unusquisque</strong></span> <span class='ocrx_word' id='word_1_323' title='bbox 1466 3790 1654 3848; x_wconf 91' lang='lat' dir='ltr'><strong>doctor</strong></span> 
     </span>
    </p>
   </div>
   <div class='ocr_carea' id='block_1_40' title="bbox 76 3883 1653 3956">
    <p class='ocr_par' dir='ltr' id='par_1_40' title="bbox 76 3883 1653 3956">
     <span class='ocr_line' id='line_1_40' title="bbox 76 3883 1653 3956; baseline 0 -16"><span class='ocrx_word' id='word_1_324' title='bbox 76 3896 272 3941; x_wconf 84' lang='lat' dir='ltr'><strong>suorum</strong></span> <span class='ocrx_word' id='word_1_325' title='bbox 299 3883 670 3942; x_wconf 88' lang='lat' dir='ltr'><strong>tantummodo</strong></span> <span class='ocrx_word' id='word_1_326' title='bbox 691 3883 1011 3954; x_wconf 90' lang='lat' dir='ltr'><strong>disputando</strong></span> <span class='ocrx_word' id='word_1_327' title='bbox 1032 3894 1087 3941; x_wconf 89' lang='lat' dir='ltr'><strong>et</strong></span> <span class='ocrx_word' id='word_1_328' title='bbox 1107 3883 1446 3956; x_wconf 70' lang='lat' dir='ltr'><strong>praedicando</strong></span> <span class='ocrx_word' id='word_1_329' title='bbox 1466 3899 1653 3940; x_wconf 86' lang='lat' dir='ltr'><strong>emen-</strong></span> 
     </span>
    </p>
   </div>
   <div class='ocr_carea' id='block_1_41' title="bbox 77 3975 1656 4048">
    <p class='ocr_par' dir='ltr' id='par_1_41' title="bbox 77 3975 1656 4048">
     <span class='ocr_line' id='line_1_41' title="bbox 77 3975 1656 4048; baseline 0.001 -17"><span class='ocrx_word' id='word_1_330' title='bbox 77 3975 154 4032; x_wconf 90' lang='lat' dir='ltr'><strong>det</strong></span> <span class='ocrx_word' id='word_1_331' title='bbox 175 3994 412 4035; x_wconf 87' lang='lat' dir='ltr'><strong>errorem</strong></span> <span class='ocrx_word' id='word_1_332' title='bbox 442 3997 456 4034; x_wconf 89' lang='lat'><strong>:</strong></span> <span class='ocrx_word' id='word_1_333' title='bbox 478 3976 524 4033; x_wconf 91' lang='lat' dir='ltr'><strong>si</strong></span> <span class='ocrx_word' id='word_1_334' title='bbox 544 3976 670 4047; x_wconf 90' lang='lat' dir='ltr'><strong>quid</strong></span> <span class='ocrx_word' id='word_1_335' title='bbox 694 3983 871 4032; x_wconf 89' lang='lat' dir='ltr'><strong>autem</strong></span> <span class='ocrx_word' id='word_1_336' title='bbox 895 3976 1000 4032; x_wconf 90' lang='lat' dir='ltr'><strong>tale</strong></span> <span class='ocrx_word' id='word_1_337' title='bbox 1024 3992 1146 4034; x_wconf 89' lang='lat' dir='ltr'><strong>cum</strong></span> <span class='ocrx_word' id='word_1_338' title='bbox 1169 3977 1249 4032; x_wconf 88' lang='lat' dir='ltr'><strong>eis</strong></span> <span class='ocrx_word' id='word_1_339' title='bbox 1267 3977 1357 4048; x_wconf 90' lang='lat' dir='ltr'><strong>qui</strong></span> <span class='ocrx_word' id='word_1_340' title='bbox 1379 3976 1506 4034; x_wconf 87' lang='lat' dir='ltr'><strong>loris</strong></span> <span class='ocrx_word' id='word_1_341' title='bbox 1529 3985 1656 4034; x_wconf 89' lang='lat' dir='ltr'><strong>sunt</strong></span> 
     </span>
    </p>
   </div>
   <div class='ocr_carea' id='block_1_42' title="bbox 78 4068 1655 4139">
    <p class='ocr_par' dir='ltr' id='par_1_42' title="bbox 78 4068 1655 4139">
     <span class='ocr_line' id='line_1_42' title="bbox 78 4068 1655 4139; baseline -0.001 -13"><span class='ocrx_word' id='word_1_342' title='bbox 78 4083 218 4139; x_wconf 76' lang='lat' dir='ltr'><strong>agere</strong></span> <span class='ocrx_word' id='word_1_343' title='bbox 240 4074 255 4103; x_wconf 77' lang='lat'><strong>‘</strong></span> <span class='ocrx_word' id='word_1_344' title='bbox 287 4069 578 4136; x_wconf 88' lang='lat' dir='ltr'><strong>institerit,</strong></span> <span class='ocrx_word' id='word_1_345' title='bbox 613 4079 738 4125; x_wconf 89' lang='lat' dir='ltr'><strong>tunc</strong></span> <span class='ocrx_word' id='word_1_346' title='bbox 775 4068 1050 4126; x_wconf 81' lang='lat' dir='ltr'><strong>animosus</strong></span> <span class='ocrx_word' id='word_1_347' title='bbox 1072 4111 1088 4136; x_wconf 92' lang='lat'><strong>,</strong></span> <span class='ocrx_word' id='word_1_348' title='bbox 1125 4077 1252 4125; x_wconf 90' lang='lat' dir='ltr'><strong>tunc</strong></span> <span class='ocrx_word' id='word_1_349' title='bbox 1289 4069 1655 4126; x_wconf 87' lang='lat' dir='ltr'><strong>contentiosus</strong></span> 
     </span>
    </p>
   </div>
   <div class='ocr_carea' id='block_1_43' title="bbox 79 4161 1655 4234">
    <p class='ocr_par' dir='ltr' id='par_1_43' title="bbox 79 4161 1655 4234">
     <span class='ocr_line' id='line_1_43' title="bbox 79 4161 1655 4234; baseline 0.003 -20"><span class='ocrx_word' id='word_1_350' title='bbox 79 4162 148 4215; x_wconf 77' lang='lat' dir='ltr'><strong>vel</strong></span> <span class='ocrx_word' id='word_1_351' title='bbox 177 4162 435 4234; x_wconf 76' lang='lat' dir='ltr'><strong>litigiosus</strong></span> <span class='ocrx_word' id='word_1_352' title='bbox 475 4161 751 4217; x_wconf 86' lang='lat' dir='ltr'><strong>habendus</strong></span> <span class='ocrx_word' id='word_1_353' title='bbox 777 4162 878 4227; x_wconf 87' lang='lat' dir='ltr'><strong>sit;</strong></span> <span class='ocrx_word' id='word_1_354' title='bbox 907 4162 1028 4233; x_wconf 89' lang='lat' dir='ltr'><strong>quia</strong></span> <span class='ocrx_word' id='word_1_355' title='bbox 1057 4171 1103 4216; x_wconf 87' lang='lat' dir='ltr'><strong>et</strong></span> <span class='ocrx_word' id='word_1_356' title='bbox 1130 4163 1238 4232; x_wconf 87' lang='lat' dir='ltr'><strong>ipse</strong></span> <span class='ocrx_word' id='word_1_357' title='bbox 1265 4161 1535 4230; x_wconf 79' lang='lat' dir='ltr'><strong>Ezechiel,</strong></span> <span class='ocrx_word' id='word_1_358' title='bbox 1571 4163 1655 4218; x_wconf 91' lang='lat' dir='ltr'><strong>in-</strong></span> 
     </span>
    </p>
   </div>
   <div class='ocr_carea' id='block_1_44' title="bbox 81 4252 1656 4325">
    <p class='ocr_par' dir='ltr' id='par_1_44' title="bbox 81 4252 1656 4325">
     <span class='ocr_line' id='line_1_44' title="bbox 81 4252 1656 4325; baseline 0.001 -19"><span class='ocrx_word' id='word_1_359' title='bbox 81 4253 200 4322; x_wconf 88' lang='lat' dir='ltr'><strong>quis,</strong></span> <span class='ocrx_word' id='word_1_360' title='bbox 226 4266 270 4310; x_wconf 88' lang='lat' dir='ltr'><strong>et</strong></span> <span class='ocrx_word' id='word_1_361' title='bbox 297 4256 390 4310; x_wconf 89' lang='lat' dir='ltr'><strong>alii</strong></span> <span class='ocrx_word' id='word_1_362' title='bbox 420 4252 694 4323; x_wconf 67' lang='lat' dir='ltr'><strong>Propheta!</strong></span> <span class='ocrx_word' id='word_1_363' title='bbox 710 4269 826 4309; x_wconf 89' lang='lat' dir='ltr'><strong>cum</strong></span> <span class='ocrx_word' id='word_1_364' title='bbox 844 4252 1002 4308; x_wconf 78' lang='lat' dir='ltr'><strong>verbis</strong></span> <span class='ocrx_word' id='word_1_365' title='bbox 1028 4252 1124 4308; x_wconf 89' lang='lat' dir='ltr'><strong>Dei</strong></span> <span class='ocrx_word' id='word_1_366' title='bbox 1147 4253 1214 4309; x_wconf 89' lang='lat' dir='ltr'><strong>ad</strong></span> <span class='ocrx_word' id='word_1_367' title='bbox 1239 4269 1385 4308; x_wconf 87' lang='lat' dir='ltr'><strong>suum</strong></span> <span class='ocrx_word' id='word_1_368' title='bbox 1411 4254 1656 4325; x_wconf 83' lang='lat' dir='ltr'><strong>populum</strong></span> 
     </span>
    </p>
   </div>
   <div class='ocr_carea' id='block_1_45' title="bbox 82 4346 1320 4415">
    <p class='ocr_par' dir='ltr' id='par_1_45' title="bbox 82 4346 1320 4415">
     <span class='ocr_line' id='line_1_45' title="bbox 82 4346 1320 4415; baseline 0.002 -16"><span class='ocrx_word' id='word_1_369' title='bbox 82 4347 404 4415; x_wconf 78' lang='lat' dir='ltr'><strong>mittebantur,</strong></span> <span class='ocrx_word' id='word_1_370' title='bbox 434 4347 686 4404; x_wconf 71' lang='lat' dir='ltr'><strong>Israelita:</strong></span> <span class='ocrx_word' id='word_1_371' title='bbox 715 4347 919 4404; x_wconf 89' lang='lat' dir='ltr'><strong>scilicet</strong></span> <span class='ocrx_word' id='word_1_372' title='bbox 941 4346 1009 4402; x_wconf 86' lang='lat' dir='ltr'><strong>ad</strong></span> <span class='ocrx_word' id='word_1_373' title='bbox 1034 4346 1320 4403; x_wconf 83' lang='lat' dir='ltr'><strong>lsraelitas.</strong></span> 
     </span>
    </p>
   </div>
   <div class='ocr_carea' id='block_1_46' title="bbox 143 4439 1652 4512">
    <p class='ocr_par' dir='ltr' id='par_1_46' title="bbox 143 4439 1652 4512">
     <span class='ocr_line' id='line_1_46' title="bbox 143 4439 1652 4512; baseline -0.001 -18"><span class='ocrx_word' id='word_1_374' title='bbox 143 4440 359 4502; x_wconf 76' lang='lat' dir='ltr'><strong>CAPUT</strong></span> <span class='ocrx_word' id='word_1_375' title='bbox 388 4442 482 4499; x_wconf 78' lang='lat' dir='ltr'><strong>XI.</strong></span> <span class='ocrx_word' id='word_1_376' title='bbox 510 4472 582 4484; x_wconf 90' lang='lat'><strong><em>—</em></strong></span> <span class='ocrx_word' id='word_1_377' title='bbox 608 4442 695 4500; x_wconf 69' lang='lat' dir='ltr'><strong>l4.</strong></span> <span class='ocrx_word' id='word_1_378' title='bbox 726 4439 806 4497; x_wconf 87' lang='lat' dir='ltr'><strong>Ad</strong></span> <span class='ocrx_word' id='word_1_379' title='bbox 832 4440 947 4496; x_wconf 68' lang='lat' dir='ltr'><strong>haec</strong></span> <span class='ocrx_word' id='word_1_380' title='bbox 973 4455 1185 4512; x_wconf 89' lang='lat' dir='ltr'><strong>quoque</strong></span> <span class='ocrx_word' id='word_1_381' title='bbox 1213 4440 1304 4496; x_wconf 89' lang='lat' dir='ltr'><strong>tibi</strong></span> <span class='ocrx_word' id='word_1_382' title='bbox 1333 4439 1652 4511; x_wconf 85' lang='lat' dir='ltr'><strong>respondeo.</strong></span> 
     </span>
    </p>
   </div>
   <div class='ocr_carea' id='block_1_47' title="bbox 85 4530 1654 4608">
    <p class='ocr_par' dir='ltr' id='par_1_47' title="bbox 85 4530 1654 4608">
     <span class='ocr_line' id='line_1_47' title="bbox 85 4530 1654 4608; baseline 0 -20"><span class='ocrx_word' id='word_1_383' title='bbox 85 4530 185 4588; x_wconf 87' lang='lat' dir='ltr'><strong>lam</strong></span> <span class='ocrx_word' id='word_1_384' title='bbox 218 4537 430 4608; x_wconf 86' lang='lat' dir='ltr'><strong>quidem</strong></span> <span class='ocrx_word' id='word_1_385' title='bbox 475 4550 636 4607; x_wconf 80' lang='lat' dir='ltr'><strong>supra</strong></span> <span class='ocrx_word' id='word_1_386' title='bbox 677 4534 1127 4602; x_wconf 86' lang='lat' dir='ltr'><strong>commemoravi,</strong></span> <span class='ocrx_word' id='word_1_387' title='bbox 1166 4533 1446 4590; x_wconf 87' lang='lat' dir='ltr'><strong>Dominum</strong></span> <span class='ocrx_word' id='word_1_388' title='bbox 1485 4533 1654 4602; x_wconf 87' lang='lat' dir='ltr'><strong>ipsum</strong></span> 
     </span>
    </p>
   </div>
   <div class='ocr_carea' id='block_1_48' title="bbox 87 4624 1657 4703">
    <p class='ocr_par' dir='ltr' id='par_1_48' title="bbox 87 4624 1657 4703">
     <span class='ocr_line' id='line_1_48' title="bbox 87 4624 1657 4703; baseline 0.001 -22"><span class='ocrx_word' id='word_1_389' title='bbox 87 4624 268 4696; x_wconf 83' lang='lat' dir='ltr'><strong>Jesum,</strong></span> <span class='ocrx_word' id='word_1_390' title='bbox 295 4631 387 4703; x_wconf 88' lang='lat' dir='ltr'><strong>qui</strong></span> <span class='ocrx_word' id='word_1_391' title='bbox 416 4645 478 4688; x_wconf 85' lang='lat' dir='ltr'><strong>se</strong></span> <span class='ocrx_word' id='word_1_392' title='bbox 504 4629 818 4686; x_wconf 85' lang='lat' dir='ltr'><strong>imitandum</strong></span> <span class='ocrx_word' id='word_1_393' title='bbox 847 4628 1121 4698; x_wconf 84' lang='lat' dir='ltr'><strong>discipulis</strong></span> <span class='ocrx_word' id='word_1_394' title='bbox 1149 4627 1395 4700; x_wconf 69' lang='lat' dir='ltr'><strong>praebuit,</strong></span> <span class='ocrx_word' id='word_1_395' title='bbox 1428 4643 1534 4682; x_wconf 86' lang='lat' dir='ltr'><strong>non</strong></span> <span class='ocrx_word' id='word_1_396' title='bbox 1565 4643 1657 4683; x_wconf 86' lang='lat' dir='ltr'><strong>so-</strong></span> 
     </span>
    </p>
   </div>
   <div class='ocr_carea' id='block_1_49' title="bbox 88 4717 1654 4789">
    <p class='ocr_par' dir='ltr' id='par_1_49' title="bbox 88 4717 1654 4789">
     <span class='ocr_line' id='line_1_49' title="bbox 88 4717 1654 4789; baseline 0.004 -17"><span class='ocrx_word' id='word_1_397' title='bbox 88 4717 182 4776; x_wconf 86' lang='lat' dir='ltr'><strong>lum</strong></span> <span class='ocrx_word' id='word_1_398' title='bbox 209 4722 433 4789; x_wconf 68' lang='lat' dir='ltr'><strong>iudicis.</strong></span> <span class='ocrx_word' id='word_1_399' title='bbox 465 4738 651 4780; x_wconf 86' lang='lat' dir='ltr'><strong>verum</strong></span> <span class='ocrx_word' id='word_1_400' title='bbox 679 4723 841 4780; x_wconf 86' lang='lat' dir='ltr'><strong>etiam</strong></span> <span class='ocrx_word' id='word_1_401' title='bbox 875 4722 1194 4788; x_wconf 65' lang='lat' dir='ltr'><strong>Pharisaeis,</strong></span> <span class='ocrx_word' id='word_1_402' title='bbox 1226 4731 1281 4778; x_wconf 93' lang='lat' dir='ltr'><strong>et</strong></span> <span class='ocrx_word' id='word_1_403' title='bbox 1313 4721 1654 4789; x_wconf 71' lang='lat' dir='ltr'><strong>Sadducaeis,</strong></span> 
     </span>
    </p>
   </div>
   <div class='ocr_carea' id='block_1_50' title="bbox 89 4813 1659 4886">
    <p class='ocr_par' dir='ltr' id='par_1_50' title="bbox 89 4813 1659 4886">
     <span class='ocr_line' id='line_1_50' title="bbox 89 4813 1659 4886; baseline 0.003 -20"><span class='ocrx_word' id='word_1_404' title='bbox 89 4820 137 4866; x_wconf 88' lang='lat' dir='ltr'><strong>et</strong></span> <span class='ocrx_word' id='word_1_405' title='bbox 156 4813 514 4882; x_wconf 81' lang='lat' dir='ltr'><strong>Samaritanis,</strong></span> <span class='ocrx_word' id='word_1_406' title='bbox 545 4825 601 4874; x_wconf 85' lang='lat' dir='ltr'><strong>et</strong></span> <span class='ocrx_word' id='word_1_407' title='bbox 627 4815 727 4886; x_wconf 84' lang='lat' dir='ltr'><strong>ipsi</strong></span> <span class='ocrx_word' id='word_1_408' title='bbox 752 4815 964 4871; x_wconf 87' lang='lat' dir='ltr'><strong>diabolo</strong></span> <span class='ocrx_word' id='word_1_409' title='bbox 994 4814 1218 4885; x_wconf 86' lang='lat' dir='ltr'><strong>principi</strong></span> <span class='ocrx_word' id='word_1_410' title='bbox 1243 4813 1481 4870; x_wconf 89' lang='lat' dir='ltr'><strong>omnium</strong></span> <span class='ocrx_word' id='word_1_411' title='bbox 1509 4815 1659 4870; x_wconf 83' lang='lat' dir='ltr'><strong>falla-</strong></span> 
     </span>
    </p>
   </div>
   <div class='ocr_carea' id='block_1_51' title="bbox 90 4903 1660 4977">
    <p class='ocr_par' dir='ltr' id='par_1_51' title="bbox 90 4903 1660 4977">
     <span class='ocr_line' id='line_1_51' title="bbox 90 4903 1660 4977; baseline 0.003 -20"><span class='ocrx_word' id='word_1_412' title='bbox 90 4903 270 4963; x_wconf 89' lang='lat' dir='ltr'><strong>ciarum</strong></span> <span class='ocrx_word' id='word_1_413' title='bbox 297 4919 351 4966; x_wconf 90' lang='lat' dir='ltr'><strong>et</strong></span> <span class='ocrx_word' id='word_1_414' title='bbox 377 4923 620 4965; x_wconf 87' lang='lat' dir='ltr'><strong>errorum</strong></span> <span class='ocrx_word' id='word_1_415' title='bbox 646 4921 888 4964; x_wconf 85' lang='lat' dir='ltr'><strong>asserere</strong></span> <span class='ocrx_word' id='word_1_416' title='bbox 912 4907 1211 4972; x_wconf 86' lang='lat' dir='ltr'><strong>veritatem,</strong></span> <span class='ocrx_word' id='word_1_417' title='bbox 1239 4915 1293 4962; x_wconf 91' lang='lat' dir='ltr'><strong>et</strong></span> <span class='ocrx_word' id='word_1_418' title='bbox 1317 4906 1383 4960; x_wconf 90' lang='lat' dir='ltr'><strong>de</strong></span> <span class='ocrx_word' id='word_1_419' title='bbox 1408 4905 1548 4977; x_wconf 88' lang='lat' dir='ltr'><strong>Lege</strong></span> <span class='ocrx_word' id='word_1_420' title='bbox 1575 4921 1660 4962; x_wconf 85' lang='lat' dir='ltr'><strong>re-</strong></span> 
     </span>
    </p>
   </div>
   <div class='ocr_carea' id='block_1_52' title="bbox 93 4996 1655 5069">
    <p class='ocr_par' dir='ltr' id='par_1_52' title="bbox 93 4996 1655 5069">
     <span class='ocr_line' id='line_1_52' title="bbox 93 4996 1655 5069; baseline 0.004 -22"><span class='ocrx_word' id='word_1_421' title='bbox 93 4997 331 5063; x_wconf 85' lang='lat' dir='ltr'><strong>spondere</strong></span> <span class='ocrx_word' id='word_1_422' title='bbox 351 5015 458 5057; x_wconf 91' lang='lat' dir='ltr'><strong>non</strong></span> <span class='ocrx_word' id='word_1_423' title='bbox 473 4998 838 5069; x_wconf 89' lang='lat' dir='ltr'><strong>dedignatum.</strong></span> <span class='ocrx_word' id='word_1_424' title='bbox 854 4997 959 5056; x_wconf 87' lang='lat' dir='ltr'><strong>Sed</strong></span> <span class='ocrx_word' id='word_1_425' title='bbox 977 5013 1044 5054; x_wconf 91' lang='lat' dir='ltr'><strong>ne</strong></span> <span class='ocrx_word' id='word_1_426' title='bbox 1062 4997 1164 5054; x_wconf 91' lang='lat' dir='ltr'><strong>hoc</strong></span> <span class='ocrx_word' id='word_1_427' title='bbox 1181 4996 1404 5052; x_wconf 89' lang='lat' dir='ltr'><strong>Domino</strong></span> <span class='ocrx_word' id='word_1_428' title='bbox 1423 4997 1655 5063; x_wconf 88' lang='lat' dir='ltr'><strong>licuisse,</strong></span> 
     </span>
    </p>
   </div>
   <div class='ocr_carea' id='block_1_53' title="bbox 94 5089 1658 5162">
    <p class='ocr_par' dir='ltr' id='par_1_53' title="bbox 94 5089 1658 5162">
     <span class='ocr_line' id='line_1_53' title="bbox 94 5089 1658 5162; baseline 0.003 -22"><span class='ocrx_word' id='word_1_429' title='bbox 94 5089 242 5146; x_wconf 81' lang='lat' dir='ltr'><strong>servis</strong></span> <span class='ocrx_word' id='word_1_430' title='bbox 261 5102 435 5149; x_wconf 87' lang='lat' dir='ltr'><strong>autem</strong></span> <span class='ocrx_word' id='word_1_431' title='bbox 463 5091 580 5161; x_wconf 83' lang='lat' dir='ltr'><strong>ejus</strong></span> <span class='ocrx_word' id='word_1_432' title='bbox 605 5092 879 5147; x_wconf 79' lang='lat' dir='ltr'><strong>existimes</strong></span> <span class='ocrx_word' id='word_1_433' title='bbox 904 5105 1009 5146; x_wconf 92' lang='lat' dir='ltr'><strong>non</strong></span> <span class='ocrx_word' id='word_1_434' title='bbox 1038 5090 1220 5153; x_wconf 86' lang='lat' dir='ltr'><strong>licere,</strong></span> <span class='ocrx_word' id='word_1_435' title='bbox 1248 5089 1430 5159; x_wconf 88' lang='lat' dir='ltr'><strong>accipe</strong></span> <span class='ocrx_word' id='word_1_436' title='bbox 1453 5089 1579 5162; x_wconf 92' lang='lat' dir='ltr'><strong>quid</strong></span> <span class='ocrx_word' id='word_1_437' title='bbox 1607 5090 1658 5146; x_wconf 89' lang='lat' dir='ltr'><strong>in</strong></span> 
     </span>
    </p>
   </div>
   <div class='ocr_carea' id='block_1_54' title="bbox 97 5178 1656 5256">
    <p class='ocr_par' dir='ltr' id='par_1_54' title="bbox 97 5178 1656 5256">
     <span class='ocr_line' id='line_1_54' title="bbox 97 5178 1656 5256; baseline 0.004 -26"><span class='ocrx_word' id='word_1_438' title='bbox 97 5178 290 5239; x_wconf 75' lang='lat' dir='ltr'><strong>Actibus</strong></span> <span class='ocrx_word' id='word_1_439' title='bbox 317 5184 697 5256; x_wconf 75' lang='lat' dir='ltr'><strong>Apostolorum</strong></span> <span class='ocrx_word' id='word_1_440' title='bbox 729 5183 946 5254; x_wconf 78' lang='lat' dir='ltr'><strong>legatur.</strong></span> <span class='ocrx_word' id='word_1_441' title='bbox 979 5181 1194 5236; x_wconf 77' lang='lat' dir='ltr'><strong>Judteus</strong></span> <span class='ocrx_word' id='word_1_442' title='bbox 1227 5191 1394 5236; x_wconf 85' lang='lat' dir='ltr'><strong>autent</strong></span> <span class='ocrx_word' id='word_1_443' title='bbox 1421 5182 1656 5252; x_wconf 89' lang='lat' dir='ltr'><strong>quidant,</strong></span> 
     </span>
    </p>
   </div>
   <div class='ocr_carea' id='block_1_55' title="bbox 98 5269 1653 5345">
    <p class='ocr_par' dir='ltr' id='par_1_55' title="bbox 98 5269 1653 5345">
     <span class='ocr_line' id='line_1_55' title="bbox 98 5269 1653 5345; baseline 0.001 -19"><span class='ocrx_word' id='word_1_444' title='bbox 98 5269 257 5340; x_wconf 77' lang='lat' dir='ltr'><strong>Apollo</strong></span> <span class='ocrx_word' id='word_1_445' title='bbox 283 5277 502 5342; x_wconf 85' lang='lat' dir='ltr'><strong>nomine,</strong></span> <span class='ocrx_word' id='word_1_446' title='bbox 529 5273 905 5332; x_wconf 68' lang='lat' dir='ltr'><strong>Alexandrinus</strong></span> <span class='ocrx_word' id='word_1_447' title='bbox 927 5289 1126 5345; x_wconf 79' lang='lat' dir='ltr'><strong>genere,</strong></span> <span class='ocrx_word' id='word_1_448' title='bbox 1153 5273 1345 5328; x_wconf 85' lang='lat' dir='ltr'><strong>devenit</strong></span> <span class='ocrx_word' id='word_1_449' title='bbox 1373 5273 1653 5344; x_wconf 80' lang='lat' dir='ltr'><strong>Ephesum,</strong></span> 
     </span>
    </p>
   </div>
   <div class='ocr_carea' id='block_1_56' title="bbox 100 5367 1656 5441">
    <p class='ocr_par' dir='ltr' id='par_1_56' title="bbox 100 5367 1656 5441">
     <span class='ocr_line' id='line_1_56' title="bbox 100 5367 1656 5441; baseline 0.005 -24"><span class='ocrx_word' id='word_1_450' title='bbox 100 5373 249 5432; x_wconf 86' lang='lat' dir='ltr'><strong>potens</strong></span> <span class='ocrx_word' id='word_1_451' title='bbox 263 5370 315 5426; x_wconf 86' lang='lat' dir='ltr'><strong>in</strong></span> <span class='ocrx_word' id='word_1_452' title='bbox 331 5369 612 5441; x_wconf 80' lang='lat' dir='ltr'><strong>Scripturis</strong></span> <span class='ocrx_word' id='word_1_453' title='bbox 632 5385 650 5422; x_wconf 91' lang='lat'><strong><em>:</em></strong></span> <span class='ocrx_word' id='word_1_454' title='bbox 665 5369 746 5422; x_wconf 88' lang='lat' dir='ltr'><strong>hic</strong></span> <span class='ocrx_word' id='word_1_455' title='bbox 764 5367 1100 5424; x_wconf 75' lang='lat' dir='ltr'><strong>catecltisatus</strong></span> <span class='ocrx_word' id='word_1_456' title='bbox 1118 5377 1224 5422; x_wconf 89' lang='lat' dir='ltr'><strong>erat</strong></span> <span class='ocrx_word' id='word_1_457' title='bbox 1243 5369 1372 5424; x_wconf 82' lang='lat' dir='ltr'><strong>uiam</strong></span> <span class='ocrx_word' id='word_1_458' title='bbox 1392 5367 1600 5425; x_wconf 88' lang='lat' dir='ltr'><strong>Domini</strong></span> <span class='ocrx_word' id='word_1_459' title='bbox 1616 5372 1656 5438; x_wconf 71' lang='lat'><strong>’,</strong></span> 
     </span>
    </p>
   </div>
   <div class='ocr_carea' id='block_1_57' title="bbox 154 5565 1211 5635">
    <p class='ocr_par' dir='ltr' id='par_1_57' title="bbox 154 5565 1211 5635">
     <span class='ocr_line' id='line_1_57' title="bbox 154 5565 1211 5635; baseline 0.001 -19"><span class='ocrx_word' id='word_1_460' title='bbox 154 5565 171 5635; x_wconf 68' lang='grc' dir='ltr'><strong>ξ</strong></span> <span class='ocrx_word' id='word_1_461' title='bbox 199 5571 415 5635; x_wconf 78' lang='lat' dir='ltr'><strong>Verbum,</strong></span> <span class='ocrx_word' id='word_1_462' title='bbox 441 5581 604 5635; x_wconf 87' lang='lat' dir='ltr'><strong>agere,</strong></span> <span class='ocrx_word' id='word_1_463' title='bbox 629 5569 770 5635; x_wconf 78' lang='lat' dir='ltr'><strong>abest</strong></span> <span class='ocrx_word' id='word_1_464' title='bbox 789 5581 818 5617; x_wconf 87' lang='lat' dir='ltr'><strong>a</strong></span> <span class='ocrx_word' id='word_1_465' title='bbox 841 5565 1084 5635; x_wconf 82' lang='lat' dir='ltr'><strong>nonnullis</strong></span> <span class='ocrx_word' id='word_1_466' title='bbox 1103 5574 1211 5617; x_wconf 73' lang='lat' dir='ltr'><strong>Mss.</strong></span> 
     </span>
    </p>
   </div>
   <div class='ocr_carea' id='block_1_58' title="bbox 155 5627 1658 5696">
    <p class='ocr_par' dir='ltr' id='par_1_58' title="bbox 155 5627 1658 5696">
     <span class='ocr_line' id='line_1_58' title="bbox 155 5627 1658 5696; baseline 0.001 -14"><span class='ocrx_word' id='word_1_467' title='bbox 155 5627 172 5696; x_wconf 62' lang='grc' dir='ltr'><em>ξ</em></span> <span class='ocrx_word' id='word_1_468' title='bbox 201 5627 562 5696; x_wconf 56' lang='lat' dir='ltr'><strong>Antiquissiiﬁus</strong></span> <span class='ocrx_word' id='word_1_469' title='bbox 589 5627 900 5696; x_wconf 60' lang='lat' dir='ltr'><strong>Corbeiensis</strong></span> <span class='ocrx_word' id='word_1_470' title='bbox 932 5631 1087 5679; x_wconf 83' lang='lat' dir='ltr'><strong>codex</strong></span> <span class='ocrx_word' id='word_1_471' title='bbox 1111 5637 1166 5680; x_wconf 89' lang='lat' dir='ltr'><strong>et</strong></span> <span class='ocrx_word' id='word_1_472' title='bbox 1202 5629 1284 5696; x_wconf 79' lang='lat' dir='ltr'><strong>alii</strong></span> <span class='ocrx_word' id='word_1_473' title='bbox 1312 5631 1512 5696; x_wconf 78' lang='lat' dir='ltr'><strong>quidam</strong></span> <span class='ocrx_word' id='word_1_474' title='bbox 1529 5638 1658 5696; x_wconf 67' lang='lat' dir='ltr'><strong>Mss,</strong></span> 
     </span>
    </p>
   </div>
   <div class='ocr_carea' id='block_1_59' title="bbox 103 5691 1656 5758">
    <p class='ocr_par' dir='ltr' id='par_1_59' title="bbox 103 5691 1656 5758">
     <span class='ocr_line' id='line_1_59' title="bbox 103 5691 1656 5758; baseline 0 -11"><span class='ocrx_word' id='word_1_475' title='bbox 103 5691 390 5746; x_wconf 62' lang='lat' dir='ltr'><strong>Male</strong></span> <span class='ocrx_word' id='word_1_476' title='bbox 425 5699 535 5748; x_wconf 83' lang='lat' dir='ltr'><strong>erat</strong></span> <span class='ocrx_word' id='word_1_477' title='bbox 565 5692 723 5756; x_wconf 80' lang='lat' dir='ltr'><strong>viam;</strong></span> <span class='ocrx_word' id='word_1_478' title='bbox 753 5692 932 5742; x_wconf 72' lang='lat' dir='ltr'><strong>eruisse</strong></span> <span class='ocrx_word' id='word_1_479' title='bbox 949 5705 1087 5753; x_wconf 88' lang='lat' dir='ltr'><strong>voce,</strong></span> <span class='ocrx_word' id='word_1_480' title='bbox 1135 5691 1363 5746; x_wconf 64' lang='lat' dir='ltr'><strong>notitiai}</strong></span> <span class='ocrx_word' id='word_1_481' title='bbox 1384 5707 1530 5758; x_wconf 84' lang='lat' dir='ltr'><strong>quam</strong></span> <span class='ocrx_word' id='word_1_482' title='bbox 1553 5691 1656 5746; x_wconf 63' lang='lat' dir='ltr'><strong>ruri</strong></span> 
     </span>
    </p>
   </div>
   <div class='ocr_carea' id='block_1_60' title="bbox 1423 149 1940 212">
    <p class='ocr_par' dir='ltr' id='par_1_60' title="bbox 1423 149 1940 212">
     <span class='ocr_line' id='line_1_60' title="bbox 1423 149 1940 212; baseline 0.002 -2"><span class='ocrx_word' id='word_1_483' title='bbox 1423 151 1627 212; x_wconf 78' lang='lat' dir='ltr'><strong>LIBER</strong></span> <span class='ocrx_word' id='word_1_484' title='bbox 1664 149 1940 211; x_wconf 73' lang='lat' dir='ltr'><strong>PRIMUS.</strong></span> 
     </span>
    </p>
   </div>
   <div class='ocr_carea' id='block_1_61' title="bbox 3218 150 3324 209">
    <p class='ocr_par' dir='ltr' id='par_1_61' title="bbox 3218 150 3324 209">
     <span class='ocr_line' id='line_1_61' title="bbox 3218 150 3324 209; baseline 0.009 -1"><span class='ocrx_word' id='word_1_485' title='bbox 3218 150 3324 209; x_wconf 73' lang='grc' dir='ltr'>ιδι</span> 
     </span>
    </p>
   </div>
   <div class='ocr_carea' id='block_1_62' title="bbox 1733 264 3329 355">
    <p class='ocr_par' dir='ltr' id='par_1_62' title="bbox 1733 264 3329 355">
     <span class='ocr_line' id='line_1_62' title="bbox 1733 264 3329 355; baseline 0 -31"><span class='ocrx_word' id='word_1_486' title='bbox 1733 279 1777 324; x_wconf 86' lang='lat' dir='ltr'><strong>et</strong></span> <span class='ocrx_word' id='word_1_487' title='bbox 1808 268 2003 329; x_wconf 76' lang='lat' dir='ltr'><strong>fervens</strong></span> <span class='ocrx_word' id='word_1_488' title='bbox 2033 266 2232 338; x_wconf 83' lang='lat' dir='ltr'><strong>Spiritu</strong></span> <span class='ocrx_word' id='word_1_489' title='bbox 2267 264 2580 338; x_wconf 79' lang='lat' dir='ltr'><strong>loquebatur,</strong></span> <span class='ocrx_word' id='word_1_490' title='bbox 2611 273 2658 322; x_wconf 86' lang='lat' dir='ltr'><strong>et</strong></span> <span class='ocrx_word' id='word_1_491' title='bbox 2689 264 2900 355; x_wconf 59' lang='lat' dir='ltr'><strong>docebat</strong></span> <span class='ocrx_word' id='word_1_492' title='bbox 2935 267 3189 323; x_wconf 76' lang='lat' dir='ltr'><strong>uerissime</strong></span> <span class='ocrx_word' id='word_1_493' title='bbox 3217 284 3329 340; x_wconf 72' lang='lat' dir='ltr'><strong>qua:</strong></span> 
     </span>
    </p>
   </div>
   <div class='ocr_carea' id='block_1_63' title="bbox 1722 357 3329 431">
    <p class='ocr_par' dir='ltr' id='par_1_63' title="bbox 1722 357 3329 431">
     <span class='ocr_line' id='line_1_63' title="bbox 1722 357 3329 431; baseline 0.001 -16"><span class='ocrx_word' id='word_1_494' title='bbox 1722 369 1877 431; x_wconf 75' lang='lat' dir='ltr'><strong>juxta</strong></span> <span class='ocrx_word' id='word_1_495' title='bbox 1890 359 2087 426; x_wconf 76' lang='lat' dir='ltr'><strong>Iesum,</strong></span> <span class='ocrx_word' id='word_1_496' title='bbox 2105 360 2266 416; x_wconf 85' lang='lat' dir='ltr'><strong>sciens</strong></span> <span class='ocrx_word' id='word_1_497' title='bbox 2285 359 2448 416; x_wconf 88' lang='lat' dir='ltr'><strong>solum</strong></span> <span class='ocrx_word' id='word_1_498' title='bbox 2471 358 2773 430; x_wconf 81' lang='lat' dir='ltr'><strong>baptismum</strong></span> <span class='ocrx_word' id='word_1_499' title='bbox 2791 357 3030 417; x_wconf 78' lang='lat' dir='ltr'><strong>Ioannis.</strong></span> <span class='ocrx_word' id='word_1_500' title='bbox 3056 359 3106 416; x_wconf 86' lang='grc' dir='ltr'><em>Η</em></span> <span class='ocrx_word' id='word_1_501' title='bbox 3112 361 3159 416; x_wconf 90' lang='lat' dir='ltr'><strong>ic</strong></span> <span class='ocrx_word' id='word_1_502' title='bbox 3180 362 3329 417; x_wconf 83' lang='lat' dir='ltr'><strong>etiarn</strong></span> 
     </span>
    </p>
   </div>
   <div class='ocr_carea' id='block_1_64' title="bbox 1730 450 3332 523">
    <p class='ocr_par' dir='ltr' id='par_1_64' title="bbox 1730 450 3332 523">
     <span class='ocr_line' id='line_1_64' title="bbox 1730 450 3332 523; baseline 0.001 -15"><span class='ocrx_word' id='word_1_503' title='bbox 1730 452 1880 523; x_wconf 69' lang='lat' dir='ltr'><strong>carpit</strong></span> <span class='ocrx_word' id='word_1_504' title='bbox 1901 453 1919 484; x_wconf 83' lang='grc'>¹</span> <span class='ocrx_word' id='word_1_505' title='bbox 1947 451 2252 521; x_wconf 84' lang='lat' dir='ltr'><strong>ﬁducialiter</strong></span> <span class='ocrx_word' id='word_1_506' title='bbox 2278 467 2427 523; x_wconf 79' lang='lat' dir='ltr'><strong>agere</strong></span> <span class='ocrx_word' id='word_1_507' title='bbox 2447 451 2500 506; x_wconf 91' lang='lat' dir='ltr'><strong>in</strong></span> <span class='ocrx_word' id='word_1_508' title='bbox 2524 465 2802 522; x_wconf 77' lang='lat' dir='ltr'><strong>synagoga.</strong></span> <span class='ocrx_word' id='word_1_509' title='bbox 2834 450 2993 518; x_wconf 85' lang='lat' dir='ltr'><strong>Quem</strong></span> <span class='ocrx_word' id='word_1_510' title='bbox 3015 468 3128 507; x_wconf 89' lang='lat' dir='ltr'><strong>cum</strong></span> <span class='ocrx_word' id='word_1_511' title='bbox 3153 454 3332 510; x_wconf 84' lang='lat' dir='ltr'><strong>audis-</strong></span> 
     </span>
    </p>
   </div>
   <div class='ocr_carea' id='block_1_65' title="bbox 1731 543 3330 617">
    <p class='ocr_par' dir='ltr' id='par_1_65' title="bbox 1731 543 3330 617">
     <span class='ocr_line' id='line_1_65' title="bbox 1731 543 3330 617; baseline 0.002 -18"><span class='ocrx_word' id='word_1_512' title='bbox 1731 554 1842 599; x_wconf 87' lang='lat' dir='ltr'><strong>sent</strong></span> <span class='ocrx_word' id='word_1_513' title='bbox 1879 545 2065 617; x_wconf 81' lang='lat' dir='ltr'><strong>Aquila</strong></span> <span class='ocrx_word' id='word_1_514' title='bbox 2099 552 2148 600; x_wconf 88' lang='lat' dir='ltr'><strong>et</strong></span> <span class='ocrx_word' id='word_1_515' title='bbox 2183 543 2456 611; x_wconf 79' lang='lat' dir='ltr'><strong>Priscilla,</strong></span> <span class='ocrx_word' id='word_1_516' title='bbox 2486 553 2866 613; x_wconf 88' lang='lat' dir='ltr'><strong>assumpserunt</strong></span> <span class='ocrx_word' id='word_1_517' title='bbox 2893 557 3007 600; x_wconf 87' lang='lat' dir='ltr'><strong>eunt</strong></span> <span class='ocrx_word' id='word_1_518' title='bbox 3027 585 3042 611; x_wconf 94' lang='lat'><strong>,</strong></span> <span class='ocrx_word' id='word_1_519' title='bbox 3073 555 3118 600; x_wconf 88' lang='lat' dir='ltr'><strong>et</strong></span> <span class='ocrx_word' id='word_1_520' title='bbox 3147 547 3330 602; x_wconf 87' lang='lat' dir='ltr'><strong>certius</strong></span> 
     </span>
    </p>
   </div>
   <div class='ocr_carea' id='block_1_66' title="bbox 1732 635 3331 708">
    <p class='ocr_par' dir='ltr' id='par_1_66' title="bbox 1732 635 3331 708">
     <span class='ocr_line' id='line_1_66' title="bbox 1732 635 3331 708; baseline 0.002 -16"><span class='ocrx_word' id='word_1_521' title='bbox 1732 636 1814 692; x_wconf 85' lang='lat' dir='ltr'><strong>illi</strong></span> <span class='ocrx_word' id='word_1_522' title='bbox 1837 646 2175 708; x_wconf 68' lang='lat' dir='ltr'><strong>exposuerunt</strong></span> <span class='ocrx_word' id='word_1_523' title='bbox 2205 638 2335 692; x_wconf 83' lang='lat' dir='ltr'><strong>viam</strong></span> <span class='ocrx_word' id='word_1_524' title='bbox 2369 635 2594 692; x_wconf 86' lang='lat' dir='ltr'><strong>Domini.</strong></span> <span class='ocrx_word' id='word_1_525' title='bbox 2631 635 2840 692; x_wconf 85' lang='lat' dir='ltr'><strong>Valente</strong></span> <span class='ocrx_word' id='word_1_526' title='bbox 2875 647 3040 693; x_wconf 88' lang='lat' dir='ltr'><strong>autem</strong></span> <span class='ocrx_word' id='word_1_527' title='bbox 3069 639 3159 694; x_wconf 91' lang='lat' dir='ltr'><strong>illo</strong></span> <span class='ocrx_word' id='word_1_528' title='bbox 3183 641 3257 696; x_wconf 82' lang='lat' dir='ltr'><strong>ire</strong></span> <span class='ocrx_word' id='word_1_529' title='bbox 3279 641 3331 695; x_wconf 89' lang='lat' dir='ltr'><strong>in</strong></span> 
     </span>
    </p>
   </div>
   <div class='ocr_carea' id='block_1_67' title="bbox 1735 729 3332 802">
    <p class='ocr_par' dir='ltr' id='par_1_67' title="bbox 1735 729 3332 802">
     <span class='ocr_line' id='line_1_67' title="bbox 1735 729 3332 802; baseline 0.003 -18"><span class='ocrx_word' id='word_1_530' title='bbox 1735 729 2002 796; x_wconf 87' lang='lat' dir='ltr'><strong>Achaiam,</strong></span> <span class='ocrx_word' id='word_1_531' title='bbox 2028 729 2279 784; x_wconf 71' lang='lat' dir='ltr'><strong>exhortati</strong></span> <span class='ocrx_word' id='word_1_532' title='bbox 2303 733 2487 802; x_wconf 79' lang='lat' dir='ltr'><strong>fratres</strong></span> <span class='ocrx_word' id='word_1_533' title='bbox 2513 729 2820 801; x_wconf 88' lang='lat' dir='ltr'><strong>scripserunt</strong></span> <span class='ocrx_word' id='word_1_534' title='bbox 2845 729 3111 801; x_wconf 82' lang='lat' dir='ltr'><strong>discipulis</strong></span> <span class='ocrx_word' id='word_1_535' title='bbox 3137 740 3190 786; x_wconf 90' lang='lat' dir='ltr'><strong>ut</strong></span> <span class='ocrx_word' id='word_1_536' title='bbox 3217 749 3332 788; x_wconf 87' lang='lat' dir='ltr'><strong>eum</strong></span> 
     </span>
    </p>
   </div>
   <div class='ocr_carea' id='block_1_68' title="bbox 1735 821 3332 894">
    <p class='ocr_par' dir='ltr' id='par_1_68' title="bbox 1735 821 3332 894">
     <span class='ocr_line' id='line_1_68' title="bbox 1735 821 3332 894; baseline -0.001 -17"><span class='ocrx_word' id='word_1_537' title='bbox 1735 822 2032 893; x_wconf 88' lang='lat' dir='ltr'><strong>reciperent.</strong></span> <span class='ocrx_word' id='word_1_538' title='bbox 2059 821 2292 889; x_wconf 88' lang='lat' dir='ltr'><strong>Quicum</strong></span> <span class='ocrx_word' id='word_1_539' title='bbox 2311 822 2544 887; x_wconf 80' lang='lat' dir='ltr'><strong>venisset,</strong></span> <span class='ocrx_word' id='word_1_540' title='bbox 2573 823 2790 877; x_wconf 86' lang='lat' dir='ltr'><strong>multum</strong></span> <span class='ocrx_word' id='word_1_541' title='bbox 2815 822 3028 877; x_wconf 86' lang='lat' dir='ltr'><strong>contulit</strong></span> <span class='ocrx_word' id='word_1_542' title='bbox 3053 823 3132 876; x_wconf 84' lang='lat' dir='ltr'><strong>his</strong></span> <span class='ocrx_word' id='word_1_543' title='bbox 3156 823 3241 894; x_wconf 89' lang='lat' dir='ltr'><strong>qui</strong></span> <span class='ocrx_word' id='word_1_544' title='bbox 3267 827 3332 878; x_wconf 83' lang='lat' dir='ltr'><strong>ibi</strong></span> 
     </span>
    </p>
   </div>
   <div class='ocr_carea' id='block_1_69' title="bbox 1735 912 3331 986">
    <p class='ocr_par' dir='ltr' id='par_1_69' title="bbox 1735 912 3331 986">
     <span class='ocr_line' id='line_1_69' title="bbox 1735 912 3331 986; baseline -0.001 -16"><span class='ocrx_word' id='word_1_545' title='bbox 1735 916 2060 972; x_wconf 86' lang='lat' dir='ltr'><strong>crediderunt</strong></span> <span class='ocrx_word' id='word_1_546' title='bbox 2082 931 2100 971; x_wconf 90' lang='lat'><strong><em>:</em></strong></span> <span class='ocrx_word' id='word_1_547' title='bbox 2121 915 2436 971; x_wconf 82' lang='lat' dir='ltr'><strong>uehementer</strong></span> <span class='ocrx_word' id='word_1_548' title='bbox 2464 915 2598 970; x_wconf 86' lang='lat' dir='ltr'><strong>enim</strong></span> <span class='ocrx_word' id='word_1_549' title='bbox 2624 912 2836 970; x_wconf 80' lang='lat' dir='ltr'><strong>Judteos</strong></span> <span class='ocrx_word' id='word_1_550' title='bbox 2859 914 3136 970; x_wconf 83' lang='lat' dir='ltr'><strong>revincebat</strong></span> <span class='ocrx_word' id='word_1_551' title='bbox 3163 915 3331 986; x_wconf 88' lang='lat' dir='ltr'><strong>publi-</strong></span> 
     </span>
    </p>
   </div>
   <div class='ocr_carea' id='block_1_70' title="bbox 1737 1005 3330 1081">
    <p class='ocr_par' dir='ltr' id='par_1_70' title="bbox 1737 1005 3330 1081">
     <span class='ocr_line' id='line_1_70' title="bbox 1737 1005 3330 1081; baseline 0.001 -18"><span class='ocrx_word' id='word_1_552' title='bbox 1737 1024 1824 1075; x_wconf 87' lang='lat' dir='ltr'><strong>ce,</strong></span> <span class='ocrx_word' id='word_1_553' title='bbox 1853 1008 2118 1063; x_wconf 86' lang='lat' dir='ltr'><strong>ostendens</strong></span> <span class='ocrx_word' id='word_1_554' title='bbox 2145 1024 2232 1080; x_wconf 85' lang='lat' dir='ltr'><strong>per</strong></span> <span class='ocrx_word' id='word_1_555' title='bbox 2263 1007 2560 1077; x_wconf 88' lang='lat' dir='ltr'><strong>Scripturas</strong></span> <span class='ocrx_word' id='word_1_556' title='bbox 2585 1023 2690 1063; x_wconf 85' lang='lat' dir='ltr'><strong>esse</strong></span> <span class='ocrx_word' id='word_1_557' title='bbox 2716 1005 2752 1061; x_wconf 86' lang='grc'><strong>.1</strong></span> <span class='ocrx_word' id='word_1_558' title='bbox 2757 1024 2896 1063; x_wconf 88' lang='lat' dir='ltr'><strong>esum</strong></span> <span class='ocrx_word' id='word_1_559' title='bbox 2921 1008 3170 1062; x_wconf 83' lang='lat' dir='ltr'><strong>Christum</strong></span> <span class='ocrx_word' id='word_1_560' title='bbox 3194 1006 3330 1081; x_wconf 83' lang='lat' dir='ltr'><strong>(Act.</strong></span> 
     </span>
    </p>
   </div>
   <div class='ocr_carea' id='block_1_71' title="bbox 1737 1101 3336 1173">
    <p class='ocr_par' dir='ltr' id='par_1_71' title="bbox 1737 1101 3336 1173">
     <span class='ocr_line' id='line_1_71' title="bbox 1737 1101 3336 1173; baseline 0.002 -15"><span class='ocrx_word' id='word_1_561' title='bbox 1737 1118 1901 1170; x_wconf 83' lang='lat' dir='ltr'><strong>xvnt,</strong></span> <span class='ocrx_word' id='word_1_562' title='bbox 1928 1101 2148 1173; x_wconf 67' lang='lat'><strong>24-28).</strong></span> <span class='ocrx_word' id='word_1_563' title='bbox 2177 1101 2315 1169; x_wconf 85' lang='lat' dir='ltr'><strong>Quid</strong></span> <span class='ocrx_word' id='word_1_564' title='bbox 2341 1101 2410 1157; x_wconf 92' lang='lat' dir='ltr'><strong>de</strong></span> <span class='ocrx_word' id='word_1_565' title='bbox 2435 1101 2538 1157; x_wconf 88' lang='lat' dir='ltr'><strong>isto</strong></span> <span class='ocrx_word' id='word_1_566' title='bbox 2566 1101 2740 1158; x_wconf 77' lang='lat' dir='ltr'><strong>dicis?</strong></span> <span class='ocrx_word' id='word_1_567' title='bbox 2763 1103 2890 1173; x_wconf 90' lang='lat' dir='ltr'><strong>quid</strong></span> <span class='ocrx_word' id='word_1_568' title='bbox 2922 1103 3124 1159; x_wconf 89' lang='lat' dir='ltr'><strong>sentis?</strong></span> <span class='ocrx_word' id='word_1_569' title='bbox 3149 1103 3336 1162; x_wconf 84' lang='lat' dir='ltr'><strong>Nonne</strong></span> 
     </span>
    </p>
   </div>
   <div class='ocr_carea' id='block_1_72' title="bbox 1739 1193 3336 1254">
    <p class='ocr_par' dir='ltr' id='par_1_72' title="bbox 1739 1193 3336 1254">
     <span class='ocr_line' id='line_1_72' title="bbox 1739 1193 3336 1254; baseline 0.003 -6"><span class='ocrx_word' id='word_1_570' title='bbox 1739 1193 1964 1250; x_wconf 88' lang='lat' dir='ltr'><strong>fortasse</strong></span> <span class='ocrx_word' id='word_1_571' title='bbox 2001 1209 2123 1250; x_wconf 89' lang='lat' dir='ltr'><strong>eum</strong></span> <span class='ocrx_word' id='word_1_572' title='bbox 2167 1193 2560 1250; x_wconf 74' lang='lat' dir='ltr'><strong>wntentiosum</strong></span> <span class='ocrx_word' id='word_1_573' title='bbox 2603 1204 2658 1250; x_wconf 91' lang='lat' dir='ltr'><strong>et</strong></span> <span class='ocrx_word' id='word_1_574' title='bbox 2699 1195 2998 1251; x_wconf 90' lang='lat' dir='ltr'><strong>animosum</strong></span> <span class='ocrx_word' id='word_1_575' title='bbox 3041 1197 3336 1254; x_wconf 85' lang='lat' dir='ltr'><strong>concitato-</strong></span> 
     </span>
    </p>
   </div>
   <div class='ocr_carea' id='block_1_73' title="bbox 1739 1286 3334 1358">
    <p class='ocr_par' dir='ltr' id='par_1_73' title="bbox 1739 1286 3334 1358">
     <span class='ocr_line' id='line_1_73' title="bbox 1739 1286 3334 1358; baseline 0 -15"><span class='ocrx_word' id='word_1_576' title='bbox 1739 1303 1961 1358; x_wconf 89' lang='lat' dir='ltr'><strong>remque</strong></span> <span class='ocrx_word' id='word_1_577' title='bbox 1984 1287 2220 1348; x_wconf 76' lang='lat' dir='ltr'><strong>rixarum</strong></span> <span class='ocrx_word' id='word_1_578' title='bbox 2245 1286 2682 1353; x_wconf 89' lang='lat' dir='ltr'><strong>criminaremini,</strong></span> <span class='ocrx_word' id='word_1_579' title='bbox 2711 1286 2814 1342; x_wconf 90' lang='lat' dir='ltr'><strong>nisi</strong></span> <span class='ocrx_word' id='word_1_580' title='bbox 2838 1295 2983 1344; x_wconf 86' lang='lat' dir='ltr'><strong>tanta</strong></span> <span class='ocrx_word' id='word_1_581' title='bbox 3008 1287 3129 1343; x_wconf 88' lang='lat' dir='ltr'><strong>libri</strong></span> <span class='ocrx_word' id='word_1_582' title='bbox 3167 1289 3334 1345; x_wconf 87' lang='lat' dir='ltr'><strong>sancti</strong></span> 
     </span>
    </p>
   </div>
   <div class='ocr_carea' id='block_1_74' title="bbox 1739 1377 2499 1449">
    <p class='ocr_par' dir='ltr' id='par_1_74' title="bbox 1739 1377 2499 1449">
     <span class='ocr_line' id='line_1_74' title="bbox 1739 1377 2499 1449; baseline -0.003 -15"><span class='ocrx_word' id='word_1_583' title='bbox 1739 1379 2056 1434; x_wconf 89' lang='lat' dir='ltr'><strong>auctoritate</strong></span> <span class='ocrx_word' id='word_1_584' title='bbox 2081 1377 2499 1449; x_wconf 85' lang='lat' dir='ltr'><strong>premeremini?</strong></span> 
     </span>
    </p>
   </div>
   <div class='ocr_carea' id='block_1_75' title="bbox 1813 1469 3336 1543">
    <p class='ocr_par' dir='ltr' id='par_1_75' title="bbox 1813 1469 3336 1543">
     <span class='ocr_line' id='line_1_75' title="bbox 1813 1469 3336 1543; baseline 0.004 -16"><span class='ocrx_word' id='word_1_585' title='bbox 1813 1471 2038 1528; x_wconf 82' lang='lat' dir='ltr'><strong>CAPUT</strong></span> <span class='ocrx_word' id='word_1_586' title='bbox 2068 1470 2178 1528; x_wconf 79' lang='grc' dir='ltr'><strong>ΧΠ.</strong></span> <span class='ocrx_word' id='word_1_587' title='bbox 2209 1502 2280 1513; x_wconf 90' lang='grc'><strong><em>-</em></strong></span> <span class='ocrx_word' id='word_1_588' title='bbox 2309 1471 2399 1528; x_wconf 80' lang='grc'><strong>15.</strong></span> <span class='ocrx_word' id='word_1_589' title='bbox 2440 1473 2523 1526; x_wconf 91' lang='lat' dir='ltr'><strong>An</strong></span> <span class='ocrx_word' id='word_1_590' title='bbox 2557 1472 2680 1543; x_wconf 85' lang='lat' dir='ltr'><strong>quia</strong></span> <span class='ocrx_word' id='word_1_591' title='bbox 2723 1469 2940 1526; x_wconf 79' lang='lat' dir='ltr'><strong>Judmus</strong></span> <span class='ocrx_word' id='word_1_592' title='bbox 2977 1470 3031 1527; x_wconf 85' lang='lat' dir='ltr'><strong>in</strong></span> <span class='ocrx_word' id='word_1_593' title='bbox 3067 1471 3336 1534; x_wconf 86' lang='lat' dir='ltr'><strong>Christum</strong></span> 
     </span>
    </p>
   </div>
   <div class='ocr_carea' id='block_1_76' title="bbox 1742 1561 3338 1633">
    <p class='ocr_par' dir='ltr' id='par_1_76' title="bbox 1742 1561 3338 1633">
     <span class='ocr_line' id='line_1_76' title="bbox 1742 1561 3338 1633; baseline 0.001 -13"><span class='ocrx_word' id='word_1_594' title='bbox 1742 1563 2063 1630; x_wconf 87' lang='lat' dir='ltr'><strong>crediderat,</strong></span> <span class='ocrx_word' id='word_1_595' title='bbox 2087 1570 2369 1633; x_wconf 63' lang='lat' dir='ltr'><strong>proiiterea</strong></span> <span class='ocrx_word' id='word_1_596' title='bbox 2393 1561 2606 1618; x_wconf 72' lang='lat' dir='ltr'><strong>Judteos</strong></span> <span class='ocrx_word' id='word_1_597' title='bbox 2625 1561 2930 1618; x_wconf 64' lang='lat' dir='ltr'><strong>christiana:</strong></span> <span class='ocrx_word' id='word_1_598' title='bbox 2951 1562 3072 1619; x_wconf 86' lang='lat' dir='ltr'><strong>fidei</strong></span> <span class='ocrx_word' id='word_1_599' title='bbox 3097 1565 3338 1622; x_wconf 82' lang='lat' dir='ltr'><strong>resisten-</strong></span> 
     </span>
    </p>
   </div>
   <div class='ocr_carea' id='block_1_77' title="bbox 1743 1654 3336 1728">
    <p class='ocr_par' dir='ltr' id='par_1_77' title="bbox 1743 1654 3336 1728">
     <span class='ocr_line' id='line_1_77' title="bbox 1743 1654 3336 1728; baseline 0.001 -14"><span class='ocrx_word' id='word_1_600' title='bbox 1743 1667 1854 1724; x_wconf 85' lang='lat' dir='ltr'><strong>tes,</strong></span> <span class='ocrx_word' id='word_1_601' title='bbox 1884 1666 1939 1713; x_wconf 88' lang='lat' dir='ltr'><strong>ct</strong></span> <span class='ocrx_word' id='word_1_602' title='bbox 1959 1657 2143 1714; x_wconf 85' lang='lat' dir='ltr'><strong>Jesum</strong></span> <span class='ocrx_word' id='word_1_603' title='bbox 2169 1665 2425 1728; x_wconf 88' lang='lat' dir='ltr'><strong>negantes</strong></span> <span class='ocrx_word' id='word_1_604' title='bbox 2449 1670 2570 1712; x_wconf 89' lang='lat' dir='ltr'><strong>esse</strong></span> <span class='ocrx_word' id='word_1_605' title='bbox 2595 1655 2864 1712; x_wconf 87' lang='lat' dir='ltr'><strong>Christum</strong></span> <span class='ocrx_word' id='word_1_606' title='bbox 2881 1696 2896 1720; x_wconf 91' lang='lat'><strong>,</strong></span> <span class='ocrx_word' id='word_1_607' title='bbox 2924 1654 3136 1724; x_wconf 87' lang='lat' dir='ltr'><strong>publice</strong></span> <span class='ocrx_word' id='word_1_608' title='bbox 3159 1659 3336 1715; x_wconf 87' lang='lat' dir='ltr'><strong>revin-</strong></span> 
     </span>
    </p>
   </div>
   <div class='ocr_carea' id='block_1_78' title="bbox 1743 1747 3336 1820">
    <p class='ocr_par' dir='ltr' id='par_1_78' title="bbox 1743 1747 3336 1820">
     <span class='ocr_line' id='line_1_78' title="bbox 1743 1747 3336 1820; baseline 0 -14"><span class='ocrx_word' id='word_1_609' title='bbox 1743 1765 1867 1806; x_wconf 88' lang='lat' dir='ltr'><strong>cere</strong></span> <span class='ocrx_word' id='word_1_610' title='bbox 1891 1748 2150 1815; x_wconf 88' lang='lat' dir='ltr'><strong>debebat;</strong></span> <span class='ocrx_word' id='word_1_611' title='bbox 2181 1763 2279 1805; x_wconf 88' lang='lat' dir='ltr'><strong>nos</strong></span> <span class='ocrx_word' id='word_1_612' title='bbox 2305 1760 2484 1804; x_wconf 87' lang='lat' dir='ltr'><strong>autem</strong></span> <span class='ocrx_word' id='word_1_613' title='bbox 2513 1748 2636 1819; x_wconf 89' lang='lat' dir='ltr'><strong>quia</strong></span> <span class='ocrx_word' id='word_1_614' title='bbox 2661 1749 2828 1818; x_wconf 88' lang='lat' dir='ltr'><strong>partis</strong></span> <span class='ocrx_word' id='word_1_615' title='bbox 2854 1747 3040 1803; x_wconf 86' lang='lat' dir='ltr'><strong>Donati</strong></span> <span class='ocrx_word' id='word_1_616' title='bbox 3072 1763 3336 1820; x_wconf 87' lang='lat' dir='ltr'><strong>nunquam</strong></span> 
     </span>
    </p>
   </div>
   <div class='ocr_carea' id='block_1_79' title="bbox 1745 1841 3343 1914">
    <p class='ocr_par' dir='ltr' id='par_1_79' title="bbox 1745 1841 3343 1914">
     <span class='ocr_line' id='line_1_79' title="bbox 1745 1841 3343 1914; baseline 0.001 -15"><span class='ocrx_word' id='word_1_617' title='bbox 1745 1843 1962 1908; x_wconf 77' lang='lat' dir='ltr'><strong>luimus,</strong></span> <span class='ocrx_word' id='word_1_618' title='bbox 1988 1853 2268 1914; x_wconf 87' lang='lat' dir='ltr'><strong>propterea</strong></span> <span class='ocrx_word' id='word_1_619' title='bbox 2299 1853 2500 1913; x_wconf 85' lang='lat' dir='ltr'><strong>partem</strong></span> <span class='ocrx_word' id='word_1_620' title='bbox 2526 1842 2716 1897; x_wconf 86' lang='lat' dir='ltr'><strong>Donati</strong></span> <span class='ocrx_word' id='word_1_621' title='bbox 2741 1842 3080 1898; x_wconf 88' lang='lat' dir='ltr'><strong>resistentem</strong></span> <span class='ocrx_word' id='word_1_622' title='bbox 3101 1841 3343 1900; x_wconf 82' lang='lat' dir='ltr'><strong>christia-</strong></span> 
     </span>
    </p>
   </div>
   <div class='ocr_carea' id='block_1_80' title="bbox 1744 1933 3342 2005">
    <p class='ocr_par' dir='ltr' id='par_1_80' title="bbox 1744 1933 3342 2005">
     <span class='ocr_line' id='line_1_80' title="bbox 1744 1933 3342 2005; baseline -0.001 -12"><span class='ocrx_word' id='word_1_623' title='bbox 1744 1951 1828 1993; x_wconf 72' lang='lat' dir='ltr'><strong>nm</strong></span> <span class='ocrx_word' id='word_1_624' title='bbox 1860 1936 2047 1991; x_wconf 89' lang='lat' dir='ltr'><strong>unitati</strong></span> <span class='ocrx_word' id='word_1_625' title='bbox 2074 1935 2350 1992; x_wconf 87' lang='lat' dir='ltr'><strong>revincere</strong></span> <span class='ocrx_word' id='word_1_626' title='bbox 2386 1949 2492 1990; x_wconf 92' lang='lat' dir='ltr'><strong>non</strong></span> <span class='ocrx_word' id='word_1_627' title='bbox 2529 1935 2826 1996; x_wconf 76' lang='lat' dir='ltr'><strong>debemus?</strong></span> <span class='ocrx_word' id='word_1_628' title='bbox 2854 1933 3118 2005; x_wconf 85' lang='lat' dir='ltr'><strong>Numquid</strong></span> <span class='ocrx_word' id='word_1_629' title='bbox 3148 1935 3342 1992; x_wconf 82' lang='lat' dir='ltr'><strong>Paulus</strong></span> 
     </span>
    </p>
   </div>
   <div class='ocr_carea' id='block_1_81' title="bbox 1744 2025 3343 2099">
    <p class='ocr_par' dir='ltr' id='par_1_81' title="bbox 1744 2025 3343 2099">
     <span class='ocr_line' id='line_1_81' title="bbox 1744 2025 3343 2099; baseline 0.001 -15"><span class='ocrx_word' id='word_1_630' title='bbox 1744 2028 2017 2099; x_wconf 79' lang='lat' dir='ltr'><strong>apostolus</strong></span> <span class='ocrx_word' id='word_1_631' title='bbox 2035 2027 2323 2098; x_wconf 88' lang='lat' dir='ltr'><strong>aliquando</strong></span> <span class='ocrx_word' id='word_1_632' title='bbox 2340 2027 2436 2083; x_wconf 86' lang='lat' dir='ltr'><strong>fuit</strong></span> <span class='ocrx_word' id='word_1_633' title='bbox 2450 2027 2624 2082; x_wconf 91' lang='lat' dir='ltr'><strong>cultor</strong></span> <span class='ocrx_word' id='word_1_634' title='bbox 2643 2025 2930 2095; x_wconf 86' lang='lat' dir='ltr'><strong>idolorum,</strong></span> <span class='ocrx_word' id='word_1_635' title='bbox 2949 2035 3040 2082; x_wconf 90' lang='lat' dir='ltr'><strong>aut</strong></span> <span class='ocrx_word' id='word_1_636' title='bbox 3058 2027 3343 2098; x_wconf 87' lang='lat' dir='ltr'><strong>aliquando</strong></span> 
     </span>
    </p>
   </div>
   <div class='ocr_carea' id='block_1_82' title="bbox 1745 2119 3346 2191">
    <p class='ocr_par' dir='ltr' id='par_1_82' title="bbox 1745 2119 3346 2191">
     <span class='ocr_line' id='line_1_82' title="bbox 1745 2119 3346 2191; baseline 0 -13"><span class='ocrx_word' id='word_1_637' title='bbox 1745 2120 1846 2178; x_wconf 83' lang='lat' dir='ltr'><strong>fult</strong></span> <span class='ocrx_word' id='word_1_638' title='bbox 1867 2121 1921 2176; x_wconf 90' lang='lat' dir='ltr'><strong>in</strong></span> <span class='ocrx_word' id='word_1_639' title='bbox 1945 2120 2136 2177; x_wconf 75' lang='lat' dir='ltr'><strong>bmresi</strong></span> <span class='ocrx_word' id='word_1_640' title='bbox 2163 2120 2542 2191; x_wconf 86' lang='lat' dir='ltr'><strong>Epicureorum</strong></span> <span class='ocrx_word' id='word_1_641' title='bbox 2566 2120 2646 2176; x_wconf 87' lang='lat' dir='ltr'><strong>vel</strong></span> <span class='ocrx_word' id='word_1_642' title='bbox 2669 2119 2990 2184; x_wconf 87' lang='lat' dir='ltr'><strong>Stoicorum,</strong></span> <span class='ocrx_word' id='word_1_643' title='bbox 3013 2134 3135 2175; x_wconf 90' lang='lat' dir='ltr'><strong>cum</strong></span> <span class='ocrx_word' id='word_1_644' title='bbox 3154 2120 3346 2190; x_wconf 87' lang='lat' dir='ltr'><strong>quibus</strong></span> 
     </span>
    </p>
   </div>
   <div class='ocr_carea' id='block_1_83' title="bbox 1748 2211 3343 2284">
    <p class='ocr_par' dir='ltr' id='par_1_83' title="bbox 1748 2211 3343 2284">
     <span class='ocr_line' id='line_1_83' title="bbox 1748 2211 3343 2284; baseline -0.003 -12"><span class='ocrx_word' id='word_1_645' title='bbox 1748 2223 1930 2272; x_wconf 86' lang='lat' dir='ltr'><strong>tamen</strong></span> <span class='ocrx_word' id='word_1_646' title='bbox 1951 2229 2073 2272; x_wconf 87' lang='lat' dir='ltr'><strong>eum</strong></span> <span class='ocrx_word' id='word_1_647' title='bbox 2097 2229 2196 2270; x_wconf 75' lang='lat' dir='ltr'><strong>nec</strong></span> <span class='ocrx_word' id='word_1_648' title='bbox 2219 2212 2403 2284; x_wconf 87' lang='lat' dir='ltr'><strong>puduit</strong></span> <span class='ocrx_word' id='word_1_649' title='bbox 2422 2227 2522 2269; x_wconf 88' lang='lat' dir='ltr'><strong>nec</strong></span> <span class='ocrx_word' id='word_1_650' title='bbox 2542 2212 2710 2283; x_wconf 90' lang='lat' dir='ltr'><strong>piguit</strong></span> <span class='ocrx_word' id='word_1_651' title='bbox 2729 2211 2795 2268; x_wconf 87' lang='lat' dir='ltr'><strong>de</strong></span> <span class='ocrx_word' id='word_1_652' title='bbox 2813 2211 3110 2282; x_wconf 66' lang='lat' dir='ltr'><strong>quaestione</strong></span> <span class='ocrx_word' id='word_1_653' title='bbox 3129 2211 3220 2267; x_wconf 86' lang='lat' dir='ltr'><strong>Dei</strong></span> <span class='ocrx_word' id='word_1_654' title='bbox 3239 2213 3343 2268; x_wconf 82' lang='lat' dir='ltr'><strong>vivi</strong></span> 
     </span>
    </p>
   </div>
   <div class='ocr_carea' id='block_1_84' title="bbox 1747 2303 3346 2377">
    <p class='ocr_par' dir='ltr' id='par_1_84' title="bbox 1747 2303 3346 2377">
     <span class='ocr_line' id='line_1_84' title="bbox 1747 2303 3346 2377; baseline -0.004 -11"><span class='ocrx_word' id='word_1_655' title='bbox 1747 2317 1804 2366; x_wconf 84' lang='lat' dir='ltr'><strong>et</strong></span> <span class='ocrx_word' id='word_1_656' title='bbox 1835 2309 1949 2365; x_wconf 88' lang='lat' dir='ltr'><strong>veri</strong></span> <span class='ocrx_word' id='word_1_657' title='bbox 1986 2308 2186 2365; x_wconf 86' lang='lat' dir='ltr'><strong>habere</strong></span> <span class='ocrx_word' id='word_1_658' title='bbox 2225 2306 2563 2364; x_wconf 82' lang='lat' dir='ltr'><strong>sermonem?</strong></span> <span class='ocrx_word' id='word_1_659' title='bbox 2588 2305 2787 2377; x_wconf 82' lang='lat' dir='ltr'><strong>Accipe</strong></span> <span class='ocrx_word' id='word_1_660' title='bbox 2820 2304 2946 2376; x_wconf 89' lang='lat' dir='ltr'><strong>qnid</strong></span> <span class='ocrx_word' id='word_1_661' title='bbox 2975 2304 3042 2360; x_wconf 91' lang='lat' dir='ltr'><strong>de</strong></span> <span class='ocrx_word' id='word_1_662' title='bbox 3070 2303 3170 2361; x_wconf 90' lang='lat' dir='ltr'><strong>hac</strong></span> <span class='ocrx_word' id='word_1_663' title='bbox 3206 2320 3266 2361; x_wconf 92' lang='lat' dir='ltr'><strong>re</strong></span> <span class='ocrx_word' id='word_1_664' title='bbox 3293 2305 3346 2361; x_wconf 89' lang='lat' dir='ltr'><strong>in</strong></span> 
     </span>
    </p>
   </div>
   <div class='ocr_carea' id='block_1_85' title="bbox 1749 2396 3348 2470">
    <p class='ocr_par' dir='ltr' id='par_1_85' title="bbox 1749 2396 3348 2470">
     <span class='ocr_line' id='line_1_85' title="bbox 1749 2396 3348 2470; baseline -0.002 -13"><span class='ocrx_word' id='word_1_665' title='bbox 1749 2399 1938 2458; x_wconf 85' lang='lat' dir='ltr'><strong>eodem</strong></span> <span class='ocrx_word' id='word_1_666' title='bbox 1960 2399 2096 2456; x_wconf 91' lang='lat' dir='ltr'><strong>libro</strong></span> <span class='ocrx_word' id='word_1_667' title='bbox 2116 2399 2376 2470; x_wconf 84' lang='lat' dir='ltr'><strong>scriptum</strong></span> <span class='ocrx_word' id='word_1_668' title='bbox 2394 2399 2483 2454; x_wconf 91' lang='lat' dir='ltr'><strong>sit.</strong></span> <span class='ocrx_word' id='word_1_669' title='bbox 2508 2396 2706 2453; x_wconf 85' lang='lat' dir='ltr'><strong>Paulus</strong></span> <span class='ocrx_word' id='word_1_670' title='bbox 2725 2405 2891 2452; x_wconf 86' lang='lat' dir='ltr'><strong>autent</strong></span> <span class='ocrx_word' id='word_1_671' title='bbox 2912 2413 3028 2452; x_wconf 85' lang='lat' dir='ltr'><strong>cum</strong></span> <span class='ocrx_word' id='word_1_672' title='bbox 3051 2397 3166 2453; x_wconf 89' lang='lat' dir='ltr'><strong>illos</strong></span> <span class='ocrx_word' id='word_1_673' title='bbox 3191 2396 3348 2454; x_wconf 83' lang='lat' dir='ltr'><strong>Athe-</strong></span> 
     </span>
    </p>
   </div>
   <div class='ocr_carea' id='block_1_86' title="bbox 1749 2489 3349 2565">
    <p class='ocr_par' dir='ltr' id='par_1_86' title="bbox 1749 2489 3349 2565">
     <span class='ocr_line' id='line_1_86' title="bbox 1749 2489 3349 2565; baseline -0.004 -14"><span class='ocrx_word' id='word_1_674' title='bbox 1749 2495 1830 2551; x_wconf 82' lang='lat' dir='ltr'><strong>nis</strong></span> <span class='ocrx_word' id='word_1_675' title='bbox 1854 2504 2200 2565; x_wconf 76' lang='lat' dir='ltr'><strong>exspectaret,</strong></span> <span class='ocrx_word' id='word_1_676' title='bbox 2232 2494 2527 2548; x_wconf 85' lang='lat' dir='ltr'><strong>irritabatur</strong></span> <span class='ocrx_word' id='word_1_677' title='bbox 2554 2492 2737 2562; x_wconf 87' lang='lat' dir='ltr'><strong>spirittt</strong></span> <span class='ocrx_word' id='word_1_678' title='bbox 2765 2505 2856 2548; x_wconf 88' lang='lat' dir='ltr'><strong>suo</strong></span> <span class='ocrx_word' id='word_1_679' title='bbox 2891 2492 3027 2546; x_wconf 86' lang='lat' dir='ltr'><strong>intra</strong></span> <span class='ocrx_word' id='word_1_680' title='bbox 3059 2507 3146 2555; x_wconf 86' lang='lat' dir='ltr'><strong>se,</strong></span> <span class='ocrx_word' id='word_1_681' title='bbox 3177 2489 3349 2546; x_wconf 81' lang='lat' dir='ltr'><strong>videns</strong></span> 
     </span>
    </p>
   </div>
   <div class='ocr_carea' id='block_1_87' title="bbox 1749 2583 3350 2656">
    <p class='ocr_par' dir='ltr' id='par_1_87' title="bbox 1749 2583 3350 2656">
     <span class='ocr_line' id='line_1_87' title="bbox 1749 2583 3350 2656; baseline -0.002 -11"><span class='ocrx_word' id='word_1_682' title='bbox 1749 2590 1888 2645; x_wconf 86' lang='lat' dir='ltr'><strong>circa</strong></span> <span class='ocrx_word' id='word_1_683' title='bbox 1910 2589 2050 2644; x_wconf 89' lang='lat' dir='ltr'><strong>idola</strong></span> <span class='ocrx_word' id='word_1_684' title='bbox 2074 2605 2180 2644; x_wconf 83' lang='lat' dir='ltr'><strong>esse</strong></span> <span class='ocrx_word' id='word_1_685' title='bbox 2203 2588 2470 2642; x_wconf 81' lang='lat' dir='ltr'><strong>civitatem.</strong></span> <span class='ocrx_word' id='word_1_686' title='bbox 2507 2585 2809 2656; x_wconf 88' lang='lat' dir='ltr'><strong>Disputabat</strong></span> <span class='ocrx_word' id='word_1_687' title='bbox 2847 2586 3005 2656; x_wconf 87' lang='lat' dir='ltr'><strong>igitur</strong></span> <span class='ocrx_word' id='word_1_688' title='bbox 3029 2583 3228 2641; x_wconf 78' lang='lat' dir='ltr'><strong>Iudicis</strong></span> <span class='ocrx_word' id='word_1_689' title='bbox 3247 2587 3268 2618; x_wconf 81' lang='grc'>³</span> <span class='ocrx_word' id='word_1_690' title='bbox 3296 2586 3350 2641; x_wconf 87' lang='lat' dir='ltr'><strong>in</strong></span> 
     </span>
    </p>
   </div>
   <div class='ocr_carea' id='block_1_88' title="bbox 1750 2677 3350 2754">
    <p class='ocr_par' dir='ltr' id='par_1_88' title="bbox 1750 2677 3350 2754">
     <span class='ocr_line' id='line_1_88' title="bbox 1750 2677 3350 2754; baseline -0.003 -17"><span class='ocrx_word' id='word_1_691' title='bbox 1750 2695 2043 2754; x_wconf 71' lang='lat' dir='ltr'><strong>synagoga,</strong></span> <span class='ocrx_word' id='word_1_692' title='bbox 2085 2690 2132 2735; x_wconf 87' lang='lat' dir='ltr'><strong>et</strong></span> <span class='ocrx_word' id='word_1_693' title='bbox 2171 2679 2445 2744; x_wconf 82' lang='lat' dir='ltr'><strong>Gentibus,</strong></span> <span class='ocrx_word' id='word_1_694' title='bbox 2486 2687 2533 2733; x_wconf 89' lang='lat' dir='ltr'><strong>et</strong></span> <span class='ocrx_word' id='word_1_695' title='bbox 2567 2677 2877 2739; x_wconf 86' lang='lat' dir='ltr'><strong>colentibus.</strong></span> <span class='ocrx_word' id='word_1_696' title='bbox 2909 2687 2956 2730; x_wconf 87' lang='lat' dir='ltr'><strong>et</strong></span> <span class='ocrx_word' id='word_1_697' title='bbox 2994 2677 3047 2730; x_wconf 89' lang='lat' dir='ltr'><strong>in</strong></span> <span class='ocrx_word' id='word_1_698' title='bbox 3080 2679 3226 2748; x_wconf 81' lang='lat' dir='ltr'><strong>foro,</strong></span> <span class='ocrx_word' id='word_1_699' title='bbox 3262 2693 3350 2747; x_wconf 87' lang='lat' dir='ltr'><strong>per</strong></span> 
     </span>
    </p>
   </div>
   <div class='ocr_carea' id='block_1_89' title="bbox 1752 2769 3348 2842">
    <p class='ocr_par' dir='ltr' id='par_1_89' title="bbox 1752 2769 3348 2842">
     <span class='ocr_line' id='line_1_89' title="bbox 1752 2769 3348 2842; baseline -0.004 -11"><span class='ocrx_word' id='word_1_700' title='bbox 1752 2793 1951 2831; x_wconf 89' lang='lat' dir='ltr'><strong>omnem</strong></span> <span class='ocrx_word' id='word_1_701' title='bbox 1979 2775 2145 2842; x_wconf 90' lang='lat' dir='ltr'><strong>diem,</strong></span> <span class='ocrx_word' id='word_1_702' title='bbox 2177 2773 2244 2828; x_wconf 89' lang='lat' dir='ltr'><strong>ad</strong></span> <span class='ocrx_word' id='word_1_703' title='bbox 2270 2789 2355 2828; x_wconf 89' lang='lat' dir='ltr'><strong>eos</strong></span> <span class='ocrx_word' id='word_1_704' title='bbox 2379 2773 2466 2842; x_wconf 91' lang='lat' dir='ltr'><strong>qui</strong></span> <span class='ocrx_word' id='word_1_705' title='bbox 2491 2772 2722 2826; x_wconf 83' lang='lat' dir='ltr'><strong>aderant.</strong></span> <span class='ocrx_word' id='word_1_706' title='bbox 2758 2769 2979 2836; x_wconf 90' lang='lat' dir='ltr'><strong>Quidant</strong></span> <span class='ocrx_word' id='word_1_707' title='bbox 3006 2785 3123 2825; x_wconf 77' lang='lat' dir='ltr'><strong>vero</strong></span> <span class='ocrx_word' id='word_1_708' title='bbox 3153 2769 3348 2841; x_wconf 84' lang='lat' dir='ltr'><strong>Epicu-</strong></span> 
     </span>
    </p>
   </div>
   <div class='ocr_carea' id='block_1_90' title="bbox 1751 2863 3350 2938">
    <p class='ocr_par' dir='ltr' id='par_1_90' title="bbox 1751 2863 3350 2938">
     <span class='ocr_line' id='line_1_90' title="bbox 1751 2863 3350 2938; baseline -0.004 -12"><span class='ocrx_word' id='word_1_709' title='bbox 1751 2885 1952 2926; x_wconf 83' lang='lat' dir='ltr'><strong>reorum</strong></span> <span class='ocrx_word' id='word_1_710' title='bbox 1990 2878 2035 2924; x_wconf 89' lang='lat' dir='ltr'><strong>et</strong></span> <span class='ocrx_word' id='word_1_711' title='bbox 2076 2868 2369 2924; x_wconf 80' lang='lat' dir='ltr'><strong>Stoicorum</strong></span> <span class='ocrx_word' id='word_1_712' title='bbox 2418 2865 2832 2938; x_wconf 87' lang='lat' dir='ltr'><strong>philosophorum</strong></span> <span class='ocrx_word' id='word_1_713' title='bbox 2870 2863 3192 2934; x_wconf 79' lang='lat' dir='ltr'><strong>conferebant</strong></span> <span class='ocrx_word' id='word_1_714' title='bbox 3235 2881 3350 2920; x_wconf 88' lang='lat' dir='ltr'><strong>cum</strong></span> 
     </span>
    </p>
   </div>
   <div class='ocr_carea' id='block_1_91' title="bbox 1751 2957 3348 3034">
    <p class='ocr_par' dir='ltr' id='par_1_91' title="bbox 1751 2957 3348 3034">
     <span class='ocr_line' id='line_1_91' title="bbox 1751 2957 3348 3034; baseline -0.004 -16"><span class='ocrx_word' id='word_1_715' title='bbox 1751 2964 1844 3020; x_wconf 86' lang='lat' dir='ltr'><strong>illo</strong></span> <span class='ocrx_word' id='word_1_716' title='bbox 1874 2979 1894 3018; x_wconf 91' lang='lat'><strong><em>:</em></strong></span> <span class='ocrx_word' id='word_1_717' title='bbox 1919 2970 1965 3018; x_wconf 90' lang='lat' dir='ltr'><strong>et</strong></span> <span class='ocrx_word' id='word_1_718' title='bbox 1992 2961 2198 3034; x_wconf 89' lang='lat' dir='ltr'><strong>quidam</strong></span> <span class='ocrx_word' id='word_1_719' title='bbox 2223 2959 2488 3025; x_wconf 86' lang='lat' dir='ltr'><strong>dicebant,</strong></span> <span class='ocrx_word' id='word_1_720' title='bbox 2524 2957 2780 3023; x_wconf 76' lang='lat' dir='ltr'><strong>Quidnam</strong></span> <span class='ocrx_word' id='word_1_721' title='bbox 2807 2958 2914 3012; x_wconf 78' lang='lat' dir='ltr'><strong>uult</strong></span> <span class='ocrx_word' id='word_1_722' title='bbox 2940 2957 3212 3012; x_wconf 87' lang='lat' dir='ltr'><strong>seminator</strong></span> <span class='ocrx_word' id='word_1_723' title='bbox 3237 2973 3348 3011; x_wconf 83' lang='lat' dir='ltr'><strong>uer-</strong></span> 
     </span>
    </p>
   </div>
   <div class='ocr_carea' id='block_1_92' title="bbox 1754 3049 3349 3122">
    <p class='ocr_par' dir='ltr' id='par_1_92' title="bbox 1754 3049 3349 3122">
     <span class='ocr_line' id='line_1_92' title="bbox 1754 3049 3349 3122; baseline -0.006 -9"><span class='ocrx_word' id='word_1_724' title='bbox 1754 3058 1932 3113; x_wconf 82' lang='lat' dir='ltr'><strong>borum</strong></span> <span class='ocrx_word' id='word_1_725' title='bbox 1952 3056 2033 3110; x_wconf 87' lang='lat' dir='ltr'><strong>Itic</strong></span> <span class='ocrx_word' id='word_1_726' title='bbox 2055 3055 2257 3109; x_wconf 82' lang='lat' dir='ltr'><strong>dicere?</strong></span> <span class='ocrx_word' id='word_1_727' title='bbox 2277 3053 2378 3107; x_wconf 88' lang='lat' dir='ltr'><strong>Alii</strong></span> <span class='ocrx_word' id='word_1_728' title='bbox 2402 3068 2515 3108; x_wconf 77' lang='lat' dir='ltr'><strong>vero</strong></span> <span class='ocrx_word' id='word_1_729' title='bbox 2534 3068 2552 3104; x_wconf 92' lang='lat'><strong><em>:</em></strong></span> <span class='ocrx_word' id='word_1_730' title='bbox 2571 3049 2966 3122; x_wconf 85' lang='lat' dir='ltr'><strong>Peregrinorum</strong></span> <span class='ocrx_word' id='word_1_731' title='bbox 2986 3049 3349 3105; x_wconf 62' lang='lat' dir='ltr'><strong>daemoniorum</strong></span> 
     </span>
    </p>
   </div>
   <div class='ocr_carea' id='block_1_93' title="bbox 1754 3140 3351 3214">
    <p class='ocr_par' dir='ltr' id='par_1_93' title="bbox 1754 3140 3351 3214">
     <span class='ocr_line' id='line_1_93' title="bbox 1754 3140 3351 3214; baseline -0.005 -10"><span class='ocrx_word' id='word_1_732' title='bbox 1754 3149 1951 3206; x_wconf 74' lang='lat' dir='ltr'><strong>videtur</strong></span> <span class='ocrx_word' id='word_1_733' title='bbox 1971 3145 2299 3202; x_wconf 89' lang='lat' dir='ltr'><strong>annuntiator</strong></span> <span class='ocrx_word' id='word_1_734' title='bbox 2321 3160 2448 3199; x_wconf 85' lang='lat' dir='ltr'><strong>esse.</strong></span> <span class='ocrx_word' id='word_1_735' title='bbox 2471 3143 2609 3198; x_wconf 90' lang='lat' dir='ltr'><strong>Ecce</strong></span> <span class='ocrx_word' id='word_1_736' title='bbox 2633 3141 2904 3214; x_wconf 88' lang='lat' dir='ltr'><strong>apostolus</strong></span> <span class='ocrx_word' id='word_1_737' title='bbox 2927 3141 3120 3196; x_wconf 83' lang='lat' dir='ltr'><strong>Paulus</strong></span> <span class='ocrx_word' id='word_1_738' title='bbox 3144 3140 3351 3196; x_wconf 84' lang='lat' dir='ltr'><strong>Stoicos</strong></span> 
     </span>
    </p>
   </div>
   <div class='ocr_carea' id='block_1_94' title="bbox 1754 3235 3347 3315">
    <p class='ocr_par' dir='ltr' id='par_1_94' title="bbox 1754 3235 3347 3315">
     <span class='ocr_line' id='line_1_94' title="bbox 1754 3235 3347 3315; baseline -0.009 -13"><span class='ocrx_word' id='word_1_739' title='bbox 1754 3253 1811 3302; x_wconf 86' lang='lat' dir='ltr'><strong>et</strong></span> <span class='ocrx_word' id='word_1_740' title='bbox 1829 3244 2144 3315; x_wconf 87' lang='lat' dir='ltr'><strong>Epicureos,</strong></span> <span class='ocrx_word' id='word_1_741' title='bbox 2161 3241 2420 3303; x_wconf 89' lang='lat' dir='ltr'><strong>diversas,</strong></span> <span class='ocrx_word' id='word_1_742' title='bbox 2443 3254 2550 3294; x_wconf 91' lang='lat' dir='ltr'><strong>non</strong></span> <span class='ocrx_word' id='word_1_743' title='bbox 2573 3238 2744 3291; x_wconf 91' lang='lat' dir='ltr'><strong>solum</strong></span> <span class='ocrx_word' id='word_1_744' title='bbox 2767 3236 2966 3302; x_wconf 84' lang='lat' dir='ltr'><strong>abillo,</strong></span> <span class='ocrx_word' id='word_1_745' title='bbox 2986 3251 3168 3290; x_wconf 75' lang='lat' dir='ltr'><strong>verum</strong></span> <span class='ocrx_word' id='word_1_746' title='bbox 3189 3235 3347 3290; x_wconf 87' lang='lat' dir='ltr'><strong>etiam</strong></span> 
     </span>
    </p>
   </div>
   <div class='ocr_carea' id='block_1_95' title="bbox 1755 3326 3350 3402">
    <p class='ocr_par' dir='ltr' id='par_1_95' title="bbox 1755 3326 3350 3402">
     <span class='ocr_line' id='line_1_95' title="bbox 1755 3326 3350 3402; baseline -0.007 -9"><span class='ocrx_word' id='word_1_747' title='bbox 1755 3337 1896 3394; x_wconf 88' lang='lat' dir='ltr'><strong>inter</strong></span> <span class='ocrx_word' id='word_1_748' title='bbox 1918 3350 1999 3400; x_wconf 87' lang='lat' dir='ltr'><strong>se,</strong></span> <span class='ocrx_word' id='word_1_749' title='bbox 2026 3334 2382 3402; x_wconf 85' lang='lat' dir='ltr'><strong>adversasque</strong></span> <span class='ocrx_word' id='word_1_750' title='bbox 2406 3331 2639 3385; x_wconf 75' lang='lat' dir='ltr'><strong>hmreses</strong></span> <span class='ocrx_word' id='word_1_751' title='bbox 2661 3343 2843 3384; x_wconf 90' lang='lat' dir='ltr'><strong>secum</strong></span> <span class='ocrx_word' id='word_1_752' title='bbox 2871 3326 3115 3382; x_wconf 87' lang='lat' dir='ltr'><strong>conferre</strong></span> <span class='ocrx_word' id='word_1_753' title='bbox 3142 3341 3247 3381; x_wconf 92' lang='lat' dir='ltr'><strong>non</strong></span> <span class='ocrx_word' id='word_1_754' title='bbox 3273 3344 3350 3382; x_wconf 85' lang='lat' dir='ltr'><strong>rc-</strong></span> 
     </span>
    </p>
   </div>
   <div class='ocr_carea' id='block_1_96' title="bbox 1753 3417 3349 3500">
    <p class='ocr_par' dir='ltr' id='par_1_96' title="bbox 1753 3417 3349 3500">
     <span class='ocr_line' id='line_1_96' title="bbox 1753 3417 3349 3500; baseline -0.007 -16"><span class='ocrx_word' id='word_1_755' title='bbox 1753 3428 1920 3500; x_wconf 89' lang='lat' dir='ltr'><strong>spuit,</strong></span> <span class='ocrx_word' id='word_1_756' title='bbox 1949 3439 2054 3482; x_wconf 90' lang='lat' dir='ltr'><strong>non</strong></span> <span class='ocrx_word' id='word_1_757' title='bbox 2083 3433 2284 3480; x_wconf 88' lang='lat' dir='ltr'><strong>tantum</strong></span> <span class='ocrx_word' id='word_1_758' title='bbox 2311 3431 2460 3478; x_wconf 80' lang='lat' dir='ltr'><strong>extra</strong></span> <span class='ocrx_word' id='word_1_759' title='bbox 2487 3420 2804 3484; x_wconf 84' lang='lat' dir='ltr'><strong>Ecclesiam,</strong></span> <span class='ocrx_word' id='word_1_760' title='bbox 2826 3417 2921 3474; x_wconf 89' lang='lat' dir='ltr'><strong>sed</strong></span> <span class='ocrx_word' id='word_1_761' title='bbox 2943 3428 3091 3474; x_wconf 91' lang='lat' dir='ltr'><strong>extra</strong></span> <span class='ocrx_word' id='word_1_762' title='bbox 3120 3433 3349 3489; x_wconf 79' lang='lat' dir='ltr'><strong>synago-</strong></span> 
     </span>
    </p>
   </div>
   <div class='ocr_carea' id='block_1_97' title="bbox 1755 3510 3348 3595">
    <p class='ocr_par' dir='ltr' id='par_1_97' title="bbox 1755 3510 3348 3595">
     <span class='ocr_line' id='line_1_97' title="bbox 1755 3510 3348 3595; baseline -0.009 -18"><span class='ocrx_word' id='word_1_763' title='bbox 1755 3536 1875 3595; x_wconf 78' lang='lat' dir='ltr'><strong>gain</strong></span> <span class='ocrx_word' id='word_1_764' title='bbox 1901 3519 2178 3590; x_wconf 86' lang='lat' dir='ltr'><strong>disputans</strong></span> <span class='ocrx_word' id='word_1_765' title='bbox 2201 3530 2322 3571; x_wconf 91' lang='lat' dir='ltr'><strong>cum</strong></span> <span class='ocrx_word' id='word_1_766' title='bbox 2352 3514 2464 3580; x_wconf 85' lang='lat' dir='ltr'><strong>eis;</strong></span> <span class='ocrx_word' id='word_1_767' title='bbox 2499 3527 2598 3568; x_wconf 91' lang='lat' dir='ltr'><strong>nec</strong></span> <span class='ocrx_word' id='word_1_768' title='bbox 2619 3527 2803 3568; x_wconf 92' lang='lat' dir='ltr'><strong>eorum</strong></span> <span class='ocrx_word' id='word_1_769' title='bbox 2836 3510 3093 3568; x_wconf 87' lang='lat' dir='ltr'><strong>conviciis</strong></span> <span class='ocrx_word' id='word_1_770' title='bbox 3123 3510 3348 3566; x_wconf 82' lang='lat' dir='ltr'><strong>exterrl-</strong></span> 
     </span>
    </p>
   </div>
   <div class='ocr_carea' id='block_1_98' title="bbox 1759 3603 3350 3678">
    <p class='ocr_par' dir='ltr' id='par_1_98' title="bbox 1759 3603 3350 3678">
     <span class='ocr_line' id='line_1_98' title="bbox 1759 3603 3350 3678; baseline -0.006 -8"><span class='ocrx_word' id='word_1_771' title='bbox 1759 3625 1844 3670; x_wconf 90' lang='lat' dir='ltr'><strong>tus</strong></span> <span class='ocrx_word' id='word_1_772' title='bbox 1865 3613 2009 3670; x_wconf 88' lang='lat' dir='ltr'><strong>velut</strong></span> <span class='ocrx_word' id='word_1_773' title='bbox 2029 3611 2150 3667; x_wconf 87' lang='lat' dir='ltr'><strong>litos</strong></span> <span class='ocrx_word' id='word_1_774' title='bbox 2171 3607 2648 3678; x_wconf 88' lang='lat' dir='ltr'><strong>contentionesque</strong></span> <span class='ocrx_word' id='word_1_775' title='bbox 2667 3604 2944 3661; x_wconf 84' lang='lat' dir='ltr'><strong>declinans</strong></span> <span class='ocrx_word' id='word_1_776' title='bbox 2963 3617 2992 3657; x_wconf 92' lang='lat' dir='ltr'><strong>a</strong></span> <span class='ocrx_word' id='word_1_777' title='bbox 3016 3603 3350 3674; x_wconf 73' lang='lat' dir='ltr'><strong>prmdicanda</strong></span> 
     </span>
    </p>
   </div>
   <div class='ocr_carea' id='block_1_99' title="bbox 1757 3695 3353 3768">
    <p class='ocr_par' dir='ltr' id='par_1_99' title="bbox 1757 3695 3353 3768">
     <span class='ocr_line' id='line_1_99' title="bbox 1757 3695 3353 3768; baseline -0.007 -5"><span class='ocrx_word' id='word_1_778' title='bbox 1757 3705 2046 3764; x_wconf 86' lang='lat' dir='ltr'><strong>christiana</strong></span> <span class='ocrx_word' id='word_1_779' title='bbox 2071 3702 2293 3758; x_wconf 81' lang='lat' dir='ltr'><strong>veritate</strong></span> <span class='ocrx_word' id='word_1_780' title='bbox 2312 3699 2560 3757; x_wconf 86' lang='lat' dir='ltr'><strong>cessavit.</strong></span> <span class='ocrx_word' id='word_1_781' title='bbox 2583 3697 2715 3754; x_wconf 87' lang='lat' dir='ltr'><strong>Nam</strong></span> <span class='ocrx_word' id='word_1_782' title='bbox 2736 3696 2855 3753; x_wconf 88' lang='lat' dir='ltr'><strong>vide</strong></span> <span class='ocrx_word' id='word_1_783' title='bbox 2875 3695 3000 3768; x_wconf 90' lang='lat' dir='ltr'><strong>quid</strong></span> <span class='ocrx_word' id='word_1_784' title='bbox 3022 3711 3353 3767; x_wconf 88' lang='lat' dir='ltr'><strong>consequen-</strong></span> 
     </span>
    </p>
   </div>
   <div class='ocr_carea' id='block_1_100' title="bbox 1759 3789 3349 3866">
    <p class='ocr_par' dir='ltr' id='par_1_100' title="bbox 1759 3789 3349 3866">
     <span class='ocr_line' id='line_1_100' title="bbox 1759 3789 3349 3866; baseline -0.008 -10"><span class='ocrx_word' id='word_1_785' title='bbox 1759 3809 1842 3856; x_wconf 87' lang='lat' dir='ltr'><strong>ter</strong></span> <span class='ocrx_word' id='word_1_786' title='bbox 1872 3806 2054 3856; x_wconf 86' lang='lat' dir='ltr'><strong>sancta</strong></span> <span class='ocrx_word' id='word_1_787' title='bbox 2093 3795 2366 3866; x_wconf 87' lang='lat' dir='ltr'><strong>Scriptura</strong></span> <span class='ocrx_word' id='word_1_788' title='bbox 2403 3800 2629 3850; x_wconf 86' lang='lat' dir='ltr'><strong>testatur</strong></span> <span class='ocrx_word' id='word_1_789' title='bbox 2655 3808 2668 3845; x_wconf 89' lang='lat'><strong>:</strong></span> <span class='ocrx_word' id='word_1_790' title='bbox 2695 3789 3178 3862; x_wconf 85' lang='lat' dir='ltr'><strong>Apprehensumque</strong></span> <span class='ocrx_word' id='word_1_791' title='bbox 3199 3805 3316 3844; x_wconf 80' lang='lat' dir='ltr'><strong>sunt</strong></span> <span class='ocrx_word' id='word_1_792' title='bbox 3335 3831 3349 3857; x_wconf 95' lang='lat'><strong>,</strong></span> 
     </span>
    </p>
   </div>
   <div class='ocr_carea' id='block_1_101' title="bbox 1758 3879 3352 3962">
    <p class='ocr_par' dir='ltr' id='par_1_101' title="bbox 1758 3879 3352 3962">
     <span class='ocr_line' id='line_1_101' title="bbox 1758 3879 3352 3962; baseline -0.008 -14"><span class='ocrx_word' id='word_1_793' title='bbox 1758 3891 1963 3962; x_wconf 88' lang='lat' dir='ltr'><strong>inquit,</strong></span> <span class='ocrx_word' id='word_1_794' title='bbox 1998 3890 2054 3944; x_wconf 91' lang='lat' dir='ltr'><strong>in</strong></span> <span class='ocrx_word' id='word_1_795' title='bbox 2091 3888 2414 3959; x_wconf 81' lang='lat' dir='ltr'><strong>Areopagum</strong></span> <span class='ocrx_word' id='word_1_796' title='bbox 2450 3886 2736 3951; x_wconf 64' lang='lat' dir='ltr'><strong>duxerunt,</strong></span> <span class='ocrx_word' id='word_1_797' title='bbox 2777 3883 2995 3938; x_wconf 81' lang='lat' dir='ltr'><strong>dicentes</strong></span> <span class='ocrx_word' id='word_1_798' title='bbox 3021 3897 3041 3937; x_wconf 89' lang='lat'><strong><em>:</em></strong></span> <span class='ocrx_word' id='word_1_799' title='bbox 3071 3879 3352 3938; x_wconf 88' lang='lat' dir='ltr'><strong>Possumus</strong></span> 
     </span>
    </p>
   </div>
   <div class='ocr_carea' id='block_1_102' title="bbox 1759 3971 3354 4056">
    <p class='ocr_par' dir='ltr' id='par_1_102' title="bbox 1759 3971 3354 4056">
     <span class='ocr_line' id='line_1_102' title="bbox 1759 3971 3354 4056; baseline -0.005 -15"><span class='ocrx_word' id='word_1_800' title='bbox 1759 3986 1886 4041; x_wconf 87' lang='lat' dir='ltr'><strong>scire</strong></span> <span class='ocrx_word' id='word_1_801' title='bbox 1905 4000 2017 4056; x_wconf 72' lang='lat' dir='ltr'><strong>qua:</strong></span> <span class='ocrx_word' id='word_1_802' title='bbox 2036 3983 2135 4038; x_wconf 90' lang='lat' dir='ltr'><strong>sint</strong></span> <span class='ocrx_word' id='word_1_803' title='bbox 2161 3983 2267 4036; x_wconf 76' lang='lat' dir='ltr'><strong>lucc</strong></span> <span class='ocrx_word' id='word_1_804' title='bbox 2286 3995 2399 4052; x_wconf 83' lang='lat' dir='ltr'><strong>quat</strong></span> <span class='ocrx_word' id='word_1_805' title='bbox 2418 3998 2449 4034; x_wconf 91' lang='lat' dir='ltr'><strong>a</strong></span> <span class='ocrx_word' id='word_1_806' title='bbox 2472 3989 2518 4035; x_wconf 87' lang='lat' dir='ltr'><strong>te</strong></span> <span class='ocrx_word' id='word_1_807' title='bbox 2537 3979 2776 4034; x_wconf 87' lang='lat' dir='ltr'><strong>dicuntur</strong></span> <span class='ocrx_word' id='word_1_808' title='bbox 2790 3978 2817 4033; x_wconf 71' lang='lat'><strong><em>7</em></strong></span> <span class='ocrx_word' id='word_1_809' title='bbox 2837 3971 3050 4032; x_wconf 84' lang='lat' dir='ltr'><strong>Insueta</strong></span> <span class='ocrx_word' id='word_1_810' title='bbox 3072 3977 3204 4032; x_wconf 81' lang='lat' dir='ltr'><strong>enim</strong></span> <span class='ocrx_word' id='word_1_811' title='bbox 3225 3993 3354 4048; x_wconf 79' lang='lat' dir='ltr'><strong>qua:-</strong></span> 
     </span>
    </p>
   </div>
   <div class='ocr_carea' id='block_1_103' title="bbox 1761 4068 3352 4143">
    <p class='ocr_par' dir='ltr' id='par_1_103' title="bbox 1761 4068 3352 4143">
     <span class='ocr_line' id='line_1_103' title="bbox 1761 4068 3352 4143; baseline -0.007 -11"><span class='ocrx_word' id='word_1_812' title='bbox 1761 4077 1881 4132; x_wconf 90' lang='lat' dir='ltr'><strong>dam</strong></span> <span class='ocrx_word' id='word_1_813' title='bbox 1917 4075 2072 4143; x_wconf 64' lang='lat' dir='ltr'><strong>aﬁers</strong></span> <span class='ocrx_word' id='word_1_814' title='bbox 2107 4075 2163 4129; x_wconf 87' lang='lat' dir='ltr'><strong>in</strong></span> <span class='ocrx_word' id='word_1_815' title='bbox 2199 4087 2347 4128; x_wconf 87' lang='lat' dir='ltr'><strong>aures</strong></span> <span class='ocrx_word' id='word_1_816' title='bbox 2375 4081 2573 4128; x_wconf 88' lang='lat' dir='ltr'><strong>nostras</strong></span> <span class='ocrx_word' id='word_1_817' title='bbox 2599 4087 2619 4126; x_wconf 88' lang='lat'><strong><em>:</em></strong></span> <span class='ocrx_word' id='word_1_818' title='bbox 2647 4070 2876 4126; x_wconf 74' lang='lat' dir='ltr'><strong>volumus</strong></span> <span class='ocrx_word' id='word_1_819' title='bbox 2905 4084 3022 4141; x_wconf 86' lang='lat' dir='ltr'><strong>ergo</strong></span> <span class='ocrx_word' id='word_1_820' title='bbox 3051 4068 3180 4123; x_wconf 88' lang='lat' dir='ltr'><strong>scire</strong></span> <span class='ocrx_word' id='word_1_821' title='bbox 3203 4069 3352 4139; x_wconf 89' lang='lat' dir='ltr'><strong>quid-</strong></span> 
     </span>
    </p>
   </div>
   <div class='ocr_carea' id='block_1_104' title="bbox 1759 4161 3352 4226">
    <p class='ocr_par' dir='ltr' id='par_1_104' title="bbox 1759 4161 3352 4226">
     <span class='ocr_line' id='line_1_104' title="bbox 1759 4161 3352 4226; baseline -0.007 0"><span class='ocrx_word' id='word_1_822' title='bbox 1759 4188 1880 4226; x_wconf 83' lang='lat' dir='ltr'><strong>nam</strong></span> <span class='ocrx_word' id='word_1_823' title='bbox 1906 4170 2058 4225; x_wconf 81' lang='lat' dir='ltr'><strong>velint</strong></span> <span class='ocrx_word' id='word_1_824' title='bbox 2085 4168 2193 4222; x_wconf 69' lang='lat' dir='ltr'><strong>hac</strong></span> <span class='ocrx_word' id='word_1_825' title='bbox 2221 4183 2343 4222; x_wconf 86' lang='lat' dir='ltr'><strong>esse.</strong></span> <span class='ocrx_word' id='word_1_826' title='bbox 2382 4165 2708 4219; x_wconf 83' lang='lat' dir='ltr'><strong>Athenienses</strong></span> <span class='ocrx_word' id='word_1_827' title='bbox 2736 4172 2903 4218; x_wconf 86' lang='lat' dir='ltr'><strong>autent</strong></span> <span class='ocrx_word' id='word_1_828' title='bbox 2941 4170 2988 4216; x_wconf 86' lang='lat' dir='ltr'><strong>et</strong></span> <span class='ocrx_word' id='word_1_829' title='bbox 3024 4161 3229 4216; x_wconf 79' lang='lat' dir='ltr'><strong>aduente</strong></span> <span class='ocrx_word' id='word_1_830' title='bbox 3257 4161 3352 4216; x_wconf 83' lang='lat' dir='ltr'><strong>lto-</strong></span> 
     </span>
    </p>
   </div>
   <div class='ocr_carea' id='block_1_105' title="bbox 1760 4253 3354 4335">
    <p class='ocr_par' dir='ltr' id='par_1_105' title="bbox 1760 4253 3354 4335">
     <span class='ocr_line' id='line_1_105' title="bbox 1760 4253 3354 4335; baseline -0.007 -16"><span class='ocrx_word' id='word_1_831' title='bbox 1760 4264 1915 4335; x_wconf 87' lang='lat' dir='ltr'><strong>spites</strong></span> <span class='ocrx_word' id='word_1_832' title='bbox 1937 4261 2004 4315; x_wconf 90' lang='lat' dir='ltr'><strong>ad</strong></span> <span class='ocrx_word' id='word_1_833' title='bbox 2033 4259 2160 4314; x_wconf 82' lang='lat' dir='ltr'><strong>nihil</strong></span> <span class='ocrx_word' id='word_1_834' title='bbox 2188 4257 2332 4312; x_wconf 84' lang='lat' dir='ltr'><strong>aliud</strong></span> <span class='ocrx_word' id='word_1_835' title='bbox 2364 4256 2628 4324; x_wconf 80' lang='lat' dir='ltr'><strong>uacabant,</strong></span> <span class='ocrx_word' id='word_1_836' title='bbox 2657 4271 2811 4328; x_wconf 83' lang='lat' dir='ltr'><strong>quam</strong></span> <span class='ocrx_word' id='word_1_837' title='bbox 2837 4254 3001 4309; x_wconf 89' lang='lat' dir='ltr'><strong>dicere</strong></span> <span class='ocrx_word' id='word_1_838' title='bbox 3025 4253 3140 4307; x_wconf 79' lang='lat' dir='ltr'><strong>noui</strong></span> <span class='ocrx_word' id='word_1_839' title='bbox 3163 4253 3354 4320; x_wconf 82' lang='lat' dir='ltr'><strong>aliquid</strong></span> 
     </span>
    </p>
   </div>
   <div class='ocr_carea' id='block_1_106' title="bbox 1762 4346 3351 4417">
    <p class='ocr_par' dir='ltr' id='par_1_106' title="bbox 1762 4346 3351 4417">
     <span class='ocr_line' id='line_1_106' title="bbox 1762 4346 3351 4417; baseline -0.008 -5"><span class='ocrx_word' id='word_1_840' title='bbox 1762 4366 1851 4412; x_wconf 88' lang='lat' dir='ltr'><strong>aut</strong></span> <span class='ocrx_word' id='word_1_841' title='bbox 1871 4355 2064 4410; x_wconf 86' lang='lat' dir='ltr'><strong>audire.</strong></span> <span class='ocrx_word' id='word_1_842' title='bbox 2091 4352 2246 4408; x_wconf 86' lang='lat' dir='ltr'><strong>Stans</strong></span> <span class='ocrx_word' id='word_1_843' title='bbox 2270 4366 2384 4406; x_wconf 85' lang='lat' dir='ltr'><strong>vero</strong></span> <span class='ocrx_word' id='word_1_844' title='bbox 2412 4349 2610 4404; x_wconf 88' lang='lat' dir='ltr'><strong>Paulus</strong></span> <span class='ocrx_word' id='word_1_845' title='bbox 2634 4349 2688 4403; x_wconf 87' lang='lat' dir='ltr'><strong>in</strong></span> <span class='ocrx_word' id='word_1_846' title='bbox 2715 4347 2880 4402; x_wconf 83' lang='lat' dir='ltr'><strong>medio</strong></span> <span class='ocrx_word' id='word_1_847' title='bbox 2900 4346 3166 4417; x_wconf 86' lang='lat' dir='ltr'><strong>Areopago</strong></span> <span class='ocrx_word' id='word_1_848' title='bbox 3186 4346 3351 4401; x_wconf 77' lang='lat' dir='ltr'><strong>dixit:</strong></span> 
     </span>
    </p>
   </div>
   <div class='ocr_carea' id='block_1_107' title="bbox 1775 4440 3353 4516">
    <p class='ocr_par' dir='ltr' id='par_1_107' title="bbox 1775 4440 3353 4516">
     <span class='ocr_line' id='line_1_107' title="bbox 1775 4440 3353 4516; baseline -0.008 -9"><span class='ocrx_word' id='word_1_849' title='bbox 1775 4451 1880 4508; x_wconf 82' lang='lat' dir='ltr'><strong>Viri</strong></span> <span class='ocrx_word' id='word_1_850' title='bbox 1914 4447 2236 4504; x_wconf 80' lang='lat' dir='ltr'><strong>Athenienses</strong></span> <span class='ocrx_word' id='word_1_851' title='bbox 2255 4487 2268 4510; x_wconf 96' lang='lat'><strong>,</strong></span> <span class='ocrx_word' id='word_1_852' title='bbox 2310 4461 2399 4516; x_wconf 86' lang='lat' dir='ltr'><strong>per</strong></span> <span class='ocrx_word' id='word_1_853' title='bbox 2434 4445 2606 4498; x_wconf 81' lang='lat' dir='ltr'><strong>omnia</strong></span> <span class='ocrx_word' id='word_1_854' title='bbox 2639 4441 3010 4512; x_wconf 85' lang='lat' dir='ltr'><strong>superstitiosos</strong></span> <span class='ocrx_word' id='word_1_855' title='bbox 3039 4456 3126 4496; x_wconf 74' lang='lat' dir='ltr'><strong>vos</strong></span> <span class='ocrx_word' id='word_1_856' title='bbox 3159 4440 3304 4496; x_wconf 81' lang='lat' dir='ltr'><strong>video</strong></span> <span class='ocrx_word' id='word_1_857' title='bbox 3335 4457 3353 4495; x_wconf 92' lang='lat'><strong><em>:</em></strong></span> 
     </span>
    </p>
   </div>
   <div class='ocr_carea' id='block_1_108' title="bbox 1764 4536 3355 4620">
    <p class='ocr_par' dir='ltr' id='par_1_108' title="bbox 1764 4536 3355 4620">
     <span class='ocr_line' id='line_1_108' title="bbox 1764 4536 3355 4620; baseline -0.008 -19"><span class='ocrx_word' id='word_1_858' title='bbox 1764 4544 2118 4620; x_wconf 81' lang='lat' dir='ltr'><strong>perambulans</strong></span> <span class='ocrx_word' id='word_1_859' title='bbox 2151 4541 2283 4594; x_wconf 87' lang='lat' dir='ltr'><strong>enim</strong></span> <span class='ocrx_word' id='word_1_860' title='bbox 2311 4548 2359 4594; x_wconf 87' lang='lat' dir='ltr'><strong>et</strong></span> <span class='ocrx_word' id='word_1_861' title='bbox 2384 4537 2708 4593; x_wconf 87' lang='lat' dir='ltr'><strong>considerans</strong></span> <span class='ocrx_word' id='word_1_862' title='bbox 2740 4537 3014 4592; x_wconf 81' lang='lat' dir='ltr'><strong>simulacra</strong></span> <span class='ocrx_word' id='word_1_863' title='bbox 3049 4545 3240 4600; x_wconf 85' lang='lat' dir='ltr'><strong>oestro,</strong></span> <span class='ocrx_word' id='word_1_864' title='bbox 3271 4536 3355 4590; x_wconf 88' lang='lat' dir='ltr'><strong>in-</strong></span> 
     </span>
    </p>
   </div>
   <div class='ocr_carea' id='block_1_109' title="bbox 1762 4626 3350 4702">
    <p class='ocr_par' dir='ltr' id='par_1_109' title="bbox 1762 4626 3350 4702">
     <span class='ocr_line' id='line_1_109' title="bbox 1762 4626 3350 4702; baseline -0.008 -8"><span class='ocrx_word' id='word_1_865' title='bbox 1762 4637 1874 4694; x_wconf 81' lang='lat' dir='ltr'><strong>veni</strong></span> <span class='ocrx_word' id='word_1_866' title='bbox 1911 4637 2061 4690; x_wconf 85' lang='lat' dir='ltr'><strong>etiam</strong></span> <span class='ocrx_word' id='word_1_867' title='bbox 2096 4649 2272 4699; x_wconf 88' lang='lat' dir='ltr'><strong>aram,</strong></span> <span class='ocrx_word' id='word_1_868' title='bbox 2309 4632 2363 4686; x_wconf 90' lang='lat' dir='ltr'><strong>in</strong></span> <span class='ocrx_word' id='word_1_869' title='bbox 2399 4647 2500 4702; x_wconf 89' lang='lat' dir='ltr'><strong>qua</strong></span> <span class='ocrx_word' id='word_1_870' title='bbox 2532 4640 2641 4686; x_wconf 87' lang='lat' dir='ltr'><strong>erat</strong></span> <span class='ocrx_word' id='word_1_871' title='bbox 2677 4629 2957 4701; x_wconf 87' lang='lat' dir='ltr'><strong>scriptum,</strong></span> <span class='ocrx_word' id='word_1_872' title='bbox 3000 4626 3185 4700; x_wconf 84' lang='lat' dir='ltr'><strong>Ignoto</strong></span> <span class='ocrx_word' id='word_1_873' title='bbox 3223 4627 3350 4682; x_wconf 86' lang='lat' dir='ltr'><strong>Deo.</strong></span> 
     </span>
    </p>
   </div>
   <div class='ocr_carea' id='block_1_110' title="bbox 1768 4722 3357 4802">
    <p class='ocr_par' dir='ltr' id='par_1_110' title="bbox 1768 4722 3357 4802">
     <span class='ocr_line' id='line_1_110' title="bbox 1768 4722 3357 4802; baseline -0.007 -16"><span class='ocrx_word' id='word_1_874' title='bbox 1768 4731 1931 4800; x_wconf 82' lang='lat' dir='ltr'><strong>Quem</strong></span> <span class='ocrx_word' id='word_1_875' title='bbox 1963 4745 2082 4802; x_wconf 83' lang='lat' dir='ltr'><strong>ergo</strong></span> <span class='ocrx_word' id='word_1_876' title='bbox 2115 4729 2405 4799; x_wconf 87' lang='lat' dir='ltr'><strong>ignorantes</strong></span> <span class='ocrx_word' id='word_1_877' title='bbox 2443 4725 2635 4791; x_wconf 89' lang='lat' dir='ltr'><strong>colitis,</strong></span> <span class='ocrx_word' id='word_1_878' title='bbox 2668 4725 2802 4778; x_wconf 87' lang='lat' dir='ltr'><strong>hunc</strong></span> <span class='ocrx_word' id='word_1_879' title='bbox 2828 4738 2920 4794; x_wconf 86' lang='lat' dir='ltr'><strong>ego</strong></span> <span class='ocrx_word' id='word_1_880' title='bbox 2949 4722 3196 4777; x_wconf 83' lang='lat' dir='ltr'><strong>annuntio</strong></span> <span class='ocrx_word' id='word_1_881' title='bbox 3221 4723 3357 4776; x_wconf 77' lang='lat' dir='ltr'><strong>nobis</strong></span> 
     </span>
    </p>
   </div>
   <div class='ocr_carea' id='block_1_111' title="bbox 1767 4816 3355 4900">
    <p class='ocr_par' dir='ltr' id='par_1_111' title="bbox 1767 4816 3355 4900">
     <span class='ocr_line' id='line_1_111' title="bbox 1767 4816 3355 4900; baseline -0.006 -21"><span class='ocrx_word' id='word_1_882' title='bbox 1767 4823 1878 4900; x_wconf 90' lang='lat' dir='ltr'><strong>(Id.</strong></span> <span class='ocrx_word' id='word_1_883' title='bbox 1904 4839 2036 4889; x_wconf 87' lang='lat' dir='ltr'><strong>xvn,</strong></span> <span class='ocrx_word' id='word_1_884' title='bbox 2061 4818 2248 4894; x_wconf 72' lang='lat' dir='ltr'><strong>lii-23)</strong></span> <span class='ocrx_word' id='word_1_885' title='bbox 2273 4837 2286 4875; x_wconf 92' lang='lat'><strong>:</strong></span> <span class='ocrx_word' id='word_1_886' title='bbox 2311 4829 2365 4876; x_wconf 86' lang='lat' dir='ltr'><strong>et</strong></span> <span class='ocrx_word' id='word_1_887' title='bbox 2383 4827 2576 4875; x_wconf 64' lang='lat' dir='ltr'><strong>caetera</strong></span> <span class='ocrx_word' id='word_1_888' title='bbox 2595 4833 2716 4890; x_wconf 64' lang='lat' dir='ltr'><strong>quae</strong></span> <span class='ocrx_word' id='word_1_889' title='bbox 2733 4831 3155 4873; x_wconf 86' lang='lat' dir='ltr'><strong>commemorare</strong></span> <span class='ocrx_word' id='word_1_890' title='bbox 3181 4816 3355 4871; x_wconf 89' lang='lat' dir='ltr'><strong>omnia</strong></span> 
     </span>
    </p>
   </div>
   <div class='ocr_carea' id='block_1_112' title="bbox 1764 4912 3357 4988">
    <p class='ocr_par' dir='ltr' id='par_1_112' title="bbox 1764 4912 3357 4988">
     <span class='ocr_line' id='line_1_112' title="bbox 1764 4912 3357 4988; baseline -0.006 -14"><span class='ocrx_word' id='word_1_891' title='bbox 1764 4917 1978 4988; x_wconf 85' lang='lat' dir='ltr'><strong>longum</strong></span> <span class='ocrx_word' id='word_1_892' title='bbox 2003 4919 2106 4972; x_wconf 90' lang='lat' dir='ltr'><strong>est.</strong></span> <span class='ocrx_word' id='word_1_893' title='bbox 2135 4912 2286 4983; x_wconf 85' lang='lat' dir='ltr'><strong>Quod</strong></span> <span class='ocrx_word' id='word_1_894' title='bbox 2318 4923 2494 4969; x_wconf 88' lang='lat' dir='ltr'><strong>tamen</strong></span> <span class='ocrx_word' id='word_1_895' title='bbox 2533 4914 2598 4968; x_wconf 87' lang='lat' dir='ltr'><strong>ad</strong></span> <span class='ocrx_word' id='word_1_896' title='bbox 2637 4913 2988 4983; x_wconf 68' lang='lat' dir='ltr'><strong>quaestionem</strong></span> <span class='ocrx_word' id='word_1_897' title='bbox 3027 4924 3186 4981; x_wconf 90' lang='lat' dir='ltr'><strong>quam</strong></span> <span class='ocrx_word' id='word_1_898' title='bbox 3217 4924 3357 4964; x_wconf 91' lang='lat' dir='ltr'><strong>nunc</strong></span> 
     </span>
    </p>
   </div>
   <div class='ocr_carea' id='block_1_113' title="bbox 1765 5001 3354 5073">
    <p class='ocr_par' dir='ltr' id='par_1_113' title="bbox 1765 5001 3354 5073">
     <span class='ocr_line' id='line_1_113' title="bbox 1765 5001 3354 5073; baseline -0.006 -8"><span class='ocrx_word' id='word_1_899' title='bbox 1765 5007 2096 5073; x_wconf 87' lang='lat' dir='ltr'><strong>discutimus,</strong></span> <span class='ocrx_word' id='word_1_900' title='bbox 2117 5005 2330 5070; x_wconf 81' lang='lat' dir='ltr'><strong>sufficit,</strong></span> <span class='ocrx_word' id='word_1_901' title='bbox 2355 5004 2591 5072; x_wconf 89' lang='lat' dir='ltr'><strong>attende,</strong></span> <span class='ocrx_word' id='word_1_902' title='bbox 2622 5003 2846 5058; x_wconf 80' lang='lat' dir='ltr'><strong>obsecro</strong></span> <span class='ocrx_word' id='word_1_903' title='bbox 2871 5011 2944 5070; x_wconf 91' lang='lat' dir='ltr'><strong>te,</strong></span> <span class='ocrx_word' id='word_1_904' title='bbox 2977 5001 3258 5058; x_wconf 75' lang='lat' dir='ltr'><strong>Hebrzeuin</strong></span> <span class='ocrx_word' id='word_1_905' title='bbox 3289 5017 3354 5058; x_wconf 83' lang='lat' dir='ltr'><strong>ex</strong></span> 
     </span>
    </p>
   </div>
   <div class='ocr_carea' id='block_1_114' title="bbox 1767 5095 3352 5171">
    <p class='ocr_par' dir='ltr' id='par_1_114' title="bbox 1767 5095 3352 5171">
     <span class='ocr_line' id='line_1_114' title="bbox 1767 5095 3352 5171; baseline -0.006 -13"><span class='ocrx_word' id='word_1_906' title='bbox 1767 5102 2006 5158; x_wconf 71' lang='lat' dir='ltr'><strong>Hebrteis</strong></span> <span class='ocrx_word' id='word_1_907' title='bbox 2041 5097 2354 5171; x_wconf 89' lang='lat' dir='ltr'><strong>Apostolum</strong></span> <span class='ocrx_word' id='word_1_908' title='bbox 2384 5095 2584 5152; x_wconf 90' lang='lat' dir='ltr'><strong>Christi</strong></span> <span class='ocrx_word' id='word_1_909' title='bbox 2623 5104 2853 5151; x_wconf 90' lang='lat' dir='ltr'><strong>stantem</strong></span> <span class='ocrx_word' id='word_1_910' title='bbox 2891 5109 2956 5150; x_wconf 90' lang='lat' dir='ltr'><strong>ac</strong></span> <span class='ocrx_word' id='word_1_911' title='bbox 2993 5095 3352 5150; x_wconf 86' lang='lat' dir='ltr'><strong>sermocinan-</strong></span> 
     </span>
    </p>
   </div>
   <div class='ocr_carea' id='block_1_115' title="bbox 1768 5187 3358 5262">
    <p class='ocr_par' dir='ltr' id='par_1_115' title="bbox 1768 5187 3358 5262">
     <span class='ocr_line' id='line_1_115' title="bbox 1768 5187 3358 5262; baseline -0.006 -12"><span class='ocrx_word' id='word_1_912' title='bbox 1768 5203 1904 5259; x_wconf 90' lang='lat' dir='ltr'><strong>tem,</strong></span> <span class='ocrx_word' id='word_1_913' title='bbox 1948 5207 2053 5247; x_wconf 90' lang='lat' dir='ltr'><strong>non</strong></span> <span class='ocrx_word' id='word_1_914' title='bbox 2091 5190 2144 5246; x_wconf 93' lang='lat' dir='ltr'><strong>in</strong></span> <span class='ocrx_word' id='word_1_915' title='bbox 2183 5204 2449 5262; x_wconf 86' lang='lat' dir='ltr'><strong>synagoga</strong></span> <span class='ocrx_word' id='word_1_916' title='bbox 2485 5187 2788 5244; x_wconf 68' lang='lat' dir='ltr'><strong>Iudaeorum</strong></span> <span class='ocrx_word' id='word_1_917' title='bbox 2830 5203 3004 5259; x_wconf 92' lang='lat' dir='ltr'><strong>neque</strong></span> <span class='ocrx_word' id='word_1_918' title='bbox 3043 5187 3094 5242; x_wconf 93' lang='lat' dir='ltr'><strong>in</strong></span> <span class='ocrx_word' id='word_1_919' title='bbox 3134 5187 3358 5242; x_wconf 88' lang='lat' dir='ltr'><strong>ecclesia</strong></span> 
     </span>
    </p>
   </div>
   <div class='ocr_carea' id='block_1_116' title="bbox 1767 5280 3358 5354">
    <p class='ocr_par' dir='ltr' id='par_1_116' title="bbox 1767 5280 3358 5354">
     <span class='ocr_line' id='line_1_116' title="bbox 1767 5280 3358 5354; baseline -0.006 -11"><span class='ocrx_word' id='word_1_920' title='bbox 1767 5287 2188 5344; x_wconf 87' lang='lat' dir='ltr'><strong>Christianorum</strong></span> <span class='ocrx_word' id='word_1_921' title='bbox 2208 5325 2223 5352; x_wconf 93' lang='lat'><strong>,</strong></span> <span class='ocrx_word' id='word_1_922' title='bbox 2257 5283 2352 5340; x_wconf 90' lang='lat' dir='ltr'><strong>sed</strong></span> <span class='ocrx_word' id='word_1_923' title='bbox 2383 5283 2435 5338; x_wconf 93' lang='lat' dir='ltr'><strong>in</strong></span> <span class='ocrx_word' id='word_1_924' title='bbox 2465 5283 2746 5354; x_wconf 81' lang='lat' dir='ltr'><strong>Areopago</strong></span> <span class='ocrx_word' id='word_1_925' title='bbox 2786 5281 3188 5339; x_wconf 83' lang='lat' dir='ltr'><strong>Atheniensium</strong></span> <span class='ocrx_word' id='word_1_926' title='bbox 3209 5321 3225 5348; x_wconf 93' lang='lat'><strong>,</strong></span> <span class='ocrx_word' id='word_1_927' title='bbox 3259 5280 3358 5336; x_wconf 87' lang='lat' dir='ltr'><strong>hoc</strong></span> 
     </span>
    </p>
   </div>
   <div class='ocr_carea' id='block_1_117' title="bbox 1766 5430 3352 5512">
    <p class='ocr_par' dir='ltr' id='par_1_117' title="bbox 1766 5430 3352 5512">
     <span class='ocr_line' id='line_1_117' title="bbox 1766 5430 3352 5512; baseline -0.01 -15"><span class='ocrx_word' id='word_1_928' title='bbox 1766 5458 1874 5498; x_wconf 90' lang='lat' dir='ltr'><strong>sum</strong></span> <span class='ocrx_word' id='word_1_929' title='bbox 1897 5447 2196 5512; x_wconf 58' lang='lat' dir='ltr'><strong>praetereunt</strong></span> <span class='ocrx_word' id='word_1_930' title='bbox 2234 5438 2377 5503; x_wconf 88' lang='lat' dir='ltr'><strong>paulo</strong></span> <span class='ocrx_word' id='word_1_931' title='bbox 2420 5445 2529 5504; x_wconf 88' lang='lat' dir='ltr'><strong>post</strong></span> <span class='ocrx_word' id='word_1_932' title='bbox 2564 5438 2624 5489; x_wconf 88' lang='lat' dir='ltr'><strong>ad</strong></span> <span class='ocrx_word' id='word_1_933' title='bbox 2654 5437 2760 5489; x_wconf 63' lang='lat' dir='ltr'><strong>haec</strong></span> <span class='ocrx_word' id='word_1_934' title='bbox 2783 5439 2950 5501; x_wconf 85' lang='lat' dir='ltr'><strong>verba,</strong></span> <span class='ocrx_word' id='word_1_935' title='bbox 2988 5443 3035 5490; x_wconf 84' lang='lat' dir='ltr'><strong>et</strong></span> <span class='ocrx_word' id='word_1_936' title='bbox 3066 5433 3244 5487; x_wconf 79' lang='lat' dir='ltr'><strong>certius</strong></span> <span class='ocrx_word' id='word_1_937' title='bbox 3280 5430 3352 5484; x_wconf 88' lang='lat' dir='ltr'><strong>illi</strong></span> 
     </span>
    </p>
   </div>
   <div class='ocr_carea' id='block_1_118' title="bbox 1769 5509 2341 5636">
    <p class='ocr_par' dir='ltr' id='par_1_118' title="bbox 1769 5509 2341 5636">
     <span class='ocr_line' id='line_1_118' title="bbox 1769 5509 2256 5604; baseline -0.018 -44"><span class='ocrx_word' id='word_1_938' title='bbox 1769 5509 2091 5604; x_wconf 57' lang='grc' dir='ltr'>επῖιοδιιιινισιι</span> <span class='ocrx_word' id='word_1_939' title='bbox 2113 5509 2256 5552; x_wconf 79' lang='lat' dir='ltr'><strong>viam.</strong></span> 
     </span>
     <span class='ocr_line' id='line_1_119' title="bbox 1838 5569 2341 5636; baseline -0.004 -20"><span class='ocrx_word' id='word_1_940' title='bbox 1838 5635 1844 5636; x_wconf 16' lang='grc' dir='ltr'><em>γ</em></span> <span class='ocrx_word' id='word_1_941' title='bbox 1886 5575 2083 5636; x_wconf 43' lang='grc' dir='ltr'>Ιιιηιιεδη</span> <span class='ocrx_word' id='word_1_942' title='bbox 2108 5569 2341 5636; x_wconf 53' lang='lat' dir='ltr'><strong>coeperat.</strong></span> 
     </span>
    </p>
   </div>
   <div class='ocr_carea' id='block_1_119' title="bbox 1831 5620 3358 5688">
    <p class='ocr_par' dir='ltr' id='par_1_119' title="bbox 1831 5620 3358 5688">
     <span class='ocr_line' id='line_1_120' title="bbox 1831 5620 3358 5688; baseline -0.007 -8"><span class='ocrx_word' id='word_1_943' title='bbox 1831 5635 1852 5664; x_wconf 76' lang='grc'>³</span> <span class='ocrx_word' id='word_1_944' title='bbox 1885 5629 2022 5688; x_wconf 82' lang='lat' dir='ltr'><strong>Editi,</strong></span> <span class='ocrx_word' id='word_1_945' title='bbox 2045 5620 2155 5678; x_wconf 78' lang='lat' dir='ltr'><strong>cum</strong></span> <span class='ocrx_word' id='word_1_946' title='bbox 2179 5620 2382 5677; x_wconf 67' lang='lat' dir='ltr'><strong>Judteis.</strong></span> <span class='ocrx_word' id='word_1_947' title='bbox 2406 5625 2655 5688; x_wconf 77' lang='lat' dir='ltr'><strong>Particulo,</strong></span> <span class='ocrx_word' id='word_1_948' title='bbox 2675 5639 2800 5687; x_wconf 87' lang='lat' dir='ltr'><strong>cum,</strong></span> <span class='ocrx_word' id='word_1_949' title='bbox 2838 5627 2915 5675; x_wconf 90' lang='lat' dir='ltr'><strong>hic</strong></span> <span class='ocrx_word' id='word_1_950' title='bbox 2939 5621 3132 5688; x_wconf 87' lang='lat' dir='ltr'><strong>et_mfra</strong></span> <span class='ocrx_word' id='word_1_951' title='bbox 3150 5657 3166 5685; x_wconf 92' lang='lat'><strong>,</strong></span> <span class='ocrx_word' id='word_1_952' title='bbox 3203 5636 3254 5672; x_wconf 93' lang='lat' dir='ltr'><strong>n.</strong></span> <span class='ocrx_word' id='word_1_953' title='bbox 3282 5620 3358 5682; x_wconf 73' lang='lat'><strong>18,</strong></span> 
     </span>
    </p>
   </div>
   <div class='ocr_carea' id='block_1_120' title="bbox 1769 5685 3173 5754">
    <p class='ocr_par' dir='ltr' id='par_1_120' title="bbox 1769 5685 3173 5754">
     <span class='ocr_line' id='line_1_121' title="bbox 1769 5685 3173 5754; baseline -0.01 -5"><span class='ocrx_word' id='word_1_954' title='bbox 1769 5698 1913 5749; x_wconf 78' lang='lat' dir='ltr'><strong>abest</strong></span> <span class='ocrx_word' id='word_1_955' title='bbox 1932 5706 1962 5744; x_wconf 87' lang='lat' dir='ltr'><strong>a</strong></span> <span class='ocrx_word' id='word_1_956' title='bbox 1992 5685 2332 5754; x_wconf 82' lang='lat' dir='ltr'><strong>manuscriptis</strong></span> <span class='ocrx_word' id='word_1_957' title='bbox 2352 5696 2403 5741; x_wconf 89' lang='lat' dir='ltr'><strong>et</strong></span> <span class='ocrx_word' id='word_1_958' title='bbox 2425 5703 2454 5740; x_wconf 89' lang='lat' dir='ltr'><strong>a</strong></span> <span class='ocrx_word' id='word_1_959' title='bbox 2474 5685 2796 5754; x_wconf 39' lang='lat' dir='ltr'><strong>graevi’textu&#39;</strong></span> <span class='ocrx_word' id='word_1_960' title='bbox 2821 5685 3048 5752; x_wconf 76' lang='lat' dir='ltr'><strong>Apostob’.</strong></span> <span class='ocrx_word' id='word_1_961' title='bbox 3168 5709 3173 5716; x_wconf 84' lang='lat'><strong>~</strong></span> 
     </span>
    </p>
   </div>
  </div>
