3792 6146
462 159 569 220 455

460 285 566 346 est,
584 271 1287 349 contentiosorum_maxime
1307 273 1700 345 impiorumque
1720 272 2052 329 Graecorum.

462 371 541 431 Ibi
570 373 712 429 enim
739 368 1127 442 loquacissimae
1165 367 1604 438 philosophorum
1633 367 1871 425 haereses
1895 366 2059 423 exsti-

463 474 669 531 terunt,
697 478 919 535 quarum
950 460 1220 517 nonnullae
1240 501 1255 528 ,
1283 460 1421 516 sicut
1448 459 1550 530 ipsi
1579 461 1669 532 qui
1705 460 1791 517 hic
1819 474 2057 517 comme-

462 558 655 616 morati
675 566 799 613 sunt
816 555 999 621 Stoici,
1022 553 1191 625 magis
1210 552 1279 610 de
1297 554 1582 610 verborum
1604 569 1764 626 quam
1786 554 1854 611 de
1877 568 2057 610 rerum

462 650 780 708 adversitate
802 648 817 679 ¹
845 646 1172 717 conﬂigunt:
1196 644 1337 717 quod
1365 646 1655 718 Apostolus
1682 646 1951 718 prohibuit
1971 646 2061 701 Ti-

460 741 731 801 motheum
752 781 766 805 ,
795 737 981 794 dicens
1009 737 1076 793 ad
1103 737 1235 793 nihil
1261 752 1382 795 esse
1408 738 1538 795 utile
1557 780 1570 804 ,
1600 738 1702 793 nisi
1731 737 1797 793 ad
1828 737 2059 792 subver-

457 840 663 892 sionem
691 832 1021 889 audientium
1048 831 1130 903 (ll
1167 830 1304 886 Tim.
1342 848 1410 898 tt,
1444 832 1566 904 14).
1596 830 1728 886 Nam
1755 830 1823 886 de
1853 829 1968 897 his,
2002 836 2060 883 ut

456 929 621 995 nosti,
646 926 851 982 Tullius
870 927 984 981 ait:
1024 924 1166 979 Verbi
1193 925 1325 979 enim
1351 926 1686 979 controversia
1705 924 1819 993 jam
1844 923 1931 976 diu
1958 932 2061 975 tor-

456 1027 572 1091 quet
610 1019 837 1073 homines
877 1015 1169 1083 (ἐναταίοις,
1215 1017 1544 1071 contentionis
1586 1016 1872 1088 cupidiores
1907 1030 2059 1085 quam

456 1112 681 1169 veritatis
708 1110 844 1185 (Lib.
868 1111 895 1165 1
923 1110 985 1165 de
1012 1109 1244 1175 Oratore,
1271 1126 1385 1179 cap.
1414 1110 1499 1175 11,
1529 1126 1582 1162 n.
1606 1106 1720 1180 48).
1746 1106 1856 1163 Hos
1883 1114 2059 1163 tamen

458 1205 660 1264 Paulus
692 1213 877 1262 noster
915 1202 1263 1274 alloquendos
1298 1201 1749 1275 corrigendosque
1778 1202 2014 1273 suscepit
2042 1219 2054 1255 :

460 1312 562 1355 nec
593 1297 760 1369 ipsius
790 1296 893 1352 loci
923 1294 1139 1350 nomine
1167 1295 1452 1350 exterritus
1474 1335 1487 1361 ,
1517 1294 1658 1365 quod
1685 1310 1761 1350 ex.
1777 1294 1944 1351 Marte
1973 1295 2059 1349 in-

459 1389 631 1446 ditum
657 1395 902 1453 resonat,
934 1401 1094 1458 quem
1120 1385 1278 1442 deum
1307 1385 1492 1443 dicunt
1519 1401 1639 1442 esse
1666 1386 1957 1454 bellorum,
1988 1387 2059 1444 ibi

459 1480 683 1553 pacifica
709 1478 991 1536 credituris
1016 1476 1316 1549 intrepidus
1346 1478 1682 1550 loquebatur,
1710 1480 1783 1535 ibi
1813 1479 2061 1550 spiritua-

459 1574 602 1633 libus
620 1573 885 1631 accinctus
908 1571 1071 1627 armis
1094 1571 1423 1642 perniciosos
1445 1572 1782 1643 expugnabat
1807 1589 2056 1642 errores;

460 1682 563 1725 nec
588 1664 951 1720 contentiosos
976 1672 1226 1734 tanquam
1257 1664 1591 1733 mitissimus,
1625 1679 1725 1721 nec
1751 1664 2060 1722 dialecticos

460 1771 710 1830 tanquam
737 1757 1166 1827 simplicissimus
1196 1756 1536 1813 formidabat.

527 1850 753 1909 CAPUT
776 1849 915 1905 XIII.
938 1880 1007 1890 —
1029 1849 1117 1906 16.
1144 1849 1296 1906 Nosti
1318 1850 1459 1907 enim
1482 1866 1641 1922 quam
1666 1852 1897 1908 maxime
1918 1850 2060 1924 apud

456 1943 669 2002 Stoicos
709 1941 939 2014 viguisse
967 1941 1304 1998 dialecticam
1338 1960 1352 1997 :
1380 1945 1626 2014 quamvis
1652 1952 1708 2000 et
1736 1944 1837 2015 ipsi
1861 1944 2059 2015 Epicu-

456 2036 572 2111 rei,
601 2049 737 2107 quos
770 2034 1033 2106 imperitia
1072 2033 1373 2091 liberalium
1401 2035 1803 2106 disciplinarum
1834 2051 1939 2092 non
1968 2050 2059 2092 so-

456 2132 568 2189 lum
597 2142 707 2185 non
740 2126 1006 2201 pudebat,
1032 2142 1219 2183 verum
1248 2128 1411 2184 etiam
1436 2126 1771 2196 delectabat,
1800 2127 2060 2199 quasdam

456 2222 762 2295 disputandi
793 2223 1001 2295 regulas
1026 2222 1220 2294 quibus
1244 2222 1471 2294 quisque
1500 2236 1632 2279 usus
1658 2223 1879 2278 minime
1907 2222 2061 2279 falle-

455 2326 639 2383 retur,
671 2332 730 2372 se
762 2315 938 2387 potius
968 2324 1023 2371 et
1060 2322 1245 2371 tenere
1281 2324 1336 2371 et
1370 2314 1567 2372 docere
1601 2315 1893 2386 iactabant.
1920 2314 2061 2383 Quid

459 2418 544 2465 est
581 2408 723 2464 enim
760 2407 902 2463 aliud
941 2406 1251 2475 dialectica,
1290 2421 1448 2478 quam
1488 2408 1678 2479 peritia
1716 2407 2061 2480 disputandi?

460 2500 615 2569 Quod
640 2500 762 2557 ideo
788 2499 1132 2572 aperiendum
1158 2500 1365 2571 putavi,
1396 2501 1518 2573 quia
1544 2501 1706 2557 etiam
1731 2502 1902 2572 ipsam
1927 2500 2059 2558 mihi

458 2597 695 2668 obiicere
723 2594 959 2659 voluisti,
990 2594 1142 2665 quasi
1169 2593 1475 2650 christiana:
1501 2609 1608 2649 non
1636 2602 1896 2665 congruat
1919 2594 2059 2651 veri-

457 2689 575 2755 tati,
604 2697 661 2745 et
689 2687 809 2743 ideo
837 2701 924 2743 me
949 2686 1197 2743 doctores
1223 2687 1391 2743 vestri
1416 2686 1563 2743 velut
1586 2686 1858 2743 hominem
1887 2686 2060 2743 diale-

458 2780 653 2836 cticum
692 2779 885 2835 merito
919 2776 1227 2850 fugiendum
1257 2778 1433 2849 potius
1460 2786 1513 2834 et
1542 2777 1869 2845 cavendum,
1900 2794 2059 2850 quam

456 2872 807 2930 refellendum
848 2871 1339 2943 revincendumque
1377 2872 1703 2928 censuerint.
1743 2871 1898 2939 Quod
1936 2887 2058 2928 cum

458 2964 557 3021 tibi
577 2978 683 3019 non
708 2962 1100 3035 persuaserint;
1127 2977 1251 3018 nam
1274 2971 1326 3018 te
1345 2961 1603 3018 adversus
1628 2976 1726 3019 nos
1747 2963 1907 3019 etiam
1929 2964 2061 3019 scri-

459 3055 638 3114 bendo
659 3055 932 3127 disputare
958 3070 1066 3111 non
1097 3055 1291 3127 piguit;
1326 3062 1381 3110 tu
1411 3061 1590 3110 tamen
1618 3056 1672 3111 in
1700 3070 1787 3111 me
1811 3055 2057 3112 dialecti-

457 3165 579 3206 cam
617 3149 931 3205 criminatus
966 3163 1058 3217 es,
1100 3163 1205 3219 quo
1241 3147 1457 3205 falleres
1493 3148 1804 3221 imperitos,
1835 3150 2060 3222 illosque

456 3240 707 3298 laudares
734 3242 825 3313 qui
858 3239 1179 3312 disputando
1217 3255 1425 3297 mecum
1460 3241 1714 3314 congredi
1756 3243 2056 3299 noluerant.

456 3331 563 3391 Sed
590 3340 646 3388 tu
672 3332 918 3389 videlicet
940 3346 1047 3388 non
1072 3331 1347 3389 dialectica
1377 3334 1560 3401 uteris,
1593 3348 1715 3390 cum
1745 3344 1932 3391 contra
1958 3348 2060 3390 nos

457 3424 684 3482 scribis?
716 3423 913 3497 thuid
942 3433 994 3481 te
1021 3440 1149 3497 ergo
1179 3425 1232 3481 in
1263 3433 1467 3482 tantum
1502 3426 1811 3498 disputandi
1852 3427 2061 3499 perieu-

460 3517 572 3574 lum
595 3516 866 3589 proiecisti
886 3558 901 3586 ,
928 3532 1049 3572 cum
1073 3516 1345 3589 disputare
1365 3533 1470 3574 non
1493 3519 1743 3575 noveris?
1766 3519 1873 3575 Aut
1895 3519 1942 3575 si
1965 3533 2062 3576 no-

456 3611 549 3679 sti,
579 3625 676 3666 cur
700 3609 1009 3666 dialecticus
1037 3609 1370 3667 dialecticam
1400 3612 1730 3679 criminaris;
1768 3613 1841 3668 ita
1871 3613 1954 3669 vel
1982 3622 2060 3670 te-

459 3705 744 3772 merarius,
768 3704 849 3760 vel
874 3704 1132 3775 ingratus,
1156 3714 1215 3759 ut
1238 3714 1332 3760 aut
1356 3706 1675 3777 imperitiam
1699 3722 1803 3778 qua
1830 3708 2059 3764 vinceris

460 3812 570 3855 non
592 3796 869 3864 refrtenes,
898 3804 988 3851 aut
1010 3795 1305 3852 doctrinam
1332 3813 1437 3867 qua
1462 3797 1664 3868 juvaris
1690 3798 1947 3855 accuses?
1973 3798 2059 3855 ln-

458 3890 631 3963 spicio
654 3903 955 3945 sermonem
982 3898 1150 3955 tuum,
1172 3889 1332 3945 istum
1354 3892 1525 3960 ipsum
1547 3904 1705 3961 quem
1727 3889 1794 3946 ad
1813 3906 1901 3947 me
1922 3891 2057 3948 scri-

460 3984 648 4056 psisti;
675 3982 832 4038 video
858 3991 908 4039 te
934 3982 1180 4054 quaedam
1207 3984 1424 4054 copiose
1449 3991 1741 4054 ornateque
1768 3984 2054 4056 explicare,

461 4077 564 4135 hoc
584 4086 687 4146 est,
709 4076 1050 4150 eloquenter;
1074 4077 1315 4149 quredam
1334 4093 1462 4135 vero
1482 4076 1749 4134 subtiliter
1766 4088 2057 4153 arguteque

460 4171 727 4229 disserere
746 4213 762 4240 ,
790 4170 893 4227 hoc
919 4178 1039 4240 est,
1068 4170 1347 4230 dialectice
1378 4190 1391 4227 :
1417 4180 1473 4228 et
1495 4179 1673 4228 tamen
1699 4171 2055 4244 eloquentiam

460 4263 899 4335 dialecticamque
926 4262 1295 4335 reprehendis.
1324 4263 1381 4321 Si
1408 4263 1567 4320 noxia
1592 4272 1736 4332 sunt,
1766 4281 1928 4336 quare
1953 4266 2056 4322 hoc

458 4357 631 4415 facis?
655 4357 700 4413 si
723 4373 830 4413 non
856 4366 1001 4427 sunt,
1024 4373 1120 4414 cur
1139 4358 1359 4429 arguis?
1382 4357 1487 4415 Sed
1510 4375 1579 4415 ne
1599 4360 1761 4415 etiam
1785 4374 1884 4416 nos
1906 4358 2055 4415 verbi

459 4453 826 4510 controversia
856 4461 1132 4524 torqueat;
1165 4467 1287 4508 cum
1316 4467 1405 4508 res
1432 4454 1545 4523 ipsa
1575 4453 1922 4525 intelligatur,
1950 4453 2055 4508 mi-

458 4562 562 4603 nus
591 4545 939 4602 laborandum
968 4553 1050 4600 est
1075 4544 1203 4617 quid
1229 4544 1536 4601 hominibus
1568 4560 1687 4602 eam
1713 4560 1907 4602 vocare
1937 4544 2053 4617 pla-

459 4639 648 4697 cuerit.
681 4638 913 4695 Proinde
950 4638 997 4695 si
1030 4638 1288 4709 eloquens
1322 4638 1413 4695 ille
1445 4639 1793 4710 appellandus
1819 4648 1934 4707 est,
1963 4640 2054 4712 qui

458 4747 564 4789 non
588 4731 761 4787 solum
783 4730 999 4802 copiose
1017 4739 1073 4786 et
1092 4738 1299 4799 ornate,
1322 4730 1417 4786 sed
1438 4731 1596 4786 etiam
1614 4733 1876 4789 veraciter
1894 4733 2050 4802 dicit;

458 4826 693 4896 itemque
713 4825 758 4881 si
780 4823 1089 4880 dialecticus
1113 4823 1201 4879 ille
1223 4822 1573 4893 appellandus
1592 4831 1692 4891 est,
1718 4825 1807 4896 qui
1832 4840 1939 4881 non
1962 4840 2053 4882 so-

456 4917 565 4973 lum
595 4917 877 4988 subtiliter,
909 4914 1007 4973 sed
1041 4914 1303 4971 veraciter
1335 4914 1495 4971 etiam
1530 4914 1743 4971 disserit
1772 4934 1785 4973 :
1819 4932 1918 4974 nec
1942 4917 2053 4974 elo-

457 5027 627 5082 quens
649 5026 708 5067 es
728 5053 742 5079 ,
775 5027 873 5067 nec
898 5010 1245 5077 dialecticus;
1274 5024 1379 5065 non
1406 5010 1528 5080 quia
1553 5008 1736 5081 jejuna
1766 5019 1820 5066 et
1847 5009 2052 5066 inordi-

456 5112 580 5158 nata
614 5111 696 5159 est
723 5101 884 5158 dictio
910 5111 1018 5169 tua,
1051 5117 1151 5159 nec
1176 5102 1298 5173 quia
1324 5100 1512 5157 obtusa
1538 5110 1594 5158 et
1619 5116 1800 5158 crassa
1829 5113 1912 5159 est
1937 5103 2052 5160 dis-

456 5197 659 5268 putatio
711 5204 839 5263 tua;
871 5194 966 5250 sed
991 5195 1112 5267 quia
1140 5196 1253 5266 ipsa
1283 5194 1528 5253 facundia
1555 5204 1713 5267 atque
1741 5195 1959 5252 solertia
1985 5198 2053 5255 ad

454 5292 825 5350 defensionem
851 5291 1086 5347 abuteris
1118 5290 1388 5346 falsitatis.
1421 5289 1476 5346 Si
1504 5300 1685 5347 autem
1724 5306 1830 5347 non
1862 5292 1912 5347 in
1940 5293 2055 5349 sola

455 5388 702 5452 veritate,
731 5383 827 5439 sed
851 5384 1012 5440 etiam
1037 5400 1158 5440 cum
1182 5386 1320 5441 mala
1346 5400 1503 5442 causa
1527 5385 1806 5442 disseritur
1828 5388 1914 5443 vel
1939 5404 2057 5445 ner-

453 5497 583 5539 vose
612 5479 806 5552 agitur,
837 5486 981 5536 recte
1008 5488 1185 5551 potest
1212 5480 1517 5552 eloquentia
1543 5481 1627 5537 vel
1654 5480 1930 5540 dialectica
1955 5499 2056 5541 no-

454 5574 647 5635 minari
674 5592 687 5630 :
710 5582 764 5630 et
783 5572 1041 5645 eloquens
1062 5587 1142 5637 es,
1166 5581 1221 5629 et
1241 5572 1579 5645 dialecticus;
1603 5576 1725 5650 quia
1750 5584 1806 5637 et
1831 5576 2056 5643 facunde

518 5689 537 5725 ⁸
570 5685 879 5742 Michaelinus
899 5693 1003 5754 Ms,
1021 5684 1311 5741 diversitate.

1224 154 1512 215 CONTRA
1550 151 1988 215 CRESCONIUM
2020 150 2481 226 DONATISTAM,
2525 154 2585 214 S.
2625 154 2999 219 AUGUSTINI
3657 167 3742 232 ω

2168 269 2302 327 dicis
2327 286 2483 341 vana,
2509 282 2566 329 et
2587 283 2741 331 acute
2766 275 3006 348 disputas
3029 275 3183 335 falsa.
3209 276 3317 337 Sed
3340 280 3408 340 de
3436 287 3497 340 te
3525 276 3717 343 videro.

2238 364 2465 421 CAPUT
2492 365 2633 422 XIV.
2650 369 2830 425 -17,
2862 368 3025 427 Stoici
3054 380 3203 429 certe
3227 372 3462 431 maxime
3504 374 3743 437 dialectid

2169 456 2383 514 fuerunt
2405 477 2418 517 :
2443 474 2539 516 cur
2561 462 2833 532 apostolus
2853 462 3048 521 Paulus
3072 480 3141 522 ne
3160 466 3470 525 conferrent
3491 484 3616 526 cum
3636 471 3741 541 illo,

2168 564 2275 606 non
2313 566 2409 607 eos
2452 553 2759 611 cautissime
2796 554 3081 626 devitavit;
3127 567 3183 615 et
3222 570 3429 618 vestros
3478 562 3742 637 episcOpos

2168 644 2350 702 laudas
2374 688 2389 715 ,
2422 646 2564 718 quod
2594 648 2874 705 nobiscum
2899 650 3048 707 velut
3084 667 3208 708 eum
3251 652 3555 712 dialecticis
3597 658 3743 713 nolint

2168 735 2367 793 habere
2392 740 2739 795 sermonem?
2767 741 2876 797 Aut
2903 742 2950 797 si
2977 751 3032 799 et
3058 742 3255 800 Paulus
3284 744 3606 804 dialecticus
3630 735 3761 813 αιιῇ

2166 837 2222 883 et
2262 826 2384 884 ideo
2424 828 2673 886 conferre
2713 846 2833 887 cum
2860 832 3057 890 Stoicis
3085 849 3192 890 non
3220 834 3441 892 timebat
3463 880 3480 901 ,
3509 839 3632 910 quia

2166 919 2341 976 solum
2370 929 2526 978 acute
2556 921 2865 993 disputabat
2886 924 3028 981 sicut
3048 938 3104 982 et
3132 926 3229 994 illi,
3256 927 3351 983 sed
3371 929 3542 984 etiam
3568 935 3744 987 veraci-

2167 1020 2268 1079 ter,
2299 1013 2442 1085 quod
2468 1029 2574 1071 non
2600 1015 2708 1083 illi;
2735 1015 2846 1087 jam
2873 1031 3005 1075 cave
3030 1019 3280 1091 cuiquam
3308 1020 3646 1079 dialecticam
3666 1041 3744 1094 pro

2166 1106 2391 1163 crimine
2419 1106 2701 1178 objeceris,
2730 1125 2835 1181 qua
2860 1125 2987 1169 usos
3012 1113 3300 1184 Apostolos
3327 1116 3626 1173 confiteris.
3656 1118 3744 1174 Ne-

2167 1213 2270 1269 que
2313 1199 2493 1267 enim,
2523 1215 2645 1256 cum
2678 1201 2780 1258 hoc
2823 1202 2955 1259 mihi
2985 1204 3208 1277 objicis,
3242 1207 3516 1279 imperitia
3563 1218 3616 1266 te
3654 1210 3743 1266 falli

2167 1302 2330 1364 puto‘;
2364 1294 2461 1350 sed
2487 1293 2676 1352 fallere
2704 1298 2919 1353 astutia.
2957 1298 3162 1356 Nomen
3201 1301 3399 1374 quippe
3421 1319 3657 1375 gracmn
3680 1317 3745 1362 est

2167 1384 2467 1457 dialectica,
2495 1403 2616 1460 qua:
2632 1388 2679 1444 si
2706 1405 2832 1448 usus
2857 1391 3186 1461 admitteret,
3215 1394 3445 1453 fortasse
3468 1396 3634 1454 latine
3654 1394 3761 1461 disg

2165 1480 2431 1549 putatoria
2480 1490 2795 1548 vocaretur;
2827 1482 2966 1539 sicut
2985 1488 3388 1556 grammaticam
3409 1487 3741 1545 litteraturam
3760 1500 3761 1521 ξ

2166 1571 2364 1639 latine,
2419 1573 2612 1644 linguae
2661 1575 2939 1646 utriusque
2989 1575 3289 1634 doctissimi
3338 1579 3761 1667 appellaveruan

2165 1662 2313 1719 Sicut
2332 1664 2473 1720 enim
2496 1680 2527 1721 a
2553 1666 2744 1723 litteris
2764 1666 3106 1725 denominata
3131 1680 3217 1728 est
3240 1674 3613 1745 grammatica,
3636 1662 3761 1745 quosi

2167 1753 2311 1809 niam
2338 1771 2513 1827 grmce
2536 1765 2802 1829 γράμματα
2823 1758 3016 1817 littera:
3044 1762 3334 1820 dicuntur:
3357 1766 3439 1822 sic
3473 1781 3507 1822 a
3532 1765 3742 1838 disputa-

2165 1850 2311 1905 tione
2347 1849 2624 1907 dialectica
2670 1869 2866 1911 nomen
2905 1858 3145 1929 accepit;
3182 1860 3435 1931 quoniam
3478 1852 3761 1935 disputatioi

2165 1955 2340 2012 graece
2385 1945 2582 2011 διαλογὴ
2631 1945 2716 2001 vel
2763 1950 2968 2015 διάλεξις
3012 1950 3331 2022 appellatur.
3378 1952 3539 2011 Sicut
3588 1966 3761 2011 autem1

2164 2035 2543 2102 grammaticus
2569 2051 2599 2092 a
2620 2038 2891 2095 veteribus
2921 2040 3083 2098 latine
3103 2042 3275 2119 dictus
3303 2053 3386 2102 cst
3417 2046 3709 2105 litterstus‘
3729 2066 3738 2099 τ
3760 2108 3761 2111 η

2165 2123 2237 2180 ita
2266 2140 2443 2197 graece
2466 2127 2779 2186 dialecticus
2799 2173 2814 2198 ,
2848 2132 3019 2189 multo
3045 2134 3290 2193 usitatius
3333 2145 3389 2193 et
3433 2138 3761 2209 tolerabilius

2166 2217 2330 2274 latine
2373 2218 2569 2277 dicitur
2609 2221 2929 2294 disputator.
2965 2225 3100 2283 Puto
3136 2227 3247 2299 jam
3275 2230 3419 2301 quod
3450 2212 3761 2303 Apostolumi

2165 2309 2550 2381 disputatorem
2580 2329 2687 2371 non
2724 2330 2918 2389 neges,
2947 2320 3157 2377 etiamsi
3199 2321 3542 2381 dialecticum
3582 2324 3761 2397 neges}

2167 2401 2473 2474 lmprobare
2510 2422 2639 2478 ergo
2684 2408 2739 2463 in
2779 2409 3041 2468 vocabulo
3066 2427 3263 2485 graeco,
3296 2415 3442 2487 quod
3468 2408 3761 2489 approbarei

2165 2499 2375 2570 cogeris
2403 2498 2456 2555 in
2500 2500 2665 2557 latino
2684 2543 2698 2567 ,
2729 2504 2857 2575 quid
2885 2514 2968 2562 est
2993 2506 3137 2563 aliud
3168 2524 3327 2580 quam
3356 2509 3594 2567 indoctis
3623 2527 3761 2583 praet

2165 2598 2375 2647 tentare
2416 2591 2677 2649 fallaciam
2704 2637 2719 2665 ,
2763 2595 2935 2653 doctis
2975 2597 3153 2657 facere
3182 2600 3475 2672 injuriam?
3505 2604 3611 2659 Aut
3635 2603 3674 2659 si
3698 2612 3761 2663 et

2164 2682 2550 2755 disputatorem
2572 2687 2887 2758 Apostolum
2913 2706 3097 2763 negas,
3126 2694 3216 2765 qui
3244 2702 3351 2749 tam
3374 2695 3624 2763 assidue,
3652 2704 3761 2751 tatu

2166 2775 2381 2846 egregie
2409 2774 2751 2848 disputabat;
2780 2795 2879 2837 nec
2902 2796 3081 2854 graece
3107 2785 3268 2855 nosti,
3301 2801 3402 2842 nec
3431 2787 3629 2853 latine;
3654 2787 3733 2851 vel,
3760 2784 3761 2853 ι

2163 2866 2307 2938 quod
2335 2876 2417 2925 est
2441 2869 2782 2939 credibilius,
2811 2882 2867 2929 et
2895 2875 2947 2931 in
2976 2876 3145 2933 verbo
3186 2893 3361 2949 graeco
3388 2879 3532 2936 fallis
3556 2894 3646 2937 eos
3668 2880 3735 2950 qui

2162 2974 2337 3030 graece
2362 2961 2628 3030 nesciunt,
2650 2972 2704 3019 et
2724 2964 2776 3019 in
2798 2964 2965 3024 latino
2984 2969 3074 3039 qui
3097 2984 3197 3026 nec
3220 2970 3384 3027 latine
3402 2972 3602 3029 sciunt.
3624 2969 3734 3039 Quid
3760 2972 3761 3037 ι

2164 3052 2307 3107 enim
2324 3060 2428 3119 est,
2451 3066 2557 3108 non
2579 3053 2701 3110 dico
2726 3055 3057 3126 imperitius;
3082 3076 3256 3134 neque
3275 3063 3417 3119 enim
3445 3071 3506 3120 tu
3532 3064 3629 3120 ista
3652 3074 3734 3117 non

2164 3146 2338 3215 nosti;
2363 3146 2459 3203 sed
2488 3149 2710 3204 omnino
2742 3148 2984 3208 fallacius
3003 3193 3018 3217 ,
3049 3166 3207 3222 quam
3237 3167 3361 3210 cum
3386 3158 3579 3214 audias
3599 3164 3647 3212 et
3673 3155 3733 3210 le-
3760 3146 3761 3217 ι

2161 3252 2257 3309 gas
2300 3247 2408 3294 tam
2464 3240 2662 3295 multos
2708 3241 3139 3315 multiplicesque
3190 3259 3472 3305 sermones
3522 3246 3734 3319 Apostoli

2163 3339 2464 3388 asserentes
2489 3333 2795 3404 veritatem,
2817 3334 3195 3392 convincentes
3223 3336 3539 3405 falsitatem,
3566 3352 3731 3410 negare

2164 3423 2305 3494 quod
2331 3423 2505 3481 soleat
2528 3424 2801 3497 disputare
2818 3469 2833 3496 ,
2861 3441 2984 3485 cum
3012 3427 3115 3485 hoc
3145 3430 3259 3486 fieri
3290 3431 3395 3488 nisi
3436 3429 3731 3505 disputando

2163 3529 2269 3570 non
2297 3515 2502 3587 possit?

2235 3608 2326 3665 18.
2357 3608 2511 3679 Quod
2539 3610 2583 3667 si
2604 3610 2706 3667 hoc
2736 3611 2807 3667 ab
2833 3611 2926 3669 illo
2950 3611 3242 3669 factitatum
3272 3615 3459 3672 fateris
3484 3659 3501 3683 ,
3531 3616 3645 3688 quia
3669 3613 3727 3668 fa-
3760 3640 3761 3691 ς

2163 3704 2267 3760 teri
2296 3704 2413 3776 ejus
2442 3704 2659 3762 Litteris
2688 3708 2897 3778 cogeris
2915 3747 2931 3773 ,
2964 3722 3074 3763 non
3102 3716 3281 3765 tamen
3308 3708 3408 3765 bas
3436 3706 3725 3782 disputatio-

2162 3813 2295 3866 nes,
2345 3797 2440 3853 sed
2485 3813 2765 3856 sermones
2810 3799 2895 3855 vel
2938 3800 3191 3871 epistolas
3242 3801 3591 3873 appellandas
3631 3812 3728 3856 esse

2162 3890 2475 3960 contendis;
2517 3891 2645 3965 quid
2674 3908 2775 3965 ego
2799 3900 2977 3950 tecum
3013 3894 3093 3951 sic
3130 3895 3327 3953 diutius
3351 3913 3510 3971 agam
3528 3942 3544 3969 ,
3570 3906 3626 3955 ut
3654 3895 3725 3967 qui

2162 3982 2278 4040 hsce
2298 3984 2563 4055 ignorant,
2585 4000 2744 4057 quem
2770 3986 2957 4042 volunt
2984 3995 3226 4044 nostrum
3251 3991 3571 4062 approbent,
3592 4002 3724 4062 quem

2159 4074 2346 4131 volunt
2368 4075 2703 4146 improbent?
2723 4075 2791 4134 de
2811 4076 2942 4148 ipsis
2958 4076 3155 4135 divinis
3179 4078 3416 4148 Litteris,
3446 4082 3630 4154 quibus
3651 4092 3723 4133 ne-

2160 4182 2312 4226 cesse
2358 4176 2443 4226 est
2488 4169 2681 4240 cedas,
2729 4170 2831 4227 hoc
2871 4170 3073 4239 doceo;
3122 4172 3236 4245 ipsa
3288 4188 3512 4245 prorsus
3559 4173 3719 4236 verba,

2159 4262 2272 4333 ipsa
2302 4278 2481 4319 rerum
2510 4263 2765 4321 vocabula
2791 4263 3029 4336 profero.
3055 4264 3233 4321 Habes
3258 4265 3311 4321 in
3336 4264 3439 4323 hoc
3460 4268 3637 4324 eodem
3660 4273 3720 4320 te-

2159 4354 2442 4425 stimonio,
2483 4355 2626 4428 quod
2654 4355 2722 4413 de
2741 4355 2981 4413 'Actibus
3004 4357 3387 4429 Apostolorum
3417 4370 3719 4416 commemo-

2159 4449 2271 4505 ravi
2291 4492 2306 4519 ,
2350 4448 2419 4506 de
2463 4450 2580 4521 ipso
2618 4449 2783 4507 Paulo
2829 4450 2903 4507 ita
2949 4452 3181 4522 positum
3210 4470 3225 4506 :
3252 4450 3558 4525 Disputabat
3593 4451 3719 4524 igitur

2156 4540 2355 4597 Judeis
2380 4542 2437 4597 in
2464 4558 2744 4616 synagoga,
2776 4553 2825 4599 et
2846 4541 3088 4600 Gentibus
3106 4586 3122 4613 ,
3150 4552 3198 4600 et
3224 4545 3505 4602 colentibus
3529 4547 3581 4602 in
3607 4543 3715 4615 foro.

2158 4634 2334 4691 Habes
2362 4635 2469 4691 alio
2497 4635 2633 4705 loco,
2662 4638 2903 4708 quamvis
2928 4653 3051 4694 cum
3076 4638 3275 4711 populo
3297 4638 3588 4696 christiano
3607 4648 3713 4707 age-

2157 4736 2241 4783 ret
2280 4728 2615 4800 congregatis
2658 4728 2712 4784 in
2762 4730 2991 4787 ecclesia
3033 4729 3323 4802 fratribus,
3355 4732 3426 4788 ita
3453 4733 3715 4804 scriptum:

2160 4819 2355 4876 Sedens
2382 4837 2497 4876 vero
2521 4820 2729 4893 quidam
2754 4822 3044 4878 adolescens
3071 4825 3277 4880 nomine
3296 4823 3560 4897 Eutychus
3580 4825 3626 4879 in
3653 4827 3715 4895 {e-

2156 4921 2346 4981 nestra,
2389 4913 2633 4968 deductus
2678 4930 2854 4969 somno
2884 4916 3026 4987 gravi
3044 4957 3059 4984 ,
3092 4916 3384 4988 disputante
3405 4915 3570 4972 Paulo
3602 4915 3714 4986 (Art.

2157 5021 2227 5063 xx
2254 5049 2267 5074 ,
2299 5005 2395 5078 9).
2419 5005 2595 5062 Habes
2623 5007 2782 5062 etiam
2813 5007 2866 5061 in
2898 5007 3034 5063 libro
3063 5007 3399 5065 Psalmorum
3429 5026 3443 5064 :
3473 5008 3646 5066 Suavis
3669 5005 3716 5057 sit

2156 5102 2203 5155 ei
2228 5100 2503 5173 disputatio
2525 5117 2635 5156 mea
2660 5101 2740 5173 (a)
2767 5100 2786 5172 (
2810 5099 2956 5157 Psaf.
2978 5117 3089 5171 CIII,
3120 5104 3191 5161 54
3213 5103 3253 5175 ).
3294 5103 3471 5162 Habes
3511 5112 3561 5161 et
3601 5097 3711 5170 apud

2159 5195 2347 5252 Isaiam
2370 5196 2684 5269 prophetam
2708 5194 2929 5265 :Venite,
2957 5198 3269 5270 disputemus
3292 5199 3391 5271 (b),
3416 5199 3537 5253 dicit
3560 5191 3709 5250 Domi-

2159 5308 2255 5347 nus
2280 5290 2429 5363 (Isai.
2457 5307 2496 5358 I,
2524 5290 2612 5359 18,
2639 5307 2741 5347 sec.
2772 5289 2963 5363 LXX).
3000 5292 3067 5347 Et
3095 5291 3276 5348 multis
3305 5292 3421 5348 aliis
3446 5291 3710 5347 divinarum

2159 5384 2553 5456 Scripturarum
2578 5383 2709 5440 locis
2735 5384 2852 5457 lege
2876 5384 2965 5441 ubi
2996 5385 3265 5443 inveneris
3291 5384 3393 5444 hoc
3418 5385 3644 5451 verbum,
3668 5383 3710 5433 ei

2226 5569 2243 5637 ξ
2276 5573 2385 5637 Iov.
2408 5572 2462 5617 et
2484 5567 2681 5637 quidam
2696 5573 2808 5637 Its,
2830 5565 3079 5621 litterator.

2223 5630 2306 5763 ta
