3792 6136
1547 170 1822 194 “ﬁmo”

1207 201 1285 210 ag...

32 287 158 346 457

31 403 270 478 inspice
297 400 513 461 codices
540 407 746 473 graecos
773 395 830 452 in
856 390 1061 452 eisdem
1089 383 1416 446 testimoniis
1441 388 1659 440 sancta-

15 473 168 566 rum
198 496 632 567 Scripturarum,
666 497 722 545 et
749 485 956 543 videbis
980 481 1127 539 unde
1149 480 1222 536 sit
1247 475 1520 567 appellata
1541 473 1661 529 dia-

32 589 249 647 lectica
281 606 295 644 :
323 566 393 643 ne
418 583 562 657 quod
583 593 774 639 omnes
793 576 923 649 justi
951 574 1113 631 etiam
1138 585 1261 628 cum
1284 569 1398 625 Deo
1427 566 1660 631 faciunt,

26 683 253 753 quibus
283 679 485 735 dictum
513 682 597 731 est
615 715 632 741 ,
667 671 864 738 Venite,
886 667 1222 739 disputemus,
1247 661 1370 717 dicit
1390 659 1662 724 Dominus,

35 751 151 832 non
195 769 438 827 imiteris
475 763 705 839 sapienti
734 761 933 834 pietate
953 800 971 827 ,
1007 757 1105 816 scd
1134 755 1336 812 insulsa
1363 751 1665 810 temeritate

33 863 385 922 crimineris.

109 953 362 1012 CAPUT
392 949 513 1009 XV.
534 977 609 992 —-
627 948 715 1006 i9.
751 945 852 1016 Qui
871 943 1016 1002 enim
1042 941 1309 1013 disputat,
1333 951 1519 994 verum
1548 935 1663 992 dis-

34 1047 226 1106 cernit
258 1059 294 1100 a
323 1043 479 1100 falso.
503 1039 656 1112 Quod
677 1038 768 1111 qui
799 1051 905 1093 non
937 1041 1164 1107 possunt
1183 1072 1199 1098 ,
1226 1039 1283 1089 et
1335 1039 1512 1086 tamen
1543 1026 1663 1084 dia-

36 1140 232 1200 lectici
263 1137 440 1196 videri
480 1135 704 1202 volunt,
746 1147 844 1204 per
885 1129 1170 1187 insidiosas
1215 1124 1664 1196 interrogationes

35 1239 278 1304 captant
305 1231 643 1286 incautorum
671 1223 1035 1287 assensiones,
1058 1228 1118 1276 ut
1140 1234 1209 1276 ex
1230 1231 1417 1275 eorum
1438 1229 1664 1287 respon-

34 1321 305 1380 sionibus
329 1315 674 1381 concludant,
706 1313 849 1370 unde
882 1312 1004 1368 illos
1027 1310 1113 1367 vel
1141 1310 1194 1365 in
1220 1317 1405 1379 aperta
1431 1305 1666 1383 falsitate

35 1417 319 1487 deceptos
356 1411 603 1479 rideant,
649 1407 735 1465 vel
775 1407 1038 1464 occultam
1089 1403 1380 1460 falsitatem
1424 1400 1664 1472 deceptis

40 1506 462 1583 persuadeant,
495 1519 655 1577 quam
681 1501 1001 1574 plerumque
1027 1498 1187 1554 etiam
1226 1495 1328 1570 ipsi
1358 1494 1667 1551 existimant

38 1601 366 1658 veritatem.
395 1597 498 1667 Qui
527 1603 706 1652 autem
749 1606 910 1649 verus
948 1591 1252 1662 disputator
1291 1595 1404 1655 est,
1450 1585 1506 1642 id
1544 1593 1660 1652 est,

39 1691 304 1748 veritatis
326 1705 358 1745 a
385 1689 618 1746 falsitate
637 1686 924 1752 discretor,
957 1683 1136 1755 primo
1157 1679 1210 1737 id
1236 1678 1374 1753 apud
1399 1694 1461 1736 se
1487 1678 1665 1749 ipsum

43 1786 178 1858 agit,
208 1799 292 1840 ne
320 1797 430 1839 non
458 1788 609 1838 recte
635 1779 952 1836 discernens
978 1777 1093 1848 ipse
1121 1775 1362 1840 fallatur;
1392 1771 1532 1844 quod
1560 1771 1664 1829 nisi

43 1878 320 1935 divinitus
345 1873 560 1946 adjutus
587 1885 848 1944 peragere
876 1883 986 1926 non
1015 1874 1231 1939 potest:
1259 1864 1456 1922 deinde
1479 1906 1494 1933 ,
1539 1878 1665 1920 cum

47 1973 98 2028 id
125 1970 284 2044 quod
317 1967 458 2041 apud
500 1981 563 2024 se
599 1965 710 2038 egit
750 1963 817 2020 ad
859 1963 997 2020 alios
1023 1960 1298 2018 docendos
1325 1959 1547 2030 profert,
1577 1959 1665 2014 in-

47 2071 235 2120 tuetur
261 2059 521 2132 primitus
542 2056 669 2130 quid
693 2055 805 2128 jam
829 2053 964 2111 certi
995 2052 1264 2120 noverint,
1285 2058 1346 2108 ut
1371 2066 1438 2107 ex
1466 2049 1550 2106 his
1569 2063 1666 2106 eos

49 2156 294 2213 addth
322 2152 388 2208 ad
418 2167 482 2208 ea
510 2165 632 2223 qua:
660 2163 766 2205 non
809 2153 1071 2203 noverant
1110 2144 1196 2201 vel
1240 2143 1463 2200 credere
1505 2142 1664 2199 nole-

49 2249 202 2314 bant,
231 2245 534 2304 ostendens
559 2257 623 2300 ea
649 2239 1032 2312 consequentia
1055 2236 1140 2292 his
1162 2249 1285 2309 quae
1304 2234 1414 2306 jam
1441 2233 1667 2291 scientia

51 2340 134 2397 vel
167 2339 289 2396 lide
319 2335 660 2394 retinebant:
689 2341 748 2389 ut
773 2346 870 2404 per
896 2344 960 2387 ea
988 2343 1112 2386 vera
1141 2328 1210 2384 de
1236 2327 1429 2398 quibus
1455 2340 1515 2382 se
1539 2339 1666 2398 per-

49 2433 302 2504 spiciunt
323 2428 632 2487 consentire
649 2467 667 2496 ,
693 2431 952 2497 cogantur
978 2422 1081 2478 alia
1107 2436 1232 2479 vera
1270 2435 1390 2504 quae
1431 2433 1666 2491 negave-

54 2492 176 2584 rant
223 2523 568 2597 approbare;
618 2492 676 2577 et
718 2492 798 2575 sic
841 2531 1028 2574 verum
1073 2513 1222 2591 quod.
1261 2492 1455 2570 falsum
1506 2519 1668 2568 antea

53 2617 375 2688 putabatur,
405 2614 743 2670 discernatur
771 2625 803 2665 a
832 2609 1004 2675 falso,
1047 2621 1170 2664 cum
1217 2605 1488 2662 invenitur
1533 2617 1666 2661 con-

54 2717 387 2769 sentaneum
417 2705 496 2761 illi
529 2717 659 2760 vero
687 2701 831 2774 quod
852 2701 964 2770 jam
994 2707 1151 2755 antea
1179 2696 1462 2754 tenebatur
1483 2697 1522 2751 ¹.

123 2800 370 2859 CAPUT
407 2796 748 2854 XVl.—20.
783 2794 896 2850 Hoc
938 2792 1032 2848 ille
1073 2807 1233 2847 verus
1280 2791 1580 2861 disputator
1621 2790 1670 2846 si

58 2895 164 2952 late
188 2892 506 2963 diﬂ‘useque
545 2888 744 2953 faciat,
773 2886 1088 2957 eloquenter
1116 2882 1270 2950 facit,
1300 2881 1514 2952 alioque
1545 2889 1670 2937 tunc

66 2996 331 3047 censetur
355 2991 687 3056 augeturque
711 2977 993 3044 vocabulo,
1023 2983 1082 3032 ut
1105 2975 1278 3031 dictor
1306 2975 1484 3047 potius
1507 2987 1670 3044 quam

61 3081 372 3151 disputator
397 3083 656 3142 vocetur;
685 3072 824 3128 sicut
849 3070 1001 3126 illum
1036 3068 1214 3124 locum
1243 3065 1537 3138 Apostolus
1572 3079 1671 3120 co-

64 3175 212 3246 piose
231 3171 432 3228 dilatat
454 3175 618 3240 atque
637 3163 885 3223 dill'undit
912 3181 926 3218 :
951 3160 1020 3217 In
1040 3159 1290 3226 omnibus,
1314 3159 1502 3228 inquit,
1527 3174 1670 3214 com-

65 3266 368 3322 mendantes
423 3259 757 3330 nosmetipsos
808 3263 866 3310 ut
907 3255 1006 3310 Dei
1059 3253 1352 3319 ministros,
1403 3253 1456 3306 in
1509 3252 1672 3306 multa

71 3356 351 3426 patientia,
382 3354 436 3407 in
466 3347 899 3415 tribulationibus,
925 3347 977 3400 in
1006 3343 1255 3416 angustiis
1273 3385 1289 3412 ,
1321 3343 1374 3397 in
1405 3342 1590 3414 plagis,
1618 3342 1674 3396 in

66 3449 391 3512 carceribus,
425 3445 480 3500 in
502 3440 832 3500 seditionibus
853 3479 870 3506 ,
898 3441 952 3493 in
982 3436 1236 3492 laboribus
1254 3476 1270 3502 ,
1293 3435 1348 3488 in
1375 3433 1588 3506 vigiliis,
1618 3433 1675 3488 in

72 3541 304 3614 iejuniis,
335 3539 390 3592 in
421 3535 684 3600 castitate,
710 3533 764 3587 in
792 3529 1036 3597 scientia,
1067 3528 1120 3582 in
1152 3526 1531 3598 longanimitate
1549 3527 1592 3593 ',
1620 3525 1674 3579 in

76 3633 410 3706 benignitate,
435 3630 490 3684 in
511 3627 712 3700 Spiritu
740 3632 916 3680 sancto
932 3663 952 3688 ,.
969 3621 1024 3676 in
1051 3621 1296 3675 charitate
1315 3635 1418 3673 non
1439 3618 1590 3689 ﬁcta,
1619 3617 1675 3671 in

74 3727 218 3780 verba
236 3721 493 3788 veritatis,
522 3720 574 3773 in
603 3718 787 3772 uirtute
814 3714 933 3782 Dei,
963 3729 1052 3784 per
1073 3728 1217 3766 arma
1239 3711 1460 3781 justitite
1497 3709 1676 3764 dextra

74 3827 118 3872 et
144 3817 394 3881 sinistra;
439 3829 530 3884 per
576 3811 824 3882 gloriam,
867 3815 914 3862 et
952 3804 1348 3878 ignobilitatem;
1391 3818 1481 3874 per
1529 3801 1674 3872 infa-

78 3912 251 3978 miam,
279 3917 325 3964 et
350 3907 536 3961 bonam
566 3907 795 3976 famam;
820 3909 876 3954 ut
904 3899 1193 3953 seductores
1211 3937 1226 3963 ,
1254 3903 1302 3950 et
1341 3909 1541 3950 veraces
1564 3909 1584 3959 ;
1621 3899 1678 3945 ut

78 4005 161 4074 qui
189 4005 519 4077 ignorantur,
541 4006 587 4053 et
609 3995 997 4068 cognoscimur;
1023 3991 1169 4064 quasi
1194 3990 1481 4056 morientes,
1503 3996 1550 4042 et
1569 4001 1679 4040 ecce

82 4099 327 4161 vivimus;
359 4103 415 4148 ut
443 4091 667 4158 coerciti,
700 4097 746 4144 et
773 4104 875 4143 non
901 4085 1234 4156 morti/icati;
1259 4094 1313 4139 ut
1340 4084 1522 4149 tristes,
1549 4098 1681 4136 sem-

84 4208 168 4258 per
187 4199 358 4244 autent
389 4183 702 4257 gaudentes;
731 4181 860 4236 sicut
883 4178 1057 4251 egeni,
1086 4177 1273 4231 multos
1307 4183 1476 4229 autem
1501 4171 1678 4227 ditan-

87 4293 190 4350 tes;
245 4293 493 4352 tanquam
537 4275 668 4331 nihil
721 4275 958 4329 habentes
977 4312 993 4340 ,
1047 4279 1095 4325 et
1148 4270 1319 4324 omnia
1371 4265 1680 4338 possidentes

88 4376 152 4449 (ll
181 4375 282 4432 Cor
307 4389 383 4438 vt,
416 4371 588 4440 μω).
621 4367 758 4436 Quid
789 4365 932 4422 enim
963 4365 1066 4420 hoc
1092 4361 1216 4420 stilo
1237 4358 1530 4431 apostolico
1548 4357 1683 4414 ube-

90 4447 198 4523 rius
222 4474 280 4522 et
299 4462 564 4527 ornatius,
596 4459 650 4533 id
677 4467 760 4516 est
784 4454 1121 4527 eloquentius
1141 4495 1156 4519 ,
1197 4450 1355 4507 facile
1394 4449 1600 4506 invenis
1624 4447 1684 4502 '?

91 4559 142 4615 Si
177 4565 360 4614 autem
393 4570 576 4627 presse
604 4542 762 4623 atque
801 4549 1114 4616 constricto,
1148 4544 1318 4616 magis
1346 4557 1468 4599 eum
1499 4541 1687 4613 dispu-

95 4658 318 4706 tatorem
347 4661 507 4719 quam
536 4644 796 4700 dictarem
827 4640 1097 4713 appellare
1115 4641 1530 4702 consueverunt,
1554 4647 1686 4704 qua-

96 4743 214 4801 liter
235 4742 346 4815 agit
371 4739 512 4796 idem
540 4735 814 4809 apostolus
837 4734 904 4790 de
923 4730 1333 4789 circumcisione
1352 4736 1406 4783 et
1427 4725 1687 4799 praeputio

97 4836 263 4904 patris
283 4830 576 4896 Abraham,
602 4827 683 4885 vel
709 4824 1054 4882 distinctione
1078 4822 1210 4893 legis
1235 4828 1290 4877 et
1313 4819 1512 4892 gratiae.
1533 4815 1688 4886 Quod

101 4927 315 4999 quidam
361 4939 470 4980 non
514 4919 908 4992 intelligentes,
956 4919 1066 4971 imo
1111 4928 1243 4969 vero
1282 4911 1688 4976 calumniantes,

104 5016 364 5075 criminati
392 5022 518 5071 sunt
543 5027 667 5070 eum
688 5010 888 5076 dicere,
908 5005 1186 5062 Faciamus
1207 5003 1365 5070 mala,
1385 5012 1440 5057 ut
1463 5002 1694 5057 eveniant

107 5109 234 5164 bona
261 5106 443 5179 (Rom.
470 5120 552 5173 ιιι,
580 5103 660 5176 8).
690 5101 817 5158 Sive
845 5109 1022 5156 autem
1051 5099 1122 5154 sit
1150 5097 1342 5161 dictor,
1370 5109 1486 5151 srve
1512 5093 1694 5164 dispu-

106 5211 264 5269 tator,
293 5215 396 5258 nec
421 5198 585 5256 dictio
610 5210 727 5252 sine
756 5193 1117 5265 disputatione
1138 5199 1241 5250 est.
1273 5204 1395 5245 cum
1418 5195 1472 5242 et
1501 5187 1552 5241 in
1581 5187 1694 5256 ipsa

111 5294 425 5369 eloquentiae
451 5289 733 5348 latitudine
763 5287 962 5343 veritas
1001 5300 1032 5341 a
1071 5282 1301 5340 falsitate
1341 5280 1692 5344 discernitur;

1459 259 1667 320 LIBER
1705 258 1983 322 PRIMUS.

1772 393 1874 437 nec
1899 380 2193 453 disputatio
2223 389 2398 456 potest
2421 393 2541 440 esse
2569 382 2686 441 sine
2709 382 2945 442 dictione
2965 425 2979 452 ,
3009 383 3224 458 quando
3251 388 3362 445 uti-

1770 486 1878 543 que
1907 473 2085 529 verbis
2111 482 2166 532 et
2193 473 2375 547 lingua
2401 476 2518 546 ipsa
2544 477 2856 533 constrictio
2888 479 3154 535 sermonis
3179 481 3364 551 expri-

1772 563 1978 619 mitur:
2011 565 2124 621 sive
2153 565 2246 620 illo
2273 573 2452 621 utatur
2493 575 2784 637 perpetuo,
2831 569 2945 626 sive
2987 570 3368 642 interrogando

1769 667 1896 710 eum
1924 669 2050 712 cum
2072 670 2178 727 quo
2199 656 2330 727 agit,
2352 664 2508 729 cogat
2533 656 2864 728 respondere
2883 657 3028 729 quod
3049 674 3234 718 verum
3257 671 3364 731 est,

1771 754 1827 802 et
1850 762 1923 804 ex
1953 746 2059 804 hoc
2086 747 2154 804 ad
2175 747 2322 804 aliud
2347 763 2531 805 verum
2558 747 2700 820 quod
2737 749 3075 820 quaerebatur
3098 751 3370 824 adducat,

1773 839 1864 896 ubi
1892 840 2128 896 maxime
2158 855 2383 911 regnare
2404 839 2682 897 dialectica
2707 839 2924 897 dicitur.

1843 930 2077 989 CAPUT
2103 931 2266 988 XVII.
2293 962 2362 974 --
2382 932 2474 988 ‘Zl.
2506 931 2642 988 Cum
2684 933 2827 990 enim
2872 936 3098 1006 quisque
3129 937 3240 994 suis
3279 955 3373 998 re-

1774 1023 2156 1095 sponsionibus
2179 1024 2430 1092 vincitur,
2449 1034 2503 1082 et
2519 1025 2566 1080 si
2587 1024 2728 1081 male
2754 1025 3051 1096 respondit,
3075 1041 3183 1083 non
3211 1027 3374 1087 habet

1772 1115 1916 1188 quod
1947 1115 2173 1187 imputet
2192 1115 2532 1187 disputatori,
2556 1116 2651 1173 sed
2677 1117 2808 1184 sibi;
2836 1126 2892 1174 et
2918 1119 2963 1174 si
2989 1118 3127 1175 bene
3147 1134 3374 1192 respon-

1770 1209 1870 1277 dit,
1887 1209 2156 1267 erubescit
2184 1209 2407 1267 ulterius
2440 1210 2716 1278 resistere,
2760 1225 2867 1266 non
2888 1211 2998 1282 jam
3029 1211 3371 1287 disputatori,
3475 1227 3479 1236 ‘

1771 1301 1867 1358 sed
1910 1302 2030 1358 sibi.
2072 1302 2129 1360 In
2167 1316 2275 1375 quo
2315 1317 2513 1374 genere
2543 1302 2802 1358 Dominus
2839 1317 2963 1359 cum
2991 1303 3251 1361 adversus
3279 1307 3374 1362 Ju-

1771 1392 1920 1450 dteos
1959 1394 2151 1451 crebro
2181 1403 2394 1466 ageret,
2428 1409 2628 1466 eosque
2671 1394 2889 1451 illorum
2932 1397 3374 1468 responsionibus

1771 1494 1962 1556 captos
1991 1485 2380 1557 conclusosque
2409 1486 2774 1555 convinceret,
2804 1502 2910 1544 non
2936 1503 3034 1544 vos
3053 1489 3334 1548 audierant
3352 1533 3370 1559 ,

1770 1592 1873 1635 nec
1897 1593 1928 1634 a
1957 1579 2108 1636 vobis
2136 1577 2426 1634 conviciari
2473 1576 2774 1634 didicerant
2801 1597 2814 1634 :
2845 1594 2970 1635 nam
3018 1580 3274 1639 libentius
3319 1591 3377 1640 et

1770 1671 2088 1729 invidiosius
2120 1687 2245 1728 eum
2275 1671 2502 1727 fortasse
2524 1671 2860 1728 dialecticum
2893 1687 3052 1744 quam
3081 1673 3377 1732 Samarita-

1771 1782 1899 1823 num
1926 1766 2283 1838 appellarent.
2305 1764 2586 1834 Quomodo
2612 1765 2756 1822 enim
2785 1753 2942 1837 puias
2971 1781 3066 1823 eos
3098 1777 3376 1826 contortos

1771 1865 1936 1930 atque
1957 1857 2234 1926 confusos,
2269 1871 2392 1913 cum
2417 1857 2660 1913 volentes
2686 1871 2809 1913 eum
2849 1871 3045 1928 capere
3085 1858 3140 1914 in
3173 1861 3372 1929 verbo,

1770 1953 1983 2024 priores
2011 1947 2481 2023 interrogaverunt
2499 1991 2513 2016 ,
2541 1960 2722 2006 utrum
2747 1950 2936 2006 liceret
2958 1951 3215 2009 tributum
3241 1954 3372 2010 red-

1773 2045 1905 2103 dere
1934 2045 2169 2110 Caesari;
2202 2043 2405 2115 bicipiti
2432 2042 2680 2099 videlicet
2705 2043 3078 2114 complexione
3119 2044 3376 2101 insidian-

1770 2147 1876 2208 tes,
1909 2146 1968 2194 ut
1995 2136 2272 2210 quodlibet
2297 2135 2501 2207 eligens
2525 2135 2847 2206 caperetur?
2869 2135 2928 2191 Si
2955 2137 3120 2194 licere
3144 2151 3372 2207 respon-

1773 2229 1949 2294 deret,
1979 2238 2230 2300 tanquam
2260 2241 2386 2284 reus
2423 2235 2566 2283 esset
2591 2225 2853 2282 adversus
2882 2226 3134 2298 populum
3162 2226 3256 2283 Dei
3284 2245 3298 2283 :
3328 2229 3377 2284 si

1772 2331 1950 2378 autem
1977 2320 2204 2387 diceret,
2233 2334 2342 2375 non
2368 2319 2554 2384 licere,
2584 2327 2834 2388 tanquam
2859 2316 3090 2374 Caesaris
3114 2317 3374 2374 adversa-

1772 2413 1888 2470 rius
1944 2411 2287 2484 puniretur‘.
2345 2409 2444 2467 Ubi
2495 2409 2586 2466 ille
2642 2423 2920 2464 nummum
2974 2407 3077 2464 sibi
3132 2409 3378 2480 poposcit

1773 2503 2020 2574 ostendi,
2052 2513 2108 2561 et
2135 2501 2482 2574 interrogavit
2523 2501 2678 2573 cujus
2724 2500 2948 2558 haberet
2993 2501 3277 2573 imaginem
3317 2513 3376 2559 et

1772 2597 2178 2669 inscriptionem
2210 2613 2224 2651 :
2255 2602 2312 2650 at
2339 2595 2417 2650 illi
2459 2608 2583 2650 cum
2630 2593 3073 2664 respondissent,
3125 2591 3380 2659 Cazsaris;

1773 2699 1960 2764 aperta
2008 2690 2153 2746 enim
2202 2689 2403 2745 veritas
2450 2687 2554 2744 hoc
2602 2701 2696 2743 eos
2744 2687 3071 2757 respondere
3113 2689 3374 2758 cogebat;

1774 2785 2031 2840 continuo
2074 2780 2334 2837 Dominus
2379 2793 2567 2835 eorum
2606 2779 2960 2848 responsione
2997 2779 3275 2850 colligatos
3314 2796 3380 2838 ac

1774 2880 1961 2944 captos
1998 2870 2251 2937 trahens,
2298 2869 2548 2937 Reddite,
2580 2870 2788 2939 inquit,
2813 2867 3006 2926 Ctesari
3027 2887 3142 2942 qua:
3163 2869 3380 2928 Ca'saris

1774 2975 1914 3034 sunt,
1953 2975 2000 3021 et
2030 2964 2140 3020 Deo
2168 2979 2283 3035 qua:
2306 2961 2404 3018 Dei
2429 2971 2566 3018 sunt.
2589 2962 2827 3019 Obsecro
2855 2971 2905 3016 te
2925 3003 2941 3031 ,
2974 2963 3120 3018 illine
3159 2962 3382 3020 fuerunt

1776 3056 2045 3114 dialectici
2070 3055 2161 3127 qui
2191 3054 2472 3127 praetensis
2508 3054 2942 3125 interrogationis
2977 3054 3185 3110 insidiis
3229 3055 3382 3114 deci-

1777 3149 1974 3222 piendo
2002 3163 2258 3220 superare
2281 3147 2454 3203 moliti
2485 3155 2644 3213 sunt;
2686 3161 2754 3202 an
2799 3146 2891 3202 ille
2931 3147 3127 3218 potius,
3173 3148 3262 3218 qui
3312 3164 3382 3204 ex

1776 3243 1883 3299 hoc
1910 3243 2030 3314 ipso
2053 3239 2196 3312 quod
2221 3238 2706 3309 interrogaverunt,
2736 3254 2920 3294 veram
2946 3253 3131 3295 eorum
3154 3254 3383 3311 respon-

1778 3333 1986 3388 sionem
2013 3329 2296 3401 prudentia
2340 3329 2772 3400 interrogationis
2800 3331 2820 3361 ’
2852 3329 3100 3397 eliciens,
3129 3331 3256 3387 illud
3284 3347 3382 3388 ve-

1778 3439 1900 3480 rttm
1923 3420 2066 3494 quod
2090 3420 2158 3477 ab
2187 3435 2253 3476 eo
2284 3419 2542 3490 putabant
2569 3419 2873 3490 periculose
2901 3418 3025 3488 dici,
3059 3421 3204 3492 ipsos
3225 3436 3378 3478 com-

1779 3514 1918 3586 pulit
1945 3513 2226 3569 conﬁteri?

1850 3605 2076 3663 CAPUT
2091 3603 2442 3661 XVlll.-—22.
2455 3603 2512 3661 Si
2529 3603 2648 3660 illos
2663 3603 2861 3661 dixeris
2880 3605 3042 3662 fuisse
3053 3605 3382 3678 dialecticos,

1781 3698 1908 3770 quia
1935 3696 2142 3764 dolose,
2174 3696 2297 3768 quia
2326 3696 2679 3764 calumniose,
2703 3696 2828 3766 quia
2852 3697 3120 3754 malitiose
3149 3699 3387 3756 interro-

1781 3789 1958 3862 gando
1979 3789 2031 3843 in
2051 3787 2216 3844 verbo
2236 3802 2429 3858 capere
2446 3787 2732 3858 cupiebant
2748 3788 2908 3858 (tales
2929 3789 3072 3846 enim
3099 3791 3259 3846 etiam
3281 3807 3385 3848 nos

1783 3881 1950 3938 vultis
1975 3879 2169 3950 videri)
2193 3897 2208 3947 ;
2238 3895 2335 3936 cur
2363 3879 2442 3935 eis
2471 3889 2646 3936 tamen
2671 3880 2929 3936 Dominus
2951 3881 3389 3952 respondit?Cur

1786 3988 1880 4029 eos
1910 3987 2080 4043 usque
2108 3970 2174 4025 ad
2217 3971 2459 4027 veritatis
2499 3969 2894 4028 confessionem
2932 3971 3141 4028 reddita
3179 3975 3389 4031 ratione

1786 4065 2071 4138 perduxit?
2095 4064 2206 4120 Cur
2235 4065 2312 4121 eis
2340 4063 2508 4130 dixit,
2543 4063 2679 4132 Quid
2720 4081 2798 4118 me
2836 4066 3071 4133 tentatis,
3109 4066 3389 4136 hypocrita

1789 4158 2002 4230 (Matth.
2031 4174 2160 4225 xxn,
2190 4155 2381 4227 15-21)
2399 4157 2423 4210 ?
2443 4165 2497 4211 et
2523 4171 2630 4212 non
2659 4156 2898 4224 addidit,
2940 4158 3247 4215 Dialectici?
3275 4160 3388 4218 Cur

1789 4248 1892 4306 sibi
1936 4263 2212 4304 nummum
2243 4246 2601 4302 demonstrari
2641 4246 2932 4318 ﬂagitavit,
2965 4256 3024 4302 ut
3061 4250 3389 4306 sententiam

1791 4358 1943 4400 suam
1973 4357 2220 4412 verticem
2246 4340 2574 4410 exprimeret
2598 4340 2758 4395 etiam
2787 4340 2854 4395 de
2875 4355 2970 4396 ore
2999 4339 3294 4408 fallacium,
3320 4359 3389 4398 ac

1792 4451 1900 4493 non
1925 4434 2103 4507 potius
2127 4433 2221 4500 ait,
2252 4431 2570 4498 Abscedite;
2600 4447 2776 4502 neque
2797 4433 2938 4489 enim
2960 4433 3282 4506 loquendum
3305 4441 3390 4492 cst

1793 4529 2094 4594 vobiscum,
2112 4526 2202 4598 qui
2219 4524 2484 4596 captiosas
2498 4524 2939 4597 interrogationes
2957 4526 3274 4596 proponitis,
3293 4527 3385 4598 qui

1795 4620 2075 4678 dialectice
2114 4633 2326 4676 mecum
2368 4631 2530 4689 agere
2554 4615 2753 4672 vultis?
2782 4616 2924 4672 Nihil
2953 4617 3056 4671 tale
3085 4615 3251 4684 dixit,
3290 4634 3392 4674 nec

1797 4713 2054 4769 adversus
2096 4711 2364 4783 captiosos
2401 4709 2852 4780 interrogatores,
2897 4718 2952 4765 et
2981 4709 3265 4766 verborum
3295 4727 3394 4767 no—

1796 4814 2029 4862 strorum
2051 4802 2272 4860 callidos
2297 4811 2600 4874 captatores
2620 4802 2922 4872 exemplum
2952 4801 3056 4856 tale
3081 4801 3237 4859 nobis
3256 4820 3390 4876 pro-

1801 4897 2019 4969 posuit:
2049 4894 2144 4952 sed
2191 4903 2252 4950 ut
2293 4909 2388 4950 eos
2439 4894 2616 4965 potius
2657 4893 2818 4948 etiam
2864 4893 3105 4949 veritatis
3145 4895 3394 4954 inimicos
3453 4917 3473 4936 *-

1799 4988 2037 5062 vigilanti
2055 4987 2472 5058 interrogatione
2497 4995 2550 5042 et
2570 4985 2769 5040 invicta
2789 4986 2995 5041 ratione
3023 4987 3391 5044 testimonium

1800 5081 2010 5139 veritati
2043 5080 2326 5152 perhibere
2360 5093 2632 5149 cogamus.
2657 5077 2769 5133 Hoc
2797 5077 2952 5134 nobis
2979 5077 3175 5134 faciant
3201 5081 3392 5147 vestri,

1802 5175 1848 5230 si
1877 5189 1974 5229 nos
1999 5171 2249 5228 malitiosi
2279 5178 2333 5226 et
2358 5169 2621 5226 dialectici
2652 5183 2858 5224 sumus.
2887 5170 2972 5224 An
3003 5185 3062 5226 se
3092 5172 3280 5228 timere
3307 5174 3393 5228 in-

1809 5265 2026 5333 dicant,
2059 5280 2126 5319 ne
2155 5264 2257 5318 hoc
2297 5263 2375 5318 eis
2422 5275 2520 5316 nos
2559 5260 2738 5331 potius
2782 5260 3070 5316 faciamus?
3111 5263 3168 5317 Si
3212 5272 3393 5320 autem

1806 5356 2076 5412 Christum
2118 5353 2316 5410 dixeris
2343 5352 2677 5409 dialecticum
2700 5393 2715 5417 ,
2751 5351 2994 5408 laudabis
3020 5353 3354 5411 dialecticam
3371 5396 3391 5423 ,

176 5496 190 5527 ι
226 5503 325 5546 Αιη.
353 5501 405 5547 et
426 5499 523 5555 Er.,
545 5490 786 5545 tenebatur
809 5488 1003 5553 falswn.
1029 5486 1190 5546 Abest,
1211 5483 1402 5549 faLsum,
1427 5496 1455 5533 a
1493 5490 1598 5534 Mss.
1649 5489 1701 5533 et
1807 5449 2122 5555 (Ιηῗξξῖξξξξί
2278 5448 2502 5555 “rimi”
2529 5446 2822 5555 ξδίθθθτθδ·

114 5558 284 5609 abesse
299 5558 466 5608 debet.

177 5623 196 5652 ³
216 5607 326 5670 inin.
345 5607 408 5670 et
421 5626 496 5668 Er.
521 5619 599 5670 hic
620 5615 818 5673 addunt,
849 5611 901 5663 in
940 5611 1158 5664 bonitate.
1185 5609 1302 5660 Huic
1323 5609 1477 5659 verbo
1499 5607 1616 5673 nihil
1651 5609 1700 5658 in

119 5695 271 5746 greco
285 5682 549 5746 reSpondet
575 5680 686 5739 nisi,
710 5689 770 5728 en
793 5672 1060 5727 chréstotéti
1087 5686 1104 5723 :
1128 5673 1256 5736 quod
1275 5673 1393 5722 satis
1416 5672 1702 5735 exprimitur

121 5742 224 5807 per,
242 5746 290 5796 in
311 5742 614 5807 benignitate.

183 5794 473 5870 δἐι-(ιλιιέᾶ
497 5812 615 5854 ven.
644 5809 697 5853 et
728 5807 835 5851 Lov.
863 5800 1090 5850 omittunt
1113 5797 1333 5864 verbum,
1358 5794 1514 5861 facile.
1584 5803 1638 5846 tt.

391 5892 618 5962 διδοῖ.
664 5889 940 5954 Accusr.
978 5884 1092 5949 lx.

1880 5539 2106 5597 CAPUT
2150 5536 2288 5594 XIX.
2317 5538 2499 5594 ~25.
2529 5538 2681 5607 Quod
2725 5554 2794 5595 ne
2839 5539 3020 5604 facias,
3062 5537 3220 5592 video
3265 5538 3392 5610 quid

1877 5728 1893 5760 ί
1930 5727 2001 5776 sic
2019 5736 2189 5774 omnes
2206 5723 2534 5784 manuscripti.
2557 5728 2611 5770 At
2644 5719 2779 5784 editi,
2800 5715 3132 5782 perimeretur.

1879 5793 1899 5823 ²
1934 5797 2033 5840 Duo
2055 5795 2179 5847 Mss,
2210 5784 2437 5850 prudenti
2453 5781 2850 5847 interrogatione.

2675 5867 3001 5950 (Quirina)
