3792 6132
483 426 712 483 fortasse
732 417 968 478 dicturus
990 413 1088 483 sis,
1116 425 1215 468 nec
1238 409 1380 475 illos,
1402 423 1504 468 nec
1531 406 1678 464 illum
1703 408 1754 463 in
1778 420 1841 463 ea
1863 420 2072 462 sermo-

466 496 752 577 ‘cin'atione
780 507 975 583 aliquid
1002 506 1176 577 egisse
1202 500 1500 559 dialectice.
1527 498 1582 558 Si
1611 514 1739 573 ergo
1764 514 1863 556 nec
1888 497 1961 554 illi
1981 496 2074 571 qui

483 609 722 681 captiose
752 613 909 674 atque
934 598 1189 655 insidiose
1224 594 1652 653 sermocinantur
1673 636 1690 663 ,
1726 594 1787 649 ut
1824 593 1877 649 in
1907 590 2073 649 verbo

470 694 751 769 decipiant
776 706 870 749 eos
894 700 1015 746 cum
1041 686 1236 759 quibus
1255 694 1437 759 agunt,
1468 699 1569 741 nec
1594 684 1669 741 illi
1699 683 1790 758 qui
1822 684 1953 740 tales
1976 698 2073 740 eo-

456 784 605 848 'rum
648 781 995 854 responsione
1037 777 1388 865 convincunt,
1433 770 1710 832 dialectice
1751 777 1915 847 agunt
1943 792 1956 829 :
1989 770 2076 831 dic

482 881 639 940 nobis
661 875 873 934 tandem
898 869 1026 944 quid
1052 868 1121 926 sit
1144 867 1451 934 dialectica;
1479 876 1533 924 et
1554 875 1810 940 quantum
1831 865 1953 923 mali
1981 865 2077 922 lia-

483 974 607 1031 beat
630 1012 647 1039 ,
684 977 940 1040 quantum
968 971 1179 1028 noceat,
1206 960 1365 1034 quam
1397 954 1643 1032 fugienda
1672 958 1763 1025 sit,
1789 956 1943 1015 doce.
1970 956 2078 1015 Cu-

477 1066 572 1137 jus
615 1076 809 1117 nomen
857 1053 1121 1111 invidiose
1161 1050 1381 1122 subjicis
1424 1049 1827 1122 ignorantibus,
1872 1050 2075 1106 crimen

483 1154 711 1215 ostende
753 1146 1137 1225 quaerentibus.
1186 1138 1303 1202 Non
1331 1146 1411 1201 vis
1448 1143 1602 1202 fateri
1632 1143 1773 1215 quod
1801 1140 2076 1202 dialectice

481 1259 639 1323 agat,
672 1246 760 1319 qui
789 1243 1034 1300 homines
1060 1256 1277 1295 aversos
1302 1254 1331 1294 a
1357 1253 1485 1294 vero
1512 1236 1680 1310 perite
1709 1244 1960 1309 recteque
1989 1226 2074 1292 in-

396 1366 416 1413 -έ
479 1354 781 1413 terrogans,
815 1332 1253 1408 responsionibus
1292 1347 1481 1389 corum
1525 1329 1739 1386 adducit
1772 1328 1839 1386 ad
1866 1346 2073 1400 verum,

400 1423 409 1475 θ
481 1454 554 1495 ne
591 1430 867 1493 dialectice
904 1446 1025 1486 cum
1062 1425 1261 1484 Judzeis
1297 1426 1457 1482 etiam
1486 1420 1756 1482 Christum
1786 1426 1958 1498 egisse
1996 1424 2074 1481 fa-

482 1531 667 1590 tearis.
698 1527 829 1583 Item
855 1538 961 1579 non
993 1520 1072 1578 vis
1101 1517 1222 1575 illos
1245 1533 1405 1589 agere
1427 1516 1721 1584 dialectice,
1753 1518 1841 1589 qui
1873 1516 2074 1589 captio-

482 1624 560 1681 sis
600 1612 1107 1688 interrogationibus
1135 1609 1449 1666 insidiantes
1476 1610 1890 1682 respondentem
1926 1606 2074 1667 deci-

481 1733 614 1792 pere
642 1715 955 1780 moliuntur,-
986 1726 1052 1768 ne
1093 1710 1187 1766 tibi
1232 1709 1547 1767 ostendatur
1589 1710 1659 1765 ita
1700 1726 1822 1766 cum
1863 1710 2077 1769 Christo

483 1812 660 1884 egisse
700 1806 938 1871 Judzeos,
985 1816 1120 1874 quos
1167 1811 1344 1859 tamen
1391 1800 1479 1857 ille
1517 1817 1624 1857 non
1669 1801 1953 1858 declinavit
1991 1812 2077 1865 ta-

484 1901 660 1959 cendo
678 1941 693 1968 ,
726 1897 820 1955 sed
848 1896 1022 1968 potius
1048 1890 1317 1965 loquendo
1350 1890 1649 1963 superavit;
1678 1908 1742 1949 ac
1766 1894 1843 1950 sic
1871 1890 2078 1966 cogaris

478 1999 634 2058 fateri
665 2011 773 2052 non
804 2003 949 2051 recte
970 1992 1249 2065 episcopos
1274 1998 1481 2045 vestros
1506 2028 1521 2053 ,
1550 2002 1686 2059 quos
1712 1984 1899 2043 doctos
1919 1996 2079 2059 atque

480 2092 755 2163 sapientes
795 2096 950 2158 putas
974 2122 991 2152 ,
1026 2084 1192 2140 etiam
1236 2096 1357 2138 cum
1389 2079 1685 2137 dialecticis
1712 2076 1855 2137 nolle
1880 2080 2079 2136 habere

479 2196 787 2240 sermonem
805 2220 822 2247 ,
849 2193 955 2250 quo
995 2176 1244 2233 invictam
1271 2172 1501 2230 doceant
1525 2173 1823 2231 veritatem.
1868 2170 2035 2230 Video
2057 2216 2075 2244 ,

480 2287 707 2345 magnos
733 2279 892 2327 aestus
923 2267 1144 2340 pateris,
1174 2264 1444 2336 quomodo
1470 2256 1696 2320 definias
1715 2265 2075 2333 dialecticum,

479 2378 543 2422 ut
582 2381 681 2422 nec
726 2364 925 2435 peritus
969 2361 1268 2432 disputator
1312 2358 1400 2426 sit,
1450 2373 1519 2414 ne
1559 2358 1703 2430 quod
1744 2359 2075 2432 vituperasti,

480 2460 705 2518 laudare
732 2456 975 2528 cogaris;
1022 2468 1124 2513 nec
1167 2452 1454 2509 insidiosas
1491 2452 1777 2509 verborum
1808 2462 2073 2525 captator,

479 2570 554 2612 ne
585 2552 675 2607 tibi
703 2551 909 2606 dicatur
931 2591 946 2615 ,
973 2548 1122 2604 Sicut
1160 2546 1269 2619 egit
1294 2561 1417 2605 cum
1445 2546 1640 2603 talibus
1677 2546 1954 2615 Christus,
2001 2548 2078 2606 sic

481 2653 607 2716 agat
629 2658 750 2698 cum
779 2642 881 2698 isto
907 2638 1250 2696 christianos.
1292 2636 1522 2694 Proinde
1547 2637 1594 2694 si
1624 2638 1799 2710 placet
1824 2639 1922 2697 ista
1952 2655 2078 2697 cura

479 2737 697 2797 liberari
722 2776 736 2803 ,
763 2751 885 2793 eum
918 2734 1079 2791 defini
1107 2748 1228 2789 esse
1253 2731 1589 2789 dialecticum
1611 2774 1626 2800 ,
1663 2747 1786 2789 cum
1814 2748 1919 2804 quo
1945 2733 2077 2805 legis

480 2830 642 2901 periti
691 2827 761 2885 de
807 2836 959 2899 parte
1006 2825 1194 2880 Donati
1243 2824 1434 2879 nolunt
1486 2824 1684 2881 habere
1726 2825 2075 2899 colloquium.

478 2923 620 2993 Quid
660 2922 802 2978 enim
843 2920 935 2975 tibi
975 2916 1118 2973 aliud
1164 2914 1556 2988 suggerendum
1582 2925 1686 2984 est,
1714 2915 1916 2972 homini
1943 2916 2079 2987 obji-

478 3017 643 3072 cienti
691 3015 843 3070 nobis
894 3011 1268 3074 dialecticam,
1323 3018 1378 3064 et
1428 3008 1548 3064 ideo
1595 3009 1906 3079 praedicanti
1960 2994 2077 3080 epi-

479 3121 674 3177 scopos
699 3120 846 3171 suos,
868 3101 1011 3174 quod
1027 3100 1301 3157 nobiseum
1328 3099 1500 3155 nolint
1518 3098 1716 3156 habere
1736 3102 2080 3157 sermonem?

552 3199 641 3254 21.
659 3196 763 3254 Sed
780 3196 848 3253 de
860 3194 1059 3252 Judaeis
1078 3193 1304 3248 fortasse
1329 3191 1536 3247 invenis
1557 3190 1683 3263 quid
1707 3191 1874 3261 dicas,
1894 3209 2051 3264 quam
2068 3222 2081 3239 -

478 3294 563 3347 vis
575 3290 765 3348 callide
783 3298 942 3360 atque
963 3295 1174 3342 versute
1188 3283 1341 3341 dolos
1355 3284 1827 3355 interrogationum
1843 3294 2078 3358 pra-ton-

480 3383 677 3447 derint,
697 3396 805 3436 non
829 3394 923 3435 eos
949 3377 1112 3434 fuisse
1133 3374 1458 3432 dialecticos.
1490 3376 1565 3431 De
1591 3375 1785 3431 Stoicis
1807 3386 1953 3433 certe
1973 3377 2078 3434 dici

477 3484 658 3546 potest
704 3472 853 3537 nihil,
896 3470 985 3543 qui
1025 3484 1130 3525 non
1168 3464 1345 3524 solum
1384 3465 1648 3523 dialectici
1696 3466 1945 3534 fuerunt,
1982 3468 2078 3531 sed

478 3568 641 3623 etiam
666 3578 890 3622 cmteras
928 3560 1368 3633 philosophorum
1408 3569 1585 3616 sectas
1624 3559 1678 3614 in
1718 3558 1821 3614 hac
1848 3560 1930 3616 vel
1960 3568 2077 3617 arte

478 3660 566 3714 vel
599 3657 848 3713 facultate
870 3655 1134 3709 vicerunt.
1181 3649 1393 3707 Stoicus
1421 3651 1641 3723 quippe,
1674 3661 1731 3706 ut
1761 3666 1968 3706 mecum
1992 3666 2078 3707 re-

479 3751 616 3807 colis
636 3791 651 3815 ,
680 3748 778 3804 fuit
805 3748 895 3804 ille
922 3746 1271 3817 Chrysippus,
1300 3742 1369 3800 de
1401 3758 1509 3815 quo
1548 3736 1900 3800 Academicus
1938 3731 2074 3801 Car-

479 3842 683 3901 neades
707 3841 846 3896 hanc
869 3838 1099 3894 habebat
1120 3837 1463 3904 sententiam,
1494 3846 1554 3892 ut
1587 3836 1799 3908 quando
1825 3853 1946 3893 cum
1983 3834 2077 3894 illo

483 3939 588 3994 sibi
615 3946 759 3992 esset
779 3932 1156 4004 disputandum
1182 3971 1198 3997 ,
1225 3930 1464 3987 elleboro
1488 3929 1821 4002 purgandum
1844 3946 1937 3987 cor
1957 3944 2078 3987 esse

483 4038 764 4093 censeret;
808 4036 1033 4084 caeteros
1065 4034 1242 4080 autem
1276 4023 1363 4079 vel
1390 4037 1619 4095 pransus
1661 4021 1817 4079 facile
1853 4037 2075 4096 supera-

482 4132 570 4179 ret
598 4122 699 4193 (a).
742 4119 799 4175 Si
828 4136 954 4191 ergo
981 4133 1079 4173 nos
1107 4117 1228 4173 libri
1255 4116 1556 4173 Stoicorum
1586 4115 1866 4173 dialectice
1890 4117 2076 4190 dispu-

484 4226 601 4273 tare
622 4214 939 4279 docueruut,
966 4211 1264 4268 doctrinam
1297 4207 1447 4264 Pauli
1468 4217 1651 4264 contra
1674 4223 1775 4263 nos
1799 4208 2075 4280 proferant

483 4309 724 4385 episcOpi
751 4307 911 4365 vestri
936 4324 949 4360 :
977 4322 1157 4362 secum
1182 4314 1360 4360 tamen
1387 4317 1486 4359 nos
1511 4301 1759 4359 conferre
1784 4302 2072 4374 patiantur,

481 4408 626 4465 sicut
651 4405 797 4475 ipsos
820 4410 945 4457 tunc
969 4400 1178 4481 Stoicos
1207 4398 1295 4453 ille
1322 4412 1428 4453 non
1454 4395 1669 4468 repulit.
1716 4385 1727 4397 ’

553 4496 779 4558 CAPUT
823 4495 940 4551 XX.
968 4524 1039 4535 —
1065 4493 1156 4548 215.
1189 4492 1339 4547 llanc
1362 4493 1504 4548 enim
1526 4500 1696 4546 artem
1719 4504 1877 4563 quam
1903 4487 2073 4546 diale-

479 4594 677 4651 cticam
708 4595 938 4652 vocant,
979 4600 1098 4656 qua:
1136 4582 1268 4639 nihil
1311 4581 1454 4638 aliud
1490 4580 1649 4638 docet
1683 4596 1843 4653 quam
1883 4595 2077 4638 conse—

484 4685 701 4759 quentia
724 4681 1115 4745 demonstrare,
1142 4692 1237 4737 seu
1266 4689 1392 4730 vera
1416 4674 1581 4741 veris,
1611 4688 1709 4731 seu
1734 4672 1865 4730 falsa
1890 4673 2037 4733 falsis
2056 4715 2072 4742 ,

485 4790 756 4848 nunquam
783 4772 1021 4831 doctrina
1048 4767 1338 4824 christiana
1364 4764 1643 4831 formidat;
1684 4765 1822 4820 sicut
1862 4780 1980 4821 eam
2020 4765 2075 4821 in

489 4869 686 4928 Stoicis
714 4881 822 4922 non
845 4861 1149 4920 formidavit
1178 4857 1485 4930 Apostolus,
1516 4871 1652 4925 quos
1677 4870 1859 4912 secum
1888 4856 2075 4913 volen-

491 4971 572 5017 tes
599 4956 846 5015 conferre
873 4971 978 5011 non
1007 4953 1212 5023 respuit
1239 4950 1257 5023 (
1280 4950 1390 5004 Act.
1422 4964 1551 5014 xvn,
1586 4946 1746 5003 16-51
1772 4945 1817 5018 ).
1859 4946 1925 5002 Ει
1962 4947 2075 5018 ipsa

493 5052 631 5111 enim
660 5048 878 5115 fatetur,
907 5055 962 5103 et
989 5060 1172 5101 verum
1202 5050 1303 5106 est,
1336 5040 1603 5097 neminem
1627 5037 1947 5109 disputando
1969 5039 1984 5070 ¹
2007 5038 2076 5094 ad

488 5141 887 5201 conclusionem
917 5138 1102 5194 falsam
1128 5144 1524 5207 consequenter
1550 5130 1772 5205 impelli,
1795 5130 1897 5187 nisi
1929 5130 2075 5201 prius

487 5233 826 5296 consenserit
854 5231 999 5288 falsis
1023 5272 1039 5299 ,
1066 5229 1259 5302 quibus
1285 5227 1472 5285 eadem
1496 5225 1769 5282 conclusio
1794 5223 1921 5279 velit
1944 5223 2077 5279 nolit

486 5330 739 5390 efficitur.
769 5326 847 5382 Ac
875 5337 969 5396 per
997 5321 1099 5379 hoc
1123 5321 1218 5394 qui
1245 5329 1398 5377 cavet
1422 5334 1488 5375 ne
1516 5333 1575 5374 sc
1604 5318 1853 5389 loquente
1879 5329 2075 5373 conse-

489 5431 721 5496 quantur
753 5417 887 5474 falsa
927 5430 1046 5486 quae
1084 5429 1189 5469 non
1220 5414 1351 5475 vult,
1380 5410 1567 5467 volens
1591 5408 1718 5463 falsa
1746 5415 1929 5463 caveat
1957 5421 2077 5479 qua:

485 5513 814 5588 praecedunt.
842 5509 1113 5566 Si'autem
1152 5502 1571 5574 prmcedeutibus
1598 5503 1736 5556 veris
1767 5499 2038 5556 inharserit
2057 5541 2073 5566 ,

490 5619 837 5680 quaecumque
876 5596 1257 5668 consequentia
1296 5595 1628 5666 perspexerit
1655 5609 1774 5665 qua:
1809 5591 1937 5649 falsa
1962 5591 2076 5648 exi-

555 5766 576 5828 '_
606 5762 802 5828 Quidam
823 5768 954 5828 uss,
978 5772 1009 5809 a
1025 5757 1313 5828 Δὶδῃζιιαῃεε,

556 5815 637 5893 (αἱ
650 5823 767 5875 Vide
782 5815 950 5874 valor:
963 5828 1083 5873 Max.
1104 5815 1191 5867 lib.
1208 5816 1256 5877 8,
1281 5827 1385 5877 cap.
1410 5815 1455 5864 7.

1274 294 1546 354 CONTRA
1588 288 2025 352 CRESCONIUM
2064 286 2525 360 DONATISTAM,
2563 291 2623 350 s.
2652 286 3026 353 AUGUSTINI
3656 284 3746 360 ἰω

2158 2266 2423 2347 rcolligas.
2455 2264 2586 2323 Nam
2609 2282 2795 2325 revera
2815 2267 3044 2324 dicimus
3062 2264 3390 2340 Baptismum
3412 2278 3469 2327 et
3492 2272 3599 2328 illic
3617 2286 3747 2328 esse:

2158 2548 2331 2623 gzari,
2376 2544 2540 2606 credo
2579 2556 2797 2620 propter
2834 2544 2966 2604 illud
3003 2548 3169 2621 quaeri
3212 2549 3355 2622 quod
3393 2549 3650 2609 Dominus
3675 2544 3765 2627 ait:

2156 2738 2236 2827 .in
2266 2753 2477 2809 regnum
2500 2735 2741 2791 certarunt
2771 2732 2967 2805 (Jaau.
2997 2751 3076 2801 tu,
3105 2734 3196 2809 5).
3241 2735 3379 2806 Quia
3403 2753 3535 2811 ergo
3564 2732 3765 2827 pr0pterl

2182 406 2457 493 stimabat,
2484 402 2573 466 vel
2598 407 2668 467 de
2695 400 2890 483 quibus
2917 388 3215 485 dubitabat,
3244 413 3557 473 admonitus
3582 418 3747 491 ample

2180 511 2379 571 ctatur,
2405 502 2451 558 si
2472 501 2682 562 veritati
2708 512 2792 560 est
2816 504 3175 579 pacatissimte
3194 506 3441 580 amicior,
3468 525 3628 583 quam
3651 527 3750 570 coa-

2182 596 2579 655 tentiosissimte
2610 598 2855 655 vanitati.

2252 682 2484 748 CAPUT
2525 684 2672 747 XXI.
2698 721 2772 732 —-
2791 687 2885 748 26.
2916 676 3112 748 Parum
3140 694 3367 767 egerim,
3385 694 3494 752 nisi
3523 692 3621 754 hoc
3640 702 3748 770 quod

2182 780 2304 839 dico
2333 782 2388 839 in
2416 781 2516 838 hac
2542 781 2732 840 eadem
2757 795 2880 854 quze
2907 781 3048 840 inter
3074 798 3174 841 nos
3197 785 3427 842 vertitur
3452 796 3636 843 nostra
3660 778 3765 851 serg

2162 876 2546 961 ‘mocinatione
2573 884 2962 935 monstravero.
3005 876 3148 935 Ecce
3171 878 3224 933 in
3254 893 3318 936 ea
3347 878 3464 951 ipsa
3492 883 3765 959 quaestione;

2182 966 2251 1024 de
2280 966 2552 1040 Baptismo
2599 972 2657 1025 tu
2694 969 3020 1042 proposuisti
3055 983 3089 1026 a
3126 978 3215 1027 me
3255 971 3560 1044 requirens,
3600 973 3681 1030 ubi
3715 962 3765 1045 te}

2163 1056 2435 1134 baptizari
2485 1060 2805 1129 conveniat,
2850 1070 3029 1119 utrum
3071 1060 3214 1135 apud
3251 1074 3388 1133 nos,
3430 1074 3503 1120 an
3542 1064 3595 1121 in
3636 1050 3765 1137 parte?

2180 1151 2393 1208 Donati.
2462 1152 2528 1209 Et
2569 1154 2693 1226 quia
2741 1151 2965 1213 intentio
3015 1161 3106 1212 tua
3159 1164 3244 1213 est
3289 1154 3343 1213 in
3392 1167 3553 1231 parte
3593 1152 3765 1235 Donatii

2184 1240 2456 1303 hominem
2492 1248 2667 1319 potius
2711 1246 2968 1320 baptizari
3008 1258 3298 1321 oportere,
3344 1248 3488 1307 hanc
3532 1238 3765 1319 intentio-1

2181 1354 2302 1396 nem
2334 1338 2457 1395 hinc
2481 1338 2707 1411 probare
2745 1350 2969 1398 conatus
3011 1356 3089 1409 es,
3131 1336 3276 1415 Quod
3318 1344 3485 1400 etiam
3526 1360 3621 1400 nos
3659 1359 3753 1401 esse

2182 1426 2290 1488 illic
2315 1430 2642 1504 Baptismum
2667 1447 2774 1489 non
2798 1448 3078 1506 negamus.
3107 1429 3269 1491 Vides
3294 1445 3449 1492 certe
3475 1434 3533 1492 id
3556 1444 3605 1492 te
3623 1442 3765 1509 agerej

2181 1522 2414 1582 voluisse
2434 1569 2448 1593 ,
2477 1532 2535 1581 ut
2561 1541 2632 1582 ex
2660 1541 2726 1583 eo
2754 1526 2896 1599 quod
2922 1527 3295 1598 concedimus,
3322 1529 3389 1584 ad
3422 1524 3477 1585 id
3508 1529 3645 1603 quod
3669 1546 3750 1587 non

2166 1614 2605 1673 'concedebamus
2626 1617 2990 1687 attrahamur;
3015 1616 3067 1675 id
3092 1628 3193 1687 est,
3212 1630 3270 1676 ttt
3290 1620 3413 1693 quia
3437 1612 3765 1693 concedimus;

2181 1725 2301 1767 esse
2324 1710 2433 1766 illic
2460 1704 2810 1783 Baptismum,
2838 1712 2999 1768 etiam
3026 1708 3131 1768 illic
3152 1726 3274 1771 esse
3299 1682 3580 1771 hominem
3604 1714 3750 1787 bapti.

2183 1803 2410 1849 znmlnm
2438 1804 2735 1849 ponendam
2763 1804 3167 1849 nnmnpllzimnn

2183 1803 2410 1860 zamlum
2438 1804 2735 1862 concedere
2763 1804 3168 1878 compellantur.
3764 1803 3765 1881 Ε

2253 1888 2490 1970 CAPUT,
2516 1892 2678 1953 XXII.
2710 1894 2894 1952 —27.
2936 1895 3230 1956 Considera
3277 1894 3565 1973 diligenter
3610 1899 3652 1956 si
3688 1900 3765 1959 est?

2160 1986 2291 2055 hoc
2318 2005 2672 2062 consequens,
2700 1997 2752 2045 et
2778 1984 2870 2046 tibi
2893 1989 3007 2062 ipse
3026 1991 3310 2062 respoade.
3339 1992 3480 2051 Puto
3505 1993 3644 2050 enim
3661 1993 3765 2065 jam}

2182 2074 2287 2139 hoc
2310 2091 2434 2141 ante
2462 2082 2646 2139 oculos
2672 2082 2992 2149 constituto,
3032 2083 3209 2140 cernis
3245 2098 3345 2156 pro
3369 2082 3573 2159 ingenii
3597 2087 3663 2141 tui
3688 2074 3765 2159 vid

2181 2173 2408 2230 vacitate
2427 2216 2443 2242 ,
2480 2190 2641 2244 quam
2670 2190 2775 2230 non
2802 2175 3182 2247 eopsequentia
3208 2191 3306 2248 pro
3326 2176 3750 2250 censequentibus

2184 2352 2281 2419 sed
2311 2377 2415 2416 non
2446 2356 2673 2416 dicimus
2697 2368 2752 2416 et
2782 2359 3055 2431 prodesse,
3080 2359 3189 2416 imo
3210 2377 3338 2418 vero
3357 2360 3588 2419 dicimus
3609 2374 3658 2422 et
3676 2362 3750 2419 ob-

2183 2468 2325 2512 esse.
2358 2448 2490 2510 Cum
2515 2462 2692 2509 autem
2719 2454 2976 2526 qumritur
3002 2454 3089 2511 ubi
3118 2453 3345 2528 quisque
3375 2454 3575 2513 debeat
3600 2456 3746 2529 bapti-

2186 2641 2306 2699 Nisi
2333 2642 2444 2715 quis
2470 2652 2675 2699 renatus
2699 2638 2850 2715 fuerit
2876 2658 2939 2697 ea:
2962 2659 3096 2716 aqua
3123 2652 3172 2698 et
3199 2643 3414 2715 spiritu,
3445 2658 3549 2701 non
3577 2642 3765 2716 intrabit}

2185 2830 2323 2889 hanc
2350 2830 2629 2888 utilitatem
2656 2828 3001 2901 accipiendas
3021 2840 3103 2886 est
3126 2827 3456 2903 Baptismus,
3490 2848 3609 2889 cum
3634 2846 3747 2903 qua}-

2184 2924 2318 2981 ritur
2347 2921 2436 2981 ubi
2463 2921 2801 2993 accipiendas
2829 2921 2931 2988 sit,
2964 2936 3071 2978 non
3115 2923 3375 2995 qumritur
3416 2920 3511 2981 ubi
3553 2923 3647 2990 sit,
3674 2920 3745 2979 sed

2187 3015 2273 3071 ubi
2299 3014 2366 3073 ad
2393 3030 2615 3087 regnum
2649 3012 2909 3070 ccelorutn
2945 3012 3346 3084 adipiscendum
3380 3015 3532 3073 utilis
3560 3015 3643 3070 sit.
3667 3012 3745 3072 Sc-

2183 3115 2437 3178 queretur
2488 3115 2666 3161 autem
2709 3103 2871 3160 etiam
2914 3100 3022 3160 illic
3057 3103 3427 3175 accipiendum
3477 3121 3617 3176 esse,
3649 3102 3743 3161 ubi-

2184 3213 2412 3270 cumque
2437 3214 2560 3254 eum
2589 3206 2799 3255 constat
2821 3198 2964 3268 esse,
3001 3197 3045 3254 si
3082 3212 3271 3255 omnes
3307 3199 3400 3272 qui
3442 3194 3638 3257 habent
3671 3197 3747 3252 ali-

2183 3292 2309 3363 quid
2351 3290 2479 3348 boni
2502 3334 2519 3361 ,
2558 3293 2721 3348 etiam
2758 3291 2901 3349 bono
2927 3305 3026 3348 suo
3049 3288 3248 3347 habere
3272 3288 3615 3350 doceretur‘.
3638 3288 3765 3357 Cani

2150 3440 2155 3447 ,
2186 3401 2316 3444 vero
2357 3396 2464 3441 tam
2503 3384 2658 3445 multi
2700 3393 2807 3441 tam
2850 3383 3015 3440 multa
3053 3380 3195 3440 bona
3230 3382 3465 3442 habeant
3491 3386 3630 3443 malo
3650 3380 3765 3467 suoﬁ

2183 3480 2302 3551 quis
2331 3495 2438 3536 non
2465 3479 2642 3536 videat
2659 3494 2783 3536 cum
2805 3476 3060 3550 quaeritur
3080 3477 3170 3536 ubi
3188 3479 3387 3552 aliquid
3408 3476 3740 3554 accipiendum
3764 3526 3765 3549 ξ

2150 3624 2153 3627 .
2181 3575 2275 3641 sit,
2301 3589 2410 3631 non
2437 3573 2602 3645 quaeri
2630 3572 2717 3630 ubi
2745 3573 2833 3640 sit,
2862 3570 2958 3628 sed
2983 3573 3069 3629 ubi
3098 3573 3300 3645 prosit?
3321 3574 3602 3645 Quomodo
3629 3566 3765 3649 enim

2181 3667 2229 3724 si
2258 3667 2389 3724 mihi
2416 3666 2742 3724 concederes
2780 3665 2983 3722 bonum
3019 3680 3140 3723 esse
3174 3672 3365 3722 aurum
3389 3709 3405 3735 ,
3452 3658 3765 3743 concederesi

2182 3762 2344 3819 etiam
2389 3759 2623 3816 latrones
2663 3774 2876 3831 quoque
2918 3759 3119 3815 habere
3155 3775 3368 3828 aurum,
3402 3776 3534 3830 non,
3564 3756 3765 3833 opinor,i

2184 3855 2353 3912 velles
2383 3862 2441 3910 ut
2472 3869 2538 3909 ex
2566 3853 2649 3909 his
2676 3852 2883 3910 duobus
2908 3852 3179 3911 concessis
3207 3854 3617 3921 concluderem,
3645 3865 3738 3907 eum
3764 3844 3765 3891 ἶ

2182 3946 2504 4021 quihabere
2528 3961 2717 4002 aurum
2746 3945 2910 4014 velit,
2955 3945 3008 4001 in
3058 3944 3323 4000 latronum
3361 3948 3617 4003 societate
3648 3955 3740 3999 csso

2182 4051 2433 4115 oportere
2463 4059 2476 4094 :
2508 4041 2600 4105 ita,
2626 4055 2748 4099 eum
2773 4049 2827 4097 et
2856 4055 2954 4112 ego
2975 4038 3215 4097 concedo
3235 4032 3433 4096 bonum
3456 4056 3576 4098 esse
3593 4036 3740 4108 Bapti'
3764 4074 3765 4091 ι

2182 4150 2358 4193 smum
2379 4176 2397 4202 ,
2425 4133 2663 4192 concedo
2692 4132 2852 4190 etiam
2881 4132 3187 4189 Douatistas
3210 4148 3425 4205 quoque
3448 4133 3640 4191 habere
3658 4129 3738 4187 Ba-
3764 4124 3765 4197 ἴ

2182 4230 2458 4301 ptismum,
2500 4243 2609 4284 non
2649 4225 2812 4283 debes
2858 4241 2925 4282 ex
2965 4223 3049 4281 his
3087 4224 3296 4281 duobus
3326 4226 3596 4295 concessis
3618 4219 3765 4296 quasii

2181 4329 2434 4392 sequatur
2448 4318 2787 4383 concludere,
2811 4333 2932 4375 cum
2947 4318 3039 4390 qui
3060 4316 3258 4374 habere
3276 4317 3606 4397 Baptismum
3616 4312 3735 4379 velit,
3764 4348 3765 4351 η

2180 4419 2236 4474 in
2265 4418 2521 4475 societate
2545 4414 2938 4471 Donatistarum
2965 4427 3084 4470 esse
3107 4411 3322 4469 debere.

2253 4509 2479 4569 CAPUT
2518 4507 2707 4565 XXIII.
2735 4505 2917 4562 —28.
2949 4504 3067 4562 Jam
3107 4521 3172 4560 ex
3217 4504 3316 4560 hoc
3357 4504 3518 4561 etiam
3546 4501 3633 4559 tibi
3658 4495 3735 4569 ipsi

2181 4620 2465 4664 occurrere
2489 4603 2655 4659 multa
2686 4615 2792 4658 non
2820 4599 3028 4663 dubito.
3049 4614 3167 4671 qua:
3195 4598 3441 4670 quamvis
3471 4596 3604 4654 bona
3632 4591 3733 4653 sint,

2181 4706 2239 4756 et
2261 4696 2329 4754 ad
2358 4695 2487 4751 utile
2512 4693 2707 4766 aliquid
2736 4692 2976 4749 instituta
3001 4733 3016 4759 ,
3056 4706 3163 4747 non
3190 4690 3441 4747 omnibus
3471 4701 3636 4747 tamen
3664 4683 3736 4741 ha-

2182 4788 2433 4846 bentibus
2458 4787 2567 4844 sint
2590 4785 2762 4853 utilia,
2793 4783 2889 4841 sed
2921 4781 3286 4840 tantummodo
3312 4782 3453 4840 bene
3480 4779 3735 4839 utentibus.

2182 4881 2316 4937 Nam
2353 4895 2476 4936 eam
2508 4878 2701 4936 eadem
2732 4877 2852 4934 luce
2887 4884 2944 4933 et
2978 4875 3095 4932 sani
3117 4874 3257 4931 oculi
3292 4875 3668 4947 perfunduntur
3699 4878 3738 4921 ct

2182 4971 2370 5039 saucii,
2395 4971 2511 5027 istis
2536 4970 2903 5042 adiumentum
2937 4975 3039 5035 est,
3080 4964 3185 5024 illis
3231 4976 3573 5024 tormentum.
3621 4963 3735 5020 Idem

2130 5111 2135 5116 .
2183 5065 2338 5124 cibus
2377 5064 2513 5122 alias
2548 5061 2884 5120 valetudines
2909 5059 3025 5129 alit,
3052 5059 3185 5116 alias
3213 5058 3361 5118 laedit
3389 5078 3405 5116 :
3434 5059 3571 5116 idem
3599 5052 3735 5115 incdi-

2182 5166 2487 5217 camentum
2538 5156 2640 5215 hos
2678 5166 2870 5228 curat,
2915 5155 3036 5213 illos
3073 5153 3315 5211 debilitat
3347 5172 3361 5210 :
3391 5153 3576 5239 eadem
3618 5159 3733 5206 arma

2182 5252 2320 5311 alios
2365 5253 2647 5319 muniunt,
2688 5250 2825 5306 alios
2869 5248 3199 5322 impediunt:
3224 5248 3412 5305 eadem
3455 5247 3611 5304 vestis
3643 5239 3731 5298 aliis

2187 5353 2492 5417 legumento
2534 5350 2636 5410 est,
2680 5341 2801 5397 aliis
2842 5339 3258 5410 implicamento.
3286 5338 3374 5395 Sic
3399 5337 3732 5409 ctBaptisnius

2183 5436 2304 5493 aliis
2326 5433 2467 5490 valet
2489 5432 2555 5488 ad
2580 5447 2824 5502 regnum,
2853 5430 2971 5486 aliis
2994 5429 3061 5485 ad
3080 5429 3365 5503 judicium.

2256 5524 2485 5585 CAPUT
2518 5522 2709 5581 XXIV.
2739 5554 2810 5567 ——
2833 5522 2924 5581 29.
2952 5520 3048 5579 llic
3074 5521 3229 5579 video
3249 5522 3377 5595 quid
3405 5530 3457 5580 te
3476 5520 3633 5595 possit
3647 5529 3730 5573 m0-

2186 5643 2333 5688 vere.
2378 5624 2629 5681 Fortasse
2666 5620 2807 5679 enim
2836 5618 2969 5677 dicis
2998 5618 3141 5692 quod
3172 5619 3227 5675 in
3254 5619 3340 5677 his
3366 5621 3605 5677 omnibus
3631 5607 3726 5673 nihil
3764 5624 3765 5692 ἐ

2258 5814 2275 5848 ι
2307 5812 2444 5873 miti,
2473 5807 2775 5866 docerentur.
2812 5811 2869 5859 Αῑ
2890 5810 3016 5868 Mss,
3045 5800 3318 5855 (laceram.
