3792 6132
41 367 132 424 £81
1434 358 1636 414 LIBER
1675 356 1949 415 PRIMUS.

43 479 379 537 ὃθεν-διηθηιί
451 474 983 536 commemoraverim
1038 492 1051 529 :
1107 471 1409 543 Baptismus
1460 482 1638 526 autem

43 584 285 632 sanctum
314 573 727 631 Sacramentum
755 579 856 638 est,
886 580 940 626 et
979 567 1102 625 ideo
1140 581 1245 622 non
1286 582 1407 623 esse
1448 579 1641 622 conse-

45 685 230 739 quem,
272 676 336 722 ut
383 669 430 722 si
471 666 538 722 de
577 679 727 731 auro,
757 662 826 720 de
865 663 1002 727 luce,
1039 661 1109 718 de
1149 660 1438 727 alimentis,
1466 673 1641 714 arma-

44 741 258 827 mentis,
292 757 628 814 indumentis
668 754 881 828 probari
908 754 1079 826 potuit
1107 751 1248 824 quod
1283 751 1399 805 aliis
1434 749 1639 806 haben-

46 855 179 909 tibus
220 862 352 923 apta
398 852 537 920 sint,
593 850 712 906 aliis
755 846 1204 914 inconvenientia,
1248 844 1491 916 quamvis
1536 843 1643 899 sint

47 944 177 1002 bona
203 953 260 1001 et
285 945 357 1001 ad
386 944 518 1000 utile
542 936 740 1015 aliquid
767 941 1004 997 instituta
1029 980 1043 1007 ,
1075 939 1329 995 continuo
1353 939 1512 994 etiam
1543 930 1645 992 Ba-

46 1039 269 1109 ptismus
323 1036 446 1092 aliis
489 1035 691 1106 prosit,
737 1034 856 1089 aliis
895 1032 1035 1089 obsit
1077 1030 1413 1086 habentibus.
1458 1027 1647 1083 Restat

46 1143 166 1200 ergo
192 1124 383 1184 adhuc
405 1127 700 1199 requirere,
731 1133 909 1181 utrum
932 1124 1091 1179 etiam
1132 1122 1219 1177 illa
1257 1120 1396 1178 bona
1431 1134 1550 1191 quae
1578 1118 1645 1174 ad

46 1220 208 1289 legem
240 1216 340 1276 Dei
373 1221 659 1290 pertinent,
685 1217 863 1272 omnia
890 1214 1136 1271 omnibus
1169 1212 1489 1269 habentibus
1525 1224 1647 1280 pro-

45 1312 161 1366 sint.
188 1308 307 1366 Hac
329 1308 625 1382 quaestione
646 1308 936 1381 proposita,
962 1306 1183 1361 intentio
1202 1313 1383 1359 nostra
1404 1311 1485 1359 est
1504 1300 1648 1373 quod

47 1419 137 1458 nec
160 1404 283 1475 ipsa
312 1403 494 1459 omnia
515 1402 761 1459 omnibus
784 1399 1101 1456 habentibus
1125 1398 1349 1470 prosint.
1386 1395 1536 1452 Hane
1564 1395 1650 1450 in-

50 1499 346 1551 tentionem
375 1506 615 1551 nostram
640 1493 765 1550 vide
794 1491 1244 1565 quemadmodum
1271 1489 1560 1562 probemus
1580 1502 1647 1543 ex

50 1589 495 1645 concessionibus
535 1587 751 1643 vestris.
796 1584 1105 1641 Conceditis
1145 1583 1287 1638 enim
1319 1582 1372 1636 in
1399 1581 1647 1637 omnibus

49 1680 381 1738 credendum
424 1694 546 1737 esse
585 1679 829 1752 aposmlo
873 1676 1059 1732 Paulo.
1088 1674 1269 1731 Teneo
1298 1687 1480 1727 unum.
1507 1671 1650 1727 Con-

52 1773 237 1829 ceditis
256 1773 422 1829 etiam
453 1769 702 1828 eumdem
723 1767 1022 1839 apostolum
1048 1764 1270 1833 dixisse,
1290 1762 1435 1818 Bona
1456 1771 1526 1817 est
1545 1762 1646 1818 lex.

54 1865 139 1919 llis
157 1863 378 1920 duobus
398 1862 697 1924 coniicitur,
724 1860 918 1915 bonam
946 1872 1065 1914 esse
1086 1857 1278 1928 legem,
1299 1855 1391 1911 sed
1414 1853 1650 1925 legitime

54 1957 324 2012 utentibus
350 1956 367 2025 (
392 1955 412 2011 1
436 1952 572 2010 Tim.
607 1969 645 2019 ι,
673 1949 765 2023 8).
794 1950 850 2007 Si
877 1964 1005 2021 ergo
1033 1965 1095 2005 ea
1122 1963 1228 2004 non
1255 1947 1493 2018 legitime
1521 1960 1650 2003 usus

56 2052 279 2123 quisque
326 2048 506 2116 fuerit,
547 2056 655 2104 non
697 2047 811 2118 ipsa
850 2045 910 2100 lit
952 2045 1110 2111 mala,
1158 2042 1253 2100 sed
1290 2051 1436 2099 certe
1477 2041 1653 2100 oberit

56 2144 223 2200 malis.

115 2228 354 2293 CAPUT
390 2222 559 2291 XXV.
589 2264 662 2274 —
698 2231 789 2289 '50.
835 2229 1102 2288 Fortassis
1146 2230 1293 2286 dices
1317 2272 1331 2295 ,
1380 2229 1652 2285 neminem

58 2344 207 2400 posse
233 2337 293 2385 et
318 2330 372 2385 in
395 2326 510 2399 lege
534 2341 674 2394 esse,
699 2334 754 2382 et
782 2316 898 2396 lege
926 2323 1062 2380 male
1086 2323 1160 2379 uti
1193 2341 1206 2376 :
1235 2322 1337 2378 hoc
1366 2323 1483 2393 ipso
1508 2322 1652 2377 enim

60 2420 192 2497 quod
210 2430 404 2478 contra
428 2422 595 2492 legem
625 2419 773 2484 vivit,
800 2433 907 2472 non
934 2428 1053 2472 esse
1086 2415 1137 2470 in
1170 2415 1285 2485 lege
1306 2422 1650 2470 monstratur.

61 2514 252 2571 Contra
286 2528 388 2585 ego
415 2511 555 2578 dico,
590 2510 705 2566 ﬁeri
731 2522 887 2581 posse
910 2514 965 2564 ut
993 2508 1216 2579 quisque
1241 2516 1293 2563 et
1326 2507 1377 2560 in
1405 2506 1522 2577 lege
1548 2507 1650 2575 sit,

62 2616 109 2663 et
134 2622 242 2665 non
286 2605 521 2678 legitime
560 2613 755 2659 utatur.
795 2601 947 2668 Quod
976 2601 1101 2657 item
1129 2597 1322 2655 vestris
1346 2599 1653 2655 concessio-

64 2700 208 2756 nibus
234 2701 428 2772 probo.
464 2695 768 2753 Conceditis
800 2693 942 2750 enim
976 2701 1326 2748 memoratum
1355 2692 1653 2762 apostolum

64 2793 426 2850 testimonium
469 2790 710 2862 posuisse
754 2786 822 2843 de
861 2785 1089 2841 Psalmis
1130 2783 1386 2839 adversus
1428 2799 1522 2840 eos
1564 2784 1655 2857 qui

65 2885 422 2957 gloriabantur
449 2884 502 2937 in
534 2882 649 2952 lege
670 2921 684 2947 ,
714 2888 767 2936 et
794 2877 1048 2934 vivebant
1073 2884 1255 2931 contra
1285 2875 1476 2945 legem.
1507 2875 1654 2932 Sicut

65 2978 303 3049 scriptum
332 2984 426 3041 est,
459 2972 649 3044 inquit,
675 2970 795 3044 quia
824 2985 923 3024 non
952 2978 1023 3022 est
1048 2969 1212 3036 iustus
1239 2966 1522 3037 quisquam,
1554 2982 1656 3022 non

67 3077 130 3123 est
151 3067 460 3139 intelligens,
492 3080 591 3118 non
622 3068 693 3116 est
718 3063 972 3131 inquirens
996 3056 1159 3113 Deum
1187 3072 1205 3110 :
1235 3073 1404 3110 omnes
1427 3056 1655 3110 declina-

66 3169 231 3215 verunt
255 3201 272 3226 ,
310 3155 466 3214 simul
496 3153 697 3210 inutiles
721 3153 843 3226 facti
864 3160 1011 3216 sunt;
1046 3166 1145 3204 non
1171 3156 1242 3203 est
1266 3150 1352 3220 qui
1380 3149 1534 3221 faciat
1564 3150 1654 3204 bo'-

68 3268 212 3322 num,
261 3269 365 3308 non
402 3258 476 3307 est
510 3264 667 3318 usque
700 3247 771 3300 ad
807 3262 983 3301 unum.
1027 3244 1331 3315 Sepulcrum
1373 3253 1549 3315 patens
1586 3252 1659 3299 est

70 3354 230 3415 guttur
251 3358 444 3409 eorum,
470 3339 655 3412 linguis
674 3338 786 3393 suis
808 3335 979 3392 dolose
1002 3336 1235 3407 agebant,
1258 3350 1499 3389 venenum
1519 3334 1660 3405 aspi-

70 3437 180 3492 dum
200 3435 297 3493 sub
324 3434 472 3491 labiis
500 3447 709 3498 eorum;
737 3446 953 3503 quorum
989 3444 1045 3483 os
1080 3426 1429 3482 maledictione
1447 3434 1495 3480 et
1517 3442 1659 3480 ama-

70 3529 281 3585 ritudine
299 3528 505 3601 plenum
522 3531 596 3580 est
616 3540 634 3578 :
656 3522 844 3578 veloces
863 3519 1011 3592 pedes
1031 3534 1203 3574 eorum
1217 3518 1286 3571 ad
1300 3512 1660 3585 e/fundendum

69 3622 376 3692 sanguinem,
404 3616 639 3673 contritio
664 3620 712 3670 et
739 3610 1009 3685 infelicitas
1033 3611 1087 3666 in
1113 3610 1204 3665 viis
1228 3624 1421 3673 eorum,
1452 3616 1500 3662 et
1525 3607 1658 3662 viam

72 3715 197 3782 pacis
228 3730 331 3768 non
359 3714 695 3783 cognoverunt
714 3725 735 3773 ;
773 3721 875 3759 non
912 3711 984 3759 est
1016 3703 1164 3757 timor
1196 3698 1295 3754 Dei
1331 3708 1446 3754 ante
1487 3698 1658 3754 oculos

72 3797 351 3860 eomm.‘Et
376 3818 446 3858 ne
469 3808 717 3873 putarent
744 3797 859 3852 hmc
884 3796 937 3851 in
964 3809 1057 3851 eos
1087 3792 1228 3850 dicta
1255 3791 1345 3864 qui
1375 3805 1480 3847 non
1506 3800 1660 3847 erant

74 3893 118 3949 in
153 3896 305 3968 lege,
346 3892 601 3950 continuo
643 3888 869 3960 subjecit
912 3904 931 3941 :
973 3885 1174 3942 Scimus
1211 3893 1380 3938 autem
1420 3882 1659 3955 quoniam

73 4005 385 4059 qutecumque
421 3987 503 4041 lea:
528 3984 684 4051 dicit,
717 3983 795 4037 Itis
818 3981 904 4053 qui
936 3980 989 4034 in
1019 3980 1126 4050 lege
1164 3985 1281 4033 sunt
1319 3977 1575 4047 loquitur;
1602 3985 1660 4029 ut

76 4097 206 4137 omne
242 4098 298 4136 os
333 4079 649 4144 obstruatur,
690 4083 735 4130 et
784 4089 900 4128 reus
949 4073 1039 4142 ﬁat
1079 4070 1242 4124 omnis
1285 4068 1504 4123 mundus
1548 4064 1657 4121 Deo

76 4172 237 4241 (itam.
268 4189 345 4236 ut,
378 4167 586 4242 10-19).
618 4167 748 4223 item
782 4164 885 4219 alio
910 4164 1027 4218 loco
1055 4160 1184 4217 dicit
1216 4179 1228 4214 :
1267 4159 1403 4229 Quid
1426 4175 1544 4231 ergo
1573 4157 1656 4212 di-

76 4267 258 4324 cimus?
296 4265 407 4322 Lea;
432 4272 694 4337 peccatum
719 4259 825 4316 est?
843 4257 1001 4312 Absit.
1031 4255 1136 4312 Sed
1161 4262 1419 4326 peccatum
1444 4270 1546 4308 non
1571 4268 1658 4308 co-

76 4360 229 4431 gnovi,
263 4359 361 4414 nisi
389 4374 481 4430 per
506 4355 666 4427 legem
694 4369 711 4407 :
737 4368 856 4407 nam
876 4347 1328 4419 concupiscentiam
1354 4344 1654 4415 nesciebam,

78 4453 164 4507 nisi
186 4453 270 4508 lea:
291 4450 513 4514 diceret,
544 4446 598 4501 Ν
602 4463 666 4500 on
699 4443 1036 4515 concupisces.
1077 4439 1354 4494 Occasione
1377 4446 1543 4495 autem
1571 4453 1658 4491 ac—

78 4553 238 4615 cepta,
280 4548 544 4615 peccatum
593 4554 682 4609 per
723 4533 1018 4590 ntandatum
1066 4538 1327 4602 operatum
1363 4537 1435 4583 est
1480 4527 1536 4582 in
1578 4543 1659 4582 me

80 4651 262 4692 omnem
285 4631 759 4705 concupiscentiam.
791 4628 921 4685 Item
951 4626 1109 4697 paulo
1136 4632 1258 4695 post
1299 4640 1313 4677 :
1351 4619 1656 4688 Peccatum,

78 4732 254 4803 inquit,
285 4736 497 4798 accepta
517 4723 780 4780 occasione
808 4736 898 4793 per
918 4718 1209 4774 mandatum
1232 4758 1247 4783 ,
1281 4715 1461 4789 fefellit
1487 4732 1583 4780 me,
1612 4723 1660 4770 ct

79 4840 152 4892 per
185 4823 321 4880 illud
358 4820 562 4877 occidit.
608 4815 791 4888 Itaque
815 4815 899 4868 lea;
924 4810 1122 4883 quidem
1145 4818 1340 4875 sancta,
1369 4817 1415 4862 et
1440 4806 1656 4861 manda-

82 4923 171 4973 tum
194 4920 427 4972 sanctum
448 4921 496 4966 et
512 4913 711 4984 justum
738 4915 785 4963 et
812 4906 1017 4961 bonum.
1048 4902 1198 4971 Quod
1220 4917 1337 4973 ergo
1361 4899 1547 4955 bonum
1563 4908 1656 4966 est,

83 5010 191 5064 mihi
211 5012 404 5081 factum
428 5015 500 5061 est
526 5019 663 5058 mors
677 5002 703 5056 .9
728 4999 909 5055 Absit:
934 4996 1023 5051 sed
1046 5003 1322 5067 peccatum,
1346 5003 1399 5047 ut
1419 5000 1662 5064 appareat

86 5110 358 5168 peccatum,
396 5114 491 5169 per
513 5096 697 5152 bonum
724 5092 848 5148 mihi
870 5098 1133 5163 operatum
1170 5093 1240 5143 est
1273 5096 1483 5141 mortem
1529 5082 1658 5158 (Id.

85 5208 164 5260 vu,
184 5194 319 5251 7-13
336 5194 377 5263 ).
419 5188 664 5246 Attendis
689 5184 1136 5259 quemadmodum
1164 5180 1283 5253 lege
1309 5179 1539 5249 laudata,
1567 5193 1663 5235 eos

90 5287 163 5357 qui
191 5287 240 5341 in
269 5286 385 5357 lege
408 5290 535 5339 sunt
562 5280 775 5351 arguit,
805 5283 1066 5351 quotquot
1091 5289 1155 5330 ea
1179 5272 1318 5329 male
1344 5270 1541 5327 utendo
1564 5284 1661 5341 per

89 5378 268 5435 bonum
293 5376 568 5435 habebant
599 5372 820 5430 malum.
862 5371 992 5426 Item
1031 5369 1146 5439 ipse
1170 5365 1457 5437 Apostolus
1482 5364 1659 5420 scien-

93 5473 203 5527 tiam
230 5470 515 5545 quamdam
541 5483 610 5526 ex
636 5467 771 5539 lege,
803 5478 962 5536 quam
992 5470 1047 5518 et
1074 5475 1136 5517 se
1159 5459 1358 5516 habere
1377 5456 1588 5513 dicebat
1607 5465 1663 5514 et

93 5562 210 5619 alios
231 5605 245 5632 ,
275 5565 392 5619 sine
431 5560 691 5618 charitate
720 5566 894 5612 tamen
928 5552 1164 5609 inutilem
1188 5551 1317 5607 dicit
1340 5559 1397 5606 et
1424 5548 1659 5605 noxiam.

95 5651 166 5709 De
185 5655 459 5726 sacriﬁciis,
486 5651 676 5724 inquit,
695 5648 949 5704 idolorum
968 5646 1152 5701 scimus
1170 5643 1290 5716 quia
1308 5650 1480 5698 omnes
1501 5642 1663 5698 scien-

96 5748 202 5803 tiam
238 5749 497 5804 habemus.
545 5743 771 5803 Scientia
813 5740 984 5811 inﬂat,
1025 5739 1248 5794 charitas
1284 5752 1401 5792 vero
1442 5736 1664 5806 cedi/ient

96 5841 111 5905 ί
133 5839 152 5897 Ι
176 5840 283 5897 Cor.
310 5856 404 5898 vut
430 5881 443 5909 ,
477 5840 501 5894 i
529 5836 573 5910 ).
615 5834 845 5893 Proinde
870 5841 925 5890 et
950 5833 1051 5889 ista
1079 5830 1302 5887 scientia
1328 5831 1569 5903 quamvis
1593 5831 1659 5886 ad

1754 469 1924 541 legem
1956 468 2049 524 Dei
2080 468 2359 539 pertineat,
2383 468 2429 524 si
2456 468 2507 524 in
2535 467 2713 540 aliquo
2733 468 2849 526 sine
2869 469 3129 528 charitate
3158 470 3339 541 fuerit,

1747 559 1965 616 innatet
1982 564 2159 616 nocet.
2182 559 2342 627 Quid,
2374 559 2441 616 de
2468 561 2584 632 ipso
2610 576 2836 632 corpore
2860 573 2915 619 et
2947 564 3207 635 sanguine
3235 565 3341 620 Do-

1748 651 1899 716 mini,
1934 651 2091 707 unico
2118 651 2380 708 Sacriﬁcio
2411 664 2507 722 pro
2529 654 2698 709 salute
2723 663 2926 721 nostra,
2953 655 3197 725 quamvis
3223 656 3341 726 ipso

1749 738 2007 800 Dominus
2031 744 2172 801 dicat
2196 744 2235 812 ί,
2262 740 2381 799 Nisi
2400 746 2511 816 quis
2530 744 2906 801 manducauerit
2926 762 3130 801 carnem
3152 758 3340 814 meum,

1750 843 1795 890 et
1842 834 2019 892 biberit
2062 838 2358 907 sanguinem
2396 853 2580 903 meum,
2624 854 2728 895 non
2766 837 2963 893 habebit
3000 838 3055 893 in
3095 854 3150 893 se
3190 841 3344 894 vitam

1755 924 1955 999 (Joan.
1981 943 2054 995 vr,
2085 926 2193 998 54)
2229 945 2241 983 :
2274 941 2453 983 nonne
2495 928 2634 984 idem
2676 930 2947 999 apostolus
2986 929 3143 986 docet
3182 931 3344 987 etiam

1751 1017 1853 1075 hoc
1883 1019 2237 1089 perniciosum
2264 1018 2404 1074 male
2430 1019 2699 1075 utentibus
2725 1019 2872 1076 fieri?
2892 1021 2983 1075 Ait
3002 1023 3145 1077 enim
3170 1039 3185 1078 :
3215 1021 3343 1089 Qui-

1751 1104 1963 1182 cumque
1988 1111 2364 1167 manducaverit
2393 1130 2596 1185 panem,
2628 1124 2673 1169 et
2702 1112 2876 1168 biberit
2904 1115 3108 1169 calicem
3137 1114 3346 1172 Domini

1751 1201 1976 1273 indigne,
2010 1218 2125 1258 reus
2150 1204 2242 1258 erit
2268 1205 2493 1276 corporis
2523 1213 2566 1259 et
2601 1206 2862 1278 sanguinis
2903 1204 3110 1262 Domini
3134 1205 3193 1278 (Ι
3221 1207 3342 1265 Cor.

1751 1304 1827 1360 ιι,
1854 1293 1926 1349 27
1946 1293 1989 1366 ).
3383 1321 3413 1366 ς

1826 1384 2052 1442 CAPUT
2071 1382 2262 1443 XXVI.
2288 1419 2357 1427 —
2381 1388 2469 1444 31.
2507 1387 2645 1445 Ecce
2674 1388 3121 1459 quemadmodum
3149 1391 3348 1449 obsunt

1754 1474 1933 1531 divina
1962 1484 2017 1531 et
2051 1486 2233 1532 sancta
2270 1478 2410 1534 male
2447 1478 2720 1535 utentibus
2749 1499 2762 1536 :
2791 1495 2887 1535 cur
2915 1496 3023 1536 non
3055 1480 3159 1537 hoc
3187 1478 3349 1539 modo

1755 1576 1811 1623 et
1859 1567 2205 1639 Baptismus?
2247 1570 2353 1627 Cur
2398 1587 2505 1627 non
2555 1574 2627 1628 ita
2664 1574 2713 1629 in
2753 1573 2895 1630 bono
2927 1574 3200 1646 Baptismo
3240 1594 3349 1634 non

1754 1668 1881 1715 sunt
1916 1660 2043 1717 boni
2074 1661 2334 1731 hmretici,
2369 1662 2638 1735 quomodo
2669 1665 2718 1720 in
2748 1664 2886 1720 bona
2917 1666 3035 1738 lege
3080 1683 3186 1723 non
3224 1679 3351 1725 sunt

1754 1749 1878 1808 boni
1896 1751 2110 1808 Judaei?
2134 1752 2252 1810 Iam
2277 1766 2423 1811 certe
2451 1750 2691 1826 probavi,
2717 1757 3134 1817 concedentibus
3160 1761 3346 1829 vobis;

1755 1843 2183 1917 quandoquidem
2224 1847 2389 1904 Paulo
2417 1864 2512 1905 vos
2539 1848 2778 1917 credere,
2812 1858 2868 1907 et
2896 1852 3198 1910 testimonia
3226 1871 3347 1927 qua:

1757 1935 1825 1992 de
1863 1935 2155 2008 Scripturis
2185 1941 2369 2011 posui,
2408 1939 2630 1996 Paulum
2657 1940 2859 1999 dixisse
2886 1943 3209 2013 conceditis;
3233 1946 3348 2017 jam

1757 2045 1884 2101 ergo
1915 2032 2133 2102 probavi
2174 2033 2608 2091 concessionibus
2641 2036 2829 2091 vestris
2850 2079 2865 2101 ,
2901 2035 3145 2109 quzcdam
3185 2039 3350 2096 etiam

1756 2121 1896 2179 bona
1937 2125 2206 2197 legitima,
2252 2127 2444 2184 obesse
2491 2134 2668 2183 tamen
2718 2144 2823 2184 non
2862 2129 3097 2200 legitime
3146 2128 3351 2189 haben-

1760 2218 1903 2276 tibus
1950 2231 2005 2277 et
2053 2222 2325 2279 utentibus
2387 2240 2400 2277 :
2457 2238 2553 2279 cur
2611 2238 2718 2296 non
2769 2223 2843 2279 ita
2897 2233 2952 2280 et
3000 2223 3350 2296 Baptismus,

1759 2316 2004 2383 quamvis
2029 2316 2203 2371 bonus
2228 2325 2283 2372 et
2302 2316 2593 2388 legitimus,
2623 2290 2728 2373 non
2769 2327 2947 2373 tamen
2975 2317 3228 2375 omnibus
3253 2290 3353 2376 ha;

1760 2404 2010 2463 bentibus
2041 2407 2289 2477 prodest?
2319 2408 2398 2463 Tu
2429 2417 2678 2479 tanquam
2700 2409 3053 2465 certi5simum
3083 2418 3137 2466 et
3163 2425 3356 2468 conse-

1762 2498 2171 2568 quentissimum
2220 2499 2668 2567 concludebas,in
2707 2508 2859 2570 parte
2892 2500 3081 2556 Donati
3110 2515 3230 2558 esse
3256 2500 3357 2559 ho-

1762 2590 1961 2644 minem
1992 2589 2396 2662 baptizandum,
2429 2592 2547 2663 quia
2579 2607 2678 2648 nos
2714 2591 2875 2648 etiam
2905 2593 2975 2648 ibi
3006 2608 3128 2650 esse
3156 2608 3357 2653 concc-

1760 2681 1936 2736 dimus
1962 2681 2283 2752 Baptismum
2316 2701 2329 2736 :
2359 2699 2457 2740 nec
2485 2683 2795 2740 attendebas
2839 2700 2998 2756 posse
3025 2702 3125 2743 nos
3152 2687 3357 2759 dicere,

1762 2787 1883 2830 esse
1906 2773 1977 2829 ibi
1997 2774 2208 2845 quidem
2236 2774 2560 2846 Baptismum
2588 2773 2785 2832 Christi
2811 2777 3013 2848 justum
3034 2821 3048 2846 ,
3083 2791 3353 2850 sanctum,

1763 2874 1817 2920 et
1856 2864 2078 2931 bonum,
2121 2866 2213 2922 sed
2262 2869 2549 2938 poenalem,
2599 2868 2946 2935 contrarium,
2992 2871 3357 2941 perniciosum

1764 2955 1994 3012 inimicis
2021 2958 2263 3028 corporis
2290 2956 2523 3025 Christi,
2555 2958 2696 3031 quod
2723 2967 2807 3016 est
2831 2960 3091 3031 Ecclesia,
3120 2979 3239 3034 quas
3264 2980 3356 3023 se-

1763 3055 1995 3111 cundum
2011 3054 2272 3125 promissa
2291 3051 2467 3108 divina
2486 3054 2539 3108 in
2561 3052 2806 3110 omnibus
2818 3055 3063 3126 gentibus
3084 3056 3358 3118 dilatatur.

1835 3145 2060 3205 CAPUT
2088 3143 2301 3203 XXVII.
2330 3176 2399 3186 ——
2424 3144 2512 3201 52.
2533 3144 2797 3217 Numquid
2827 3147 2915 3203 hic
2943 3149 3068 3220 quid
3099 3150 3246 3207 dicas
3271 3152 3360 3208 in-

1763 3243 1969 3310 venies,
2004 3240 2107 3296 nisi
2126 3255 2235 3296 non
2260 3240 2314 3295 in
2344 3240 2424 3296 eis
2445 3238 2599 3295 bonis
2628 3239 2695 3295 ad
2719 3240 2810 3297 Dei
2840 3240 3011 3312 legem
3042 3244 3362 3313 pertinenti-

1764 3334 1864 3390 bus
1888 3333 2247 3407 deputandum
2284 3348 2404 3389 esse
2438 3332 2772 3402 Baptismum
2793 3374 2810 3402 ,
2843 3351 2962 3406 quae
3003 3345 3227 3407 possunt
3254 3337 3358 3393 lto-

1732 3422 1748 3438 ⁸
1765 3428 1935 3483 mines
1960 3436 2013 3483 et
2040 3427 2237 3483 habere
2261 3434 2315 3481 et
2341 3425 2466 3481 bOni
2494 3440 2601 3480 non
2629 3440 2749 3481 esse
2775 3444 2788 3480 :
2821 3426 2914 3482 sed
2942 3427 3108 3497 ipsam
3140 3428 3358 3499 quidem

1764 3520 1937 3591 legem
1979 3530 2033 3575 et
2058 3518 2337 3575 scientiam
2368 3527 2420 3573 et
2443 3517 2759 3573 sacriﬁcium
2791 3520 3035 3590 corporis
3060 3530 3114 3575 et
3136 3523 3357 3594 sangui-

1764 3612 1848 3667 nis
1874 3611 2069 3667 Christi
2118 3610 2242 3666 talia
2284 3611 2423 3667 bona
2463 3625 2603 3677 esse,
2648 3625 2768 3681 quae
2795 3611 3001 3681 possint
3032 3610 3278 3670 homines
3302 3624 3360 3672 et

1765 3703 1962 3760 habere
1979 3713 2034 3759 et
2054 3703 2175 3759 mali
2190 3716 2310 3759 esse
2332 3720 2343 3757 :
2367 3702 2695 3772 Baptismum
2718 3716 2847 3757 vero
2865 3702 2969 3758 tale
2990 3702 3187 3759 bonum
3209 3719 3350 3773 esse,

1763 3795 1904 3867 quod
1929 3795 2168 3867 quisquis
2194 3794 2458 3860 habuerit,
2478 3794 2779 3851 necessario
2807 3794 2980 3851 bonus
3005 3797 3111 3851 sit?
3141 3798 3291 3866 Quod
3309 3801 3359 3857 si

1763 3888 1941 3944 dicere
1958 3888 2254 3953 volueritis,
2270 3886 2461 3944 falsum
2484 3888 2672 3944 dicetis
2704 3906 2716 3944 :
2741 3898 2793 3944 et
2818 3888 2942 3945 ideo
2957 3890 3083 3961 quid
3099 3891 3241 3948 aliud
3256 3893 3356 3952 fal-

1765 3996 1882 4038 sum
1911 3991 2266 4053 consequatur
2289 3980 2526 4038 attende.
2555 3982 2707 4051 Quod
2738 3998 2847 4039 non
2883 3983 3002 4040 ideo
3029 4000 3358 4045 commemo-

1764 4074 1915 4142 rabo,
1943 4083 2001 4130 ut
2046 4091 2112 4131 ex
2155 4075 2245 4131 illo
2273 4084 2364 4132 tuo
2390 4075 2525 4132 l‘also
2553 4076 2617 4131 ad
2660 4076 2763 4131 alia
2806 4075 2939 4132 falsa
2979 4087 3030 4135 te
3057 4079 3355 4152 adducam;

1765 4166 1858 4222 sed
1886 4175 1942 4221 ut
1984 4167 2085 4223 hoc
2120 4183 2454 4239 consequens
2481 4184 2602 4224 cum
2634 4168 2823 4225 falsum
2852 4185 2976 4227 esse
3013 4176 3350 4245 cognoveris,

1764 4267 1825 4314 ut
1848 4259 1869 4289 ³
1895 4259 1961 4315 ab
1983 4258 2087 4315 hoc
2112 4267 2164 4315 te
2190 4260 2403 4327 liberes,
2449 4261 2580 4316 illud
2609 4261 2751 4331 quod
2790 4263 3045 4331 praecedit
3072 4266 3350 4323 emendes.

1765 4348 1900 4420 Quid
1926 4365 2053 4421 ergo
2077 4349 2368 4422 praecedit?
2397 4350 2477 4405 Ex
2502 4349 2655 4406 vobis
2680 4366 2868 4408 omnes
2895 4353 2987 4424 qui
3026 4353 3224 4412 habent
3257 4357 3358 4413 bo-

1764 4457 1892 4496 num
1944 4441 2269 4513 Baptismum
2314 4441 2484 4497 bonos
2519 4457 2675 4511 esse;
2706 4442 2848 4515 quod
2887 4453 2971 4501 est
3011 4444 3207 4504 falsum
3244 4450 3358 4506 evi-

1766 4532 2067 4602 dens.Quid
2090 4533 2471 4604 consequitur?
2489 4533 2667 4589 Bonos
2692 4532 2857 4591 fuisse
2882 4536 3092 4594 scilicet
3118 4539 3238 4597 illos
3262 4543 3357 4612 qui

1764 4626 2050 4683 schismata
2103 4625 2404 4693 faciebant,
2463 4627 2703 4685 dicentes
2749 4646 2762 4683 :
2819 4628 2934 4702 Ego
2984 4633 3190 4704 quidem
3240 4653 3356 4691 sunt

1766 4719 1948 4787 Pauli,
1980 4736 2071 4792 ego
2092 4729 2262 4774 autem
2288 4718 2473 4790 (Iephte
2496 4764 2512 4787 ,
2543 4737 2635 4793 ego
2664 4731 2832 4776 autem
2859 4720 3066 4779 Christi.
3093 4723 3239 4792 Quos
3263 4742 3356 4783 ar-

1764 4825 1931 4882 guens
1957 4811 2266 4881 Apostolus,
2301 4811 2377 4866 ait
2406 4829 2420 4865 :
2451 4811 2659 4868 Divisus
2686 4820 2760 4868 est
2787 4812 3061 4870 Christus?
3088 4814 3355 4890 Numquid

1767 4900 1965 4958 Paulus
2004 4920 2096 4972 pro
2136 4905 2273 4959 vobis
2296 4905 2570 4977 cruciﬁxus
2604 4906 2717 4960 est?
2758 4915 2847 4960 aut
2874 4906 2930 4962 in
2957 4910 3160 4965 nomine
3196 4910 3358 4969 Pauli

1767 4996 2006 5068 baptizati
2032 4998 2147 5053 estis
2178 4997 2288 5070 (Id.
2319 5013 2357 5065 ι,
2384 4998 2470 5063 12,
2499 4998 2591 5069 15)
2611 4998 2634 5052 ?
2653 4995 2759 5053 Sed
2781 4996 2973 5057 falsum
3000 5010 3084 5059 est
3102 5004 3246 5076 quod
3268 5008 3358 5063 isti

1766 5088 1893 5146 boni
1921 5100 2093 5156 erant,
2121 5091 2357 5161 exceptis
2381 5090 2458 5146 eis
2482 5091 2570 5162 qui
2598 5091 2865 5161 dicebant,
2888 5093 3001 5168 Ego
3017 5106 3186 5154 autem
3208 5098 3358 5155 Chri-

1765 5183 1833 5239 sti
1859 5200 1879 5238 :
1902 5192 1956 5240 et
1977 5192 2153 5240 tamen
2178 5183 2430 5255 baptizati
2450 5194 2602 5241 erant
2631 5195 2817 5244 sancto
2839 5188 3112 5260 Baptismo
3135 5193 3353 5252 Christi.

1769 5277 1882 5333 Hoc
1928 5278 2107 5350 itaque
2147 5277 2336 5335 falsum
2366 5294 2532 5349 quare
2559 5288 2802 5337 secutum
2831 5283 2954 5339 est?
2993 5284 3126 5355 Quia
3164 5286 3355 5343 falsum

1766 5370 2074 5442 praecessit,
2104 5383 2293 5426 omnes
2315 5369 2572 5427 habentes
2596 5372 2798 5429 bonum
2825 5374 3158 5447 Baptismum
3181 5377 3354 5433 bonos
3410 5435 3431 5447 Α

1767 5476 1905 5518 esse.
1958 5461 2249 5532 Utrumque
2282 5473 2413 5533 ergo
2455 5471 2772 5534 respuatur,
2818 5474 3045 5539 utraque
3093 5469 3358 5524 sententia
3416 5454 3436 5474 ³

1766 5554 2065 5626 corrigatur
2104 5571 2119 5608 :
2161 5562 2219 5611 ut
2264 5555 2517 5627 quoniam
2562 5555 2906 5614 manifestum
2950 5566 3052 5625 est,
3098 5559 3229 5616 istos
3266 5560 3359 5632 qui

1832 5712 1863 5775 ίν
1885 5669 2101 5775 vetere;
2113 5707 2306 5775 codices
2335 5709 2530 5775 optimae
2565 5716 2731 5775 noue,‘
2753 5707 2981 5775 quatiam
3009 5708 3112 5775 ipse
3129 5707 3362 5765 Dominus

1766 5773 1901 5826 dicit.
1924 5773 2309 5837 Qgiranueusis,
2333 5769 2445 5822 cum
2464 5770 2567 5837 ipse
2590 5769 2819 5837 Dominus
2837 5769 2987 5823 dicat.

1829 5840 1851 5871 ²
1884 5832 2125 5900 [ικίζυεᾱ.
2151 5841 2205 5886 et
2226 5841 2333 5886 ων.
2358 5832 2585 5887 omittunt
2606 5832 2839 5896 vocatam,
2864 5839 2944 5896 ut;
2962 5833 3155 5887 melius.
3218 5840 3282 5889 tl.
