3792 6156
118 260 252 323 465

117 392 254 435 non
277 374 514 432 audetis.
543 369 805 444 Numquid
825 365 966 442 apud
989 365 1352 426 Samaritanos
1376 366 1743 434 circumcisus,

117 469 189 524 si
213 467 331 524 fieri
355 475 490 522 tunc
513 465 672 521 vellet
697 461 914 520 Judaeus
936 503 952 530 ,
978 467 1165 533 posset
1187 459 1382 516 iterum
1406 457 1751 515 circumcidi?

120 562 338 619 Nonne
374 561 520 616 illius
547 558 778 615 hominis
815 571 971 614 error
1007 555 1388 626 corrigeretur,
1419 553 1751 628 signaculum

121 664 330 712 autem
353 653 482 711 ﬁdei
499 652 734 725 agnitum
752 649 1106 724 probaretur?
1132 647 1202 705 Et
1221 662 1362 704 nunc
1382 655 1510 703 sunt
1528 646 1748 718 quidam

125 747 393 806 hteretici
428 747 519 819 qui
542 762 602 803 se
618 745 943 810 Nazarenos,
967 750 1182 807 vocant,
1212 756 1243 796 a
1273 740 1546 798 nonnullis
1570 750 1749 797 autem

123 839 550 913 Symmachiani
578 837 934 909 appellantur,
971 845 1027 892 et
1054 834 1516 891 circumcisionem
1554 831 1753 888 habent

126 932 456 989 Iudaeorum
475 939 533 988 et
558 931 888 1002 Baptismum
910 926 1340 984 Christianorum
1384 943 1396 978 :
1438 940 1501 980 ac
1526 940 1622 996 per
1649 924 1753 979 hoc

129 1021 601 1095 quemadmodum
628 1022 674 1078 si
697 1020 817 1092 quis
837 1034 1027 1077 eorum
1057 1018 1124 1074 ad
1149 1017 1362 1075 Judteos
1390 1017 1618 1078 venerit,
1644 1030 1752 1072 non

127 1123 332 1187 potest
351 1115 544 1172 iterum
570 1113 879 1170 circumcidi
901 1128 916 1178 ;
944 1111 1024 1168 sic
1042 1125 1162 1167 cum
1184 1109 1251 1166 ad
1273 1124 1371 1166 nos
1393 1108 1618 1176 venerit,
1644 1122 1750 1163 non

124 1207 314 1264 debet
336 1208 526 1263 iterum
552 1204 832 1276 baptizari.
855 1202 1046 1259 Adhuc
1070 1201 1263 1258 dicturi
1289 1201 1419 1257 estis
1445 1219 1458 1256 :
1489 1198 1644 1256 Aliud
1671 1207 1754 1254 est

127 1299 494 1356 circumcisio
517 1297 848 1365 Judasorum,
878 1295 1022 1351 aliud
1069 1295 1372 1366 Baptismus
1417 1293 1752 1349 Christiano-

128 1408 293 1451 rum.
324 1391 430 1449 Sed
461 1406 583 1448 cum
623 1390 712 1446 illa
754 1388 942 1446 umbra
979 1388 1142 1444 fuerit
1167 1387 1325 1459 hujus
1348 1387 1588 1442 veritatis
1613 1428 1629 1455 ,
1658 1400 1753 1441 cur

129 1484 239 1542 illa
284 1483 623 1540 circumcisio
666 1491 720 1539 et
770 1481 911 1552 apud
951 1480 1236 1537 haereticos
1276 1478 1583 1536 Iudaeorum
1632 1492 1752 1532 esse

135 1575 351 1647 potuit,
396 1575 498 1631 iste
535 1582 711 1630 autem
754 1573 1060 1644 Baptismus
1101 1570 1241 1643 apud
1275 1570 1557 1627 haereticos
1599 1567 1753 1625 Chri-

136 1669 452 1726 stianorum
483 1683 589 1724 non
613 1675 791 1739 potest
817 1666 976 1723 esse?

218 1762 314 1817 57.
346 1761 590 1817 Proferte
617 1766 765 1815 certe
789 1758 1024 1828 aliquem
1041 1756 1110 1813 de
1136 1756 1428 1827 Scripturis
1450 1753 1748 1823 canonicis,

137 1867 376 1924 quarum
399 1851 555 1908 nobis
579 1857 662 1908 est
693 1848 993 1905 communis
1011 1849 1302 1904 auctoritas
1329 1849 1368 1915 ¹,
1390 1847 1460 1903 ab
1484 1845 1753 1902 litereticis

135 1944 461 2000 venientem
499 1940 678 1998 denuo
721 1940 1071 2010 baptizatum.
1116 1938 1252 1994 Nam
1294 1938 1435 2009 quod
1479 1938 1755 2010 jusserunt

139 2034 404 2106 Apostoli
427 2032 688 2105 quosdam
720 2039 842 2102 post
864 2029 1086 2087 Joannis
1106 2029 1431 2100 baptismum
1458 2028 1513 2083 in
1533 2026 1754 2084 Christo

143 2126 456 2200 baptizari,
487 2125 645 2198 longe
669 2123 773 2180 alia
803 2137 962 2179 causa
992 2129 1096 2178 est.
1131 2120 1318 2192 Neque
1345 2121 1487 2176 enim
1518 2120 1753 2176 Joannes

141 2219 446 2276 luereticus
471 2218 591 2287 fuit,
617 2218 822 2274 amicus
848 2215 939 2272 ille
959 2215 1142 2288 sponsi
1173 2213 1354 2286 (Joan.
1387 2230 1466 2281 III,
1503 2212 1618 2283 ‘29),
1649 2227 1755 2282 quo

144 2328 318 2372 nemo
341 2312 580 2369 surrexit
593 2311 764 2383 major
783 2310 840 2365 in
854 2309 993 2366 natis
1009 2307 1290 2364 mulierum
1305 2306 1516 2378 (Matth.
1538 2321 1618 2372 ιιι,
1637 2303 1749 2378 11).

145 2408 342 2480 Longe
380 2420 509 2479 ergo
549 2405 655 2461 alia
699 2419 860 2461 causa
884 2411 968 2460 est
1000 2421 1014 2458 :
1045 2401 1280 2472 alioquin
1325 2401 1370 2455 si
1414 2399 1612 2455 Paulus
1635 2406 1757 2468 post

147 2500 420 2557 Joannem
472 2497 804 2570 baptizavit,
844 2510 967 2551 cum
1019 2493 1179 2550 ambo
1216 2493 1271 2548 in
1311 2493 1518 2547 unitate
1558 2490 1756 2547 Christi

149 2589 397 2658 fuerint;
424 2597 625 2662 quanto
649 2587 818 2659 magis
841 2586 1042 2643 debent
1080 2585 1319 2657 episcopi
1347 2585 1511 2641 vestri
1532 2584 1623 2655 qui
1654 2598 1715 2641 se
1733 2585 1754 2616 ²

151 2685 211 2741 in
245 2683 456 2740 unitate
474 2680 672 2737 Christi
702 2693 823 2736 esse
843 2678 1046 2746 dicunt,
1073 2677 1346 2748 baptizare
1373 2683 1499 2747 post
1525 2675 1757 2747 collegas

151 2791 309 2841 suos,
341 2776 398 2831 in
422 2775 616 2847 quibus
659 2773 880 2844 collegis
918 2786 1099 2828 mores
1127 2771 1334 2842 aliquos
1372 2778 1517 2826 recte
1569 2784 1756 2840 repre-

153 2868 438 2934 hendunt,
461 2882 584 2924 cum
610 2865 713 2922 hoc
740 2864 925 2920 fecerit
949 2862 1144 2919 Paulus
1164 2905 1178 2929 ,
1211 2862 1300 2933 qui
1328 2861 1457 2917 nihil
1487 2861 1658 2932 potuit
1702 2860 1756 2922 in

153 2963 370 3020 Joanne
418 2958 860 3033 reprehendere?
885 2957 1027 3028 Ergo
1051 2956 1143 3012 illa
1169 2955 1274 3010 alia
1303 2968 1464 3009 causa
1489 2963 1571 3009 est
1591 2995 1607 3023 ,
1653 2954 1760 3009 alia

155 3056 301 3113 ratio
319 3096 335 3122 ,
370 3054 440 3111 de
468 3069 571 3124 qua
599 3068 740 3108 nunc
767 3052 1031 3108 disserere
1065 3051 1282 3121 longum
1309 3058 1429 3118 est,
1458 3058 1514 3105 et
1556 3048 1611 3102 in
1641 3047 1760 3104 aliis

157 3147 438 3219 opusculis
466 3146 665 3202 nostris
703 3144 829 3200 hinc
857 3145 1020 3199 multa
1043 3144 1152 3213 jam
1179 3142 1431 3197 diximus.
1458 3141 1541 3195 Ab
1583 3139 1758 3194 haere-

159 3240 288 3296 ticis
314 3253 444 3310 ergo
477 3237 782 3295 venientem
824 3236 1047 3308 probate
1090 3234 1142 3288 in
1171 3232 1459 3303 Scripturis
1487 3231 1759 3287 canonicis

157 3332 344 3390 denuo
371 3331 718 3401 baptizatum.
750 3328 881 3383 Nam
907 3337 961 3384 et
985 3341 1083 3382 nos
1110 3324 1430 3396 proferimus
1464 3324 1630 3380 Petro
1681 3323 1762 3378 di-

156 3436 333 3493 ctum,
368 3426 468 3494 Qui
497 3425 634 3480 lotus
665 3433 738 3478 est
761 3424 930 3489 semel,
953 3438 1052 3476 non
1083 3437 1209 3493 opus
1229 3419 1374 3474 habet
1399 3420 1582 3474 iterum
1603 3417 1762 3473 lavari

161 3517 349 3588 (Joan.
397 3531 510 3582 λιιι,
551 3513 659 3586 I0).
688 3514 793 3570 Sed
836 3514 998 3570 etiam
1023 3526 1120 3568 vos
1165 3511 1343 3566 dicitis
1379 3527 1391 3564 :
1427 3510 1616 3565 Petrus
1652 3525 1761 3565 non

164 3610 342 3666 fuerat
379 3608 522 3680 apud
566 3607 848 3662 lia-retices
890 3605 1207 3677 baptizatus.
1253 3601 1481 3658 Proinde
1509 3601 1633 3672 quia
1661 3616 1763 3658 nec

164 3716 264 3758 vos
285 3701 511 3773 potestis
537 3697 777 3770 proferre
791 3698 859 3753 de
874 3696 1181 3767 Scripturis,
1200 3710 1423 3767 quarum
1445 3694 1598 3750 nobis
1618 3709 1765 3750 com-

166 3793 350 3850 munis
378 3799 463 3849 est
489 3791 778 3846 auctoritas
801 3831 817 3858 ,
860 3790 928 3845 ab
955 3787 1225 3844 haereticis
1253 3789 1554 3844 venientem
1584 3786 1763 3842 denuo

167 3881 523 3957 baptizatum,
548 3898 649 3938 nec
669 3897 768 3938 nos
797 3883 869 3937 ita
896 3889 1201 3951 susceptum
1224 3895 1239 3946 ;
1263 3887 1522 3951 quantum
1542 3879 1608 3934 ad
1628 3879 1764 3936 banc

167 3993 286 4035 rem
313 3980 539 4045 attinet,
570 3991 665 4048 par
692 3975 846 4031 nobis
871 3989 1032 4031 causa
1059 3983 1160 4030 est.

241 4067 474 4126 CAPUT
523 4067 742 4122 XXXII.
770 4097 842 4107 —-
893 4067 986 4123 38.
1020 4066 1217 4121 Verum
1253 4080 1350 4122 nos
1389 4066 1553 4121 multa
1584 4072 1764 4121 osten-

168 4164 348 4222 dimus
386 4163 548 4219 etiam
576 4159 642 4216 ad
672 4162 844 4232 legem
876 4160 974 4217 Dei
1006 4160 1323 4232 pertinentia
1352 4175 1472 4217 esse
1499 4158 1639 4230 apud
1665 4174 1761 4214 eos

169 4256 263 4328 qui
288 4269 399 4310 non
425 4254 626 4310 suntin
658 4252 922 4320 Ecclesia,
953 4268 1072 4324 quae
1117 4267 1278 4308 nemo
1325 4260 1562 4307 vestrum
1602 4250 1765 4306 audet

167 4361 414 4418 negare:
449 4343 544 4400 sed
571 4358 666 4400 cur
714 4344 819 4400 tale
865 4343 1064 4414 aliquid
1109 4343 1292 4398 nolitis
1323 4357 1441 4398 esse
1469 4350 1525 4397 et
1582 4341 1764 4412 Bapti-

171 4451 376 4504 smum,
408 4435 632 4492 omnino
665 4449 773 4490 non
799 4434 974 4502 video,
995 4449 1093 4490 nec
1115 4449 1212 4490 vos
1223 4447 1380 4505 posse
1399 4433 1764 4489 demonstrare

168 4529 403 4587 confido.
437 4527 728 4598 Sequimur
752 4541 882 4582 sane
920 4540 1020 4582 nos
1048 4527 1098 4580 in
1131 4525 1231 4580 hac
1258 4541 1318 4581 re
1356 4525 1516 4580 etiam
1543 4524 1763 4579 canoni-

165 4637 355 4680 carum
399 4621 774 4676 auctoritatem
813 4618 1166 4675 certissimam
1211 4617 1626 4687 Scripturarum.
1658 4615 1763 4672 Nec

168 4729 272 4787 que
299 4715 446 4770 enim
491 4712 640 4783 parvi
684 4711 942 4766 momenti
989 4709 1293 4765 habendum
1322 4716 1437 4774 est,
1468 4706 1610 4778 quod
1640 4721 1761 4762 cum

169 4807 310 4862 inter
339 4805 624 4876 episcopos
651 4800 935 4858 anterioris
971 4801 1143 4856 :etatis
1171 4815 1329 4871 quam
1360 4813 1480 4855 esse
1510 4798 1765 4869 inciperet

169 4914 294 4971 pars
322 4897 538 4963 Donati,
593 4897 691 4952 ista
718 4896 942 4967 quaestio
972 4895 1279 4962 fluctuaret,
1315 4903 1370 4949 et
1394 4893 1568 4950 varias
1595 4892 1762 4948 habe-

170 5005 253 5050 ret
281 4995 428 5050 inter
455 5007 516 5048 se
555 4991 874 5062 collegarum
903 4990 1048 5046 salva
1075 4989 1281 5044 unitate
1306 4989 1630 5056 sententias,
1660 4988 1763 5045 hoc

171 5100 266 5156 per
293 5084 602 5140 universam
630 5080 961 5136 Catholicam
993 5096 1111 5151 qua:
1146 5087 1260 5135 toto
1287 5078 1420 5134 orbe
1447 5077 1763 5134 diffunditur

173 5175 448 5233 observari
470 5172 671 5245 placuit
695 5171 836 5243 quod
865 5181 1127 5228 tenemus.
1157 5170 1291 5226 Nam
1320 5178 1374 5227 et
1393 5185 1488 5225 vos
1513 5169 1764 5241 profertis

174 5267 460 5325 concilium
499 5265 789 5337 Cypriani,
815 5263 958 5334 quod
987 5272 1079 5319 aut
1105 5278 1210 5319 non
1235 5271 1319 5320 est
1354 5262 1546 5318 factum
1573 5303 1587 5330 ,
1617 5271 1709 5318 aut
1732 5279 1764 5319 a

173 5360 383 5418 cteteris
407 5357 626 5414 unitatis
650 5355 924 5422 membris,
948 5371 977 5410 a
994 5355 1187 5427 quibus
1207 5355 1296 5410 ille
1317 5369 1424 5410 non
1445 5354 1644 5410 divisus
1662 5364 1763 5421 est,

181 5457 369 5514 merito
399 5462 708 5526 superatum
740 5450 837 5526 (α).
867 5450 1052 5522 Neque
1089 5449 1232 5506 enim
1278 5459 1555 5523 propterea
1583 5465 1767 5506 sumus

233 5591 251 5623 ¹
269 5597 388 5662 Iloc
413 5589 519 5640 loco
539 5596 645 5640 Mss.
675 5593 993 5652 praetereunt,
1017 5598 1224 5651 quarum
1247 5585 1381 5640 nobis
1414 5589 1484 5640 est
1507 5583 1769 5639 communis

174 5660 450 5704 tutelarum.

236 5717 258 5748 ¹
286 5722 337 5766 tu
361 5722 493 5772 Mss,
518 5712 632 5772 quia
653 5726 722 5764 se.

187 5815 190 5818 .
236 5778 310 5850 (tt)
333 5777 452 5831 Vide
479 5773 618 5842 infra,
645 5776 727 5827 lib.
753 5773 800 5841 2,
822 5787 871 5826 ιι.
897 5773 975 5830 59.

1550 248 1754 308 LIBER
1794 249 2063 310 PRIMUS.

3334 255 3444 318 ‘66

1857 371 2109 443 episcopo
2137 367 2402 442 Cypriane
2427 364 2675 429 meliores
2713 369 2785 443 (si
2821 379 2997 430 tamen
3025 373 3232 430 censuit
3267 373 3448 432 haere-

1857 462 1990 518 ticos
2015 462 2192 518 denuo
2217 463 2548 535 baptizari),
2576 463 2700 535 quia
2724 477 2824 520 nos
2866 462 2968 520 hoc
2997 471 3144 521 recte
3169 478 3276 521 non
3312 464 3446 523 fact—

1856 574 1976 614 mus
1999 575 2014 619 :
2043 559 2182 615 sicut
2208 573 2310 616 nec
2335 558 2495 616 Petro
2532 559 2777 630 apostolo
2804 557 3058 615 meliores
3083 572 3290 628 sumus,
3319 559 3444 629 quia
3499 537 3511 548 ’

1854 665 1964 706 non
1993 649 2233 721 cogimus
2254 657 2440 721 gentes
2467 648 2765 716 Judaizare,
2786 647 2928 720 quod
2951 649 3038 706 ille
3059 649 3252 706 fecisse
3278 648 3447 706 Paulo

1855 743 2100 814 apostolo
2124 751 2412 800 attestante
2456 751 2512 799 et
2550 742 2853 815 corrigente
2882 750 3211 800 monstratur
3242 740 3443 816 (Galat.

1856 851 1912 904 ιι,
1961 835 2051 909 14)
2080 855 2092 891 :
2120 852 2244 892 cum
2287 837 2532 893 similiter
2575 836 2714 893 inter
2742 837 3027 908 Apostolos
3064 836 3132 894 de
3159 837 3446 894 circumci-

1855 933 2008 986 sione
2036 929 2261 1002 qutestio
2285 971 2300 996 ,
2329 931 2466 986 sicut
2512 938 2696 1001 postea
2723 922 2793 986 de
2823 929 3094 1002 Baptismo
3135 929 3274 987 inter
3329 929 3445 1000 θρῖα

1855 1037 2069 1092 scopos,
2099 1039 2204 1078 non
2233 1038 2394 1094 parva
2416 1022 2725 1079 difficultate
2753 1030 2987 1079 nutaret.

1927 1112 2155 1170 CAPUT
2179 1113 2419 1170 XXXIII.
2441 1144 2513 1154 —
2531 1113 2620 1169 59.
2655 1113 2906 1180 Proinde,
2929 1113 3172 1184 quamvis
3189 1113 3346 1184 hujus
3367 1113 3448 1170 rei

1857 1215 2004 1262 certe
2033 1207 2049 1237 ¹
2080 1206 2148 1262 de
2182 1205 2474 1276 Scripturis
2502 1205 2776 1262 canonicis
2809 1221 2916 1260 non
2938 1204 3239 1276 proferatur
3264 1220 3449 1262 exem-

1859 1299 2041 1370 plum;
2087 1299 2397 1355 earumdem
2433 1308 2611 1355 tamen
2642 1297 3036 1369 Scripturarum
3065 1296 3225 1353 etiam
3261 1297 3316 1352 in
3344 1295 3448 1353 hac

1857 1407 1918 1448 re
1943 1407 1970 1446 a
1999 1392 2154 1448 nobis
2186 1401 2398 1451 tenetur
2441 1392 2669 1457 veritas,
2717 1407 2838 1448 cum
2886 1391 2990 1447 hoc
3035 1390 3258 1446 facimus
3306 1390 3450 1462 quod

1857 1484 2119 1539 universa:
2142 1484 2252 1554 jam
2287 1485 2777 1554 plaeuitEcclesiar,
2807 1498 2965 1554 quam
3021 1483 3256 1554 ipsarum
3305 1481 3454 1538 Scri-

1857 1585 2138 1646 pturarum
2165 1575 2508 1632 commendat
2530 1576 2823 1631 auctoritas
2853 1593 2866 1630 :
2898 1584 2958 1630 ut
2981 1573 3233 1645 quoniam
3264 1581 3451 1629 sancta

1858 1667 2133 1739 Scriptura
2184 1667 2370 1723 fallere
2398 1681 2506 1722 non
2550 1675 2758 1738 potest,
2805 1667 3051 1738 quisquis
3105 1664 3217 1720 falli
3262 1665 3453 1722 metuit

1857 1757 2018 1828 hujus
2047 1758 2372 1814 obscuritate
2418 1758 2731 1830 qumstionis
2750 1798 2765 1824 ,
2796 1757 3039 1813 eamdem
3070 1752 3351 1812 ecclesiam
3379 1755 3450 1812 de

1858 1852 1946 1907 illa
1968 1851 2230 1918 consulat,
2254 1867 2412 1923 quam
2431 1852 2548 1907 sine
2567 1851 2674 1906 ulla
2696 1851 3040 1922 ambiguitate
3083 1859 3267 1906 sancta
3307 1849 3454 1907 Serio

1857 1953 2012 2016 ptura
2043 1943 2394 2001 demonstrat.
2425 1943 2481 2001 Si
2508 1954 2685 2000 autem
2716 1943 2928 2000 dubitas
2973 1943 3116 2014 quod
3144 1943 3445 1999 Ecclesium

1858 2053 1975 2108 qua:
2004 2052 2099 2108 per
2125 2053 2312 2094 omnes
2337 2047 2522 2109 gentes
2551 2037 2936 2094 numerositate
2959 2036 3328 2107 copiosissima
3362 2036 3447 2092 di-

1859 2129 2072 2198 latatur,
2098 2129 2213 2185 lucc
2229 2139 2410 2185 sancta
2432 2129 2710 2200 Scriptura
2729 2129 3070 2185 commendat
3091 2129 3286 2200 (neque
3307 2129 3454 2185 enim

1858 2224 1905 2280 si
1937 2239 2042 2279 non
2069 2223 2364 2292 dubitares,
2394 2223 2568 2279 adhuc
2599 2238 2746 2279 esses
2775 2223 2827 2278 in
2859 2231 3011 2294 parte
3031 2221 3246 2294 Donati)
3271 2239 3288 2290 ;
3317 2223 3456 2279 mul-

1861 2318 1929 2374 tis
1957 2327 2008 2374 te
2036 2316 2491 2375 manifestissimis
2523 2317 2840 2374 testimoniis
2875 2331 2943 2372 ex
2985 2316 3172 2373 eadem
3217 2317 3456 2372 auctori-

1861 2420 1969 2468 tate
2012 2412 2236 2483 prolatis
2275 2411 2510 2468 onerabo
2535 2454 2549 2480 ,
2583 2419 2640 2467 ut
2669 2427 2732 2467 ex
2767 2411 2870 2467 tuis
2900 2411 3339 2467 concessionibus
3360 2453 3376 2476 ,
3407 2412 3457 2467 si

1861 2506 2084 2562 nimium
2116 2506 2363 2576 pervicax
2391 2519 2510 2560 esse
2535 2503 2795 2570 nolueris,
2838 2502 2906 2558 ad
2935 2503 3039 2559 hoc
3072 2503 3231 2558 etiam
3262 2501 3459 2575 perdu-

1862 2599 2002 2655 caris
2021 2640 2036 2666 ,
2068 2614 2190 2654 cum
2219 2598 2366 2669 prius
2391 2596 2679 2652 ostendero
2704 2597 2863 2652 etiam
2895 2595 3136 2666 epistola:
3164 2609 3320 2660 mete,
3368 2594 3458 2651 cui

1831 2691 2190 2764 'respondere
2218 2707 2248 2746 a
2272 2692 2543 2747 contrario
2566 2690 2780 2746 voluisti
2804 2732 2818 2754 ,
2847 2690 2984 2745 nihil
3013 2699 3064 2746 te
3092 2688 3238 2762 quod
3265 2688 3334 2745 ad
3363 2703 3459 2746 ve-

1861 2785 2075 2842 ritatem
2104 2783 2371 2855 pertineat
2390 2781 2713 2853 respondere
2739 2781 2995 2852 potuisse.

1932 2875 2160 2933 CAPUT
2202 2874 2446 2931 XXXIV.
2496 2874 2687 2930 —40.
2731 2873 2845 2929 Hoc
2898 2873 3111 2929 interim
3165 2873 3296 2928 satis
3344 2873 3456 2940 sit,

1863 2970 2004 3043 quod
2036 2979 2256 3041 propter
2281 2968 2500 3023 nimiam
2529 2966 2942 3023 obstinationem
2983 2964 3260 3020 hominum
3287 2965 3457 3020 multa

1871 3063 2097 3119 dicenda
2126 3062 2416 3118 arbitratus
2445 3075 2596 3126 sum,
2643 3058 2901 3114 adversus
2945 3072 3041 3115 eos
3078 3057 3171 3129 qui
3200 3072 3321 3112 cum
3363 3055 3460 3112 ha-

1864 3159 2027 3214 beant
2050 3155 2396 3228 principalem
2435 3167 2653 3210 causam
2680 3153 2898 3218 malam,
2933 3151 3000 3206 ab
3029 3165 3090 3206 ea
3123 3148 3461 3207 discutienda

1865 3250 2268 3323 prmscriptione
2307 3246 2494 3303 volunt
2539 3253 2783 3299 avertere
2825 3241 3067 3313 judices,
3101 3257 3222 3296 cum
3275 3239 3461 3296 dicunt

1865 3341 2015 3398 nullo
2046 3339 2206 3394 modo
2237 3337 2338 3393 sibi
2371 3334 2695 3408 loquendum
2727 3349 2846 3390 esse
2879 3333 3179 3389 nobiseum.
3229 3330 3460 3387 ProbavI

1867 3433 2009 3489 enim
2053 3439 2108 3487 et
2136 3430 2202 3486 de
2247 3427 2539 3498 Scripturis
2589 3425 2809 3492 sanctis,
2854 3432 2910 3480 et
2938 3439 3042 3495 qua
3072 3423 3217 3494 potui
3247 3423 3462 3478 ratione

1867 3524 2168 3598 perspicua,
2215 3536 2316 3577 nec
2361 3518 2720 3590 eloquentiam
2754 3515 3162 3588 quantamlihet,
3209 3529 3310 3570 nec
3337 3513 3460 3570 dia-

1866 3618 2109 3674 lecticam
2155 3611 2499 3686 qualemlibet
2551 3609 2892 3666 metuendam
2934 3622 3053 3664 esse
3100 3606 3458 3663 assertoribus

1867 3708 2138 3775 veritatis,
2169 3705 2455 3777 quominus
2480 3711 2779 3760 assertores
2822 3700 3102 3768 falsitatis,
3136 3698 3460 3769 disputando

1868 3817 1990 3859 cum
2034 3799 2136 3866 eis,
2167 3805 2223 3853 et
2266 3810 2362 3852 eos
2404 3793 2732 3859 refellendo,
2774 3791 3114 3848 convincant.
3163 3789 3264 3846 Ubi
3295 3788 3461 3844 etiam

1867 3863 2231 3951 demonstravi
2261 3898 2316 3945 et
2355 3887 2506 3955 illud,
2537 3902 2645 3958 quo
2671 3894 2725 3942 te
2755 3893 2948 3957 praeter
2975 3882 3256 3954 epistolam
3279 3875 3463 3938 meam

1869 3986 1979 4043 dixi
2003 3987 2023 4017 ²
2045 3999 2164 4040 esse
2185 3989 2508 4052 permotum,
2541 3994 2699 4050 quam
2725 3993 2831 4033 non
2860 3977 2932 4033 sit
2958 3990 3296 4047 consequens
3325 3983 3385 4030 ut
3413 3975 3464 4029 si

1871 4075 2219 4134 concedimus
2248 4085 2368 4128 esse
2396 4069 2724 4139 Baptismum
2755 4068 2806 4122 in
2847 4076 2999 4136 parte
3045 4066 3253 4133 Donati,
3301 4064 3466 4121 simul

1870 4168 2031 4223 etiam
2079 4161 2436 4219 concedamus
2479 4160 2531 4214 in
2581 4157 2769 4213 eadem
2826 4157 3084 4212 societate
3131 4169 3458 4226 quemquam

1868 4257 2126 4328 baptizari
2171 4260 2462 4324 oportere:
2495 4249 2616 4320 quia
2666 4249 2803 4304 sicut
2845 4248 3040 4303 bonam
3070 4248 3242 4318 legem
3288 4247 3465 4318 potuit

1869 4348 2069 4405 habere
2095 4343 2354 4416 reprobus
2380 4341 2608 4413 populus
2635 4339 2940 4395 Judaeorum
2963 4379 2979 4406 ,
3023 4339 3101 4393 sic
3129 4337 3332 4394 bonum
3357 4337 3463 4394 Sa-

1868 4448 2200 4498 cramentum
2243 4443 2418 4506 potest
2457 4433 2654 4488 habere
2683 4431 2910 4501 reproba
2955 4431 3186 4486 societas
3239 4429 3462 4485 hmreti-

1869 4550 2075 4592 eorum.
2104 4529 2242 4599 Quid
2273 4536 2449 4583 autem
2479 4525 2696 4597 proprie
2725 4525 2880 4580 detur
2929 4523 2981 4578 in
3016 4522 3272 4590 Ecclesia,
3315 4521 3462 4594 quod

1868 4636 2063 4698 prteter
2089 4624 2230 4679 illam
2271 4619 2492 4676 omnino
2531 4633 2638 4672 non
2675 4616 2851 4684 datur,
2881 4629 2978 4671 suo
3021 4617 3141 4670 loco
3167 4613 3285 4670 sine
3310 4614 3458 4670 diffi-

1868 4720 2064 4775 cultate
2117 4709 2735 4786 monstrabiturUnrra,
2771 4709 2859 4765 lib.
2883 4709 2938 4774 2,
2982 4727 3036 4764 η.
3082 4708 3151 4764 16
3177 4707 3218 4782 ).
3261 4707 3450 4779 Neque

1868 4812 2012 4868 enim
2059 4816 2206 4865 recte
2249 4821 2527 4878 ageremus
2579 4818 2700 4859 cum
2750 4801 3049 4868 brereticis,
3088 4816 3220 4872 quos
3262 4799 3465 4857 habere

1867 4902 2198 4974 Baptismum
2239 4896 2575 4962 confitemur,
2618 4902 2675 4948 ut
2701 4892 2846 4948 omni
2874 4893 3034 4946 modo
3061 4890 3130 4946 ad
3160 4890 3459 4956 Ecclesiam

1869 4992 2187 5051 catholicam
2211 4989 2424 5044 veniant
2447 5028 2462 5054 ,
2495 4986 2595 5041 nisi
2618 4982 2884 5042 veniendo
2905 4983 3208 5055 acciperent
3235 4982 3457 5054 aliquid,

1869 5085 2012 5158 quod
2035 5099 2133 5140 nec
2162 5081 2286 5138 alibi
2314 5080 2520 5152 possint
2543 5077 2819 5148 accipere;
2848 5084 2903 5132 et
2929 5075 3071 5147 quod
3099 5077 3201 5132 nisi
3231 5091 3460 5149 accepe-

1872 5181 2002 5247 rint,
2033 5179 2228 5234 frustra
2258 5185 2310 5230 et
2341 5173 2643 5246 perniciose
2670 5169 2900 5225 habeant
2942 5183 3289 5240 qumcumque
3329 5169 3462 5235 alia,

1872 5273 2113 5345 quamvis
2153 5271 2289 5327 bona
2320 5276 2373 5323 et
2402 5267 2467 5322 ad
2492 5265 2664 5336 legem
2713 5263 2807 5318 Dei
2845 5263 3168 5334 pertinentia
3191 5304 3205 5330 ,
3238 5261 3466 5319 ubilibet

1871 5370 2113 5439 accipere
2141 5369 2442 5435 potuerunt.
2484 5358 2596 5415 Hoc
2624 5357 2769 5414 enim
2791 5353 3042 5426 quidquid
3072 5363 3173 5418 est,
3201 5352 3344 5424 quod
3364 5368 3459 5409 se-

1873 5459 2108 5518 cundum
2137 5456 2440 5524 Seripluras
2471 5450 2929 5518 certissimamque
2951 5447 3209 5501 rationem
3231 5445 3463 5502 inveniri

1874 5551 2125 5626 potuerit,
2155 5561 2262 5601 non
2288 5543 2392 5599 nisi
2431 5543 2484 5598 in
2512 5549 2696 5599 sancta
2725 5538 2964 5596 Ecclesia
2996 5535 3078 5594 vel
3106 5533 3220 5590 dari
3245 5534 3333 5592 vel
3362 5550 3462 5594 ac-

1939 5711 1956 5740 ί
1991 5713 2091 5755 Duo
2120 5709 2251 5760 Mss,
2276 5703 2480 5760 certum.

1939 5773 1961 5804 ι
1993 5769 2140 5822 tidem
2161 5759 2256 5817 duo
2278 5770 2404 5828 Mss,
2429 5759 2616 5816 dixistt.
