3792 6212
319 211 422 270 667

1087 206 1356 265 CONTRA
1392 206 1827 265 CRESCONIUM
1869 207 2326 277 DONATISTAM,
2368 209 2426 265 S.
2469 209 2832 268 AUGUSTINI

3498 205 3637 268 ιεε

318 327 421 399 cipi
450 339 626 397 posse,
656 324 756 380 hoc
786 323 1068 396 pertinebit
1096 325 1160 378 ad
1189 329 1376 395 fontem
1393 325 1666 394 signatum,
1699 332 1899 390 puteum
1984 324 2161 396 (Rom.
2185 341 2298 392 vm,
2330 325 2447 397 29),
2499 325 2593 381 sed
2644 327 2805 384 etiam
2863 326 2920 382 hi
2958 327 3048 400 qui
3090 343 3318 400 regnum
3377 329 3476 388 Dei
3501 347 3638 388 non

318 435 467 493 aqure
492 419 636 487 vim,
669 418 963 489 paradisum
991 433 1104 470 cum
1131 420 1296 487 fructu
1327 432 1609 485 pomorum,
1657 415 1806 485 cujus
1849 424 1906 470 ut

321 513 540 586 potuisti
567 512 892 569 mentionem
914 511 1120 578 fecisti,
1152 509 1246 566 sed
1271 509 1395 580 quid
1425 509 1551 564 illud
1583 510 1670 573 sit,
1705 525 1808 563 non
1852 518 1905 564 te

319 605 650 662 intellexisse
676 603 986 668 ostendisti;
1020 601 1450 672 quandoquidem
1488 601 1587 655 hoc
1616 599 1682 655 de
1710 601 1907 655 visibili

322 700 592 771 Baptismo
617 699 817 754 dictum
845 713 967 754 esse
1001 697 1276 752 arbitraris
1307 713 1319 748 :
1347 694 1486 766 quod
1519 695 1642 749 licet
1663 702 1905 748 sanctum

322 792 420 859 sit,
450 806 622 862 neque
651 791 759 846 ullo
786 791 946 846 modo
975 787 1514 861 prtetermittcndum,
1539 787 1786 857 quoniam
1817 800 1906 840 sa-

321 884 616 940 cratissima
648 882 1037 953 signiﬁcatione
1067 880 1378 952 praepollet;
1408 895 1568 951 quam
1611 878 1761 933 multi
1783 892 1908 933 eum

320 987 499 1033 tamen
526 977 826 1047 accipiant,
863 991 968 1032 non
991 977 1162 1032 solum
1189 975 1314 1030 boni
1343 975 1434 1046 qui
1462 974 1754 1030 secundum
1779 989 1908 1043 pro-

317 1069 551 1140 positum
603 1070 776 1125 vocati
834 1079 959 1124 sunt
1013 1069 1317 1125 conformcs
1369 1067 1615 1138 imaginis
1657 1067 1775 1122 Filii
1815 1064 1910 1122 Dei

2019 417 2396 488 possidebunt,
2451 418 2504 474 in
2529 418 2762 489 quibus,
2814 419 2954 474 sicut
3001 420 3131 476 dicit
3182 423 3512 492 Apostolus,
3559 434 3650 483 el

2017 509 2213 566 ebriosi
2242 511 2454 566 ctavari
2478 522 2827 567 lllllllCl‘IllllUl‘
2851 512 2893 586 (l
2916 513 3033 568 Cor.
3059 530 3130 578 vr,
3158 515 3286 587 l0);
3316 527 3452 589 puto
3477 518 3646 590 quad

2017 603 2061 657 si
2089 604 2375 672 pertinacia
2406 603 2648 675 deposita
2677 605 3026 676 cogitaveris,
3056 623 3243 664 verum
3294 624 3386 666 me
3416 610 3642 678 dicere,

2021 695 2116 749 tibi
2143 697 2254 765 ipse
2277 694 2432 751 facile
2459 697 2833 766 respondebis,
2859 707 2915 754 ut
2945 714 3050 754 non
3080 715 3292 770 quaeras
3320 700 3529 758 fontem
3549 703 3646 760 si-

2016 797 2233 860 gnatum
2263 797 2317 845 et
2337 799 2556 862 puteum
2587 806 2740 861 aqua:
2767 792 2906 847 vivae
2927 834 2942 858 ,
2989 793 3091 848 nisi
3128 808 3238 864 quo
3286 794 3343 849 hi
3391 795 3486 866 qui
3509 796 3640 852 dis-—

2017 883 2212 952 plicent
2246 883 2389 950 Deo,
2437 883 2692 940 divinitus
2739 899 2848 940 non
2895 886 3284 956 permittuntur
3329 887 3638 946 accedere.

2015 974 2261 1044 Contuli,
2290 977 2428 1048 lege.

1260 1280 1732 1393 LIBER
1776 1277 1960 1385 SE
1974 1279 2065 1381 C
2081 1276 2387 1384 UND
2407 1274 2622 1386 US.

383 1446 631 1496 Examinat
651 1443 777 1494 dicta
800 1442 891 1493 alia
913 1445 1130 1506 Epistolae
1146 1446 1402 1495 Cresconii.
1421 1446 1513 1507 tpsi
1535 1448 1707 1506 sponte
1727 1439 1968 1499 concedit,
1986 1445 2039 1489 ut
2062 1452 2090 1488 a
2107 1444 2288 1507 Donato
2311 1441 2594 1507 Donatianos
2616 1441 2775 1502 potius
2791 1445 3233 1507 quamnonatistas
3253 1443 3496 1507 appellet.
3519 1443 3641 1496 illas

315 1516 480 1558 autem
521 1521 550 1556 a
589 1520 645 1556 se
689 1509 865 1569 merito
876 1502 1030 1556 dictos
1054 1509 1311 1559 haereticos
1328 1502 1578 1557 contendit
1609 1519 1621 1553 :
1648 1517 1742 1554 nec
1761 1510 1929 1569 tamen
1952 1515 2064 1569 cum
2087 1502 2146 1550 ad
2165 1502 2424 1569 Ecclesium
2467 1509 2785 1569 revertuntur
2811 1502 3129 1569 'haptizandos
3152 1502 3301 1567 esse;‘
3321 1502 3441 1569 quin
3463 1516 3638 1569 etiam

316 1583 461 1638 posse
496 1583 667 1618 eorum
707 1567 926 1638 clericos,
967 1571 1259 1638 si_Ecclesi:e_
1275 1569 1467 1620 utilitati
1493 1569 1757 1638 convenire
1777 1565 2012 1638 videatur,
2041 1566 2087 1612 in
2103 1565 2205 1612 suis
2224 1565 2493 1638 honoribus
2519 1564 3067 1638 recipisnaliquid‘porm
3095 1564 3428 1638 redeuntibus
3441 1568 3550 1618 dari
3582 1572 3638 1619 in

316 1625 524 1694 Ecclesia
546 1667 560 1690 ,
601 1630 732 1694 quod
778 1625 954 1693 praeter
984 1631 1114 1694 illa‘tn
1134 1634 1329 1681 omnino
1361 1645 1456 1680 non
1479 1631 1637 1686 datur,
1663 1628 1810 1694 idque
1833 1639 1957 1694 esse
1979 1627 2160 1675 donum
2196 1627 2443 1694 charitatis
2463 1625 2635 1676 docet;
2663 1625 2784 1680 Illud
2802 1625 3037 1694 Petiliam,
3069 1649 3100 1694 si
3112 1633 3418 1694 Conscientia
3453 1640 3634 1681 sancte

315 1693 482 1766 dantis.
514 1687 808 1766 attenditur",
853 1706 964 1755 quae
1006 1693 1171 1766 abluat
1209 1694 1504 1764 accipientis,
1547 1708 1569 1736 υ
1601 1687 1743 1766 male:
1762 1687 1962 1766 defendi
1999 1701 2026 1737 a
2065 1691 2322 1766 Cresconio
2344 1689 2664 1766 demonstrat.
2684 1692 2874 1766 Excutit
2895 1687 3037 1766 allata
3062 1693 3124 1741 ab
3160 1693 3341 1766 eodem
3365 1696 3636 1766 scripturae

303 1752 443 1814 (loca,
463 1755 596 1820 istud
619 1749 936 1818 potissiinuin,
962 1753 1052 1816 Qui
1096 1749 1362 1820 baptizatur
1384 1770 1416 1806 a
1454 1749 1660 1816 mrtuo,
1699 1759 1795 1803 etc.
1822 1756 2070 1802 Postremo
2091 1749 2150 1800 ad
2179 1752 2396 1814 Cypriani
2417 1753 2754 1802 auctoritatem
2773 1752 2839 1802 de
2859 1754 3218 1816 rebaptizandis
3250 1749 3502 1806 haereticis
3544 1769 3634 1806 re-

317 1815 545 1878 spondet.

389 1923 614 1981 CAPUT
657 1924 939 1980 PRIMUM.
969 1955 1038 1964 —
1069 1925 1121 1980 l.
1148 1924 1449 1996 Superioris
1475 1923 1766 1980 voluminis
1796 1930 1902 1977 tam

320 2015 529 2087 prolixo
559 2029 830 2080 sermone,
863 2025 992 2086 puto
1017 2015 1161 2087 quod
1209 2016 1421 2070 tandem
1451 2013 1734 2086 aliquando
1779 2028 1910 2084 per-

320 2107 607 2172 suasimus,
636 2122 740 2162 non
771 2122 892 2162 esse
919 2107 970 2162 in
1016 2106 1118 2163 hoc
1148 2107 1441 2162 laudandos
1468 2116 1673 2162 vestros
1703 2107 1912 2176 episco-

282 2245 285 2260 .
319 2214 419 2272 pos
443 2214 617 2270 neque
645 2199 1018 2271 approbandos
1037 2243 1050 2266 ,
1085 2201 1224 2272 quod
1255 2200 1322 2257 de
1351 2215 1513 2256 causa
1549 2199 1903 2255 dissensionis

324 2308 445 2364 qme
474 2301 711 2347 nostram
739 2294 1171 2348 communionem
1203 2293 1441 2360 dirimit,
1488 2292 1678 2346 nolunt
1725 2291 1913 2346 nobis-

321 2398 446 2438 cum
489 2381 688 2438 habere
734 2382 1080 2453 colloquium.
1116 2383 1224 2439 Hac
1271 2384 1414 2440 enim
1469 2384 1623 2455 quasi
1674 2382 1916 2454 praescri-

326 2476 510 2547 ptione
523 2491 582 2532 se
599 2477 653 2531 in
673 2491 830 2531 causa
853 2476 1083 2548 pessima
1108 2486 1294 2549 putant
1314 2479 1652 2534 acutissimas
1678 2479 1716 2543 ¹,
1733 2493 1912 2548 quam,

325 2568 428 2625 nisi
461 2569 638 2638 fallor,
688 2578 744 2627 et
772 2572 914 2627 veris
956 2573 1222 2644 certisque
1253 2573 1566 2640 rationibus,
1599 2581 1653 2627 et
1681 2574 1915 2627 maxime

326 2659 628 2718 divinarum
654 2661 1047 2734 Scripturarum
1075 2665 1336 2736 exemplis
1366 2666 1574 2735 penitus
1601 2665 1871 2734 amputavi
1900 2682 1914 2729 ,'

327 2753 520 2824 quibus
546 2754 930 2812 dilucidissime
959 2756 1136 2822 docui,
1166 2772 1195 2810 a
1224 2757 1426 2812 sanctis
1475 2756 1916 2826 praedicatoribus

326 2851 484 2916 atque
509 2846 866 2902 assertoribus
891 2847 1148 2912 veritatis,
1191 2849 1351 2902 etiam
1383 2859 1569 2904 contra
1624 2858 1919 2918 praesentes

325 2936 443 3007 ejus
486 2936 819 2994 adversarios
841 2981 856 3005 ,
889 2954 986 2994 nec
1023 2948 1228 2994 tantum
1261 2941 1350 3010 qui
1397 2955 1462 2994 ex
1491 2940 1685 2995 eodem
1720 2940 1918 3010 populo

328 3045 434 3100 quo
461 3040 514 3085 et
558 3031 632 3086 illi
679 3031 932 3098 fuerunt,
965 3048 1149 3088 verum
1177 3035 1336 3088 etiam
1374 3042 1560 3089 contra
1587 3033 1918 3104 alienigenas

329 3131 385 3178 et
410 3133 725 3191 extraneos;
759 3133 813 3180 et
855 3125 995 3180 unde
1021 3127 1288 3197 praaeipue
1315 3143 1474 3183 vanas
1504 3127 1816 3182 formidines
1838 3127 1922 3182 in-

325 3215 488 3285 jicitis
528 3215 808 3286 imperitis,
837 3228 1019 3273 contra
1069 3235 1163 3276 eos
1205 3220 1292 3291 qui
1323 3219 1654 3276 dialecticam
1687 3220 1919 3277 maxime

333 3309 733 3379 profiterentur,
763 3310 1002 3366 habitum
1030 3311 1195 3368 fuisse
1231 3328 1532 3368 sermonem
1559 3330 1570 3366 :
1603 3328 1670 3368 ne
1696 3322 1920 3368 conten-

329 3401 650 3456 tiOSIssimus
703 3403 961 3460 habeatur
1001 3405 1442 3477 diligentissimus
1485 3405 1821 3476 praedicator,
1866 3414 1922 3462 et

330 3509 400 3549 ne
429 3493 661 3566 litigator
701 3505 917 3566 putetur
952 3498 1180 3570 impiger
1208 3499 1526 3569 disputator,
1577 3499 1782 3554 instans
1826 3514 1916 3554 se-

327 3585 561 3640 cundum
604 3597 929 3659 prmeeptum
957 3590 1195 3660 Apostoli
1225 3600 1524 3662 Opportune
1553 3631 1567 3657 ,
1615 3591 1921 3662 importune

331 3676 400 3750 (ll
427 3676 564 3734 Tim.
597 3695 670 3746 tv,
699 3680 780 3752 2),
813 3692 870 3736 ut
915 3681 1155 3737 doctrina
1188 3697 1316 3737 sana
1362 3683 1789 3739 contradicentes
1834 3699 1922 3738 re-

331 3769 679 3842 darguanlur,
721 3774 989 3844 vaniloqui
1035 3775 1350 3831 refellantur
1395 3776 1522 3850 (Tit.
1555 3794 1593 3844 ι,
1623 3778 1802 3848 9-H),
1834 3779 1918 3832 itt-

333 3861 500 3933 quieti
529 3862 904 3933 corripiantur,
941 3866 1307 3935 pusillanimes
1330 3869 1698 3936 consolentur,
1721 3869 1920 3930 infirmi

331 3951 690 4021 suscipiantur
739 3952 780 4026 (l
811 3953 990 4010 Thess.
1022 3971 1078 4022 v,
1114 3957 1227 4027 H),
1265 3958 1392 4013 dum
1429 3959 1688 4016 adversus
1731 3977 1921 4019 omnes

330 4044 669 4112 resistentes,
698 4046 918 4102 verbum
961 4048 1147 4103 salutis
1174 4051 1492 4121 evangelicae
1522 4066 1640 4106 cum
1669 4053 1920 4122 patientia

333 4134 662 4205 defenditur,
686 4137 802 4192 sine
829 4138 1122 4196 diffidentia
1150 4141 1486 4211 prmdicatur.
1519 4142 1736 4200 Ostendi
1759 4146 1920 4202 etiam

331 4243 491 4300 quam
515 4244 621 4284 non
647 4227 888 4288 debeatis
927 4231 1050 4288 ideo
1085 4241 1272 4304 putare
1301 4236 1440 4304 apud
1486 4253 1579 4290 vos
1600 4253 1718 4293 esse
1747 4238 1922 4296 homi-

332 4337 456 4378 nem
488 4321 884 4393 baptizandum,
925 4324 1048 4395 quia
1081 4335 1136 4380 et
1160 4341 1257 4381 nos
1297 4329 1662 4384 consentimus
1686 4329 1830 4401 quod
1866 4339 1924 4386 et

333 4414 519 4471 haberi
540 4431 570 4472 a
599 4416 750 4472 vobis
773 4417 1074 4488 Baptismus
1106 4419 1274 4488 possit
1303 4430 1356 4475 et
1384 4419 1498 4476 dari
1524 4440 1535 4476 :
1557 4438 1678 4478 cum
1713 4430 1767 4478 et
1793 4422 1921 4480 illud

333 4509 576 4567 dicamus
621 4511 920 4582 perniciose
973 4511 1159 4568 haberi
1189 4522 1244 4571 et
1273 4515 1570 4584 perniciose
1609 4515 1758 4582 dari;
1789 4533 1926 4588 quo-

333 4603 475 4659 niam
506 4603 593 4658 illa
623 4611 808 4659 sancta
827 4645 843 4672 ,
884 4604 1078 4675 quibus
1105 4606 1180 4660 uti
1203 4613 1258 4662 et
1282 4607 1404 4662 mali
1432 4616 1688 4678 possunt,
1719 4619 1921 4680 quanto

333 4697 602 4754 sanctiora
639 4705 803 4765 sunt,
847 4706 995 4753 tanto
1023 4697 1091 4754 ab
1132 4698 1212 4755 eis
1264 4699 1504 4756 inutilius
1553 4701 1922 4773 poenaliusque

332 4797 649 4846 tractantur.
676 4788 830 4846 Unde
853 4803 972 4844 cum
999 4789 1065 4844 ad
1090 4789 1386 4846 Ecclesiam
1408 4799 1646 4848 sanctam
1675 4793 1918 4862 veniunt,

331 4881 434 4955 ipsi
475 4881 775 4954 corrigendi
807 4890 932 4938 sunt
960 4902 975 4937 :
1007 4897 1116 4938 non
1143 4895 1173 4936 a
1203 4881 1358 4939 nobis
1395 4883 1483 4938 illa
1505 4883 1774 4953 violanda,
1802 4900 1922 4955 quae

332 4988 435 5030 nec
459 4987 490 5028 a
517 4973 672 5028 malis
701 4981 900 5028 mutata
921 4980 1066 5028 sunt.

403 5064 458 5120 9..
489 5063 626 5118 Audi
651 5079 797 5134 ergo,
825 5063 1096 5132 Cresconi,
1145 5063 1272 5120 dum
1297 5064 1534 5121 breviter
1572 5075 1629 5121 et
1675 5064 1779 5122 hoc
1827 5066 1922 5123 de-

333 5153 664 5219 monstrabo,
693 5153 826 5208 nihil
862 5161 914 5210 te
937 5155 1135 5212 dixisse
1161 5169 1258 5227 per
1278 5165 1441 5212 totam
1470 5155 1746 5229 epistolam
1779 5167 1921 5216 tuam

331 5262 440 5320 quo
460 5245 737 5303 refelleres
757 5260 948 5316 meam,
978 5248 1078 5304 nisi
1104 5247 1242 5304 forte
1267 5248 1406 5322 quod
1435 5264 1520 5306 me
1541 5251 1754 5305 nomina
1775 5249 1921 5306 deri-

333 5357 462 5398 vare
494 5339 580 5397 vel
606 5339 876 5396 declinare
915 5339 1162 5409 docuisti,
1195 5351 1250 5397 ut
1283 5360 1317 5398 α
1359 5341 1563 5399 Donato
1603 5342 1922 5399 Donatianos

332 5435 500 5506 potius
519 5451 672 5505 quam
700 5429 995 5489 Donatistas
1025 5433 1282 5505 dicerem,
1318 5453 1474 5508 quam
1505 5445 1682 5493 tamen
1705 5455 1922 5510 grwcam

333 5528 523 5582 saltem
567 5527 954 5582 declinationem
983 5545 1088 5584 esse
1113 5529 1383 5598 concedis,
1414 5531 1661 5589 videlicet
1688 5534 1822 5604 quod
1851 5536 1924 5592 ita

401 5645 418 5673 ι
453 5642 648 5714 Quidam
673 5652 874 5714 veteres
1148 5647 1367 5714 putantes
1403 5645 1748 5702 securissimos.
1791 5650 1922 5702 Arbi-

343 5713 507 5756 ramur
531 5703 816 5771 legendum,
837 5711 1003 5771 putant
1025 5716 1127 5759 esse
1149 5703 1423 5761 tutissimos.

2015 1918 2299 1974 Donatista:
2314 1936 2346 1974 a
2365 1918 2591 1988 Donata,
2622 1931 2675 1975 ut
2696 1920 3037 1994 Euangelistte
3062 1923 3126 1979 ab
3153 1923 3437 1996 Evangelia
3458 1927 3636 1980 norni-

2027 2019 2228 2077 nentur;
2279 2028 2378 2082 qua
2402 2021 2449 2067 te
2499 2012 2738 2069 delectari
2789 2013 2938 2081 dicis,
2972 2024 3025 2071 ut
3069 2017 3246 2071 uestris
3285 2014 3635 2089 Euangetium

2017 2102 2434 2174 praedicantibus,
2468 2121 2501 2158 a
2530 2105 2686 2158 simili
2711 2115 2908 2160 mutata
2931 2107 2997 2162 sit
3025 2108 3042 2140 ¹
3071 2106 3301 2162 uocabuli
3326 2107 3632 2164 declinatio.

2021 2195 2154 2251 Vide
2185 2212 2311 2267 ergo
2338 2213 2404 2252 nc
2431 2196 2570 2253 forte
2611 2198 2711 2266 ipsi
2743 2199 2948 2268 priores
2993 2199 3095 2255 hoc
3132 2201 3404 2256 voluerint
3441 2203 3636 2272 appel-

2022 2287 2140 2352 lari,
2189 2289 2310 2358 quia
2343 2289 2610 2344 Donatum
2639 2290 2839 2345 habent
2874 2306 2974 2361 pro
3015 2291 3348 2362 Evangelia:
3378 2309 3506 2348 nam
3547 2295 3636 2350 sic

2023 2377 2108 2433 isti
2136 2394 2164 2432 a
2192 2377 2404 2448 Donati,
2436 2379 2706 2450 quomodo
2736 2381 2906 2436 sancti
2928 2395 3116 2440 omnes
3146 2382 3338 2438 nolunt
3358 2383 3426 2437 ab
3447 2382 3635 2440 Evan-

2021 2470 2145 2541 gelii
2173 2473 2429 2527 societate
2467 2472 2778 2537 discedere;
2819 2483 2876 2530 et
2912 2473 3034 2529 ideo
3063 2473 3406 2530 delectantur
3442 2476 3633 2530 vocari

2025 2565 2331 2632 Donatistae,
2363 2565 2499 2620 sicut
2529 2565 2886 2636 Evangelista
2918 2583 2931 2618 :
2963 2576 3125 2636 tuque
3170 2567 3346 2636 potius
3385 2568 3467 2623 eis
3497 2567 3635 2623 facis

2025 2656 2292 2726 injuriam,
2323 2672 2444 2711 cum
2461 2657 2671 2721 scribis,
2724 2657 2775 2710 in
2797 2657 2955 2712 latino
2982 2674 3230 2722 sermone,
3255 2659 3474 2713 nonnisi
3503 2659 3632 2714 lati-

2024 2764 2146 2803 nam
2173 2748 2408 2818 rcgulam
2441 2748 2692 2818 probans,
2739 2747 3050 2803 Donatianos
3072 2766 3103 2803 a
3147 2747 3374 2816 Donato,
3396 2751 3528 2805 sicut
3563 2750 3631 2804 ab

2025 2841 2146 2894 Aria
2179 2851 2224 2894 et
2267 2838 2467 2894 Novato
2510 2837 2730 2893 Arianos
2773 2849 2822 2893 et
2858 2839 3199 2908 Novatianas,
3251 2842 3402 2900 velles
3433 2843 3629 2896 vocari.

2023 2915 2154 2986 Nam
2187 2947 2285 3004 ego
2315 2947 2437 2986 cum
2463 2929 2774 2997 scriberem,
2803 2930 2913 3000 jam
2940 2947 2971 2985 a
2995 2933 3177 2986 nescio
3203 2931 3398 3002 quibus
3426 2948 3630 3002 prepa-

2024 3033 2204 3094 gutum
2235 3022 2458 3077 sonabat
2479 3021 2578 3077 hoc
2611 3036 2831 3090 nomen,
2862 3038 3036 3094 neque
3078 3023 3132 3078 id
3174 3033 3385 3080 mutare
3412 3027 3629 3094 curavi,

2025 3130 2148 3170 cum
2177 3123 2231 3168 et
2258 3113 2362 3170 hoc
2389 3114 2455 3170 ad
2476 3114 2877 3171 distinctionem
2903 3131 3062 3185 quam
3084 3116 3330 3174 volebam
3361 3119 3497 3173 satis
3520 3120 3636 3174 suf-

2025 3205 2185 3262 ficere
2214 3205 2596 3262 existimarem.
2637 3208 2692 3264 Si
2719 3208 2861 3262 enim
2877 3207 3264 3266 Demosthenes
3289 3210 3630 3268 clarissimus

2025 3308 2320 3363 oratorum,
2348 3299 2542 3371 quibus
2569 3301 2854 3362 verborum
2892 3311 3034 3358 tanta
3079 3301 3178 3358 fuit
3220 3318 3372 3371 cura,
3421 3312 3629 3375 quanta

2025 3407 2204 3447 rerum
2239 3392 2544 3447 auctoribus
2582 3394 2800 3460 nostris,
2824 3399 2956 3450 'cum
2989 3403 3168 3450 tamen
3215 3396 3268 3451 ei
3311 3397 3629 3456 nonnullam

2025 3484 2309 3541 locutionis
2346 3485 2684 3541 insolentiam
2719 3486 3006 3556 objecisset
3047 3487 3359 3554 Eschines,
3410 3491 3630 3562 negavit

2025 3576 2114 3632 ille
2145 3575 2196 3631 in
2222 3591 2287 3632 eo
2316 3578 2517 3647 positas
2537 3592 2658 3633 esse
2692 3576 2939 3634 fortunas
2963 3579 3209 3646 Graecini,
3242 3582 3410 3639 illone
3440 3600 3507 3638 an
3535 3585 3627 3641 illo

2025 3666 2190 3723 verbo
2210 3683 2341 3723 usus
2366 3667 2544 3736 fuerit,
2573 3679 2628 3725 et
2663 3669 2768 3727 huc
2791 3686 2859 3726 an
2905 3671 3035 3728 illuc
3071 3689 3289 3728 manum
3324 3679 3627 3744 porrexerit

2029 3757 2200 3830 (Orat.
2230 3776 2322 3832 pro
2349 3760 2671 3832 Ctesiphonte
2690 3771 2869 3818 contra
2897 3761 3223 3837 [Escltineno
3254 3782 3268 3819 :
3301 3775 3508 3836 quanto
3528 3768 3626 3823 mi-

2026 3867 2127 3907 nus
2151 3867 2248 3908 nos
2277 3851 2521 3910 laborare
2561 3853 2820 3910 debemus
2849 3854 2918 3910 de
2963 3856 3164 3926 regulis
3198 3856 3623 3916 derivandorum

2025 3941 2325 4009 nominum,
2341 3943 2551 4013 quando
2577 3944 2689 4000 sive
2709 3944 2814 4001 hoc
2839 3945 2952 4000 sive
2977 3946 3103 4000 illud
3126 3946 3395 4016 dicamus,
3429 3948 3626 4005 intelli-

2023 4034 2164 4104 gitur
2193 4035 2310 4091 sine
2331 4036 2676 4106 ambiguitate
2695 4037 2838 4109 quod
2863 4037 3120 4104 dicimus;
3167 4054 3398 4109 quorum
3438 4055 3546 4098 non
3572 4041 3624 4097 in

2024 4127 2351 4198 expolitione
2377 4131 2662 4193 sermonis,
2716 4131 2809 4186 sed
2835 4131 2888 4185 in
2919 4130 3382 4188 demonstratione
3426 4135 3627 4190 veritu-

2025 4221 2096 4278 tis
2119 4229 2207 4282 est
2231 4221 2403 4291 ω]οτ
2429 4223 2694 4278 intentio?
2723 4221 2780 4280 Si
2801 4232 2980 4279 autem
3001 4225 3284 4295 quisquam
3313 4236 3624 4285 nosu'orum

2026 4314 2232 4386 primus
2268 4311 2416 4370 ﬂexit
2444 4314 2548 4370 hoc
2591 4330 2809 4383 nomen,
2856 4317 3004 4371 nullo
3047 4316 3210 4372 modo
3240 4316 3373 4372 mihi
3414 4318 3627 4376 videtur

2026 4406 2154 4463 illud
2180 4407 2354 4464 simile
2392 4409 2632 4478 intuitus,
2678 4409 2822 4481 quod
2859 4410 3214 4481 Evangelista:
3235 4411 3302 4467 ab
3332 4411 3626 4484 Evangelia

2027 4509 2404 4572 nuncupantur
2436 4519 2449 4556 :
2480 4501 2576 4558 sed
2620 4502 2743 4571 quia
2798 4517 2894 4573 per
2933 4502 3218 4569 Donatum,
3264 4519 3372 4558 non
3420 4511 3626 4562 nutum

2027 4593 2394 4665 Carthaginis,
2443 4597 2531 4666 qui
2562 4595 2700 4651 hanc
2748 4595 2997 4652 haeresim
3060 4597 3293 4654 maxime
3339 4599 3627 4657 roborasse

2028 4686 2337 4756 perhibetur
2361 4704 2374 4754 ;
2412 4687 2508 4744 sed
2529 4687 2692 4744 etiam
2721 4691 2977 4759 majorem
3008 4689 3276 4745 Donatum
3301 4705 3332 4744 a
3354 4689 3627 4750 Casis—Ni-

2027 4781 2156 4851 gris,
2185 4779 2278 4852 qui
2315 4781 2483 4836 altare
2511 4790 2694 4836 contra
2723 4781 2890 4836 altare
2931 4783 2984 4838 in
3031 4781 3222 4838 eadem
3256 4782 3472 4838 civitate
3510 4785 3621 4854 pri-

2028 4886 2148 4928 mus
2176 4873 2366 4940 erexit,
2400 4887 2649 4943 magnum
2677 4873 2987 4928 scandalum
3017 4872 3214 4930 factum
3242 4882 3362 4942 est;
3406 4875 3480 4930 ita
3512 4875 3623 4930 for-

2029 4964 2185 5019 tassis
2205 4979 2235 5018 a
2252 4963 2458 5020 Donato
2475 4963 2798 5031 Donatistas,
2814 4972 2870 5021 ut
2890 4963 2958 5021 ab
2977 4965 3234 5022 seandalo
3258 4965 3622 5024 Scandalistas

2027 5055 2196 5111 voluit
2220 5055 2514 5126 appellare.

2099 5149 2326 5206 CAPUT
2369 5149 2432 5206 ll.
2461 5151 2613 5207 —5.
2664 5150 2770 5207 Sed
2813 5167 2915 5224 ego
2939 5167 3002 5208 ea
3031 5152 3083 5210 in
3133 5168 3214 5219 re,
3249 5155 3307 5210 in
3349 5169 3455 5226 qua
3490 5155 3614 5212 nihil

2028 5263 2202 5304 causa:
2248 5258 2448 5304 nostra:
2495 5247 2772 5316 minuitur,
2816 5265 2902 5304 me
2943 5249 3256 5306 facillimum
3288 5251 3522 5320 prmheo,
3565 5261 3615 5308 et

2027 5341 2240 5414 quando
2282 5350 2456 5398 tecum
2497 5357 2618 5414 ago,
2661 5341 2770 5413 jam
2825 5344 3148 5400 Donatianos
3200 5360 3332 5400 voco
3362 5361 3378 5410 ;
3405 5345 3608 5417 quando

2027 5444 2205 5492 autem
2232 5451 2352 5490 cum
2377 5436 2517 5503 aliis,
2561 5437 3002 5495 consuetudinem
3033 5440 3209 5508 potius
3235 5455 3452 5510 sequor,
3501 5455 3610 5511 qua

2028 5528 2112 5584 bis
2145 5529 2292 5584 sonis
2313 5527 2433 5598 jure
2465 5527 2894 5585 dominaturztu
2941 5538 3143 5587 tantum
3189 5543 3464 5590 memento
3509 5547 3602 5603 me,

2092 5714 2107 5744 ί
2143 5710 2338 5772 Quidam
2361 5717 2558 5764 veteres
2580 5709 2790 5778 codices,
2813 5718 3029 5766 mutuata
3048 5712 3128 5766 sit.
