3792 6168
37 269 129 327 £69
263 268 272 279 '
1010 318 1013 323 q
1337 246 1539 309 LIBER
1575 242 1951 305 SECUNDUS.

37 384 112 441 cui
136 389 330 439 tantam
360 377 595 438 tribuisti
618 373 996 450 eloquentiam,
1040 370 1278 430 nondum
1305 385 1468 429 nosse
1505 381 1606 424 no.

40 479 164 533 mina
189 475 480 539 declinare,
513 485 568 529 et
586 471 769 528 nuntia
793 467 988 525 vestris
1012 466 1376 534 securitatem,
1408 480 1476 522 ne
1497 464 1610 536 jam

42 572 240 626 timeant
258 575 512 641 tanquam
542 565 905 631 dialecticum,
935 562 1023 619 cui
1048 560 1198 618 vides
1221 560 1395 617 adhuc
1421 574 1612 617 neces-

40 664 215 721 sarium
239 677 363 718 esse
407 660 829 735 grammaticum.
863 656 1018 727 Quod
1047 657 1094 713 si
1124 655 1398 727 disciplina
1424 653 1612 725 dispu-

43 744 355 825 tandi,'sive
408 756 554 810 illam
593 752 926 809 dialecticam
948 749 1082 831 velis
1128 748 1429 821 appellare,
1499 747 1614 803 sive

43 849 149 920 quid
180 847 362 912 aliud;
416 846 545 902 satis
589 853 768 901 tamen
812 843 992 900 sobrie
1041 842 1216 908 docet,
1264 855 1387 897 cum
1431 838 1499 896 de
1552 853 1616 895 re

42 948 245 1001 constat.
277 953 390 995 non
419 952 537 995 esse
567 936 633 994 de
663 936 882 993 nomine
915 933 1266 1003 laborandum
1297 952 1312 989 :
1344 934 1482 990 sicut
1505 947 1616 990 non

44 1047 152 1088 curo
192 1037 374 1087 utrum
418 1045 480 1086 ea
522 1030 638 1100 ipsa
672 1028 951 1085 dialectica
990 1036 1230 1093 vocetur,
1277 1042 1409 1084 curo
1437 1038 1616 1083 tamen

43 1132 273 1195 quantum
307 1123 489 1190 valeo,
537 1136 697 1191 nosse
741 1136 805 1178 ac
834 1135 992 1193 posse
1037 1120 1335 1193 disputare,
1376 1120 1481 1177 hoc
1509 1128 1613 1191 est,

44 1218 301 1272 veritatem
326 1230 357 1270 a
388 1215 617 1272 falsitate
644 1216 696 1271 in
720 1213 986 1287 loquendo
1000 1212 1339 1282 discernere;
1365 1213 1489 1285 quia
1515 1212 1620 1281 hoc

47 1309 130 1364 nisi
164 1323 445 1373 curavero,
487 1308 947 1380 perniciosissime
988 1307 1180 1364 errabo
1211 1326 1223 1363 :
1252 1307 1326 1363 ita
1357 1323 1465 1365 non
1490 1322 1619 1365 curo

47 1414 203 1459 utrum
233 1403 551 1470 Donatista,
582 1417 651 1459 an
679 1402 958 1458 Donatiani
989 1402 1213 1472 peritius
1241 1410 1295 1457 et
1336 1399 1622 1457 litteratius

48 1493 407 1561 declinemini;
439 1504 618 1550 utrum
647 1502 923 1567 postremo
948 1507 978 1549 a
1018 1494 1224 1549 Donato
1253 1491 1336 1549 vel
1379 1492 1469 1565 qui
1513 1492 1623 1566 pri-

49 1602 146 1643 mus
165 1597 314 1643 extra
348 1587 643 1643 Ecclesiam
692 1585 1034 1650 sacriﬁcavit,
1060 1585 1148 1642 vel
1190 1585 1279 1658 qui
1328 1584 1469 1642 hanc
1507 1585 1622 1642 dis-

54 1678 337 1734 sensionem
391 1678 623 1734 maxime
670 1677 964 1746 roboravit,
1022 1692 1089 1732 an
1153 1692 1184 1732 a
1227 1677 1484 1750 Majorino
1532 1677 1622 1751 qui

50 1775 228 1843 primus
267 1782 460 1830 contra
504 1773 847 1829 Caecilianum
891 1780 1087 1828 vestrae
1132 1772 1300 1842 partis
1342 1772 1626 1843 episcopus

50 1864 301 1919 ordinatus
331 1872 438 1932 est,
461 1861 654 1918 debeat
678 1863 851 1930 vobis,
875 1861 1089 1934 quando
1115 1861 1404 1932 loquimur,
1434 1861 1626 1919 distin-

52 1957 220 2012 ctionis
241 1970 408 2013 causa
447 1954 559 2011 indi
594 1955 935 2011 vocabulum.
982 1953 1136 2025 Quod
1172 1962 1349 2011 tamen
1386 1953 1626 2012 haeretici

51 2048 166 2113 sitis,
196 2058 251 2103 et
280 2047 411 2105 ideo
442 2062 512 2104 ne
536 2046 835 2120 decipiatis,
865 2046 1172 2102 cautissime
1201 2043 1492 2115 devitandi,
1523 2048 1628 2111 nisi

52 2136 310 2210 diligenter
337 2139 714 2195 demonstrare
742 2152 1026 2206 curavero,
1064 2153 1171 2193 non
1198 2152 1413 2211 parvam
1458 2140 1630 2213 negli-

53 2233 221 2302 gentia:
246 2232 468 2304 culpam
488 2246 588 2303 pro
617 2231 722 2287 mei
751 2229 910 2286 cilicii
932 2230 1141 2285 sarcina
1171 2230 1463 2288 incurram.

102 2325 331 2385 CAPUT
356 2325 452 2383 ill.
472 2357 543 2367 —
560 2324 617 2382 Δ.
657 2324 974 2395 Quanquam
1000 2323 1054 2380 id
1082 2324 1223 2399 quod
1245 2325 1384 2381 inter
1411 2340 1511 2382 nos
1534 2340 1629 2384 ac-

53 2420 163 2476 cidit
181 2419 456 2487 ,scbisma
486 2419 665 2491 potius
690 2432 851 2489 quam
882 2415 1129 2473 haeresim
1161 2430 1353 2475 censes
1368 2419 1631 2491 appellari

24 2532 29 2539 '
53 2522 299 2582 oportere,
341 2518 403 2567 et
437 2508 583 2582 quod
608 2523 730 2565 raro
749 2506 947 2564 audere
966 2507 1229 2564 dialectici
1247 2509 1441 2579 solent,
1464 2510 1627 2567 etiam

54 2606 434 2663 deﬁnitionibus
462 2603 565 2661 ista
602 2603 901 2670 discernis;
931 2601 1021 2657 ubi
1043 2609 1298 2673 quantum
1333 2618 1431 2658 nos
1473 2602 1629 2674 adju-

53 2712 147 2768 ves,
188 2700 320 2756 satis
359 2697 735 2755 demonstrare
762 2711 868 2752 non
899 2704 1109 2767 potero,
1151 2696 1251 2751 nisi
1297 2710 1364 2752 ex
1404 2696 1630 2769 epistola

55 2801 126 2847 tua
150 2792 387 2849 inseram
413 2790 574 2847 verba
602 2798 709 2845 tua.
736 2789 874 2856 Quid
897 2788 994 2843 sibi
1020 2788 1146 2855 vult,
1175 2788 1369 2859 inquis,
1397 2790 1533 2858 quod
1551 2790 1630 2847 ais

55 2884 390 2939 hereticorum
412 2882 715 2953 sacrilegum
740 2896 961 2936 errorem
999 2878 1181 2952 (LibJ
1208 2889 1383 2934 contra
1411 2879 1631 2936 Litteras

53 2972 294 3042 Petiliam,
348 2991 407 3029 η.
449 2974 546 3044 i)?
589 2971 725 3028 Nam
765 2972 978 3028 haereses
1020 2971 1221 3026 nonnisi
1263 2974 1392 3026 inter
1433 2972 1632 3029 diversa

52 3079 286 3142 sequentes
313 3071 432 3140 ﬁeri
461 3069 643 3135 solent,
692 3083 784 3123 nec
809 3067 1076 3124 haereticus
1099 3068 1200 3125 nisi
1241 3069 1513 3126 contraria:
1551 3068 1633 3127 uel

54 3162 179 3216 aliter
202 3162 558 3233 interpretata:
583 3159 844 3232 religionis
867 3168 941 3214 est
962 3158 1147 3230 cultor,
1195 3169 1250 3215 ut
1290 3171 1406 3215 sunt
1450 3159 1631 3216 Mani-

54 3251 181 3321 citrei,
203 3252 409 3321 Ariani,
458 3252 782 3307 Marcionita:
803 3293 819 3320 ,
868 3250 1166 3322 Novatiani,
1202 3254 1467 3325 cteteriquc
1503 3271 1632 3327 quo-

52 3361 149 3400 rum
172 3346 303 3401 inter
325 3361 386 3401 se
409 3353 587 3400 contra
612 3343 765 3415 [idem
794 3342 1122 3399 christianum
1164 3345 1358 3401 diversa
1385 3347 1633 3404 sententia

53 3448 153 3493 stat.
183 3439 330 3496 Inter
355 3455 473 3507 nos,
502 3439 682 3512 quibus
702 3437 836 3493 idem
862 3436 1090 3495 Christus
1111 3450 1282 3510 natus,
1322 3450 1550 3498 mortuus
1585 3450 1633 3499 et

51 3548 316 3606 resurgens,
382 3547 489 3587 una
536 3531 736 3603 religio,
782 3530 957 3586 eadem
985 3530 1351 3603 Sacramenta,
1407 3534 1537 3589 nihil
1576 3534 1633 3591 in

52 3628 308 3683 christiana
328 3626 675 3681 obseruatione
703 3624 975 3693 diversum,
1004 3625 1223 3680 schisma
1262 3628 1477 3700 factum,
1528 3644 1633 3687 non

54 3722 235 3777 heresis
261 3721 478 3776 dicitur.
527 3717 792 3791 Siquidem
820 3718 1024 3773 haeresis
1070 3728 1141 3773 est
1180 3718 1378 3776 diversa
1416 3738 1633 3792 sequen-

54 3815 159 3866 tium
181 3821 315 3867 secta
336 3826 358 3868 :
383 3811 605 3866 schisma
637 3826 771 3877 vero,
805 3809 980 3864 eadem
1009 3811 1318 3879 sequentium
1355 3815 1631 3885 separatio.

57 3906 207 3971 Quare
223 3916 269 3962 et
286 3907 345 3961 in
363 3904 480 3973 hoc,
494 3904 664 3960 studio
685 3902 1010 3972 criminandi,
1028 3921 1173 3978 quem
1193 3914 1247 3959 tu
1270 3906 1540 3963 incurret-is
1560 3910 1635 3963 ui-

55 3996 125 4050 des
139 4013 362 4054 errarent
384 4000 426 4065 ί,
444 4012 561 4051 cum
575 3994 712 4067 quod
731 3995 947 4051 schisma
969 4005 1042 4052 est
1062 3996 1295 4053 haeresim
1325 4016 1491 4055 vocas.
1509 4000 1635 4060 lianc

55 4104 225 4161 nempe
262 4090 431 4147 verba
457 4098 545 4145 tua
586 4096 732 4157 sunt,
778 4104 898 4161 quas
931 4090 1085 4161 posui
1114 4106 1181 4147 ex
1209 4091 1432 4163 epistola
1463 4103 1572 4151 tua.

112 4181 334 4242 CAPUT
366 4181 458 4241 Ν.
490 4213 561 4223 -
586 4182 639 4238 5.
668 4181 786 4238 Jam
827 4197 971 4240 nunc
1011 4181 1252 4251 attende,
1299 4184 1345 4239 si
1389 4187 1633 4257 pertinax

54 4288 144 4331 non
164 4276 258 4345 sis,
280 4291 449 4349 quam
477 4272 619 4339 facili
640 4272 957 4345 compendio
978 4274 1031 4334 id
1053 4274 1193 4346 quod
1216 4273 1354 4331 inter
1380 4291 1479 4333 nos
1503 4292 1634 4351 age—

53 4364 210 4433 batur,
240 4368 359 4440 ipse
387 4366 612 4422 ﬁnieris.
652 4364 710 4421 Si
735 4365 877 4421 enim
906 4374 960 4421 et
990 4365 1143 4422 nobis
1192 4374 1247 4421 et
1289 4366 1445 4423 vobis
1490 4369 1634 4427 idem

53 4455 281 4516 Christus
317 4467 496 4525 natus,
549 4466 793 4513 mortuus
831 4470 895 4514 ac
942 4471 1252 4530 resurgens,
1294 4474 1397 4514 una
1423 4459 1632 4533 religio,

56 4553 221 4609 eadem
250 4553 621 4618 Sacramenta,
673 4550 803 4606 nihil
833 4550 888 4607 in
932 4549 1219 4607 christiana
1261 4550 1636 4611 observatione

55 4640 309 4701 diversum
339 4653 443 4706 est,
474 4656 653 4699 nonne
673 4641 1005 4712 rebaptizare
1026 4656 1336 4712 perversum
1363 4641 1485 4699 est?
1509 4642 1635 4701 Tria

54 4744 267 4807 namque
296 4734 549 4808 posuisti,
580 4748 807 4805 quorum
857 4733 903 4788 si
950 4748 1114 4788 unum
1158 4733 1448 4805 posuisses,
1500 4736 1634 4794 satis

56 4840 304 4901 superque
317 4828 611 4886 sufficeret.
656 4824 765 4883 Sed
779 4825 931 4898 quasi
947 4834 1135 4919 qontra
1159 4827 1483 4885 Donatianos
1500 4828 1635 4887 lide-

55 4918 162 4977 liter
184 4938 393 4995 ageres,
423 4936 492 4978 ne
519 4922 798 4994 quisquam
818 4919 903 4977 vel
946 4918 1106 4977 nimis
1135 4928 1344 4990 acutus,
1392 4922 1447 4979 id
1489 4923 1635 4995 quod

53 5015 207 5070 semel
232 5015 576 5085 breviterque
605 5012 856 5081 dixisses,
885 5013 1225 5084 interpretari
1269 5013 1423 5069 aliter
1466 5029 1632 5072 cona-

55 5114 209 5176 retur,
236 5108 395 5164 etiam
429 5106 635 5162 obtusis
662 5103 882 5161 auribus
908 5112 964 5161 et
985 5105 1234 5161 cordibus
1266 5113 1408 5160 tuam
1434 5106 1634 5163 curasti

56 5196 359 5273 immergere
383 5208 547 5272 atque
572 5197 841 5255 inculcare
869 5198 1213 5262 sententiam,
1262 5196 1400 5265 Una,
1432 5199 1630 5273 inquis,

55 5289 237 5361 religio,
261 5291 436 5347 eadem
466 5289 822 5355 Sacramenta,
864 5289 993 5345 nihil
1016 5290 1069 5344 in
1098 5289 1374 5345 christiana
1403 5292 1637 5348 observa—

58 5382 177 5439 tione
195 5386 463 5441 diuersum.
478 5385 549 5441 Et
577 5384 749 5441 adhuc
774 5383 1029 5440 adversus
1048 5382 1273 5439 invicem
1291 5382 1593 5441 laboramus
1611 5385 1637 5440 ?

57 5474 159 5534 iam
184 5479 397 5538 tandem
437 5478 722 5550 aliquando
751 5474 994 5532 cohibete
1023 5474 1437 5547 dissensionem,
1477 5476 1635 5534 finite
1712 5510 1717 5516 ι

56 5565 211 5639 litem,
240 5581 415 5629 amate
442 5584 653 5645 pacem.
701 5568 840 5637 Quid
888 5567 1228 5638 reprobatis?
1276 5568 1401 5641 quid
1447 5569 1635 5674 sisui-

314 5724 461 5774 Μ
482 5715 537 5784 εξι
980 5706 1115 5785 We?
1132 5720 1367 5785 mm-
1407 5717 1467 5763 Αι
1502 5718 1635 5775 διεδ,

55 5778 181 5832 quem
200 5778 252 5826 tu
267 5774 552 5836 incurreris,
575 5774 726 5835 vides,
750 5783 996 5835 errorem;
1014 5774 1206 5836 ontisso,
1233 5784 1345 5824 non.

3185 262 3292 322 ιῖο

1721 365 1905 422 ﬂatis?
1949 365 2124 436 Quare
2180 365 2564 442 rebaptizatis?
2615 373 2731 431 Una
2778 377 2955 451 religio
2998 386 3098 446 est,
3136 381 3311 438 eadem

1720 456 2074 526 Sacramenta,
2101 460 2232 516 nihil
2268 464 2323 518 in
2342 464 2622 521 christiana
2648 468 2989 529 observatione
3035 473 3310 531 diversum.

1719 552 1852 609 Nam
1882 554 1927 609 si
1956 555 2106 611 vobis
2134 565 2189 612 et
2213 558 2368 614 nobis
2415 575 2521 616 non
2552 572 2637 618 est
2659 580 2797 621 unus
2824 567 3149 639 Baptismns,
3179 590 3313 644 qun-

1721 647 1883 704 modo
1902 656 1983 705 est
2005 665 2107 706 una
2124 649 2352 722 religio?
2377 652 2483 709 Sed
2503 663 2555 710 tu
2579 655 2778 723 dixisti,
2803 659 2919 717 Una
2945 665 3122 737 religio
3142 683 3162 722 :
3181 684 3313 740 ergo

1723 746 1780 795 et
1803 754 1940 796 unus
1968 740 2287 810 Baptismus.
2313 743 2592 812 Quomodo
2619 758 2743 805 sunt
2770 751 2955 808 eadem
2987 753 3312 817 Sacramen-

1722 831 1812 887 ta?
1832 832 1937 889 Sed
1963 845 2016 889 tu
2046 835 2249 902 dixisti,
2284 840 2459 894 eadem
2490 839 2868 901 Sacramenta:
2896 846 3035 905 idem
3083 867 3212 924 ergo
3256 866 3315 913 et

1725 924 2046 996 Baptismus.
2075 928 2203 984 item
2231 930 2276 985 si
2303 932 2458 989 nobis
2476 942 2532 990 et
2559 934 2710 992 vobis
2733 937 2981 997 diversus
3004 954 3087 999 est
3131 945 3314 1019 Bapti-

1724 1033 1894 1088 smus,
1922 1024 2190 1094 quomodo
2216 1024 2345 1082 nihil
2367 1035 2451 1084 est
2496 1028 2552 1085 in
2595 1031 2885 1090 christiana
2935 1037 3313 1101 observatione

1725 1110 1996 1169 diversum
2017 1114 2043 1168 'l
2070 1116 2180 1173 Sed
2209 1126 2265 1174 tu
2295 1118 2500 1189 dixisti,
2532 1122 2664 1177 nihil
2687 1124 2741 1179 in
2770 1126 3047 1184 christiana
3076 1131 3314 1193 observa-

1726 1205 1860 1261 tione
1888 1207 2139 1264 diversum
2169 1228 2182 1265 :
2212 1226 2321 1267 non
2346 1228 2474 1285 ergo
2498 1221 2580 1271 est
2605 1215 2847 1275 diversus
2865 1230 2921 1277 et
2945 1221 3245 1294 Baptismns
3272 1229 3315 1283 ί.

1728 1296 1860 1369 Quae
1887 1313 2009 1354 cum
2036 1300 2107 1356 ita
2132 1302 2261 1368 sint,
2304 1318 2403 1361 nos
2430 1315 2578 1364 recte
2602 1308 2744 1379 quod
2773 1294 2933 1370 unum
2961 1324 3119 1388 atque
3150 1317 3316 1390 idem,

1728 1406 1904 1464 neque
1929 1393 2199 1451 diversum
2229 1405 2331 1465 est,
2364 1413 2465 1456 nec
2503 1400 2890 1473 improbamus,
2931 1423 3030 1463 nec
3068 1410 3323 1468 exsufﬂa-

1729 1498 1869 1551 mus,
1916 1501 2018 1542 nec
2070 1489 2365 1557 iteramus;
2417 1491 2513 1549 sed
2554 1496 2925 1566 agnoscimus,
2976 1501 3324 1575 suscipimus,

1730 1588 2090 1649 acceptamus.
2119 1581 2229 1639 Vos
2258 1597 2386 1639 vero
2411 1584 2597 1656 impie,
2621 1587 2762 1657 quod
2791 1604 2952 1645 unum
2975 1599 3136 1666 atque
3156 1594 3322 1666 idem,

1731 1685 1904 1741 neque
1929 1670 2198 1729 diversum
2217 1683 2319 1740 est,
2334 1675 2684 1735 dissimulatis
2703 1695 3018 1752 agnoscere,
3048 1687 3325 1759 suscipere

1731 1764 2010 1831 recusatis,
2057 1777 2339 1839 acceptare
2364 1784 2469 1825 non
2510 1770 2704 1838 vultis;
2753 1774 2848 1831 sed
2879 1777 3073 1849 eligitis
3120 1781 3326 1853 impro-

1732 1854 1884 1923 bare,
1903 1857 2109 1915 audetis
2133 1860 2437 1931 exsufflare,
2467 1878 2575 1919 non
2603 1867 2840 1923 metuitis
2864 1869 3079 1927 iterare.
3110 1872 3327 1933 Etcum

1736 1948 1791 2005 in
1823 1949 1926 2007 hoc
1952 1952 2067 2023 ipso
2094 1953 2237 2025 quod
2265 1969 2329 2011 ea
2357 1972 2477 2028 quae
2503 1957 2642 2013 inter
2681 1976 2781 2018 nos
2806 1971 3006 2020 mutata
3043 1982 3147 2022 non
3176 1979 3324 2039 sunt,

1737 2055 1837 2097 nos
1863 2043 2201 2114 suscipimus,
2247 2060 2344 2102 vos
2373 2047 2669 2120 repellitis;
2716 2067 2814 2111 nos
2865 2054 2909 2111 si
2953 2071 2985 2111 a
3015 2057 3166 2115 vobis
3200 2058 3329 2118 data

1736 2144 1882 2205 sunt,
1914 2137 2035 2194 data
2058 2139 2382 2209 judicamus,
2424 2156 2521 2203 vos
2545 2143 2591 2199 si
2619 2159 2649 2199 a
2682 2145 2838 2204 nobis
2864 2148 2986 2204 data
3016 2160 3161 2220 sunt,
3210 2163 3333 2210 tan-

1736 2243 1896 2299 quam
1923 2243 2030 2285 non
2047 2228 2169 2286 data
2190 2232 2432 2302 repetitis
2462 2251 2476 2288 :
2503 2249 2627 2290 cum
2647 2242 2752 2291 tam
2774 2237 2982 2297 diversa
3003 2243 3326 2317 sequamini,

1736 2320 1995 2394 appellari
2025 2336 2122 2378 vos
2145 2322 2427 2380 luereticos
2446 2323 2833 2397 dcdignamini.

1811 2410 1864 2466 6.
1898 2412 2128 2469 Attende
2167 2413 2452 2487 diligenter
2488 2415 2615 2489 quid
2650 2417 2820 2488 dicas,
2865 2428 2920 2477 et
2963 2422 3091 2494 quid
3133 2423 3331 2485 dicam.

1738 2503 1821 2560 Tu
1845 2515 1991 2561 certe
2021 2506 2255 2564 definisti
2287 2517 2343 2565 et
2377 2508 2583 2578 dixisti,
2630 2510 2858 2569 Hteresis
2901 2523 2975 2569 est
3020 2516 3219 2573 diversa
3243 2537 3330 2575 se-

1739 2597 1998 2669 quentium
2017 2607 2154 2653 secta
2182 2616 2200 2655 :
2228 2600 2451 2656 schisma
2481 2615 2616 2670 vero,
2645 2603 2818 2658 eadem
2839 2608 3154 2677 sequentium
3184 2626 3336 2680 sepa-

1737 2688 1890 2744 ratio.
1923 2686 2051 2744 item
2077 2697 2135 2744 tu
2163 2688 2362 2756 dixisti,
2391 2693 2532 2748 nobis
2553 2701 2599 2747 et
2631 2693 2768 2749 vobis
2801 2711 2956 2751 unam
2990 2715 3097 2754 esse
3129 2702 3338 2774 religio-

1738 2794 1874 2846 nem,
1904 2779 2079 2836 eadem
2106 2781 2462 2851 Sacramenta,
2482 2784 2612 2839 nihil
2634 2785 2687 2839 in
2703 2785 2977 2843 christiana
2991 2790 3337 2850 observatione

1740 2870 2016 2927 diversum.
2072 2872 2251 2940 Quare
2287 2889 2416 2948 ergo
2460 2877 2763 2947 rebaptizas
2808 2880 3182 2951 christianum,
3233 2901 3335 2959 ego

1738 2978 1846 3020 non
1889 2964 2204 3035 rebaptizo?
2247 2967 2469 3024 Diversa
2516 2968 3009 3049 utiquesequimur.
3057 2976 3233 3046 Quare
3283 2990 3337 3038 te

1738 3056 1846 3114 dici
1872 3072 1981 3113 non
2006 3059 2086 3114 vis
2116 3058 2431 3117 hazreticum
2453 3062 2516 3116 ’ἲ
2541 3061 2677 3119 Puto
2701 3064 2844 3136 quod
2861 3081 2964 3121 non
2988 3083 3152 3139 parvo
3179 3070 3335 3142 signo

1739 3164 2092 3223 agnoscamus
2117 3150 2422 3223 haereticos,
2462 3155 2699 3229 quicum
2730 3158 2833 3213 sibi
2878 3169 2933 3216 et
2975 3161 3131 3218 nobis
3172 3180 3338 3222 unam

1738 3242 2073 3314 religionem,
2123 3244 2310 3301 eadem
2342 3245 2712 3316 Sacramenta,
2763 3250 2896 3307 nihil
2945 3253 3000 3309 in
3042 3253 3338 3314 christiana

1737 3332 2114 3393 observatione
2164 3334 2435 3394 diversum
2490 3354 2611 3395 esse
2659 3341 2944 3411 fateantur,
2993 3345 3185 3402 nolunt
3236 3365 3337 3406 nos

1740 3442 2034 3511 agnoscere
2070 3428 2386 3501 baptizatos.
2432 3432 2514 3487 An
2546 3441 2692 3489 tanta
2725 3435 3083 3494 obstinatione
3111 3449 3337 3497 conten-

1740 3517 1886 3602 ditis,
1932 3528 2079 3575 tanta
2097 3518 2435 3580 dissensione
2473 3523 2683 3581 veritati
2724 3525 2992 3594 resistitis,
3052 3539 3112 3586 ut
3151 3547 3179 3585 a
3207 3532 3341 3589 reli-

1739 3610 1917 3683 gione,
1941 3626 1971 3667 a
1992 3611 2371 3681 Sacramentis,
2396 3630 2425 3669 a
2443 3614 2733 3673 christiana
2760 3618 3134 3678 observatione
3149 3623 3335 3698 Bapti-

1741 3718 1918 3760 smum
1970 3706 2270 3776 separetis?
2290 3705 2440 3776 Quod
2471 3708 2517 3764 si
2562 3707 2755 3777 facitis,
2779 3711 2912 3769 ineo
2930 3714 3060 3769 estis
3077 3713 3336 3785 haeretici,

1741 3796 1883 3870 quod
1909 3797 1976 3852 ad
2001 3797 2335 3870 religionem,
2384 3798 2453 3855 ad
2482 3798 2851 3870 Sacramenta,
2899 3803 2968 3859 ad
3011 3806 3339 3866 observatio-

1743 3903 1868 3945 nem
1899 3887 2247 3947 christianam
2273 3890 2607 3962 Baptismum
2634 3895 2904 3965 pertinere
2934 3912 3042 3954 non
3070 3899 3248 3955 vultis.
3278 3900 3341 3959 Si

1744 3990 1924 4036 autem
1954 3997 2060 4038 non
2088 3981 2285 4050 facitis,
2316 3984 2369 4039 in
2402 4000 2469 4043 eo
2494 3987 2624 4043 estis
2650 3985 2912 4058 haeretici,
2936 3991 3078 4062 quod
3122 4009 3217 4050 eos
3246 3997 3338 4068 qui

1743 4071 2019 4129 vobiscum
2077 4074 2274 4155 habent
2317 4092 2479 4132 unam
2527 4078 2861 4149 religionem,
2911 4082 3100 4138 eadem
3145 4085 3339 4142 Sacra-

1742 4174 1946 4233 menta,
1996 4165 2127 4221 nihil
2172 4167 2226 4221 in
2274 4167 2566 4224 christiana
2614 4170 2990 4229 observatione
3041 4175 3337 4245 diversum,
3398 4159 3402 4162 i

1743 4271 1866 4313 cum
1892 4265 1946 4312 et
1965 4257 2291 4328 Baptismum
2319 4259 2386 4315 ad
2408 4261 2744 4333 religionem,
2776 4264 2843 4320 ad
2872 4252 3236 4339 Sacramenta,
3267 4273 3339 4329 ad

1745 4348 2091 4406 christianam
2121 4350 2554 4408 observationem
2594 4355 2871 4426 pertinere
2910 4356 3205 4427 fateamini,
3258 4372 3340 4419 ta-

1744 4458 1869 4499 men
1900 4442 2259 4514 rebaptizatis.
2299 4443 2529 4501 Attende
2570 4447 2714 4502 enim
2741 4447 3027 4520 diligenter
3070 4452 3341 4511 definitio-

1745 4535 1871 4591 nem
1902 4542 2067 4603 tuam,
2097 4534 2150 4590 in
2180 4550 2283 4611 qua
2304 4534 2505 4604 dixisti,
2536 4536 2765 4595 Hteresis
2792 4550 2866 4595 est
2893 4541 3091 4598 diversa
3121 4560 3340 4616 sequen-

1747 4627 1876 4711 tium
1912 4636 2045 4682 secta
2070 4644 2083 4682 :
2110 4636 2163 4683 et
2201 4627 2320 4685 vide
2347 4637 2528 4685 utrum
2568 4646 2675 4688 non
2715 4631 2983 4689 diversum
3028 4636 3340 4708 sequimini,

1745 4728 1840 4776 aut
1876 4719 2174 4791 separando
2221 4720 2549 4793 Baptismum
2587 4740 2619 4780 a
2664 4724 2911 4796 religiosa
2962 4726 3344 4789 observatione

1745 4815 2162 4872 Christianorum
2186 4814 2681 4886 Sacramentorum,
2711 4810 3049 4891 quibuscum
3077 4836 3175 4879 nos
3201 4823 3347 4882 inter

1747 4927 1941 4984 magna
1967 4910 2377 4984 coniungimus;
2407 4921 2499 4968 aut
2527 4928 2620 4969 eos
2641 4929 2760 4971 cum
2784 4914 2977 4986 quibus
3005 4915 3060 4972 in
3092 4932 3196 4973 una
3222 4919 3345 4976 reli-

1743 5005 1903 5077 giosa
1948 5003 2320 5061 observatione
2392 5006 2807 5062 christianorum
2866 5006 3344 5069 Sacramentoruin

1747 5099 1912 5167 etiam
1935 5097 2241 5171 Baptismus
2261 5114 2402 5156 unus
2425 5109 2526 5165 est,
2558 5109 2735 5156 tamen
2765 5100 3171 5175 rebaptizando,
3199 5106 3346 5179 quod

1747 5207 1848 5263 nos
1875 5191 2220 5249 detestamur.

1820 5289 2048 5347 CAPUT
2091 5288 2156 5346 γ.
2183 5320 2255 5331 -
2284 5290 2340 5347 7.
2390 5289 2561 5359 Quam
2586 5288 2804 5362 vellem,
2846 5292 2894 5348 si
2931 5308 3167 5367 possem,
3213 5264 3339 5350 cum

1746 5382 1982 5455 aliquem
2009 5382 2291 5455 deceptum
2311 5396 2375 5439 ex
2403 5381 2599 5440 nostris
2626 5380 2895 5453 fidelibus,
2946 5386 3113 5443 vestri
3151 5385 3341 5442 nefan-

1803 5518 1934 5569 φιν.
1956 5516 2108 5582 Lugd.
2154 5523 2369 5586 et_ven.,
2391 5529 2488 5586 non
2525 5529 2643 5583 ergo
2677 5517 2899 5586 diversus
2934 5525 3009 5572 est
3051 5518 3348 5586 septimus.

1690 5642 1693 5645 λ
1748 5588 1886 5647 1.031.,
1908 5592 2005 5632 non
2023 5580 2140 5647 ergo
2164 5580 2385 5634 diversus
2405 5585 2543 5647 estet
2567 5580 2858 5647 continuus,
2901 5589 2982 5647 at.

1783 5648 1791 5656 '
1817 5644 1841 5676 ¹
1855 5641 1957 5694 Duo
1980 5641 2107 5693 Mssf:
2134 5650 2288 5707 Quare
2306 5655 2426 5707 ergo
2446 5641 2717 5707 rebaptizas
2732 5641 3057 5696 christiarmm
3073 5643 3101 5696 ?
3119 5644 3170 5707 si
3189 5648 3352 5707 autem

1748 5708 1809 5772 in
1824 5719 1881 5758 eo
1902 5707 2041 5772 quod
2053 5711 2106 5756 tu
2126 5704 2399 5772 rebaptizas
2421 5704 2784 5772 christianum,
2803 5719 2910 5772 ego
2952 5720 3056 5772 non
3087 5706 3348 5772 rebaptizo,

1753 5766 1949 5825 diversa
1970 5767 2135 5835 utique
2156 5766 2434 5833 sequium;
2470 5780 2620 5836 quare
2644 5773 2691 5822 te
2712 5767 2813 5824 dici
2833 5766 2928 5824 rion
2949 5769 3020 5827 vis
3038 5766 3359 5835 licentiam?
