3792 6142
435 304 528 372 ιη
711 245 734 251 ”
786 250 824 314 ί
866 246 966 369 ῖίχί
1089 325 1094 328 -
1179 297 1451 357 cosraa
1496 283 1925 350 cnescoxmu
1957 273 2415 354 DONATISTAM,
2460 287 2517 342 s.
2563 279 2932 344 aucusrmt
3220 255 3223 257 ’
3641 290 3734 349 ⁴⁷²

435 428 518 481 dis
547 421 958 480 interimendum
1004 417 1213 475 insidiis
1262 415 1556 486 excipiunt,
1587 426 1708 468 cum
1749 407 1888 479 apud
1931 421 2030 461 nos

435 518 540 587 iam
586 515 929 586 baptizatum,
988 525 1086 566 nec
1131 507 1359 579 cmpisse
1403 505 1587 562 dicunt
1615 516 1735 559 esse
1784 499 2030 556 christia-

436 625 588 672 num,
639 622 758 662 cum
787 614 1037 674 tanquam
1074 615 1336 673 paganum
1362 595 1667 663 exsufflant,
1717 609 1838 650 cum
1886 601 2029 647 cate-

375 762 380 766 ,
436 702 760 756 chumcnum
782 696 1001 763 faciunt,
1023 703 1081 750 ut
1102 700 1405 765 praaparent
1419 687 1613 745 deinde
1635 684 2027 756 retingendum,

373 828 384 871 ε
435 795 520 850 vel
558 794 733 864 potius
759 785 1248 860 exstinguendum;
1295 792 1515 854 repente
1557 777 1805 836 alicunde
1833 777 2029 834 existe-

439 903 498 945 re
521 890 562 954 ¹,
595 901 716 941 cum
747 885 848 939 hac
874 882 1097 954 epistola
1131 889 1240 945 tua,
1267 887 1320 934 et
1342 877 1484 932 hunc
1509 876 1681 947 ipsum
1709 873 1826 945 ejus
1853 873 2031 928 locum

364 975 373 1053 ξ
437 981 492 1034 in
525 977 715 1032 mediis
731 991 916 1030 eorum
943 973 1164 1029 ausibus
1185 968 1461 1028 recitando
1479 967 1754 1040 porrigere
1779 973 1833 1020 et
1852 963 2032 1020 excla-

363 1069 390 1117 έ
412 1079 418 1085 ’
438 1086 589 1127 mare
613 1090 625 1125 :
650 1068 785 1136 Quid
815 1067 1030 1124 facitis?
1059 1067 1218 1135 Ecce,
1250 1063 1452 1131 audite,
1481 1061 1678 1129 videte,
1707 1060 1868 1131 legite
1889 1075 1904 1127 ;
1925 1073 2029 1114 una

441 1172 525 1218 est
546 1162 698 1217 nobis
725 1161 980 1231 vobisque
1020 1159 1228 1228 religio,
1259 1155 1450 1213 eadem
1482 1153 1849 1219 Sacramenta,
1898 1149 2034 1206 nihil

437 1257 496 1313 in
550 1253 844 1308 christiana
884 1249 1259 1306 observatione
1299 1247 1570 1304 diversum
1605 1245 1698 1302 :in
1745 1243 1897 1316 cujus
1933 1259 2034 1300 no-

443 1347 589 1402 mine
617 1347 718 1402 iste
745 1345 1042 1416 baptizatus
1078 1344 1147 1399 sit
1173 1343 1318 1414 prius
1358 1342 1703 1411 interrogate,
1736 1348 1790 1396 et
1823 1347 1950 1394 tunc
1988 1338 2035 1394 si

442 1439 606 1494 alium
633 1439 911 1493 meliorem
955 1436 1009 1492 in
1039 1444 1218 1492 vestro
1248 1434 1522 1506 Baptismo
1549 1432 1856 1498 nominatis,
1887 1430 2032 1487 date.

441 1530 595 1586 Tunc
621 1529 698 1585 illi
733 1528 981 1594 fortasse,
1015 1526 1061 1583 si
1103 1541 1210 1582 non
1240 1525 1356 1597 ipsa
1379 1539 1562 1581 rerum
1607 1521 1873 1579 evidentia
1898 1537 2032 1579 con-

441 1623 840 1690 tremiscerent,
867 1621 1123 1678 continuo
1146 1619 1433 1676 consilium
1464 1633 1640 1683 suum,
1673 1631 1925 1687 magnum
1955 1615 2035 1671 vi-

441 1715 638 1773 delicet
683 1724 842 1787 atque
889 1723 1122 1782 acutum,
1146 1713 1446 1785 proferrent
1487 1720 1542 1768 et
1593 1710 1832 1767 dicereut
1858 1726 1873 1764 :
1903 1709 2034 1778 Quis

439 1809 544 1865 iste
567 1824 599 1886 _e
628 1809 782 1864 nobis
808 1817 912 1874 est,
944 1809 1094 1880 cujus
1119 1806 1399 1879 epistolam
1425 1805 1604 1878 geris?
1630 1804 1822 1860 Laicus
1851 1813 2035 1860 noster

441 1910 526 1956 est
555 1917 569 1954 ε
601 1901 753 1956 nobis
783 1901 1042 1967 vinceret,
1068 1899 1297 1954 vincitur
1335 1897 1457 1954 sibi.
1502 1895 1638 1952 Tum
1667 1911 1768 1967 ego
1797 1895 1844 1951 si
1873 1895 2032 1952 ades-

437 2006 577 2061 sem,
607 2008 899 2049 conversus
921 1993 985 2048 ad
1018 2000 1068 2047 te
1095 1990 1330 2047 dicerem
1365 2007 1378 2044 :
1409 1988 1489 2044 Tu
1528 1988 1738 2053 saltem,
1785 1987 2032 2056 obsecro,

437 2085 528 2140 dic
555 2085 730 2152 nobis,
769 2084 894 2155 quid
918 2083 1005 2139 isti
1034 2081 1278 2138 faciunt?
1326 2081 1466 2136 Ecce
1497 2079 1638 2151 apud
1669 2094 1767 2136 nos
1795 2080 2032 2152 baptiza-

437 2187 553 2233 tum
583 2176 912 2248 rebaptizare
939 2176 1246 2247 disponunt.
1279 2172 1436 2230 Certe
1463 2187 1591 2245 ergo
1616 2173 1757 2228 nobis
1800 2182 1849 2227 et
1895 2173 2034 2228 vobis

436 2286 547 2324 una
572 2268 771 2340 religio,
803 2268 976 2322 eadem
1002 2267 1356 2333 Sacramenta,
1379 2263 1509 2320 nihil
1552 2264 1604 2319 in
1635 2264 1912 2318 christiana
1940 2265 2032 2319 ob-

437 2363 721 2417 servatione
763 2359 1054 2415 diversum?
1115 2359 1198 2414 An
1241 2356 1618 2428 responderes,
1674 2355 1782 2412 Sed
1834 2355 2034 2413 Christi

437 2452 745 2524 Baptismus
773 2468 876 2508 non
894 2460 976 2506 est
1001 2450 1208 2523 religio,
1229 2464 1334 2505 non
1357 2458 1440 2506 est
1463 2449 1894 2517 Sacramentum,
1927 2463 2034 2506 non

437 2541 525 2603 est
549 2545 851 2603 observatio
884 2544 1218 2601 christiana?
1247 2543 1517 2599 Averterit
1551 2541 1692 2598 Deus
1719 2541 1909 2598 hanca
1944 2551 2034 2598 tua

437 2647 622 2694 mente
650 2637 994 2694 dementiam.
1040 2635 1178 2705 Quid
1208 2635 1366 2708 igitur
1393 2635 1523 2690 mihi
1557 2633 1912 2706 responderes
1941 2650 2035 2690 ur-

437 2732 583 2802 genti
610 2746 673 2786 ac
692 2729 913 2786 dicenti.
942 2728 1058 2786 Una
1081 2728 1240 2784 nobis
1266 2727 1524 2799 vobisque
1545 2726 1732 2798 religio
1766 2736 1849 2784 est
1872 2745 1885 2783 :
1916 2727 2035 2800 qui-

434 2823 539 2879 bus
565 2831 744 2879 autem
769 2823 1072 2894 Baptismus
1101 2838 1239 2878 unus
1266 2835 1372 2876 non
1403 2828 1506 2886 est,
1534 2835 1641 2876 non
1659 2828 1742 2876 est
1769 2834 1872 2876 una
1903 2819 2033 2876 reli-

433 2916 524 2988 gio
557 2936 570 2973 :
598 2931 728 2988 ergo
755 2916 910 2972 nobis
931 2916 1187 2986 vobisque
1215 2929 1353 2970 unus
1370 2921 1452 2970 est
1471 2913 1793 2983 Baptismus.
1825 2911 2029 2969 Eadem

435 3005 595 3062 nobis
619 3015 674 3062 et
701 3005 855 3062 vobis
877 3013 1000 3060 sunt
1042 3003 1387 3060 Sacramenta
1422 3021 1434 3057 :
1465 3002 1658 3074 quibus
1705 3010 1885 3057 autem
1928 3001 2034 3057 Ba-

433 3100 665 3171 ptismus
691 3099 831 3155 idem
858 3115 964 3153 non
990 3105 1093 3165 est,
1129 3111 1234 3152 non
1266 3104 1390 3152 sunt
1423 3095 1610 3152 eadem
1645 3095 1991 3152 Sacramenta
2017 3113 2032 3152 :

435 3207 568 3262 ergo
595 3191 736 3246 idem
772 3189 926 3246 nobis
975 3198 1030 3245 et
1065 3187 1218 3244 vobis
1270 3196 1354 3244 est
1401 3187 1723 3258 Baptismus.
1767 3185 1906 3242 Nihil
1950 3193 2034 3242 est

435 3285 595 3341 nobis
621 3293 675 3340 et
703 3284 855 3340 vobis
885 3283 938 3339 in
964 3282 1255 3339 christiana
1295 3280 1670 3338 observatione
1715 3279 1984 3336 diversum
2013 3294 2030 3334 :

440 3377 636 3448 quibus
674 3384 852 3432 autem
901 3375 1144 3431 diversus
1185 3383 1266 3430 est
1309 3373 1646 3446 Baptismus,
1693 3386 1800 3428 non
1847 3371 2033 3442 utique

437 3467 570 3524 nihil
592 3477 675 3524 est
714 3469 768 3522 in
817 3466 1104 3523 christiana
1131 3465 1509 3522 observatione
1554 3463 1826 3519 diversum
1872 3481 1886 3518 :
1924 3476 2032 3517 non

439 3576 571 3633 ergo
621 3561 776 3616 nobis
823 3568 877 3614 et
923 3559 1075 3614 vobis
1099 3558 1345 3614 diversus
1391 3567 1474 3613 est
1533 3556 1858 3627 Baptismus.
1922 3553 2031 3610 Cur

437 3652 581 3724 quod
609 3669 771 3707 unum
799 3660 879 3706 est
907 3650 1275 3722 improbatur?
1318 3665 1413 3704 cur
1428 3648 1570 3719 quod
1590 3648 1730 3704 idem
1743 3655 1828 3704 est
1851 3645 2032 3703 exsuf-

439 3744 626 3799 flatur?
655 3760 752 3799 cur
781 3742 921 3813 quod
947 3759 1052 3797 non
1081 3742 1348 3797 diversum
1371 3749 1454 3796 est
1483 3741 1746 3796 iteratur?
1824 3785 1832 3794 .

508 3834 736 3892 CAPUT
773 3834 864 3889 VI.
896 3865 966 3876 —-
991 3835 1043 3889 8.
1078 3833 1161 3888 Me
1207 3833 1286 3887 sic
1315 3841 1506 3904 agente
1540 3831 1591 3886 in
1625 3831 1927 3901 prmsentia,
1952 3832 2031 3888 sic

437 3929 691 3995 instante,
743 3927 809 3982 ad
841 3941 973 3998 quas
1001 3925 1464 3996 tergiversationes
1489 3921 1846 3994 confugeretis
1873 3923 1898 3978 ?
1942 3922 2034 3978 Vi-

437 4021 633 4077 delicet
660 4026 1061 4076 contemnerent
1096 4017 1146 4071 in
1177 4015 1398 4087 epistola
1429 4023 1516 4070 tua
1536 4013 1609 4069 illi
1629 4014 2027 4085 grammaticos,

437 4125 497 4170 tu
541 4126 821 4170 accusares
848 4112 899 4167 in
956 4119 1137 4166 nostra
1179 4108 1519 4164 dialecticos:
1571 4107 1664 4163 sed
1710 4107 1908 4163 veritas
1962 4122 2032 4164 ex

435 4216 662 4279 utraque
692 4213 968 4277 superaret
993 4204 1294 4270 haereticos,
1344 4201 1447 4258 hoc
1475 4201 1645 4257 solum
1673 4202 1729 4256 in
1751 4201 1830 4258 eis
1847 4209 2030 4258 osten-

435 4301 571 4358 dens
596 4316 627 4357 a
649 4299 800 4356 nobis
825 4314 944 4355 esse
960 4297 1249 4365 diversum,
1275 4294 1416 4366 quod
1441 4302 1650 4350 constat
1669 4308 1787 4350 esse
1812 4309 2031 4365 perver-

349 4464 355 4472 κ
434 4409 554 4449 sum
587 4411 600 4446 :
624 4392 746 4462 quia
776 4406 874 4447 nos
901 4389 1242 4446 Sacramenta
1264 4395 1442 4443 nostra
1469 4385 2032 4458 cognoscimus,crro-

431 4501 551 4542 rem
580 4485 810 4540 alienum
863 4481 1210 4538 emendamus
1241 4497 1256 4547 ;
1285 4491 1379 4536 vos
1407 4488 1584 4534 autem
1614 4478 1800 4534 eadem
1840 4477 2030 4534 Sacra-

438 4585 618 4633 menta
642 4575 903 4640 fatemini,
927 4589 1044 4644 quae
1071 4583 1318 4644 tanquam
1346 4571 1490 4626 nulla
1516 4570 1623 4626 sint
1653 4569 1875 4638 iteratis,
1908 4584 2027 4625 ma-

345 4704 350 4707 -
432 4683 536 4738 gna
581 4666 888 4746 diversitate
915 4663 1263 4736 reprobantes
1285 4660 1427 4734 quod
1479 4661 1750 4719 diversum
1773 4675 1884 4717 non
1909 4674 2030 4717 esse

433 4759 744 4816 conceditis.

505 4849 732 4908 CAPUT
769 4850 880 4906 γη.
907 4880 980 4890 -
1001 4848 1053 4906 9.
1087 4845 1318 4904 Proinde
1343 4845 1585 4918 quamvis
1637 4845 1776 4900 inter
1796 4845 2028 4901 schisma

436 4954 494 5000 et
522 4941 768 4998 hmrcsim
796 4942 963 5013 magis
989 4955 1106 4997 eam
1128 4937 1525 4994 distinctionem
1557 4937 1847 5008 approbcm
1871 4978 1886 5003 ,
1921 4952 2026 5008 qua

434 5037 629 5092 dicitur
655 5033 884 5090 schisma
916 5049 1035 5090 esse
1058 5048 1249 5088 recens
1271 5029 1700 5110 congregationis
1733 5044 1799 5085 ex
1845 5029 2024 5101 aliqua

431 5131 817 5188 sententiarum
855 5127 1160 5184 diversitate
1197 5125 1463 5182 dissensio
1519 5123 1536 5196 (
1571 5138 1742 5194 neque
1786 5123 1928 5179 enim
1971 5132 2028 5180 et

429 5224 666 5283 schisma
691 5221 802 5277 ﬁeri
836 5231 1027 5294 potest,
1051 5221 1151 5276 nisi
1181 5219 1450 5276 diversum
1501 5217 1699 5287 aliquid
1735 5227 2027 5288 sequantur

429 5321 520 5393 qui
545 5316 781 5388 faciunt)
810 5334 823 5382 ;
854 5316 1078 5372 hmresis
1110 5322 1307 5379 autem,
1342 5313 1572 5369 schisma
1625 5311 1978 5367 inveteratum
2009 5329 2022 5365 :

430 5427 609 5468 tamen
637 5410 762 5484 quid
792 5409 916 5464 hinc
942 5423 1076 5480 opus
1123 5416 1206 5463 est
1249 5406 1315 5462 ad
1362 5405 1598 5462 laborem
1643 5402 1740 5475 (a),
1773 5417 1894 5459 cum
1935 5419 2024 5459 me

433 5515 640 5560 tantum
667 5503 918 5574 adjuvent
946 5499 1285 5556 definitiones
1328 5508 1450 5563 ture,
1506 5496 1636 5552 utsi
1687 5495 1816 5551 mihi
1846 5504 1900 5550 et
1925 5511 2022 5566 per

425 5599 571 5657 alios
598 5607 803 5655 vostros
824 5591 1226 5656 concederetur,
1260 5589 1628 5646 schismaticos
1653 5601 1748 5644 vos
1773 5587 2020 5646 libentius

491 5734 510 5764 ³
537 5738 668 5788 t.ov.,
694 5734 885 5790 repente
909 5724 1103 5790 aliunde
1121 5728 1346 5790 existere.

487 5794 563 5862 (α)
580 5785 775 5847 videtur
792 5789 1074 5860 legendum,
1093 5793 1142 5841 ut
1163 5785 1383 5840 laborant.
1453 5790 1508 5839 tt.

667 5963 717 5972 ορ-

2145 419 2304 475 quam
2336 405 2616 460 haereticos
2663 405 2916 460 dicerem.
2963 396 3017 460 Si
3053 401 3193 462 enim
3246 407 3493 470 schisma
3529 407 3735 475 faciunt.

2141 497 2332 568 quibus
2358 513 2478 554 cum
2507 498 2584 554 eis
2615 513 2645 552 a
2675 497 2868 568 quibus
2911 513 2972 554 se
2996 495 3239 555 dividunt
3269 516 3371 557 una
3425 502 3621 572 religio
3645 518 3735 567 est.

2138 589 2324 646 eadem
2353 590 2696 646 Sacramenta
2718 633 2733 658 ,
2759 589 2894 646 nihil
2919 591 2972 646 in
3025 589 3317 648 christiana
3365 592 3738 651 observatione

2139 682 2411 740 diversum
2446 702 2458 738 :
2487 682 2611 739 hinc
2640 691 2722 740 est
2748 691 2922 740 vestra
2970 683 3318 755 rebaptizatio
3342 684 3737 753 damnabilior;

2139 777 2261 849 quia
2291 777 2346 833 in
2386 791 2490 832 una
2520 777 2799 849 religione,
2827 776 3032 834 eisdem
3059 777 3457 850 Sacramentis,
3488 779 3659 836 nihilo
3692 781 3740 837 iu

2140 871 2428 928 christiana
2448 871 2820 928 observatione
2839 871 3076 940 diverso,
3101 873 3238 929 alius
3264 882 3321 930 et
3343 873 3608 930 diversus
3630 889 3741 931 esse

2140 978 2248 1019 non
2279 972 2456 1034 potest
2500 963 2800 1034 Baptismus
2822 966 2861 1019 ⁸.
2894 963 3002 1021 Sed
3023 965 3276 1036 quoniam
3301 981 3404 1022 nec
3430 965 3645 1024 nullum
3669 979 3740 1023 est

2141 1069 2242 1110 nec
2266 1054 2460 1126 aliquid
2491 1069 2736 1126 parvum,
2776 1055 2920 1128 quod
2947 1055 3220 1113 diversum
3275 1058 3599 1129 sequimini,
3629 1073 3742 1114 cum

2142 1145 2210 1202 ab
2236 1146 2452 1202 unitatis
2480 1147 2693 1204 vinculo
2708 1148 2962 1218 separati,
2985 1149 3148 1205 etiam
3193 1149 3263 1205 de
3287 1149 3625 1221 repetitione
3642 1149 3736 1206 Ba-

2143 1237 2322 1308 ptismi
2344 1237 2638 1294 dissentitis
2658 1253 2688 1293 a
2709 1238 2862 1294 nobis
2886 1255 2901 1306 ;
2934 1237 2990 1294 fit
3006 1247 3063 1295 ut
3073 1239 3370 1296 secundum
3386 1241 3558 1297 istam
3581 1242 3740 1312 ipsam

2142 1327 2506 1386 definitionem
2534 1338 2676 1386 tuam
2721 1346 2826 1403 qua
2866 1329 3084 1400 dixisti,
3123 1331 3346 1388 Heresis
3373 1343 3647 1388 astantem
3671 1333 3740 1387 di-

2141 1440 2283 1481 versa
2305 1427 2615 1496 sequentium
2632 1435 2786 1493 secta,
2817 1434 2874 1484 et
2917 1427 3152 1485 haeretici
3177 1429 3314 1497 sitis,
3341 1438 3400 1486 et
3431 1430 3565 1486 victi
3589 1445 3739 1502 appa-

2142 1518 2305 1573 reatis
2336 1536 2348 1572 :
2373 1517 2608 1574 bzeretici
2633 1519 2876 1600 quidem,
2895 1519 3038 1592 quod
3061 1535 3168 1577 non
3198 1530 3405 1578 tantum
3439 1522 3626 1589 divisi,
3652 1538 3736 1579 ve.

2141 1623 2260 1664 rum
2287 1617 2341 1666 et
2360 1610 2413 1666 in
2438 1609 2814 1681 rebaptizando
2834 1610 3106 1669 diversum
3134 1614 3424 1685 sequimini
3449 1631 3467 1682 ;
3497 1615 3626 1670 victi
3649 1628 3737 1671 as-

2143 1714 2273 1771 tem,
2299 1703 2424 1774 quia
2462 1701 2644 1759 datum
2697 1719 2796 1776 per
2823 1719 2922 1761 nos
2969 1705 3300 1778 Baptismum
3347 1715 3616 1780 tanquam
3641 1723 3739 1766 non

2143 1795 2316 1868 ipsum
2342 1795 2426 1853 vel
2451 1807 2700 1870 tanquam
2721 1798 2926 1854 nullum
2955 1799 3025 1856 sit
3053 1800 3275 1866 iteratis,
3297 1801 3446 1874 quod
3476 1818 3644 1860 unum
3668 1814 3739 1860 ato

2143 1901 2249 1958 que
2269 1886 2436 1955 idem,
2465 1903 2566 1945 nec
2591 1888 2865 1946 diversum
2905 1905 3026 1948 esse
3063 1889 3324 1948 fatemini.
3374 1893 3502 1950 Tua
3547 1895 3735 1969 quippe

2141 1980 2301 2036 verba
2341 1991 2486 2050 sunt,
2513 1983 2656 2054 quod
2693 1984 2836 2039 nobis
2864 1985 3098 2056 uobisque
3122 1987 3189 2042 sit
3215 2003 3319 2042 una
3335 1989 3545 2061 religio,
3575 1991 3737 2046 eodm

2143 2073 2496 2144 Sacramenta,
2523 2077 2652 2132 nihil
2696 2077 2749 2132 in
2775 2079 3052 2134 christiana
3076 2079 3426 2138 obseruatione
3453 2084 3729 2138 diuersum.

2212 2165 2439 2224 CAPUT
2477 2166 2612 2223 Vlll.
2646 2199 2717 2208 —
2747 2170 2837 2226 to.
2881 2170 3241 2244 Quapropter,
3293 2173 3340 2229 si
3393 2173 3597 2232 litteris
3641 2175 3736 2232 tuis

2142 2275 2266 2334 pars
2293 2262 2482 2318 Donati
2511 2263 2888 2332 subscriberet,
2929 2279 2993 2321 ac
3025 2265 3220 2323 deinde
3245 2267 3346 2323 ista
3371 2283 3504 2341 qua:
3527 2284 3563 2326 a
3588 2277 3641 2326 te
3661 2279 3735 2326 at-

2140 2368 2244 2424 que
2263 2368 2294 2409 a
2314 2369 2400 2410 me
2419 2354 2559 2410 dicta
2579 2365 2726 2419 sunt.
2753 2358 2870 2414 sine
2897 2358 3082 2414 insana
3107 2361 3404 2430 pertinacia
3430 2363 3523 2420 vel
3566 2364 3731 2436 impu-

2141 2445 2321 2503 dentia
2343 2448 2620 2519 cogitaret,
2651 2448 2785 2505 nihil
2829 2451 3052 2508 ulterius
3078 2453 3336 2511 adversus
3363 2472 3470 2514 nos
3520 2453 3732 2515 sentiret

2140 2536 2466 2594 autdiceret.
2489 2537 2594 2596 Sed
2623 2540 2873 2612 quoniam
2895 2552 2952 2597 tu
2975 2557 3035 2599 es
3049 2543 3134 2599 cui
3161 2546 3490 2617 respondeo,
3509 2549 3622 2621 jam
3639 2565 3727 2622 pu-

2140 2637 2198 2686 to
2218 2631 2360 2702 quod
2387 2640 2441 2688 et
2457 2631 2570 2704 ipse
2590 2632 2791 2701 videas,
2839 2651 2998 2706 quam
3022 2651 3127 2694 non
3170 2638 3351 2696 studio
3387 2641 3726 2707 criminandi,

2141 2722 2235 2779 sed
2260 2723 2608 2794 perniciosam
2652 2725 3007 2800 redarguendi
3052 2727 3340 2799 fallaciam,
3373 2731 3615 2790 dixerim
3635 2731 3728 2788 Do-

2141 2814 2446 2870 natistarum
2483 2816 2833 2873 ha'reticorum
2857 2820 3160 2892 sacrilegum
3184 2837 3427 2877 errorem.
3464 2823 3526 2880 In
3549 2823 3726 2896 quibus

2142 2917 2372 2978 quatuor
2391 2908 2566 2965 verbis
2612 2910 2726 2967 sive
2763 2911 3090 2980 nominibus,
3134 2914 3258 2985 quia
3285 2915 3389 2972 hoc
3413 2917 3505 2974 vel
3530 2915 3626 2976 tibi
3650 2915 3723 2972 vel

2141 3000 2245 3055 arti
2289 3001 2650 3072 grammatica:
2692 3002 2887 3074 placet,
2930 3003 3160 3074 primum
3188 3007 3332 3078 quod
3388 3009 3631 3080 positum
3656 3014 3728 3063 est

2140 3089 2550 3158 Donatistarum,
2594 3095 2804 3166 corrigo
2828 3103 2883 3151 et
2910 3105 3082 3167 muto,
3114 3107 3169 3154 et
3196 3098 3620 3157 Donatianorum
3647 3098 3723 3156 di-

2139 3200 2245 3241 co:
2275 3194 2468 3242 caetera
2492 3201 2622 3242 vero
2671 3187 2790 3257 tria,
2833 3188 3084 3260 quoniam
3135 3191 3412 3248 verissime
3451 3192 3598 3248 dicta
3621 3204 3726 3248 esse

2133 3275 2278 3347 jam,
2325 3285 2382 3332 ut
2437 3287 2564 3347 puto
2595 3319 2610 3346 ,
2652 3279 2818 3334 sentis
2843 3321 2857 3346 ,
2909 3293 3005 3336 vos
3054 3281 3326 3352 corrigite,
3370 3296 3473 3340 vos
3517 3291 3721 3340 mutate.

2138 3367 2371 3436 Mutato,
2401 3368 2648 3439 inquam,
2704 3377 2760 3425 et
2827 3370 3077 3440 corrigite
3129 3371 3595 3443 Donatianorum,
3650 3371 3722 3428 vel

2139 3459 2411 3530 quodlibet
2435 3459 2576 3516 aliud
2617 3460 2842 3516 vocandi
2880 3461 3019 3529 sitis,
3060 3470 3235 3519 tamen
3281 3465 3722 3522 hereticorum»-

2139 3554 2379 3626 crilegum
2403 3571 2623 3610 errarem
2647 3570 2664 3609 :
2692 3571 2814 3610 nam
2840 3563 2895 3611 et
2933 3556 3168 3613 lueretici
3203 3559 3357 3627 estis,
3396 3561 3483 3616 vel
3515 3557 3653 3632 quod
3677 3557 3720 3612 in

2139 3645 2430 3702 schismate
2455 3647 2757 3702 inveterato
2804 3648 3178 3716 remansistis;
3208 3650 3290 3706 vel
3323 3665 3393 3707 ex
3422 3660 3519 3708 tua
3547 3649 3719 3708 delini-

2138 3740 2306 3808 tione,
2337 3739 2479 3810 quod
2522 3739 2590 3796 de
2621 3739 2880 3810 Ecclesia,
2914 3757 3034 3812 qua:
3071 3757 3265 3813 corpus
3297 3753 3382 3802 est
3406 3744 3628 3813 Christi,
3647 3743 3719 3799 vel

2137 3830 2208 3887 de
2238 3831 2520 3888 iteratione
2545 3830 2822 3888 christiani
2846 3832 3102 3904 Baptismi
3128 3833 3402 3892 diversum
3427 3835 3716 3910 sequimini.

2140 3922 2208 3980 Et
2231 3924 2524 3996 sacrilegus
2543 3938 2696 3980 error
2723 3933 2827 3994 est,
2852 3941 2959 3982 non
2987 3927 3159 3982 solum
3181 3942 3210 3982 a
3231 3927 3526 3987 christiana
3553 3929 3712 3986 unita-

2142 4015 2497 4087 teseparatio,
2551 4031 2737 4073 verum
2765 4018 2925 4074 etiam
2972 4017 3465 4090 Sacramentorum,
3503 4036 3621 4095 quae
3639 4033 3717 4076 se-

2139 4109 2370 4166 cundum
2404 4119 2546 4166 tuam
2571 4110 2962 4167 confessionem
2983 4127 3088 4168 una
3116 4112 3414 4186 eademque
3431 4124 3580 4182 sunt,
3607 4113 3712 4169 vio-

2137 4201 2266 4257 latio
2301 4208 2459 4273 atque
2496 4200 2766 4257 rescissio.
2824 4200 2979 4270 Quod
3021 4201 3068 4258 si
3121 4203 3389 4275 corrigitis
3408 4214 3463 4261 et
3487 4202 3712 4267 mutatis,

2136 4294 2406 4367 quomodo
2429 4295 2554 4350 tales
2580 4311 2665 4350 vos
2675 4295 2984 4367 suscipimus
3001 4295 3174 4367 quales
3203 4297 3404 4354 eratis?
3430 4297 3585 4356 Unde
3605 4297 3709 4353 ina-

2136 4389 2276 4444 niter
2305 4396 2412 4444 tam
2463 4388 2627 4444 multa
2649 4388 2858 4446 locutus
2905 4403 2986 4456 es,
3012 4398 3218 4446 etcum
3247 4391 3323 4446 sis
3361 4390 3578 4464 ingenio
3613 4399 3707 4446 tam

2135 4488 2311 4548 acuto,
2332 4479 2718 4537 consuetudine
2742 4479 3020 4537 audienda:
3038 4481 3288 4538 vanitatis
3307 4482 3635 4548 obtunderis,
3657 4486 3706 4535 ut

2135 4573 2378 4628 videatur
2404 4572 2496 4629 tibi
2521 4572 2664 4644 quod
2699 4589 2818 4627 cum
2843 4573 2912 4628 ad
2940 4590 3034 4629 nos
3058 4591 3091 4628 a
3118 4575 3258 4631 vobis
3285 4584 3570 4642 transeunt,
3597 4572 3706 4628 tales

2133 4682 2219 4722 eos
2246 4667 2419 4738 quales
2459 4675 2600 4721 erant
2641 4667 2946 4738 suscipimus
2970 4683 2989 4722 :
3015 4666 3138 4738 quia
3170 4667 3222 4723 in
3276 4667 3357 4724 eis
3383 4667 3702 4725 traditionem

2133 4758 2580 4826 Christianorum,
2612 4773 2772 4830 quam
2819 4773 2920 4815 nec
2954 4758 3169 4815 alienati
3208 4759 3590 4828 alienaverant,
3619 4767 3704 4814 nec

2135 4851 2368 4924 perversi
2399 4860 2785 4924 pervcrterant,
2814 4851 3211 4924 approbamus;
3243 4867 3363 4924 qua:
3387 4851 3706 4910 Sacramenta

2134 4946 2295 5003 etiam
2353 4955 2430 5015 tu,
2463 4946 2706 5018 quamvis
2751 4961 2860 5001 non
2914 4945 3034 5002 talis
3057 4946 3243 5019 quales
3265 4961 3364 5003 nos
3387 4961 3592 5016 sumus,
3611 4955 3706 5000 non

2135 5040 2352 5111 potuisti
2369 5049 2542 5096 tamen
2573 5039 2672 5095 nisi
2697 5039 2839 5106 talia,
2870 5053 2971 5095 nec
3011 5038 3245 5110 sicitalia
3275 5039 3426 5112 quasi
3452 5039 3554 5096 alia
3572 5033 3731 5112 simi-~

2136 5133 2226 5201 lia,
2249 5131 2344 5189 scd
2365 5133 2584 5188 omnino
2609 5131 2795 5188 eadem
2823 5130 3091 5187 confiteri.

2203 5223 2428 5281 CAPUT
2468 5223 2557 5279 IX.
2586 5255 2654 5265 —
2683 5225 2768 5279 ll.
2797 5224 3032 5281 Obsecro
3062 5233 3135 5292 te,
3164 5223 3252 5280 dic
3277 5224 3426 5292 mihi,
3461 5217 3702 5298 quomodo

2134 5318 2255 5372 talis
2311 5325 2395 5373 est
2429 5317 2600 5387 qualis
2639 5316 2754 5383 fuit,
2789 5319 2878 5389 qui
2920 5328 3206 5374 veneratur
3249 5318 3541 5376 Ecclesium
3567 5326 3702 5390 quam

2133 5407 2554 5478 blasphemabat,
2586 5409 2674 5479 qui
2705 5417 2849 5465 tenet
2880 5410 3136 5466 unitatem
3167 5426 3326 5482 quam
3349 5426 3457 5467 non
3486 5408 3698 5469 tenebat.

2132 5503 2222 5573 qui
2247 5501 2406 5558 habet
2428 5501 2738 5558 charitatem
2786 5518 2947 5574 quam
2976 5518 3082 5559 non
3116 5503 3365 5572 habebat,
3395 5504 3489 5576 qui
3538 5497 3702 5569 accipit

2133 5609 2499 5666 pacemquam
2543 5593 2849 5664 respuebat,
2897 5596 2987 5666 qui
3015 5595 3274 5666 approbat
3316 5595 3695 5652 Sacramentum

2132 5685 2274 5759 quod
2302 5683 2658 5742 exsuﬂlabat?
2683 5690 2763 5740 An
2791 5701 2919 5742 vero
2946 5688 3017 5745 ita
3061 5695 3186 5743 sunt
3210 5687 3391 5743 omnia
3421 5685 3568 5744 falsis
3590 5691 3696 5738 vers

2202 5806 2218 5839 ι
2245 5801 2410 5860 Plures
2431 5808 2560 5871 uss,
2584 5801 2709 5857 alius
2729 5817 2756 5857 e
2778 5803 2967 5862 diverso
2987 5816 3090 5859 esse
3110 5815 3204 5858 non
3226 5808 3376 5870 potest
3402 5801 3672 5873 Bantius.
