3792 6128
27 297 122 362 Hii

30 418 437 493 praposterata,
484 415 542 462 ut
577 400 939 460 nondicantur
998 395 1186 454 mutati
1236 393 1289 448 iu
1330 390 1524 463 quibus
1550 401 1614 442 ea

28 479 150 589 quae
166 511 393 568 diversa
429 507 641 562 fuerant
685 497 910 556 veritate
956 491 1312 562 corriguntur,
1345 493 1400 541 et
1429 479 1617 538 mutati

31 574 266 664 dicantur
287 603 344 656 in
367 599 564 671 quibus
594 610 657 653 ea
680 605 798 664 quze
828 586 1026 645 similia
1040 598 1147 638 una
1173 580 1470 671 eademque
1496 574 1613 631 fue-

31 709 140 758 rant
165 670 414 752 vanitate
442 685 738 747 iterantur?
763 681 885 741 Noli
928 692 1056 750 ergo
1084 673 1313 732 ulterius
1333 671 1389 726 in
1414 670 1512 725 hac
1533 682 1614 735 re,

33 811 130 852 non
143 800 355 848 tantum
375 783 683 850 carnaliter,
712 790 901 833 verum
922 772 1083 830 etiam
1106 767 1384 841 pueriliter
1405 775 1616 834 sapere,

33 897 82 941 ut
106 884 236 939 tales
286 877 483 952 quales
528 881 682 931 erant
706 877 916 926 vestros
945 880 976 920 a
1005 860 1162 919 nobis
1198 855 1395 928 suscipi
1431 852 1622 911 existi-

33 972 277 1046 mes;qui
307 945 664 1028 conversione
710 957 999 1018 voluntatis
1033 953 1102 1010 ab
1140 965 1328 1010 errore
1374 947 1444 1004 ad
1476 945 1620 1002 veri-

35 1036 218 1133 tatem;
247 1079 281 1119 a
311 1059 584 1118 divisione
615 1054 685 1112 ad
715 1051 993 1114 unitatem,
1019 1061 1051 1101 a
1074 1041 1408 1101 dissensione
1433 1036 1500 1093 ad
1531 1051 1625 1107 pa-

35 1177 163 1228 cem,
190 1159 261 1214 ab
284 1153 583 1212 inimicitiis
630 1147 697 1205 ad
739 1144 1078 1205 charitatem,
1103 1138 1172 1194 ab
1200 1135 1435 1192 humana
1480 1145 1623 1203 prae-

37 1224 336 1322 sumptione
365 1245 435 1302 ad
457 1243 759 1301 divinarum
799 1234 1197 1305 Scripturarum
1227 1224 1622 1287 auctoritatem,

39 1361 133 1402 non
149 1315 289 1398 ante
316 1337 581 1409 incipiunt
607 1347 728 1391 esse
774 1327 942 1385 nostri
972 1338 1131 1396 quam
1173 1334 1295 1378 esse
1326 1315 1628 1374 destiterint

39 1435 210 1492 vestri.
243 1431 381 1488 Haec
431 1406 724 1485 conversio
768 1418 1058 1478 voluntatis
1096 1420 1322 1484 repente
1373 1406 1623 1470 mutavit,

42 1544 136 1585 non
151 1525 332 1583 solum
361 1523 418 1578 in
443 1518 642 1576 telonio
670 1508 1049 1588 peccatorem(
1078 1505 1264 1560 Matth.
1295 1517 1378 1570 rx,
1405 1500 1439 1556 9
1465 1497 1507 1572 ),
1532 1511 1627 1553 ve-

44 1636 148 1678 rum
171 1618 340 1675 etiam
388 1615 442 1670 in
470 1625 632 1669 cruce
665 1609 950 1664 latronem.
985 1599 1099 1656 Nisi
1122 1605 1277 1669 putas
1300 1591 1443 1666 quod
1479 1588 1630 1646 Chri-

44 1721 146 1768 stus
166 1710 222 1765 in
239 1705 496 1780 paradiso
523 1715 709 1759 secum
733 1710 854 1770 esse
867 1691 1124 1750 voluisset
1149 1692 1429 1743 cruentum
1455 1679 1628 1736 scele-

46 1773 316 1872 ratumque
332 1797 632 1863 hominem,
654 1791 832 1846 sinon
880 1783 1057 1842 cordis
1078 1779 1169 1836 illa
1200 1773 1478 1833 conversio
1497 1785 1630 1827 con-

49 1899 180 1954 tiuuo
198 1894 406 1951 faceret
450 1891 812 1950 innocentem,
861 1887 922 1934 ut
947 1891 1014 1933 eo
1065 1874 1174 1942 die,
1208 1886 1274 1926 ex
1295 1883 1360 1925 eo
1384 1867 1526 1932 loco,
1564 1878 1634 1920 ex

49 1988 270 2059 eoligno
296 1981 556 2041 transiret
575 1977 643 2035 ad
673 1969 976 2032 immortale
1026 1965 1154 2059 fidei
1213 1960 1497 2059 praemium
1523 1955 1629 2059 ta),

52 2082 99 2138 in
134 2048 241 2152 quo
285 2078 581 2147 exceperat
616 2066 806 2124 mortis
850 2077 946 2135 pro
992 2057 1268 2128 iniquitate
1313 2048 1634 2122 supplicium

57 2138 211 2244 (Ltic.
254 2138 612 2236 nun-£045
641 2159 684 2232 ).
712 2158 838 2216 Sive
889 2153 1034 2210 enim
1085 2147 1153 2204 ad
1183 2145 1382 2202 malum
1419 2142 1533 2244 sive
1559 2138 1630 2195 ad

55 2231 233 2320 bonum
248 2231 417 2334 parvo
438 2231 712 2314 momento
739 2248 953 2304 animus
991 2245 1370 2302 commutatur,
1399 2231 1496 2289 sed
1528 2245 1636 2286 non

59 2320 398 2425 idwparvum
433 2355 518 2405 est
542 2341 682 2416 quod
730 2345 986 2397 meretur.
1010 2332 1068 2388 ln
1114 2328 1244 2401 ipsis
1271 2320 1638 2425 corporalibus

59 2457 105 2504 et
123 2417 502 2516 temporalibus
513 2435 688 2510 poenis
705 2439 762 2488 et
775 2425 1047 2488 beneficiis
1067 2421 1156 2479 diu
1182 2417 1436 2474 nutritam
1452 2428 1640 2485 quam-

63 2541 175 2597 libet
208 2509 427 2594 tetatem
453 2545 592 2588 unus
638 2527 776 2583 ictus
795 2517 1072 2585 interimit,
1116 2522 1171 2570 et
1208 2509 1424 2581 triginta
1448 2514 1504 2563 et
1517 2513 1640 2562 octo

64 2645 304 2687 annorum
331 2621 707 2699 aegritudinem
736 2629 864 2672 mox
899 2619 962 2668 ut.
1003 2606 1260 2664 Dominus
1289 2601 1536 2672 dignatus
1556 2609 1642 2654 est

65 2723 254 2794 jubere.
300 2691 514 2778 sanavit
536 2715 558 2788 (
578 2711 737 2768 Joan.
754 2725 810 2774 v,
829 2704 934 2762 5-0
962 2704 1004 2775 ).
1031 2698 1205 2758 Crede
1240 2694 1399 2794 certis
1423 2691 1637 2757 rebus',

67 2786 161 2870 non
184 2786 361 2870 verbis
382 2786 654 2866 inanibus.
687 2798 872 2857 Mutati
897 2794 964 2850 ad
1008 2805 1108 2848 nos
1141 2786 1300 2844 vestri
1320 2789 1640 2846 transeunt;

71 2907 191 2962 absit
207 2914 262 2962 ut
275 2903 378 2976 ipsi
395 2902 510 2958 sint
526 2896 618 2969 qui
642 2894 878 2950 fuerunt.
905 2883 1058 2956 Quod
1079 2882 1280 2938 utinam
1305 2885 1360 2936 et
1375 2885 1430 2932 tu
1451 2872 1638 2939 facias,

71 3008 117 3054 et
139 2975 506 3069 quamiverum
544 2989 615 3046 sit
641 2987 697 3042 in
725 2993 779 3040 te
805 2980 903 3038 tibi
931 2975 1141 3035 credas.

132 3054 345 3146 CAPUT
383 3085 459 3142 Χ.
485 3111 558 3124 -
588 3078 674 3136 l2.
723 3074 970 3146 Magnum
1015 3063 1215 3137 aliquid
1247 3061 1338 3118 tibi
1369 3057 1547 3116 dicere
1567 3054 1647 3110 vi-

75 3197 153 3240 sus
184 3197 260 3248 es,
309 3173 641 3238 nominando
668 3167 955 3228 Candidum
993 3158 1426 3229 Villaregiensem,
1459 3161 1504 3206 et
1532 3149 1649 3205 Do-

78 3243 756 3330 natum'Macomadiemem,
800 3258 887 3333 qui
917 3273 979 3312 ea:
1013 3253 1190 3309 vestris
1218 3247 1464 3320 episcOpis
1497 3243 1650 3299 etiam

79 3367 199 3436 apud
219 3381 307 3421 nos
342 3359 572 3437 episcopi
598 3361 822 3430 fuerunt,
860 3359 916 3407 et
943 3347 1170 3420 probata
1221 3341 1330 3397 vita
1381 3337 1448 3394 ad
1477 3336 1653 3437 bono:

81 3426 274 3515 rabilius
296 3460 317 3490 ³
349 3426 540 3513 senilis
559 3426 731 3507 aetatis
767 3443 1019 3501 meritum
1062 3439 1421 3510 pervenerunt
1449 3445 1463 3482 :
1496 3426 1652 3500 quasi

81 3550 406 3608 Sacramenta
432 3555 489 3604 et
508 3540 774 3601 invocatio
791 3534 1022 3595 nominis
1036 3531 1131 3588 Dei
1157 3543 1277 3600 quae
1298 3526 1360 3582 fit
1376 3521 1520 3596 apud
1533 3535 1649 3586 vos,

86 3642 186 3713 ipsa
209 3643 427 3701 inimica
451 3641 524 3698 sit
548 3637 737 3700 nobis;
768 3646 894 3689 cum
913 3636 968 3685 et
991 3627 1045 3682 in
1075 3625 1154 3680 eis
1179 3622 1269 3694 qui
1289 3628 1440 3676 extra
1463 3614 1654 3672 Eccle-

87 3736 203 3792 siam
246 3745 408 3803 sunt,
465 3747 575 3790 non
622 3729 694 3784 sit
741 3723 962 3781 omnino
1009 3717 1112 3774 nisi
1162 3711 1435 3770 Ecclesiaa.
1468 3708 1528 3764 in
1552 3721 1658 3778 qua

87 3827 358 3896 quastione
380 3800 434 3884 si
461 3823 596 3881 meis
642 3816 827 3875 verbis
850 3812 1171 3872 laborarem,
1223 3803 1328 3860 tuis
1350 3800 1656 3872 adjuvarer.

90 3916 206 3974 Nam
229 3919 273 3976 si
299 3927 454 3976 extra
480 3912 779 3972 Ecclesiam
830 3903 963 3962 nihil
1017 3896 1446 3959 ecclesiasticum
1495 3904 1656 3963 posse

93 4021 198 4066 esse
217 4011 468 4076 sentires,
498 4021 606 4063 non
634 4004 750 4073 ipse
773 3997 1018 4060 dixisses,
1048 3991 1192 4048 nobis
1233 3997 1281 4044 et
1334 3986 1471 4042 vobis
1500 3998 1657 4037 unam

95 4114 187 4156 me
209 4074 520 4174 religionem,
543 4094 718 4152 eadem
747 4090 1103 4148 Sacramenta,
1136 4079 1270 4137 nihil
1308 4079 1363 4133 in
1385 4074 1664 4132 christiana

96 4167 420 4250 observatione
462 4191 735 4246 diversum.
782 4181 989 4250 Quibus
1014 4175 1193 4233 verbis
1229 4171 1332 4228 tuis
1357 4167 1543 4225 nonin
1573 4174 1662 4221 to-

98 4291 198 4338 tum
232 4282 536 4342 consentio.
577 4273 879 4335 Christiana
937 4268 1133 4340 quippe
1171 4259 1414 4318 Ecclesia
1449 4254 1664 4319 caretis,

99 4373 428 4432 cbristianam
455 4369 772 4430 charitatem
794 4377 902 4418 non
940 4355 1170 4414 habetis.
1198 4349 1504 4408 Christiana
1528 4359 1664 4402 sane

102 4464 150 4521 in
179 4466 322 4524 vobis
345 4467 694 4526 Sacramenta
733 4466 1017 4527 cognosco,
1044 4446 1172 4504 etin
1197 4443 1282 4499 his
1311 4439 1441 4496 illud
1463 4449 1674 4509 quoque

102 4556 348 4616 diversum
377 4555 626 4629 improbo
640 4566 704 4608 ac
727 4560 940 4620 respuo,
965 4539 1108 4615 quod
1146 4551 1269 4594 cum
1294 4532 1484 4590 eadem
1512 4529 1675 4585 etiam

99 4647 154 4702 'in
170 4649 449 4707 schismate
458 4621 731 4709 habeatis,
752 4639 939 4698 eadem
963 4637 1016 4690 in
1041 4627 1332 4689 Catholicis
1348 4621 1665 4682 exsuﬂlatis.

110 4736 316 4798 Pronus
336 4739 579 4815 agnoscit
608 4737 662 4792 in
677 4733 831 4790 vobis
887 4725 1124 4785 Ecclesia
1163 4728 1356 4778 cuncta
1403 4729 1523 4788 quae.
1577 4728 1675 4770 sua

113 4842 262 4891 Sunt:
287 4810 396 4894 nec
413 4834 535 4891 ideo
591 4844 696 4886 non
739 4833 863 4882 sunt
901 4822 1038 4894 ejus,
1067 4819 1190 4890 quia
1235 4825 1289 4872 et
1316 4812 1456 4886 apud
1477 4826 1574 4868 vos
1594 4810 1680 4866 in-

115 4924 402 4985 veniuntur.
448 4922 604 4996 Apud
633 4935 728 4976 vos
773 4917 969 4989 quippe
1006 4913 1180 4970 aliena
1225 4918 1382 4965 sunt:
1420 4905 1515 4962 sed
1557 4919 1680 4960 cum

121 5028 203 5072 vos
219 5028 482 5077 correctos
508 5015 701 5087 recipit
727 5011 878 5082 cujus
919 5015 1066 5073 sunt,
1098 5005 1230 5060 fiunt
1256 5002 1415 5058 etiam
1449 4997 1684 5054 salubri-

125 5115 194 5163 ter
214 5121 402 5180 vestra,
432 5125 551 5183 quae
570 5105 866 5181 perniciose
893 5099 1170 5158 habebatis
1193 5095 1385 5152 aliena.
1411 5090 1685 5148 Discordia

128 5211 210 5255 νοῦ
226 5205 454 5272 possidet
478 5202 576 5259 sub
601 5200 754 5256 titulo
779 5196 944 5269 pacis.
973 5194 1116 5266 Ergo
1141 5187 1416 5248 discordia
1433 5185 1682 5258 pellatur,

132 5303 223 5359 P0X
263 5297 642 5357 introducatur.
673 5293 811 5363 Quid
839 5305 1015 5346 causae
1038 5296 1122 5344 est
1149 5295 1206 5342 ut
1235 5283 1416 5340 titulus
1448 5281 1690 5352 depona-

137 5385 246 5439 tur?
273 5388 548 5461 Episcopus
579 5396 672 5455 est,
723 5384 916 5456 inquis,
965 5382 1258 5451 episcOpum
1296 5376 1524 5447 recipis;
1573 5390 1688 5446 pre-

192 5477 207 5507 ¹
229 5479 294 5529 sic
314 5490 413 5533 Mss.
440 5489 496 5532 Al.
519 5481 667 5531 editi:
689 5478 844 5530 Crede
859 5479 987 5526 certe
1010 5469 1167 5521 rebus.

191 5527 684 5604 ῗεᾶὶιῖῇίοῆἇτῶἰὶίἐ.
696 5527 770 5590 ἰδέ
795 5545 901 5604 htss.
923 5533 1277 5604 substituimus,
1297 5527 1636 5604 honorabilius.

196 5598 260 5674 (α)
279 5591 810 5674 ὠῖτιιιξιξιιέὲξίίιι-ιιιιιιο
826 5601 1068 5674 meum.”
1080 5601 1319 5666 testarum
1341 5605 1518 5674 ergo”:
1540 5591 1693 5674 aiunt,

151 5653 716 5720 cauiﬂta'rtt—mnbeatitudo
756 5665 805 5712 in
835 5661 920 5710 Dei
957 5659 1144 5708 visione
1178 5653 1450 5720 consistens
1485 5653 1615 5713 (nam
1637 5664 1697 5720 ea

153 5736 173 5766 ι
189 5713 787 5782 sotaEt-iwmn—mrtaleiidei
811 5719 1096 5786 praemium),
1117 5731 1212 5770 non
1226 5715 1444 5769 differtur
1467 5727 1622 5780 usque
1637 5713 1695 5766 ad

157 5798 178 5834 ι
195 5794 444 5846 extremum
463 5788 784 5856 dictujudicii.
800 5802 822 5833 ι

1347 269 1549 330 LIBER
1586 235 1962 326 SECUNDUS.

3208 258 3317 318 ινδ

1726 385 1912 458 sbyter,
1937 382 2295 456 presbyterum.
2329 377 2521 435 Posses
2565 377 2695 433 mihi
2731 374 2911 432 ethoc
2962 373 3174 431 dicere:
3211 375 3318 432 llo-

1727 494 1816 535 mo
1842 486 1944 546 est,
1975 476 2244 534 hominem
2291 473 2505 544 recipis.
2537 471 2669 527 Tam
2695 471 2890 542 quippe
2919 470 2976 526 in
2997 468 3088 526 illo
3119 468 3310 526 Sacra-

1727 581 1908 630 menta
1933 571 2241 640 christiana,
2269 585 2427 643 quam
2467 569 2707 626 membra
2736 569 2966 625 humana
2994 581 3262 640 cognosco
3293 583 3308 622 :

1729 679 1830 720 nec
1859 678 1988 719 curo
2009 678 2104 735 per
2134 677 2294 734 quem
2316 661 2516 718 fuerint
2537 659 2824 728 seminata,
2853 659 2950 715 sed
2974 673 3006 714 a
3030 673 3135 730 quo
3159 671 3317 714 crea-

1730 767 1803 813 ta.
1825 757 2028 826 Quibus
2074 757 2119 812 si
2167 755 2308 813 male
2351 755 2429 812 uti
2461 754 2711 822 voluerit,
2738 769 2804 810 eo
2854 753 2972 826 ipso
3013 752 3186 808 malus
3225 749 3307 818 fit,

1730 848 1874 920 quod
1926 848 2234 905 Creatorem
2281 845 2350 904 de
2386 845 2541 903 bonis
2578 845 2694 917 ejus
2733 843 2996 900 offendit:
3045 842 3092 899 si
3141 850 3320 898 autem

1731 943 1871 1000 bene
1899 942 1976 997 uti
2004 941 2248 1012 coeperit,
2273 955 2331 996 se
2357 940 2611 1012 corriget,
2637 953 2743 995 non
2765 937 2852 993 illa
2875 936 3117 994 mutabit.

1803 1035 2029 1094 CAPUT
2065 1033 2160 1090 Χῐ.
2187 1064 2259 1074 -
2294 1034 2384 1090 15.
2431 1032 2502 1088 Ει
2537 1031 2606 1089 de
2651 1031 2918 1104 episcopis
2957 1028 3174 1101 quidem
3227 1027 3316 1085 vel

1733 1127 1942 1187 clericis
1979 1124 2305 1198 recipiendis
2347 1123 2451 1180 alia
2484 1123 2712 1196 quaestio
2759 1131 2862 1178 est.
2895 1120 3147 1190 Quamvis
3175 1120 3320 1176 enim

1734 1237 1858 1278 cum
1885 1219 2026 1292 apud
2055 1234 2152 1276 vos
2197 1218 2537 1286 ordinantur,
2580 1230 2688 1272 non
2715 1230 2880 1288 super
2920 1229 3014 1270 eos
3043 1215 3320 1270 invocetur

1733 1327 1930 1370 nomen
1961 1312 2169 1378 Donati,
2215 1310 2312 1366 sed
2337 1309 2467 1366 Dei:
2516 1318 2694 1364 tamen
2737 1307 2807 1362 ita
2849 1305 3230 1377 suscipiuntur,
3264 1310 3324 1360 ut

1733 1408 1947 1466 videtur
1972 1408 2089 1479 paci
2117 1415 2172 1463 et
2208 1405 2424 1462 utilitati
2473 1401 2731 1459 Ecclesia:
2770 1400 3059 1457 convenire
3086 1399 3188 1472 (a).
3216 1396 3324 1454 Ne-

1735 1520 1840 1577 que
1867 1503 2011 1560 enim
2051 1499 2287 1572 episcopi
2340 1507 2559 1570 propter
2593 1511 2691 1553 nos
2719 1509 2925 1562 sumus,
2951 1491 3048 1549 sed
3102 1498 3324 1563 propter

1736 1611 1830 1654 eos
1858 1595 2051 1667 quibus
2076 1593 2298 1650 verbum
2349 1600 2405 1646 et
2452 1595 2847 1645 sacramentum
2877 1584 3204 1641 dominicum
3224 1582 3329 1639 mi-

1737 1692 2026 1748 nistsamus
2059 1707 2072 1742 :
2117 1702 2180 1743 ac
2202 1701 2298 1758 per
2325 1686 2425 1741 hoc
2447 1693 2505 1740 ut
2537 1697 2722 1740 eorum
2772 1681 2889 1736 sine
2935 1677 3188 1735 seandalo
3227 1691 3328 1749 gu-

1738 1779 2135 1840 bernandorum
2155 1793 2276 1835 sese
2302 1775 2592 1833 necessitas
2623 1773 2821 1838 tulerit,
2855 1771 2925 1826 ita
2959 1769 3046 1825 vel
3067 1784 3210 1837 esse,
3241 1768 3328 1825 vel

1739 1889 1847 1930 nou
1875 1888 1997 1929 esse
2053 1871 2334 1934 debemus,
2373 1865 2515 1939 quod
2545 1881 2650 1920 non
2679 1871 2896 1935 propter
2921 1875 3040 1928 nos,
3073 1858 3165 1915 sed
3195 1873 3327 1930 pro-

1740 1975 1860 2038 pter
1875 1965 2007 2020 alios
2034 1977 2236 2019 sumus.
2266 1960 2506 2030 Denique
2548 1955 2790 2012 nonnulli
2817 1961 2997 2010 sancta
3027 1951 3328 2006 humilitate

1742 2059 1950 2131 praediti
1972 2058 2092 2125 viri,
2112 2063 2328 2128 propter
2347 2051 2589 2125 quaedam
2622 2051 2676 2105 in
2699 2065 2757 2105 se
2777 2045 3114 2112 offendicula,
3138 2044 3330 2116 quibus

1746 2153 1834 2224 pie
1867 2151 2219 2226 religioseque
2264 2145 2617 2202 movebantur
2642 2184 2657 2209 ,
2701 2139 3040 2210 episcopatus
3088 2136 3328 2192 officium

1745 2259 1852 2300 non
1877 2243 2048 2298 solum
2071 2240 2186 2296 sine
2214 2238 2390 2309 culpa,
2412 2249 2595 2290 verum
2623 2232 2784 2288 etiam
2801 2245 2920 2286 cum
2948 2227 3103 2284 laude
3134 2242 3329 2298 posue-

1745 2342 1891 2392 runt.
1913 2330 2176 2403 Numquid
2201 2329 2278 2385 sic
2305 2327 2462 2383 etiam
2485 2323 2836 2380 christianum
2865 2335 3059 2376 nomen
3083 2329 3135 2375 ct
3169 2317 3331 2375 ﬁdem

1747 2423 2106 2487 laudabiliter,
2144 2435 2207 2475 ac
2235 2435 2340 2474 non
2380 2418 2558 2488 potius
2609 2412 2986 2470 damnabiliter
3022 2409 3333 2483 ponerent?

1747 2517 1896 2573 Sicut
1939 2516 1992 2571 in
2040 2510 2362 2583 accipiendis
2412 2509 2495 2563 his
2541 2506 2704 2562 rebus
2746 2511 2970 2574 possunt
3012 2517 3131 2558 esse
3174 2501 3335 2572 justze

1748 2623 1947 2674 caussa,
1977 2621 2072 2661 cur
2116 2611 2334 2660 excuset
2379 2600 2603 2670 quisque
2629 2598 2744 2652 fieri
2772 2597 3095 2666 episcopus;
3128 2608 3227 2649 nec
3250 2602 3334 2648 ta-

1750 2716 1874 2757 men
1894 2698 2140 2754 similiter
2177 2703 2354 2767 potest
2377 2693 2482 2748 ulla
2530 2705 2688 2746 causa
2728 2703 2848 2744 esse
2899 2688 3063 2758 justa,
3092 2701 3188 2741 cur
3215 2685 3337 2756 quis

1751 2800 1970 2850 excuset
1994 2790 2106 2846 fieri
2123 2787 2464 2844 Christianus.
2495 2782 2630 2852 Quid
2653 2783 2745 2848 ita,
2797 2780 2899 2835 nisi
2925 2782 3046 2851 quia
3072 2780 3188 2835 sine
3213 2779 3331 2850 epi-

1752 2893 1975 2956 scopatu
1998 2881 2079 2938 vel
2106 2881 2358 2936 clericatu
2379 2876 2510 2932 salvi
2567 2890 2688 2931 esse
2731 2888 3036 2944 possumus,
3061 2873 3175 2927 siue
3190 2870 3334 2928 chri-

1754 2980 1926 3036 stiana
1942 2991 2070 3032 vero
2094 2973 2354 3044 religione
2385 2984 2488 3026 nou
2519 2966 2844 3040 possumus?

1827 3067 2053 3126 CAPUT
2085 3064 2199 3126 Xll.
2219 3095 2286 3105 —-
2307 3063 2393 3118 M.
2418 3061 2646 3117 Proinde
2670 3058 2833 3114 vestri
2856 3057 3090 3129 episcopi
3113 3071 3208 3112 seu
3229 3053 3347 3127 qui-

1759 3165 1890 3222 libet
1912 3161 2115 3228 clerici,
2143 3167 2399 3231 quantum
2423 3155 2490 3211 ad
2517 3155 2628 3224 ipsa
2649 3152 3008 3210 ecclesiastica
3031 3149 3202 3206 officia
3226 3165 3350 3221 per-

1760 3259 1914 3335 tinet,
1945 3254 2098 3310 sicin
2117 3250 2432 3307 catholicam
2456 3246 2688 3316 suscepti
2712 3255 2836 3300 sunt
2856 3243 3132 3308 unitatem,
3161 3257 3351 3312 quem-

1761 3332 2046 3405 admodum
2097 3340 2349 3413 expedire
2374 3337 2652 3393 videbatur
2690 3336 2754 3390 iis
2779 3377 2794 3403 ,
2822 3349 3048 3405 quorum
3073 3332 3227 3387 saluti
3256 3346 3351 3402 per

1761 3453 1948 3496 eorum
1971 3435 2345 3492 consulebatur
2365 3429 2595 3486 officium
2617 3426 2701 3482 vel
2723 3424 3077 3482 exercendum
3099 3423 3183 3480 vel
3201 3422 3355 3479 omit-

1763 3529 1982 3588 tendum
2011 3526 2110 3598 (b).
2144 3524 2528 3579 Verumtamen
2555 3519 2717 3575 etiam
2747 3517 2814 3572 de
2846 3516 2975 3587 ipsis
3011 3515 3103 3587 qui
3133 3523 3189 3572 et
3212 3513 3354 3584 apud

1765 3636 1866 3678 nos
1890 3619 2106 3676 eosdem
2131 3614 2648 3672 administraverunt
2668 3609 2920 3676 honores,
2944 3606 3201 3678 numquid
3217 3606 3357 3663 sicut

1766 3717 1945 3772 dicere
1981 3713 2217 3785 potuisti,
2257 3709 2542 3780 Episcopus
2578 3716 2649 3762 est
2671 3749 2687 3776 ,
2715 3706 3007 3778 episcopum
3032 3701 3251 3774 recipis;
3282 3701 3358 3757 ita

1766 3810 1971 3882 poteris
2005 3807 2183 3864 dicere
2207 3847 2222 3870 ,
2267 3804 2562 3860 l-lznreticus
2601 3808 2685 3856 est
2708 3841 2722 3866 ,
2767 3797 3078 3854 haereticum
3117 3795 3358 3867 recipis;

1769 3912 1900 3971 aut,
1929 3899 2315 3958 Schismaticus
2359 3905 2477 3963 est,
2509 3893 2910 3952 schismaticum
2950 3890 3187 3962 recipis;
3232 3897 3361 3956 aut,

1771 3995 2098 4052 Donatianus
2124 4000 2225 4059 est,
2253 3989 2606 4046 Donatianum
2635 3985 2866 4058 recipis?
2893 3983 2986 4039 His
3012 3981 3153 4039 enim
3184 3981 3363 4038 norni-

1773 4087 1928 4144 uibus
1973 4101 2082 4142 non
2120 4083 2316 4156 gradus
2359 4080 2579 4137 honoris
2619 4094 2649 4133 a
2691 4076 2899 4149 plebeia
2942 4073 3215 4146 dignitate,
3267 4069 3366 4128 sed

1773 4181 1979 4236 crimen
2010 4177 2208 4233 erroris
2238 4189 2268 4230 a
2298 4173 2559 4229 catholica
2584 4170 2807 4226 veritate
2834 4166 3192 4237 distinguitur.
3225 4162 3363 4218 Pro-

1775 4269 1900 4327 inde
1926 4270 2012 4324 illa
2043 4279 2290 4339 tanquam
2316 4262 2673 4321 ecclesiastica
2696 4273 2940 4328 munera,
2969 4259 3130 4312 etiam
3153 4255 3206 4310 iu
3231 4252 3367 4309 alie-

1777 4358 2218 4429 nisinventa,qui
2244 4371 2339 4413 vos
2366 4352 2717 4426 relinquendo
2743 4360 2797 4407 et
2821 4351 2888 4406 ad
2914 4363 3012 4404 nos
3041 4346 3371 4404 transeundo

1781 4453 1952 4510 nostri
1987 4451 2139 4518 fiunt,
2154 4465 2253 4521 pro
2279 4447 2506 4504 utilitate
2534 4443 2847 4517 populorum
2872 4482 2888 4508 ,
2919 4439 3112 4512 quibus
3137 4438 3237 4494 hac
3258 4437 3369 4493 dis-

1780 4545 2096 4618 pensatione
2124 4541 2408 4609 servimus,
2439 4539 2524 4596 vel
2553 4535 2931 4608 suscipiuntur,
2964 4532 3047 4588 vel
3075 4548 3180 4588 non
3203 4532 3221 4563 ¹
3242 4545 3368 4586 sus-

1783 4639 2054 4711 cipiuntur
2080 4654 2094 4692 :
2117 4635 2208 4690 illa
2235 4647 2365 4689 vero
2417 4631 2606 4687 vitiosa
2632 4639 2686 4684 ct
2713 4628 2926 4701 proprie
2951 4635 3148 4694 vestra,
3175 4638 3374 4680 sanan-

1785 4740 1890 4797 tur,
1911 4728 2269 4800 corriguntur,
2288 4732 2586 4790 mutantur;
2609 4721 2735 4777 dum
2752 4729 2928 4776 tamen
2946 4732 3007 4773 ea
3024 4716 3374 4773 Sacramenta

1785 4826 1902 4882 sine
1939 4822 2130 4895 quibus
2159 4821 2317 4877 homo
2346 4835 2452 4875 non
2483 4826 2659 4890 potest
2695 4813 2808 4870 ﬁeri
2839 4811 3178 4879 christianus,
3211 4809 3375 4866 etiam

1788 4921 1842 4978 in
1878 4916 2147 4974 haereticis
2175 4915 2252 4970 sic
2281 4921 2596 4978 tractentur,
2620 4917 2680 4964 ut
2705 4921 2824 4962 cum
2855 4904 2923 4960 ad
2953 4901 3247 4958 Ecclesiam
3277 4917 3376 4958 ve-

1789 5013 1958 5079 niunt,
1975 5008 2117 5081 quod
2144 5006 2371 5063 defuerit
2399 5005 2640 5069 addatur,
2669 4998 2808 5072 quod
2837 4997 3070 5070 agnitum
3101 4994 3260 5051 fuerit
3283 5008 3382 5063 ap-

1790 5106 2081 5180 probctur;
2124 5117 2192 5158 ne
2233 5100 2357 5156 dum
2398 5099 2554 5154 nimis
2591 5094 2910 5152 offendimur
2946 5093 3029 5149 eis
3066 5091 3221 5147 malis
3255 5103 3382 5160 qua:

1792 5209 1976 5256 contra
2005 5196 2296 5253 Ecclesiam
2326 5198 2660 5263 pepererunt,
2691 5201 3072 5260 persequamur
3099 5184 3261 5240 etiam
3281 5181 3384 5236 bo-

1795 5313 1859 5352 na
1881 5310 2000 5366 quae
2043 5292 2112 5348 de
2134 5287 2368 5346 Ecclesia
2407 5282 2726 5340 discedendo
2747 5290 3037 5338 traxerunt.
3059 5278 3192 5334 Nam
3217 5275 3383 5329 etiam

1797 5402 1977 5443 ramus
2007 5385 2226 5448 fractus,
2255 5380 2298 5434 si
2326 5391 2532 5444 rursus,
2559 5375 2694 5430 sicut
2714 5374 2789 5430 ait
2811 5372 3120 5445 Apostolus,
3143 5369 3388 5424 inseren-

1863 5523 1879 5554 ¹
1907 5527 1957 5568 ιιι
1982 5518 2126 5567 editis
2161 5513 2428 5567 exciderat,
2455 5511 2525 5562 vel
2547 5509 2871 5575 suscipiuntur
2889 5550 2902 5572 ,
2929 5510 3000 5561 vel
3023 5523 3131 5560 non.
3161 5504 3387 5554 Restitui-

1799 5588 2438 5760 LuEanggissétrlhaginensc
2461 5634 2719 5686 concilium
2735 5636 2847 5684 anni
2871 5635 2978 5697 iOl,
2995 5633 3077 5684 die
3103 5629 3162 5680 l3
3179 5631 3393 5688 septem-

1835 5722 1916 5757 rts.

1835 5722 1934 5839 Γὶῖ)
1959 5769 2054 5822 tib.
2075 5765 2106 5820 2
2128 5771 2290 5820 contra
2314 5761 2690 5826 t’artneuianum,
2705 5770 2785 5812 nu.
2812 5758 2892 5830 27,
2911 5757 2984 5813 98.
