3812 6214
389 203 456 258 τε
1098 195 1372 255 CONTRA
1408 180 1838 249 CRESCONIUM
1882 174 2336 245 DONATISTAM,
2377 180 2435 237 s.
2476 179 2849 238 AUGUSTINI

346 325 448 381 dus
476 321 545 378 sit
570 318 748 393 (Rom.
782 337 833 378 χι
858 363 873 392 ,
902 319 999 392 25)
1019 361 1036 387 ,
1065 316 1218 373 radix
1247 314 1296 370 ei
1326 308 1566 368 redditur
1589 348 1602 375 ,
1633 319 1742 360 non
1771 299 1941 358 forma

348 424 613 478 mutatur.

423 509 515 574 15.
555 515 621 570 At
649 511 781 569 enim
807 509 927 582 quia
951 513 1166 569 nostros,
1197 498 1402 572 inquis,
1434 491 1691 551 htcreticos
1715 498 1762 544 et
1786 484 1946 542 sacri-

298 655 306 676 .
353 608 492 683 lcgos
519 622 698 672 vocas,
727 600 861 674 quod
899 597 1154 671 nefarium
1177 603 1225 652 et
1258 587 1562 660 inexpiabile
1607 583 1795 683 crimen
1835 586 1944 683 est,:

300 674 306 761 ί
354 674 600 776 numquid
627 698 810 754 talibus
833 694 942 750 sine
965 691 1142 762 aliqua
1170 685 1456 758 expiatione
1475 677 1667 776 ignosci
1691 674 1831 776 debet
1849 677 1944 776 aut

279 797 301 813 ν
357 763 561 873 potest?
587 794 689 850 Cur
714 806 853 863 ergo,
884 785 1081 858 inquis,
1105 799 1206 838 non
1231 777 1485 835 emaculas
1506 773 1782 830 venientem
1843 763 1947 873 Cu:

356 856 459 948 non
489 889 652 961 primo
687 856 853 941 abliu's
887 889 934 936 et
961 856 1206 934 eritundas
1227 915 1242 940 ,
1274 881 1319 928 et
1347 871 1421 926 sic
1450 867 1534 922 tibi
1564 856 1950 961 communicat?

357 953 516 1053 Quid,
562 976 702 1054 quod
745 991 809 1032 ex
850 972 933 1027 his
972 967 1151 1028 verbis
1195 965 1299 1022 tuis
1343 961 1511 1054 multo
1545 953 1950 1054 conveniendus

358 1047 508 1133 alius
537 1047 750 1136 dixerit,
791 1065 984 1122 talibus
1027 1053 1400 1128 tam‘ignosci
1443 1066 1542 1106 nec
1575 1047 1807 1110 debere,
1853 1055 1952 1100 nec

358 1180 518 1239 posse
562 1181 575 1220 :
618 1170 775 1232 teque
812 1156 908 1213 tibi
951 1153 1048 1224 ipsi
1083 1145 1350 1208 contraria
1377 1147 1614 1239 locutum
1645 1153 1766 1239 esse
1793 1149 1953 1239 mon-

360 1228 641 1322 straverit’,
673 1228 732 1308 ut
756 1249 878 1306 ideo
903 1247 1110 1305 diceres
1135 1257 1260 1300 cum
1287 1239 1462 1312 aliqua
1494 1233 1795 1307 expiatione
1831 1228 1952 1322 tali-

361 1351 463 1408 bus
501 1342 886 1422 ignoscendum
910 1382 926 1409 ,
967 1337 1089 1410 quia
1119 1334 1173 1392 id
1202 1332 1346 1406 quod
1373 1321 1956 1422 objicitur-inexpiab'i‘le

364 1412 556 1498 man
585 1436 704 1494 est?
733 1431 1011 1504 Quomodo
1040 1442 1168 1501 ergo
1194 1424 1439 1496 expiatur
1464 1417 1607 1494 quod
1635 1412 1955 1484 inexpiabile

366 1533 484 1595 est?
514 1525 792 1602 Quomodo
820 1538 1030 1598 sperem
1065 1531 1116 1578 te
1145 1517 1447 1576 auditurum
1478 1505 1772 1602 essequod
1799 1504 1951 1567 dico,

367 1627 460 1698 qui
498 1599 604 1681 tam
645 1623 701 1680 in
741 1618 985 1693 proximo
1022 1629 1129 1671 non
1157 1609 1308 1668 audis
1335 1609 1449 1680 ipse
1478 1600 1620 1674 quod
1646 1599 1799 1698 dicis,
1835 1611 1955 1698 cuni

368 1687 468 1775 tibi
499 1687 757 1772 continue
789 1707 1130 1774 contradicis,
1160 1699 1430 1762 censendo
1459 1692 1784 1766 expiandum
1815 1687 1956 1760 quod

369 1807 694 1881 inexpiabile
729 1801 971 1864 dixeris?
1010 1799 1118 1855 Nos
1147 1804 1327 1853 autem
1363 1793 1434 1848 ita
1468 1796 1705 1844 vestrum
1725 1782 1960 1881 dicimus

369 1876 684 1960 haereticum
715 1907 769 1954 et
795 1895 1111 1964 sacrilegum
1142 1899 1401 1950 errorem,
1433 1891 1489 1938 ut
1518 1889 1693 1936 tamen
1723 1876 1963 1943 inexpia-

370 1996 533 2053 bilem
559 2008 664 2050 non
691 1988 931 2048 dicamus
961 2003 976 2042 :
1005 1982 1239 2053 alioquin
1264 1979 1458 2036 frustra
1486 1971 1780 2034 vobiscum,
1813 1975 1870 2020 ut
1899 1980 1964 2020 eo

371 2090 564 2149 relicto
604 2083 832 2143 correcti
869 2078 938 2136 ad
978 2075 1276 2134 Ecclesiam
1308 2067 1627 2128 catholicam
1660 2060 1958 2124 transcatis,

375 2183 575 2256 quibus
615 2177 790 2236 modis
827 2186 1133 2248 possumus,
1176 2164 1439 2240 agendum
1477 2175 1597 2217 esse
1636 2156 1958 2255 censuimus.

381 2246 492 2331 [Sec
519 2278 712 2337 nostra,
744 2246 880 2324 sicut
907 2262 1118 2331 scribis,
1147 2257 1292 2316 verbo
1321 2267 1366 2312 te
1392 2256 1464 2310 uti
1489 2249 1786 2315 arbitreris,
1815 2246 1964 2316 quasi

376 2367 472 2424 hoc
497 2364 687 2421 malum
709 2361 817 2418 sine
836 2359 979 2414 venia
1004 2365 1048 2414 et
1069 2357 1176 2411 sine
1194 2352 1386 2407 medico
1406 2365 1511 2404 esse
1533 2346 1797 2407 dicamus;
1824 2340 1966 2410 quod

358 2454 598 2515 omnino
629 2470 738 2512 non
774 2451 1032 2516 dicimus;
1065 2447 1188 2520 quia
1216 2452 1271 2501 et
1299 2441 1507 2498 veniam
1533 2444 1803 2493 merentur
1835 2446 1969 2504 quos

379 2550 539 2622 hujus
559 2547 686 2604 mali
707 2541 1018 2617 paenituerit
1035 2583 1050 2608 ,
1073 2547 1129 2596 et
1151 2535 1491 2606 omnipotens
1510 2543 1593 2586 est
1617 2528 1857 2584 medicus
1878 2524 1966 2622 qui

379 2615 478 2714 per
502 2615 816 2713 prOphetam
841 2634 988 2700 dicit,
1019 2630 1080 2688 Si
1104 2643 1370 2685 conversus
1394 2622 1550 2695 fueris
1575 2630 1620 2675 et
1646 2615 1963 2714 ingemueris,

381 2707 707 2789 iunc'salvus
743 2719 1265 2796 eris(EzecIt.xv1u).
1304 2720 1658 2789 Quapmpter,
1699 2713 1741 2765 si
1783 2709 1833 2763 in
1870 2707 1970 2761 ali-

381 2831 541 2888 quem
562 2814 698 2870 forte
719 2811 950 2868 incidisti
971 2808 1056 2864 vel
1076 2807 1250 2862 minus
1272 2805 1324 2859 in
1347 2802 1428 2856 his
1450 2799 1609 2856 rebus
1631 2797 1967 2858 instructum,

381 2910 467 2967 vel
502 2910 676 2965 minus
716 2904 842 2978 quid
870 2906 1178 2975 loqueretur
1207 2899 1498 2954 intuentem
1524 2934 1538 2959 ,
1582 2889 1825 2962 quamvis
1852 2901 1973 2943 esse

383 2997 776 3058 communionis
803 2995 1080 3052 catholica:
1109 2990 1379 3046 videretur
1403 3028 1420 3056 ,
1450 2985 1539 3057 qui
1570 2984 1672 3038 hoc
1699 2979 1792 3036 tibi
1823 2978 1972 3033 dice-

385 3101 512 3162 ret;
560 3092 676 3161 ipse
720 3088 899 3162 potius
943 3086 1098 3157 hujus
1142 3079 1525 3139 inconsiderati
1569 3075 1717 3133 verbi
1763 3072 1972 3130 veniam

387 3194 658 3244 mereatur
682 3201 696 3238 :
720 3183 858 3240 sicut
887 3189 943 3237 tu
971 3180 1061 3252 qui
1089 3193 1213 3235 cum
1241 3177 1315 3232 sis
1341 3185 1446 3230 tam
1476 3171 1768 3230 liberaliter
1798 3165 1976 3225 erudi-

388 3288 498 3347 tus,
527 3287 580 3335 et
605 3279 659 3333 in
687 3286 802 3333 arte
826 3276 1110 3331 verborum
1136 3288 1243 3328 nou
1269 3267 1610 3326 mediocriter
1635 3263 1844 3327 doctus,
1873 3260 1975 3316 mi-

387 3388 490 3428 nus
517 3381 691 3426 tamen
714 3368 840 3440 quid
865 3364 1099 3438 loquaris
1119 3361 1420 3426 attendens,
1446 3355 1763 3430 expiandum
1785 3365 1976 3410 censes

387 3461 527 3534 quod
557 3458 875 3531 inexpiabile
906 3456 1104 3514 dixeris
1128 3472 1144 3522 ;
1175 3463 1230 3511 et
1257 3452 1403 3526 quod
1431 3461 1515 3508 est
1540 3446 1934 3506 monstruosius
1958 3486 1974 3511 ,

389 3551 510 3610 ideo
537 3549 880 3622 expiandum,
910 3549 1032 3620 quia
1061 3545 1402 3617 inexpiabile.
1433 3542 1549 3600 Non
1578 3551 1662 3599 est
1686 3551 1862 3596 autem
1889 3553 1979 3594 ca-

387 3643 647 3703 tholicum
684 3658 778 3699 eos
816 3640 1040 3708 hortari,
1078 3648 1136 3694 ut
1173 3653 1356 3696 errore
1394 3644 1638 3693 correcto
1667 3632 1798 3688 salvi
1824 3630 1972 3695 fiant,

390 3752 526 3808 quos
574 3734 964 3806 inexpiabiliter
1005 3742 1165 3804 atque
1207 3729 1574 3787 insanabiliter
1613 3739 1977 3782 assereremus

389 3843 572 3885 errare
593 3829 634 3880 ³.
665 3826 771 3883 Sed
806 3826 924 3882 ideo
953 3824 1103 3880 vobis
1132 3839 1237 3880 non
1266 3822 1513 3878 videntur
1545 3818 1786 3876 mundari
1807 3858 1823 3886 ,
1855 3832 1978 3874 cum

389 3920 458 3976 ad
479 3935 576 3976 nos
597 3936 626 3974 a
647 3919 799 3976 vobis
821 3926 1114 3984 transeunt,
1139 3917 1261 3988 quia
1283 3931 1388 3972 non
1410 3914 1586 3972 denuo
1606 3913 1974 3984 baptizantur:

391 4011 545 4084 quasi
573 4012 690 4068 solo
718 4011 989 4082 Baptismo
1010 4052 1024 4080 ,
1055 4024 1217 4080 quem
1246 4008 1415 4080 repeti
1442 4022 1552 4064 non
1579 4013 1823 4078 oportet,
1855 4019 1979 4080 cum

393 4104 537 4162 idem
567 4113 726 4176 atque
755 4120 893 4160 unus
921 4111 1024 4170 est,
1057 4103 1300 4158 homines
1328 4101 1396 4158 ab
1421 4116 1606 4158 errore
1630 4098 1975 4157 mundentur.

395 4198 715 4256 Mundantur
740 4207 794 4255 et
816 4197 979 4253 verbo
1005 4195 1244 4252 veritatis
1277 4195 1344 4250 ab
1381 4195 1472 4251 illo
1500 4195 1592 4266 qui
1619 4194 1714 4263 ait,
1740 4193 1865 4250 1am
1891 4210 1980 4249 vos

395 4289 571 4345 mundi
617 4290 733 4344 estis
779 4298 983 4360 propter
1028 4287 1229 4344 verbum
1272 4287 1408 4358 quod
1457 4287 1650 4343 locutus
1690 4304 1803 4342 sum
1841 4287 1980 4342 vobis

396 4381 578 4456 (Joan.
609 4397 679 4438 xv
702 4423 719 4451 ,
748 4380 826 4453 3).
856 4380 1172 4438 Mundantur
1200 4388 1253 4436 et
1277 4379 1536 4436 sacriﬁcio
1562 4380 1777 4436 contriti
1803 4379 1981 4436 cordis

396 4477 463 4534 ab
502 4477 593 4533 illo
632 4476 700 4531 de
737 4491 843 4548 quo
880 4475 1079 4532 dictum
1123 4486 1225 4542 est,
1268 4475 1593 4546 Sacri/icium
1628 4474 1737 4531 Deo
1774 4476 1982 4547 spiritus

394 4568 801 4634 contribulatus;
846 4584 932 4623 cor
974 4568 1244 4622 contritum
1283 4576 1328 4622 et
1359 4567 1678 4623 humiliatum
1715 4566 1854 4622 Deus
1880 4583 1984 4622 non

396 4663 586 4736 spernit
613 4660 798 4735 (Psal.
827 4677 860 4718 ι.
885 4703 901 4730 ,
932 4659 1055 4734 19).
1099 4661 1418 4717 Mundantur
1445 4670 1501 4717 et
1537 4660 1889 4734 eleemosynis
1915 4660 1984 4718 ab

397 4756 489 4814 illo
518 4757 610 4829 qui
636 4756 747 4825 ait,
791 4755 922 4811 Date
955 4756 1320 4827 eleemosynam
1343 4797 1358 4822 ,
1391 4765 1436 4810 et
1463 4772 1575 4812 ecce
1599 4756 1768 4811 omnia
1791 4754 1983 4810 munda

399 4859 516 4906 sunt
544 4852 680 4906 vobis
706 4849 870 4921 (Luc.
899 4866 976 4916 xi,
1006 4850 1068 4905 ii
1096 4850 1136 4919 ).
1165 4847 1484 4904 Mundantur
1511 4849 1620 4920 ipsa
1651 4864 1768 4920 quae
1793 4863 1986 4920 super-

401 4943 604 5000 eminet
640 4943 888 5000 omnibus
917 4941 1174 5000 charitate
1206 4942 1273 4997 ab
1308 4942 1400 4999 illo
1432 4943 1520 5013 qui
1557 4957 1651 5014 per
1683 4941 1985 5012 apostolum

401 5037 623 5094 Petrum
649 5037 781 5092 dixit
811 5055 822 5091 :
850 5036 1080 5093 Charitas
1109 5036 1332 5108 cooperit
1360 5035 1734 5090 multitudinem
1759 5042 1989 5104 peccato-

403 5145 517 5184 rum
539 5127 584 5199 (l
611 5127 752 5182 Petr.
771 5143 845 5194 iv,
875 5126 931 5200 8)
962 5145 975 5182 :
1002 5143 1120 5199 qua:
1145 5143 1247 5184 una
1273 5130 1318 5184 si
1346 5127 1504 5194 adsit,
1528 5127 1704 5181 omnia
1729 5125 1817 5180 illa
1844 5133 1989 5184 recte

405 5219 577 5284 ﬁunt;
608 5219 653 5275 si
692 5228 869 5276 autem
907 5218 1047 5274 desit
1071 5219 1159 5276 illa
1185 5262 1201 5290 ,
1232 5222 1412 5276 omnia
1441 5219 1632 5274 frustra
1672 5218 1821 5274 fiunt.
1863 5217 1990 5273 ilice

407 5325 538 5366 vero
565 5309 705 5367 unde
733 5311 839 5377 sit,
869 5310 991 5367 audi
1020 5311 1298 5368 docentem
1330 5312 1644 5382 Apostolum
1674 5328 1687 5364 :
1715 5308 1947 5366 Charitas
1971 5351 1987 5376 ,

408 5402 616 5476 inquit,
645 5403 739 5459 Dei
767 5403 956 5472 diffusa
986 5413 1056 5458 est
1085 5403 1136 5459 in
1162 5404 1394 5460 cordibus
1419 5404 1601 5458 nostris
1629 5419 1716 5474 per
1741 5402 1990 5474 Spiritum

476 5656 494 5688 ι
522 5653 662 5716 Editi,
685 5662 860 5707 tanien.
888 5661 945 5705 At
1116 5660 1229 5705 tam.

474 5717 500 5752 ³
520 5716 639 5767 Editi
654 5755 670 5782 ,
696 5719 955 5771 asserimus
977 5729 1161 5768 errare.
1204 5722 1310 5767 mss.
1327 5750 1342 5780 ,
1387 5725 1653 5769 asserenms
1673 5727 1862 5769 errare.

2050 308 2280 352 sanctum
2303 299 2390 368 qui
2414 299 2560 353 datus
2585 308 2658 354 est
2681 299 2823 353 nobis
2850 295 3025 368 (Rom.
3055 312 3090 352 v
3113 338 3128 365 ,
3155 295 3234 369 5).
3263 295 3417 354 Unde
3441 298 3686 354 merito

2052 389 2342 446 creduntur
2379 391 2470 462 qui
2509 401 2661 447 extra
2688 390 2987 446 Eeclesiam
3018 390 3345 461 Baptismum
3385 389 3688 446 Ecclesia
3770 395 3771 398 ‘

2053 492 2426 554 perceperunt,
2455 498 2564 540 non
2593 481 3071 555 habereSpiritum
3097 491 3363 549 sanctum,
3393 481 3498 538 nisi
3519 494 3686 538 cum

2054 578 2156 649 ipsi
2176 579 2426 636 Ecclesiae
2447 580 2658 637 vinculo
2677 580 2824 652 pacis
2839 594 2935 652 per
2953 579 3340 638 connexionem
3363 574 3681 634 charitalis

2054 673 2444 731 adhzerescunt.

2128 786 2354 845 CAPUT
2391 786 2531 842 Xlll.
2553 816 2626 828 —
2647 786 2735 843 16.
2775 787 2895 844 Jsm
2923 786 3066 843 enim
3096 785 3246 842 locus
3271 793 3354 842 est
3383 793 3444 841 ut
3465 793 3686 840 osten—

2057 880 2202 946 dam,
2224 881 2364 952 quod
2388 881 2440 936 in
2462 880 2634 952 primo
2653 881 2791 937 libro
2810 878 3182 936 distuleramus
3205 879 3392 952 (Num.
3416 879 3683 949 ultimo),
3765 869 3772 942 ἶ

2057 971 2183 1041 quid
2205 973 2257 1028 in
2276 973 2534 1040 Ecclesia,
2557 987 2680 1044 quae
2701 982 2942 1028 sanctum
2965 987 3163 1042 corpus
3183 979 3266 1027 est
3283 970 3508 1036 Christi,
3537 985 3688 1041 pro-

2063 1065 2175 1133 prie
2204 1065 2371 1134 possit
2397 1065 2589 1134 accipi,
2617 1064 2760 1136 quod
2785 1073 2979 1137 prater
3004 1064 3148 1118 illam
3177 1078 3282 1119 non
3306 1071 3485 1133 potest
3508 1061 3686 1118 εει-ἰ-
3770 1063 3771 1070 ‘

2061 1161 2135 1230 pi.
2167 1161 2239 1216 De
2264 1158 2348 1216 his
2370 1160 2514 1216 enim
2537 1161 2626 1231 qui
2646 1160 2933 1216 schismata
2958 1159 3241 1224 faciebant,
3269 1159 3412 1214 idem
3435 1165 3684 1228 aposto-

2061 1253 2145 1310 lus
2183 1253 2330 1321 dicit,
2371 1254 2620 1309 Animalis
2659 1263 2826 1310 autem
2866 1255 3016 1309 homo
3054 1270 3156 1308 non
3192 1253 3403 1324 percipit
3441 1268 3504 1306 ea
3542 1265 3686 1322 qua

2062 1360 2178 1405 sunt
2207 1350 2433 1420 Spiritus
2461 1348 2558 1405 Dei
2586 1349 2646 1424 (l
2674 1349 2792 1406 Cor.
2828 1365 2866 1406 tt
2885 1392 2899 1415 ,
2933 1347 3060 1421 M).
3095 1349 3326 1404 Primam
3365 1347 3435 1400 ad
3464 1347 3686 1402 Corin-

2063 1442 2203 1497 thios
2241 1440 2530 1512 Epistolam
2569 1441 2719 1513 lege,
2757 1451 2813 1498 et
2842 1442 3102 1498 invenies.
3149 1441 3454 1510 Baptismus
3494 1439 3687 1508 igitur

2065 1533 2464 1590 Sacramentum
2489 1541 2575 1589 est
2597 1547 2750 1588 norm
2780 1533 2900 1588 vitae
2923 1547 2986 1588 ae
3009 1531 3195 1588 salutis
3219 1540 3465 1598 aeternet;
3497 1545 3682 1601 quem

2066 1626 2214 1681 inulti
2251 1624 2450 1682 habent
2477 1641 2584 1681 non
2613 1625 2680 1680 ad
2707 1626 2871 1681 vitam
2901 1633 3155 1681 aeternam
3177 1667 3190 1689 ,
3225 1625 3319 1681 sed
3347 1624 3412 1679 ad
3443 1637 3684 1693 poenam

2066 1729 2340 1785 internum,
2387 1733 2493 1774 non
2534 1718 2674 1774 bene
2711 1726 2921 1774 utentes
2947 1725 3099 1773 tanto
3126 1717 3268 1773 bono
3297 1734 3312 1772 :
3340 1700 3684 1772 charitatem

2067 1827 2194 1868 vero
2222 1820 2458 1867 sanctam
2481 1854 2495 1878 ,
2529 1827 2650 1883 quae
2677 1819 2761 1868 est
2787 1812 3059 1866 vinculum
3088 1809 3432 1881 perfectionis
3451 1851 3466 1875 ,
3493 1822 3684 1864 nemo

2068 1913 2242 1972 potest
2286 1903 2482 1958 habere
2521 1919 2626 1959 non
2671 1903 2877 1967 bonus;
2919 1918 3078 1957 nemo
3119 1901 3208 1973 qui
3250 1901 3439 1967 habet,
3483 1908 3683 1970 potest

2069 2011 2187 2052 esse
2222 1996 2304 2051 vel
2337 1995 2710 2051 schismaticus
2739 1994 2818 2050 vel
2854 1993 3155 2049 haereticus.
3195 1991 3328 2048 Cum
3357 2005 3486 2062 ergo
3514 1991 3686 2061 quis-

2069 2104 2172 2158 que
2197 2087 2262 2142 ad
2291 2087 2545 2143 Ecclesiae
2569 2087 2791 2142 veniens
2815 2087 3090 2152 unitatem,
3117 2099 3238 2140 cum
3263 2083 3380 2154 ejus
3405 2081 3684 2137 membris

2073 2181 2332 2235 veraciter
2363 2179 2678 2249 copulatur,
2717 2178 2942 2248 accipiat
2974 2177 3226 2246 Spiritum
3261 2184 3533 2241 sanctum,
3571 2189 3683 2244 per

2072 2285 2228 2340 quem
2257 2270 2570 2325 diffunditur
2593 2269 2828 2325 eharitas
2852 2268 2904 2323 in
2929 2267 3180 2324 cordibus
3201 2267 3416 2330 nostris,
3445 2266 3686 2322 eadem-

2072 2377 2177 2433 que
2214 2362 2448 2418 Charitas
2477 2361 2752 2433 cooperiat
2781 2361 3172 2416 multitudinem
3200 2371 3543 2431 peccatorum
3565 2401 3582 2425 ,
3611 2366 3680 2414 ut

2075 2453 2404 2524 Baptismum
2432 2469 2591 2524 quem
2623 2452 2854 2523 primum
2884 2451 3115 2507 habebat
3143 2451 3209 2506 ad
3235 2451 3495 2521 judicium
3515 2491 3534 2518 ,
3569 2450 3679 2505 ha-

2074 2547 2200 2602 bere
2216 2547 2327 2616 jam
2353 2555 2622 2602 mereatur
2645 2545 2711 2600 ad
2735 2545 3015 2615 praemium
3038 2563 3052 2609 ;
3079 2545 3348 2615 quomodo
3367 2560 3488 2599 eum
3513 2561 3679 2599 mun-

2075 2639 2186 2692 dari
2217 2653 2380 2710 negas
2401 2681 2416 2705 ,
2445 2638 2546 2693 nisi
2578 2640 2700 2708 quia
2725 2637 2945 2692 omnino
2969 2653 3088 2708 qua:
3112 2637 3181 2692 sit
3207 2636 3479 2692 mundatio
3505 2635 3677 2706 spiri-

2077 2731 2232 2785 tualis
2259 2731 2509 2801 ignoras?
2533 2729 2647 2786 Non
2677 2730 2854 2801 igitur,
2887 2730 3026 2785 sicut
3047 2729 3359 2785 conviciaris
3379 2770 3393 2794 ,
3424 2739 3677 2798 tanquam

2075 2823 2129 2876 in
2155 2823 2353 2894 asylum
2378 2822 2585 2878 Romuli
2603 2832 2790 2877 vestros
2813 2832 3046 2878 nocentes
3068 2821 3355 2894 recipimus,
3379 2838 3514 2892 quos
3532 2823 3680 2878 civio

2077 2928 2161 2974 tas
2185 2918 2276 2974 Dei
2298 2917 2606 2988 recipiendo
2627 2917 2791 2990 eﬂicit
2818 2919 3130 2974 innocentes
3152 2959 3166 2983 ,
3193 2933 3311 2972 cum
3334 2916 3400 2971 ad
3423 2915 3676 2972 eamdem

2079 3011 2252 3068 veraci
2267 3011 2430 3067 corde
2443 3011 2772 3080 transierint,
2790 3011 2856 3067 de
2873 3027 2975 3083 qua
2991 3011 3106 3082 ejus
3121 3010 3364 3066 conditor
3379 3010 3529 3078 dicit,
3547 3009 3678 3066 Non

2079 3112 2240 3174 potest
2253 3103 2425 3159 civitas
2442 3103 2682 3159 abscondi
2698 3120 2853 3176 super
2868 3114 3086 3160 montem
3105 3103 3592 3177 constituta(Matth.
3613 3120 3671 3172 v,

2081 3195 2189 3266 ii).
2207 3193 2325 3252 Non
2341 3194 2483 3250 enim
2501 3211 2616 3251 eam
2645 3195 2903 3265 condidit,
2923 3197 3012 3268 qui
3039 3196 3253 3253 fratrem
3273 3197 3502 3266 superbe
3526 3197 3674 3253 occi-

2079 3288 2159 3344 dit
2182 3289 2370 3357 iratus,
2398 3289 2490 3346 sed
2517 3289 2607 3360 qui
2634 3288 2822 3346 fratres
2860 3289 3134 3346 humiliter
3179 3290 3406 3346 redemit
3436 3293 3671 3346 occisus.

2080 3380 2229 3436 Hanc
2247 3381 2450 3452 Spiritu
2475 3390 2658 3438 sancto
2685 3381 2976 3438 mundante
3003 3382 3256 3450 lmtillcat,
3275 3382 3340 3440 de
3360 3399 3465 3454 quo
3481 3383 3676 3438 clama-

2081 3473 2172 3529 bat
2199 3473 2402 3541 diceus,
2425 3474 2485 3532 Si
2509 3475 2620 3546 quis
2645 3474 2769 3541 sitit,
2789 3475 2953 3528 veniat
2980 3483 3025 3529 et
3055 3475 3186 3529 bibat
3213 3474 3385 3548 (Joan.
3419 3491 3511 3540 vn,
3543 3476 3670 3546 37):

2081 3583 2189 3624 non
2230 3583 2421 3640 aquam
2458 3567 2718 3624 visibilem
2758 3566 3140 3623 commendans
3165 3583 3282 3639 qua:
3311 3567 3465 3622 datur
3492 3568 3542 3622 in
3570 3568 3674 3624 Ba-

2081 3661 2347 3731 ptismatis
2384 3669 2738 3726 sacramento,
2781 3675 2943 3731 quam
2983 3667 3037 3714 et
3074 3659 3199 3714 boni
3233 3667 3288 3715 et
3316 3659 3440 3713 mali
3472 3659 3673 3715 habere

2082 3762 2326 3826 possunt,
2355 3753 2596 3826 quamvis
2617 3754 2733 3809 sine
2757 3753 2846 3808 illa
2871 3752 2996 3808 boui
3021 3752 3149 3807 salvi
3175 3750 3286 3806 fieri
3314 3767 3417 3807 non
3442 3752 3668 3822 possint.

2083 3846 2213 3915 Quae
2238 3846 2479 3917 quamvis
2499 3845 2756 3901 Ecclesiae
2775 3845 2862 3910 sit,
2888 3853 3064 3900 tamen
3086 3844 3243 3900 etiam
3268 3843 3407 3899 foras
3430 3842 3670 3913 profluit,

2084 3951 2205 3992 cum
2236 3945 2288 3991 et
2324 3934 2466 4006 apud
2495 3935 2612 3990 illos
2645 3934 2932 4001 invenitur,
2982 3934 3071 4004 qui
3101 3949 3166 3988 ex
3192 3934 3346 3988 nobis
3382 3933 3668 4001 exierunt,

2083 4029 2181 4085 sed
2209 4043 2316 4084 non
2341 4036 2494 4084 erant
2518 4041 2584 4083 ex
2614 4025 2768 4082 nobis
2797 4024 2840 4096 (Ι
2867 4025 3021 4080 Joan.
3049 4042 3108 4092 ιι,
3137 4025 3226 4098 19)
3253 4044 3266 4084 :
3291 4028 3428 4081 sicut
3456 4041 3590 4099 aqua
3618 4028 3671 4083 in

2085 4121 2262 4194 aliquo
2291 4137 2353 4177 ex
2387 4119 2492 4174 illis
2523 4117 2956 4175 memorabilibus
2984 4127 3212 4189 quatuor
3236 4118 3544 4176 ﬂuminibus
3569 4136 3668 4176 ne-

2084 4217 2198 4289 gari
2232 4230 2338 4272 non
2370 4221 2545 4284 potest
2570 4211 2713 4286 quod
2740 4211 2810 4267 sit
2837 4227 2971 4283 aqua
2998 4212 3263 4282 paradisi,
3293 4215 3535 4284 quamvis
3563 4231 3667 4270 non

2085 4311 2154 4366 sit
2180 4311 2233 4365 in
2259 4308 2375 4364 solo
2399 4306 2665 4380 paradiso,
2694 4320 2813 4376 quae
2838 4307 2996 4361 etiam
3025 4315 3172 4361 extra
3197 4307 3318 4361 inde
3345 4307 3594 4363 manavit.

2157 4401 2383 4460 CAPUT
2420 4399 2761 4457 Μελ-17.
2804 4397 2920 4454 Νοη
2959 4413 3086 4468 ergo
3125 4398 3261 4453 hanc
3303 4414 3528 4470 aquam,
3578 4400 3670 4456 sed

2087 4513 2239 4568 aqua:
2267 4495 2480 4552 nomine
2509 4491 2773 4549 invisibile
2796 4489 2891 4546 Dei
2919 4489 3115 4545 donum
3146 4499 3385 4545 sanctum
3415 4490 3665 4561 Spiritum

2088 4587 2528 4653 commendabat,
2568 4584 2752 4640 dicens
2772 4626 2786 4650 ,
2817 4582 2878 4638 Si
2907 4582 3018 4651 quis
3046 4582 3152 4636 silit
3172 4623 3187 4648 ,
3221 4583 3386 4636 veniat
3415 4592 3463 4636 et
3491 4584 3620 4638 bibat
3649 4602 3669 4648 ;

2089 4683 2229 4740 sicut
2265 4679 2538 4736 evidenter
2558 4675 2905 4747 Evangelista
2945 4683 3167 4730 testatur
3203 4673 3518 4745 adjungens,
3559 4674 3665 4730 Hoc

2090 4784 2255 4830 autem
2273 4771 2463 4827 diccbat
2490 4770 2552 4825 de
2578 4769 2775 4840 Spiritu
2799 4783 2943 4841 quem
2965 4768 3221 4837 accepturi
3251 4776 3392 4821 erant
3421 4769 3668 4823 credentes

2091 4869 2145 4923 in
2181 4882 2314 4922 eum.
2356 4863 2581 4936 Spiritus
2621 4879 2756 4919 enim
2783 4862 3008 4918 nondum
3033 4872 3142 4916 erat
3171 4862 3319 4915 datus
3345 4903 3358 4926 ,
3385 4862 3504 4932 quia
3530 4861 3669 4917 Jesns

2094 4959 2319 5014 nondum
2352 4961 2518 5030 fuerat
2551 4956 2859 5026 clari/iectus
2898 4953 3072 5026 (Joan.
3099 4967 3195 5020 vu,
3221 4953 3309 5015 '57,
3333 4951 3447 5026 59).
3487 4954 3549 5008 Et
3575 4956 3668 5008 uti-

2094 5066 2197 5122 que
2222 5058 2480 5121 quantum
2509 5048 2574 5104 ad
2603 5048 3005 5105 Sacramentum
3049 5046 3241 5101 attinet
3270 5045 3464 5101 lavacri
3495 5048 3668 5101 visibi-

2094 5145 2160 5202 lis
2183 5186 2197 5212 ,
2233 5155 2516 5215 antequam
2545 5155 2688 5200 esset
2717 5141 3044 5214 resurgendo
3070 5138 3391 5196 clarificatus
3414 5183 3428 5208 ,
3453 5141 3560 5210 jam
3591 5140 3669 5194 ba-

2096 5239 2387 5308 ptizaverat
2413 5238 2591 5308 plures
2617 5251 2774 5306 quam
2803 5235 3054 5301 Joannes,
3084 5234 3222 5289 sicut
3250 5235 3423 5304 ipsum
3452 5233 3670 5304 loquitur

2098 5333 2443 5404 Evangelium
2486 5331 2608 5405 (Id.
2647 5347 2728 5396 iv,
2762 5330 2851 5401 1).
2878 5329 3031 5386 Unde
3067 5329 3198 5385 dicit
3223 5329 3497 5398 discipulis
3533 5331 3664 5384 suis:

2095 5425 2320 5480 Joannes
2340 5424 2536 5494 quidem
2560 5424 2829 5495 baptizavit
2854 5440 3003 5495 aqua,
3017 5440 3103 5479 vos
3127 5433 3292 5478 autem
3313 5423 3669 5495 baptisabimini

2099 5520 2298 5590 Spiritu
2325 5526 2516 5585 sancto,
2548 5535 2694 5589 quem
2720 5526 2766 5572 et
2792 5517 3046 5587 accepturi
3079 5519 3198 5573 estis
3225 5534 3326 5571 non
3354 5527 3469 5586 post
3499 5517 3663 5570 multos

2099 5614 2206 5670 dies
2233 5613 2323 5666 hos
2349 5628 2506 5683 usque
2531 5613 2598 5666 ad
2629 5611 2956 5668 Pentecosten
2985 5612 3119 5682 (Act.
3148 5627 3207 5692 ι’,
3239 5610 3318 5681 5).
3351 5610 3446 5666 Hic
3471 5618 3667 5666 sanctus

2105 5707 2338 5778 Spiritus
2376 5704 2596 5763 veniens
2620 5705 2672 5762 in
2699 5720 2791 5763 eos
2812 5747 2827 5775 ,
2859 5706 2961 5763 tale
2988 5705 3194 5778 signum
3221 5704 3467 5776 primitus
3503 5701 3670 5770 dedit,

3525 166 3688 239 £76
3770 181 3771 190 ‘

3729 689 3750 719 ς

3731 723 3760 742 ο.

3733 751 3762 782 ι.
3770 767 3771 776 ι

3769 847 3772 862 γ
