3792 6128
19 175 76 230 L77
1275 158 1477 219 LIBER
1517 152 1890 215 SECUNDUS.

19 296 44 343 ll
75 286 155 359 qui
183 298 303 340 eum
330 283 645 356 acciperent
666 324 682 351 ,
714 278 906 353 linguis
935 279 1176 335 omnium
1203 278 1439 351 gentium
1472 276 1555 330 lo-

19 386 251 453 [ucrentur
277 372 420 449 (Aet.
446 393 507 445 ιι,
536 376 684 449 1-4);
734 374 859 446 quia
884 371 1238 445 portendebat
1262 370 1561 427 Ecclesiam

19 488 74 527 er
104 482 287 528 omnes
318 478 516 542 gentes
554 469 807 534 futuram,
834 481 937 522 nec
964 477 1287 536 quemquam
1311 468 1562 532 acceptu~

20 579 93 620 um
124 561 382 635 Spiritum
422 569 688 628 sanctum,
720 560 821 616 nisi
852 558 944 630 qui
970 557 1090 627 ejus
1115 556 1319 612 unitate
1342 552 1561 624 capula-

19 669 136 716 ctur.
164 658 330 730 llujus
358 637 525 713 fontis
549 656 699 727 largo
722 662 883 726 atque
907 649 1157 707 invisibili
1183 648 1403 705 ﬂumine
1424 646 1563 701 lani-

19 748 98 809 ἰαί
117 750 253 806 Deus
275 748 557 805 civitatem
580 762 753 814 suam,
779 745 849 801 de
869 759 973 816 qua
999 741 1267 813 Propheta
1294 738 1562 810 praedixit,

19 844 222 903 Fluminis
246 843 473 914 impetus
500 841 727 909 ltetiﬁcat
749 839 1001 894 civitatem
1022 834 1119 889 Dei
1137 832 1308 907 (Psai.
1331 848 1452 898 xcv,
1483 831 1562 901 5).

19 939 67 995 id
98 939 229 992 hunc
262 936 415 992 enim
451 935 653 991 fontem
684 933 860 990 nullus
887 939 1173 988 extraneas
1195 971 1210 995 ,
1241 927 1363 998 quia
1390 926 1567 982 nullus

19 1031 82 1087 tisi
106 1029 204 1084 vita
229 1036 443 1085 mterna
468 1026 659 1099 dignus
680 1024 908 1081 accedit.
941 1023 1040 1079 Hic
1068 1029 1157 1079 est
1185 1019 1431 1091 proprius
1459 1016 1565 1072 Ec-

19 1124 147 1179 tlesitc
172 1120 374 1177 Cbristi
392 1163 411 1190 ,
443 1121 527 1176 cui
557 1127 706 1176 tanto
729 1126 858 1175 ante
887 1115 1265 1189 prophetatqu
1290 1121 1393 1180 est,
1426 1110 1568 1168 Fons

19 1230 119 1287 M
141 1226 236 1271 tua
265 1217 334 1271 sit
364 1214 456 1271 tibi
485 1216 741 1286 proprius,
773 1222 820 1269 et
848 1227 994 1266 nemo
1020 1211 1216 1265 alienus
1238 1206 1569 1265 communicet

20 1309 257 1381 ibi(Proo.
295 1325 355 1376 v,
401 1307 514 1382 17).
558 1308 635 1363 De
677 1309 775 1361 hac
812 1305 954 1359 enim
990 1302 1230 1360 Ecclesia
1268 1309 1323 1357 et
1359 1298 1427 1355 de
1466 1299 1570 1353 isto

19 1401 123 1457 hate
145 1401 338 1457 dicitur
362 1410 424 1456 et
447 1399 501 1454 in
520 1398 744 1456 Cantieo
769 1397 1122 1457 canticorum,
1148 1392 1345 1448 Hortus
1366 1390 1571 1446 conciu-

19 1511 88 1557 ιιι,
117 1498 223 1564 {ous
246 1494 503 1566 signatus,
535 1501 714 1565 puteus
738 1505 885 1561 aqua:
908 1489 1033 1545 vim
1061 1486 1233 1558 (Cant.
1263 1501 1337 1550 tv,
1371 1482 1483 1556 η).

62 1585 265 1643 CAPUT
304 1585 524 1642 XV.—-—
547 1585 634 1640 18.
676 1583 791 1639 Hoc
826 1580 991 1637 vestri
1020 1579 1087 1635 de
1125 1578 1348 1633 visibilis
1385 1575 1569 1646 Bapti-

19 1682 160 1736 uoatis
186 1687 532 1736 sacramento
558 1678 900 1748 accipientes,
922 1681 1126 1729 tantum
1153 1678 1361 1736 errant,
1393 1677 1453 1723 ut
1482 1682 1570 1723 res

19 1774 390 1832 absurdissimas
435 1771 586 1828 lateri
631 1777 886 1842 cogantur
926 1766 1074 1822 inviti
1107 1783 1119 1818 :
1150 1762 1291 1835 quod
1324 1762 1391 1817 ad
1421 1760 1570 1815 illum

19 1867 180 1921 trilicet
201 1865 467 1931 fontem‘,
494 1863 584 1934 qui
614 1860 859 1932 proprius
889 1865 973 1915 est
997 1857 1170 1912 unicte
1197 1853 1477 1919 columine,
1504 1851 1572 1906 de

19 1976 95 2031 quo
130 1960 324 2016 dictum
365 1968 487 2022 est,
532 1956 699 2012 Nemo
741 1953 937 2009 alienus
979 1950 1317 2021 communicet.
1348 1947 1476 2013 tibi;
1506 1944 1573 2001 ad

19 2053 189 2108 hortum
217 2052 535 2109 conclusum
568 2059 895 2120 pulsumque
929 2045 1193 2116 signatum
1223 2040 1457 2112 potuerit
1480 2054 1571 2095 ac-

19 2145 169 2200 calere
190 2143 379 2199 Simon
409 2141 614 2213 Magos,
641 2153 799 2210 quem
828 2135 1053 2209 legimus
1076 2151 1106 2189 a
1131 2133 1378 2204 Philippo
1403 2131 1571 2203 bapti-

20 2244 159 2290 ratum
187 2234 323 2307 (Act.
358 2249 474 2299 vni,
509 2232 600 2303 l3)
626 2251 641 2299 ;
668 2229 937 2303 potuerint
964 2226 1219 2283 accedere
1245 2233 1321 2281 tot
1349 2222 1478 2292 licti,
1508 2223 1576 2279 de

20 2326 174 2395 quibus
198 2341 425 2399 gemens
463 2324 695 2396 loquitur
722 2322 1040 2394 Cyprianus,
1071 2319 1274 2375 Saecqu
1303 2317 1464 2372 verbis
1492 2332 1577 2371 so.

20 2418 66 2470 is
93 2428 133 2471 ct
158 2435 254 2472 non
293 2417 448 2489 factis
485 2415 872 2478 renuntiantes;
914 2419 991 2466 tot
1022 2409 1260 2481 episcopi
1288 2408 1476 2473 avari,
1506 2406 1576 2462 de

20 2509 171 2578 quibus
194 2508 334 2564 idem
362 2508 482 2578 ipse
511 2514 755 2573 testatur,
790 2503 1006 2558 Fundos
1028 2501 1286 2556 insidiosis
1313 2498 1578 2573 fraudibus

22 2602 234 2670 ταρίωιιεε
253 2642 269 2669 ,
294 2600 470 2655 usuris
491 2597 941 2669 multiplicantibus
963 2596 1106 2665 fenus
1122 2601 1362 2664 augentes
1379 2591 1572 2664 (Epist.

23 2709 86 2747 seu
106 2693 258 2749 Serm.
287 2693 352 2749 de
380 2690 611 2763 Lapsis).
648 2690 752 2746 ista
791 2690 986 2762 quippe
1013 2689 1062 2743 iu
1092 2686 1372 2758 baptizatis
1396 2694 1445 2740 et
1478 2684 1576 2739 ba-

24 2786 301 2855 ptizantibus
340 2784 543 2842 visibili
580 2782 854 2853 Baptismo
888 2780 1228 2852 reperiuntur
1248 2780 1290 2831 ’.
1318 2775 1400 2832 Ad
1428 2776 1578 2831 illum

23 2885 164 2934 tamen
190 2878 388 2934 fontem
423 2877 698 2948 proprium
719 2917 735 2942 ,
765 2875 849 2934 cui
880 2888 1040 2930 nemo
1067 2858 1425 2929 communicat
1449 2868 1578 2924 alic-

24 2984 128 3037 nus;
153 2972 215 3027 ad
243 2972 392 3027 illum
430 2970 627 3026 fontem
652 2969 916 3040 signatum
935 3010 951 3036 ,
981 2967 1084 3021 hoc
1110 2973 1193 3021 est
1210 3005 1226 3032 ,
1257 2963 1323 3019 ad
1349 2961 1580 3034 Spiritus

24 3064 160 3120 sancti
184 3052 385 3121 don'um
405 3105 422 3133 ,
466 3078 573 3132 quo
599 3060 832 3117 charitas
862 3059 957 3115 Dei
984 3056 1295 3114 dili'unditur
1321 3056 1373 3111 in
1401 3053 1578 3111 cordi-

24 3154 101 3213 bus
124 3158 309 3214 nostris
333 3201 348 3225 ,
378 3156 564 3212 nullus
587 3155 810 3210 istorum
838 3153 938 3208 nisi
968 3160 1201 3208 mutatus
1228 3149 1473 3216 accedit,
1505 3147 1578 3204 ita

24 3248 209 3305 omnino
229 3247 593 3316 mandandus,
628 3256 685 3302 ut
712 3262 817 3303 non
845 3246 916 3302 sit
940 3245 1165 3311 alienus,
1195 3243 1289 3298 sed
1320 3244 1390 3297 sit
1412 3241 1578 3298 cmic—

27 3339 101 3398 ttis
133 3343 390 3414 particeps
440 3342 606 3412 pacis,
649 3347 849 3395 sanctae
887 3338 1066 3394 socius
1101 3334 1341 3403 unitatis,
1387 3334 1579 3405 plenus

25 3432 271 3491 individua;
298 3433 598 3501 charitatis,
624 3432 758 3488 civis
782 3431 1035 3503 angelica:
1057 3428 1307 3485 civitatis.
1333 3425 1417 3481 Ad
1441 3425 1579 3480 hanc

30 3521 179 3596 itaque
202 3527 470 3582 civitatem
502 3523 743 3595 quisquis
772 3521 994 3577 haeresis
1020 3520 1106 3577 vel
1143 3516 1446 3576 schismatis
1478 3515 1579 3571 de-

26 3616 167 3684 posito
188 3631 396 3684 errore,
419 3615 676 3671 correctis
709 3613 948 3669 moribus
970 3654 986 3682 ,
1021 3612 1107 3684 pia
1145 3619 1324 3667 mente
1352 3623 1579 3665 conver-

30 3706 146 3775 titur,
171 3710 212 3765 si
245 3710 355 3780 jam
399 3707 746 3764 Sacramenta
782 3692 1044 3777 gestabat,
1084 3720 1204 3774 qua:
1243 3703 1386 3758 foras
1412 3702 1578 3757 etiam

28 3799 81 3855 td
103 3802 328 3876 indignos
365 3800 634 3875 proﬂuere
662 3808 988 3871 potuerunt,
1021 3799 1138 3856 haec
1165 3798 1496 3855 honorantur
1523 3796 1578 3852 in

31 3905 97 3959 eo,
130 3896 241 3966 quia
278 3906 333 3952 et
375 3896 433 3951 in
478 3892 666 3949 alienis
694 3906 799 3948 non
830 3891 1076 3948 videntur
1104 3891 1314 3958 aliena;
1346 3889 1441 3946 sed
1466 3888 1579 3960 jam

31 3982 99 4039 lllo
120 3989 323 4059 proprio
344 3987 435 4044 cui
459 4000 619 4041 nemo
643 3986 1001 4041 communicat
1024 3984 1253 4051 alienus,
1281 3982 1372 4039 illo
1398 3983 1579 4053 signa-

33 4080 76 4129 to
104 4077 314 4149 Spiritus
354 4082 524 4137 sancti
562 4078 708 4151 fonte
747 4078 1051 4144 mundatur,
1094 4093 1125 4132 a
1166 4091 1271 4148 quo
1294 4073 1450 4146 .apud
1484 4089 1580 4130 vos

32 4168 160 4226 etiam
185 4175 424 4246 quisquis
451 4175 660 4232 caeteris
688 4172 926 4229 moribus
949 4168 1231 4227 laudabilis
1257 4167 1433 4234 fuerit,
1461 4166 1580 4223 solo

33 4260 293 4323 schismatis
315 4269 405 4324 vel
431 4268 651 4325 haeresis
675 4268 897 4323 crimine
921 4271 1217 4336 separatur.

84 4354 287 4415 CAPUT
313 4360 628 4417 XVl.——19.
653 4359 782 4416 Cum
802 4372 930 4428 ergo
945 4356 1167 4412 veniunt
1185 4353 1252 4410 ad
1272 4368 1370 4409 nos
1394 4351 1578 4419 vestri,

34 4442 306 4509 desistentes
331 4467 455 4510 esse
484 4453 678 4517 vestri,
709 4450 1023 4522 incipientes
1051 4464 1173 4505 esse
1202 4446 1370 4502 nostri
1394 4489 1409 4515 ,
1438 4443 1581 4500 acci-

36 4535 155 4605 Ρδηηι
178 4545 310 4615 quod
355 4561 461 4600 non
487 4545 786 4609 habebant,
818 4552 877 4598 ut
904 4541 1188 4598 salubriter
1219 4540 1415 4596 habere
1441 4536 1579 4592 inci-

36 4627 148 4694 Ρίθηι
175 4636 305 4705 quod
336 4645 484 4691 tanto
513 4634 880 4707 perniciosius,
908 4642 1105 4704 quanto
1135 4631 1403 4702 indignius
1426 4628 1583 4686 habe-

36 4717 152 4778 bant.
196 4728 471 4800 Accipiunt
516 4729 655 4784 enim
687 4728 928 4800 primitus
957 4728 1122 4798 ipsam
1172 4724 1499 4792 Ecclesium,
1529 4731 1583 4779 et

36 4810 77 4864 in
96 4829 149 4870 ea
174 4834 348 4888 pacem
373 4863 389 4888 ,
416 4820 729 4876 charitatem
750 4862 763 4885 ,
800 4819 1053 4875 unitatem
1070 4859 1085 4885 ,
1114 4832 1211 4887 per
1238 4814 1441 4871 fontem
1465 4815 1585 4885 ejus

39 4909 266 4977 proprium
306 4921 466 4985 atque
493 4912 810 4968 invisibilem
853 4910 1105 4982 Spiritum
1146 4917 1421 4976 sanctum,
1466 4908 1585 4963 sine

38 4997 194 5061 quibus
234 5006 411 5078 utique
438 5004 584 5061 nullo
628 5003 901 5060 dubitante
948 5002 1300 5067 interiissent,
1330 5000 1581 5071 quidquid

41 5087 154 5147 aliud
180 5099 308 5168 apud
337 5115 434 5156 vos
453 5143 467 5167 ,
494 5098 635 5171 quod
677 5098 744 5155 de
770 5096 1003 5153 Ecclesia
1036 5096 1178 5150 foras
1204 5094 1340 5149 trahi
1372 5095 1543 5165 potttit
1561 5137 1576 5164 ,

46 5176 310 5246 habuissent
338 5211 351 5247 :
384 5192 619 5248 faciliore
650 5200 826 5246 autem
856 5190 1008 5245 venia
1039 5187 1182 5259 quod
1213 5187 1445 5242 nondum
1476 5187 1575 5241 ha-

43 5267 230 5336 buerunt
251 5285 511 5356 accipiunt
530 5326 545 5351 ,
572 5298 728 5355 quam
754 5282 797 5338 si
828 5281 1168 5347 habuissent,
1198 5290 1252 5336 et
1281 5289 1455 5336 tamen
1482 5278 1580 5335 de-

93 5430 226 5502 {Editi
255 5437 331 5502 hic
350 5437 709 5502 addunt,vivum
737 5450 755 5487 :
779 5436 869 5502 sed
892 5449 987 5486 non
1008 5436 1193 5502 habent
1229 5444 1336 5488 Mss.
1382 5450 1485 5502 nec,
1520 5451 1580 5489 ea

45 5490 392 5574 loca,
416 5490 605 5574 scilicet
627 5500 851 5551 Proverb.
881 5511 988 5562 cap.
1003 5501 1037 5551 5
1060 5506 1112 5551 et
1124 5503 1304 5552 Cantic.
1328 5513 1434 5563 cap.
1460 5500 1506 5563 4,
1529 5504 1579 5550 in

44 5560 326 5627 ‘lufﬁrlzcspicit
348 5560 656 5627 Augustinus.

92 5615 292 5698 ilgliquot
309 5615 445 5698 uss;
465 5624 547 5698 Isti
568 5624 743 5691 quippe
767 5622 994 5690 θαι)ιίωεί
1012 5628 1057 5675 et
1094 5622 1384 5690 baptizantes
1406 5623 1582 5680 visibili

48 5670 234 5741 “nimio
250 5670 569 5754 tegeaeae.

3151 162 3259 227 478

1672 276 1987 332 seruissent.
2018 274 2089 332 Et
2116 273 2219 329 hoc
2243 272 2561 331 discernitur
2589 277 2729 347 apud
2757 294 2886 351 nos,
2914 290 2973 338 ut
2994 283 3147 339 aliter
3173 297 3261 341 re-

1668 373 1932 444 cipiantur
1958 371 2049 442 qui
2090 369 2414 428 Catholicam
2444 372 2804 444 reliquerunt,
2849 374 3010 431 aliter
3050 376 3140 446 qui
3186 375 3257 432 ad

1669 464 1815 520 illam
1841 465 2090 536 primitus
2118 465 2352 521 veniunt.
2377 465 2500 521 illos
2522 465 2665 524 enim
2693 468 2924 538 amplius
2947 476 3133 540 gravat
3158 469 3265 525 cri-

1670 574 1794 615 men
1820 557 2138 615 desertionis
2166 576 2179 613 :
2211 559 2309 615 hos
2336 568 2514 617 autem
2540 576 2645 617 non
2676 577 2706 617 a
2733 576 2793 618 se
2811 562 3108 634 disruptum
3124 606 3141 632 ,
3168 562 3264 621 sed

1669 651 1941 721 cognitum
1964 659 2019 706 et
2040 658 2307 707 retentum
2329 651 2597 707 vinculum
2624 652 2824 710 relevat
2849 655 3085 710 unitatis.
3107 654 3264 713 Unde

1673 742 1787 797 ﬁeri
1820 750 1992 812 potest
2017 751 2074 797 ut
2091 757 2226 814 quos
2245 742 2494 800 seductos
2517 744 2979 817 rebaptizaverunt
2996 790 3013 816 ,
3041 748 3140 819 ipsi
3162 762 3263 819 pro

1671 834 1752 890 eis
1779 834 2162 904 pranitentibus
2193 834 2475 892 Dominum
2501 836 2873 907 deprecentur,
2920 839 2966 893 si
2997 838 3147 910 prius
3173 839 3264 896 isti

1670 927 1968 995 conciliati,
2024 941 2182 998 quam
2231 928 2307 983 illi
2361 930 2690 987 reconciliati
2745 932 3000 989 Ecclesia
3041 932 3260 991 fuerint.

1672 1022 1821 1080 Sicut
1850 1023 1965 1081 ﬁeri
1989 1031 2166 1095 potest
2194 1031 2253 1079 ut
2281 1024 2443 1081 etiam
2468 1026 2701 1082 cultores
2725 1026 2985 1083 idolorum
3006 1070 3022 1096 ,
3052 1028 3099 1084 si
3127 1042 3265 1100 quos

1670 1113 1811 1171 forte
1838 1115 2161 1173 christianos
2184 1116 2253 1173 ad
2274 1117 2415 1174 idola
2443 1117 2694 1175 seductos
2721 1126 2991 1190 apostatas
3019 1118 3265 1188 fecerint;

1673 1209 1718 1264 si
1745 1208 1952 1279 priores
1979 1210 2292 1266 seductores
2326 1208 2453 1266 facti
2484 1209 2679 1267 fuerint
2727 1210 3039 1279 christiani,
3071 1222 3125 1268 et
3148 1228 3266 1268 ma-

1672 1317 1836 1374 gnum
1857 1301 2072 1373 aliquod
2097 1302 2343 1358 meritum
2358 1302 2410 1356 in
2433 1302 2672 1358 Ecclesia
2696 1302 2990 1369 consecuti,
3009 1318 3104 1374 per
3124 1303 3269 1374 ipsos

1675 1393 1749 1449 illi
1778 1409 1913 1465 quos
1942 1393 2264 1465 deceperant
2283 1394 2529 1462 redeant,
2551 1410 2647 1465 per
2666 1396 2811 1466 ipsos
2827 1394 3271 1452 commendantur

1675 1496 1731 1543 et
1756 1487 2168 1543 reconcilientur
2195 1488 2419 1544 Domino
2463 1504 2563 1561 per
2588 1504 2724 1561 quos
2748 1490 3064 1547 dimiserant
3089 1490 3273 1547 Domi-

1675 1593 1825 1633 num.
1853 1578 2006 1649 Quod
2054 1579 2198 1635 enim
2227 1580 2368 1636 valet
2392 1581 2459 1636 ad
2489 1582 2793 1638 mandanda
2820 1583 3095 1655 sacrilegia
3122 1581 3269 1640 Gen-

1677 1670 1882 1738 tilium,
1928 1681 2075 1728 recte
2118 1683 2424 1745 perceptum
2470 1685 2858 1732 sacramentum
2889 1675 3266 1748 Baptismatis;

1676 1764 1779 1820 hoc
1806 1765 1943 1822 valet
1966 1766 2035 1822 ad
2079 1765 2382 1823 mandanda
2426 1769 2700 1841 sacrilegia
2731 1768 3190 1826 schismaticorum
3216 1778 3272 1827 et

1677 1856 2079 1927 haereticorum,
2109 1859 2371 1915 veraciter
2398 1860 2732 1931 apprehensa
2773 1861 3002 1919 charitas
3028 1861 3267 1919 unitatis.

1676 1948 2035 2017 Quamobrem
2055 1993 2069 2016 ,
2101 1952 2249 2029 sicut
2265 1948 2576 2008 seductores
2603 1950 2834 2008 ﬁdelium
2861 1952 3270 2011 Christianorum

1677 2043 1954 2099 venientes
1992 2041 2060 2098 ad
2087 2042 2362 2099 Chrismm
2406 2043 2642 2100 seductis
2667 2045 3015 2102 redeuntibus
3057 2062 3271 2118 prmpo-

1680 2145 1896 2201 nuntur,
1932 2135 2075 2191 unde
2101 2134 2186 2190 isti
2216 2143 2268 2190 et
2284 2135 2518 2206 episcopi
2565 2135 2683 2192 ﬁeri
2727 2146 2989 2209 possunt,
3041 2138 3116 2192 illi
3163 2152 3271 2195 non

1679 2237 1900 2299 possunt
1918 2227 2024 2304 (a):
2053 2229 2121 2284 ita
2147 2229 2329 2285 mirari
2347 2245 2450 2285 non
2467 2229 2664 2286 debent
2674 2230 2881 2303 decepti
2901 2231 2969 2287 ab
2983 2232 3269 2300 haereticis,

1679 2321 1894 2394 quando
1920 2321 1988 2377 ad
2016 2320 2345 2378 Catholicam
2380 2322 2634 2390 redeunt,
2678 2338 2804 2379 suos
2832 2324 3144 2395 deceptorcs
3172 2324 3274 2382 sibi

1679 2416 1932 2485 anteponi
1958 2415 2172 2486 quando
2198 2415 2265 2472 ad
2295 2414 2626 2472 Catholicam
2655 2417 2894 2474 veniunt.
2927 2419 3016 2474 Isti
3046 2433 3274 2491 namque

1680 2510 2042 2566 excusabilius
2084 2518 2271 2582 petunt
2296 2527 2416 2581 qum
2444 2512 2542 2567 sibi
2572 2512 2887 2580 defuerunt;
2917 2514 2990 2568 illi
3023 2514 3275 2571 humilius

1680 2611 1929 2674 repetunt
1977 2604 2121 2674 quod
2162 2603 2411 2659 fuerunt:
2443 2605 2573 2660 istos
2629 2604 2999 2662 honorabilius
3026 2606 3113 2661 ubi
3142 2622 3276 2661 non-

1681 2697 1807 2752 dum
1835 2705 2091 2752 steterant
2117 2697 2475 2764 advocamus;
2506 2697 2626 2754 illos
2652 2699 2951 2769 suspectius
2975 2699 3114 2757 unde
3141 2699 3276 2771 lapsi

1682 2789 1891 2846 fuerant
1914 2805 2246 2846 revocamus.

1751 2885 1841 2941 20.
1885 2885 2118 2942 Proinde
2151 2884 2261 2957 jam
2287 2884 2564 2957 pervides,
2602 2892 2662 2941 ut
2687 2885 2876 2957 opinor
2897 2926 2911 2950 ,
2940 2900 3044 2941 non
3077 2885 3276 2945 frustra

1682 2993 1770 3035 me
1794 2977 1992 3034 dixisse
2022 2976 2430 3045 Donatistarum,
2462 2977 2569 3045 vel,
2598 2985 2658 3033 ut
2681 2986 2734 3033 tu
2775 2978 2944 3033 mavis
2964 3019 2980 3045 ,
3026 2976 3277 3032 Donatio-

1682 3085 1883 3138 norunt,
1916 3070 2268 3131 hereticorum
2295 3070 2599 3143 sacrilegum
2638 3084 2859 3126 errorem
2885 3068 3068 3138 (Initio
3119 3070 3209 3126 lib.
3243 3070 3272 3129 ί

1681 3172 1858 3218 contra
1886 3159 2105 3216 Litteras
2132 3160 2405 3229 Petiliani,
2431 3180 2485 3217 n.
2517 3160 2607 3235 1),
2636 3162 2681 3218 si
2730 3170 2783 3219 ct
2811 3163 2878 3217 ab
2903 3161 3141 3218 Ecclesia
3183 3177 3277 3218 ca-

1684 3253 1880 3310 tholica
1905 3252 2203 3309 dissentitis
2222 3296 2237 3321 ,
2267 3261 2322 3309 et
2348 3269 2467 3324 quae
2497 3269 2604 3310 una
2636 3263 2794 3325 atque
2821 3253 3005 3309 eadem
3039 3253 3277 3315 fatemini

1681 3344 2027 3402 Sacramenta
2055 3344 2363 3400 rescinditis
2392 3362 2404 3397 :
2434 3360 2533 3400 nec
2562 3353 2736 3400 tamen
2763 3345 2879 3400 sine
2905 3345 3055 3399 venia
3083 3346 3165 3400 vel
3196 3346 3278 3399 in-

1681 3439 1949 3497 sanabiles
1992 3439 2122 3493 estis
2160 3437 2545 3497 miscricordizc
2607 3438 2731 3506 Dei;
2786 3439 2907 3510 quia
2947 3439 3278 3499 discordioso

1682 3545 1868 3587 errore
1893 3529 2171 3602 deposito,
2213 3527 2279 3586 ad
2306 3529 2623 3585 catholicam
2671 3531 2950 3587 veritatem
2988 3546 3279 3605 pacemque

1682 3623 1947 3690 conversi,
1971 3637 2068 3693 per
2087 3620 2283 3678 donum
2308 3621 2423 3693 ejus
2458 3622 2753 3697 proprium,
2784 3622 2884 3683 hoc
2909 3632 3011 3689 est,
3035 3632 3279 3680 sanctum

1683 3716 1801 3786 ejus
1830 3714 2114 3787 Spiritum,
2142 3728 2241 3786 per
2269 3729 2427 3786 quem
2465 3713 2779 3773 diffunditur
2806 3714 3039 3771 charitas
3081 3716 3133 3772 in
3161 3731 3281 3772 cor-

1682 3808 1840 3865 dibus
1868 3808 2100 3876 nostris,
2133 3806 2378 3863 mundari
2420 3808 2703 3880 sanarique
2739 3808 2983 3879 poteritis
3012 3827 3025 3863 :
3072 3824 3177 3864 non
3222 3818 3282 3867 ut

1684 3900 2030 3957 destruantur
2051 3899 2104 3955 in
2129 3899 2282 3955 vobis
2306 3898 2560 3959 Ecclesiae
2574 3898 2920 3955 Sacramenta
2938 3944 2952 3967 ,
2971 3917 3088 3974 qua)
3110 3902 3281 3958 aliena

1685 3996 1988 4069 perniciose
2017 3996 2146 4053 foris
2184 3995 2492 4065 habebatis,
2521 3997 2616 4055 sed
2647 4005 2706 4053 ut
2755 4012 2819 4054 ea
2865 3999 2975 4070 ipsa
3005 3998 3145 4054 intus
3169 3995 3281 4069 jam

1683 4099 1861 4147 vestra
1896 4089 2182 4146 salubriter
2212 4089 2474 4146 habeatis.

1756 4180 1982 4237 CAPUT
2008 4179 2337 4235 XVll.—Qi.
2361 4178 2511 4235 Nunc
2531 4178 2807 4235 videamus
2827 4178 3277 4252 quemadmodum

1686 4274 1971 4337 ostendas,
2010 4282 2157 4329 recte
2193 4272 2393 4328 dixisse
2435 4271 2756 4329 Petilianum
2782 4315 2798 4340 ,
2854 4272 2937 4328 vel
2988 4271 3283 4344 quemlibet

1686 4370 1846 4424 alium
1867 4410 1882 4437 ,
1911 4365 2230 4423 Conscientia
2254 4375 2425 4420 sancte
2445 4365 2613 4420 dantis
2646 4364 2943 4433 attenditur,
2969 4381 3082 4437 qua:
3109 4364 3281 4421 abluat

1687 4460 2001 4531 accipientis.
2041 4456 2138 4515 Ubi
2165 4473 2268 4530 ego
2297 4456 2406 4512 dixi
2440 4476 2452 4512 :
2490 4456 2628 4526 Quid
2653 4500 2667 4526 ,
2702 4458 2746 4513 si
2781 4459 2934 4512 lateat
2959 4457 3126 4512 dantis
3155 4473 3279 4512 con-

1686 4553 1899 4613 scientia
1919 4594 1935 4620 ,
1970 4560 2018 4608 et
2050 4554 2265 4626 fortasse
2290 4551 2549 4608 maculosa
2573 4551 2683 4608 sit?
2705 4550 2957 4624 quomodo
2983 4551 3163 4623 poterit
3188 4567 3280 4604 ac-

1685 4646 1915 4720 cipientis
1940 4646 2144 4703 abluere
2184 4645 2539 4702 conscientiam
2580 4641 2742 4718 (Ibid.
2768 4662 2820 4699 n.
2843 4642 2903 4714 2)
2924 4643 2947 4697 ?
2970 4643 3048 4698 Tu
3071 4650 3278 4711 contra,

1688 4756 1798 4797 non
1815 4740 1939 4812 quid
1959 4755 1992 4796 a
2011 4751 2065 4798 te
2089 4740 2308 4796 homine
2327 4748 2504 4807 acuto,
2524 4738 2620 4796 sed
2639 4738 2764 4811 quid
2782 4754 2812 4795 a
2834 4737 3022 4795 veStris
3047 4736 3277 4804 dicatur,

1686 4830 1778 4889 diu
1799 4832 2006 4889 locutus
2018 4846 2100 4899 es,
2118 4830 2259 4903 quod
2283 4839 2449 4887 totum
2462 4830 2697 4887 breviter
2714 4830 2784 4884 ita
2797 4828 2900 4883 dici
2921 4836 3098 4901 potest
3121 4848 3133 4882 :
3150 4827 3282 4884 Con-

1687 4925 1895 4982 scientia
1914 4924 2081 4978 dantis
2105 4925 2379 4979 attenditur
2401 4967 2417 4993 ,
2444 4941 2544 4979 non
2569 4923 2841 4979 secundum
2870 4923 2979 4992 ejus
3021 4923 3284 4977 sincerita-

1688 5027 1934 5087 tem,qua:
1953 5018 2008 5072 in
2029 5015 2123 5071 illa
2151 5015 2309 5071 videri
2338 5033 2436 5072 non
2464 5024 2655 5088 potest,
2681 5015 2769 5070 sed
2793 5016 3066 5071 secundum
3090 5019 3282 5087 [omam

1686 5128 1800 5181 qui?
1835 5111 1899 5165 de
1923 5111 2017 5166 illa
2047 5126 2136 5166 seu
2159 5126 2276 5165 vera
2300 5126 2389 5165 seu
2416 5109 2548 5180 falsa
2574 5120 2647 5165 est
2681 5126 2699 5164 :
2729 5110 2852 5181 quia
2892 5110 3139 5166 videlicet
3166 5109 3282 5179 ejus

1686 5212 1771 5260 est
1799 5202 2068 5269 hominis,
2110 5204 2197 5272 qui
2237 5202 2337 5259 etsi
2367 5203 2657 5258 sceleratus
2696 5202 2939 5259 occultus
2966 5203 3063 5269 sit,
3091 5201 3282 5259 suiticit

1688 5295 1969 5367 accipienti
1995 5295 2138 5365 quod
2168 5296 2323 5351 bona:
2357 5295 2428 5350 sit
2453 5295 2860 5351 existimationis
2885 5340 2898 5359 ,
2928 5296 3160 5353 nondum
3191 5309 3283 5349 co-

1686 5388 1894 5460 gnitus,
1926 5385 2165 5442 nondum
2190 5385 2493 5457 judicatus,
2538 5387 2771 5444 nondum
2812 5389 2881 5444 ab
2911 5387 3144 5444 Ecclesia
3192 5401 3282 5441 se~

1687 5490 1924 5552 paratus.
1949 5478 2116 5544 Vide,
2141 5478 2364 5537 obsecro
2391 5490 2442 5537 te
2459 5523 2473 5547 ,
2507 5480 2559 5536 in
2588 5480 2727 5552 quod
2758 5481 3105 5552 praecipitium
3132 5492 3281 5533 com-

1687 5574 1880 5646 pulerit
1901 5573 2147 5628 homines
2168 5575 2410 5644 angustia
2443 5592 2546 5631 non
2578 5574 2879 5633 inveniendi
2907 5588 3009 5645 qua
3049 5571 3279 5629 exirent.

1749 5689 1826 5756 (a)
1835 5686 1954 5741 vide
1967 5686 2225 5751 Epistulam
2244 5685 2355 5750 245,
2374 5695 2491 5741 tom.
2517 5688 2563 5740 2.
