3812 6166
931 221 1101 240 -ο-’ν-ιἺ.

509 242 618 307 479
899 228 916 253 ‘

509 367 658 423 Itane
681 363 856 420 dantis
881 361 1150 419 maculosa
1173 357 1499 415 conscientia
1521 357 1897 412 conscientiam
1921 363 2098 426 potest

506 458 814 530 accipientis
840 455 1058 512 abluere
1082 495 1097 522 ,
1127 453 1172 508 si
1200 451 1392 508 habeat
1418 450 1613 506 famam
1643 449 1836 504 bonam
1857 490 1871 516 ,
1901 458 1955 504 et
1982 456 2098 502 tan-

506 559 618 606 tum
644 548 710 605 ad
739 546 1061 604 abluendum
1089 543 1285 616 poterit
1326 552 1583 615 quantum
1612 542 1750 598 bona
1771 583 1786 608 ,
1833 541 1877 596 si
1904 540 2096 596 bonam

503 642 701 698 famam
727 639 958 696 fallendo
980 637 1348 694 contraxerit?
1374 635 1617 692 Attendis
1645 633 1772 706 quid
1788 633 2014 700 dicatur,
2044 641 2099 688 et

502 737 584 792 vis
604 736 715 807 jam
742 743 1123 806 praetereamus
1149 731 1290 786 hunc
1311 731 1486 786 locum
1504 771 1519 796 ,
1542 743 1608 783 an
1634 727 1736 782 hoc
1763 726 1902 782 idem
1925 725 2097 781 adhuc

501 825 758 894 versabo,
783 834 842 881 ut
883 823 1185 895 diligentius
1209 821 1417 892 cogaris
1463 817 1780 874 attendere?
1805 816 2095 872 Petilianus

503 918 636 975 dixit
667 935 681 972 :
710 916 1025 972 Conscientia
1062 923 1234 969 sancte
1260 912 1432 966 dantis
1458 910 1752 975 attenditur,
1782 924 1896 980 qua:
1924 907 2098 962 abluat

500 1011 814 1083 accipientis.
843 1009 956 1080 Ego
981 1007 1089 1064 dixi
1126 1027 1138 1061 :
1171 1006 1306 1075 Quid
1327 1048 1341 1072 ,
1369 1006 1414 1060 si
1444 1004 1596 1058 lateat
1626 1003 1796 1058 dantis
1834 1003 2098 1056 conscien-

502 1104 575 1158 tia
595 1145 611 1171 ,
642 1112 690 1157 et
717 1106 933 1174 fortasse
952 1100 1211 1154 maculosa
1231 1097 1342 1152 sit?
1367 1095 1618 1168 quomodo
1638 1095 1818 1166 poterit
1838 1093 2094 1164 accipien-

504 1196 570 1250 tis
598 1195 801 1250 abluere
837 1189 1236 1249 conscientiam?
1266 1188 1343 1243 Tu
1364 1231 1379 1257 ,
1411 1188 1497 1242 vel
1539 1187 1714 1257 potius
1742 1185 1902 1240 vestri
1946 1183 2096 1240 dixe-

503 1298 650 1358 runt,
680 1288 828 1360 (nam
855 1296 911 1342 tu
935 1285 1016 1341 vir
1046 1285 1162 1340 talis
1191 1280 1404 1354 quando
1429 1281 1530 1336 ista
1556 1277 1829 1348 dixisses?)
1856 1275 2097 1343 Quamvis

505 1381 688 1436 habeat
734 1379 1092 1434 conscientiam
1137 1377 1482 1440 maculosam;
1529 1371 1653 1425 mihi
1692 1382 1889 1436 tamen,
1923 1370 2008 1441 qui
2033 1368 2096 1423 ab

504 1490 564 1528 eo
591 1473 838 1544 baptizor,
865 1472 986 1541 quia
1017 1471 1136 1525 latet
1165 1478 1211 1524 et
1239 1467 1404 1522 nescio
1427 1508 1441 1531 ,
1469 1466 1646 1536 stt/ﬁcit
1669 1465 1804 1536 quod
1827 1463 1890 1518 ab
1919 1480 1979 1518 eo
2003 1480 2095 1518 ac-

504 1567 667 1638 cipio,
695 1566 838 1637 cujus
862 1565 1205 1626 innocentem,
1238 1559 1356 1631 quia
1381 1559 1434 1612 in
1455 1557 1684 1612 Ecclesia
1710 1565 1810 1624 est,
1842 1556 2095 1611 conscien-

505 1659 630 1714 tiam
660 1667 803 1729 puto.
835 1654 974 1710 Nam
1003 1655 1148 1719 ideo,
1201 1650 1404 1722 inquis,
1436 1647 1791 1702 conscientiam
1819 1646 1987 1700 dantis
2013 1656 2094 1699 at-

503 1749 655 1804 tendo
673 1788 688 1814 ,
717 1763 817 1802 non
844 1755 927 1813 ut,
956 1744 1090 1812 quod
1119 1742 1230 1813 ﬁeri
1273 1757 1375 1794 non
1402 1746 1596 1810 potest,
1628 1737 1690 1791 de
1719 1736 1983 1791 latentibus
1998 1736 2094 1806 ju-

502 1840 696 1908 dicem,
724 1840 811 1895 sed
837 1848 888 1892 ut
918 1839 961 1893 si
985 1836 1106 1908 quid
1122 1835 1185 1890 de
1204 1835 1292 1888 illo
1314 1833 1366 1887 in
1393 1831 1593 1902 publica
1630 1830 1937 1884 conscientia
1962 1839 2034 1883 est
2053 1831 2091 1894 ',

498 1951 603 1990 non
648 1934 892 2004 ignorem.
929 1929 1146 2002 PrOpter
1191 1928 1284 1982 hoc
1326 1925 1460 1980 enim
1508 1923 1570 1977 ab
1615 1923 1954 1992 omnipotente
1987 1919 2095 1975 Deo

505 2025 693 2079 dictum
715 2031 817 2090 est,
851 2020 1008 2086 «Quae
1036 2028 1155 2074 nota
1182 2026 1318 2084 sunt,
1339 2015 1473 2070 vobis
1495 2009 1650 2085 {quae
1677 2011 1895 2079 occulta,
1923 2011 2047 2065 mihi
2068 2029 2089 2064 ι

509 2114 683 2188 (Deut.
714 2130 846 2169 χχιχ
868 2154 883 2180 ,
909 2110 1027 2184 ‘29).
1087 2109 1303 2179 Semper
1330 2106 1485 2178 igitur
1509 2101 1714 2159 attendo
1738 2103 2095 2158 conscientiam

497 2209 698 2274 dantis;
718 2216 764 2261 et
793 2207 911 2277 quia
934 2206 1098 2276 ipsam
1123 2218 1224 2257 non
1263 2200 1438 2266 video,
1467 2196 1590 2268 quid
1618 2197 1681 2251 de
1703 2212 1761 2251 ea
1799 2196 1852 2250 in
1896 2196 2095 2265 publico

496 2314 671 2360 notum
692 2312 764 2358 est
784 2345 799 2368 ,
825 2316 1017 2371 quer.
1047 2295 1158 2352 Nec
1183 2295 1252 2349 ad
1289 2310 1396 2348 rem
1421 2292 1667 2362 pertinet,
1710 2290 1756 2344 si
1783 2289 1930 2343 aliud
1952 2289 2017 2343 sit
2041 2290 2094 2344 in

494 2406 686 2452 secreta
708 2393 1010 2448 conscientia
1031 2433 1046 2460 ,
1074 2388 1220 2443 aliud
1249 2387 1301 2441 in
1332 2385 1534 2457 publica
1557 2387 1716 2455 fama.
1742 2381 1941 2454 Sufficit
1961 2383 2095 2436 enim

494 2489 648 2543 scisse
668 2487 786 2558 quia
814 2483 1027 2540 necdum
1054 2482 1164 2552 ejus
1187 2495 1219 2534 a
1242 2491 1341 2549 quo
1361 2475 1552 2547 accipio
1574 2476 1816 2530 damnata
1836 2473 2094 2528 conscien-

495 2579 567 2633 tia
590 2586 680 2633 est.

565 2669 793 2727 CAPUT
814 2667 995 2724 XVIII.
1013 2665 1185 2720 —2§.
1205 2663 1468 2733 Eeceipsa
1488 2660 1651 2718 verba
1672 2669 1761 2716 tua
1779 2659 1952 2731 posui,
1973 2659 2093 2730 qui-

494 2764 595 2822 bus
624 2773 674 2820 tc
701 2762 882 2820 dicere
906 2744 1249 2816 ostenderem
1269 2799 1285 2824 ,
1319 2754 1460 2828 quod
1487 2753 1620 2810 meis
1645 2752 1826 2809 verbis
1862 2753 2095 2808 breviter

496 2863 788 2926 aperteque
837 2850 1146 2922 complexus
1192 2863 1343 2916 sum,
1375 2845 1516 2917 quod
1560 2843 1626 2900 ad
1657 2843 1760 2900 hoc
1786 2843 2094 2899 attendatur

497 2945 763 3002 abluentis
787 2943 1110 3000 conscientia
1129 2983 1146 3008 ,
1173 2949 1233 2996 ut
1280 2955 1399 3009 quae
1427 2937 1495 2993 de
1523 2937 1608 2992 illa
1638 2937 1777 2991 fama
1803 2936 1873 2990 sit
1899 2951 2096 3007 cogno-

497 3046 702 3096 scatur.
749 3035 866 3091 Non
911 3050 1038 3106 ergo
1077 3034 1190 3106 ipsa
1235 3029 1544 3094 attenditur,
1588 3027 1751 3083 homo
1790 3027 1960 3092 bone,
1987 3042 2093 3083 non

504 3129 620 3202 ipsa
645 3127 936 3184 attenditur
960 3140 1080 3196 qua:
1117 3122 1286 3179 videri
1320 3136 1426 3177 non
1473 3126 1648 3191 potest
1674 3136 1687 3172 :
1718 3117 1812 3174 sed
1846 3119 1986 3174 fama
2015 3127 2096 3174 at-

499 3219 760 3285 tenditur,
793 3232 914 3288 quae
942 3216 1102 3272 etiam
1132 3214 1264 3269 falsa
1290 3227 1410 3268 esse
1441 3209 1797 3282 potest,quod
1823 3209 1938 3280 ipse
1966 3224 2096 3265 con-

499 3311 670 3368 literis
711 3317 872 3381 atque
913 3305 1184 3364 concedis.
1215 3303 1349 3360 Nam
1377 3313 1431 3359 et
1457 3310 1511 3357 tu
1540 3300 1719 3357 vidisti
1765 3300 2095 3356 maculosum

502 3403 887 3462 conscientiam
933 3416 1041 3458 non
1083 3400 1266 3455 valere
1294 3397 1360 3452 ad
1404 3394 1749 3451 abluendum.
1801 3393 1916 3448 Non
1965 3407 2095 3463 ergo

499 3497 824 3557 conscientia
854 3504 1038 3552 sancte
1066 3491 1240 3548 dantis
1269 3487 1595 3554 attenditur,
1624 3501 1744 3556 qua:
1795 3485 1976 3540 abluat
2000 3498 2093 3539 ae-

499 3589 784 3662 cipientis;
821 3585 916 3643 sed
953 3584 1090 3640 fama
1119 3597 1222 3654 qua
1268 3588 1481 3651 putatur
1506 3585 1692 3633 sancte
1721 3575 1881 3642 dare,
1933 3573 2095 3628 etiam

501 3685 596 3756 qui
623 3690 808 3740 sancte
831 3695 939 3736 non
967 3678 1086 3743 dat,
1111 3686 1167 3733 et
1190 3684 1408 3748 putatur
1426 3672 1642 3727 abluere
1662 3670 1753 3742 qui
1780 3685 1885 3725 non
1907 3667 2092 3723 abluit.

501 3775 687 3833 Abluit
727 3787 856 3844 ergo
902 3769 1250 3840 accipientem
1294 3763 1420 3820 mali
1465 3762 1696 3817 hominis
1735 3761 1874 3814 fama
1922 3759 2093 3824 bona,

502 3883 613 3926 non
638 3867 803 3938 ipsius
823 3864 998 3920 dantis
1024 3860 1225 3932 polluta
1250 3856 1596 3913 conscientia.
1622 3854 1730 3910 Cur
1748 3867 1875 3923 ergo
1896 3851 2096 3908 dictum

502 3966 620 4023 est,
666 3954 982 4012 Conscientia
1009 3960 1182 4008 sancte
1217 3949 1385 4002 dantis
1432 3945 1726 4012 attenditur,
1771 3959 1884 4014 quae
1926 3943 2098 3998 abluat

504 4048 795 4121 accipientis
825 4062 844 4101 :
873 4044 973 4101 nisi
1018 4043 1139 4114 quia
1185 4056 1292 4097 non
1320 4038 1488 4094 abluit
1511 4037 1853 4107 accipientis,
1901 4035 1945 4091 si
1991 4049 2098 4090 non

503 4150 588 4199 est
607 4138 932 4197 conscientia
953 4143 1135 4192 sancte
1154 4132 1369 4189 dantis?
1389 4131 1444 4187 Si
1468 4129 1733 4185 maculosa
1754 4136 1807 4184 et
1827 4127 2100 4182 immunda

503 4242 620 4302 est,
665 4230 791 4303 quid
819 4244 946 4300 ergo
976 4236 1100 4283 tunc
1137 4223 1462 4280 attenditur?
1488 4221 1635 4292 Ipsa,
1667 4221 1876 4292 inquis,
1921 4228 2098 4274 atten-

504 4325 669 4391 ditur,
697 4337 819 4379 cum
845 4320 987 4376 fama
1017 4319 1134 4390 ejus
1161 4315 1483 4381 attenditur;
1512 4322 1564 4370 et
1587 4314 1630 4368 si
1658 4312 1797 4368 bona
1827 4319 1909 4368 est
1935 4311 2096 4378 fama,

505 4416 641 4473 nihil
667 4416 890 4471 interest
916 4411 983 4468 ad
1012 4407 1334 4466 abluendum
1362 4405 1744 4478 accipientem,
1779 4404 1939 4459 etiam
1975 4417 2097 4458 cum

501 4517 589 4565 est
615 4507 754 4563 mala
784 4502 1110 4563 conscientia
1132 4543 1146 4570 ,
1175 4500 1268 4556 sed
1289 4497 1456 4555 abluit
1476 4496 1615 4552 bona
1637 4495 1752 4566 ejus
1777 4493 1935 4549 fama.
1971 4493 2097 4561 Dic,

503 4614 636 4672 rogo
654 4608 725 4664 te,
751 4611 872 4652 cum
898 4593 1034 4650 mala
1056 4591 1381 4650 conscientia
1399 4599 1482 4644 est
1502 4630 1517 4655 ,
1540 4601 1666 4643 vera
1692 4594 1775 4641 est
1798 4585 1937 4641 bona
1961 4583 2099 4638 fama

503 4677 708 4764 ejus'an
740 4689 870 4746 falsa
891 4688 915 4740 ?
939 4682 1308 4758 proculdubio
1336 4681 1516 4752 utique
1538 4679 1691 4733 falsa.
1713 4676 1946 4733 Proinde
1976 4689 2100 4731 cum

507 4787 647 4841 bona
677 4799 783 4840 non
809 4790 891 4838 est
911 4823 924 4848 ,
953 4787 1009 4836 et
1031 4775 1238 4833 occulta
1264 4783 1345 4829 est
1371 4772 1547 4828 dantis
1573 4769 1906 4827 conscientia
1925 4810 1941 4836 ,
1970 4781 2102 4838 quo—

506 4875 798 4933 modolibct
861 4887 980 4930 eam
1037 4869 1130 4926 tibi
1177 4865 1407 4923 videaris
1451 4862 1760 4930 attendere,
1807 4859 2099 4918 secundum

507 4970 648 5025 hanc
673 4965 991 5021 sententiam
1012 5005 1026 5030 ,
1051 4976 1156 5017 non
1183 4958 1354 5014 abluit
1379 4956 1725 5026 accipientem
1753 4971 1767 5021 ;
1798 4954 1898 5010 nisi
1927 4953 2103 5010 dantis

507 5069 602 5116 aut
671 5058 811 5112 fama
869 5055 1031 5120 falsa,
1098 5061 1187 5108 aut
1230 5049 1431 5124 polluta
1493 5048 1840 5105 conscientia.
1881 5046 2102 5103 Utrum-

508 5166 615 5224 que
637 5151 882 5205 insanum
911 5156 992 5202 est
1025 5165 1037 5202 :
1067 5146 1112 5202 si
1140 5155 1191 5201 te
1233 5143 1357 5199 talia
1386 5141 1686 5208 delectant,
1731 5148 1787 5195 tu
1813 5139 1946 5211 elige
1974 5136 2101 5211 quid

508 5244 583 5302 sit
608 5243 868 5298 insanius.
900 5239 1068 5295 Porro
1111 5238 1232 5310 quia
1265 5236 1459 5292 veritas
1486 5249 1590 5290 non
1621 5231 1853 5288 admittit
1879 5238 1936 5286 ut
1963 5229 2103 5286 acci-

509 5336 709 5411 pientis
731 5332 1112 5392 conscientiam
1140 5329 1222 5386 vel
1251 5329 1380 5384 falsa
1407 5327 1543 5399 fama
1574 5325 1749 5382 dantis
1775 5324 1984 5391 abluat,
2017 5321 2103 5377 vel

512 5430 717 5505 polluta
734 5424 1058 5484 conscientia
1079 5441 1093 5489 ;
1119 5429 1285 5478 restat
1300 5429 1357 5476 ut
1375 5420 1470 5476 abs
1491 5429 1541 5475 te
1559 5419 1716 5474 etiam
1734 5416 2067 5486 requiramus
2084 5455 2101 5482 ,

513 5521 659 5597 quod
685 5530 740 5579 et
763 5519 833 5577 ibi
862 5516 1204 5591 quaesivimus
1232 5513 1504 5587 (quoniam
1548 5512 1686 5568 sicut
1714 5508 1842 5566 dicit
1885 5506 2104 5564 Petilia-

513 5760 538 5840 Ῐ
580 5699 596 5730 ³
619 5695 754 5811 aditi,
776 5696 827 5749 in
851 5693 1041 5762 publica
1063 5693 1194 5759 [ante
1218 5690 1290 5745 vel
1311 5689 1596 5744 conscientia
1610 5694 1695 5743 est.
1717 5693 1771 5740 At
1787 5693 1894 5742 Mss.
1917 5689 2104 5747 carent,

533 5772 646 5816 ama
666 5771 722 5812 ve
743 5795 756 5812 .

533 5771 646 5816 ama
666 5771 756 5812 vet.

1256 236 1528 301 CONTRA
1570 237 2002 298 CRESCONIUM
2045 233 2495 309 DONA'IISTM‘I,
2538 240 2595 296 S.
2639 238 3006 299 AUGUSTINI
3725 245 3790 304 ιι

2207 370 2307 410 nus
2346 355 2428 411 vel
2458 356 2682 426 quilibet
2722 357 2891 425 alius,
2936 355 3395 415 consentientibus
3441 358 3646 430 vobis,
3701 379 3790 424 cun

2204 456 2387 502 sancte
2423 447 2599 502 dantis
2645 448 2969 504 conscientia
3000 459 3114 517 est,
3163 450 3214 506 id
3263 461 3514 518 cst,cum
3568 453 3723 509 bona
3765 473 3790 512 ε

2204 536 2399 592 munda
2445 539 2768 595 conscientia
2797 549 2914 606 est,
2959 539 3127 596 abluit
3161 541 3475 613 accipientis
3523 549 3790 603 conseiea

2204 629 2390 699 tiam),
2422 630 2561 686 unde
2584 631 2830 687 abluatur
2853 632 3119 703 accipiens
3143 676 3158 700 ,
3204 635 3416 706 quando
3444 635 3591 693 latet
3639 640 3790 697 danti

2205 721 2475 776 maculosa
2505 722 2848 778 conscientia.
2871 723 3006 780 Putre
3027 726 3166 781 enim
3193 725 3302 797 jam
3329 743 3436 784 non
3465 737 3520 785 te
3550 732 3789 801 repetita

2205 826 2324 866 rum
2350 820 2510 882 atque
2539 813 2801 869 dicturum
2823 855 2838 880 ,
2857 815 2999 887 quod
3019 816 3306 887 impleatin
3330 819 3613 877 abluendo
3637 823 3790 881 vicet:

2203 903 2548 961 conscientia:
2574 905 2729 962 bonae
2756 906 2894 963 fama
2919 908 3034 979 ejus
3060 908 3188 966 falsa
3217 910 3356 967 bona
3390 931 3402 967 :
3429 913 3642 970 sufﬁcit
3669 921 3790 986 quod

2203 994 2307 1051 hoc
2351 1003 2589 1065 vestros,
2640 1011 2744 1052 non
2775 1007 2861 1065 te,
2911 997 3092 1056 dicere
3136 1003 3431 1058 asseruisti.
3477 1003 3718 1061 Illorum
3765 1019 3790 1066 tt

2203 1087 2432 1159 pudeat,
2483 1105 2590 1146 non
2619 1091 2778 1146 etiam
2809 1092 2904 1147 tui.
2937 1092 3122 1150 Restat
3147 1110 3274 1168 ergo
3301 1104 3356 1152 ut
3384 1107 3508 1152 tunc
3544 1099 3637 1154 vel
3673 1099 3790 1158 Dem

2203 1181 2285 1236 vel
2328 1183 2606 1255 quisquam
2632 1194 2848 1241 sanctus
2872 1187 3092 1258 angelus
3115 1188 3314 1244 abluat.
3346 1189 3500 1259 Quod
3525 1193 3579 1247 si
3610 1192 3790 1250 dixeri

2203 1274 2303 1343 tis,
2351 1275 2440 1331 illa
2475 1276 2742 1334 horrenda
2787 1287 3144 1350 consequetur
3171 1280 3508 1351 ahsurditas,
3539 1299 3714 1355 quam
3761 1285 3790 1342 it

2202 1365 2291 1420 illa
2317 1367 2540 1434 epistola
2566 1383 2684 1425 mea
2712 1380 3184 1427 commemoratam
3215 1369 3350 1445 (Lib.
3379 1375 3404 1429 l
3434 1385 3626 1428 contra
3651 1375 3790 1430 Litte

2200 1473 2286 1512 ras
2332 1457 2594 1527 Petiliani,
2639 1478 2692 1515 n.
2725 1460 2816 1532 7),
2850 1477 2955 1517 non
2987 1461 3110 1518 dico
3140 1462 3322 1519 videre
3371 1465 3598 1521 noluisti
3626 1507 3640 1531 ,
3687 1469 3790 1538 quid

2201 1563 2420 1619 prorsus
2448 1565 2554 1606 non
2581 1552 2800 1623 attigisti
2826 1569 2840 1618 ;
2882 1553 2976 1609 sed
3022 1562 3171 1609 tanto
3199 1557 3457 1612 attentius
3485 1559 3790 1631 acutinsqaa

2199 1640 2413 1710 vidisti,
2445 1652 2645 1714 quanto
2675 1646 2842 1716 magis
2866 1646 3128 1717 attingere
3158 1648 3396 1705 timuisti.
3428 1649 3486 1706 Si
3524 1652 3681 1708 enim
3711 1654 3790 1712 hoc

2201 1731 2406 1798 dicitis,
2438 1734 2578 1805 quod
2606 1751 2725 1791 cum
2756 1747 2972 1793 sanctus
2998 1737 3157 1794 homo
3181 1739 3411 1810 baptizat
3434 1783 3450 1809 ,
3475 1753 3673 1799 sancta
3695 1746 3790 1814 ejut

2199 1826 2526 1881 conscientia
2554 1827 2705 1883 diluit
2729 1831 3040 1900 accipientis
3065 1833 3446 1889 conscientiam
3470 1876 3485 1902 ,
3518 1851 3652 1892 cum
3679 1852 3790 1894 veru

2199 1918 2528 1975 conscientia
2573 1921 2748 1978 (lautis
2792 1923 3019 1979 latenter
3048 1925 3319 1980 immunda
3350 1936 3468 1994 est,
3501 1941 3639 1986 tunc
3669 1931 3790 1989 Deut

2200 2009 2488 2080 angelusvc
2515 2011 2683 2067 abluit
2717 2031 2729 2067 :
2758 2025 2941 2070 cavete
2973 2031 3040 2070 ne
3066 2015 3155 2086 qui
3183 2017 3334 2072 vobis
3359 2017 3474 2074 lucc
3496 2019 3790 2080 dicentibus

2200 2101 2458 2167 credunt,
2483 2104 2724 2160 occultos
2753 2107 2922 2162 malos
2947 2116 3132 2176 optent
3157 2109 3398 2164 invenire
3420 2126 3451 2166 a
3483 2112 3690 2183 quibus
3717 2113 3790 2168 ba-

2199 2192 2487 2263 ptizeutur,
2535 2203 2590 2250 ut
2633 2197 2802 2252 multo
2840 2197 3075 2253 sanctius
3100 2199 3168 2254 ab
3214 2201 3329 2270 ipso
3355 2201 3466 2258 Deo
3492 2204 3580 2260 vel
3614 2206 3790 2276 angelo

2199 2281 2316 2351 ejus
2359 2284 2662 2340 abluantur.
2711 2286 2859 2343 IIanc
2889 2288 3269 2345 absurditatem
3316 2291 3400 2347 vel
3447 2293 3790 2352 deridendam

2199 2374 2282 2429 vel
2312 2373 2678 2432 detestandam
2704 2393 2824 2434 cum
2847 2380 3024 2436 verbis
3052 2383 3066 2413 ¹
3092 2383 3520 2452 prtecedcntibus
3554 2386 3790 2445 Petiliani

2197 2467 2530 2536 perspiceres
2574 2481 2965 2542 consequenter
3007 2481 3061 2529 et
3088 2489 3119 2529 a
3167 2490 3253 2531 me
3301 2475 3353 2531 in
3399 2478 3630 2548 epistola
3682 2495 3789 2536 mea

2197 2569 2705 2631 commemoratam,
2752 2574 2903 2618 caute
2931 2573 2986 2619 tu
3017 2565 3230 2636 quidem
3262 2568 3412 2638 quasi
3439 2568 3580 2624 nihil
3609 2570 3785 2627 horum

2197 2648 2456 2719 dixerim,
2489 2668 2602 2708 rem
2650 2663 2850 2710 tantam
2900 2656 3158 2712 silentiam
3191 2659 3416 2727 putasti;
3460 2659 3558 2716 sed
3607 2663 3785 2718 contu-

2197 2741 2320 2812 gisti
2349 2743 2416 2797 ad
2440 2745 2622 2801 nescio
2649 2747 2774 2817 quid
2801 2749 3106 2817 absurdius,
3127 2760 3188 2806 ut
3206 2766 3329 2807 cum
3355 2754 3635 2809 maculosa
3663 2772 3782 2812 con-

2197 2838 2420 2894 scientia
2449 2840 2627 2895 dantis
2647 2843 2853 2898 occulta
2883 2852 2985 2911 est,
3017 2853 3072 2899 ct
3114 2844 3236 2901 ideo
3279 2861 3384 2910 non
3429 2855 3608 2918 potest
3653 2852 3781 2906 acci-

2199 2931 2393 3001 pientis
2418 2932 2635 2989 abluere
2655 2976 2669 2999 ,
2701 2943 2824 2990 tunc
2851 2933 2981 2991 falsa
3015 2935 3151 2992 fama
3173 2937 3288 3008 ejus
3314 2939 3587 3010 accipiens
3611 2941 3780 2998 ablua-

2198 3032 2307 3090 tur,
2336 3033 2390 3080 et
2419 3025 2468 3079 in
2497 3041 2562 3081 eo
2593 3027 2868 3083 veritatem
2899 3027 3103 3085 falsitas
3129 3043 3398 3101 operetur.
3485 3033 3492 3042 '

2269 3115 2356 3170 25.
2411 3115 2563 3172 Nunc
2613 3119 2708 3186 ιι,
2739 3128 2793 3175 et
2849 3135 3040 3177 accusa
3096 3122 3424 3180 ealumniose
3471 3126 3779 3197 dialecticos,

2197 3208 2337 3280 quod
2379 3209 2620 3281 fugienda
2649 3213 2866 3266 versutia
2902 3215 3148 3268 sermonis
3191 3215 3430 3286 eﬂiciant,
3456 3219 3582 3272 utsi
3608 3220 3780 3289 falsum

2198 3310 2300 3366 est,
2327 3317 2495 3356 verum
2521 3303 2622 3367 sit;
2646 3304 2690 3357 si
2718 3318 2887 3358 verum
2916 3315 3021 3370 est,
3051 3306 3239 3375 falsum
3264 3309 3349 3362 sit.
3386 3309 3522 3366 Ecce
3548 3311 3654 3367 tale
3689 3313 3778 3366 ali-

2198 3394 2324 3464 quid
2375 3395 2489 3464 ipse
2541 3395 2591 3450 in
2639 3395 2982 3453 Sacramenta
3027 3397 3330 3456 christiana:
3373 3404 3776 3472 regenerationis

2200 3486 2606 3555 immittis,imo
2647 3488 2799 3560 pejus
2836 3491 3111 3562 magisque
3150 3490 3477 3564 fugiendum.
3527 3494 3604 3551 Illi
3646 3497 3771 3551 enim

2200 3596 2306 3636 non
2331 3585 2383 3636 in
2413 3596 2509 3638 sua
2535 3580 2722 3638 fraude
2747 3599 2846 3640 nec
2875 3585 2927 3640 in
2957 3601 3141 3641 rerum
3171 3587 3397 3644 veritate
3416 3629 3432 3656 ,
3465 3587 3558 3644 sed
3588 3589 3641 3644 in
3668 3605 3771 3660 per-

2200 3675 2454 3746 plexitate
2500 3676 2779 3732 locutionis
2824 3677 3070 3734 humanm
3105 3678 3348 3750 quaedam
3399 3680 3558 3736 verba
3607 3680 3771 3737 dicunt

2201 3779 2326 3825 tunc
2349 3768 2514 3825 videri
2544 3785 2666 3826 vera
2696 3786 2817 3826 cum
2849 3771 2978 3826 falsa
3022 3781 3180 3838 sunt,
3213 3782 3338 3827 tunc
3364 3771 3494 3828 falsa
3519 3788 3638 3830 cum
3661 3791 3770 3829 ven

2201 3871 2359 3928 sunt;
2389 3878 2511 3932 quae
2536 3877 2656 3917 cum
2699 3862 2750 3918 in
2793 3862 3204 3933 disputationem
3249 3863 3560 3932 inciderint,
3610 3867 3770 3920 animo

2203 3954 2467 4020 discerni;
2500 3955 2708 4010 etiamsi
2738 3955 2953 4011 dissolvi
2994 3969 3244 4012 sermone
3287 3970 3395 4012 non
3432 3967 3666 4028 possunt.
3701 3957 3769 4012 Tu

2204 4062 2332 4103 vero
2354 4061 2458 4102 non
2480 4047 2702 4124 verbum
2730 4047 3035 4118 quodlibet,
3067 4064 3169 4104 nec
3197 4064 3309 4104 rem
3341 4049 3659 4120 quamlibet,
3683 4050 3767 4107 sed

2204 4141 2374 4211 ipsam
2403 4154 2505 4210 qua
2537 4140 2588 4194 in
2619 4147 2872 4195 aeternam
2904 4141 3062 4194 vitam
3095 4127 3460 4204 renascimur,
3492 4141 3768 4196 inundatio-

2204 4248 2329 4289 nem
2379 4231 2719 4288 conscientia:
2765 4247 2942 4287 veram
2993 4231 3108 4287 ﬁeri
3170 4247 3329 4303 posse
3395 4231 3526 4288 dicis
3572 4232 3628 4289 in
3685 4234 3767 4288 ho-

2203 4325 2352 4382 mine
2404 4340 2500 4396 per
2551 4323 2743 4379 famam
2797 4323 2985 4380 falsam
3035 4324 3226 4380 aliena:
3289 4325 3644 4381 conscientize.
3709 4325 3765 4380 Et

2205 4435 2276 4475 ne
2323 4417 2415 4474 tibi
2462 4417 2567 4472 hoc
2621 4417 2918 4482 tribuatur,
2969 4418 3092 4489 quia
3145 4417 3475 4474 dialecticam
3526 4418 3762 4486 didicisti,

2206 4518 2508 4566 vestrorum
2583 4507 2717 4563 dicis
2791 4507 2928 4563 hanc
3000 4521 3121 4563 esse
3174 4508 3490 4563 sententiam
3520 4550 3535 4574 ,
3593 4509 3762 4581 quibus

2205 4616 2312 4656 non
2358 4608 2418 4655 ut
2457 4598 2796 4664 dialecticus,
2851 4596 2944 4653 sed
2990 4598 3145 4669 plane
3197 4607 3255 4653 ut
3313 4599 3584 4654 lucreticus
3649 4615 3762 4655 con-

2206 4692 2440 4748 sensisti.
2487 4690 2591 4746 Per
2634 4699 2684 4745 te
2728 4689 2885 4760 igitur
2929 4699 3020 4744 aut
3057 4705 3152 4760 per
3190 4697 3398 4746 vestros
3433 4689 3543 4746 ilth
3565 4701 3645 4747 est
3667 4707 3762 4746 ms-

2205 4782 2397 4855 gnilica
2445 4783 2655 4836 inventa
2686 4782 2766 4836 vcl
2797 4781 3159 4836 demonstrata
3190 4780 3428 4836 doctrina
3460 4799 3472 4837 :
3499 4779 3623 4837 Cum
3653 4798 3761 4838 ssn-

2208 4885 2293 4934 cte
2321 4876 2496 4932 dantis
2523 4876 2658 4931 bona
2681 4875 3003 4931 conscientia
3032 4883 3114 4929 est
3133 4917 3148 4942 ,
3180 4883 3305 4931 tunc
3328 4873 3395 4929 ab
3420 4889 3481 4928 ea
3507 4873 3559 4930 lit
3576 4874 3761 4931 bonns'

2208 4971 2298 5042 qui
2327 4969 2621 5038 baptizatur
2647 5009 2662 5034 ,
2706 4975 2828 5022 tunc
2856 4967 3016 5022 arbor
3044 4966 3181 5020 bona
3212 4965 3410 5020 bonum
3441 4964 3654 5022 fructum
3683 4983 3761 5036 pa-

2208 5063 2279 5119 rit
2325 5060 2552 5134 (Matth.
2583 5076 2693 5124 vn,
2753 5059 2855 5130 l7)
2886 5077 2899 5113 :
2930 5074 3049 5114 cum
3078 5073 3208 5114 vero
3254 5058 3567 5114 conscientia
3609 5058 3761 5113 dantis

2208 5153 2348 5209 mala
2394 5161 2447 5207 et
2491 5151 2695 5206 occulta
2742 5161 2856 5215 cst,
2906 5161 3031 5205 tunc
3068 5151 3185 5220 ejus
3226 5164 3344 5220 quae
3386 5149 3512 5204 falsa
3539 5159 3614 5206 est
3640 5150 3757 5205 bona

2210 5247 2351 5304 fama
2377 5244 2700 5310 consulitur;
2731 5252 2785 5298 ut
2815 5253 2938 5299 tunc
2959 5258 2987 5297 a
3014 5243 3228 5299 fallente
3253 5241 3476 5313 accipiat
3504 5241 3649 5297 homo
3672 5241 3755 5296 Ba-

2277 5493 2294 5525 ί
2321 5497 2395 5562 Er.
2422 5496 2474 5540 et
2493 5492 2758 5562 lenaeum
2779 5486 2831 5539 in
2848 5487 3021 5538 verbis.
3048 5485 3290 5538 Bedundat
3309 5521 3323 5547 ,
3347 5485 3416 5548 in,
3439 5494 3529 5533 nec
3549 5487 3617 5533 est
3651 5479 3748 5545 apud

2216 5563 2315 5604 Am.
2344 5561 2396 5603 et
2415 5559 2778 5614 manuscriptos.
3194 5612 3204 5619 _
3335 5609 3346 5619 .

2276 5619 2296 5648 ²
2324 5624 2420 5664 Am.
2447 5620 2498 5662 et
2515 5621 2642 5664 Mss;
2659 5612 2801 5663 Nunc
2822 5619 2869 5663 et
2891 5625 3096 5673 accusa;
3113 5612 3305 5673 omisso,
3327 5612 3361 5673 ξ.

2278 5679 2298 5710 ³
2322 5677 2473 5727 Nostri
2496 5687 2670 5741 omnes
2690 5681 2818 5741 Mss,
2844 5681 2956 5728 tunc
2979 5675 3042 5727 ad
3080 5671 3189 5728 eam
3229 5671 3284 5740 ﬁt
3327 5671 3488 5728 bonus.
3513 5677 3637 5725 Forte
3665 5679 3746 5724 Ie-

2212 5741 2308 5796 Iius
2323 5750 2483 5808 quam,
2503 5735 2564 5789 ab
2585 5750 2661 5791 ea.

3403 6051 3790 6166 τ-ό
