3792 6138
77 24 155 470 ι

70 470 139 805 l

64 805 182 1086 ΕΞ

57 1086 156 1365 Ε

115 1640 136 1680 ε

44 1639 136 2045 El!

120 2003 136 2043 ί

37 2045 125 2373 ἓ

33 2413 116 2538 ltia

117 419 293 478 ismum
320 434 554 488 verum,
587 433 709 478 eum
738 419 807 477 de
834 419 926 476 illo
965 415 1256 475 crediderit
1300 415 1492 472 falsum
1519 433 1531 470 :
1555 423 1641 470 at-

125 530 152 572 e
176 514 242 570 ita
270 527 340 570 ne
361 512 512 570 desit
532 528 653 585 quae
688 511 915 568 fructum
948 510 1118 582 pariat
1142 508 1378 564 hzcretici
1404 508 1602 564 erroris
1625 548 1643 578 ,

131 617 291 664 mater
317 606 532 663 falsitas
553 605 815 661 veritatis.
848 604 961 659 Hoc
990 601 1111 658 ideo
1138 610 1309 658 totum
1340 608 1447 655 tam
1487 614 1646 656 exse-

139 699 265 766 bile,
301 708 416 754 tam
459 697 780 754 mirabiliter
821 711 1135 768 perversum
1163 707 1217 750 et
1245 694 1489 755 insanum
1514 734 1529 759 ,
1576 707 1646 749 ne

207 797 299 852 Del
325 804 416 852 est
445 795 544 851 Dei
571 808 695 851 esse
718 792 965 858 dicatur;
997 799 1057 846 ut
1085 788 1228 861 quod
1258 804 1289 844 a
1333 788 1444 844 Deo
1471 787 1643 842 sumi-

145 931 158 955 ,
193 886 512 944 hominibus
543 885 842 952 tribuatur;
870 897 940 940 ne
989 881 1080 954 qui
1123 881 1292 947 dixit,
1323 878 1645 936 Conscientia

109 989 211 1034 ncte
251 979 430 1033 dantis
479 976 754 1033 attenditur
776 1018 793 1045 ,
820 990 933 1048 qua:
979 973 1157 1029 abluat
1192 971 1485 1044 accipientis
1505 1013 1521 1040 ,
1556 985 1643 1026 cr-

157 1088 184 1129 e
220 1072 496 1128 videatur.

113 1162 332 1220 CAPUT
363 1160 704 1218 XIX—'24.
734 1160 916 1216 Nostri
945 1161 1058 1228 hoc,
1086 1157 1280 1230 inquis,
1314 1157 1376 1213 de
1402 1156 1640 1228 Scriptu-

135 1254 342 1326 probant
361 1296 379 1322 ,
408 1254 655 1326 quoniam
682 1252 714 1307 ,1
723 1253 850 1308 udas
873 1253 1107 1318 traditor,
1130 1261 1401 1323 antequam
1426 1248 1642 1304 damna-

193 1389 207 1414 ,
238 1347 417 1402 omnia
442 1347 571 1403 sicut
597 1346 858 1418 apostolus
885 1345 1056 1419 gessit.
1083 1343 1222 1413 Quid
1267 1342 1369 1400 hoc
1396 1341 1462 1397 ad
1492 1341 1638 1398 Peti-

148 1440 161 1493 i
196 1439 529 1495 sententiam
574 1438 736 1494 ﬁxam
775 1445 933 1509 atque
976 1436 1281 1502 deﬁnitam,
1324 1433 1642 1490 Conscientia

131 1542 202 1586 cte
237 1531 415 1587 dantis
454 1531 772 1598 attenditur,
803 1546 918 1602 qua:
946 1528 1120 1584 abluat
1160 1527 1494 1601 accipientis;
1536 1525 1639 1582 nisi

160 1716 349 1774 alienis
398 1715 798 1774 inconsiderate
825 1716 1044 1787 prolatis
1087 1713 1446 1787 patrocinium
1493 1727 1637 1783 pra:-

137 1823 164 1863 e
189 1809 509 1864 conamini?
535 1807 670 1864 Cum
699 1807 843 1864 enim
868 1807 1034 1863 Judas
1061 1808 1200 1863 sicut
1227 1804 1519 1876 Apostolus
1544 1803 1638 1860 ha-

87 1883 296 1968 tizaret,
339 1898 777 1972 quandoquidem
820 1899 996 1955 malus
1021 1907 1167 1968 erat,
1200 1898 1323 1969 quia
1369 1897 1455 1952 fur
1486 1904 1634 1965 erat,

120 2003 174 2044 ea
197 2005 315 2060 qua:
341 1990 698 2047 mittebantur
719 1990 771 2046 in
793 1991 1109 2046 commissos
1127 1989 1230 2046 sibi
1254 1989 1459 2046 loculos
1485 1987 1636 2044 aufe-

106 2082 216 2151 bat;
245 2098 354 2140 non
387 2085 574 2157 utique
601 2085 932 2142 conscientia
958 2085 1074 2156 ejus
1094 2083 1471 2142 attendebatur
1495 2125 1510 2150 ,
1539 2083 1637 2140 sed

123 2183 254 2230 uset
280 2175 537 2234 Christus
582 2177 636 2232 in
672 2191 831 2248 quem
877 2175 1216 2234 credebatur.
1265 2175 1449 2248 Neque
1491 2175 1634 2232 enim

125 2265 281 2337 ipsius
325 2268 461 2324 mali
503 2268 736 2326 hominis
782 2267 916 2325 falsa
944 2270 961 2301 ⁸
989 2268 1128 2325 bona
1171 2268 1310 2324 fama
1349 2267 1631 2325 credentes

137 2356 357 2428 ipientes
383 2358 691 2427 abluebat’,
712 2374 813 2416 nec
837 2358 1127 2432 generabat
1170 2359 1224 2414 in
1255 2358 1473 2416 homine
1509 2373 1632 2431 gra-

77 2447 167 2505 iam
191 2449 386 2505 divina:
417 2450 657 2506 veritatis
687 2450 890 2507 falsitas
921 2451 1172 2507 humana:
1202 2451 1488 2521 opinionis.

113 2540 195 2596 25.
234 2540 303 2596 Et
324 2539 461 2598 illud
489 2542 849 2599 testimonium
878 2543 1022 2615 quod
1047 2542 1115 2599 de
1139 2542 1426 2614 Scripturis
1453 2542 1633 2614 posui-

59 2633 138 2702 sti,
189 2635 318 2705 Qua
362 2636 637 2710 manifesta
678 2645 818 2704 sunt,
843 2637 1018 2702 vobis;
1067 2652 1183 2707 qua:
1223 2644 1390 2691 autent
1436 2635 1633 2690 occulta

59 2736 170 2794 sunt,
195 2727 419 2787 Domino
447 2729 556 2786 Deo
575 2737 736 2784 vestro
765 2728 952 2802 (Deut.
980 2745 1105 2785 xxix
1129 2771 1143 2797 ,
1174 2729 1314 2802 29);
1344 2729 1443 2783 ista
1469 2728 1632 2784 verba

57 2817 301 2891 redarguit
325 2830 490 2894 atque
513 2819 807 2876 convincit.
841 2819 899 2877 Si
927 2820 1071 2877 enim
1099 2836 1220 2891 qua:
1249 2821 1456 2876 occulta
1485 2826 1628 2886 sunt,

59 2905 258 2968 Domino
285 2911 398 2968 Deo
444 2911 792 2983 relinquenda
837 2920 992 2979 sunt;
1038 2911 1306 2984 quomodo
1344 2911 1626 2968 conscien-

64 3004 126 3062 tia
155 3003 346 3074 dantis,
379 3019 488 3062 non
518 3005 693 3061 solum
721 3003 1085 3072 mala,verum
1114 3004 1274 3060 etiam
1297 3004 1434 3060 bona
1459 3047 1476 3074 ,
1507 3020 1628 3064 eum

58 3097 238 3153 occulta
276 3107 362 3154 est
388 3097 718 3163 attenditur,
767 3107 825 3153 ut
866 3097 1046 3154 abluat
1073 3097 1381 3168 accipientis
1405 3098 1428 3152 ?
1453 3099 1559 3154 Aut
1583 3100 1630 3155 si

57 3186 152 3258 ipsa
172 3204 290 3246 cum
331 3189 544 3247 occulta
569 3199 655 3249 est
679 3203 790 3248 non
815 3188 1110 3249 attenditur
1135 3231 1150 3258 ,
1179 3189 1306 3261 quid
1336 3199 1459 3246 tunc
1484 3189 1628 3246 acci-

57 3280 188 3352 piens
232 3279 438 3356 jubetis
483 3282 764 3353 attendat,
817 3282 960 3340 unde
1002 3281 1328 3340 conscientia
1373 3280 1491 3356 ejus
1527 3281 1627 3340 ab-

55 3374 223 3433 luatur.

112 3468 326 3528 CAPUT
379 3469 599 3527 XX.—
625 3470 1068 3542 Expergiscimini
1112 3470 1430 3542 aliquando,
1483 3485 1626 3526 nunc

55 3561 216 3618 saltem
240 3563 404 3620 dicite
423 3605 439 3631 ,
468 3562 727 3620 Attendat
747 3563 936 3619 Deum.
963 3562 1102 3632 Quid
1129 3563 1328 3618 timetis
1353 3577 1422 3619 ne
1453 3562 1627 3618 humi-

59 3650 272 3722 liemini,
305 3653 356 3710 si
398 3669 504 3710 non
537 3655 590 3710 in
618 3653 863 3721 homine,
918 3655 1012 3710 sed
1059 3653 1111 3708 in
1161 3654 1386 3710 Domino
1430 3654 1626 3725 glorie-

56 3743 202 3799 mini?
228 3746 365 3815 Est,
394 3746 590 3818 inquis,
621 3746 761 3818 quod
793 3748 1008 3802 timeam
1037 3765 1050 3801 :
1083 3746 1129 3801 si
1159 3747 1302 3802 enim
1331 3761 1454 3802 cum
1497 3747 1626 3803 latet

58 3833 208 3892 dantis
229 3837 579 3905 conscientia,
601 3837 788 3894 dixero
808 3845 866 3893 ut
890 3838 1157 3909 accipiens
1181 3837 1418 3894 attendat
1435 3838 1618 3906 Deum,

57 3934 103 3980 et
124 3927 185 3982 ab
200 3928 290 3986 illo
313 3938 439 3986 tunc
454 3929 570 4000 ejus
586 3929 730 3986 ablui
750 3930 1133 3986 conscientiam
1156 3929 1432 3986 confessus
1453 3929 1621 3995 fuero,

59 4018 130 4074 illa
175 4038 257 4080 me
306 4022 575 4081 horrenda
618 4022 965 4093 consequitur
1015 4021 1344 4090 absurditas,
1389 4021 1624 4078 sanctius

59 4110 178 4169 ablui
205 4115 451 4171 homines
479 4129 601 4172 cum
631 4115 986 4185 baptizatores
1011 4113 1214 4170 habent
1237 4114 1477 4171 occultos
1503 4129 1623 4169 ma-

60 4200 158 4270 los,
197 4221 356 4277 quam
395 4220 518 4261 cum
562 4204 876 4262 manifestos
921 4205 1121 4270 bonos,
1155 4205 1203 4259 si
1247 4204 1409 4261 homo
1454 4204 1627 4262 abluit

60 4301 246 4368 quando
265 4302 444 4359 dantis
466 4301 789 4358 conscientia
810 4301 950 4356 bona
969 4309 1052 4357 est
1081 4309 1136 4356 et
1157 4300 1458 4364 manifesta,
1485 4300 1626 4356 Deus

61 4399 213 4451 autem
239 4395 455 4467 quando
479 4395 620 4450 mala
661 4402 716 4450 et
751 4393 977 4450 occulta.
1010 4393 1107 4449 Die
1131 4407 1261 4464 ergo
1298 4393 1442 4464 quod
1488 4392 1623 4448 dici-

61 4497 187 4552 mus;
216 4487 340 4560 quia
369 4485 474 4543 hoc
497 4495 580 4543 est
603 4501 789 4542 verum
809 4527 824 4553 ,
863 4484 968 4541 hoc
1009 4499 1195 4540 sanum
1222 4525 1238 4552 ,
1272 4484 1374 4540 hoc
1400 4484 1624 4541 catholi-

62 4587 195 4644 cum;
235 4577 382 4650 quod
409 4577 654 4634 Christus
683 4576 905 4632 mundat
933 4575 1308 4646 accipientium
1347 4577 1624 4632 conscien-

63 4664 146 4720 tias
166 4708 181 4735 ,
208 4669 322 4725 sive
346 4683 440 4740 per
465 4668 635 4724 bonos
662 4667 935 4723 ministros
957 4666 1210 4738 Baptismi
1236 4667 1350 4734 sui,
1379 4667 1490 4722 sive
1529 4683 1624 4738 per

63 4757 210 4816 malos
230 4802 247 4829 ,
273 4759 526 4832 quoniam
553 4759 622 4814 de
651 4759 741 4814 illo
769 4758 1026 4828 scriptum
1051 4766 1162 4826 est,
1196 4757 1424 4813 Christus
1447 4758 1624 4812 dilexit

65 4845 340 4922 Ecclesiam,
363 4862 411 4908 et
439 4869 493 4909 se
519 4853 686 4924 ipsum
712 4851 920 4906 tradidit
943 4868 1036 4923 pro
1061 4867 1121 4906 ea
1139 4893 1155 4918 ,
1183 4860 1236 4905 ut
1265 4868 1374 4906 eam
1396 4853 1623 4923 sanctiﬁ-

63 4953 203 5012 ϐασι,
229 4945 482 5000 mandans
506 4961 617 5000 eam
640 4944 841 5000 lavacro
863 4959 1010 5014 aqua:
1043 4943 1097 4997 in
1135 4942 1278 4998 verba
1303 4943 1520 5014 (Epltes.
1549 4959 1582 4998 v
1605 4986 1619 5013 ,

64 5026 151 5099 25,
178 5034 292 5106 se).

122 5123 200 5182 26.
242 5126 322 5182 Tu
343 5168 358 5194 ,
400 5127 577 5197 inquis
601 5167 617 5196 ,
646 5127 893 5198 responde
933 5125 1184 5197 quomodo
1209 5125 1460 5198 baptizent
1499 5143 1624 5196 quos

67 5216 296 5277 danmavit
321 5220 597 5277 Ecclesia?
623 5220 738 5276 Jam
767 5234 894 5292 ergo
923 5219 1192 5275 receditur
1213 5233 1242 5272 a
1281 5219 1457 5275 verbis
1483 5219 1625 5275 Peli-

67 5307 170 5368 liani
195 5332 209 5368 :
236 5315 484 5387 quoniam
515 5313 606 5369 illo
631 5312 842 5368 dicente
865 5354 879 5377 ,
907 5311 1225 5368 Conscientia
1250 5321 1420 5366 sancte
1456 5311 1624 5368 dantis

71 5406 348 5472 attenditur,
388 5421 501 5477 (μίαν
532 5404 701 5460 abluat
746 5403 1078 5474 accipientis;
1122 5417 1242 5457 cum
1288 5417 1581 5474 qumrcrent
1605 5447 1620 5469 ,

69 5494 167 5564 quis
189 5497 366 5555 abluat
392 5496 703 5568 accipientis
731 5495 1110 5552 conscientiam
1134 5537 1149 5562 ,
1181 5495 1393 5568 quando
1423 5495 1623 5567 polluta

122 5675 810 5750 ξβίοκειᾼιθάίιίνίαιεοο.
943 5739 953 5749 .
1072 5746 1082 5750 _
1204 5737 1246 5750 ..

120 5740 140 5773 ³
157 5749 201 5792 ιιι
223 5743 451 5803 excusis,
498 5740 744 5794 credentes
766 5748 811 5793 et
849 5740 1135 5806 ncciptentes
1169 5740 1404 5792 abluebat.
1429 5743 1623 5802 Expuri-

70 5809 271 5886 gendum,
297 5814 359 5873 et,
382 5809 519 5877 juxta
541 5815 644 5860 Mss.
769 5816 788 5834 °

131 305 148 362 l
1391 297 1598 356 LIBER
1636 295 2013 359 SECUNDUS.
2030 335 2036 340 -

3241 312 3352 374 ‘81

1756 416 1932 474 dantis
1957 417 2160 476 occulta
2190 426 2272 476 est
2294 459 2310 488 ,
2347 433 2456 477 non
2483 420 2612 477 mihi
2643 423 2811 494 potuit
2837 423 3173 496 responderi.
3211 427 3347 486 Tam

1754 509 1896 565 cnim
1939 519 2125 566 contra
2166 513 2443 569 veritatem
2486 513 2861 585 dicitur-quod
2890 516 3024 572 falsa
3060 517 3177 588 ejus
3203 519 3345 576 fama

1753 603 1922 674 possit
1966 603 2218 672 abluere,
2245 620 2404 677 quam
2450 607 2496 662 si
2543 605 2646 664 hoc
2688 607 2802 680 ipsa
2829 608 2972 664 mala
3021 610 3346 668 conscientia

1752 710 1914 766 posse
1940 695 2226 752 diceretur.

1821 786 2048 845 CAPUT
2077 787 2296 843 XXl.——-
2324 788 2380 846 Si
2418 798 2594 846 autem
2624 792 2848 862 quaeris,
2883 793 3148 860 Quomodo
3173 795 3329 867 baptn

1751 889 1870 934 zant
1894 897 2019 951 quos
2038 881 2294 938 damnavit
2323 882 2549 939 Ecclesia
2569 885 2595 938 ?
2619 886 2918 957 respondeo
2942 889 3020 944 sic
3046 905 3142 946 eos
3172 890 3333 962 bapti-

1752 986 1905 1039 zare,
1927 975 2197 1046 quomodo
2225 974 2494 1046 baptizant
2525 991 2660 1047 quos
2685 977 2957 1034 damnavit
2985 980 3154 1050 Deus,
3185 993 3338 1038 ante-

1751 1080 1910 1136 quam
1939 1065 2006 1124 de
2035 1066 2138 1122 illis
2163 1068 2451 1139 quidquam
2471 1068 2736 1140 judicaret
2771 1070 3033 1128 Ecclesia.
3065 1073 3166 1142 Qui
3196 1075 3342 1131 enim

1749 1165 1931 1215 mente
1999 1173 2246 1231 perversa
2298 1161 2506 1218 videtur
2556 1163 2698 1219 intus
2741 1179 2860 1220 esse
2912 1181 3031 1222 cum
3067 1167 3194 1224 foris
3237 1169 3340 1238 sit,

1749 1251 1817 1308 ab
1845 1251 1964 1324 ipso
2009 1252 2220 1310 Christo
2259 1254 2370 1325 jam
2396 1254 2664 1326 judicatus
2706 1265 2808 1313 est.
2842 1257 2959 1328 lpse
2997 1258 3191 1330 quippe
3220 1261 3341 1329 ait,

1753 1342 1854 1411 Qui
1879 1359 1981 1398 non
2005 1345 2197 1412 credit,
2215 1346 2325 1415 jam
2346 1346 2601 1414 iudicatus
2630 1356 2700 1401 est
2726 1347 2902 1418 (Joan.
2932 1365 3026 1416 ιιι,
3057 1349 3167 1416 l8).
3201 1350 3341 1408 Pau-

1748 1434 1830 1490 lus
1854 1443 2032 1490 autem
2060 1437 2332 1506 apostolus
2360 1437 2508 1504 dicit,
2543 1437 2780 1494 Ecclesia
2807 1440 3005 1495 subdita
3030 1450 3102 1496 est
3140 1442 3342 1500 Christo

1748 1527 1962 1599 (Ephes.
1993 1543 2052 1596 v,
2083 1528 2198 1602 24).
2229 1529 2344 1586 Non
2376 1531 2535 1602 igitur
2562 1530 2720 1587 debet
2746 1532 2984 1589 Ecclesia
3023 1549 3084 1590 se
3121 1533 3338 1592 Christo

1745 1635 2084 1692 prteponere,
2111 1631 2168 1677 ut
2192 1632 2341 1694 putet
2366 1623 2636 1694 baptizare
2660 1640 2815 1696 posse
2843 1625 3022 1683 abillo
3043 1627 3333 1698 judicatos,

1745 1724 1776 1765 a
1805 1724 1864 1768 se
1890 1721 2068 1769 autem
2102 1713 2369 1784 judicatos
2398 1713 2670 1785 baptizare
2717 1731 2822 1771 non
2863 1731 3056 1787 posse;
3087 1733 3208 1774 cum
3247 1719 3337 1777 ille

1745 1815 1960 1875 semper
1987 1804 2247 1860 veraciter
2266 1805 2497 1876 judicet,
2525 1805 2872 1863 ecclesiastici
2913 1817 3091 1865 autem
3117 1810 3331 1880 judices

1744 1894 1882 1951 sicut
1909 1895 2154 1954 homines
2196 1897 2510 1969 plerumque
2555 1899 2824 1956 fallantur.
2859 1901 3138 1973 Baptizant
3161 1919 3292 1976 ergo
3314 1947 3332 1971 ,

1743 1996 2000 2059 quantum
2041 1989 2229 2044 attinet
2268 1991 2335 2045 ad
2366 1990 2571 2046 visibile
2615 1991 3000 2060 ministerium,
3029 2001 3084 2050 et
3119 1994 3248 2051 boui
3277 2004 3334 2053 et

1744 2081 1870 2136 mali
1903 2099 1916 2136 :
1945 2082 2280 2138 invisibiliter
2307 2093 2485 2139 autem
2517 2099 2612 2154 per
2633 2099 2730 2140 eos
2755 2085 2845 2141 ille
2871 2085 3106 2156 baptizat
3129 2129 3143 2155 ,
3176 2087 3332 2158 cujus

1743 2181 1826 2230 est
1848 2183 1902 2230 et
1926 2175 2137 2231 visibile
2163 2175 2432 2248 Baptisma
2476 2185 2531 2233 et
2570 2176 2852 2234 invisibilis
2879 2177 3071 2249 gratia.
3102 2178 3332 2252 Tingere

1741 2280 1870 2338 ergo
1898 2275 2122 2338 possunt
2149 2277 2204 2323 et
2246 2267 2372 2323 boni
2415 2277 2469 2324 et
2513 2268 2676 2334 mali,
2715 2268 2934 2326 abluere
2981 2279 3156 2328 autem
3204 2287 3334 2330 con-

1740 2359 2018 2415 scientiam
2049 2375 2154 2416 non
2183 2359 2282 2414 nisi
2315 2359 2402 2414 ille
2428 2361 2517 2432 qui
2544 2375 2758 2432 semper
2785 2371 2868 2418 est
2904 2362 3098 2419 bonus.
3129 2364 3208 2420 Ac
3235 2379 3332 2437 per

1740 2449 1842 2506 hoc
1862 2452 2022 2507 etiam
2047 2451 2316 2508 nesciente
2331 2451 2570 2508 Ecclesia
2596 2461 2811 2525 propter
2830 2453 3024 2509 malam
3042 2454 3329 2526 pollutam—

1739 2557 1843 2612 que
1868 2543 2249 2599 conscientiam
2270 2543 2507 2600 damnati
2533 2559 2563 2599 a
2592 2545 2805 2602 Christo
2825 2587 2840 2614 ,
2868 2545 2978 2618 jam
3025 2547 3079 2604 in
3106 2563 3333 2622 corpore

1737 2633 1936 2690 Christi
1963 2650 2068 2690 non
2095 2643 2219 2690 sunt
2243 2634 2383 2705 quod
2411 2644 2494 2691 cst
2522 2636 2758 2692 Ecclesia
2782 2677 2796 2702 ,
2826 2638 3077 2708 quoniam
3100 2655 3205 2697 non
3234 2657 3330 2714 po-

1738 2733 1844 2782 test
1889 2724 2132 2782 Christus
2176 2725 2377 2783 habere
2415 2727 2654 2782 membra
2696 2728 2968 2785 damnata.
3015 2731 3249 2791 Proinde
3273 2745 3331 2794 et

1738 2818 1839 2888 ipsi
1884 2831 2032 2874 extra
2084 2818 2378 2874 Ecclesiam
2424 2819 2714 2891 baptizant.
2766 2821 2955 2878 Omnia
2983 2824 3179 2897 quippe
3225 2827 3331 2884 ista

1738 2919 1975 2966 monstra
2002 2911 2140 2966 absit
2164 2911 2385 2966 omnino
2419 2920 2476 2967 ut
2518 2913 2572 2968 in
2607 2913 2864 2971 membris
2892 2915 3039 2973 illius
3064 2917 3330 2978 columba)

1737 3003 1910 3060 unica:
1935 3012 2346 3075 computentur:
2376 3003 2512 3061 absit
2559 3012 2618 3060 ut
2645 3006 2846 3064 intrare
2875 3010 3084 3080 possint
3125 2992 3325 3085 limites

1737 3094 1879 3152 horti
1907 3095 2176 3163 conclusi,
2203 3096 2358 3166 cujus
2383 3097 2475 3153 ille
2517 3106 2698 3155 custos
2727 3108 2811 3156 est
2853 3100 2942 3171 qui
2993 3117 3104 3158 non
3151 3113 3330 3174 potest

1735 3185 1865 3242 falli.
1897 3185 1998 3255 Qui
2037 3195 2210 3243 tamen
2260 3186 2304 3242 si
2333 3188 2653 3245 conﬁtentur
2676 3199 2730 3246 et
2772 3191 3144 3264 corriguntur,
3198 3203 3325 3252 tunc

1735 3279 1956 3344 intrant,
1985 3287 2110 3334 tunc
2134 3278 2478 3348 mundantur,
2502 3289 2627 3337 tune
2653 3281 2703 3336 in
2725 3282 3006 3340 arboribus
3029 3283 3167 3340 horti
3191 3301 3326 3344 con-

1733 3369 1864 3430 clusi
1883 3410 1902 3441 ,
1943 3378 2071 3428 tunc
2099 3372 2154 3426 in
2184 3371 2438 3427 membris
2462 3371 2634 3428 unica:
2654 3373 2916 3429 columba:
2951 3386 3323 3447 numerantur,

1733 3479 1835 3520 nec
1855 3473 2033 3520 tamen
2053 3461 2230 3520 denuo
2251 3461 2605 3536 baptizantur.
2633 3462 2709 3518 lta
2737 3472 2793 3519 et
2819 3477 2939 3519 eum
2963 3465 3032 3521 ab
3060 3467 3326 3525 haereticis

1732 3557 1954 3614 veniunt
1989 3573 2109 3613 cum
2135 3556 2252 3628 ipso
2281 3555 2638 3628 Baptismate,
2669 3555 2813 3629 quod
2851 3563 2905 3612 et
2941 3555 3072 3615 foris
3117 3558 3325 3618 habue-

1732 3658 1887 3716 runt,
1918 3648 2012 3705 sed
2057 3663 2164 3704 non
2190 3656 2391 3705 etcum
2430 3649 2545 3720 ipsa
2592 3648 2936 3708 mundatione
2971 3665 3132 3724 quam
3180 3653 3325 3711 intus

1731 3741 2034 3813 accipiunt;
2076 3749 2136 3796 ut
2175 3740 2318 3812 quod
2365 3739 2534 3797 defuit
2581 3749 2902 3813 praestetur,
2949 3744 3092 3816 quod
3141 3756 3323 3807 autem

1732 3849 1840 3889 non
1864 3841 2123 3888 mutatum
2155 3841 2238 3888 est
2265 3832 2613 3904 approbetur.

1803 3926 2029 3984 CAPUT
2066 3925 2233 3982 XXII.
2258 3956 2332 3967 ——
2371 3925 2462 3981 27.
2514 3925 2722 3994 Vestra,
2763 3927 2959 4002 inquis,
3007 3948 3098 4003 per
3137 3942 3325 3991 vestros

1731 4021 1950 4092 majores
1975 4020 2261 4075 traditionis
2281 4028 2329 4076 et
2351 4020 2745 4091 thuriﬁcationis
2760 4065 2776 4090 ,
2807 4033 2852 4079 et
2877 4041 2966 4094 per
2989 4041 3075 4082 vos
3094 4044 3324 4098 persecu-

1732 4113 1883 4168 tionis
1910 4113 2119 4167 crimine
2137 4113 2378 4167 dantnata
2402 4114 2710 4170 conscientia
2735 4124 2832 4169 est.
2873 4116 2951 4172 De
2981 4117 3325 4176 traditorihus

1732 4203 1947 4276 quidem
1973 4212 2028 4260 et
2054 4203 2509 4260 thuriﬁcatoribus
2535 4205 2626 4276 qui
2655 4204 2856 4261 fuerint
2901 4208 2992 4278 qui
3026 4208 3129 4265 hoc
3174 4211 3324 4267 nefas

1731 4297 2072 4362 admiserint,
2101 4311 2212 4351 non
2237 4297 2533 4366 Scripturis
2559 4297 2758 4353 sanctis
2779 4338 2796 4364 ,
2824 4300 2918 4354 sed
2947 4298 3102 4356 fama;
3150 4301 3324 4357 homi-

1731 4405 1860 4445 num
1877 4387 2199 4444 credidistis.
2230 4387 2361 4456 Quae
2380 4388 2424 4442 si
2447 4397 2624 4459 potest
2649 4404 2768 4446 esse
2787 4389 2918 4445 falsa
2944 4391 3082 4448 bona
3109 4392 3178 4450 de
3203 4408 3320 4449 ma-

1731 4481 1798 4536 lis
1820 4521 1836 4548 ,
1864 4494 1959 4536 cur
1987 4494 2092 4535 non
2122 4479 2290 4550 possit
2319 4480 2478 4535 etiam
2505 4480 2645 4536 mala
2686 4481 2754 4537 de
2797 4481 2993 4539 bonis?
3018 4484 3093 4542 De
3135 4501 3323 4558 perse-

1731 4572 1944 4629 cutione
1969 4581 2148 4628 autem
2180 4571 2281 4627 hoc
2309 4572 2401 4628 tibi
2434 4571 2668 4630 breviter
2693 4574 2996 4647 iterumque
3023 4578 3320 4650 responde-

1731 4665 1854 4731 rim,
1885 4663 2027 4735 quod
2055 4678 2177 4718 cum
2207 4662 2610 4736 respondissem
2644 4665 2908 4722 Petiliano
2951 4669 3194 4726 refellere
3221 4671 3324 4727 mi-

1729 4755 1876 4812 nime
1919 4754 2130 4811 valuisti
2159 4756 2173 4787 ²
2203 4755 2354 4828 (Lib.
2389 4755 2415 4811 l
2470 4765 2646 4811 contra
2683 4757 2901 4812 Litteras
2941 4757 3215 4828 Petiliani,
3265 4779 3320 4819 tt.

1729 4847 1846 4918 20).
1877 4846 1935 4902 ln
1963 4846 2236 4919 Scriptura
2264 4847 2460 4918 quippe
2487 4858 2691 4915 sancta,
2722 4863 2840 4920 qua:
2867 4851 3134 4908 neminem
3165 4851 3321 4922 fallit,

1731 4957 1854 4999 area
1879 4942 2017 4996 dicta
2043 4949 2125 4998 est
2163 4940 2399 4996 Ecclesia
2426 4941 2552 5007 Dei;
2582 4941 2976 5015 Dominumque
3007 4945 3179 5017 ipsum
3200 4964 3323 5006 cum

1711 5035 2031 5091 .ventilabro
2093 5048 2215 5090 esse
2267 5043 2549 5090 venturum
2599 5043 2654 5090 et
2708 5035 3088 5094 muntlaturum
3143 5056 3323 5100 aream

1731 5143 1882 5182 suam
1908 5169 1922 5194 ,
1949 5135 2008 5181 ut
2031 5123 2296 5182 frumenta
2323 5125 2578 5182 recondat
2604 5127 2657 5182 in
2688 5127 2884 5187 horreo
2907 5174 2922 5200 ,
2957 5133 3163 5204 paleam
3194 5151 3324 5193 vero

1731 5221 2010 5275 comburat
2047 5219 2156 5289 igni
2186 5218 2603 5290 inexstinguibili
2632 5219 2867 5292 (Matth.
2916 5241 3007 5294 ιιι,
3045 5227 3110 5281 l2
3133 5225 3175 5299 ).
3220 5230 3327 5286 Aut

1732 5327 1860 5384 ergo
1887 5320 2032 5368 recte
2061 5311 2359 5381 passi.estis
2403 5314 2864 5384 persecutionem;
2911 5329 3003 5374 aut
3045 5321 3090 5376 si
3134 5321 3325 5379 modus

1733 5405 2054 5461 Christianus
2083 5417 2336 5460 excessus
2363 5413 2444 5460 est
2464 5445 2478 5470 ,
2513 5406 2661 5477 palea
2689 5418 2869 5466 nostra
2909 5409 3034 5468 fecit
3058 5453 3072 5479 ,
3101 5423 3322 5485 propter

1731 5515 1890 5572 quam
1941 5513 2048 5554 non
2090 5497 2259 5554 fuerat
2287 5513 2410 5554 area
2440 5498 2705 5558 dominica
2729 5503 3020 5560 deserenda
3041 5547 3056 5573 ,
3085 5521 3153 5562 ne
3180 5508 3329 5578 quis-

1732 5593 1850 5666 quis
1877 5602 2000 5648 ante
2031 5599 2238 5662 tempus
2269 5591 2626 5651 ventilationis
2651 5595 2719 5652 ab
2759 5610 2882 5653 area
2932 5598 3136 5668 paleam
3179 5598 3324 5660 refu-

1803 5797 1818 5834 ί
1845 5794 1981 5859 Editi,
2014 5792 2239 5859 voluistis.
2267 5800 2324 5846 At
2347 5801 2474 5854 Mss"
2501 5794 2703 5850 valuisti.
