3792 6202
407 394 516 454 485

409 516 593 584 geret,
624 521 656 563 a
696 504 960 561 frumenta
987 508 1263 570 separatus
1311 495 1463 568 palea
1490 493 1661 550 fieret.
1688 484 1768 547 Tu
1816 500 1992 546 autem

410 618 532 659 cum
563 602 665 657 hoc
692 614 799 655 non
844 610 1020 652 meum
1042 635 1058 661 ,
1088 589 1182 650 sed
1208 600 1408 647 sanctae
1434 589 1723 659 Seripturre
1753 585 1999 642 testimo-

354 677 368 687 ’
411 696 558 751 nium
587 690 829 747 refellere
866 684 1139 742 conareris
1163 724 1178 748 ,
1222 682 1421 737 nullam
1466 677 1892 751 persecutionem
1918 675 2003 746 ju-

412 794 549 840 stam
577 795 695 837 esse
721 793 881 850 posse
904 775 1082 833 dixisti
1113 792 1127 829 :
1155 772 1242 829 ubi
1270 767 1650 844 ignoscendum
1679 766 1771 823 tibi
1801 775 1883 823 est
1910 778 2006 821 ue-

412 873 601 930 scienti
632 870 956 942 Scripturas,
984 863 1125 922 unde
1149 862 1244 921 tibi
1275 863 1458 918 venire
1480 860 1664 933 posset
1689 858 1744 913 in
1772 864 2006 911 mentem

414 980 572 1039 quam
596 964 740 1034 justa
764 974 898 1017 voce
928 958 996 1015 sit
1020 957 1240 1019 dictum,
1274 951 1627 1008 Detralteutem
1657 950 1887 1021 proximo
1916 962 2006 1002 suo

415 1058 631 1126 occulte,
678 1054 811 1110 hunc
856 1048 1184 1123 persequebar
1209 1047 1229 1118 (
1251 1043 1397 1103 Psal.
1426 1061 1455 1101 t:
1479 1086 1494 1110 ,
1523 1044 1616 1115 5).
1668 1040 1736 1099 Et
1782 1040 1849 1096 ab
1893 1039 2010 1110 ipso

417 1149 647 1205 Domino
690 1142 818 1202 Jesu
861 1141 1079 1199 Christo
1122 1140 1176 1195 in
1201 1134 1647 1194 excellentissima
1690 1129 2006 1205 prophetia,

420 1236 706 1311 Persequar
755 1235 987 1292 inimicos
1028 1248 1163 1287 meos
1189 1271 1203 1296 ,
1229 1238 1276 1286 et
1306 1226 1727 1300 comprehendam
1770 1224 1886 1278 illos
1910 1265 1925 1290 ,
1965 1231 2012 1277 et

419 1353 523 1391 non
550 1341 810 1388 convertar
829 1329 987 1384 donec
1012 1320 1248 1398 deﬁciant
1274 1324 1294 1395 (
1320 1321 1467 1378 Psal.
1493 1336 1622 1388 xvtt,
1652 1318 1721 1375 58
1742 1317 1783 1389 ).
1812 1316 1882 1372 Ει
1909 1314 2011 1371 alia

421 1426 594 1484 multa
622 1421 802 1480 divina
840 1418 1146 1477 testimonia
1190 1431 1309 1487 quae
1356 1412 1601 1485 persequi
1643 1411 1859 1482 longum
1887 1412 2009 1462 est:

424 1519 471 1575 si
503 1528 679 1573 tamen
706 1530 812 1571 non
844 1510 974 1568 mihi
1003 1518 1217 1582 propter
1243 1507 1346 1562 hac
1379 1503 1601 1560 verbum
1638 1499 2011 1565 calumniaris,

425 1619 487 1667 ut
510 1608 763 1681 quoniam
789 1604 896 1660 dixi
914 1646 929 1677 ,
956 1600 1205 1674 persequi
1226 1599 1441 1670 longum
1464 1603 1546 1653 est
1568 1636 1584 1663 ,
1614 1596 2014 1665 persecutorem

426 1720 516 1762 me
544 1701 843 1758 divinorum
880 1692 1305 1753 testimoniorum
1333 1704 1453 1746 esse
1481 1687 1799 1744 criminaris.

495 1790 721 1851 CAPUT
746 1786 935 1846 XXIII.
960 1817 1031 1827 —
1049 1785 1140 1842 28.
1171 1780 1409 1855 Opponis
1434 1779 1566 1836 mihi
1590 1778 1754 1834 verba
1777 1775 2017 1847 Scriptu-
2065 1817 2067 1819 .

425 1904 631 1957 rarum,
664 1884 820 1942 toties
849 1880 1213 1939 demonstrata
1252 1891 1411 1949 quam
1438 1888 1534 1929 vos
1561 1870 1693 1928 nihil
1718 1869 1975 1941 adiuvent
1998 1909 2014 1935 ,

430 1981 612 2038 Oleum
654 1975 930 2051 peccatoris
971 1990 1073 2048 non
1114 1970 1395 2042 impinguet
1438 1974 1588 2038 caput
1634 1958 2015 2033 meum(Psal.

428 2090 553 2139 CXL,
587 2069 656 2144 5)
687 2088 700 2125 :
733 2083 856 2125 cum
888 2074 944 2122 et
979 2058 1118 2134 apud
1144 2076 1240 2117 vos
1264 2075 1385 2116 esse
1412 2059 1601 2113 saltem
1626 2054 1864 2112 occultos
1889 2066 2018 2125 pec-

428 2178 639 2225 catores
662 2205 676 2229 ,
722 2176 921 2234 negare
966 2173 1074 2213 non
1111 2153 1285 2228 possis
1309 2195 1324 2221 ,
1356 2152 1444 2224 qni
1490 2162 1672 2205 tamen
1710 2146 2017 2219 baptizant;

429 2274 532 2317 nec
570 2256 656 2313 his
693 2254 873 2312 verbis
919 2248 1129 2322 excepti
1158 2257 1302 2304 sunt.
1351 2242 1468 2300 Non
1497 2244 1639 2299 enim
1685 2241 1779 2309 ait,
1832 2236 2020 2294 Oleum

431 2347 702 2408 manifesti
725 2342 1055 2418 peccatoris;
1084 2339 1179 2395 sed
1207 2335 1480 2401 absolute,
1518 2332 1699 2389 Oleum
1722 2330 2016 2404 peccatoris.

418 2436 521 2511 'Et,
554 2439 703 2496 Facti
730 2446 844 2494 sunt
870 2434 996 2490 mihi
1021 2433 1156 2487 velut
1185 2445 1318 2501 aqua
1348 2426 1565 2483 mendax
1600 2441 1703 2479 non
1743 2421 1929 2477 habens
1955 2422 2020 2491 ﬁ-

434 2535 551 2590 dem
580 2534 595 2565 ι
625 2526 856 2603 (Jerem.
886 2542 980 2593 xv,
1014 2523 1137 2595 I8).
1165 2519 1268 2579 Ubi
1299 2520 1467 2575 miror
1496 2515 1826 2589 prudentiam
1853 2519 2020 2603 tuam,

435 2620 705 2698 quomodo
734 2618 828 2676 tibi
871 2632 979 2673 non
1005 2613 1249 2670 videatur
1273 2625 1408 2682 aqua
1436 2606 1664 2664 mendax
1693 2602 2023 2698 simulatoris

435 2696 667 2782 occulti,
699 2710 849 2785 cujus
894 2714 951 2766 et
996 2706 1185 2764 falsam
1232 2704 1430 2759 famam
1476 2697 1797 2757 mundandae
1837 2696 2025 2751 alienae

434 2806 780 2867 conscientiae
809 2800 1065 2875 prodesse
1094 2793 1295 2869 aliquid
1320 2791 1594 2850 credidisti
1623 2809 1636 2845 :
1670 2791 1770 2845 nisi
1797 2788 1918 2860 quia
1960 2785 2027 2842 il-

434 2903 528 2961 lud
554 2914 660 2956 non
685 2896 1022 2955 dialecticum
1040 2934 1054 2959 ,
1088 2888 1183 2948 sed
1211 2886 1367 2961 plane
1408 2886 1778 2958 sopbisticum,
1805 2880 1948 2954 quod
1972 2879 2026 2936 in

435 3011 525 3051 me
551 2993 747 3049 frustra
777 2988 933 3060 quasi
976 2986 1030 3041 in
1058 2981 1339 3040 dialectico
1364 2976 1788 3049 reprehendisti,
1828 2972 2027 3030 subve-

437 3087 556 3144 nire
582 3083 677 3141 tibi
713 3082 1002 3138 arbitratus
1044 3092 1126 3143 es,
1162 3072 1221 3131 Si
1249 3073 1506 3140 mentiris,
1552 3087 1725 3126 verum
1762 3066 1887 3123 dicis
1929 3062 2027 3139 (α).

438 3177 578 3248 Quid
620 3175 764 3233 enim
791 3171 932 3230 aliud
978 3169 1192 3228 conaris
1231 3178 1504 3231 asserere,
1536 3178 1657 3219 cum
1689 3158 1890 3217 homini
1933 3158 2030 3214 tri-

438 3271 609 3328 buens
635 3268 960 3341 Baptismnm
987 3305 1003 3333 ,
1033 3276 1193 3335 quem
1224 3258 1314 3316 Dei
1336 3272 1454 3317 esse
1481 3270 1586 3311 non
1610 3254 1695 3310 vis
1716 3264 2028 3325 agnoscere,

439 3365 562 3422 ideo
590 3362 723 3419 dicis
765 3358 1067 3416 adulterum
1093 3354 1223 3411 dare
1261 3367 1419 3426 posse
1456 3365 1640 3405 verum
1663 3346 1993 3418 Baptismnm
2013 3386 2028 3410 ,

439 3458 563 3531 quia
587 3471 649 3514 se
677 3454 851 3526 ipsum
878 3447 1195 3508 occultando
1222 3454 1426 3503 castum
1454 3457 1574 3499 esse
1603 3437 1902 3497 mentitur?
1931 3435 2036 3493 Ita-

439 3566 544 3624 que
583 3560 709 3606 tnnc
735 3562 922 3604 verum
965 3543 1094 3601 dicit
1123 3543 1176 3598 in
1208 3540 1480 3611 Baptismo
1502 3580 1517 3607 ,
1546 3551 1666 3593 cum
1695 3533 1949 3590 mentitur
1978 3531 2034 3586 in

441 3642 673 3715 ﬂagitio;
701 3648 757 3697 et
790 3653 896 3696 non
936 3643 1020 3693 est
1061 3648 1197 3706 aqua
1249 3631 1367 3703 eius
1412 3627 1662 3692 mendax,
1708 3642 1866 3698 quam
1911 3639 2033 3680 esse

438 3738 601 3796 vultis
644 3736 700 3792 in
740 3732 981 3817 Ecclesia
1010 3722 1305 3787 secundum
1331 3723 1743 3797 promissionem
1787 3724 1866 3775 tot
1911 3733 2034 3790 pro-

441 3815 886 3902 pltetiarumtoto
927 3832 1193 3880 terrarum
1233 3819 1364 3875 orbe
1392 3815 1582 3872 diffusa
1623 3816 1787 3870 :cum
1838 3828 2034 3887 aquam

445 3921 756 3981 mendacem
812 3933 921 3974 non
969 3914 1301 3986 Baptismnm
1348 3907 1549 3968 dixerit
1593 3907 1889 3975 Jeremias,
1939 3906 2035 3963 sed

446 4015 731 4074 mendaces
759 4011 1004 4068 homines
1024 4050 1039 4075 ,
1072 4004 1365 4064 secundum
1390 3998 1718 4059 intellectum
1748 4001 1837 4073 qui
1866 4001 2037 4057 mani-

445 4109 613 4165 festus
640 4114 724 4162 est
747 4108 769 4138 ²
796 4104 851 4160 in
902 4099 1252 4173 Apocalypsi,
1282 4097 1375 4153 ubi
1420 4096 1784 4166 interrogante
1828 4093 2036 4151 Joanne

444 4199 572 4273 quid
600 4206 782 4256 essent
804 4210 956 4266 aqua:
983 4193 1088 4250 illa:
1114 4192 1172 4249 in
1210 4190 1415 4248 visione
1444 4192 1781 4255 monstratae,
1811 4187 2035 4259 populos

443 4309 564 4353 esse
583 4306 897 4363 responsum
919 4297 1001 4344 est
1029 4287 1214 4358 (Apoc.
1245 4275 1381 4352 xvtt:
1402 4284 1515 4357 15).

516 4384 743 4444 CAPUT
771 4381 962 4438 XXIV.
989 4380 1162 4437 ~-29.
1194 4379 1271 4436 De
1292 4378 1382 4433 illo
1408 4392 1537 4433 vero
1564 4375 1869 4432 testimonio
1892 4373 2034 4446 quod

445 4479 703 4552 scriptum
733 4483 816 4531 est
842 4516 857 4541 ,
885 4472 984 4540 Qui
1021 4471 1305 4542 baptizatur
1343 4486 1375 4523 a
1417 4477 1642 4532 mortuo,
1671 4466 1794 4538 quid
1835 4464 2036 4538 proﬁcit

444 4568 632 4628 lavatio
653 4568 762 4638 ejus
788 4563 975 4637 (Eccli.
1010 4578 1191 4627 xxxrv,
1224 4559 1352 4634 50)?
1380 4575 1539 4631 quam
1569 4575 1673 4615 non
1703 4555 2036 4614 intellexeris

443 4663 588 4736 quod
637 4676 737 4731 ego
785 4659 837 4711 in
880 4655 968 4712 illa
1012 4652 1237 4724 epistola
1290 4651 1475 4722 posui,
1529 4660 1892 4721 quantumque
1949 4662 2036 4703 me

443 4756 622 4813 verbis
666 4752 775 4809 tuis
817 4746 1084 4819 adiuveris
1130 4744 1402 4819 paululum
1450 4740 1687 4797 attende.
1727 4740 1858 4797 Cum
1890 4740 2033 4796 enim

442 4861 688 4922 putasses
724 4860 755 4901 a
793 4860 879 4901 me
916 4849 1183 4899 mortuum
1223 4837 1325 4893 hac
1369 4836 1486 4890 loco
1516 4833 1739 4906 intelligi
1769 4835 2031 4890 cultorem

443 4940 709 4998 idolorum
727 4978 743 5004 ,
765 4935 917 5008 quasi
948 4947 1043 4991 eos
1083 4930 1231 4988 solas
1261 4927 1561 4998 exceperim
1579 4968 1593 4993 ,
1620 4926 1713 4998 qui
1759 4925 2032 4997 baptizare

445 5046 550 5088 non
580 5028 820 5100 possint,
851 5025 1057 5099 elegisti
1089 5028 1344 5095 quantum
1388 5017 1640 5091 potuisti,
1663 5019 1891 5089 repetito
1936 5017 2031 5074 illo

443 5124 511 5181 de
528 5122 649 5177 oleo
671 5119 994 5187 testimonio,
1014 5116 1158 5191 quod
1178 5114 1380 5171 nullum
1404 5118 1735 5183 peccatorem
1760 5110 2031 5182 baptizare

443 5214 670 5270 voluerit
691 5255 706 5281 ,
734 5212 823 5283 qui
862 5211 1033 5277 dixit,
1062 5209 1244 5266 Oleum
1267 5204 1541 5279 peccatoris
1566 5219 1666 5259 non
1693 5203 2030 5275 impinguabit

437 5315 593 5381 caput
636 5319 801 5360 meum
827 5344 841 5368 ,
872 5317 979 5357 non
1020 5298 1337 5372 excipiendo
1371 5295 1603 5369 aliquem
1649 5304 1981 5367 peccatorem
2013 5313 2026 5349 :

500 5490 518 5524 ί
543 5487 787 5539 mlitiones
830 5490 928 5533 Am.
950 5471 1002 5532 et
1021 5485 1120 5539 Er.,
1162 5477 1287 5531 velut
1328 5490 1456 5539 aqua
1483 5472 1698 5539 mendax
1734 5471 2029 5539 sinmlatoris

434 5537 808 5613 multandus
841 5551 889 5597 et
911 5542 1036 5608 falsa
1212 5554 1308 5593 non
1329 5537 1487 5613 habet
1700 5538 2031 5613 rmvauienses

765 5598 1526 5682 concieraat,_ﬁdent§_§g_vato
1549 5601 1847 5665 glossemate
1860 5633 1875 5661 ,
1899 5598 2029 5662 quod

435 5674 871 5737 inantiscriptorum
884 5674 1183 5737 auctoritate
1206 5674 1483 5737 rejectmus.

498 5742 519 5770 '
543 5741 616 5788 sic
647 5728 752 5787 uss.
779 5734 898 5785 Fditi
920 5742 1060 5789 vero,
1085 5728 1415 5790 manifestam
1441 5732 1530 5777 est.

499 5819 661 5880 (nine
697 5818 789 5867 hoc
813 5822 865 5880 et
884 5810 1123 5863 similibus
1152 5807 1398 5873 Chrysippi
1429 5807 1801 5878 sophismatibus
1822 5808 1934 5862 vide
1955 5809 2028 5861 Ci-

437 5877 561 5942 cer.,
578 5878 663 5929 lib.
689 5880 719 5930 4
742 5877 960 5931 Academ.
983 5880 1157 5933 Quaest.

1135 382 1410 442 CONTRA
1447 372 1879 438 CRESCONIUM
1921 364 2383 441 DONATISTAM,
2425 371 2483 430 S.
2526 369 2897 428 AUGUSTINI

3642 818 3772 1007 ﬂ

3668 1007 3777 1156 3

3552 1156 3780 1287 ⁵,*ἒῖιὲ

3648 1287 3786 1564 Ξ

3624 1564 3784 1752 ﬂ

3633 1752 3786 1933 ad,

3668 1933 3786 2273 il

3668 2079 3753 2135 ειν

2109 486 2249 544 unde
2275 485 2443 560 magis
2462 502 2557 543 vos
2582 486 2862 559 urgcmini,
2881 486 3020 543 sicut
3048 486 3210 558 paqu
3234 490 3367 545 ante
3390 485 3721 555 monstravi

2108 578 2168 636 Si
2195 580 2337 635 enim
2364 579 2539 635 nullus
2567 588 2815 651 peccator
2841 588 3097 651 exceptus
3120 589 3238 649 est,
3271 574 3531 653 proinde
3564 574 3732 660 bapq

2108 682 2256 730 zatos
2280 673 2348 730 ab
2386 672 2606 729 occultis
2632 672 2818 741 malis,
2848 688 2971 731 cum
2996 673 3229 731 convicti
3261 674 3483 731 fuerint
3511 715 3533 744 ,
3566 672 3647 729 de

2110 766 2393 839 baptizata.
2423 764 2521 822 Hic
2545 767 2653 837 jam
2680 766 2960 822 conaberis
2984 766 3260 823 occultum
3298 766 3591 840 excipere
3620 764 3728 838 ped

2110 870 2384 926 calorem,
2417 873 2577 930 quem
2611 869 2795 915 sancta
2823 858 3097 931 Scriptura
3127 875 3238 917 non
3275 861 3538 933 excepit.
3582 856 3734 933 Tati

2112 953 2273 1026 igitur
2314 953 2415 1009 iste
2439 962 2616 1010 vester
2645 952 2950 1010 intellectus
2983 951 3151 1010 falsus
3177 969 3210 1010 a
3236 955 3485 1012 veritate
3518 951 3738 1026 comi

2114 1046 2284 1115 citur,
2312 1054 2433 1101 eum
2460 1055 2517 1103 et
2560 1054 2753 1103 vestra:
2800 1044 3082 1102 intentioni
3126 1046 3382 1105 similiter
3422 1044 3726 1119 τενθεηή

2113 1146 2463 1196 monstratur.
2493 1137 2677 1212 Neque
2712 1138 2856 1193 enim
2887 1137 2991 1195 bac
3014 1152 3207 1196 revera
3244 1137 3317 1195 de
3360 1127 3740 1212 Baptisz

2116 1231 2330 1290 Psalmo
2366 1233 2600 1304 positum
2641 1241 2725 1289 est
2747 1274 2763 1303 ,
2792 1247 2858 1289 ac
2901 1247 3007 1289 non
3050 1231 3119 1289 de
3147 1235 3524 1289 assentatoris

2117 1327 2293 1393 tione;
2318 1324 2460 1398 quod
2487 1327 2762 1397 superiora
2790 1324 2952 1383 verba
2981 1325 3114 1382 satis
3140 1324 3387 1383 iudicant
3416 1345 3431 1381 :
3457 1342 3611 1383 nam
3648 1335 3691 1382 tt

2117 1420 2381 1478 sententia
2407 1420 2478 1476 ita
2506 1420 2873 1491 connectitur,
2899 1414 3204 1476 Emendabit
3227 1437 3313 1476 me
3325 1421 3515 1493 justus
3553 1421 3618 1476 in
3658 1414 3742 1493 με

2118 1512 2391 1569 scricordia
2413 1554 2429 1580 ,
2456 1521 2502 1567 et
2529 1522 2708 1585 arguet
2733 1529 2853 1580 me;
2880 1513 3051 1569 oleum
3087 1522 3257 1569 autem
3299 1513 3614 1585 peccatoris
3652 1529 3674 1566 ι

2119 1604 2453 1679 impinguabit
2481 1615 2631 1678 caput
2673 1622 2859 1662 meum.
2899 1602 3081 1663 Maluit
3117 1622 3245 1679 ergo
3274 1606 3557 1664 contundi
3587 1602 3736 1678 capi

2120 1713 2274 1755 suum
2311 1696 2379 1755 ab
2404 1706 2659 1770 argnente
2687 1698 2947 1754 veraciter
2966 1739 2981 1764 ,
3003 1713 3164 1770 quam
3191 1698 3321 1770 ungi
3350 1714 3382 1753 a
3414 1696 3704 1755 blandiens

2121 1790 2402 1859 fallaciter,
2438 1788 2707 1847 translatis
2730 1789 2931 1860 verbis,
2962 1790 3083 1847 oleo
3104 1800 3159 1847 et
3183 1789 3448 1848 unctione
3476 1778 3733 1847 lenitnﬁ

2121 1898 2245 1940 nem
2272 1881 2574 1954 signiﬁcans
2598 1880 2885 1940 adulantis.

2193 1974 2419 2033 CAPUT
2443 1972 2610 2031 XXV.
2637 2007 2708 2017 —
2736 1975 2826 2033 30.
2853 1972 2990 2046 Quid
3030 1984 3210 2034 autem
3254 1991 3358 2050 ego
3387 1977 3445 2034 in
3484 1977 3594 2034 illa
3634 1976 3755 2048 epi-

2123 2067 2257 2124 stola
2298 2067 2367 2124 de
2411 2066 2514 2123 hoc
2557 2068 2865 2125 testimonio
2909 2069 3208 2137 senserim,
3241 2068 3333 2126 ubi
3360 2068 3583 2127 dictum
3624 2079 3753 2135 εει,

2129 2161 2229 2231 Qui
2257 2161 2542 2234 baptizatur
2569 2179 2603 2217 a
2638 2172 2870 2230 mortuo;
2900 2163 3028 2234 ipsis
3065 2179 3134 2220 ex
3172 2178 3236 2220 ea
3272 2165 3543 2236 repetitis
3561 2161 3760 2223 verm

2124 2255 2277 2323 satis,
2300 2263 2557 2326 quantum
2586 2256 2797 2326 opinor,
2824 2255 3125 2312 ostendam.
3152 2254 3290 2314 Cum
3319 2258 3473 2313 enim
3502 2258 3726 2316 dissere

2125 2360 2239 2407 rem
2264 2345 2390 2418 quid
2415 2346 2738 2417 respondere
2760 2347 2954 2405 debeat
2971 2348 3039 2405 ad
3060 2348 3158 2405 ista
3170 2349 3473 2407 catholicus
3488 2350 3751 2408 chr-isti»

2126 2452 2227 2494 nus
2247 2481 2262 2508 ,
2292 2438 2420 2495 Cum
2444 2439 2683 2508 audierit,
2711 2440 2952 2512 inquam,
2980 2438 3114 2511 «Qui
3134 2442 3425 2515 baptizatur
3449 2462 3489 2499 α
3514 2452 3747 2513 σκοτίω,

2127 2546 2228 2586 non
2254 2531 2300 2586 ei
2322 2531 2525 2603 prodest
2546 2533 2730 2587 lavatio
2740 2534 2850 2598 eius
2875 2552 2894 2586 ι
2927 2535 3454 2606 :respondebitJ’isit
3484 2537 3740 2605 Christus,

2127 2632 2173 2678 et
2192 2624 2306 2695 jam
2332 2639 2432 2678 non
2458 2624 2672 2678 moritur
2695 2667 2709 2691 ,
2736 2635 2786 2680 et
2825 2642 2959 2682 mors
2997 2628 3045 2682 ei
3069 2628 3207 2684 ultra
3232 2644 3334 2685 non
3381 2630 3745 2687 dominabitur

2133 2714 2391 2788 (Rom.vr,
2416 2716 2571 2787 9);de
2590 2733 2689 2789 quo
2711 2717 2899 2773 dictum
2923 2728 3017 2786 est,
3046 2717 3198 2791 «Ipse
3213 2729 3288 2776 est
3308 2723 3399 2793 qui
3428 2721 3667 2795 baptism
3691 2724 3741 2778 is

2131 2808 2333 2880 Spiritu
2359 2819 2564 2864 sancto»
2592 2807 2768 2881 (Joan.
2797 2826 2833 2875 ι,
2862 2810 3322 2882 53).Baptizantur
3340 2823 3521 2869 autem
3543 2832 3578 2870 α
3606 2831 3740 2869 mor-

2132 2902 2261 2981 tuis,
2293 2900 2379 2972 qui
2404 2900 2725 2971 baptizantur
2752 2902 2806 2955 in
2831 2901 3086 2958 idolorum
3109 2905 3328 2976 templis.
3363 2905 3497 2962 Non
3524 2908 3668 2963 enim
3692 2913 3737 2961 ct

2131 2992 2228 3063 ipsi
2268 3008 2300 3045 a
2322 2991 2666 3048 sacerdotibus
2690 2993 2796 3048 suis
2824 3009 2877 3049 se
2903 2993 3133 3065 accipere
3154 2996 3475 3052 arbitrantur
3498 2998 3735 3067 sanctiﬁ-

2133 3086 2379 3141 cationem
2406 3101 2559 3156 quam
2588 3094 2789 3156 putant,
2812 3086 2901 3142 sed
2922 3104 2956 3143 a
2981 3088 3080 3145 diis
3098 3089 3223 3145 suis.
3258 3088 3361 3157 Qui
3381 3093 3636 3163 quoniam
3650 3092 3736 3146 bo-

2135 3180 2291 3234 mines
2321 3182 2542 3251 fuerunt,
2576 3188 2623 3234 et
2648 3180 2719 3235 ita
2746 3166 2931 3237 mortui
2949 3191 3088 3247 sunt,
3118 3191 3173 3237 ut
3192 3199 3351 3253 neque
3370 3201 3533 3257 super
3554 3196 3734 3251 terras,

2136 3287 2294 3341 neque
2328 3272 2381 3325 in
2421 3271 2591 3343 requie
2623 3281 2912 3329 sanctorum
2947 3274 3115 3330 vivant
3135 3315 3154 3343 ,
3180 3291 3295 3331 vere
3323 3276 3423 3346 ipsi
3456 3292 3495 3332 α
3525 3278 3737 3334 mortuis

2137 3361 2476 3435 baptizantur.
2521 3362 2807 3435 ﬂuensque
2853 3380 2919 3421 ex
2960 3366 3185 3438 epistola
3237 3382 3355 3424 mea
3402 3368 3571 3426 verba
3624 3370 3732 3441 ipsa

2137 3454 2451 3525 transcripsi
2482 3474 2494 3510 :
2528 3455 2580 3509 in
2626 3455 2822 3526 quibus
2857 3456 2969 3528 jam
3015 3457 3276 3530 perspicis
3298 3500 3315 3525 ,
3344 3469 3405 3516 ut
3430 3462 3660 3531 opinor,
3688 3461 3729 3515 si

2137 3559 2281 3600 nunc
2307 3543 2493 3601 saltem
2516 3544 2798 3617 diligenter
2818 3547 3069 3616 attendis,
3094 3565 3199 3606 non
3225 3566 3315 3607 me
3332 3553 3478 3623 ipsos
3497 3555 3729 3613 cultores

2138 3644 2378 3690 mortuos
2423 3636 2755 3708 appellasse,
2787 3639 3030 3710 quamvis
3077 3641 3183 3698 alio
3233 3643 3395 3700 modo
3430 3646 3596 3702 etiam
3638 3646 3731 3717 ipsi

2138 3725 2332 3780 mortui
2354 3725 2493 3794 sint;
2519 3726 2615 3783 sed
2652 3726 2785 3785 deos
2822 3728 2985 3785 falsos
3008 3747 3142 3802 quos
3170 3733 3380 3801 colunt,
3407 3738 3534 3808 quia
3565 3737 3727 3794 homi-

2137 3834 2235 3875 nes
2273 3817 2486 3876 fuerunt
2505 3863 2521 3888 ,
2552 3828 2607 3877 et
2644 3822 2781 3878 sicut
2819 3821 3066 3881 homines
3088 3824 3157 3882 de
3186 3838 3413 3899 carpave
3439 3832 3724 3897 exierunt,

2139 3925 2238 3966 nec
2266 3920 2693 3979 resurrexerunt,
2718 3928 2817 3968 nec
2840 3913 2963 3971 vitae
2989 3915 3155 3972 ullum
3180 3919 3436 3976 meritum
3464 3938 3589 3994 quae
3612 3929 3725 3994 post

2139 3999 2277 4059 hanc
2303 4002 2461 4058 vitam
2490 4002 2812 4073 promittitur
2841 4004 3166 4063 habuerunt.
3188 4007 3273 4067 Ab
3298 4011 3433 4083 ipsis
3453 4028 3586 4086 ergo
3604 4014 3720 4079 diis,

2138 4093 2226 4165 qui
2258 4092 2594 4164 baptizantur
2613 4137 2628 4163 ,
2657 4095 2794 4151 sicut
2822 4095 2962 4165 dixi,
2990 4113 3119 4154 vere
3146 4115 3177 4154 a
3202 4104 3430 4161 mortuis
3453 4104 3719 4177 baptizan-

2139 4193 2246 4253 tur,
2280 4184 2333 4241 id
2362 4195 2465 4256 est,
2491 4188 2582 4258 qui
2611 4187 2666 4243 in
2686 4203 2873 4245 eorum
2899 4191 3117 4249 nomine
3138 4191 3496 4266 baptizantnr;
3527 4200 3653 4271 quis
3674 4205 3723 4255 et

2140 4277 2242 4348 ipsi
2277 4293 2382 4333 non
2412 4278 2467 4334 in
2496 4279 2713 4336 nomine
2741 4281 3078 4339 sacerdotum
3104 4299 3324 4343 suorum
3344 4328 3359 4353 ,
3387 4290 3483 4346 sed
3508 4291 3718 4348 deorum

2139 4369 2207 4425 de
2250 4370 2444 4441 quibus
2487 4387 2623 4427 vana
2675 4373 2995 4444 opinantur,
3037 4390 3098 4433 se
3143 4378 3469 4437 sanctiﬁcari
3522 4391 3715 4455 putant.

2140 4460 2382 4520 Christus
2420 4473 2599 4521 autem
2637 4468 2965 4539 resurrexit,
2989 4476 3045 4525 et
3078 4469 3211 4527 vivit
3241 4490 3254 4527 :
3289 4474 3520 4545 proinde
3552 4478 3638 4549 qui
3659 4476 3715 4533 ab

2142 4555 2230 4611 illo
2260 4555 2557 4627 baptizatur
2579 4599 2595 4626 ,
2627 4574 2734 4614 non
2771 4560 2944 4617 solum
2973 4577 3069 4632 per
3097 4562 3330 4633 bonum,
3358 4582 3549 4624 verum
3571 4569 3714 4627 etiam
3784 4572 3785 4633 l

2140 4665 2237 4721 per
2281 4651 2482 4706 malum
2522 4652 2823 4709 ministrum
2856 4653 3080 4724 perditis
3128 4658 3370 4714 moribus
3419 4671 3711 4726 mortuum.

2138 4761 2245 4800 non
2266 4760 2295 4799 a
2315 4755 2527 4802 mortua
2551 4747 2866 4819 baptizatur.
2894 4748 2979 4807 Ab
3002 4750 3095 4806 illo
3120 4751 3265 4808 enim
3291 4752 3610 4825 baptizatur,
3638 4755 3713 4827 qui

2139 4839 2266 4894 vivit
2295 4839 2348 4894 in
2375 4849 2658 4910 aeternum,
2679 4849 2734 4897 et
2758 4841 2826 4898 de
2844 4841 3178 4914 quodictum
3207 4854 3291 4902 est
3319 4847 3370 4902 in
3402 4846 3709 4921 Evangelia.

2138 4932 2280 5002 quod
2307 4933 2467 4990 etiam
2499 4934 2571 4990 ibi
2594 4934 3033 5007 commemoravi,
3064 4935 3188 5009 Ipse
3216 4947 3288 4995 est
3305 4941 3395 5012 qui
3422 4942 3639 5015 baptisat
3668 4942 3711 4997 is

2141 5024 2340 5096 Spiritu
2368 5037 2562 5082 sancto.

2207 5115 2433 5174 CAPUT
2462 5118 2732 5175 XXVI.—
2761 5121 2849 5176 3i.
2880 5119 3057 5178 Hoctn
3089 5122 3139 5177 in
3164 5123 3388 5194 epistola
3405 5140 3706 5199 mea,quan-

2138 5219 2249 5267 tum
2291 5210 2527 5267 indicant
2564 5212 2724 5267 verba
2754 5221 2844 5268 tua
2864 5255 2879 5279 ,
2909 5228 3016 5269 non
3052 5215 3359 5273 intellexisti
3391 5234 3407 5270 :
3438 5219 3561 5273 nolo
3583 5218 3706 5275 enim

2136 5303 2350 5371 dicere,
2393 5305 2583 5361 Parum
2632 5306 2936 5378 intelligens
2982 5307 3232 5365 fraudare
3285 5311 3523 5368 voluisti.
3565 5311 3704 5369 Miror

2137 5409 2313 5454 autem
2342 5399 2485 5470 quod
2514 5399 2674 5456 verba
2702 5400 2811 5456 illic
2837 5417 2954 5458 mea
2989 5406 3371 5472 consequentia
3405 5423 3515 5464 non
3540 5408 3702 5465 adverc

2139 5491 2286 5559 teris,
2305 5500 2395 5547 aut
2415 5491 2483 5547 ab
2510 5492 2589 5549 eis
2617 5491 3060 5551 dissimulandum
3095 5500 3385 5567 putaveris.
3416 5500 3579 5558 Paulo
3602 5509 3700 5573 post

2134 5582 2331 5654 quippe
2357 5584 2564 5653 subjeei
2590 5594 2646 5640 et
2668 5585 2777 5641 dixi
2806 5604 2819 5639 :
2852 5586 2992 5642 Nam
3030 5590 3075 5643 si
3104 5590 3201 5644 hoc
3226 5591 3340 5647 loco
3367 5605 3611 5650 mortuum
3631 5596 3698 5651 is-
3784 5608 3785 5625 π

2136 5676 2372 5731 ιείιεεενο
2397 5687 2705 5747 parentarent
2732 5678 3117 5751 baptizatum»,
3142 5683 3315 5739 eadem
3334 5685 3431 5742 illa
3456 5702 3696 5760 musque-

2135 5776 2217 5821 ιω·
2258 5767 2544 5823 absurditas
2560 5808 2574 5833 ,
2606 5778 2659 5823 ut
2686 5770 2909 5841 quisquis
2935 5773 3086 5855 epam
3114 5790 3146 5827 a
3178 5775 3370 5832 latente
3394 5778 3555 5851 impio
3573 5778 3695 5850 fuerit

2140 5861 2440 5933 baptizatus,
2477 5871 2713 5937 tanquam
2733 5879 2764 5917 a
2789 5874 2985 5919 utortuo
3012 5865 3320 5938 baptizatus,
3349 5870 3572 5927 inaniter
3588 5872 3691 5929 lotus

3783 4740 3786 4855 Ι
